4160 5990
134 3273 248 27 Lyell
432 3273 298 27 Times.

154 3357 207 32 SATURDAY,
375 3356 212 30 NOVEMBER
602 3357 25 32 6,
642 3356 76 28 1886.

155 3450 91 27 Alfred
269 3448 163 33 Greenfield,
446 3449 76 34 Esq.,
541 3448 212 26 Commissioner

120 3487 31 29 of
178 3488 96 29 Crown
297 3486 102 35 Lands,
424 3485 95 38 passed
546 3485 117 36 through
690 3485 62 29 here

121 3527 143 36 yesterday
278 3527 69 27 after
362 3525 103 33 having
488 3525 79 28 made
589 3525 42 28 his
654 3525 99 28 official

121 3565 64 26 visit
198 3570 27 21 to
239 3565 46 26 the
298 3564 75 27 West
387 3564 90 27 Coast.

158 3613 34 27 At
207 3612 44 28 the
265 3612 107 34 sittings
386 3616 26 23 ot
442 3612 44 28 the
502 3612 144 35 Licensing
659 3612 93 33 Court,

123 3654 28 24 at
166 3650 165 34 Murchison,
345 3659 34 19 on
393 3650 125 33 Tuesday
533 3650 60 32 last,
608 3650 44 26 Mr
674 3650 77 35 Mo>-

123 3689 95 33 liihan,
231 3689 62 29 who
307 3699 54 19 was
374 3688 120 30 retained
507 3699 35 18 on
555 3688 93 29 behalf
667 3689 28 27 of
707 3688 45 28 the

124 3728 101 27 several
238 3728 153 35 applicants
403 3727 41 28 for
453 3727 165 28 conditional
629 3727 122 31 licenses,

124 3765 28 28 in
165 3765 184 37 representing
372 3768 28 25 to
422 3765 45 28 the
492 3764 93 29 Bench
608 3765 45 27 the
679 3767 74 33 great

123 3803 129 37 hardship
265 3803 87 28 umW
364 3803 46 27 the
424 3803 155 34 Amending
592 3803 51 27 Act
659 3803 26 27 of
706 3803 46 27 the

123 3841 144 34 Licensing
287 3842 60 32 Act,
371 3842 75 32 1880,
467 3841 28 27 in
520 3841 166 36 compelling
706 3850 30 26 ap-

122 3881 115 35 plicants
250 3880 41 28 for
303 3880 74 28 these
391 3880 111 28 licenses
516 3885 27 23 to
569 3889 53 26 pay
644 3880 46 27 the
711 3880 41 26 fee

123 3918 41 27 for
177 3928 15 18 a
206 3918 149 37 publican's
369 3918 105 32 license,
489 3918 58 26 said
568 3918 60 26 that
652 3918 102 32 having

119 3956 59 37 just
191 3957 104 28 arrived
308 3957 69 27 from
391 3956 46 29 the
452 3956 83 28 Owen
561 3955 33 29 he
616 3965 55 19 was
694 3955 59 29 able

123 4000 28 21 to
175 3996 92 32 testify
292 4000 27 21 to
342 3995 46 26 the
413 3995 145 26 creditable
582 4003 117 17 manner
724 3995 28 24 in

123 4031 90 28 which
229 4031 99 28 Messrs
342 4031 115 32 Trower,
471 4031 104 34 Fagan,
584 4030 54 28 and
648 4031 89 26 Tatter-

124 4069 70 28 shall
218 4068 152 29 conducted
392 4069 70 27 their
484 4068 107 28 houses,
619 4068 54 27 and
693 4067 61 28 that

125 4107 45 28 the
185 4107 85 27 meals
292 4110 27 24 at
340 4106 46 28 the
410 4106 59 28 first
491 4105 157 28 mentioned
669 4105 85 27 house

123 4145 89 28 would
222 4146 33 26 do
265 4144 84 28 credit
359 4148 26 24 to
397 4154 53 23 any
460 4144 73 27 hotel
543 4144 27 26 in
583 4143 44 28 the
638 4143 115 34 Colony.

124 4183 50 27 We
198 4182 167 28 understand
389 4182 59 27 that
470 4182 46 27 the
542 4181 103 27 several
670 4181 70 35 appli-

124 4225 77 26 cants
219 4221 70 29 have
310 4220 150 29 instructed
485 4220 44 28 Mr
555 4218 152 38 Moynihan
728 4223 26 24 to

125 4266 139 30 represent
276 4266 27 21 to
317 4259 45 28 the
377 4260 184 25 Government
579 4258 46 27 the
647 4262 107 30 present

126 4297 159 38 population
299 4297 29 28 of
337 4297 46 27 the
397 4296 103 29 district
513 4296 65 28 with
593 4305 15 18 a
633 4295 68 28 view
724 4300 27 23 to

126 4337 93 28 obtain
243 4337 22 27 if
286 4336 114 36 possible
432 4345 15 18 a
478 4335 140 28 reduction
648 4335 30 27 in
707 4334 47 28 the

126 4375 99 27 license
239 4376 49 26 fee.
330 4374 43 27 Mr
387 4372 152 37 Moynihan
563 4372 102 36 having
688 4372 66 28 been

127 4423 64 19 over
204 4412 46 29 the
264 4411 103 35 ground
380 4412 64 33 will,
453 4420 40 19 we
507 4411 50 28 feel
572 4420 69 24 sure,
655 4410 32 28 be
697 4410 57 28 able

126 4455 28 25 to
169 4451 107 37 explain
290 4451 45 27 the
349 4450 87 28 whole
450 4450 210 28 circumstances
671 4449 30 28 of
709 4449 45 28 the

127 4500 69 22 case,
210 4489 54 29 nnd
284 4499 39 18 we
338 4489 70 36 hope
422 4492 26 25 to
473 4489 65 28 hear
559 4488 60 28 that
643 4487 43 29 his
711 4497 29 19 en-

128 4530 132 27 deavours
272 4529 28 27 in
327 4528 46 29 the
395 4531 99 24 matter
515 4526 57 29 will
595 4537 82 26 prove
699 4537 42 18 suc-

128 4567 106 26 cessful.

163 4614 58 28 The
235 4614 93 33 sitting
341 4612 28 30 of
379 4612 46 29 the
434 4612 130 29 Resident
574 4612 183 34 Magistrate's

129 4652 54 28 and
203 4652 141 28 Warden's
362 4652 83 26 Court
464 4656 27 22 at
516 4651 88 35 Lyell,
623 4661 34 17 on
678 4651 59 27 Wed-

129 4690 102 37 nesday
247 4689 61 34 last,
318 4699 56 18 was
387 4699 35 18 an
437 4689 144 36 unusually
603 4689 76 28 short
697 4698 60 21 one,

129 4729 103 35 having
250 4729 65 35 only
344 4727 129 38 occupied
503 4727 82 29 about
614 4737 35 19 an
681 4727 77 28 hour.

130 4769 97 35 Henry
241 4767 109 28 Clinton
370 4767 98 27 Pearce
488 4767 40 27 for
547 4766 159 36 disobeying
725 4775 33 18 an

131 4807 78 28 order
233 4806 41 28 for
304 4805 190 28 maintenance
523 4805 61 29 that
614 4805 54 27 had
692 4804 66 28 been

132 4845 80 27 made
231 4845 105 32 against
356 4844 58 26 him
428 4853 34 17 on
475 4844 46 26 4th
536 4845 26 25 of
581 4844 106 33 August
710 4844 50 25 last

132 4891 56 21 was
206 4882 112 30 ordered
337 4886 26 24 to
383 4890 51 28 pay
455 4881 45 29 the
520 4886 113 24 amount
656 4880 52 27 due
734 4883 27 25 to

132 4922 71 30 date,
218 4922 62 30 viz.,
295 4922 56 26 i'lo
362 4920 96 27 within
468 4929 14 17 a
493 4920 74 27 week
578 4929 29 17 or
619 4920 27 26 in
658 4918 105 27 default

132 4963 28 24 to
172 4958 33 28 be
218 4957 166 36 imprisoned
398 4957 42 28 for
453 4966 51 19 one
518 4956 96 28 month
633 4957 28 26 in
678 4956 67 27 West-

133 5003 60 30 port
207 4996 69 34 gaol.
313 4995 187 37 Applications,
511 5004 69 19 were
600 4994 72 28 dealt
694 4993 67 28 with

132 5045 30 18 as
176 5035 102 28 follows
291 5035 27 27 in
334 5035 45 27 the
393 5033 143 29 Warden's
555 5032 209 28 Court:John

133 5073 104 28 Carroll
262 5072 98 36 special
384 5073 49 27 site
451 5072 41 27 for
510 5070 110 33 tailings
645 5075 28 23 at
697 5070 67 26 New

134 5111 102 34 Creek;
256 5110 121 35 granted.
427 5110 80 27 Same
525 5109 42 27 for
586 5108 97 28 double
703 5117 61 17 area

134 5150 80 28 claim
239 5158 56 18 was
313 5148 121 37 objected
453 5153 27 23 to
499 5147 36 34 by
558 5146 44 28 Ah
621 5146 71 27 Lnm
712 5145 53 28 and

134 5192 89 33 party,
236 5186 61 29 who
311 5196 69 19 were
393 5185 171 38 represented
582 5185 35 36 by
631 5184 44 27 Mr
688 5183 57 36 Moy-

136 5227 83 27 nihan
234 5234 6 26 ;
271 5226 115 27 refused.
432 5224 102 29 United
558 5223 100 37 Alpine
684 5223 60 27 Com-

135 5274 82 27 pany,
242 5268 83 24 water
346 5273 59 18 race
429 5266 27 25 at
478 5262 163 28 Irishman's
664 5260 101 33 Creek;

138 5301 122 36 granted.
300 5301 40 28 W.
351 5301 143 33 Newman,
505 5300 97 28 double
613 5308 62 19 area
686 5298 79 29 claim

136 5341 67 28 New
217 5340 83 28 Creek
313 5348 5 25 ;
338 5340 121 33 granted.
497 5340 30 26 P.
541 5338 113 31 Carroll,
667 5336 100 37 special

137 5380 49 27 site
200 5379 40 27 for
252 5378 118 34 tailings,
384 5377 66 27 New
465 5376 85 28 Creek
564 5384 6 25 ;
591 5378 122 32 granted.

171 5427 24 27 A
219 5425 210 37 correspondent
452 5425 29 28 in
512 5423 54 29 this
590 5422 71 29 issue
680 5422 89 29 draws

137 5465 134 28 attention
285 5469 26 22 to
327 5473 33 18 an
374 5462 173 34 irregularity
557 5462 29 27 in
597 5461 46 28 the
652 5470 115 17 manner

138 5504 29 27 of
178 5502 102 34 closing
293 5498 107 33 tenders
413 5502 40 27 for
466 5511 16 18 a
494 5504 83 25 water
593 5509 61 19 race
668 5500 42 27 for
722 5498 46 29 the

139 5541 78 28 Lvell
247 5540 84 27 Creek
362 5539 142 28 Extended
535 5539 100 34 Quartz
664 5538 106 33 Mining

138 5580 153 36 Company.
328 5578 56 28 The
398 5587 68 27 copy
488 5586 60 19 now
562 5585 35 19 on
610 5576 46 28 the
681 5574 44 29 file
739 5575 28 27 in

139 5628 49 18 our
212 5618 85 30 office,
318 5626 65 25 very
406 5616 102 36 plainly
531 5615 90 27 shows
640 5614 59 28 that
723 5613 47 29 the

138 5657 65 27 time
218 5656 29 27 of
257 5656 101 34 closing
374 5653 106 29 tenders
501 5663 55 18 was
572 5654 32 26 10
624 5661 68 28 p.m.
713 5651 53 28 and

139 5700 48 23 not
202 5696 31 26 10
246 5703 62 23 a.m,

176 5741 48 28 We
240 5741 71 28 draw
331 5740 45 29 the
395 5738 134 30 attention
549 5738 30 27 of
595 5747 49 19 our
662 5736 108 29 readers

141 5786 26 24 to
194 5781 44 27 the
264 5789 59 18 new
348 5778 212 28 advertisement
584 5776 28 28 of
634 5776 44 28 the
705 5776 66 26 New

142 5818 117 30 Zealand
285 5817 129 37 Clothing
433 5816 123 36 Factory,
576 5814 146 37 appearing
744 5814 27 27 in

139 5860 56 28 this
210 5860 79 28 issue.

808 255 22 27 A
849 255 212 35 representative
1081 255 29 27 of
1126 255 46 28 the
1192 254 78 28 Bank
1291 254 29 27 of
1337 254 65 26 New

775 294 85 28 South
886 294 98 30 Wales,
998 294 147 36 Westport,
1158 294 23 28 is
1201 302 61 19 now
1274 293 27 28 in
1316 292 85 37 Lyell.

807 342 58 26 The
879 342 123 33 cleaning
1015 350 36 25 up
1065 346 27 21 at
1110 341 45 26 the
1178 341 98 34 Alpine
1298 340 105 33 battery

774 379 63 29 took
864 380 73 36 place
962 389 35 18 on
1023 379 144 35 Thursday
1186 379 54 28 and
1259 378 70 27 from
1354 378 50 27 809

776 425 59 21 tons
849 419 28 27 of
888 424 76 21 stone
978 417 103 28 treated
1095 419 51 26 432
1160 426 99 19 ounces
1273 417 29 28 of
1318 417 66 27 amal-

771 467 62 23 gam
848 466 55 18 was
916 456 126 28 obtained
1057 456 68 27 from
1141 456 45 27 the
1200 456 94 35 plutes.
1343 455 40 27 Ow-

774 496 45 31 ing
833 498 9 25 t
852 505 7 17 )
873 505 14 17 a
898 494 83 35 slight
994 504 73 18 error
1079 503 27 18 m
1116 495 42 26 ule
1172 494 27 27 in
1215 494 44 28 the
1282 493 121 27 distance

771 534 70 27 from
858 534 45 26 the
918 533 74 27 main
1011 533 88 34 uprise
1113 532 46 28 the
1179 537 77 23 stone
1271 530 91 28 struck
1374 532 27 26 in

771 572 46 28 the
831 572 171 36 prospecting
1016 570 73 28 drive
1102 570 49 28 has
1165 576 46 21 not
1225 570 66 28 been
1299 569 103 36 opened

774 621 43 21 on,
831 611 46 27 the
892 611 73 26 mine
978 619 132 21 manager
1123 609 102 33 having
1238 608 67 28 tried
1319 611 27 24 to
1359 612 45 28 get

773 649 57 25 into
844 649 45 25 the
904 653 75 20 stone
995 647 34 30 by
1044 647 45 26 the
1099 646 164 35 half-yearly
1273 646 129 32 meeting,

773 687 47 27 but
834 685 83 29 found
936 685 22 28 it
981 684 166 38 impossible.
1197 684 57 27 The
1280 687 77 24 stone
1381 683 23 27 is

773 735 59 18 now
847 725 118 36 stripped
981 726 32 25 10
1032 725 52 26 feet
1097 725 25 26 in
1139 723 92 33 length
1246 722 54 28 and
1314 722 90 28 shows

773 768 26 23 to
813 763 32 28 be
866 772 64 27 very
950 763 78 32 solid,
1042 763 52 27 and
1115 762 53 27 wdl
1188 762 30 27 be
1238 761 94 27 driven
1346 761 57 25 into

773 803 52 28 and
852 802 86 28 tested
963 801 34 36 by
1012 802 45 27 the
1080 800 101 28 middle
1195 800 29 28 of
1243 803 64 23 next
1322 798 80 28 week.

773 842 57 28 The
844 846 132 30 tramway
989 841 27 26 in
1032 840 45 28 the
1097 838 189 29 intermediate
1306 838 23 26 is
1340 837 62 32 laid,

773 880 53 28 and
852 878 159 37 everything
1034 878 24 27 is
1076 878 28 27 in
1124 877 137 27 readiness
1279 882 28 22 to
1326 875 78 28 block

773 922 46 22 out
833 927 28 17 as
875 926 65 18 soon
953 925 30 18 as
997 915 44 28 the
1056 915 57 27 reef
1123 915 23 26 is
1159 918 43 23 cut
1216 913 128 33 through.

807 964 49 29 We
870 964 69 28 have
952 962 121 30 received
1087 973 16 18 a
1114 962 130 35 telegram
1266 960 69 28 from
1359 958 45 30 the

775 1004 65 26 Rev.
856 1004 100 26 Father
979 1002 117 27 Holland
1119 1000 120 34 desiring
1262 1009 31 17 us
1309 1004 27 22 to
1359 1008 30 16 an-

774 1052 104 18 nounce
894 1042 59 28 that
972 1041 45 28 the
1037 1039 106 30 Jubilee
1164 1038 113 28 Mission
1291 1037 29 28 in
1343 1046 45 19 con-

775 1081 106 27 nection
896 1080 64 27 with
981 1080 45 27 the
1040 1078 122 28 Catholic
1176 1077 109 27 Church
1301 1076 53 27 will
1373 1075 31 27 be

775 1118 102 37 opened
891 1124 156 22 to-morrow
1062 1121 28 24 at
1104 1117 38 27 Si.
1150 1114 126 37 Joseph's
1287 1112 119 29 Church.

776 1157 55 27 The
850 1157 130 27 reverend
999 1156 154 33 gentlemen
1174 1152 164 36 conducting
1360 1151 45 28 the

776 1204 74 18 same
862 1195 53 26 will
929 1195 87 26 arrive
1032 1196 33 31 by
1078 1192 82 28 coach
1176 1191 103 35 to-day.

811 1243 43 27 Mr
867 1242 90 29 Frank
972 1242 129 35 Sontgen,
1116 1240 78 30 tailor
1207 1239 53 29 aud
1284 1237 122 33 clothier,

776 1280 28 28 of
824 1281 144 36 Westport,
983 1280 55 28 will
1058 1280 86 28 arrive
1164 1279 29 26 in
1212 1278 79 36 Lyell
1312 1276 95 35 to-day

776 1319 64 29 with
854 1329 15 19 a
880 1319 73 35 large
967 1322 164 26 assortment
1153 1317 28 29 of
1204 1315 108 30 tweeds.
1362 1314 44 29 He

775 1358 147 27 advertises
936 1362 67 23 suits
1016 1357 79 28 made
1115 1360 27 24 to
1155 1355 80 28 order
1247 1358 28 24 at
1298 1354 38 27 1
1350 1354 55 27 10s.

778 1395 50 30 His
841 1399 60 34 stay
913 1395 56 29 will
982 1395 31 29 be
1027 1394 104 29 limited
1145 1397 27 26 to
1188 1391 183 37 Wednesday.

809 1444 57 28 The
898 1444 139 28 Victorian
1067 1442 93 35 Derby
1190 1451 56 18 was
1276 1449 62 19 won
1369 1438 37 37 by

774 1482 122 31 Trident,
927 1482 65 26 with
1028 1480 139 28 Chesliam
1199 1478 52 28 and
1287 1477 119 36 Anglaos

774 1520 98 28 second
885 1519 54 29 and
952 1519 83 29 third.

809 1567 57 28 The
890 1567 140 33 following
1052 1575 57 18 was
1131 1565 45 28 the
1200 1564 84 28 result
1309 1563 30 27 of
1360 1563 46 27 the

778 1605 156 30 Melbourne
948 1605 112 38 Cup:

843 1645 114 27 Arsenal
1322 1642 14 26 1

843 1684 119 28 Treuton
1320 1680 16 26 2

844 1722 87 28 Silver
946 1722 75 28 Mine
1322 1720 16 26 3

776 1760 101 33 Malua,
902 1760 141 35 Isonomy,
1070 1760 87 27 Silver
1181 1759 85 32 Mine,
1276 1757 130 31 Trenton,

775 1799 112 27 Trident
899 1797 54 28 and
968 1798 104 27 Meteor
1084 1806 69 19 were
1167 1805 101 25 among
1280 1795 47 28 the
1348 1793 59 28 first

775 1840 26 25 to
814 1840 44 31 get
871 1845 87 27 away.
1004 1835 115 35 Passing
1131 1835 47 27 the
1197 1833 87 34 stand,
1297 1832 42 28 for
1360 1832 46 27 the

774 1875 59 28 first
847 1874 75 32 time,
938 1873 161 29 Silvermine
1112 1882 55 19 was
1176 1873 28 27 in
1214 1872 82 32 front,
1308 1869 98 36 closely

774 1913 124 28 followed
920 1912 35 36 by
976 1913 141 35 Isonomy,
1138 1911 125 33 Beubolt,
1285 1908 121 33 Trident,

775 1952 143 32 Britisher,
944 1951 104 29 Meteor
1068 1951 54 28 and
1144 1951 129 31 Trenton,
1295 1948 47 29 the
1366 1955 26 19 re-

774 1991 123 35 maining
915 1989 82 36 being
1015 1990 29 27 in
1066 1999 16 18 a
1103 1988 101 34 bunch,
1216 1988 66 28 with
1296 1986 45 29 the
1363 1994 28 19 ex-

775 2029 107 36 ception
895 2028 30 28 of
935 2029 86 27 Grace
1034 2028 116 33 Darling
1162 2026 55 29 and
1237 2026 70 28 little
1320 2024 84 32 John,

774 2067 62 27 who
849 2065 117 37 brought
978 2074 38 27 up
1038 2065 46 28 the
1105 2073 69 20 rear.
1223 2065 42 26 No
1279 2061 124 30 material

776 2104 141 30 alteration
943 2103 64 31 took
1031 2103 76 38 place
1131 2102 71 30 until
1223 2103 111 37 passing
1359 2098 47 30 the

775 2144 103 35 bridge,
891 2143 81 28 when
995 2143 112 28 Trident
1128 2152 55 17 was
1206 2141 83 28 taken
1310 2144 28 24 to
1359 2138 47 28 the

775 2181 72 29 front
859 2180 54 29 and
927 2180 43 29 led
985 2180 45 28 the
1044 2179 64 28 field
1130 2180 58 27 into
1211 2179 47 28 ihe
1280 2176 125 37 straight,

775 2220 124 29 followed
921 2219 36 38 by
976 2218 126 35 Benbolt,
1117 2217 171 34 Silvermine,
1303 2215 103 34 Malua,

776 2260 120 26 Trenton
926 2259 54 26 and
1009 2258 125 27 Arsenal.
1188 2257 58 26 The
1259 2256 51 27 last
1330 2265 57 19 men-

777 2296 93 29 tioned
893 2295 80 29 horse
992 2294 55 29 had
1065 2294 64 29 held
1153 2303 16 19 a
1193 2293 72 38 good
1288 2293 118 36 position

776 2334 168 35 throughout
957 2333 47 28 the
1016 2343 71 18 race-
1131 2332 193 34 Immediately
1338 2331 68 28 after

776 2373 123 34 entering
911 2371 46 29 the
979 2371 124 36 straight,
1117 2369 74 30 amid
1214 2373 76 30 great
1311 2369 82 29 excite-

776 2416 85 26 ment,
877 2411 160 26 Silvermine
1052 2409 54 28 and
1119 2408 113 28 Arsenal
1246 2407 99 36 passed
1361 2409 46 26 the

777 2447 143 30 favourite.
967 2448 26 28 A
1005 2447 139 37 desperate
1164 2454 62 20 race
1248 2444 102 30 ensued
1369 2446 35 28 all

776 2488 46 28 the
853 2496 61 27 way
944 2486 80 29 down
1057 2486 46 29 the
1138 2484 124 37 straight,
1293 2485 114 28 Aisenal

775 2526 123 35 winning
911 2524 35 38 by
965 2523 192 37 half-a-length
1178 2522 69 29 from
1273 2522 131 35 Trenton,

775 2564 62 28 who
863 2574 75 18 came
962 2563 66 29 with
1048 2573 16 18 a
1087 2562 178 35 magnificent
1284 2561 65 28 rush
1369 2566 26 24 to-

776 2602 88 28 wards
894 2602 46 28 the
964 2601 92 33 finish,
1082 2600 54 28 and
1165 2599 115 28 wrested
1310 2599 97 28 second

775 2641 116 35 position
905 2639 70 28 from
990 2639 171 33 Silvermine,
1176 2637 61 29 who
1251 2637 117 28 finished
1390 2648 16 17 a

775 2678 70 37 good
859 2677 82 30 third.

865 2761 146 32 OPEN
1066 2761 243 32 COLUMN.

779 2851 47 28 We
851 2860 47 19 are
918 2852 30 27 at
969 2850 39 28 all
1030 2850 78 28 times
1129 2849 87 37 ready
1237 2851 26 26 to
1284 2849 61 37 give
1366 2859 29 18 ex-

805 2889 127 35 pression
947 2890 26 24 to
986 2897 79 26 every
1077 2888 86 26 shade
1176 2896 30 26 oj
1218 2888 123 34 opinion,
1354 2888 58 26 and

812 2926 44 27 the
870 2925 156 28 discussion
1038 2924 34 36 of
1089 2925 40 27 all
1141 2926 115 26 matters
1270 2924 33 37 of
1313 2924 98 37 public

810 2963 124 32 interest,
948 2962 49 28 but
1009 2962 32 27 in
1053 2971 36 18 no
1102 2971 61 18 case
1176 2963 33 26 do
1219 2971 39 18 we
1272 2962 66 27 hold
1348 2971 46 19 our-

811 3001 83 27 selves
906 3000 167 36 responsible
1086 2999 52 37 for
1152 3000 43 28 the
1208 3000 161 28 sentiments
1382 3001 33 36 of

811 3048 53 19 our
877 3038 235 36 correspondents.

792 3121 192 32 TENDERS
1019 3121 78 32 FOR
1132 3121 90 31 LOW
1257 3121 139 32 LEVEL

858 3165 168 30 TUNNEL
1046 3165 147 30 WATER
1214 3164 118 31 RACE.

820 3254 44 40 [to
878 3264 55 19 the
946 3262 104 21 editor
1060 3262 33 21 of
1103 3262 55 20 the
1168 3263 89 19 lyell
1267 3253 104 39 times.]

821 3313 60 36 Sir,
885 3313 55 30 I
954 3311 73 32 wish
1042 3313 31 30 to
1093 3311 81 31 draw
1189 3311 51 31 the
1266 3311 146 31 attention

780 3356 32 33 of
827 3356 51 33 the
893 3355 99 43 public
1007 3358 30 30 to
1052 3355 50 32 the
1117 3365 64 32 way
1194 3354 32 32 in
1249 3354 98 32 which
1362 3354 50 32 the

780 3402 117 33 tenders
911 3401 45 33 for
970 3401 50 34 the
1034 3405 91 29 water
1139 3412 66 21 race
1219 3400 45 33 for
1278 3400 134 32 air-blast

780 3447 30 29 in
822 3447 51 29 the
887 3447 85 40 Lyell
988 3447 92 30 Creek
1105 3445 157 32 Extended
1276 3454 75 22 were
1366 3454 30 20 ac-

780 3490 101 41 cepted
896 3489 58 32 and
969 3489 97 33 closed
1080 3501 39 21 on
1134 3488 184 46 Wednesday
1344 3488 66 32 last.

780 3535 63 30 The
871 3535 228 31 advertisement
1121 3535 110 39 calling
1255 3546 80 20 same
1361 3543 32 32 ap-

779 3578 106 41 peared
899 3578 31 32 in
945 3578 57 32 last
1019 3578 171 42 Saturday's
1204 3578 100 32 Lyell
1317 3579 94 31 Times

780 3622 110 40 stating
905 3622 65 32 that
984 3622 70 40 they
1067 3633 75 21 were
1163 3624 29 30 to
1207 3622 77 32 close
1299 3633 38 21 on
1361 3623 51 31 the

779 3666 149 41 following
947 3665 194 43 Wednesday,
1158 3666 52 31 3rd
1233 3665 123 39 instant,
1382 3674 30 24 at

781 3713 36 28 10
842 3710 110 31 o!clock
975 3722 84 28 p.m.,
1078 3711 53 30 but
1154 3722 38 19 on
1219 3711 121 39 lodging
1363 3722 50 28 my

779 3754 104 31 tender
897 3756 30 29 at
941 3753 48 31 Mr
1013 3754 28 31 J.
1058 3753 111 42 Ryan's
1194 3755 77 30 store
1286 3764 38 21 oil
1347 3754 65 31 that

780 3798 67 30 date
863 3799 30 29 at
907 3798 18 30 2
940 3796 111 32 o'clock
1065 3807 72 29 p.m.
1154 3797 15 31 I
1183 3807 60 21 was
1268 3797 146 31 informed

781 3841 66 31 that
861 3840 50 32 the
927 3840 118 32 tenders
1059 3841 59 30 had
1133 3840 98 32 closed
1245 3844 30 28 at
1288 3842 37 30 10
1340 3851 70 21 a.m.

781 3885 46 31 On
855 3885 122 39 making
1005 3885 147 40 enquiries
1179 3885 15 30 I
1229 3885 183 31 ascertained

780 3928 66 31 that
860 3928 51 32 the
925 3928 101 30 Lyell
1041 3929 94 30 Times
1150 3938 59 21 was
1219 3930 52 30 not
1280 3928 32 31 in
1323 3938 89 26 error,

780 3972 212 40 consequently
1025 3971 32 32 in
1091 3983 50 29 my
1175 3972 120 39 opinion
1322 3972 24 31 it
1369 3983 29 20 re-

781 4014 126 30 sembles
922 4024 17 19 a
953 4024 69 30 very
1036 4014 109 40 clearly
1158 4017 53 36 put
1226 4024 39 29 up
1280 4014 84 29 affair
1382 4014 32 30 in

780 4057 51 31 the
859 4057 123 31 interest
1010 4056 31 32 of
1070 4057 112 31 certain
1209 4057 109 39 parties
1346 4068 51 21 con-

780 4100 115 36 cerned,
911 4099 54 31 but
979 4099 143 42 certainly
1135 4102 53 29 not
1203 4100 83 31 those
1311 4100 31 31 of
1363 4100 51 30 the

782 4143 161 40 Company.
986 4143 15 31 I
1015 4143 86 31 know
1112 4143 31 32 of
1152 4145 30 29 at
1190 4143 75 31 least
1280 4145 57 29 two
1351 4145 48 29 ten-

782 4187 65 30 ders
860 4187 89 30 lower
963 4186 74 31 than
1052 4186 50 31 the
1117 4197 55 20 one
1188 4186 146 40 accepted,
1358 4186 56 31 and

781 4230 97 32 which
892 4231 97 31 would
1002 4231 75 31 have
1091 4230 74 33 been
1179 4230 105 40 lodged
1298 4230 31 31 in
1344 4230 70 31 time

781 4274 59 30 had
855 4274 50 30 the
921 4274 164 31 advertised
1098 4274 76 32 hour
1188 4273 74 31 been
1288 4273 126 31 adhered

782 4320 40 30 to.
824 4318 56 31 I
894 4329 58 26 am,
969 4319 59 36 &c.,
1201 4317 72 31 Fair
1288 4317 87 32 Play.

820 4370 96 40 Lyell,
932 4370 165 32 November
1112 4370 62 37 stli,
1191 4372 86 30 1886.

860 4457 204 28 LONGFORD
1084 4457 90 28 POST
1194 4457 145 28 OFFICE.

865 4550 56 19 the
939 4548 105 19 editor
1062 4548 33 19 of
1114 4548 55 19 the
1188 4548 88 18 lyell
1295 4538 105 38 times.]

819 4593 59 33 Sir,
879 4591 156 37 Perhaps
1049 4599 84 27 many
1146 4590 30 28 of
1185 4599 69 27 yonr
1266 4599 151 19 numerous

785 4632 106 27 readers
904 4640 45 18 are
963 4639 87 19 aware
1064 4630 27 27 of
1113 4629 47 27 the
1184 4630 128 26 situation
1326 4629 30 27 of
1372 4629 46 27 the

787 4668 140 35 Longford
951 4669 65 26 Post
1029 4667 53 27 and
1096 4667 149 35 Telegraph
1259 4667 93 32 Office,
1366 4667 52 27 and

786 4717 30 19 as
837 4716 85 27 many
942 4715 75 19 more
1039 4715 64 26 may
1125 4705 32 27 be
1180 4705 97 36 totally
1290 4706 126 33 ignorant

787 4746 165 34 concerning
986 4746 35 26 its
1057 4743 190 37 geographical
1278 4744 139 28 situation.

787 4785 89 34 Being
899 4784 47 28 the
970 4783 74 28 chief
1066 4783 75 28 office
1164 4782 29 28 of
1215 4782 46 27 the
1275 4782 115 33 district,
1405 4783 13 27 I

788 4823 78 28 think
880 4822 35 28 its
928 4821 130 28 situation
1072 4830 29 18 as
1113 4830 14 18 a
1136 4820 91 36 public
1238 4821 181 26 convenience
1428 4820 1 36 i

789 4870 29 18 or
837 4859 138 28 otherwiie
993 4859 24 27 is
1041 4858 107 35 worthy
1173 4858 30 27 of
1224 4866 15 18 a
1264 4858 68 26 little
1358 4867 45 18 con-

789 4897 154 30 sideration.
981 4896 57 28 The
1052 4896 147 35 objections
1211 4895 90 29 which
1315 4906 51 18 can
1385 4896 32 28 be

790 4936 87 27 raised
902 4935 107 34 agaiust
1033 4935 35 25 its
1092 4937 108 32 present
1221 4934 129 26 situation
1375 4943 44 17 are

790 4973 108 29 various
929 4971 54 29 and
1011 4971 65 37 just.
1131 4971 34 27 In
1190 4970 45 28 the
1260 4970 60 28 first
1345 4971 75 35 place

791 5012 140 27 travellers
957 5020 34 18 cn
1014 5011 80 26 route
1117 5013 29 24 to
1171 5009 45 28 the
1242 5009 80 27 Coast
1351 5009 69 27 from

792 5051 111 31 Nelson,
929 5058 29 19 or
982 5048 58 27 vice
1064 5056 89 24 versa,
1171 5047 91 28 would
1287 5047 70 27 have
1375 5047 46 27 the

792 5091 118 29 greatest
923 5087 134 34 difficulty
1078 5086 28 27 in
1128 5086 107 34 finding
1260 5085 22 28 it
1306 5084 115 28 without

792 5126 46 28 the
863 5126 118 27 strictest
1004 5124 125 36 enquiry,
1154 5123 55 27 and
1243 5132 67 18 even
1340 5123 79 27 when

792 5164 85 28 found
889 5164 22 27 it
924 5162 89 28 would
1026 5161 83 29 entail
1129 5171 15 18 a
1165 5160 183 29 considerable
1369 5160 54 28 loss

793 5202 30 28 of
844 5202 73 32 time,
931 5200 104 28 besides
1060 5200 45 28 the
1129 5199 213 28 inconvenience
1367 5199 54 28 and

794 5249 159 27 annoyance
966 5238 98 29 caused
1077 5242 28 25 to
1117 5238 47 29 the
1178 5243 78 31 party
1270 5247 30 18 or
1324 5237 99 36 parties

794 5277 158 29 concerned.
990 5277 77 32 Now,
1082 5276 23 28 if
1125 5276 55 28 this
1195 5280 99 23 matter
1306 5285 70 18 were
1397 5276 29 27 of

794 5317 65 28 vital
870 5317 185 35 importance;
1075 5315 42 28 for
1137 5314 131 33 instance,
1289 5313 24 28 if
1333 5323 17 19 a
1371 5317 39 25 tra-

795 5355 82 28 veller
901 5355 53 26 and
976 5359 123 26 stranger
1123 5354 29 26 in
1177 5353 46 27 the
1248 5353 76 34 place
1353 5362 70 18 were

795 5392 145 29 overtaken
953 5392 36 35 by
1002 5390 133 35 accident,
1148 5390 75 28 what
1235 5389 91 29 would
1338 5389 33 29 be
1385 5389 41 28 his

795 5431 116 37 position
922 5432 12 26 ?
972 5430 116 35 Though
1110 5430 33 28 he
1165 5439 65 26 may
1251 5428 32 29 be
1301 5428 97 28 within
1412 5438 13 18 a

796 5470 75 28 short
893 5469 122 28 distance
1037 5468 29 28 of
1087 5468 47 28 the
1148 5467 139 36 telegraph
1302 5467 77 27 office
1392 5467 34 27 he

797 5508 88 29 would
898 5512 48 24 not
959 5517 42 18 see
1015 5507 45 28 the
1081 5506 124 34 slightest
1227 5505 151 28 indication
1399 5508 27 25 to

796 5546 107 37 apprise
916 5545 56 28 him
988 5545 29 28 of
1028 5545 45 27 the
1087 5544 70 31 fact;
1176 5547 48 24 not
1243 5552 68 18 even
1331 5553 15 17 a
1368 5544 58 33 sign

797 5592 60 29 post
870 5588 28 25 to
911 5583 85 29 direct
1014 5582 59 29 him
1099 5582 80 29 down
1201 5591 16 19 a
1238 5581 75 33 road,
1327 5580 100 34 which,

798 5633 62 18 seen
874 5622 86 28 under
973 5622 126 34 orclinaiy
1113 5621 209 28 circumstances
1336 5620 90 28 would

798 5661 31 28 be
843 5660 158 29 considered
1014 5669 16 18 a
1044 5660 77 32 thiug
1140 5659 28 27 of
1187 5658 45 28 the
1254 5662 70 32 past.
1360 5658 68 28 This

798 5698 137 37 telegraph
955 5698 76 28 office
1052 5698 23 27 is
1097 5697 132 27 therefore
1255 5696 133 28 valueless
1400 5697 28 27 in

798 5747 54 26 any
866 5737 66 27 such
946 5745 83 19 case?.
1066 5735 99 27 Where
1179 5735 23 27 is
1225 5744 15 18 a
1259 5743 74 19 more
1347 5734 82 36 likely

800 5777 74 35 placa
887 5775 41 27 for
941 5785 15 17 a
969 5784 60 18 c.ise
1044 5775 30 26 of
1094 5774 44 27 the
1161 5773 84 27 sibove
1266 5772 163 36 description

798 5815 66 27 than
880 5822 35 19 on
929 5823 15 17 a
958 5813 88 36 public
1059 5811 74 33 road,
1148 5811 52 27 and
1225 5812 43 26 the
1288 5811 64 36 only
1364 5811 64 27 road

785 5849 3 33 I
800 5852 127 30 overland
950 5853 69 28 from
1044 5851 101 30 Nelson
1167 5854 26 26 to
1213 5849 45 30 the
1272 5850 90 32 Coast,
1376 5849 53 30 and

1432 253 73 27 what
1519 253 103 27 serious
1635 252 98 28 results
1752 261 64 26 may
1829 252 32 28 be
1875 254 110 26 averted
1999 254 35 35 by
2047 264 15 19 a

1433 291 69 30 little
1527 291 105 29 trouble
1658 290 54 29 and
1734 300 115 27 expense
1870 290 29 30 in
1919 294 142 36 removing

1433 331 46 27 the
1491 335 109 30 present
1613 330 76 28 office
1703 335 27 21 to
1743 339 16 18 a
1769 330 74 35 place
1858 331 29 25 of
1897 331 89 34 public
2000 342 45 17 con-

1433 369 137 31 venience,
1585 368 89 28 where
1693 367 36 28 all
1749 367 62 28 who
1832 377 63 27 pass
1918 367 89 37 might
2020 379 42 19 see

1432 407 52 28 and
1510 407 71 28 avail
1605 406 166 28 themselves
1795 407 30 27 of
1846 407 31 27 it.
1921 407 140 37 Objection

1432 455 64 23 may
1510 445 31 28 be
1555 445 78 27 made
1647 445 60 27 that
1720 454 16 18 a
1757 445 135 33 traveller,
1906 445 28 28 in
1957 456 59 19 case
2037 448 30 27 of

1432 483 76 32 need,
1534 483 77 28 could
1637 483 80 27 make
1742 483 136 36 enquiries
1898 487 164 35 concerning

1431 522 34 27 its
1478 521 179 33 wherebouts,
1672 521 48 28 but
1733 522 63 34 why
1821 522 97 27 should
1941 522 54 28 this
2017 533 30 18 ne-

1431 561 98 34 cessity
1554 560 30 27 of
1611 560 114 36 enquiry
1750 568 80 19 occur
1841 561 12 26 ?
1907 560 155 37 Especially

1432 598 79 28 when
1526 598 13 27 I
1550 598 47 28 fail
1610 601 27 25 to
1651 608 42 18 see
1707 608 15 18 a
1736 598 85 36 single
1834 607 96 19 reason
1952 599 61 37 why
2039 601 21 27 it

1432 636 97 27 should
1543 636 103 27 remain
1660 636 88 27 where
1762 639 28 24 at
1803 640 109 31 present
1934 637 127 28 situated.

1432 673 41 28 On
1487 683 14 18 a
1516 673 65 28 dark
1595 673 78 36 night
1686 674 22 27 it
1721 673 88 28 would
1834 673 32 28 be
1889 673 100 30 almost
2013 675 32 28 im-

1432 711 114 38 possible
1560 711 41 29 for
1624 722 106 26 anyone
1752 716 48 25 not
1822 712 162 37 acquainted
1997 713 66 29 with

1432 751 45 26 the
1492 750 65 27 road
1569 755 28 22 to
1609 750 58 27 find
1682 751 44 27 the
1736 751 85 33 office,
1830 751 104 36 though
1946 751 115 29 directed

1432 789 35 32 by
1482 789 44 28 the
1540 795 106 22 nearest
1656 790 141 27 residents.

1466 828 58 27 The
1555 828 129 27 situation
1714 828 66 27 with
1805 827 94 37 regard
1931 831 28 25 to
1989 828 54 29 Mur-

1432 866 93 28 chison
1539 866 89 28 would
1640 866 33 28 be
1689 875 65 27 very
1774 866 68 28 little
1862 866 115 28 affected
1991 868 21 26 if
2022 877 26 18 re-

1433 903 97 27 moved
1543 908 28 22 to
1585 904 45 26 the
1641 904 75 26 main
1727 904 73 30 road,
1814 904 113 26 because
1935 905 28 25 in
1976 904 87 27 either

1433 950 60 19 case
1506 940 45 28 the
1565 941 70 28 river
1649 940 88 29 would
1751 941 69 28 have
1844 944 27 25 to
1892 940 33 29 be
1947 942 116 33 crossed,

1432 979 55 28 and
1508 979 46 28 the
1574 983 75 24 extra
1671 980 121 27 distance
1804 980 91 27 would
1917 979 31 28 b;
1969 981 65 27 sueh
2048 991 15 17 a

1433 1017 68 28 trifle
1515 1017 61 28 that
1589 1017 13 27 I
1616 1017 80 28 think
1715 1026 35 19 no
1773 1017 134 37 objection
1931 1017 79 29 could
2030 1018 33 28 be

1433 1056 88 28 raised
1536 1066 34 17 on
1584 1056 60 28 that
1658 1066 82 18 score.
1776 1056 15 28 I
1811 1057 101 27 believe
1932 1057 46 27 the
1998 1057 64 28 road

1433 1094 130 34 formerly
1577 1094 43 27 led
1639 1094 69 27 close
1731 1097 28 25 to
1781 1094 46 27 the
1850 1099 109 31 present
1978 1095 85 32 office,

1434 1132 47 28 but
1493 1132 12 28 I
1520 1142 43 18 see
1586 1132 115 37 nothing
1714 1133 29 27 in
1756 1132 60 28 that
1841 1132 53 28 fact
1916 1137 27 25 to
1967 1134 96 27 induce

1434 1171 46 27 the
1494 1171 186 27 Government
1694 1176 27 21 to
1734 1172 87 26 retain
1834 1172 22 25 it
1869 1171 28 26 in
1907 1171 35 27 its
1954 1176 108 30 present

1433 1209 129 27 situation
1586 1209 23 26 if
1630 1209 21 27 it
1677 1218 50 18 can
1753 1207 32 30 be
1814 1208 142 37 improved
1981 1218 82 28 upon,

1433 1247 91 28 which
1548 1247 22 29 it
1593 1247 187 37 undoubtedly
1804 1258 59 17 can.
1907 1248 29 27 If
1952 1247 95 29 circum-

1433 1289 106 24 stances
1560 1285 70 28 have
1652 1285 44 28 led
1717 1289 28 24 to
1765 1294 35 19 an
1820 1285 144 28 alteration
1976 1285 28 28 in
2018 1286 46 28 the

1433 1324 67 28 road
1520 1324 43 27 for
1585 1324 45 28 the
1653 1324 95 33 better,
1762 1324 37 28 let
1819 1334 31 19 us
1863 1324 122 28 advance
1999 1324 64 28 with

1434 1362 46 28 the
1493 1362 63 32 tide,
1571 1362 53 28 and
1638 1362 33 28 do
1693 1365 47 25 not
1760 1363 39 28 let
1820 1371 48 20 our
1889 1362 131 38 principle
2033 1362 31 29 be

1435 1399 58 31 that
1506 1405 26 26 oi
1545 1400 46 30 the
1605 1400 129 32 cavaliers
1748 1401 30 30 of
1788 1401 79 30 olden
1881 1402 77 36 days,
1974 1400 88 30 which

1435 1449 55 19 was
1604 1440 64 29 seek
1691 1443 28 26 to
1743 1440 134 29 maintain
1902 1440 162 37 unchanged

1434 1478 59 27 that
1506 1478 90 36 policy
1609 1479 89 27 which
1712 1479 54 27 had
1780 1479 80 28 made
1882 1480 47 26 the
1951 1484 113 29 country

1641 1517 49 29 but
1702 1517 37 29 let
1752 1527 31 19 us
1796 1518 93 28 rather
1902 1517 59 28 that
1974 1517 30 29 of
2020 1517 44 29 the

1433 1564 63 17 ever
1520 1558 108 24 earnest
1652 1556 119 35 puritan,
1797 1556 89 27 which
1924 1565 55 18 was

1433 1592 80 29 make
1529 1593 151 37 prosperity
1703 1593 55 29 still
1781 1602 75 20 more

1433 1632 44 27 Do
1498 1636 48 24 not
1567 1633 39 28 let
1627 1642 33 19 us
1680 1637 55 24 rest
1747 1637 111 24 content
1870 1633 68 28 with
1950 1633 47 28 the
2011 1632 55 29 fact

1433 1670 61 28 that
1506 1680 40 18 we
1559 1670 70 28 have
1643 1680 15 19 a
1671 1670 140 38 telegraph
1825 1670 76 29 office
1926 1673 29 25 at
1976 1671 70 34 Long-

1434 1708 59 28 ford
1506 1712 28 25 at
1546 1709 47 34 all,
1607 1710 48 28 but
1667 1710 37 28 let
1716 1719 31 19 us
1760 1714 64 24 turn
1844 1713 23 25 it
1887 1714 28 24 to
1938 1709 45 29 the
2007 1709 57 29 best

1434 1746 116 33 possible
1565 1753 132 28 account;
1717 1748 37 28 let
1766 1757 33 18 us
1816 1748 64 27 seek
1898 1751 28 23 to
1946 1748 119 26 increase

1433 1785 35 26 its
1482 1785 169 36 importance
1663 1795 30 18 as
1707 1795 15 18 a
1736 1785 90 36 public
1839 1785 111 33 benefit,
1964 1785 53 28 and
2030 1785 36 27 let

1433 1832 32 17 us
1478 1823 76 35 glory
1568 1823 30 28 in
1611 1823 45 28 the
1670 1825 54 26 lact
1737 1823 59 28 that
1806 1823 47 28 the
1866 1823 200 28 advancement

1434 1860 30 27 of
1473 1861 162 28 civilisation
1650 1861 50 28 has
1713 1861 115 28 dawned
1850 1870 72 28 upon
1947 1870 40 19 us.
2024 1861 43 27 Do

1434 1901 49 26 not
1495 1898 38 29 let
1546 1908 31 19 us
1590 1899 63 29 hide
1666 1908 49 20 our
1728 1900 71 34 light
1814 1900 88 27 under
1924 1909 16 18 a
1961 1899 105 33 bushel,

1434 1946 31 19 or
1477 1938 141 36 similarly,
1632 1947 48 19 our
1693 1938 139 37 telegraph
1846 1938 54 29 aud
1912 1942 61 33 post
1985 1937 76 29 office

1434 1981 27 22 at
1475 1976 137 36 Longford
1625 1976 27 28 in
1667 1986 15 18 a
1695 1977 111 27 hollow.

1469 2013 54 29 For
1535 2023 48 26 my
1595 2019 70 32 part,
1678 2014 53 29 and
1751 2014 42 28 for
1813 2014 47 29 the
1882 2014 70 36 good
1973 2014 31 28 of
2021 2014 46 28 the

1434 2051 112 31 district,
1561 2053 15 25 I
1589 2053 70 34 hope
1672 2053 46 26 the
1738 2053 189 27 Government
1947 2061 25 18 w
1984 2053 19 26 11
2024 2061 44 18 see

1433 2088 32 29 fit
1486 2092 28 26 to
1535 2089 34 29 do
1592 2089 46 30 the
1657 2089 73 39 right
1750 2090 80 35 thing
1850 2089 29 30 in
1900 2089 55 30 this
1968 2093 100 26 matter

1434 2128 90 28 before
1536 2129 74 33 long,
1624 2131 54 26 and
1691 2140 109 17 remove
1813 2130 55 27 this
1891 2129 76 28 office
1981 2134 28 23 to
2021 2129 47 27 the

1434 2166 75 35 place
1521 2166 90 28 which
1624 2167 55 27 will
1693 2167 60 27 best
1775 2167 55 27 suit
1844 2167 47 27 the
1904 2167 90 36 public
2006 2176 46 18 con-

1433 2204 139 29 venience.
1609 2204 28 30 It
1649 2214 65 28 may
1727 2204 32 30 be
1780 2214 16 20 a
1816 2214 96 20 source
1925 2204 30 30 of
1965 2214 85 28 annoy-

1435 2253 65 18 ance
1513 2244 55 27 and
1581 2248 76 30 great
1668 2244 212 28 inconvenience
1893 2249 28 23 to
1934 2244 46 28 the
1995 2249 58 30 post-

1434 2284 104 24 master
1550 2284 27 24 to
1590 2281 70 28 have
1673 2286 28 23 to
1724 2290 110 19 remove
1856 2282 70 27 from
1947 2281 43 28 his
2010 2289 44 28 pre-

1435 2322 61 24 sent
1508 2319 89 31 home,
1611 2319 90 28 which
1714 2319 14 28 I
1741 2329 51 18 can
1813 2320 74 35 quite
1901 2319 102 28 believe
2017 2319 50 27 has

1435 2355 82 28 taken
1538 2356 184 29 considerable
1746 2357 106 28 trouble
1877 2356 55 29 and
1957 2365 60 20 care
2041 2359 28 24 to

1435 2394 79 35 bring
1526 2397 27 25 to
1566 2395 36 28 its
1613 2399 109 31 present
1743 2399 70 24 state
1835 2395 30 28 of
1883 2397 125 30 comfort,
2021 2394 48 28 but

1435 2431 23 28 it
1470 2432 90 27 would
1573 2432 97 37 hardly
1685 2432 32 28 be
1730 2433 160 27 reasonable
1903 2442 36 19 on
1952 2432 43 28 his
2008 2435 61 33 part

1435 2475 28 23 to
1476 2474 95 33 expect
1583 2471 47 29 the
1645 2470 90 38 public
1750 2475 26 25 to
1789 2476 112 32 support
1911 2472 35 28 its
1958 2474 110 34 present

1435 2508 130 28 situation
1578 2510 40 27 for
1632 2510 59 27 that
1704 2519 96 18 reason
1814 2510 89 27 alone.

1684 2579 9 11 r
1695 2562 10 29 ;
1712 2556 21 29 I
1743 2558 117 34 remain,
1875 2558 56 34 &c.,

1740 2592 15 17 v
1897 2605 34 28 Y.
1951 2604 34 28 N.
2005 2604 29 28 Z.

1472 2652 93 37 Upper
1578 2652 102 35 Bulley,
1695 2653 115 29 October
1823 2653 75 29 27th.

1636 2740 233 28 LATEST

1463 2787 173 42 CABLE
1696 2786 317 43 TELEGRAMS.

1672 2890 131 36 London,
1819 2890 177 30 November
2001 2891 27 29 1.

1478 2940 63 32 The
1561 2941 114 31 British
1697 2942 213 35 Government,
1925 2940 129 32 'notwith-

1438 2994 139 40 standing
1591 2993 117 32 French
1724 2994 143 40 agitation
1882 3004 39 21 on
1935 2994 50 31 the
2001 2994 50 31 sub-

1435 3045 70 42 ject,
1520 3045 75 33 have
1611 3045 135 41 signified
1773 3046 77 33 their
1871 3046 148 32 intention
2044 3046 32 32 of

1439 3099 142 41 adhering
1603 3100 31 31 to
1658 3099 77 32 their
1749 3102 118 38 present
1881 3099 96 42 policy
2000 3099 72 33 with

1438 3151 105 40 regard
1556 3153 31 29 to
1601 3152 109 41 Egypt,
1723 3152 59 30 and
1795 3152 75 30 have
1895 3152 132 31 declined
2042 3154 30 29 to

1439 3204 81 31 leave
1547 3205 67 30 that
1643 3207 125 38 country
1795 3208 30 28 to
1853 3205 50 30 the
1938 3205 130 31 disorder

1439 3255 96 32 which
1550 3255 51 33 the
1625 3256 184 32 withdrawal
1831 3255 32 33 of
1884 3256 51 32 the
1959 3256 113 32 British

1439 3311 99 38 troops
1552 3309 97 31 would
1663 3309 102 31 entail.

1610 3370 89 33 Hong
1713 3370 95 40 Kong,
1825 3370 165 35 November
2005 3372 27 33 1.

1479 3434 63 30 The
1576 3434 89 30 latest
1698 3445 80 20 news
1818 3435 77 30 from
1936 3436 138 39 Tonquin

1439 3488 113 40 reports
1568 3485 64 33 that
1647 3485 100 34 bodies
1769 3485 33 34 of
1827 3485 126 35 Chinese
1975 3489 99 40 troops

1438 3542 76 33 have
1529 3541 136 31 attacked
1679 3542 57 29 two
1751 3541 117 30 French
1882 3541 142 40 positions
2039 3542 31 30 in

1440 3585 147 43 Tonquin,
1604 3584 59 33 and
1677 3583 66 33 that
1768 3584 151 41 desperate
1946 3584 128 42 fighting

1439 3631 69 31 took
1522 3631 93 40 place.

1730 3673 95 42 Sofia,
1843 3673 126 35 October
1983 3673 48 35 31.

1480 3728 62 31 The
1559 3728 151 40 Sobrange
1724 3729 60 31 had
1803 3728 137 42 formally
1962 3728 112 42 opened

1440 3772 110 40 to-day.
1592 3772 37 30 In
1641 3772 50 31 the
1703 3772 106 40 speech
1819 3772 32 32 of
1865 3773 50 31 the
1926 3772 146 41 Regency,

1440 3814 97 32 which
1552 3825 59 20 was
1626 3815 161 32 somewhat
1809 3815 84 39 brief,
1922 3816 152 41 proposals

1440 3869 74 22 were
1529 3859 85 31 made
1626 3859 44 32 for
1684 3859 51 33 the
1746 3859 126 33 election
1884 3859 31 33 of
1927 3870 17 22 a
1955 3860 115 32 Prince.

1824 3912 167 31 November
2006 3914 27 29 1.

1475 3964 63 32 The
1548 3965 163 40 Bulgarian
1722 3965 202 32 Government
1935 3965 54 31 has
2000 3965 75 32 been

1441 4007 118 30 advised
1569 4010 31 28 to
1615 4009 77 38 yield
1706 4007 176 40 completely
1895 4010 31 28 to
1947 4008 127 29 Bussian

1441 4049 151 37 demands,
1599 4050 70 31 thus
1677 4050 136 40 avoiding
1818 4049 129 32 Bussian
1954 4060 103 30 occupa-

1441 4093 63 31 tion
1519 4093 31 30 of
1561 4093 152 40 Bulgaria,
1729 4094 59 29 and
1802 4096 31 28 to
1860 4093 116 31 declare
1998 4093 78 31 their

1442 4136 136 40 inability
1601 4137 31 30 to
1656 4136 66 31 deal
1748 4136 70 31 with
1842 4136 51 31 the
1921 4136 153 32 situation.

1443 4179 62 30 The
1521 4189 74 21 onus
1611 4179 31 31 of
1653 4179 50 31 the
1718 4179 128 40 position
1860 4179 60 31 will
1931 4179 72 31 then
2014 4183 60 27 rest

1442 4223 72 31 with
1529 4223 51 31 the
1596 4222 91 33 Great
1701 4223 127 32 Powers.

1483 4266 63 31 The
1575 4266 103 31 Grand
1707 4266 143 40 Sobranje
1878 4266 60 31 will
1966 4266 35 31 be
2030 4276 30 21 oc-

1444 4310 104 40 cupied
1561 4310 45 31 for
1620 4320 90 31 many
1724 4310 71 41 days
1809 4310 33 31 in
1856 4310 148 41 weighing
2024 4310 51 32 the

1444 4353 120 41 legality
1579 4353 32 32 of
1621 4354 51 30 the
1688 4353 150 31 elections.

1652 4405 159 38 Calcutta,
1828 4405 166 33 November
2009 4407 27 31 1.

1484 4459 25 31 A
1536 4461 99 39 report
1661 4459 56 31 has
1742 4459 74 31 deen
1842 4459 133 31 received
2002 4459 76 31 from

1446 4503 198 40 Afghanistan
1658 4503 66 32 that
1736 4503 51 31 the
1799 4503 150 31 Northern
1959 4503 118 32 Ghilzai

1446 4547 89 30 tribes
1557 4547 75 30 have
1655 4546 131 31 revolted
1810 4546 116 40 against
1954 4547 49 30 the
2028 4557 33 20 au-

1445 4590 112 41 thority
1581 4590 32 32 of
1632 4589 50 32 the
1705 4590 107 31 Ameer
1836 4589 32 32 of
1888 4589 103 39 Cabul,
2021 4590 59 31 and

1446 4634 158 32 succeeded
1637 4634 32 30 in
1703 4634 124 39 holding
1866 4633 51 31 the
1957 4634 119 40 Afghan

1446 4681 99 36 troops
1559 4678 31 30 in
1606 4677 99 31 check.
1757 4677 29 31 It
1810 4677 25 31 is
1860 4677 62 31 also
1944 4678 135 39 reported

1447 4721 65 32 that
1527 4721 51 32 the
1601 4720 107 33 Ameer
1731 4720 55 31 has
1811 4720 75 32 been
1911 4720 115 42 obliged
2049 4723 31 30 to

1447 4765 67 32 take
1529 4765 50 31 the
1604 4765 84 32 fields
1710 4765 32 31 in
1766 4764 84 32 order
1874 4767 30 29 to
1927 4765 79 40 quell
2030 4765 51 32 the

1447 4809 152 32 rebellion.

1667 4891 201 28 LATEST

1465 4937 372 38 AUSTRALIAN
1889 4937 174 39 NEWS.

1697 5036 125 35 Sydney,
1836 5036 164 32 November
2014 5038 29 30 2.

1490 5088 147 32 Numbers
1652 5088 31 32 of
1695 5088 196 41 unemployed
1905 5088 32 31 in
1951 5089 59 31 this
2025 5088 59 41 city

1451 5143 48 20 are
1514 5132 88 40 being
1617 5132 133 40 supplied
1777 5132 79 41 daily
1876 5132 71 31 with
1972 5132 112 31 rations

1450 5176 39 41 by
1502 5175 51 32 the
1569 5175 212 32 Government.

1491 5220 63 31 The
1569 5220 138 39 religious
1722 5219 203 32 disturbances
1935 5219 106 32 caused
2052 5219 31 31 in

1452 5264 149 31 Trisinore
1615 5263 38 41 by
1665 5263 73 31 Miss
1751 5263 196 32 o'Gorman's
1961 5264 124 31 lectures

1451 5308 75 31 have
1554 5317 66 22 now
1648 5306 112 38 ceased,
1791 5306 58 32 and
1876 5306 50 33 the
1955 5311 79 28 town
2060 5306 25 31 is

1453 5351 90 40 quiet.

1660 5393 162 38 Adelaide,
1838 5393 166 33 November
2018 5394 28 32 2.

1493 5448 87 30 News
1594 5447 54 30 has
1663 5447 74 31 been
1761 5447 132 31 received
1904 5448 75 30 from
2003 5447 66 30 Teet-

1455 5490 69 42 ulpa
1538 5490 32 33 of
1582 5490 49 32 the
1658 5490 115 41 finding
1795 5490 31 33 of
1846 5493 84 30 30oz.
1957 5491 131 41 Nuggets

1455 5546 38 20 on
1521 5535 50 30 the
1600 5534 202 40 Wankaringa
1826 5535 148 39 goldfield.
2025 5535 62 30 The

1456 5578 129 32 Warden
1600 5577 31 33 of
1643 5577 143 42 Teetulpa
1798 5580 90 30 states
1900 5577 65 33 that
1980 5589 16 21 a
2008 5577 80 41 large

1456 5622 136 40 quantity
1608 5622 31 30 of
1650 5626 125 36 nuggets
1799 5634 47 20 are
1871 5622 88 40 being
1982 5622 101 36 found,

1456 5666 53 31 but
1523 5666 66 31 that
1603 5666 50 31 the
1669 5665 115 41 diggers
1811 5678 39 21 on
1874 5666 51 32 the
1947 5666 68 32 field
2041 5666 31 31 de-

1457 5710 75 31 cline
1553 5713 30 27 to
1608 5710 64 39 give
1687 5710 192 32 information
1904 5721 32 20 as
1959 5713 29 28 to
2012 5709 77 32 their

1457 5753 147 40 earnings.
1648 5753 61 31 The
1732 5754 68 40 gold
1814 5755 24 30 is
1852 5754 89 41 being
1954 5753 91 33 found
2058 5753 30 31 in

1458 5800 126 28 cement.
1628 5797 62 31 The
1705 5798 174 31 authorities
1895 5798 151 41 deprecate
2072 5809 16 19 a

1458 5841 70 34 rush
1545 5845 28 30 to
1589 5841 210 34 YYankariiifm.

1753 5871 16 12 o

2107 252 197 30 WARDEN'S
2324 252 124 26 COURT
2469 252 214 30 MURCHISON.

2166 330 139 32 Tuesday,
2321 329 54 27 2nd
2390 330 163 32 November,
2568 331 45 27 188
2613 331 31 27 G.

2132 406 107 37 (Before
2251 405 94 30 Frank
2359 406 75 34 Bird,
2449 407 75 36 Esq.,
2538 407 140 36 Warden.)

2295 455 214 27 Applications.

2126 502 75 34 Long
2228 501 42 28 Ti.
2321 501 107 29 Double
2459 511 63 19 area
2554 502 54 28 and
2638 502 64 29 dam
2715 511 7 26 ;

2089 540 123 37 granted.

2124 577 119 30 Edward
2257 577 111 30 Carton.
2371 578 206 38 Application
2588 579 41 29 for
2639 584 84 25 water

2089 627 70 23 race,
2173 617 102 33 Owen;
2295 618 121 34 granted.

2124 656 26 26 S.
2175 654 27 27 J.
2230 655 111 27 Reeves.
2396 656 153 26 Protection
2575 656 40 27 for
2639 660 84 23 water

2089 703 74 19 races
2176 692 113 29 Bulmer
2302 692 86 30 Creek
2401 693 53 28 and
2469 693 62 29 Uno
2543 702 6 27 ;
2569 695 124 36 granted.

2124 734 35 26 D.
2173 732 103 28 Evans.
2280 732 206 36 Application
2500 733 42 28 for
2554 739 84 23 water
2651 744 70 18 race.

2089 769 128 38 Objected
2228 775 27 23 to
2266 770 35 36 by
2312 771 118 27 Thomas
2440 770 126 30 Griffiths
2578 781 5 25 ;
2604 772 101 37 applica-

2091 810 56 28 tion
2161 808 118 29 refused.

2124 847 153 29 Alexander
2291 847 378 40 Thompson.Application
2682 849 41 29 for

2090 890 84 24 water
2188 896 77 23 race;
2288 887 123 34 granted.

2124 924 140 26 Advance.
2267 922 189 37 Adjourned
2470 924 42 28 for
2531 934 99 26 survey
2642 933 6 25 ;
2669 925 54 27 and

2092 962 146 28 Zealandia
2251 965 28 25 to
2292 962 80 28 stand
2385 972 65 20 over
2463 963 119 37 pending
2601 965 105 33 negotia-

2091 1005 70 23 tions
2174 1002 41 25 for
2227 1000 224 35 amalgamation.

2124 1038 119 29 Eureka.
2246 1038 128 34 Owen,
2388 1038 149 38 adjourned
2558 1040 41 29 for
2616 1049 107 28 survey.

2125 1077 142 27 Excelsior
2277 1077 152 36 Company,
2442 1078 93 28 Better
2544 1079 92 27 Times
2647 1080 57 26 Com-

2091 1124 81 27 pany,
2183 1115 136 35 Progress,
2329 1115 124 37 Surprise
2463 1117 152 37 Company,
2629 1117 94 34 Owen,

2091 1153 150 36 adjourned
2253 1154 41 27 for
2307 1163 107 26 survey.

2125 1191 119 28 Wakatu
2258 1191 102 28 United
2375 1192 105 36 Special
2495 1193 97 28 Claim.
2594 1193 129 27 MrM.

2093 1230 90 36 Byrne
2214 1239 68 27 gave
2312 1230 112 29 evidenc
2450 1241 29 18 as
2509 1232 104 29 follows
2668 1231 56 29 The

2091 1269 85 27 leases
2208 1269 63 27 Uno
2296 1269 55 27 and
2380 1270 129 31 Wakatu,
2535 1271 94 28 Owen,
2655 1271 69 27 have

2092 1306 67 29 been
2182 1306 147 35 registered
2351 1317 30 19 as
2403 1307 46 29 the
2472 1308 118 29 Wakatu
2613 1308 111 29 United.

2092 1346 49 28 We
2163 1347 126 26 estimate
2308 1346 61 28 that
2393 1347 65 27 with
2486 1348 159 35 machinery
2670 1347 53 28 and

2092 1383 77 29 other
2181 1383 89 30 works
2284 1384 66 28 such
2369 1393 30 20 as
2413 1385 110 29 tuunels
2537 1385 54 28 and
2605 1385 86 28 shafts
2704 1385 20 28 it

2092 1423 53 29 will
2159 1423 106 38 require
2276 1423 118 35 ,12,000
2406 1427 27 26 to
2444 1435 68 27 open
2524 1434 37 27 up
2571 1424 47 29 the
2632 1424 91 28 claim.

2093 1461 42 28 All
2150 1462 45 28 the
2209 1462 136 34 workings
2364 1463 41 28 for
2424 1464 46 27 the
2493 1464 120 30 Wakatu
2634 1463 90 28 would

2092 1501 106 36 require
2224 1503 27 26 to
2270 1510 33 26 go
2324 1501 117 35 through
2461 1501 46 29 the
2528 1501 62 29 Uno
2609 1501 115 36 ground,

2093 1539 54 27 and
2171 1541 46 25 the
2237 1540 214 32 amalgamation
2479 1541 29 26 of
2529 1541 75 26 these
2630 1541 96 26 claims

2093 1576 89 28 would
2196 1576 65 28 tend
2274 1580 27 25 to
2314 1578 151 27 economise
2487 1578 47 27 the
2558 1578 119 36 opening
2698 1578 30 27 of

2093 1616 45 28 the
2150 1615 115 36 ground.
2315 1616 58 29 The
2386 1616 119 29 Warden
2518 1617 142 36 expressed
2683 1616 43 29 his

2092 1654 135 28 intention
2245 1654 30 29 of
2292 1655 225 37 recommendiug
2538 1656 47 28 the
2608 1656 102 36 applica-

2093 1692 66 29 tion.

2127 1731 159 36 Enterprise
2307 1732 143 36 Company
2465 1733 106 36 Special
2592 1733 133 27 Claim.

2095 1769 43 27 Mr
2164 1769 37 28 M.
2216 1770 108 34 Byrne:
2347 1770 75 27 lam
2441 1771 47 28 the
2510 1771 148 35 applicant,
2672 1770 54 27 and

2093 1806 86 28 desire
2203 1811 28 24 to
2258 1807 69 28 have
2352 1807 47 29 the
2423 1808 110 28 Broken
2546 1808 69 33 Hiil,
2628 1808 81 27 Enter-

2094 1844 79 36 prise,
2188 1845 105 28 Golden
2317 1846 80 27 Point
2409 1847 54 26 and
2489 1846 127 36 Progress
2641 1846 86 27 leases

2093 1883 113 36 granted
2220 1893 29 18 as
2263 1894 16 18 a
2292 1884 98 36 special
2404 1885 81 27 claim
2498 1884 28 28 in
2540 1893 185 28 consequence

2094 1922 29 26 of
2143 1929 133 28 economy
2290 1922 54 28 and
2368 1933 75 18 more
2456 1923 102 37 speedy
2571 1924 118 35 opening
2701 1923 30 28 of

2095 1960 46 27 the
2154 1961 105 33 ground
2273 1960 65 28 than
2353 1962 23 27 if
2385 1961 28 28 in
2429 1966 122 32 separate
2565 1962 95 33 leases,
2674 1962 53 27 and

2095 1999 55 27 also
2169 2003 27 23 to
2215 1999 96 36 justify
2333 2000 46 28 the
2402 2009 131 28 company
2556 2000 29 27 in
2608 1999 120 35 erecting

2096 2037 160 35 machinery
2269 2042 28 23 at
2310 2047 16 18 a
2345 2041 57 24 cost
2415 2038 30 27 of
2465 2039 82 26 about
2561 2039 99 31 <7ooo,
2674 2038 54 27 and

2095 2073 194 37 subsequently
2319 2075 144 37 expensive
2487 2075 119 34 tunnels,
2632 2075 96 33 shafts,

2095 2117 84 24 water
2188 2122 83 25 races,
2282 2113 54 34 &e.,
2347 2114 87 28 would
2446 2115 105 35 require
2561 2119 26 24 to
2603 2115 32 28 be
2645 2114 82 29 taken

2095 2152 27 25 in
2136 2151 83 27 hand.
2265 2152 28 26 It
2306 2153 89 26 would
2408 2152 32 27 be
2455 2153 156 35 impossible
2631 2155 29 25 to
2684 2157 44 30 get

2096 2188 150 35 capitalists
2265 2192 28 25 to
2305 2199 34 27 go
2357 2188 59 30 into
2431 2189 45 29 the
2495 2189 97 29 claims
2611 2189 119 29 without

2095 2227 81 35 being
2195 2227 60 29 able
2279 2234 29 22 to
2329 2228 94 29 obtain
2442 2239 16 18 a
2482 2232 108 33 greater
2613 2239 63 18 area
2701 2229 30 29 of

2096 2266 105 34 ground
2213 2266 68 27 than
2295 2267 60 27 that
2363 2268 144 26 contained
2517 2267 28 27 in
2558 2276 34 18 an
2601 2268 129 35 ordinary

2096 2303 79 28 lease.
2212 2303 58 28 The
2285 2304 144 36 Company
2441 2304 24 28 is
2476 2305 130 36 prepared
2618 2309 26 24 to
2655 2309 72 24 erect

2097 2341 161 35 machinery
2279 2341 190 36 immediately
2492 2351 34 18 on
2551 2344 128 33 granting
2703 2343 29 26 of

2098 2378 79 29 lease.
2215 2379 223 30 Recommended
2463 2380 104 37 subject
2585 2383 28 26 to
2632 2390 98 27 survey

2096 2416 31 28 of
2136 2417 138 35 Progress.

2096 2497 208 29 LICENSING
2324 2498 122 28 COURT
2462 2500 71 27 FOR
2555 2501 77 27 THE
2655 2500 55 29 DIS-

2251 2536 112 29 TRICT
2385 2538 46 28 OF
2452 2538 122 30 OWEN.

2144 2618 107 36 (Before
2272 2618 214 30 Commissioner
2504 2619 76 33 Bird,
2595 2620 86 37 Esq.,)

2133 2664 117 29 Michael
2264 2666 314 36 Fagan.Conditional
2592 2667 100 28 license
2702 2671 28 25 at

2096 2704 58 27 foot
2173 2703 30 28 of
2223 2704 84 28 Owen
2326 2705 82 33 road;
2428 2705 122 35 granted.
2589 2705 44 27 Mr
2653 2705 57 36 Moy-

2098 2741 85 28 nihan
2197 2742 134 36 appeared
2345 2743 41 27 for
2398 2742 46 28 the
2459 2742 147 37 applicant.

2133 2780 105 34 George
2270 2780 117 28 Trower.
2390 2780 209 29 Conditional
2631 2782 99 28 license

2098 2823 28 24 at
2145 2819 56 27 foot
2214 2819 30 27 of
2259 2819 85 28 Owen
2363 2819 87 34 river;
2469 2820 123 35 granted.

2133 2857 122 28 Thomas
2277 2858 174 28 Tattershall.
2500 2859 176 27 Conditional
2700 2859 20 27 li-

2098 2903 88 23 cense,
2201 2895 129 27 Flower's
2343 2896 71 30 Flat,
2429 2896 83 27 Owen
2524 2904 6 24 ;
2550 2897 124 34 granted.

2132 2932 120 29 Edward
2276 2932 104 29 Carroll
2403 2933 55 28 and
2485 2933 86 36 Myles
2597 2933 136 29 Dixon.

2098 2970 174 28 Conditional
2284 2970 122 33 licenses,
2415 2971 128 28 Flower's
2552 2972 72 31 Flat,
2634 2972 97 33 Owen;

2098 3008 148 35 adjourned
2257 3008 39 28 for
2309 3009 128 35 granting
2450 3012 27 24 to
2490 3009 124 36 January
2629 3010 73 26 18th.

2133 3045 57 29 The
2204 3046 214 28 Commissioner
2432 3047 87 28 stated
2533 3046 61 29 that
2606 3048 91 28 unless
2717 3058 16 18 a

2098 3089 76 29 great
2186 3085 121 28 increase
2321 3087 26 25 ot
2361 3086 159 35 population
2535 3085 63 29 took
2611 3087 76 36 place
2705 3092 28 22 at

2100 3125 83 26 Owen
2203 3124 34 27 he
2256 3124 90 27 would
2360 3129 48 23 not
2426 3124 32 28 be
2471 3124 119 28 inclined
2614 3132 27 21 to
2653 3131 81 30 grant

2099 3171 55 26 any
2166 3161 106 28 further
2285 3162 121 27 licenses.

2100 3241 193 28 RESIDENT
2308 3241 272 30 MAGISTRATE'S
2600 3242 133 32 COURT,

2298 3280 238 29 MURCIIISON.

2408 3328 15 18 o

2178 3356 139 34 Tuesday,
2331 3356 55 29 2nd
2400 3356 164 36 November,
2579 3358 76 28 1886.

2142 3441 106 35 (Before
2274 3441 92 26 Frank
2390 3441 77 32 Bird,
2490 3442 78 35 Esq.,
2593 3442 34 26 R.
2648 3442 49 34 M.)

2212 3492 102 29 Police
2328 3502 26 19 v.
2369 3493 131 29 Stephen
2514 3494 110 28 Oxnam.

2134 3541 44 27 An
2190 3540 178 28 information
2390 3541 40 27 for
2450 3542 102 33 having
2574 3541 58 27 sold
2653 3541 81 28 drink

2100 3579 29 28 in
2139 3579 43 28 his
2191 3578 118 29 licensed
2319 3579 139 35 premises,
2470 3579 70 28 Fem
2552 3579 71 35 Flat,
2634 3579 101 37 during

2100 3617 156 36 prohibited
2269 3617 92 32 hours,
2375 3618 61 32 viz.,
2452 3618 121 35 Sunday.

2136 3655 44 27 Mr
2194 3654 152 37 Moynihan
2361 3655 134 37 appeared
2509 3655 41 28 for
2564 3656 46 28 the
2623 3655 94 30 defend-

2101 3698 48 25 ant
2162 3694 54 28 and
2229 3694 134 28 admitted
2377 3694 46 28 the
2443 3694 97 34 charge
2554 3695 129 35 pleading
2705 3705 29 18 as

2101 3731 155 37 mitigation
2277 3732 60 27 that
2361 3732 48 28 the
2434 3732 96 35 people
2554 3732 125 36 supplied
2698 3742 36 18 on

2101 3772 60 28 that
2178 3770 125 29 occasion
2327 3777 67 20 were
2417 3770 73 27 bona
2505 3770 59 36 fide
2585 3771 148 33 travellers,

2100 3810 55 29 and
2168 3810 57 30 also
2246 3808 111 37 pointed
2381 3812 47 24 out
2449 3808 47 27 the
2516 3808 141 28 character
2680 3809 54 27 and

2101 3847 166 38 description
2295 3847 29 28 of
2357 3846 47 29 the
2441 3845 85 30 house
2557 3845 101 38 during
2688 3847 45 28 Mr

2101 3889 131 27 Oxnam's
2251 3888 205 35 management.

2135 3925 58 28 The
2208 3925 159 35 Magistrate
2390 3923 59 31 said
2467 3923 62 29 that
2550 3932 30 19 as
2602 3923 55 29 this
2679 3932 56 19 was

2100 3964 46 28 the
2159 3963 59 30 first
2232 3963 111 34 offence,
2357 3963 55 29 and
2434 3962 45 30 the
2495 3962 84 30 house
2592 3962 56 29 had
2663 3962 68 29 been

2102 4002 121 27 hitherto
2245 4002 61 26 well
2331 4001 159 32 conducted,
2504 4001 34 26 he
2560 4000 91 28 would
2672 4001 63 26 take

2101 4038 58 28 iuto
2171 4037 199 29 consideration
2384 4038 46 28 the
2450 4038 179 36 punishment
2641 4036 31 28 of
2689 4045 30 19 en-

2103 4077 157 27 dorsement
2272 4076 30 28 of
2318 4076 99 27 license
2430 4076 55 27 and
2507 4075 90 28 would
2611 4075 86 27 inflict
2719 4085 16 17 a

2102 4113 111 38 penalty
2228 4114 37 28 1
2279 4113 55 28 and
2347 4113 44 37 38/
2404 4117 80 24 costs.

2126 4165 101 28 Hofer
2244 4173 26 19 v.
2291 4165 141 28 Sullivan
2451 4164 55 27 and
2526 4165 141 27 Sullivan
2685 4172 26 19 v.

2362 4202 110 29 llofer.

2138 4250 45 27 Mr
2203 4250 151 35 Moynihan
2380 4249 135 36 appeared
2538 4249 58 36 for'
2601 4249 87 27 Hofer
2707 4250 28 26 in

2104 4288 65 28 both
2183 4297 75 19 cases
2279 4287 55 28 and
2356 4291 49 32 put
2426 4288 29 27 in
2476 4296 35 19 an
2533 4290 157 33 agreement
2710 4286 30 29 of

2104 4327 156 28 settlement
2290 4326 55 28 and
2366 4326 66 28 both
2460 4335 75 19 cases
2561 4335 70 19 were
2657 4325 63 29 with-

2104 4365 102 28 drawn.

2277 4402 123 29 Flower
2418 4411 25 19 v.
2463 4402 99 28 Ribet.

2139 4450 152 35 Judgment
2303 4459 141 19 summons
2467 4450 42 27 for
2522 4449 46 28 the
2582 4452 116 25 amount
2711 4450 27 27 of

2107 4489 47 28 G-
2191 4489 38 27 As
2241 4488 46 29 the
2300 4487 148 29 defendant
2458 4487 46 28 did
2519 4490 48 25 not
2581 4497 101 27 appear
2702 4496 36 19 an

2105 4528 79 27 order
2196 4537 56 18 was
2274 4527 80 28 made
2372 4527 41 27 for
2435 4530 132 32 payment
2588 4525 97 29 within
2707 4527 31 26 14

2105 4564 68 37 days
2185 4565 71 28 from
2269 4564 55 27 this
2342 4565 61 27 date
2418 4574 30 18 or
2460 4565 28 26 in
2502 4564 102 27 default
2625 4564 33 27 14
2672 4564 67 36 days

2105 4603 210 37 imprisonment
2327 4603 30 28 in
2370 4600 45 31 the
2427 4603 101 27 Nelson
2539 4602 58 36 jail.

2261 4650 136 28 Goddard
2416 4660 25 18 v.
2462 4650 123 27 Hunter

2140 4697 68 28 This
2225 4706 57 19 was
2300 4706 16 19 a
2338 4696 82 29 claim
2439 4696 42 29 for
2500 4696 56 29 ls
2580 4696 42 28 for
2653 4696 87 28 wilful

2107 4736 129 36 damages
2250 4736 69 28 done
2333 4740 28 24 to
2375 4746 15 18 a
2403 4736 87 28 horse.
2530 4735 44 27 Mr
2588 4734 151 37 Moynihan

2107 4774 134 38 appeared
2255 4776 41 26 for
2309 4775 47 27 the
2366 4774 118 37 plaintiff
2498 4774 53 27 and
2566 4773 117 29 detailed
2694 4773 44 28 the

2107 4814 211 28 circumstances
2349 4812 183 33 surrounding
2563 4812 47 28 the
2639 4816 102 23 matter

2108 4851 89 28 which
2211 4851 112 26 showed
2335 4851 59 27 that
2417 4851 45 26 the
2484 4850 102 27 offence
2599 4859 56 18 was
2668 4859 54 18 com-

2108 4888 96 30 mitted
2216 4887 37 37 by
2269 4887 165 30 difendant's
2448 4897 47 18 son
2522 4887 100 35 having
2646 4887 96 28 stoned

2109 4927 54 27 and
2176 4930 41 24 set
2229 4927 66 33 dogs
2308 4936 35 17 on
2356 4926 132 34 plantifl's
2502 4925 80 27 horse
2606 4926 77 27 there
2707 4926 35 34 by

2109 4964 112 34 causing
2232 4962 43 28 his
2289 4963 90 28 death.

2144 5002 97 35 Henry
2255 5001 137 28 Goddard.
2396 5001 77 31 On
2495 5000 49 29 3rd
2564 5000 107 36 August
2690 5000 54 28 last

2110 5040 14 28 I
2134 5040 49 28 left
2196 5040 41 27 for
2250 5040 100 27 Nelson
2364 5049 35 19 on
2412 5039 149 27 horseback
2582 5039 55 27 and
2661 5040 68 26 arriv-

2110 5080 46 32 ing
2169 5082 28 23 at
2208 5077 58 28 Mrs
2279 5077 160 28 Husband's
2452 5078 15 26 I
2476 5077 139 27 borrowed
2630 5077 114 27 another

2112 5117 78 26 horse
2204 5116 89 32 owing
2304 5120 26 23 to
2344 5115 45 28 the
2403 5115 123 34 inability
2540 5114 29 28 of
2580 5124 47 26 my
2641 5124 60 18 own
2716 5118 28 23 to

2111 5154 118 36 perform
2243 5153 45 28 the
2298 5154 118 35 journey
2436 5153 12 26 I
2463 5153 48 28 left
2532 5153 176 28 instructions
2717 5156 27 23 to

2112 5198 27 22 to
2152 5197 64 22 turn
2231 5200 47 28 my
2291 5192 79 27 horse
2383 5191 68 28 back
2472 5200 34 19 on
2530 5200 48 27 my
2601 5190 143 36 departure

2112 5231 14 27 I
2151 5239 82 19 never
2255 5240 54 18 saw
2332 5230 46 28 the
2403 5230 78 28 horse
2506 5231 80 34 again
2606 5229 78 28 alive.
2731 5229 13 27 I

2113 5269 95 27 valued
2224 5268 46 28 the
2284 5268 80 27 horse
2378 5272 28 23 at
2421 5269 53 27 .ls

2147 5306 80 28 Cross
2240 5306 143 28 examined
2397 5306 35 37 by
2458 5306 44 28 Mr
2527 5306 119 28 Hunter.
2648 5305 93 28 The

2114 5346 138 26 valuation
2266 5346 29 26 of
2304 5345 46 27 the
2364 5345 79 27 horse
2457 5345 13 26 I
2484 5346 87 26 arrive
2586 5348 26 24 at
2637 5344 108 35 myself.

2114 5383 14 27 I
2141 5392 67 25 gave
2232 5383 38 28 3
2293 5382 54 27 and
2373 5383 115 27 another
2507 5382 80 27 horse
2613 5382 40 27 for
2676 5382 68 27 him.

2114 5422 56 27 The
2184 5421 78 28 other
2276 5421 78 28 horse
2377 5432 55 17 was
2455 5425 47 25 not
2527 5420 97 29 valued
2647 5423 27 26 at
2699 5421 46 28 6.

2115 5461 56 26 The
2185 5469 96 17 reason
2296 5460 13 26 I
2323 5460 47 27 left
2383 5469 47 27 my
2444 5460 78 27 horse
2537 5463 27 23 at
2587 5459 159 27 Husband's

2116 5508 53 18 was
2186 5498 90 35 owing
2289 5501 27 25 to
2330 5497 57 29 him
2403 5502 48 25 not
2476 5499 79 34 being
2576 5498 77 28 shod.
2690 5497 57 28 The

2115 5537 65 35 only
2193 5538 67 26 time
2274 5537 12 25 I
2301 5545 63 18 ever
2377 5537 159 27 threatened
2551 5537 46 26 the
2611 5537 68 34 boys
2692 5546 54 17 was

2116 5574 78 28 when
2209 5574 13 27 I
2237 5573 82 29 asked
2334 5574 75 29 them
2423 5579 27 24 to
2463 5574 47 29 tell
2533 5584 44 18 me
2600 5574 47 28 the
2672 5574 75 28 truth

2115 5613 83 29 about
2211 5613 45 27 the
2270 5613 85 28 affair.
2394 5614 12 26 I
2420 5614 106 28 recived
2540 5623 15 18 a
2578 5614 79 28 letter
2678 5613 68 27 from

2117 5652 44 27 Mr
2173 5652 70 27 Kerr
2255 5651 152 37 respecting
2421 5661 46 26 my
2477 5653 91 27 action
2577 5651 117 28 towards
2705 5651 42 27 his

2116 5700 48 18 son

2150 5729 103 26 Emma
2284 5728 181 27 Husband.
2477 5729 14 26 I
2521 5728 155 27 remember
2706 5727 42 28 Mr

2118 5767 127 28 Goddard
2258 5766 110 34 leaving
2382 5767 40 26 his
2445 5767 79 28 horse
2550 5771 27 24 at
2602 5776 49 19 our
2664 5766 84 36 place,

2102 5805 3 41 j
2119 5807 12 25 I
2145 5814 54 19 was
2213 5806 141 34 returning
2378 5806 80 26 home
2472 5806 71 26 from
2569 5805 92 27 school
2683 5806 65 26 witii

2117 5844 103 30 several
2233 5844 123 30 children
2370 5853 100 28 among
2483 5844 90 30 whom
2590 5854 54 19 was
2658 5842 90 32 Willie

2750 252 118 33 Hunter,
2879 252 61 28 who
2964 252 84 28 threw
3070 257 91 23 stones
3184 257 27 24 at
3232 255 45 25 the
3304 254 78 27 horse

2749 291 53 28 and
2815 298 40 21 set
2869 291 42 28 his
2924 291 65 35 dogs
3003 301 34 19 on
3052 291 67 34 him,
3135 292 12 28 I
3162 292 68 29 have
3246 298 47 23 not
3319 301 62 20 seen

2750 330 44 27 the
2809 330 78 27 horse
2907 330 73 27 since
2994 331 75 26 then.

2783 367 80 28 Cross
2888 377 41 20 ex,
2954 367 36 37 by
3016 368 44 28 Mr
3088 369 167 28 Hunter.-I
3277 379 45 17 am
3350 371 32 25 15

2749 416 78 26 years
2839 407 30 27 of
2885 417 57 24 age.
2979 407 36 27 At
3029 407 44 28 the
3087 409 65 26 time
3169 409 89 27 Willie
3272 409 110 26 Hunter

2750 454 54 19 was
2818 447 75 26 there
2907 445 46 27 the
2967 445 79 28 horse
3060 456 56 17 was
3131 457 33 17 on
3187 447 45 28 the
3255 447 75 27 road.
3368 447 10 26 J

2749 493 45 18 am
2808 493 59 18 sure
2882 484 34 27 he
2928 483 85 29 threw
3025 489 91 23 stones
3131 491 27 22 at
3173 485 46 28 the
3241 486 89 27 horse.
3368 486 10 26 I

2749 531 45 18 am
2820 527 47 23 not
2888 522 103 28 certain
3010 522 83 29 ahout
3120 524 57 27 him
3204 525 110 35 putting
3335 524 45 27 the

2749 560 66 34 dogs
2829 570 43 22 on,
2889 560 130 37 although
3036 561 12 27 I
3063 561 84 29 heard
3162 562 84 28 them.

2783 599 74 29 John
2873 599 77 29 Reid.
2952 600 48 26 I
3015 609 45 18 am
3075 601 32 27 14
3121 611 78 26 years
3213 602 30 27 of
3259 611 58 26 age,
3342 604 25 25 at-

2749 637 65 27 tend
2827 637 93 27 school
2933 638 54 26 and
3001 647 45 17 am
3071 639 29 26 in
3121 640 45 26 the
3179 640 48 26 3rd
3242 640 139 26 standard.

2750 674 164 29 Remember
2926 675 106 33 August
3044 675 58 28 3rd.
3139 676 13 27 I
3167 686 55 19 saw
3244 676 45 28 Mr
3310 676 53 29 God-

2749 713 90 28 dard's
2853 713 79 28 horse
2954 713 108 37 feeding
3075 715 138 34 alongside
3237 716 47 28 the
3305 716 75 31 road,

2750 753 53 26 and
2816 753 80 26 when
2911 753 12 25 1
2938 753 95 34 passed
3046 753 59 27 him
3125 754 34 27 he
3172 764 77 18 came
3262 755 121 32 running

2750 800 35 26 up
2800 795 27 24 to
2837 800 43 19 me
2890 790 66 28 with
2965 790 90 29 Willie
3067 792 110 29 Hunter
3186 793 55 28 and
3251 798 53 23 two
3316 793 66 35 dogs

2749 828 111 29 behind.
2909 829 57 27 The
2992 829 77 29 horse
3094 832 70 27 after
3185 832 96 36 falling
3304 841 36 18 on
3367 842 15 17 a

2750 867 92 36 bridge
2866 871 73 24 went
2963 867 57 28 into
3051 868 46 28 the
3121 869 69 29 bush
3216 870 54 28 and
3292 870 90 28 Willie

2753 905 109 27 Hunter
2874 905 124 26 followed
3011 906 65 26 him.
3121 907 14 26 I
3156 908 69 26 have
3246 917 65 17 seen
3335 908 47 26 the

2750 942 68 28 dead
2831 941 71 37 body
2916 941 29 29 of
2963 941 46 29 the
3031 942 88 34 horse,
3143 943 47 30 but
3210 948 49 26 not
3281 945 29 28 iu
3332 945 47 29 the

2751 990 74 19 same
2839 981 75 35 place
2926 990 30 18 as
2970 981 13 26 I
2999 981 53 28 last
3065 991 54 18 saw
3133 983 57 28 him
3200 985 78 26 alive.

2785 1019 80 28 Cross
2887 1028 41 18 ex.
2954 1018 35 36 by
3020 1019 202 30 Hunter.Mr
3252 1021 129 29 Goddard

2753 1057 158 28 threatened
2924 1067 43 17 me
2980 1057 62 28 that
3064 1059 24 27 if
3105 1060 15 26 I
3142 1060 46 27 did
3201 1065 49 23 not
3263 1061 47 27 tell
3335 1061 47 27 the

2751 1095 75 27 truth
2840 1095 82 27 about
2935 1095 45 27 the
2996 1101 99 23 matter
3108 1098 34 27 he
3156 1098 90 28 would
3267 1107 50 27 puc
3337 1108 45 18 me

2752 1135 26 26 in
2789 1134 59 35 jail.
2885 1134 45 26 He
2943 1133 45 27 did
3002 1140 47 20 not
3060 1140 106 31 request
3175 1146 44 18 me
3229 1141 27 23 to
3265 1136 47 29 tell
3323 1136 57 28 him

2752 1173 61 26 that
2837 1171 91 28 Willie
2952 1172 110 27 Hunter
3083 1174 146 27 interfered
3248 1175 66 27 with
3338 1176 44 26 the

2751 1209 88 28 horse.

2786 1249 66 27 This
2865 1247 91 29 closed
2970 1248 46 28 the
3039 1259 61 19 ease
3126 1250 41 28 for
3188 1251 46 28 the
3255 1251 127 36 plaintiff.

2755 1284 117 30 William
2884 1286 170 28 Hunter.l
3067 1288 95 28 attend
3175 1289 47 27 the
3236 1289 71 28 Fern
3322 1289 61 28 Flat

2752 1324 92 28 school
2858 1325 14 27 I
2886 1325 153 29 remember
3052 1326 46 29 the
3120 1327 123 28 occasion
3265 1327 26 29 of
3311 1327 54 29 God-

2752 1362 91 28 dard's
2856 1363 79 28 horse
2957 1363 81 35 being
3057 1374 35 18 on
3114 1366 47 27 the
3177 1366 76 27 road.
3286 1366 101 35 Myself

2752 1401 55 27 and
2827 1401 115 29 another
2964 1401 52 36 boy
3037 1413 69 19 were
3131 1402 99 35 rolling
3243 1407 92 25 stones
3347 1414 35 18 on

2752 1440 46 27 the
2811 1440 67 27 road
2893 1440 53 28 and
2956 1441 47 27 the
3013 1441 79 29 horse
3102 1442 109 28 became
3221 1443 162 35 frightened.

2787 1478 121 28 Thomas
2944 1479 114 26 Ken*.
3065 1481 14 25 I
3117 1479 79 29 knew
3232 1481 152 27 Goddard's

2752 1515 89 35 horse,
2854 1515 48 30 but
2916 1521 48 24 not
2976 1517 155 37 sufficently
3145 1522 27 26 to
3194 1520 126 28 estimate
3342 1519 43 28 his

2753 1555 87 26 value.
2877 1555 15 26 I
2905 1555 92 27 would
3009 1560 48 23 not
3069 1557 125 27 consider
3217 1557 59 27 him
3297 1558 87 26 worth

2754 1592 55 29 ls

2786 1632 95 28 Alfred
2912 1632 150 29 Smith.l
3098 1633 91 29 would
3224 1634 79 28 value
3338 1634 46 28 the

2754 1668 76 30 horse
2844 1674 28 24 at
2885 1670 120 29 between
3025 1672 38 28 5
3082 1671 55 29 and
3264 1672 44 28 He
3329 1682 56 20 was

2753 1709 68 35 aged
2843 1708 55 29 and
2922 1714 90 32 pretty
3037 1711 61 28 well
3121 1710 87 28 shook
3232 1710 92 29 about:
3371 1712 14 27 I

2754 1747 89 28 would
2856 1752 47 23 not
2916 1748 61 35 give
2990 1758 75 18 more
3079 1749 68 28 than
3170 1750 38 27 7
3232 1759 31 17 or
3347 1750 40 26 for

2754 1785 65 26 him.

2790 1822 43 27 Mr
2849 1822 112 29 Hunter
2982 1824 79 29 made
3080 1834 16 19 a
3114 1827 148 25 statement
3281 1825 105 36 mainly

2754 1860 123 37 showing
2884 1862 46 27 the
2938 1871 160 28 annoyance
3107 1863 56 28 and
3172 1863 212 28 inconvenience

2754 1899 99 28 caused
2883 1900 118 37 through
3031 1902 96 36 people
3157 1901 129 35 allowing
3317 1902 71 27 their

2755 1937 93 29 horses
2862 1942 27 24 to
2903 1938 142 38 depasture
3058 1950 35 19 on
3107 1940 47 28 the
3168 1940 76 28 main
3257 1940 74 28 road.

2791 1976 45 27 Mr
2849 1976 152 37 Moynihan
3020 1978 146 28 addressed
3184 1978 47 28 the
3244 1978 84 28 Court
3349 1978 39 28 for

2755 2013 42 28 his
2811 2015 91 27 client.

2790 2052 59 27 The
2877 2053 158 35 Magistrate
3064 2055 29 26 in
3124 2054 94 35 giving
3243 2054 145 36 judgment

2756 2089 59 28 said
2834 2089 60 30 that
2913 2091 33 29 he
2959 2091 159 30 considered
3137 2092 46 29 the
3203 2102 61 19 case
3284 2091 103 39 proved

2756 2129 53 27 and
2823 2131 144 27 remarked
2980 2132 123 35 strongly
3115 2142 36 18 on
3164 2132 46 27 the
3224 2132 116 35 liability
3363 2133 25 26 of

2757 2166 138 29 accidents
2908 2178 35 17 on
2957 2177 107 19 narrow
3077 2169 81 27 roads
3168 2171 220 33 inconsequence

2757 2204 30 28 of
2814 2204 66 38 dogs
2905 2206 81 38 being
3009 2206 115 30 allowed
3149 2211 28 26 to
3206 2216 52 20 run
3289 2213 48 23 out
3362 2211 26 25 at

2757 2243 110 34 horses;
2886 2245 34 28 he
2935 2255 55 18 was
3004 2251 48 23 not
3069 2246 121 28 inclined
3210 2250 27 24 to
3250 2247 80 27 allow
3345 2246 43 28 the

2757 2287 113 23 amount
2889 2284 29 26 of
2933 2283 130 36 damages
3082 2284 126 33 claimed,
3227 2284 49 27 but
3300 2283 88 29 would

2757 2319 62 28 take
2844 2321 46 26 the
2915 2322 126 27 estimate
3066 2323 31 26 of
3124 2323 45 26 Mr
3194 2322 90 28 Smith
3298 2326 29 23 at
3353 2323 35 26 1

2757 2356 66 28 with
2848 2357 45 37 25/
2911 2363 72 24 costs
3001 2358 55 29 and
3082 2359 37 29 .1
3145 2360 39 28 Is.
3209 2359 179 37 professional

2756 2394 50 27 fee.

2756 2478 134 33 NOTES
2921 2479 113 32 FROM
3055 2481 26 30 A
3102 2480 106 31 BACK
3240 2480 148 31 GULLY.

2949 2568 57 39 [by
3042 2570 163 38 korari.]

2963 2663 110 28 Piccolo
3097 2664 122 28 Charlie.

2791 2709 109 36 Among
2908 2709 46 29 the
2966 2719 84 26 many
3060 2711 154 28 characters
3222 2711 30 28 of
3261 2711 46 28 the
3319 2712 74 35 early

2759 2747 75 28 West
2858 2748 80 27 Coast
2952 2747 68 37 days
3032 2758 56 18 was
3111 2751 17 12 '
3139 2749 106 28 Piccolo
3257 2750 108 27 Charlie

2776 2790 16 11 44
2804 2786 87 27 better
2910 2786 108 27 kenned
3031 2787 68 27 than
3294 2797 31 18 as
3346 2788 47 27 the

2759 2824 98 29 Scotch
2871 2834 58 28 say.
2966 2825 44 28 He
3024 2834 55 19 was
3089 2834 16 20 a
3118 2827 107 28 curious
3238 2826 156 38 compound

2759 2864 30 27 of
2799 2864 147 35 humanity
2959 2873 56 18 was
3034 2869 17 10 *'
3063 2865 135 27 Piccolo.'*
3234 2866 15 26 J
3264 2865 54 27 had
3335 2866 59 26 him

2759 2900 155 37 frequently
2927 2900 66 28 with
3008 2909 44 19 me
3065 2909 35 19 on
3114 2901 89 28 works
3219 2901 65 28 both
3299 2911 34 19 on
3348 2902 47 28 the

2761 2939 75 28 West
2848 2938 82 28 Coast
2943 2938 55 28 and
3010 2939 29 27 in
3053 2939 179 36 Canterbury,
3248 2940 54 28 and
3314 2941 83 27 when

2759 2977 35 26 he
2808 2986 56 18 was
2878 2976 77 27 sober
2968 2977 34 27 he
3015 2986 56 18 was
3081 2987 63 25 very
3156 2978 69 34 good
3239 2987 138 27 company
3388 2987 6 23 ;

2759 3015 41 26 for
2812 3013 152 28 confirmed
2985 3014 87 27 loafer
3093 3024 30 18 as
3146 3015 34 28 he
3201 3024 65 23 was,
3279 3016 35 27 he
3339 3016 55 27 still

2760 3052 54 29 had
2828 3062 75 18 some
2916 3062 121 18 remains
3050 3054 27 27 ot
3090 3052 87 29 better
3186 3053 114 36 feelings
3312 3053 83 30 about

2761 3091 68 32 him,
2844 3090 54 28 and
2911 3098 50 21 one
2975 3091 30 27 of
3017 3091 42 27 his
3071 3092 182 36 peculiarities
3266 3102 55 18 was
3335 3092 61 29 that

2760 3130 34 27 he
2808 3139 82 18 never
2914 3129 68 28 used
3003 3129 53 28 bad
3080 3131 143 36 language.
3274 3132 45 26 He
3342 3131 54 27 had

2761 3168 66 28 been
2841 3167 131 27 educated
2985 3171 28 24 at
3027 3168 40 27 St.
3080 3168 85 27 Omer
3175 3169 29 27 in
3227 3168 105 28 France
3354 3169 42 27 for

2760 3215 16 18 a
2789 3205 167 35 clergyman,
2970 3205 50 28 but
3031 3206 145 35 gradually
3193 3206 151 28 descended
3366 3207 28 26 in

2761 3243 45 28 the
2820 3243 82 28 social
2914 3243 72 27 scale
3000 3242 42 28 till
3055 3243 35 27 he
3104 3242 111 30 became
3227 3243 45 29 the
3286 3243 110 29 hardest

2761 3290 59 20 case
2833 3283 29 26 in
2872 3281 47 28 the
2930 3281 114 36 Colony.
3081 3281 45 28 He
3137 3290 77 20 came
3226 3285 27 25 to
3262 3281 134 30 Hokitika

2760 3329 29 18 as
2803 3320 92 26 leader
2907 3319 30 27 of
2947 3328 14 18 a
2975 3319 73 27 baud
3058 3328 36 18 on
3104 3329 17 18 a
3135 3320 91 35 salary
3236 3320 29 27 of
3278 3321 54 27 l6
3347 3330 47 25 per

2761 3356 90 35 week;
2871 3356 33 28 he
2915 3356 89 30 didn't
3017 3356 68 38 keep
3097 3357 61 29 that
3171 3358 74 35 long,
3259 3357 49 30 but
3331 3367 65 28 very

2760 3407 66 19 soon
2850 3396 97 38 played
2970 3396 113 30 himself
3098 3397 37 29 all
3156 3407 66 20 over
3243 3397 47 30 the
3315 3398 82 29 Coast

2760 3436 66 27 with
2839 3436 44 26 his
2894 3436 75 32 flute,
2982 3445 36 17 on
3030 3436 89 26 which
3142 3436 35 27 he
3189 3445 57 18 was
3259 3446 16 17 a
3295 3438 101 34 perfect

2759 3474 89 33 artist,
2860 3473 145 37 travelling
3015 3473 70 29 from
3097 3482 52 20 one
3161 3473 91 37 public
3264 3473 85 30 house
3363 3479 28 23 to

2760 3513 125 33 another,
2898 3513 55 28 and
2966 3513 70 28 from
3058 3513 137 36 township
3209 3516 27 26 to
3258 3514 137 35 township

2761 3551 41 28 till
2822 3551 14 27 I
2849 3550 81 28 think
2943 3551 34 28 he
2999 3554 76 25 must
3095 3551 71 27 have
3191 3551 97 28 visited
3313 3561 84 27 every

2761 3589 73 29 hotel
2848 3598 36 19 on
2897 3589 46 28 the
2954 3589 91 28 Coast.
3082 3589 45 28 He
3140 3588 91 29 would
3240 3590 157 27 sometimes

2760 3636 78 26 carry
2851 3636 75 19 some
2940 3627 91 35 paints
3043 3627 55 28 and
3110 3627 115 28 brushes
3246 3628 66 27 with
3337 3628 59 27 him

2761 3665 53 29 and
2827 3666 76 36 paint
2915 3664 159 37 signboards
3086 3664 80 30 when
3180 3674 16 19 a
3209 3666 60 36 pint
3282 3666 30 28 of
3332 3665 64 29 beer

2760 3715 57 17 was
2829 3708 48 24 not
2890 3705 158 35 procurable
3064 3704 158 28 otherwise:
3242 3704 49 28 but
3314 3706 82 26 times

2761 3742 54 27 had
2827 3745 29 24 to
2869 3742 32 27 be
2915 3751 65 26 very
2994 3742 52 27 bad
3058 3742 100 27 indeed
3170 3741 91 28 before
3285 3742 110 28 Charlie

2761 3779 90 28 would
2873 3780 88 28 tackle
2981 3780 84 28 work.
3109 3779 45 28 He
3176 3779 47 28 did
3244 3779 84 29 about
3351 3788 46 20 ten

2761 3817 89 29 weeks
2863 3818 66 27 with
2951 3826 45 19 me
3008 3826 76 20 once.
3128 3817 29 28 It
3178 3826 56 19 was
3257 3817 99 37 during
3379 3828 16 18 a

2761 3866 66 26 very
2839 3866 92 19 severe
2956 3856 113 34 winter;
3088 3855 54 30 and
3163 3855 82 30 when
3264 3855 34 30 he
3319 3866 78 19 came

2762 3895 34 27 he
2826 3894 54 28 had
2905 3895 66 35 only
2997 3904 16 19 a
3036 3895 62 27 thin
3123 3894 101 36 ragged
3249 3895 69 27 shirt
3341 3895 55 28 and

2763 3935 118 26 trousers
2900 3940 52 21 on:
2971 3942 36 19 no
3027 3931 135 34 blankets,
3175 3935 59 25 tent
3246 3941 32 19 or
3299 3932 99 29 decent

2763 3972 76 28 boots
2852 3980 76 20 even.
2974 3971 147 32 However,
3140 3980 41 18 we
3205 3970 137 36 managed
3368 3975 26 25 to

2761 4008 38 27 fix
2812 4009 59 25 him
2886 4017 36 26 up
2936 4009 55 26 aud
3005 4009 79 26 when
3098 4008 34 27 he
3145 4007 51 28 left
3217 4008 35 27 he
3266 4009 55 26 had
3342 4009 56 26 .l4

2764 4049 25 24 to
2803 4045 83 28 draw.
2923 4045 14 28 I
2952 4045 71 28 tried
3036 4049 28 24 to
3074 4045 68 36 keep
3152 4044 56 29 this
3221 4044 41 29 for
3274 4045 58 28 him
3354 4045 44 29 till

2763 4093 40 18 we
2815 4087 47 31 got
2881 4087 28 24 to
2931 4084 47 27 the
3000 4083 146 36 township,
3160 4082 49 28 but
3230 4083 77 28 there
3328 4092 69 18 were

2762 4122 41 27 six
2814 4121 69 37 pubs
2897 4125 28 24 to
2937 4130 64 27 pass
3013 4121 29 27 in
3056 4120 83 29 about
3151 4120 54 28 five
3218 4120 88 28 miles.
3352 4122 45 27 He

2762 4164 46 31 got
2830 4160 35 35 by
2890 4160 75 27 three
2991 4159 30 28 of
3047 4159 88 32 them,
3160 4158 49 28 but
3232 4158 49 28 the
3305 4159 91 28 fourth

2763 4198 118 36 brought
2893 4196 59 29 him
2965 4205 37 30 up
3015 4196 54 29 and
3079 4196 16 28 I
3107 4196 56 28 had
3175 4200 28 25 to
3212 4196 62 37 give
3283 4196 59 28 him
3356 4196 42 29 his

2763 4245 110 27 money.
2910 4236 65 28 Two
2996 4236 68 35 days
3084 4235 159 28 afterwards
3264 4235 35 28 he
3321 4245 77 19 came

2763 4274 57 27 into
2841 4278 82 27 town,
2937 4273 66 29 with
3025 4273 47 29 the
3094 4281 77 20 same
3192 4273 46 27 old
3259 4281 70 27 rags,
3352 4273 46 28 the

2763 4311 102 37 piccolo
2887 4311 55 29 and
2964 4315 95 34 empty
3081 4310 120 38 pockets,
3217 4310 50 29 but
3291 4312 55 27 still
3368 4322 30 18 as

2764 4351 91 35 happy
2868 4360 30 17 as
2909 4360 74 18 ever-
3020 4350 16 27 I
3048 4350 47 27 did
3108 4353 49 24 not
3170 4353 42 24 set
3219 4358 64 26 eyes
3294 4359 36 18 on
3340 4351 57 26 him

2763 4388 41 28 for
2814 4397 74 19 some
2898 4397 80 27 years
2988 4387 41 29 'til
3038 4396 52 20 one
3100 4386 53 38 day
3163 4387 29 27 in
3201 4386 195 29 Christchureh

2765 4426 46 29 the
2828 4426 121 29 familiar
2971 4428 101 27 strains
3093 4425 30 29 of
3140 4425 133 29 Charlie's
3293 4426 105 37 piccolo
3410 4420 1 43 !

2765 4464 121 29 sounded
2898 4466 30 26 in
2940 4474 49 27 my
3002 4474 60 19 ears
3074 4464 56 28 and
3142 4464 111 36 looking
3274 4464 89 28 round
3385 4465 13 26 I

2765 4513 55 19 saw
2833 4513 48 27 my
2894 4503 45 28 old
2952 4503 197 38 acquaintance
3163 4506 28 24 at
3204 4503 43 27 his
3266 4503 133 27 favourite

2765 4542 161 35 occupation
2939 4542 112 35 playing
3064 4541 41 28 for
3118 4550 16 18 a
3147 4541 68 35 pint.
3252 4541 14 26 I
3280 4545 73 23 went
3363 4550 36 26 up

2766 4583 27 24 to
2806 4579 59 28 him
2879 4578 53 29 and
2944 4579 70 28 after
3026 4578 155 36 borrowing
3192 4587 16 19 a
3222 4577 111 37 shilling
3345 4579 51 26 and

2766 4618 128 35 shouting
2907 4617 33 29 he
2953 4617 59 28 said
3033 4617 34 28 he
3080 4617 91 28 would
3189 4616 55 29 like
3265 4621 28 24 to
3306 4626 33 26 go
3365 4627 34 25 up

2766 4660 116 31 country
2895 4659 28 25 to
2935 4655 75 28 work
3024 4656 40 27 for
3076 4664 53 18 me.
3167 4655 36 27 So
3216 4655 15 27 I
3250 4664 68 26 gave
3341 4654 57 28 him

2767 4703 16 18 a
2796 4694 112 35 railway
2921 4702 71 27 pass,
3006 4703 30 18 as
3050 4693 15 27 I
3086 4692 79 28 knew
3187 4701 102 28 money
3311 4692 89 28 would

2766 4732 33 28 be
2812 4741 36 19 no
2860 4732 78 37 good,
2951 4732 55 28 and
3019 4731 103 29 started
3133 4731 58 28 him
3211 4734 29 25 to
3253 4741 16 18 a
3288 4731 111 36 railway

2768 4775 123 23 contract
2921 4776 28 22 to
2973 4771 34 27 do
3031 4779 76 19 some
3132 4770 125 36 painting
3280 4769 42 28 for
3347 4779 53 18 mo.

2769 4810 89 27 When
2872 4810 14 27 I
2907 4812 75 25 went
2994 4808 68 29 back
3083 4812 28 25 to
3124 4808 46 28 the
3192 4817 81 27 camp
3287 4818 16 18 a
3328 4808 73 28 weak

2768 4846 157 29 afterwards
2949 4856 47 26 my
3020 4852 111 30 partner
3154 4845 84 28 asked
3255 4846 75 27 what
3356 4846 45 26 the

2769 4884 110 29 dickens
2893 4885 14 28 I
2921 4889 93 24 meant
3035 4884 116 35 sending
3170 4892 37 28 up
3222 4892 16 19 a
3260 4892 65 19 man
3349 4883 53 28 like

2769 4924 60 27 that
2841 4924 41 27 for
2895 4927 27 23 to
2935 4923 83 31 work,
3032 4922 54 28 and
3099 4922 59 27 said
3177 4921 35 27 he
3224 4922 55 26 had
3297 4922 102 26 started

2770 4960 59 28 him
2841 4960 40 28 off
2899 4964 29 24 at
2940 4968 76 20 once.
3060 4959 66 27 This
3147 4963 111 31 partner
3276 4958 30 28 of
3328 4959 75 27 mint)

2770 4998 54 28 had
2838 5008 36 18 no
2897 4998 59 28 soul
2970 4998 40 27 for
3031 4997 97 29 music.
3174 4997 137 28 However
3335 4997 69 28 after

2771 5047 15 18 a
2799 5037 82 28 while
2894 5036 109 29 Charlie
3017 5035 95 28 turned
3123 5044 37 26 up
3172 5035 81 33 again
3261 5035 54 27 and
3326 5035 12 26 I
3349 5035 52 27 had

2843 5075 65 27 with
2922 5083 44 18 me
2985 5074 41 27 for
3047 5083 75 18 some
3144 5072 112 28 months
3274 5072 66 28 with
3363 5073 26 27 in-

2772 5113 99 27 tervals
2883 5113 30 27 of
2923 5121 99 27 sprees.
3068 5110 107 36 Duriug
3196 5110 61 28 that
3279 5110 67 28 time
3370 5111 35 27 he

2771 5150 110 28 showed
2903 5160 44 17 me
2969 5150 93 27 letters
3081 5150 35 26 he
3137 5148 54 28 had
3215 5148 70 27 from
3299 5158 13 16 a
3335 5149 68 34 legal

2773 5188 61 28 firm
2856 5188 149 35 informing
3025 5188 58 27 him
3107 5187 59 28 that
3181 5186 43 28 his
3246 5186 89 28 father
3351 5187 36 27 ha
3398 5188 5 26 i

2773 5226 60 29 died
2848 5227 54 28 and
2915 5227 46 27 left
2982 5236 16 18 a
3012 5226 73 36 large
3098 5226 108 28 fortune
3231 5230 26 22 to
3268 5225 69 33 him,
3352 5226 51 27 and

2773 5265 125 28 enclosed
2912 5275 15 17 a
2940 5265 72 27 draft
3031 5265 40 27 for
3085 5265 73 27 .SOO
3181 5269 27 22 to
3229 5272 56 27 pay
3298 5263 43 28 his
3363 5274 28 17 ex-

2774 5312 96 27 penses
2883 5303 81 28 home
3010 5303 14 27 I
3039 5302 49 29 felt
3107 5310 65 28 very
3185 5301 63 37 glad
3269 5302 56 28 and
3344 5312 46 18 con-

2773 5341 153 36 gratulated
2948 5341 68 28 him.
3065 5341 44 27 He
3131 5339 68 33 said,
3248 5339 85 29 Don't
3352 5351 54 25 you

2775 5379 46 28 tell
2834 5388 54 27 any
2901 5379 29 27 of
2950 5379 45 28 the
3011 5379 65 35 boys
3090 5378 29 27 of
3139 5378 73 33 this;
3232 5378 14 27 I
3260 5387 46 19 am
3327 5380 81 34 going

2775 5421 26 25 to
2815 5418 66 28 send
2894 5418 55 28 this
2962 5427 100 26 money
3075 5416 78 34 back,
3168 5416 14 28 I
3196 5416 69 29 have
3278 5418 65 36 only
3357 5428 51 18 one

2775 5458 78 26 sister
2874 5458 28 25 in
2915 5457 46 26 the
2982 5456 85 27 world
3080 5455 53 27 and
3154 5455 47 27 she
3215 5456 23 26 is
3259 5465 64 27 very
3347 5458 61 25 well

2775 5494 157 33 connected,
2947 5494 54 28 and
3013 5494 22 28 if
3053 5494 13 27 I
3082 5496 72 26 went
3175 5493 82 29 home
3280 5494 15 28 I
3318 5495 90 28 would

2775 5534 64 34 only
2852 5534 32 26 be
2898 5543 16 17 a
2926 5534 120 34 disgrace
3070 5536 27 23 to
3111 5533 57 31 her,
3183 5533 13 26 I
3217 5541 45 18 am
3282 5539 62 29 past
3370 5543 25 16 re-

2775 5571 138 37 demption
2926 5571 55 28 and
2994 5571 44 28 it's
3052 5580 34 19 no
3100 5570 68 36 good
3183 5579 44 19 me
3241 5571 91 36 trying
3345 5580 63 19 ever

2776 5615 27 23 to
2827 5610 32 27 be
2883 5620 15 17 a
2920 5609 158 34 gentleman
3255 5609 14 28 I
3292 5609 68 28 tried
3384 5616 26 20 to

2777 5658 94 17 reason
2885 5649 64 26 with
2965 5647 55 28 him
3036 5649 47 26 but
3097 5653 26 22 to
3137 5656 35 18 no
3195 5656 124 28 purpose.
3365 5648 44 26 lie

2776 5682 63 40 kept
2853 5694 26 21 to
2893 5687 43 27 his
2949 5686 136 28 intention
3106 5686 53 27 and
3174 5686 41 27 for
3236 5696 75 18 some
3331 5696 79 24 years

2777 5726 67 26 after
2858 5725 13 27 I
2889 5725 155 36 frequently
3058 5733 56 19 saw
3140 5724 66 31 him,
3220 5724 54 27 and
3298 5724 33 27 he
3356 5734 55 17 was

2778 5764 100 36 always
2892 5764 45 27 the
2952 5773 73 18 same
3040 5762 92 37 happy
3141 5762 126 28 drunken
3281 5762 109 28 Bohemi-

2777 5812 43 16 an.
2869 5802 12 26 I
2904 5802 78 31 have,
2998 5802 72 26 since
3082 5802 12 26 I
3109 5802 46 26 left
3168 5802 45 26 the
3227 5802 90 28 south,
3329 5802 82 26 he'ird

2763 5840 1 30 I
2778 5841 58 29 that
2851 5841 33 29 he
2898 5841 22 29 is
2934 5840 67 30 dead
3015 5848 5 21 :
3041 5840 61 30 And
3120 5840 33 29 lie
3168 5850 55 20 was
3246 5850 50 20 one
3317 5841 30 29 of
3366 5840 45 30 the

3410 250 115 29 colonial

3410 290 145 29 education
3570 289 21 27 is
3607 296 25 21 to
3647 298 14 16 a
3682 295 74 19 man.

3636 336 23 26 A
3675 334 139 28 Pcrisher.

3446 385 119 36 Perhaps
3579 392 47 26 my
3640 381 108 28 readers
3761 381 27 28 in
3803 380 46 28 the
3873 380 94 29 sett'ed
3993 382 54 27 and

3409 425 121 28 civilised
3554 422 120 28 districts
3695 430 45 18 are
3754 425 48 22 not
3828 429 87 18 aware
3935 421 74 27 what
4033 432 16 17 a

3410 471 15 7 '*
3438 463 120 35 perUher
3605 463 31 25 is.
3683 461 63 34 Any
3760 459 44 27 old
3817 459 93 34 digger
3924 468 48 19 can
3997 461 47 26 tell

3409 512 64 25 you,
3487 501 49 27 but
3552 501 7 25 1
3577 500 124 36 question
3715 498 23 28 if
3748 498 46 28 the
3808 498 72 27 word
3896 498 21 26 is
3939 498 106 28 defined

3410 541 25 26 in
3451 550 53 24 any
3519 539 152 33 dictionary
3685 537 65 27 with
3765 546 56 25 any
3831 536 167 35 pretentions
4017 541 28 23 to

3409 590 15 16 a
3438 578 160 35 knowledge
3619 577 30 28 of
3669 576 107 34 mining
3799 574 188 38 phraseology.
4033 576 14 27 I

3410 628 65 25 may
3488 627 49 26 say
3551 618 59 26 that
3631 616 13 26 I
3664 616 70 26 have
3757 624 82 17 never
3861 624 73 17 come
3955 624 90 18 across

3410 656 46 26 the
3469 660 69 22 term
3552 656 28 25 in
3593 662 55 27 any
3662 652 74 27 work
3747 661 36 18 on
3793 652 148 35 philology.
3981 652 46 26 Pro-

3411 694 85 28 fessor
3511 693 63 28 Max
3590 691 113 29 Mueller
3717 690 62 28 does
3793 694 47 23 not
3855 691 121 27 mention
3988 691 20 27 it
4017 695 28 24 at

3410 743 54 24 any
3477 737 66 23 rate.
3581 732 58 27 The
3654 730 74 28 word
3741 730 50 27 has
3806 729 67 28 been
3895 729 66 28 used
3986 740 63 18 ever

3410 772 73 27 since
3498 771 12 26 I
3522 771 58 27 first
3593 769 79 28 knew
3685 768 47 28 the
3746 768 82 27 Coast
3844 767 63 35 (and
3922 767 59 29 that
3994 769 22 26 is
4030 778 15 18 a

3409 810 64 33 long
3496 809 66 28 time
3584 809 61 35 ago)
3668 813 27 23 to
3717 807 98 28 denote
3838 816 35 18 an
3896 807 151 28 individual

3410 848 62 27 who
3486 848 50 28 has
3550 846 153 29 descended
3723 856 30 18 so
3775 846 51 27 low
3843 846 27 27 in
3894 846 47 28 the
3964 847 84 27 social

3410 887 71 27 scale
3496 886 59 28 that
3569 886 34 26 he
3617 884 55 28 had
3685 894 78 18 come
3779 891 26 20 to
3821 884 31 27 be
3864 884 96 28 looked
3973 894 75 25 upon

3410 933 30 17 as
3465 933 15 17 a
3506 928 55 22 sort
3588 922 29 27 of
3640 921 178 37 professional
3852 921 92 27 loafer.
3996 922 53 26 His

3410 961 114 29 method
3537 962 30 28 of
3577 961 86 35 living
3676 969 55 19 was
3744 970 16 18 a
3774 964 123 32 mystery
3910 964 27 24 to
3951 959 41 28 his
4005 970 28 18 ac-

3410 1002 187 34 quaintances,
3608 1000 41 27 for
3661 999 101 27 friends
3774 999 33 27 he
3819 999 54 26 had
3884 1008 80 18 none.
4003 1000 45 26 He

3411 1049 55 18 was
3485 1048 84 19 never
3588 1038 101 29 known
3711 1042 28 25 to
3753 1037 84 33 work,
3851 1037 34 28 he
3909 1047 82 18 never
4012 1037 36 37 by

3410 1087 54 25 any
3479 1078 102 27 chance
3603 1081 47 31 got
3671 1086 75 17 more
3772 1077 67 26 than
3867 1076 76 27 three
3968 1076 81 27 miles

3409 1115 69 29 from
3493 1125 15 18 a
3523 1115 54 37 pub
3591 1123 7 24 ;
3617 1115 34 28 he
3664 1124 56 18 was
3732 1124 84 18 never
3828 1119 47 23 out
3888 1114 30 28 of
3927 1114 46 28 the
3984 1123 61 27 way

3410 1155 79 27 when
3512 1154 128 35 anybody
3663 1163 55 17 was
3766 1153 221 36 shoutinghe
4009 1154 24 26 al-

3411 1201 72 26 ways
3497 1192 54 27 had
3565 1202 15 16 a
3602 1191 133 36 plausible
3757 1199 70 27 yarn
3849 1200 35 17 on
3905 1190 91 28 which
4019 1195 28 23 to

3410 1231 51 28 rise
3475 1239 15 19 a
3504 1231 77 35 pint;
3601 1229 55 29 and
3670 1229 34 28 he
3718 1229 53 28 had
3789 1239 15 18 a
3817 1234 56 24 sort
3886 1229 32 29 of
3933 1230 99 37 inspira-

3412 1270 56 26 tion
3487 1269 36 35 by
3544 1269 91 27 which
3657 1269 34 26 he
3714 1269 79 26 could
3816 1269 92 26 divine
3929 1269 80 26 when
4031 1279 16 16 a

3411 1307 79 28 drink
3503 1317 55 18 was
3571 1313 27 22 to
3612 1307 31 28 be
3657 1310 47 32 got
3716 1316 35 18 on
3761 1306 45 28 the
3820 1306 95 37 cheap.
3951 1307 42 27 An
4005 1307 26 28 in-

3411 1346 121 27 dividual
3546 1347 66 26 with
3632 1347 36 26 all
3690 1346 76 27 these
3786 1345 217 28 characteristics
4024 1347 23 26 is

3411 1384 28 27 in
3454 1393 46 28 my
3513 1383 101 28 mind's
3626 1393 49 28 eye
3684 1383 58 37 just
3755 1387 28 24 at
3803 1387 129 33 present;
3951 1384 28 27 in
3992 1384 55 27 fact

3412 1423 13 27 I
3439 1432 48 19 can
3503 1423 66 28 hear
3581 1422 43 29 his
3638 1422 155 28 melodious
3812 1423 84 28 voice.
3934 1423 45 27 He
4001 1423 50 28 has

3413 1461 66 27 been
3488 1461 131 27 educated
3632 1461 72 30 well,
3718 1461 42 26 his
3773 1461 89 27 father
3875 1470 55 18 was
3952 1470 98 26 mayor

3412 1500 28 27 of
3455 1508 35 19 an
3503 1499 153 36 important
3682 1498 116 35 English
3830 1498 130 37 shipping
3984 1504 75 23 tov.n

3412 1538 34 26 he
3460 1538 51 26 has
3535 1539 27 25 in
3577 1538 43 26 his
3634 1537 67 27 time
3715 1537 54 27 had
3792 1538 53 34 pile
3868 1538 104 26 claims,
3999 1538 55 26 and

3412 1575 34 27 he
3459 1584 63 19 now
3541 1577 27 24 in
3591 1575 42 27 his
3657 1575 214 36 comparatively
3893 1575 78 27 sober
3993 1585 39 18 mo-

3413 1619 90 23 ments
3523 1613 100 30 admits
3644 1613 62 30 that
3726 1613 81 29 when
3830 1614 99 34 drunk,
3950 1615 83 36 forget-

3413 1653 101 27 fulness
3527 1653 92 33 begets
3632 1653 155 35 happiness,
3801 1653 55 27 an.l
3878 1653 169 35 sobriety,

3414 1691 109 37 misery.
3579 1691 71 28 How
3675 1691 46 28 the
3746 1700 65 19 man
3834 1692 75 32 lives,
3936 1701 34 18 no
3997 1701 52 18 ono

3413 1730 112 33 knows;
3551 1730 34 27 he
3609 1731 64 26 does
3692 1735 49 22 not
3762 1730 134 35 purchase
3920 1740 54 25 any
3995 1735 41 23 eat-

3414 1767 83 32 ables,
3511 1767 54 27 and
3578 1777 35 18 no
3627 1777 51 18 one
3692 1768 54 26 will
3764 1768 86 27 credit
3870 1768 66 31 liim,
3950 1768 33 27 he
4005 1777 28 19 oc-

3414 1805 146 36 casionally
3592 1806 81 34 drops
3697 1806 28 26 in
3757 1805 180 36 accidentally
3966 1806 82 27 when

3414 1843 98 27 dinner
3524 1844 22 26 is
3566 1853 36 18 on
3622 1843 54 27 and
3698 1848 59 29 gets
3779 1853 16 17 a
3816 1844 60 26 feed
3899 1844 59 26 that
3980 1853 70 26 way,

3415 1881 56 31 but,
3487 1891 29 18 as
3530 1891 14 18 a
3557 1881 59 28 rule
3628 1881 35 28 he
3676 1890 89 19 seems
3779 1888 27 21 to
3819 1882 53 27 live
3884 1881 34 35 by
3932 1882 117 28 suction.

3416 1919 187 37 Occasionally
3617 1920 33 27 he
3665 1919 64 28 does
3741 1930 17 17 a
3767 1920 99 28 fossick
3878 1921 52 26 and
3943 1931 30 17 as
3984 1930 67 18 soon

3416 1968 29 17 as
3459 1959 33 27 he
3513 1959 83 27 raises
3609 1968 15 17 a
3638 1958 51 27 few
3711 1959 105 27 colours
3830 1959 34 27 he
3885 1964 127 23 converts
4031 1959 23 28 it

3416 1996 59 28 into
3487 1997 68 27 malt
3569 1997 88 36 liquor
3676 1997 54 27 and
3749 1997 114 35 thereby
3883 1998 101 27 attains
4007 1998 47 27 the

3417 2035 94 34 height
3525 2036 30 26 of
3574 2036 42 26 his
3638 2034 140 28 ambition.
3828 2036 28 26 If
3875 2035 36 34 by
3934 2046 16 16 a
3971 2036 84 33 lucky

3417 2072 101 27 chance
3541 2072 43 27 his
3609 2073 172 36 prospecting
3802 2072 60 28 didi
3884 2074 124 26 contains
4041 2083 16 16 u

3418 2120 92 27 penny
3524 2111 100 32 weight
3638 2121 30 18 or
3688 2116 54 23 two
3757 2111 34 28 he
3815 2112 23 28 is
3858 2111 198 37 open-hearted

3416 2149 65 27 with
3496 2151 30 28 it,
3540 2149 55 27 and
3608 2149 36 27 all
3659 2149 45 27 the
3718 2149 226 33 neighbourhood
3965 2151 23 25 is
4012 2151 27 25 in-

3417 2186 75 28 vited
3504 2189 28 25 to
3555 2186 80 28 drink
3648 2186 42 28 his
3711 2186 94 28 health
3818 2195 5 19 :
3844 2187 38 27 Of
3891 2196 94 19 course
3999 2187 55 27 this

3417 2226 23 28 is
3452 2225 43 29 his
3508 2235 60 27 way
3581 2225 30 29 of
3619 2227 106 31 casting
3737 2225 82 29 bread
3833 2236 35 17 on
3882 2226 47 28 the
3943 2231 108 27 waters,

3418 2264 40 26 for
3471 2264 35 26 he
3519 2264 95 26 knows
3627 2265 20 25 it
3659 2264 58 26 will
3728 2264 77 31 bring
3816 2265 72 25 forth
3900 2274 16 17 a
3930 2265 127 26 hundred

3419 2301 54 27 fold
3486 2302 29 26 in
3529 2301 51 28 due
3595 2311 102 18 course.
3735 2302 53 31 He,
3801 2302 53 27 like
3866 2311 85 26 many
3962 2302 92 27 others

3419 2348 55 18 was
3496 2339 99 34 longed
3617 2340 40 25 for
3675 2340 28 25 in
3717 2339 46 27 the
3786 2340 85 26 house
3893 2340 30 26 of
3941 2340 43 26 his
4009 2349 32 17 an-

3419 2381 111 29 cestors,
3548 2376 54 29 and
3617 2377 73 28 .3OO
3704 2386 54 19 was
3781 2382 59 23 seat
3862 2383 47 22 out
3922 2382 28 23 to
3974 2377 82 28 make

3419 2415 57 27 him
3489 2416 96 26 decent
3593 2416 54 26 and
3657 2415 65 27 land
3732 2415 58 26 him
3802 2417 26 24 in
3841 2416 128 32 England
4008 2417 49 26 but

3419 2452 35 29 he
3464 2462 84 19 never
3556 2457 46 30 got
3612 2462 75 19 more
3699 2453 65 28 than
3775 2462 15 19 a
3801 2452 86 30 dozen
3897 2453 79 28 miles
3986 2453 72 28 from

3420 2501 49 18 our
3483 2492 67 27 back
3563 2492 76 33 gully
3650 2500 7 24 ;
3677 2492 55 27 and
3753 2502 26 17 as
3798 2492 34 27 ho
3847 2493 79 27 could
3939 2498 49 21 not
4011 2500 45 27 get

3420 2529 41 28 rid
3475 2530 29 28 of
3522 2530 46 28 the
3581 2528 160 30 remittance
3755 2529 54 29 fast
3830 2530 108 34 enough
3961 2531 28 26 in
4012 2530 46 28 the

3422 2568 67 28 little
3503 2579 52 17 one
3569 2569 78 27 horse
3664 2568 137 36 township
3824 2569 35 27 he
3880 2574 71 22 went
3973 2574 37 25 to,
4024 2569 35 27 he

3421 2606 144 35 employed
3579 2615 16 18 a
3609 2615 64 17 man
3687 2610 27 23 at
3725 2615 16 17 a
3753 2606 94 35 pound
3860 2617 15 16 a
3886 2606 54 35 day
3953 2610 28 22 to
3991 2606 64 35 help

3422 2644 56 27 him
3492 2649 28 23 to
3534 2643 86 36 spend
3632 2645 31 27 it.
3708 2644 85 27 Years
3807 2644 157 28 afterwards
3976 2644 81 28 when

3421 2683 117 27 another
3548 2683 29 26 of
3588 2692 49 17 our
3647 2682 68 28 back
3727 2682 76 36 gully
3814 2693 63 17 men
3885 2689 72 20 went
3966 2683 93 31 home,

3422 2720 53 27 and
3489 2720 64 28 took
3568 2729 15 18 a
3598 2720 79 28 letter
3689 2721 30 27 of
3729 2720 186 29 introduction
3927 2721 70 27 from
4012 2721 46 26 the

3422 2758 177 36 professional
3612 2758 124 36 perisher
3755 2763 28 23 to
3803 2759 43 27 his
3866 2759 118 32 brother,
3997 2758 64 27 who

3422 2797 22 27 is
3457 2806 16 18 a
3486 2796 62 28 well
3561 2799 28 25 to
3598 2799 34 25 do
3643 2796 157 28 tradesman
3816 2805 7 26 ;
3843 2797 46 29 the
3902 2805 157 28 messenger

3422 2834 87 30 called
3522 2838 29 25 at
3564 2835 46 29 the
3624 2836 59 28 well
3704 2835 146 37 appointed
3870 2835 137 29 residence
4031 2835 30 28 in

3422 2883 16 17 a
3447 2874 169 26 fashionable
3626 2880 109 29 quarter
3743 2874 30 27 of
3783 2875 45 26 the
3838 2874 65 33 city,
3913 2874 146 34 presented

3424 2911 42 26 his
3478 2911 162 28 credentials
3654 2916 26 23 to
3694 2911 46 28 the
3755 2911 97 36 superb
3866 2912 123 27 footman
4004 2910 55 28 and

3423 2950 68 27 after
3503 2958 34 19 an
3550 2949 118 28 interval
3682 2949 45 29 the
3743 2949 93 36 slavey
3854 2949 130 28 returned
4007 2949 55 27 and

3424 2987 64 27 shut
3508 2988 47 26 the
3576 2987 66 28 door
3663 2988 29 27 in
3714 2989 47 26 the
3783 2987 77 36 gully
3991 2987 68 27 face.

3425 3024 68 28 Now
3506 3025 56 27 this
3575 3034 155 27 messenger
3744 3036 56 18 was
3812 3037 17 18 a
3841 3028 86 35 really
3944 3031 101 33 respect-

3424 3062 70 34 able,
3507 3064 61 27 well
3593 3064 136 28 informed
3750 3066 54 27 and
3828 3066 169 35 presentable
4021 3067 27 26 in-

3424 3102 131 32 dividual,
3570 3102 49 29 but
3633 3102 34 29 he
3689 3104 212 35 acknowledged
3924 3105 33 28 he
3977 3114 84 18 never

3424 3144 45 30 got
3483 3141 66 27 such
3563 3151 16 17 a
3602 3141 89 27 knock
3704 3142 28 26 in
3757 3142 43 27 his
3810 3142 54 28 life.
3913 3144 146 30 However,

3424 3177 80 29 when
3525 3187 49 19 our
3598 3179 179 36 professional
3802 3180 123 28 received
3951 3180 46 28 the
4019 3180 27 27 in-

3424 3215 146 28 formation
3587 3217 34 26 he
3645 3218 105 34 merely
3770 3218 145 27 remarked
3972 3219 91 25 Never

3425 3253 86 32 mind,
3527 3254 101 34 Missis,
3645 3254 14 27 I
3673 3264 115 27 suppose
3807 3265 55 26 you
3875 3263 50 21 can
3947 3256 80 27 stand
4049 3265 17 18 a

3424 3292 60 35 pint
3508 3292 43 28 for
3573 3294 47 27 the
3926 3295 55 26 and
4004 3295 60 26 that

3424 3330 88 27 ended
3525 3340 55 27 any
3593 3331 103 28 chance
3710 3332 31 27 of
3757 3332 48 27 the
3823 3333 122 35 perisher
3966 3341 97 27 posing

3425 3378 29 18 as
3468 3378 15 19 a
3496 3369 129 29 returned
3640 3370 133 38 prodigal.

3573 3429 56 26 The
3645 3429 72 34 Grey
3733 3429 69 26 Coal
3813 3430 105 26 Fields.

3460 3473 57 29 The
3531 3474 60 28 coal
3605 3474 89 29 mines
3706 3475 27 28 of
3754 3475 46 29 the
3814 3476 73 36 Grey
3901 3476 54 28 and
3968 3476 95 28 Buller

3426 3513 95 28 Rivers
3533 3523 44 18 are
3591 3523 61 18 now
3666 3515 151 35 important
3830 3515 155 28 industries.
4023 3516 35 27 In

3426 3551 46 28 the
3483 3551 73 35 early
3565 3551 68 35 days
3645 3552 30 27 of
3685 3553 46 27 the
3741 3553 82 28 Coast
3834 3553 46 28 the
3892 3555 73 34 Grey
3976 3553 88 27 mines

3425 3598 71 19 were
3509 3599 66 26 very
3588 3590 80 28 small
3682 3595 132 32 potatoes,
3828 3591 56 28 and
3901 3592 46 28 the
3969 3592 94 27 Buller

3425 3636 56 18 was
3496 3628 64 35 only
3571 3628 101 27 kuown
3683 3638 30 18 as
3727 3639 16 17 a
3756 3630 173 34 probability.
3967 3631 14 26 I
3992 3631 69 26 have

3425 3675 76 19 some
3532 3675 65 27 very
3626 3666 85 36 lively
3741 3667 188 30 recollections
3959 3668 29 28 of
4016 3668 46 28 the

3424 3704 129 28 Brunner
3565 3706 75 26 mine
3661 3706 29 26 in
3703 3706 36 27 its
3758 3708 112 34 infancy
3882 3716 7 23 ;
3908 3708 88 26 under
4015 3708 47 26 the

3424 3746 195 31 management
3630 3743 30 27 of
3669 3744 46 26 old
3725 3744 84 36 Batty
3816 3746 55 26 and
3880 3745 42 27 liis
3929 3749 133 32 partners.

3427 3780 69 35 (The
3517 3781 45 27 old
3576 3781 53 34 boy
3643 3782 22 27 is
3682 3782 60 35 just
3756 3792 29 17 as
3803 3783 72 35 jolly
3896 3784 54 26 and
3971 3793 74 17 amen-

3425 3817 60 28 able
3499 3822 27 24 to
3541 3828 15 18 a
3571 3819 62 28 half
3639 3821 60 34 pint
3712 3829 30 18 as
3762 3829 62 19 ever
3837 3821 34 28 he
3885 3821 73 35 was.)
4005 3821 59 27 The

3425 3856 60 29 first
3498 3866 97 19 means
3617 3858 30 27 of
3665 3858 97 28 transit
3782 3859 42 28 for
3845 3859 47 28 the
3911 3860 60 27 coal
3993 3859 72 28 from

3425 3894 47 28 the
3486 3896 74 27 mine
3574 3900 27 23 to
3615 3896 46 27 the
3680 3901 62 31 port
3763 3907 56 18 was
3834 3897 36 35 by
3891 3907 97 18 means
4001 3898 30 26 of
4049 3907 16 18 a

3615 3942 84 20 canoe
3721 3934 90 29 which
3834 3935 106 28 carried
3957 3945 15 18 a
3994 3935 70 28 little

3426 3979 63 19 over
3506 3975 54 24 two
3580 3974 81 31 tons;
3680 3972 68 29 then
3769 3983 16 18 a
3806 3979 78 30 great
3906 3974 84 28 stride
4009 3983 57 19 was

3426 4008 81 27 made
3527 4009 82 26 when
3628 4018 15 18 a
3666 4010 64 26 boat
3755 4011 111 34 capable
3887 4012 31 25 of
3936 4012 128 33 carrying

3426 4043 52 30 five
3504 4047 63 26 tons
3596 4047 123 28 nominal
3749 4057 57 18 was
3836 4048 78 28 built.
3969 4048 15 27 I
4014 4056 50 27 say

3426 4082 124 28 nominal
3570 4084 151 36 advisedly,
3734 4094 31 18 as
3787 4086 71 27 from
3880 4086 186 27 considerable

3427 4121 125 35 pergonal
3565 4123 158 35 experience
3737 4123 160 36 experience
3914 4123 99 36 gained
4034 4132 30 18 m

3426 4158 47 28 the
3485 4159 77 28 trade
3581 4160 14 26 I
3610 4170 45 17 am
3677 4170 89 18 aware
3779 4162 63 28 that
3857 4171 17 18 a
3896 4165 48 25 ton
3969 4166 28 23 at
4019 4162 47 26 the

3428 4196 127 28 Brunner
3567 4198 75 28 mine
3656 4198 65 37 only
3739 4199 123 34 weighed
3881 4201 96 27 17cwt.
3991 4199 36 38 by
4049 4208 16 18 a

3426 4235 127 36 properly
3565 4236 126 35 adjusted
3705 4238 137 35 weighing
3856 4239 136 27 machine.
4030 4238 37 27 Of

3427 4272 55 28 this
3501 4273 123 36 singular
3645 4274 145 29 difference
3811 4277 29 26 in
3864 4277 46 27 the
3933 4275 131 29 standard

3426 4319 77 20 more
3515 4310 143 30 hereafter.
3697 4312 84 38 Batty
3793 4314 54 29 and
3861 4314 47 29 Co.
3922 4315 66 36 only
4007 4313 57 28 had

3427 4358 16 19 a
3462 4353 57 24 sort
3538 4350 31 27 of
3586 4352 175 35 prospecting
3781 4352 73 28 lease
3875 4353 31 27 of
3921 4353 48 28 the
3990 4353 74 26 mine

3412 4379 2 40 !
3427 4386 71 29 from
3510 4386 48 30 the
3572 4388 102 28 Nelson
3689 4389 198 29 Government.
3923 4391 38 28 As
3973 4390 22 28 it
4008 4400 56 17 was

3412 4417 2 48 !
3428 4424 82 37 likely
3522 4429 27 25 to
3564 4435 84 27 prove
3661 4437 16 18 a
3690 4428 126 29 valuable
3830 4435 135 30 property,
3977 4429 89 35 owing

3428 4469 27 22 to
3468 4464 47 28 the
3529 4464 64 35 gold
3603 4465 67 28 rush
3682 4466 55 28 this
3748 4468 109 35 supient
3867 4468 198 30 Government,

3428 4501 121 37 through
3579 4503 47 28 the
3657 4504 66 29 tlieu
3755 4506 241 36 Superintendent,
4023 4506 44 26 Mr

3428 4540 94 28 Alfred
3553 4541 130 34 Sanders,
3704 4543 72 34 (who
3807 4544 50 27 has
3888 4544 83 35 lately
3997 4544 69 27 been

3428 4577 94 38 giving
3535 4588 16 18 a
3564 4588 65 27 very
3642 4580 135 29 incorrect
3790 4587 116 23 account
3925 4582 30 28 of
3966 4581 42 28 his
4022 4591 28 18 ex-

3429 4616 124 36 perience
3567 4616 29 29 in
3610 4618 136 29 reference
3760 4624 28 23 to
3802 4620 47 28 the
3862 4621 118 35 Burgess
3993 4630 71 24 gang

3429 4654 29 27 of
3469 4655 156 28 murderers
3644 4656 30 28 in
3696 4658 47 26 the
3757 4658 171 36 Canterbury
3950 4659 115 35 papers,)

3414 4692 3 43 j
3429 4692 157 29 considered
3599 4694 22 27 it
3634 4694 134 28 desirable
3790 4696 42 27 for
3843 4696 46 28 the
3908 4696 109 28 welfare
4040 4695 31 29 of

3431 4731 45 27 the
3490 4731 92 36 public
3596 4732 61 29 that
3670 4732 47 29 the
3728 4734 74 28 mine
3817 4734 99 29 should
3930 4736 32 27 be
3976 4734 92 28 leased

3431 4777 26 19 to
3482 4779 15 18 a
3522 4779 140 28 company
3686 4772 67 28 with
3779 4783 17 17 a
3821 4773 162 34 back-bone,
4007 4773 63 27 who

3431 4808 89 28 would
3534 4809 75 28 work
3622 4811 20 26 it
3654 4810 199 37 scientifically,
3866 4812 47 36 lay
3925 4822 16 18 a
3955 4812 115 35 railway

3431 4854 26 19 ro
3472 4847 45 26 the
3530 4851 62 31 port
3603 4848 56 27 and
3672 4849 34 26 do
3720 4853 76 29 great
3809 4851 94 33 things
3916 4850 148 34 generally.

3431 4884 35 28 So
3481 4884 86 36 liatty
3580 4885 56 28 and
3649 4885 46 28 Co.
3710 4886 127 29 received
3851 4887 90 29 notice
3956 4894 28 22 to
3998 4888 68 36 quit.

3431 4922 78 35 They
3526 4922 89 28 didn't
3632 4932 43 18 see
3688 4925 39 26 it:
3746 4925 67 35 they
3825 4925 55 27 had
3897 4925 104 35 opened

3433 4959 73 27 mine
3520 4964 28 22 at
3561 4960 186 28 considerable
3761 4971 117 26 expense
3890 4962 89 28 before
3991 4962 76 28 there

3417 4992 2 48 j
3433 5006 54 18 was
3501 5007 54 25 any
3569 4998 57 28 talk
3640 4999 30 27 of
3687 4999 63 34 gold
3762 5000 29 27 in
3805 5000 46 28 the
3866 5001 73 36 Grey
3960 5001 90 35 valley
4063 5009 6 24 ;

3417 5035 2 37 i
3432 5035 65 34 they
3510 5035 54 28 had
3577 5037 106 28 erected
3697 5037 147 35 buildings,
3857 5039 70 28 done
3946 5050 16 16 a
3985 5040 38 26 lot
4042 5039 29 27 of

3417 5073 3 39 i
3433 5073 178 37 preliminary
3648 5075 83 32 work,
3763 5076 55 27 and
3854 5087 71 18 were
3957 5077 112 35 making

3418 5112 3 39 |
3434 5120 98 27 money
3557 5112 62 33 fast,
3633 5122 30 18 as
3687 5123 68 18 even
3781 5118 29 23 at
3833 5115 47 27 the
3905 5115 66 35 high
3997 5115 73 36 price

3418 5149 3 43 j
3435 5149 64 36 they
3525 5150 58 28 sold
3609 5151 71 27 their
3704 5152 60 27 coal
3786 5152 77 28 there
3887 5162 57 19 was
3964 5163 34 18 an
4021 5162 32 18 un-

3419 5187 2 43 |
3435 5187 105 29 limited
3561 5190 129 33 demand,
3704 5190 43 28 for
3768 5190 114 33 freights
3903 5200 70 19 were
3995 5192 76 35 high,

3419 5226 3 43 j
3435 5226 52 27 and
3503 5228 45 26 the
3562 5227 55 29 fact
3636 5230 27 26 ot
3685 5239 15 17 a
3722 5234 120 23 steamer
3863 5230 81 36 being
3965 5231 59 27 able
4045 5238 27 19 to

3420 5266 2 37 ;
3436 5266 134 33 replenish
3584 5266 50 28 her
3648 5266 118 28 bunkers
3781 5272 28 23 at
3821 5268 174 35 Greymouth
4016 5278 56 18 was

3420 5298 3 50 |
3464 5303 45 36 big
3527 5304 76 32 item,
3617 5305 42 28 for
3680 5305 114 36 freights
3815 5306 102 34 ranged
3939 5306 70 29 from
4035 5307 38 28 <o

3408 5343 1 37 l
3420 5343 3 37 J
3436 5351 46 25 per
3496 5349 46 20 ton
3565 5343 70 27 from
3657 5343 101 28 Nelson
3781 5348 28 23 to
3823 5353 29 18 as
3877 5345 66 35 high
3966 5355 30 18 as
4017 5346 55 27 .23

3408 5380 16 40 ;!
3438 5380 68 27 from
3522 5380 130 27 Duuedin
3672 5381 28 26 in
3715 5391 51 17 one
3786 5383 136 26 instance.
3970 5385 35 26 So
4028 5383 47 27 tho

3408 5418 1 41 s
3422 5418 2 41 j
3437 5418 98 28 lessees
3566 5419 93 28 rather
3689 5420 139 36 preferred
3861 5426 29 23 to
3918 5422 82 37 enjoy
4030 5421 46 30 the

3408 5456 1 38 I
3422 5456 2 38 |
3438 5457 101 27 benefit
3551 5459 30 25 of
3588 5458 71 26 their
3669 5458 150 36 enterprise
3832 5460 167 27 themselves
4009 5461 67 26 than

3408 5495 16 43 II
3439 5501 25 22 to
3478 5496 79 27 allow
3580 5495 163 37 interlopers
3767 5502 27 22 to
3808 5503 60 31 step
3881 5508 29 18 m
3938 5500 54 27 and
4012 5509 64 26 reap

3422 5525 3 40 !
3438 5534 45 26 the
3498 5534 119 27 harvest.
3654 5536 56 25 But
3725 5540 44 21 tiie
3783 5536 154 28 Provincial
3955 5539 103 26 Govern-

3423 5573 2 33 i
3439 5577 75 22 ment
3534 5581 70 18 were
3624 5573 131 27 stubborn
3782 5582 27 19 in
3831 5574 47 28 the
3897 5581 110 25 matter,
4021 5575 55 29 and

3408 5610 3 41 >
3424 5610 2 41 |
3438 5611 89 27 closed
3549 5621 15 17 a
3577 5611 123 34 bargain,
3715 5612 88 28 which
3820 5623 55 19 was
3887 5625 17 17 a
3924 5625 64 26 very
4002 5616 72 26 loose

3408 5649 2 37 j
3424 5649 2 37 i
3438 5658 51 16 one
3498 5649 43 35 ,by
3554 5649 45 27 the
3610 5659 68 26 way,
3687 5650 64 27 with
3763 5660 14 17 a
3790 5651 140 28 Victorian
3942 5653 73 33 firm,
4023 5653 53 27 and

3408 5686 2 41 >
3424 5686 2 41 j
3442 5687 81 34 Batty
3546 5697 35 18 an
3591 5687 9 28 1
3624 5689 45 26 Co.
3686 5698 69 19 were
3779 5689 102 29 offered
3906 5701 16 18 a
3948 5701 66 26 very
4035 5693 27 26 in-

3408 5726 4 36 -i
3424 5726 3 36 |
3440 5726 133 35 adequate
3588 5729 205 33 compensation
3810 5735 27 20 to
3861 5729 71 27 clear
3951 5738 58 24 out,
4022 5729 54 28 and

3408 5764 1 39 -
3425 5764 2 39 .
3442 5764 78 28 make
3535 5775 74 17 room
3622 5767 40 25 tor
3672 5766 71 28 their
3755 5776 152 19 successors
3918 5778 7 24 ;
3946 5769 54 27 this
4011 5769 65 34 they

3408 5803 4 33 1
3442 5812 62 23 very
3519 5804 140 26 dcvidedlv
3673 5806 106 26 refused
3802 5813 26 19 to
3851 5807 43 29 do,
3909 5807 54 27 and
3981 5817 16 17 a
4016 5809 60 24 writ

3408 5844 4 30 ?
3441 5844 25 26 ot
3492 5849 146 25 ejecmciit
3663 5854 31 19 or
3718 5854 75 20 some
3819 5847 67 27 such
3906 5856 36 18 no
3946 5846 49 28 lice
4021 5854 55 20 was

1293 115 70 36 hk
1537 113 65 38 ll
1659 112 182 44 Tn;;:s,
1899 112 303 47 Saturday,
2260 108 317 41 November
2628 112 33 42 c,
2713 109 60 40 iBS
2773 109 40 40 6.

282 244 118 29 Public
418 245 151 30 Notice,!.

110 322 102 39 Nsw
236 323 178 41 Goods!
447 325 101 39 New
569 325 171 41 Goods!

169 433 83 32 THE
275 433 223 35 WESTPORT
519 437 166 32 BRANCH

369 498 33 18 OF
421 498 56 19 TIIE

247 534 113 37 NEW
384 535 221 38 ZEALAND

113 586 305 76 Clothing
448 590 296 75 Factory

188 671 273 34 PALMERSTON
495 673 168 37 STREET,

325 718 213 34 WESTPORT,

110 765 112 60 ARE
243 775 61 19 now
323 766 122 33 showing
464 776 15 19 a
499 767 178 37 Magnificent
696 767 30 28 As-

339 810 133 24 sortment
487 806 29 27 of

112 852 79 41 Men'
191 852 40 41 3,
244 852 139 32 Youths'
396 854 68 30 and
477 853 99 39 Boys'

250 888 312 38 Fashionably-Cut
575 889 169 38 Clothing,

113 934 91 37 Every
218 933 54 29 line
290 933 29 28 of
329 933 89 27 which
438 933 23 27 is
480 933 113 27 marked
618 934 27 27 in
669 933 74 38 plain

284 972 109 34 figures,
407 972 53 28 and
475 973 55 27 sold
546 976 26 24 at

263 1019 167 29 FACTORY
463 1019 133 30 PRICES

114 1112 24 27 A
168 1110 97 30 Grand
277 1112 54 27 Lot
356 1111 34 37 of
409 1111 97 32 Men's,
535 1111 123 32 Youths',
690 1111 57 27 and

132 1151 83 35 Boys'
230 1150 252 36 Fashionably-cut
498 1150 130 34 Clothing
642 1150 30 27 at
686 1150 44 27 the

111 1197 83 62 New
224 1195 152 64 Zealand
406 1195 159 77 Clothing
588 1195 157 75 Factory,

115 1314 57 27 The
199 1312 81 29 Stock
304 1312 30 29 of
355 1313 89 28 Men's
454 1313 127 28 Trousers
592 1312 53 28 and
662 1312 65 28 Trou-

115 1362 55 19 sers
183 1352 54 28 and
249 1352 80 27 Vests
349 1352 22 27 is
395 1352 97 35 larger,
506 1351 85 28 better
616 1351 129 32 assorted,

218 1390 53 28 and
284 1389 116 37 cheaper
413 1388 66 29 than
493 1399 62 19 ever
567 1393 28 24 at
609 1389 45 28 the

113 1439 90 38 New
221 1437 163 38 Zealand
398 1436 166 51 Clothing
580 1437 163 50 Factory.

155 1529 62 32 The
245 1529 37 32 N.
312 1529 34 31 Z.
376 1528 141 40 Clothing
544 1528 126 40 Factory
698 1538 48 21 are

115 1572 133 41 showing
262 1582 17 20 a
293 1571 95 42 Large
403 1572 58 30 and
476 1571 107 32 Choice
605 1571 89 31 Stock
718 1571 31 31 of

116 1618 86 37 Hats,
219 1617 85 41 Caps,
318 1616 77 38 Ties,
408 1616 123 38 Collars,
546 1616 97 33 Shirts
658 1615 88 33 white

115 1661 59 31 and
207 1661 145 36 coloured,
388 1661 127 31 Flannel
557 1660 97 32 Shirts
689 1660 58 31 and

116 1705 145 37 Drawers,
286 1705 36 32 L.
348 1704 47 33 W.
432 1705 97 33 Shirts
557 1704 58 32 and
643 1704 102 37 Pants,

116 1749 91 40 Rugs,
242 1748 151 37 Blankets,
430 1748 150 37 Flannels,
616 1748 129 35 Tweeds,

116 1792 237 36 Portmanteaus,
379 1792 107 40 Carpet
501 1792 58 31 and
584 1791 162 31 Gladstone

115 1835 89 40 Bags,
221 1837 59 35 &c.,
297 1837 47 30 &c.
387 1835 97 41 Every
496 1835 100 32 article
607 1835 32 31 of
650 1834 96 32 which

115 1879 24 31 is
155 1879 62 32 sold
232 1881 31 29 at

245 1931 184 34 FACTORY
449 1931 165 33 PRICES!

115 2023 130 61 Messrs
264 2023 214 61 Hallenstein
501 2023 97 61 Bros,
619 2022 31 61 k
674 2022 71 74 Co.,

263 2109 341 35 MANUFACTURERS,

116 2157 87 36 Civil,
211 2157 141 41 Military,
361 2159 58 29 and
430 2157 125 32 Clerical
566 2156 123 37 Tailors,
699 2158 47 29 &c.

294 2211 136 35 Westport
442 2209 137 30 Branch:

152 2258 327 32 PALMERSTON-ST.,
501 2256 212 30 WESTPORT.

206 2342 36 31 T.
262 2341 437 39 BLENNERHASSETT,

569 2387 139 34 Manager.

114 2467 79 28 THE
225 2467 192 28 NATIONAL
447 2466 104 29 BANK
581 2465 47 30 OF
659 2465 88 30 NEW

238 2543 186 35 ZEALAND,
450 2542 175 29 LIMITED.

113 2697 122 55 fyiHIS
256 2697 102 27 BANK
374 2697 56 28 will
442 2697 32 28 be
491 2696 154 29 OPENED
662 2696 63 28 PER-

117 2773 209 28 MANENTLY
355 2777 27 25 to
416 2776 120 25 transact
567 2771 180 30 GENERAL

117 2851 175 28 BANKING
321 2851 187 29 BUSINESS
541 2855 28 24 at
602 2850 80 37 Lyell
712 2860 36 19 on

118 2925 52 27 and
185 2926 69 28 after
267 2926 207 33 SATURDAY,
489 2925 64 29 lGth
566 2926 118 27 instant.'

377 3001 44 29 W.
442 3000 168 34 DYMOCK,

440 3078 117 29 General
574 3077 141 34 Manager.
