2550 4029
530 529 130 32 PORT
684 526 286 36 NICHOLSON,
993 523 262 34 SATURDAY
1276 521 242 38 MORNING,
1541 522 264 32 DECEMBER
1829 524 51 33 19,
1904 523 88 28 1840.

38 538 64 32 No.
125 537 66 39 36.]

2319 520 99 40 [Vol.
2441 521 27 31 I.

34 256 162 31 New
250 256 377 31 Zealand
681 256 377 31 Gazette
1112 256 161 31 and
1327 256 538 31 Wellington
1919 256 539 31 Spectator.

1897 611 204 24 /CHRISTMAS
2127 612 66 22 PIES
2214 613 68 22 AND
2303 613 136 24 TARTS.—
2438 614 49 22 The

1897 644 41 16 v>
1967 639 109 21 attention
2085 639 27 22 of
2123 639 108 22 Retailers
2238 641 18 21 is
2265 640 144 27 particularly
2417 641 73 22 called

1896 668 22 18 to
1925 665 38 22 the
1970 665 77 22 choice
2056 665 68 23 Stock
2132 666 25 22 of
2163 666 71 22 Dried
2242 666 73 23 Fruits
2322 667 45 22 and
2377 668 108 27 Walnuts,

1896 695 24 19 at
1927 691 38 22 the
1976 693 75 21 Stores
2062 693 25 21 of

2177 719 64 22 John
2252 719 45 23 and
2308 721 59 21 Geo.
2377 721 81 23 Wade.

2052 773 127 21 FLOUR!
2204 774 128 22 FLOUR!

1899 806 117 49 FIFTY
2034 806 81 22 TONS
2134 807 74 22 BEST
2225 808 90 22 FIRST
2334 808 110 28 FLOUR,
2462 816 30 15 ex

2117 837 24 18 at
2149 834 46 21 £20
2205 841 40 20 per
2254 838 45 22 ton,
2309 838 23 18 at
2340 836 37 21 the
2385 837 74 21 Stores
2468 836 26 22 of

2184 860 63 23 John
2258 862 46 21 and
2314 862 58 22 Geo.
2382 862 81 23 Wade.

1969 915 47 20 ON
2036 915 96 25 SALE,
2151 915 51 20 EX

1902 947 131 49 FLOUR
2049 948 57 26 (first
2116 948 102 28 quality,)

1986 974 122 22 Preserved
2120 975 72 27 fruits,

1983 1001 111 28 Walnuts,

1984 1028 70 22 Straw
2064 1028 57 27 hats,

1986 1054 98 28 Liqueur
2093 1062 61 15 cases
2164 1055 125 26 furnished,

1984 1081 54 22 Best
2049 1081 89 23 French
2146 1081 87 28 brandy
2242 1083 24 21 in
2277 1083 73 22 dozen
2361 1091 68 20 cases,

1930 1108 33 22 At
1971 1108 38 22 the
2019 1109 75 21 Stores
2106 1109 26 21 of

2216 1135 62 23 John
2289 1135 46 23 and
2345 1136 57 23 Geo.
2415 1137 80 22 Wade.

1931 1161 127 22 December
2068 1161 47 28 3rd,
2126 1163 61 21 1840.

1908 1216 69 48 ON
1993 1215 85 28 SALE,
2090 1224 30 14 ex

1984 1244 25 20 15
2019 1247 52 17 tons
2081 1243 114 22 excellent
2203 1244 103 22 Colonial
2320 1244 64 28 flour,
2401 1244 37 22 the
2448 1245 51 22 best

1906 1269 44 22 and
1960 1269 106 28 cheapest
2075 1270 23 22 in
2110 1270 37 22 the
2157 1271 93 27 Colony.

1934 1298 26 20 10
1970 1300 50 18 tons
2035 1297 122 22 American
2172 1297 62 26 ditto,
2252 1297 23 22 in
2294 1298 111 22 excellent
2422 1298 77 22 condi-

1906 1323 54 25 tion,
1976 1323 96 28 cheaper
2081 1323 56 23 than
2148 1331 52 15 ever
2209 1324 85 22 offered
2309 1325 77 22 before
2402 1325 24 22 in
2444 1325 55 22 New

1906 1350 106 22 Zealand.

1932 1378 29 21 50
1970 1377 64 23 casks
2043 1377 102 28 tobacco,
2155 1378 127 22 warranted
2292 1378 37 23 the
2336 1378 57 28 best,
2401 1379 23 21 in
2437 1377 64 23 small

1907 1404 76 27 handy
1993 1404 118 28 packages.

1934 1433 27 20 16
1970 1432 54 27 bags
2035 1431 54 22 rice.

1935 1458 144 27 Gunpowder
2087 1458 24 22 in
2122 1460 90 25 quarter
2221 1459 93 22 barrels.

1934 1485 91 26 Biscuit,
2038 1487 34 20 Ist
2080 1485 93 28 quality.

1934 1512 117 21 Molasses.

1934 1540 14 20 3
1957 1539 62 21 bales
2029 1538 79 27 calico,
2119 1545 55 21 very
2184 1538 77 25 cheap.

1935 1565 115 28 Blankets,
2061 1565 59 22 from
2129 1567 37 20 9-4
2175 1569 22 18 to
2208 1567 58 20 12-4.

1936 1592 119 22 Excellent
2070 1593 90 27 Sydney
2169 1592 58 27 beef,
2243 1593 24 22 in
2277 1593 88 22 tierces.

1936 1619 63 22 Ditto
2010 1619 131 28 American,
2151 1619 25 22 in
2186 1619 64 22 ditto.

1937 1646 89 27 Sherry,
2037 1647 59 20 from
2104 1648 46 20 245.
2162 1650 22 17 to
2193 1647 46 21 355.
2250 1654 42 20 per
2300 1645 81 24 dozen.

1938 1673 60 27 Port,
2009 1673 24 21 in
2043 1673 79 21 bottle.

1937 1699 84 28 Porter,
2032 1700 24 21 in
2067 1699 65 22 wood
2142 1699 44 22 and
2195 1699 79 23 bottle.

1937 1727 53 27 Ale,
2000 1727 24 21 in
2035 1727 56 21 ditto
2103 1727 62 21 ditto.

1937 1753 99 28 Brandy,
2048 1761 57 19 rum,
2117 1754 45 27 gin,
2173 1754 40 21 &c.
2224 1754 42 21 &c.

2104 1787 73 28 Apply
2187 1791 24 18 to
2221 1787 64 23 John
2295 1787 46 22 and
2351 1787 58 22 Geo.
2420 1787 81 22 Wade.

2116 1843 68 20 FOR
2202 1843 96 25 SALE,

1929 1877 17 21 A
1969 1876 276 23 THOROUGH-BRED
2260 1876 93 22 MARE
2363 1876 46 23 and
2416 1875 91 23 FOAL.

1912 1907 51 18 XJL
1991 1904 48 21 The
2056 1911 62 14 mare
2136 1906 38 24 got
2190 1903 29 27 by
2234 1903 49 22 that
2295 1903 87 22 famous
2396 1902 112 29 imported

1912 1930 65 22 horse
2164 1934 39 18 out
2214 1930 25 21 of
2245 1938 12 14 a
2264 1938 61 14 mare
2332 1930 32 28 by

1912 1957 48 22 The
1970 1956 44 23 foal
2024 1957 30 27 by
2065 1965 29 14 an
2103 1956 112 29 imported
2223 1958 62 21 Arab
2292 1957 66 22 horse

1939 1991 54 22 Two
2002 1991 73 22 Milch
2086 1991 71 25 Cows,
2168 1998 42 14 one
2226 1991 55 21 with
2297 1998 13 14 a
2326 1998 78 26 young
2421 1990 47 22 calf
2485 1993 25 19 at

2028 2017 38 21 the
2076 2017 66 21 other
2150 2017 97 21 forward
2256 2018 24 20 in
2290 2017 51 21 call.
2371 2017 76 27 Apply
2457 2021 24 17 to

2227 2050 63 22 John
2301 2050 47 22 and
2358 2050 58 22 Geo.
2425 2050 84 23 Wade.

1915 2106 90 49 MR.
2022 2106 29 21 D.
2069 2105 94 22 MUNN
2179 2105 55 27 begs
2252 2109 23 18 to
2289 2105 82 22 inform
2381 2104 35 23 his
2424 2104 86 23 friends

2005 2132 46 22 and
2061 2132 38 22 the
2114 2132 75 28 public
2206 2132 49 21 that
2272 2132 27 21 he
2317 2132 41 21 has
2374 2132 94 27 opened,
2484 2132 26 21 in

1914 2160 37 21 the
1970 2160 70 21 house
2056 2162 57 19 next
2128 2162 22 19 to
2168 2159 108 22 Barrett's
2294 2158 75 27 Hotel,
2388 2166 14 15 a
2417 2158 95 28 general

1915 2186 99 28 Grocery
2025 2186 71 26 Store,
2105 2186 73 22 where
2189 2186 53 28 they
2253 2193 42 15 can
2305 2186 28 21 be
2344 2185 103 29 supplied
2455 2185 56 22 with

1915 2213 88 22 articles
2023 2214 26 21 of
2070 2212 38 23 the
2127 2214 49 21 best
2195 2212 135 29 description
2351 2217 23 18 at
2392 2212 118 23 moderate

1915 2240 78 28 prices.

1943 2267 28 22 D.
1984 2267 73 22 Munn
2073 2266 47 23 will
2135 2266 46 22 also
2196 2266 59 22 have
2272 2266 83 26 always
2372 2273 30 16 on
2419 2266 63 22 hand
2497 2273 15 15 a

1915 2294 60 27 large
1990 2294 80 27 supply
2085 2294 27 21 of
2127 2293 116 28 Scantling
2258 2294 46 21 and
2320 2294 92 21 Timber
2428 2294 27 21 of
2472 2292 39 23 the

1915 2321 50 21 best
1974 2320 95 29 qualily.

1943 2348 127 22 December
2077 2347 49 27 3rd,
2137 2348 61 21 1840.

1917 2403 92 49 JUST
2024 2402 166 27 RECEIVED,
2206 2402 46 22 and
2261 2410 31 14 on
2301 2403 47 22 sale
2358 2406 23 19 at
2390 2402 38 22 the
2437 2403 75 22 Stores

1982 2430 25 22 of
2014 2429 38 22 the
2064 2429 157 27 Undersigned
2231 2438 6 13 :

1971 2459 27 19 10
2006 2456 57 28 kegs
2073 2457 60 21 Irish
2143 2457 80 26 butter,

1972 2483 111 23 Chatham
2094 2483 78 22 Island
2181 2486 109 25 potatoes,
2309 2483 53 28 only
2377 2484 32 21 ss.
2420 2482 36 23 6d.
2473 2490 41 21 per

1918 2515 49 18 cwt.

1971 2539 15 20 2
2001 2537 65 22 casks
2075 2537 104 27 oatmeal,
2191 2537 66 21 finest
2266 2536 94 29 quality.

1972 2565 23 21 A
2010 2564 63 27 large
2088 2565 105 26 quantity
2209 2564 26 22 of
2252 2563 80 23 biscuit
2350 2563 73 28 newly
2438 2562 75 24 baked

1919 2591 25 23 of
1955 2591 39 22 the
2004 2591 68 21 finest
2080 2591 65 22 flour.

2329 2618 31 22 A.
2376 2618 137 22 Anderson.

1946 2645 147 27 Wellington,
2104 2645 56 22 Dec.
2172 2646 33 25 10,
2217 2645 61 21 1840.

2125 2699 68 21 FOR
2208 2699 98 24 SALE,

1970 2733 153 27 LANKETS,
2133 2734 38 21 9-4
2179 2731 46 24 and
2235 2734 59 20 10-4.

2002 2760 82 23 Prints.

2001 2787 121 28 Crockery,
2139 2786 60 28 (blue
2209 2786 133 28 Stanhope,)
2358 2786 124 28 consisting
2491 2786 27 22 of

1921 2817 96 24 tureens,
2036 2821 56 20 soup
2108 2814 77 27 plates,
2203 2813 79 27 plates,
2303 2812 74 23 dishes
2402 2813 63 27 (with
2490 2821 25 14 or

1922 2842 91 21 without
2023 2842 95 25 covers,)
2135 2844 36 19 tea
2179 2847 55 21 cups
2244 2840 45 21 and
2298 2847 97 20 saucers,
2410 2844 37 18 tea
2455 2843 59 25 pots,

1921 2868 55 22 milk
1985 2871 57 25 pots,
2053 2875 68 19 sugar
2130 2866 75 28 bowls,
2217 2874 70 15 ewers
2296 2867 47 22 and
2351 2867 83 27 basins,
2445 2868 40 21 &c.

1948 2896 22 21 A
1979 2894 115 28 40-gallon
2105 2901 88 21 copper,
2204 2894 53 21 with
2268 2893 62 22 cock.

1948 2922 60 22 Tubs
2019 2922 26 21 of
2056 2921 90 22 various
2154 2922 63 26 sizes,
2228 2920 52 23 well
2288 2920 97 28 adapted
2391 2920 35 22 for
2433 2920 84 28 salting

1922 2949 55 28 pork
1988 2948 45 22 and
2042 2948 95 27 making
2146 2948 79 22 bacon.

1949 2976 141 26 Carpenters'
2101 2975 47 22 and
2155 2974 130 28 gardeners'
2294 2974 66 23 tools.

2336 3001 23 22 J.
2374 3001 112 23 MINET.
2504 3016 4 3 -

1949 3029 147 27 Wellington,
2109 3029 49 22 Oct.
2169 3030 34 24 30,
2216 3029 61 21 1840.

2064 3083 166 22 GENERAL
2249 3083 120 21 STORE.

1922 3117 163 50 KNIGHT
2099 3117 47 22 and
2158 3116 84 22 HAIR
2252 3116 147 28 respectfully
2411 3117 105 22 intimate

2008 3148 23 17 to
2050 3144 59 22 their
2122 3143 84 22 friends
2221 3143 46 22 and
2283 3144 38 21 the
2337 3143 139 23 inhabitants
2493 3144 27 22 of

1923 3172 53 21 Port
1986 3171 132 26 Nicholson,
2134 3171 48 21 that
2191 3170 53 28 they
2253 3171 58 21 have
2322 3171 92 26 onsale,
2424 3174 25 19 at
2457 3171 61 22 their

1923 3199 70 27 Store,
2012 3198 38 21 the
2068 3197 114 28 following
2201 3197 96 28 articles,
2313 3197 74 22 which
2402 3197 54 29 they
2473 3205 44 15 can

1922 3225 54 22 with
1986 3225 132 22 confidence
2127 3224 153 27 recommend,
2288 3224 43 21 viz.
2340 3231 6 14 :
2348 3236 31 5 —

1949 3253 77 26 Sugar,
2038 3255 54 24 teas,
2104 3252 65 26 flour,
2184 3251 84 27 butter,
2284 3252 87 26 cheese,
2386 3251 58 27 lard,
2461 3252 54 27 rice,

1922 3280 76 26 coffee,
2009 3279 101 27 tobacco,
2121 3278 109 27 almonds,
2248 3282 103 18 currants
2366 3278 46 22 and
2427 3278 88 27 raisins,

1923 3306 101 27 together
2033 3306 54 21 with
2096 3313 14 14 a
2119 3305 91 27 general
2219 3308 137 19 assortment
2362 3305 26 22 of
2395 3305 120 26 groceries.

1922 3333 64 27 Also,
2001 3340 13 14 a
2024 3332 80 28 supply
2115 3332 26 21 of
2150 3331 123 27 hardware,
2284 3331 174 29 haberdashery,
2470 3331 47 23 and

1923 3360 94 26 drapery
2027 3360 27 21 of
2064 3366 69 20 every
2143 3358 145 28 description.

1949 3386 57 22 N.B.
2007 3398 33 4 —
2041 3386 22 21 A
2081 3385 81 28 supply
2180 3385 27 22 of
2223 3385 89 22 refined
2329 3393 75 21 sperm
2422 3385 31 22 oil
2468 3385 50 27 just

1922 3421 64 14 come
1995 3416 22 19 to
2027 3412 70 23 hand.

1950 3467 45 22 Mr.
2006 3466 30 22 K.
2047 3465 42 22 has
2099 3473 31 15 on
2146 3465 68 28 hand,
2233 3473 14 14 a
2261 3466 63 27 large
2341 3467 136 20 assortment
2493 3465 27 22 of

1925 3492 150 28 Agricultural
2094 3493 46 22 and
2159 3492 93 23 Garden
2271 3492 68 23 Seeds
2363 3491 45 22 and
2432 3492 85 27 Imple-

1922 3524 80 23 ments,
2012 3520 31 21 all
2054 3519 26 22 of
2090 3519 73 23 which
2172 3520 29 21 he
2212 3527 42 14 can
2266 3519 54 22 with
2335 3518 131 23 confidence
2481 3526 36 15 re-

1923 3546 126 27 commend,
2066 3547 39 22 the
2122 3546 62 23 seeds
2203 3546 70 26 being
2287 3545 30 22 all
2336 3545 26 22 of
2381 3545 43 22 last
2442 3546 74 26 year's

1922 3574 90 21 harvest
2017 3581 6 19 ;
2040 3574 45 21 and
2095 3581 25 14 as
2129 3573 28 22 he
2165 3572 45 23 will
2217 3573 28 22 be
2253 3572 139 27 continually
2398 3572 24 21 in
2430 3572 85 27 receipt

1923 3600 26 22 of
1965 3600 61 22 fresh
2042 3600 100 28 supplies
2157 3600 58 21 from
2233 3599 35 21 his
2286 3599 100 26 relative,
2406 3598 39 21 the
2463 3599 52 21 well

1923 3628 80 21 known
2014 3627 103 27 Nursery
2126 3627 45 22 and
2185 3625 122 22 Seedsman
2322 3625 25 22 in
2364 3625 104 26 London,
2485 3625 30 22 he

1922 3654 69 33 hopes
1999 3657 23 18 to
2031 3654 30 21 be
2070 3653 93 23 favored
2179 3652 54 23 with
2248 3652 39 22 the
2300 3655 123 24 patronage
2438 3652 26 22 of
2475 3651 40 23 the

1922 3680 117 23 Colonists.

1948 3707 147 27 Wellington,
2107 3707 50 22 Oct.
2165 3707 33 34 lg,
2210 3706 62 21 1840.

1920 3761 198 49 WORKING
2154 3760 161 21 BULLOCKS
2350 3760 68 21 AND
2451 3760 62 22 FAT

2016 3787 191 22 WETHERS.—
2208 3786 48 22 The
2270 3786 158 27 Undersigned
2437 3787 43 27 beg
2490 3790 23 19 to

1921 3815 73 27 notify
2010 3814 51 22 that
2077 3814 55 27 they
2148 3813 57 22 have
2223 3820 30 15 on
2272 3813 62 22 hand
2350 3816 43 19 two
2409 3813 106 32 splendid

1922 3842 108 26 Working
2048 3840 106 23 Bullocks
2164 3848 6 18 ;
2195 3840 54 26 also,
2269 3847 61 15 some
2353 3847 100 20 superior
2471 3840 44 23 Fat

1920 3868 110 27 Wethers,
2043 3868 49 28 just
2101 3866 94 28 arrived,
2209 3866 66 23 offers
2284 3866 35 23 for
2328 3866 74 23 which
2412 3866 53 28 they
2474 3874 39 15 are

1921 3895 69 26 ready
1998 3898 23 19 to
2031 3894 89 23 receive
2130 3896 23 21 at
2161 3893 59 23 their
2229 3894 72 21 Store.

2203 3920 127 23 KNIGHT
2340 3920 44 22 and
2396 3920 88 22 HAIR,
2500 3943 3 4 .

188 629 171 22 ZEALAND
379 624 186 24 COMPANY.

30 665 95 28 Capital,
140 665 119 25 £100,000,
274 663 24 20 in
307 663 56 20 4000
373 660 82 22 Shares
464 658 26 22 of
500 657 48 23 £25
558 657 64 27 each,

257 689 30 22 all
297 688 53 28 paid
359 695 39 19 up.

149 726 101 16 Governor:
265 723 39 17 The
312 723 57 16 Earl
377 725 24 12 of
410 720 58 17 Dunn
471 723 35 13 am.

128 752 172 21 Deputy-Governor
306 755 4 11 :
323 750 75 16 Joseph
406 749 70 18 Somes,
485 747 43 20 Esq.

270 780 110 14 directors
385 780 6 12 :

118 807 89 17 Viscount
215 806 86 20 Ingestre,
309 804 54 20 M.P.,

119 828 47 17 Lord
175 828 57 17 Petre,

119 849 63 20 Henry
190 848 21 16 A.
219 846 95 21 Aglionby,
323 846 49 19 Esq.,
380 845 54 20 M.P.,

119 870 49 16 Hon.
177 869 72 16 Francis
257 867 73 21 Baring,
338 867 54 19 M.P.,

118 890 48 17 John
175 890 82 16 Ellorker
264 888 89 17 Boulcott,
367 888 47 19 Esq.,

119 911 49 17 John
177 910 79 16 William
263 909 75 19 Buckle,
344 908 49 20 Esq.,

121 932 73 17 Russell
203 931 61 18 EUice,
273 930 49 20 Esq.,

120 953 62 17 James
190 952 67 16 Robert
264 951 73 19 Gowen,
344 950 50 20 Esq.,

120 974 48 17 John
178 973 53 18 Hine,
239 972 49 20 Esq.,

209 994 53 18 Hutt,
271 992 48 20 Esq.,

121 1016 76 16 Stewart
205 1013 128 21 Majoribanks,
345 1013 49 19 Esq.,

121 1035 104 18 Alexander
232 1034 62 19 Nairn,
304 1034 48 19 Esq.,

121 1057 48 16 John
178 1055 53 19 Pirie,
239 1055 48 19 Esq.,
295 1054 106 17 Alderman,

123 1078 29 15 Sir
159 1077 67 19 George
234 1075 81 18 Sinclair,
324 1074 56 18 Bart.,
388 1073 53 19 M.P.,

121 1098 47 16 John
177 1097 43 17 Abel
229 1096 64 19 Smith,
302 1095 49 20 Esq.,
362 1094 54 19 M.P.,

123 1119 47 16 Win.
182 1118 110 19 Thompson,
307 1116 48 19 Esq.,
371 1115 104 17 Alderman,
490 1114 54 18 M.P.,

122 1140 49 16 Hon.
180 1138 95 17 Frederick
281 1138 38 16 Jas.
327 1136 121 18 Tollemache,
459 1134 52 19 M.P.,

123 1160 76 17 Edward
208 1160 21 15 G.
236 1158 104 19 Wakefield,
347 1158 38 19 Esq
392 1168 5 8 ,

123 1182 29 16 Sir
159 1182 63 18 Henry
231 1180 60 17 Webb,
300 1179 57 19 Bart.,

125 1202 67 17 Arthur
200 1201 64 19 Willis,
273 1201 49 19 Esq.,

125 1223 68 20 George
202 1221 96 18 Frederick
306 1221 72 19 Young,
387 1220 42 20 Esq.

186 1250 92 19 Secretary
283 1253 5 12 :
300 1248 53 16 John
361 1246 70 19 \Va.Rd,
440 1246 43 20 Esq.

38 1278 93 50 THE
140 1278 61 22 main
212 1277 97 22 features
317 1276 26 20 of
349 1275 38 21 the
396 1279 82 23 system
486 1273 27 21 of
519 1272 109 22 coloniza-

115 1306 47 21 tion
173 1303 96 28 adopted
278 1303 30 26 by
319 1302 37 21 the
370 1302 123 26 Company,
510 1307 79 18 are,™
590 1300 39 25 lst,

38 1333 39 21 the
87 1333 46 21 sale
143 1332 26 21 of
179 1331 72 25 lands,
265 1333 23 18 at
302 1337 30 14 an
345 1328 101 23 uniform
460 1326 46 23 and
519 1326 110 22 sufficieni

38 1360 73 27 price;
130 1359 45 21 and
189 1357 75 27 2ndly,
281 1356 38 21 the
335 1355 155 27 employment
504 1354 27 21 of
544 1361 13 13 a
570 1353 59 26 large

37 1386 89 27 portion
137 1386 26 21 of
168 1385 39 21 the
216 1383 211 29 purchase-money,
439 1388 23 14 as
474 1387 27 15 an
513 1380 116 26 Immigra-

37 1414 48 21 tion
97 1412 72 22 Fund.
199 1412 28 21 In
238 1410 62 22 these
309 1412 105 24 respects,
432 1408 38 21 the
479 1406 120 29 principles
610 1407 19 21 ol

38 1440 71 22 South
123 1439 114 22 Australia
252 1437 57 22 have
325 1436 58 22 been
398 1434 104 23 followed
516 1441 24 14 as
554 1433 76 28 nearly

38 1475 24 14 as
82 1467 173 21 circumstances
271 1463 80 27 would,
372 1463 24 22 in
412 1462 36 22 the
467 1464 91 25 present
574 1467 56 20 casej

39 1494 90 27 permit.

65 1521 49 21 The
129 1519 72 28 grand
217 1518 73 28 object
305 1517 27 22 of
345 1516 40 23 the
400 1523 57 19 new,
472 1522 24 15 or
507 1515 124 27 improved,

38 1553 85 22 system
135 1547 26 21 of
171 1546 37 22 the
219 1545 98 28 disposal
332 1544 26 21 of
375 1542 97 23 colonial
485 1542 73 26 lands,
575 1542 19 21 is
610 1546 21 17 to

38 1574 102 27 regulate
157 1573 35 22 the
208 1572 80 28 supply
304 1571 26 22 of
345 1578 52 15 new
412 1570 60 25 land,
488 1569 31 35 by
535 1569 38 21 the
586 1568 45 22 real

39 1605 72 18 wants
124 1601 26 21 of
164 1600 37 22 the
217 1599 118 26 Colonists,
351 1605 26 14 so
392 1596 49 23 that
455 1597 37 21 the
507 1596 55 21 land
577 1595 54 22 shall

39 1635 71 15 never
127 1627 28 21 be
174 1626 72 22 either
264 1624 191 29 superabundant,
478 1631 24 14 or
521 1622 111 27 deficient,

38 1655 74 22 either
128 1657 37 18 too
182 1654 77 26 cheap,
278 1659 25 15 or
321 1655 38 18 too
379 1652 59 21 dear.
478 1650 22 22 It
516 1650 43 21 has
576 1650 56 21 been

39 1682 79 22 shown
129 1681 48 21 that
186 1680 38 22 the
234 1680 43 21 due
290 1678 131 28 proportion
435 1678 105 21 between
555 1676 78 28 people

39 1709 48 21 and
95 1708 53 22 land
155 1715 51 19 may
212 1707 27 21 be
248 1706 129 26 constantly
383 1704 93 23 secured
482 1704 31 27 by
519 1703 114 23 abandon-

39 1736 41 27 ing
91 1735 36 22 the
138 1734 38 22 old
185 1737 84 24 system
280 1732 26 22 of
318 1740 97 18 grants,
427 1732 45 21 and
481 1731 115 27 requiring
606 1737 27 15 an

39 1762 101 23 uniform
150 1761 61 28 price
220 1767 40 21 per
270 1767 58 19 acre,
343 1760 36 21 for
388 1758 29 23 all
427 1766 50 15 new
486 1757 73 27 lands,
571 1757 62 22 with-

41 1793 42 18 out
93 1789 124 26 exception.
248 1787 24 21 If
283 1786 38 22 the
331 1786 61 28 price
403 1786 28 21 be
446 1788 40 19 not
500 1788 38 19 too
552 1782 51 28 low,
619 1784 14 22 it

40 1816 76 22 deters
125 1815 137 27 speculators
271 1814 59 21 from
344 1812 119 27 obtaining
476 1812 63 26 land,
555 1808 53 25 with
624 1819 10 14 a

41 1843 57 22 view
109 1846 22 18 to
138 1841 93 27 leaving
240 1840 58 22 their
307 1844 106 24 property
423 1840 22 21 in
458 1847 14 14 a
482 1839 76 22 desert
570 1841 64 24 state,

41 1871 48 21 and
102 1870 53 21 thus
167 1871 106 24 prevents
282 1867 110 27 injurious
403 1866 123 28 dispersion
533 1873 6 19 ;
554 1865 19 22 it
581 1866 53 26 also,

43 1897 29 27 by
84 1895 135 28 compelling
227 1902 67 19 every
301 1894 105 22 labourer
414 1897 22 17 to
445 1893 59 21 work
512 1892 37 22 for
556 1900 78 19 wages,

42 1923 58 23 until
111 1923 27 21 he
149 1923 41 21 has
199 1921 68 23 saved
281 1921 38 21 the
330 1921 54 27 only
394 1927 79 15 means
483 1920 26 21 of
521 1920 113 25 obtaining

42 1950 62 27 land,
114 1951 88 21 insures
217 1956 13 14 a
245 1948 80 27 supply
340 1948 27 21 of
378 1947 79 22 labour
462 1947 44 21 *for
520 1946 56 21 hire.
606 1946 29 26 If,

43 1986 29 14 on
83 1977 38 22 the
131 1977 65 21 other
205 1975 68 26 hand,
290 1975 37 21 the
337 1975 62 26 price
408 1974 28 22 be
446 1977 40 18 not
495 1977 38 18 too
544 1972 61 28 high,
620 1973 15 21 it

43 2004 88 22 neither
140 2003 100 21 confines
251 2002 37 20 the
298 2001 89 21 settlers
402 2001 77 23 within
494 2007 13 14 a
522 2007 65 19 space
603 2000 33 20 in-

43 2028 161 26 conveniently
218 2033 96 20 narrow,
331 2033 42 14 nor
389 2026 53 21 does
456 2026 19 21 it
490 2030 95 22 prevent
599 2025 37 20 the

43 2055 80 27 thrifty
137 2055 103 21 labourer
254 2053 59 21 from
327 2052 121 26 becoming
462 2059 14 14 a
486 2051 150 27 land-owner,

44 2083 59 21 after
112 2081 101 26 working
223 2087 62 15 some
295 2079 55 22 time
359 2079 37 22 for
405 2085 81 20 wages.

74 2109 21 21 A.
112 2108 119 26 sufficient,
248 2107 41 21 but
307 2109 40 18 not
366 2113 63 14 more
449 2106 54 21 than
525 2104 111 22 sufficient

44 2136 62 27 price
118 2135 34 22 for
164 2134 30 22 all
207 2141 50 14 new
271 2133 62 27 land,
349 2133 20 21 is
384 2132 38 22 the
438 2132 61 22 main
514 2132 87 22 feature
617 2131 20 22 of

44 2163 39 22 the
102 2169 50 15 new
166 2164 84 25 system
265 2160 27 21 of
308 2159 159 23 colonization.
500 2159 24 22 It
539 2158 98 22 obviates

43 2196 71 20 every
125 2196 84 20 species
225 2188 26 21 of
263 2187 104 27 bondage
374 2195 5 17 ;
399 2186 30 28 by
445 2186 119 28 providing
579 2193 58 14 com-

42 2216 93 22 binable
144 2215 86 26 labour,
241 2214 18 21 it
267 2214 92 22 renders
368 2213 105 28 industry
479 2220 56 20 very
544 2212 94 28 produc-

44 2244 54 25 tive,
109 2242 46 22 and
163 2241 122 23 maintains
294 2241 55 22 both
358 2240 55 28 high
429 2247 80 21 wages,
527 2239 45 22 and
585 2238 53 28 high

44 2270 90 28 profits;
157 2269 18 22 it
190 2268 77 22 makes
286 2268 39 21 the
343 2268 83 27 colony
441 2275 25 14 as
482 2266 117 23 attractive
617 2273 21 15 as

44 2297 105 28 possible,
164 2295 56 23 both
235 2299 23 17 to
273 2294 123 28 capitalists
412 2294 47 21 and
473 2297 22 18 to
509 2294 117 21 labourers
634 2301 4 18 ;

44 2324 49 22 and
102 2328 40 17 nut
151 2322 85 27 merely
246 2325 21 18 to
278 2322 70 26 these,
361 2322 43 22 but
413 2321 54 27 also,
477 2321 30 27 by
516 2320 123 26 bestowing

44 2358 32 15 on
92 2351 36 21 the
140 2350 88 26 colony,
246 2349 37 21 the
293 2349 75 21 better
382 2348 118 22 attributes
516 2347 27 22 of
559 2354 30 15 an
605 2346 34 22 old

43 2378 94 27 society,
149 2381 22 17 to
180 2376 63 22 those
251 2376 49 21 who
308 2376 58 21 have
375 2382 13 14 a
395 2374 135 23 distastefor
536 2374 60 21 what
601 2374 38 21 has

44 2404 127 22 heretofore
182 2404 57 21 been
250 2402 38 23 the
302 2402 114 28 primitive
427 2401 117 23 condition
555 2401 26 21 of
591 2408 48 14 new

46 2432 108 22 colonies.

74 2459 47 21 The
131 2461 64 24 great
204 2457 75 27 object
288 2456 26 21 of
325 2456 38 22 the
373 2455 61 28 price
443 2456 19 22 is
475 2458 22 19 to
512 2461 79 16 secure
605 2454 35 22 the

46 2489 60 18 most
115 2484 109 23 desirable
234 2483 143 28 proportions
385 2483 102 21 between
501 2482 81 27 people
597 2481 43 22 and

46 2512 55 22 land
107 2520 5 18 ;
128 2512 42 22 but
179 2511 38 21 the
227 2510 53 27 plan
290 2509 42 22 has
340 2509 40 22 the
387 2509 87 22 further
480 2509 72 22 result
559 2509 27 21 of
592 2515 48 21 pro-

46 2539 85 27 ducing
142 2546 13 14 a
164 2544 106 19 revenue,
287 2536 73 22 which
377 2536 45 22 will
436 2539 42 19 not
493 2536 55 27 only
562 2535 79 28 supply

46 2566 39 22 the
97 2565 107 28 requisite
218 2565 68 26 profit
300 2567 23 18 to
338 2563 38 22 the
392 2562 157 23 shareholders
563 2562 26 22 of
605 2562 36 22 the

46 2594 125 26 Company,
196 2591 41 23 but
260 2590 113 22 furnishes
396 2590 38 22 the
458 2597 79 15 means
555 2590 35 20 for
613 2596 28 14 an

48 2619 157 28 Immigration
217 2617 71 27 Fund,
290 2630 32 4 —
323 2625 14 13 a
342 2616 59 22 fund
409 2616 129 28 constantly
546 2616 95 27 applica-

46 2647 39 22 ble
100 2650 23 18 to
140 2646 38 22 the
194 2652 96 21 purpose
307 2644 26 22 of
344 2644 110 27 bringing
467 2644 82 22 labour
565 2647 22 17 to
605 2643 37 21 the

46 2674 82 27 colony
130 2685 31 4 —
162 2673 50 21 that
225 2673 26 26 is,
267 2672 25 21 in
309 2671 95 26 causing
420 2671 39 21 the
476 2671 51 21 best
544 2678 57 14 sort
622 2670 20 21 of

46 2701 152 21 colonization
209 2703 22 17 to
241 2698 97 28 proceed
347 2701 25 19 at
382 2699 38 21 the
434 2701 99 24 greatest
546 2697 96 28 possible

45 2731 57 19 rate.
131 2727 55 21 And
193 2726 44 22 this
244 2733 19 15 is
271 2725 37 22 the
316 2725 85 23 second
410 2725 87 22 feature
507 2725 28 21 of
546 2724 38 22 the
594 2731 49 15 new

46 2758 94 25 system.

64 2796 3 2 •
74 2788 49 23 The
133 2787 155 27 employment
297 2786 27 21 of
337 2786 40 21 the
391 2785 212 28 purchase-money,
620 2791 23 15 or

47 2816 39 21 the
97 2814 109 29 principal
216 2816 50 24 part
276 2813 25 21 of
311 2813 25 25 it,
345 2813 26 21 in
382 2812 127 28 conveying
519 2812 87 22 settlers
621 2815 22 18 to

47 2842 39 22 the
97 2842 88 26 colony,
197 2840 40 22 has
248 2840 37 21 the
294 2839 117 27 following
420 2839 84 22 effects.
535 2838 23 21 It
566 2838 78 21 makes

47 2869 39 22 the
101 2868 133 28 purchasers
250 2866 26 22 of
290 2866 55 21 land
359 2873 39 14 see
412 2865 93 28 plainly,
521 2865 51 21 that
586 2864 58 22 their

48 2903 85 20 money
142 2894 45 23 will
196 2894 29 21 be
234 2892 108 23 returned
350 2893 26 21 in
390 2892 38 22 the
441 2892 70 28 shape
525 2892 27 21 of
565 2891 79 22 labour

48 2922 48 22 and
104 2921 139 29 population.
272 2920 23 21 It
304 2919 73 27 tends,
393 2920 23 21 in
427 2919 52 27 fact,
495 2922 23 18 to
527 2918 69 21 lower
606 2918 38 21 the

48 2956 119 20 necessary
187 2946 107 23 standard
313 2946 26 21 of
354 2946 70 27 price,
439 2946 105 26 because,
562 2944 55 22 with
632 2951 13 15 a

48 2979 108 19 constant
163 2974 73 23 influx
246 2974 26 21 of
283 2972 79 26 people
373 2976 23 18 to
406 2972 38 22 the
455 2972 89 27 colony,
553 2971 37 22 the
601 2971 44 22 due

48 3004 130 29 proportion
187 3007 99 16 between
293 3006 80 22 people
382 2999 45 22 and
433 2998 55 23 land
494 3006 55 20 may
555 2998 28 22 be
590 2998 55 28 kept

50 3038 30 20 up
89 3030 30 26 by
130 3037 13 14 a
152 3029 68 22 lower
229 3028 68 28 price,
310 3026 55 23 than
375 3026 21 22 if
407 3026 64 22 there
480 3033 59 15 were
549 3032 30 15 no
588 3024 56 23 such

50 3056 151 28 immigration
208 3071 5 6 .
234 3055 21 21 It
265 3054 112 22 therefore
384 3052 131 23 diminishes
523 3052 38 22 the
567 3051 79 28 period

51 3084 82 26 during
142 3082 73 22 which
225 3082 37 21 the
271 3082 106 21 labourer
391 3083 61 19 must
463 3079 62 23 work
539 3079 35 22 for
588 3078 56 28 hire,

51 3110 47 22 and
106 3110 31 27 by
146 3109 38 21 the
198 3108 64 27 rapid
276 3115 103 19 progress
394 3107 73 22 which
481 3108 18 21 it
512 3106 96 28 imparts
623 3109 22 18 to

51 3136 40 22 the
98 3137 51 21 best
159 3139 46 18 sort
213 3135 26 22 of
250 3134 158 26 colonization,
422 3134 19 22 it
456 3134 103 28 explains
574 3136 23 18 to
607 3132 38 23 the

51 3162 119 27 labouring
180 3162 56 21 class
246 3162 26 21 of
278 3162 149 26 immigrants,
437 3160 49 23 that
495 3167 68 21 every
572 3167 43 14 one
624 3160 22 21 of

52 3190 63 22 them
127 3189 51 22 who
193 3188 20 21 is
227 3188 138 21 industrious
382 3188 46 21 and
444 3187 86 28 thrifty,
548 3194 53 20 may
617 3187 28 22 be

50 3225 52 15 sure
112 3220 23 18 to
144 3216 93 22 become
250 3217 41 19 not
305 3214 86 27 merely
406 3221 29 14 an
451 3221 77 15 owner
542 3214 26 21 of
582 3214 63 26 land,

51 3245 42 21 but
109 3244 47 21 also
171 3243 25 21 in
215 3242 35 21 his
269 3244 61 22 turn,
350 3248 30 14 an
400 3241 116 27 employer
535 3241 27 22 of
580 3240 66 23 hired

51 3272 123 24 labourers,
185 3277 14 14 a
208 3271 83 20 master
300 3267 27 22 of
337 3270 110 19 servants.

81 3298 66 22 From
157 3296 62 22 these
230 3294 184 26 considerations,
429 3294 39 21 the
478 3294 117 27 Company
605 3294 41 22 has

52 3324 99 29 adopted
168 3323 39 22 the
224 3329 61 15 same
302 3324 84 24 system
403 3320 27 22 of
446 3320 115 27 disposing
575 3321 27 21 of
617 3322 29 21 its

53 3355 68 19 waste
131 3350 74 27 lands,
221 3356 25 15 as
260 3348 42 22 has
316 3346 93 28 already
422 3346 85 28 proved
521 3347 80 27 highly
612 3348 34 21 fa-

53 3378 106 22 vourable
174 3380 22 18 to
212 3376 37 22 the
263 3374 185 29 productiveness
462 3373 26 22 of
502 3373 106 27 industry
621 3374 24 22 in

52 3405 71 22 South
134 3403 122 23 Australia.
285 3402 29 21 In
325 3409 12 14 a
348 3408 51 15 new
410 3400 89 27 colony,
514 3400 94 27 planted
622 3401 24 21 in

51 3440 15 14 a
75 3432 73 22 fertile
159 3430 45 23 and
218 3428 117 23 extensive
349 3427 113 27 territory,
478 3430 19 18 it
510 3426 21 22 is
546 3427 100 27 obvious,

52 3459 50 22 that
120 3458 39 22 the
175 3456 170 24 establishment
360 3454 27 23 of
403 3453 56 22 such
474 3461 13 14 a
501 3457 85 24 system
600 3454 20 21 is
634 3461 14 14 a

53 3489 81 19 matter
151 3485 26 21 of
194 3484 38 22 the
249 3484 91 26 deepest
358 3484 104 19 moment
478 3484 22 18 to
518 3480 39 22 the
572 3480 75 22 future

53 3513 89 21 welfare
154 3512 26 22 of
192 3511 93 27 society.
337 3508 69 23 From
420 3508 19 21 it
453 3507 38 22 the
505 3507 53 22 best
572 3506 76 23 effects

52 3547 53 19 may
114 3539 53 22 with
177 3538 132 22 confidence
318 3537 28 21 be
356 3534 139 28 anticipated
501 3541 5 14 :
523 3541 14 14 a
544 3536 104 19 constant

53 3566 44 23 and
106 3566 90 28 regular
205 3564 81 28 supply
296 3563 27 22 of
333 3570 51 15 new
394 3561 55 23 land
458 3562 23 21 in
496 3560 45 23 due
555 3567 93 21 propor-

48 3594 49 22 tion
107 3596 23 19 to
140 3592 38 22 the
198 3595 71 19 wants
278 3590 26 22 of
315 3597 13 15 a
336 3588 133 30 population
481 3587 128 27 increasing
619 3587 31 27 by

48 3620 73 22 births
131 3619 47 22 and
190 3618 152 28 immigration
350 3625 5 19 ;
375 3616 31 23 all
420 3615 39 22 the
474 3614 138 27 advantages
626 3617 22 18 to

51 3646 74 24 which
133 3646 103 22 facilities
246 3646 26 20 of
282 3647 116 25 transport
404 3642 46 23 and
457 3640 191 24 communication

50 3681 40 15 are
99 3672 106 24 essential
212 3680 5 19 ;
234 3672 110 26 certainty
359 3670 27 22 of
396 3670 77 26 limits,
489 3668 46 22 and
551 3668 98 26 security

51 3701 27 22 of
89 3701 48 21 title
147 3703 23 19 to
180 3702 105 29 property
294 3699 24 21 in
330 3693 59 27 land
395 3705 5 19 ;
415 3696 40 23 the
464 3698 100 25 greatest
576 3694 72 22 facili-

49 3728 44 22 ties
102 3734 29 15 on
142 3726 117 28 acquiring
267 3726 39 21 the
318 3724 43 22 due
371 3723 105 29 quantity
482 3729 5 20 ;
502 3722 40 22 the
552 3724 99 24 greatest

50 3755 192 26 encouragement
255 3755 23 19 to
286 3751 154 27 immigration
452 3749 45 23 and
506 3748 130 23 settlement
642 3756 6 19 ;

50 3780 47 23 and
111 3781 38 21 the
164 3783 59 19 most
235 3778 65 28 rapid
315 3785 104 21 progress
434 3777 26 22 of
476 3776 38 22 the
528 3775 80 28 people
623 3775 24 22 in

50 3807 104 23 material
163 3806 96 23 comfort
267 3805 47 22 and
323 3804 69 22 social

161 3861 100 21 BILLS
275 3860 44 21 OF
334 3858 210 22 EXCHANGE.

55 3896 165 50 PRINTED
235 3894 105 24 FORMS
355 3893 64 23 FOR
432 3893 80 22 SALE
527 3892 42 23 AT
583 3891 65 24 THE

128 3922 111 24 OFFICE
254 3922 39 23 OF
307 3921 75 23 THIS
398 3920 109 23 PAPER.

83 3950 130 23 November
221 3950 22 28 4,
256 3950 60 21 1840.

1276 615 71 49 ON
1359 615 84 27 SALE,
1455 622 29 14 ex
1612 615 31 27 by
1654 614 36 22 the
1697 612 162 27 Undersigned,

1339 645 24 19 at
1371 642 58 21 their
1435 642 93 27 general
1538 641 118 22 wholesale
1666 641 45 21 and
1720 640 63 22 retail
1791 640 68 25 Store,

1302 670 26 20 12
1342 669 74 27 pieces
1430 669 67 26 print,
1509 667 146 28 exceedingly
1665 667 51 22 well
1724 665 97 29 adapted
1829 665 31 22 foi

1274 695 73 27 lining
1356 695 110 22 the'walls
1476 695 27 21 of
1514 702 81 14 rooms.

1302 722 63 27 Rugs
1375 721 46 22 and
1431 725 163 24 counterpanes
1604 721 25 22 of
1641 721 88 22 various
1739 719 62 28 sizes,

1303 749 115 26 Blankets,

1304 775 59 22 Pilot
1372 775 45 21 and
1425 775 100 27 flushing
1534 778 108 24 trowsers,

1304 802 113 22 Moleskin
1428 802 44 22 and
1480 802 108 26 corderoy
1598 801 63 28 ditto,

1270 847 3 6 ,
1304 829 67 22 Duck
1386 832 101 18 trowsers
1497 828 46 22 and
1553 828 80 27 frocks,

1304 855 96 28 Regatta
1410 855 47 22 and
1466 855 85 28 striped
1561 855 72 26 shirts,
1654 874 7 6 .

1305 882 93 22 Cheneil
1406 885 76 19 cotton
1492 882 46 21 and
1547 881 95 22 woollen
1652 881 89 27 shawls,

1305 909 161 26 Sou-westers,
1476 908 41 22 red
1528 908 45 22 and
1581 908 82 22 Scotch
1673 915 58 21 caps,

1281 949 2 5 .
1305 935 134 27 Umbrellas,

1305 963 116 21 Women's
1431 961 45 23 and
1483 961 71 23 men's
1561 961 60 28 hose,
1629 961 94 28 mohair,
1733 963 83 24 cotton,
1824 967 39 15 anc

1281 990 100 26 worsted,

1308 1017 47 21 Silk
1364 1015 166 28 hankerchiefs,
1539 1015 45 22 and
1593 1015 63 22 other
1666 1015 94 28 drapery
1770 1014 26 22 of
1802 1020 62 20 everj

1281 1043 141 28 description.

1306 1070 49 22 The
1365 1069 158 28 Undersigned
1530 1069 57 21 have
1593 1068 46 22 also
1645 1069 35 21 for
1687 1068 45 22 sale
1741 1067 36 23 the
1784 1067 80 22 follow-

1282 1096 38 28 ing
1325 1097 95 26 articles,
1428 1096 36 22 viz
1471 1104 27 14 :—
1499 1096 64 25 flour,
1572 1095 87 26 biscuit,
1668 1095 79 22 cheese
1756 1093 109 27 (Cheshin

1282 1124 45 22 and
1337 1123 93 28 Dutch,)
1441 1123 82 26 butter,
1535 1123 51 26 rice,
1597 1122 38 22 the
1645 1123 49 21 best
1702 1123 24 20 in
1737 1121 37 22 the
1782 1120 82 27 colony

1283 1158 82 20 sugars,
1378 1154 53 21 teas,
1443 1150 78 26 coffee,
1538 1149 98 27 tobacco,
1655 1152 108 23 currants,
1782 1147 81 22 raisins

1283 1178 80 27 apices,
1374 1178 41 21 &c.
1426 1177 41 21 &c.
1477 1177 43 21 &c.

1280 1215 5 12 j
1309 1204 63 28 Also,
1384 1210 22 16 ~a
1424 1203 60 28 good
1504 1202 79 29 supply
1602 1202 26 22 of
1647 1202 160 27 ironmongery
1825 1207 41 15 anc

1272 1229 135 29 is&rockery.-'
1415 1245 6 8 k
1427 1245 3 3 •

1280 1264 4 5 '
1310 1258 29 21 N.
1356 1259 25 20 B.
1396 1257 48 22 The
1454 1257 86 26 baking
1548 1256 45 22 and
1602 1255 135 28 butchering
1746 1254 73 23 trades
1829 1253 36 23 stil

1284 1285 103 27 carrying
1396 1292 37 14 on.

1574 1310 29 22 D.
1619 1310 22 22 S.
1656 1310 78 22 Durie
1749 1308 45 23 and
1808 1308 39 22 Co.

1311 1338 146 27 Wellington,
1469 1337 56 23 Dec.
1537 1339 33 24 10,
1582 1339 61 20 1840.

1287 1392 71 49 ON
1374 1392 85 27 SALE,
1475 1399 30 14 ex

1368 1420 28 20 40
1405 1419 56 27 bags
1470 1419 50 21 best
1531 1418 95 22 colonial
1636 1417 65 28 flour,

1367 1447 12 20 2
1394 1446 79 21 tiei'ces
1483 1445 101 28 tobacco,

1367 1474 11 20 1
1389 1473 50 21 bale
1449 1472 42 21 sail
1501 1479 100 20 canvass,

1367 1500 27 21 60
1407 1499 75 28 pieces
1496 1499 68 27 fancy
1574 1499 78 28 prints,

1286 1540 6 14 j
1301 1546 3 5 ,
1366 1527 15 20 4
1395 1533 62 14 cases
1467 1526 68 27 slops.

1409 1572 17 6 „.
1436 1552 56 22 And
1512 1553 29 26 by
1561 1551 45 23 late
1625 1551 99 28 arrivals,

1368 1581 27 21 10
1408 1579 74 22 chests
1498 1579 74 27 hyson
1588 1579 50 22 skin
1655 1583 42 23 tea,

1367 1608 28 20 50
1408 1607 70 21 boxes
1495 1606 98 21 London
1607 1614 61 20 soap,

1368 1634 13 21 5
1396 1636 51 19 tons
1462 1633 120 27 Liverpool
1596 1633 49 27 salt,

1368 1662 14 20 3
1396 1660 56 21 ditto
1467 1660 77 21 brown
1560 1666 71 21 sugar,

1368 1689 14 20 6
1395 1687 55 26 kegs
1465 1687 101 26 superior
1574 1687 99 26 tobacco,

1368 1716 14 19 6
1396 1719 48 18 cwt.
1462 1713 136 27 gunpowder
1613 1714 22 20 in
1652 1713 113 27 canisters,

1369 1742 27 21 20
1410 1741 56 26 kegs
1480 1740 180 27 assorted>nails,

1369 1769 27 20 50
1410 1767 56 27 kegs
1481 1767 56 22 ditto
1555 1767 80 27 paints,

1370 1796 13 20 2
1396 1794 66 22 hhds.
1476 1794 66 28 paint
1561 1794 45 27 oil,.
1628 1804 8 8 *

1296 1821 10 25 C
1370 1822 40 21 100
1425 1821 49 21 doz.
1494 1821 118 28 Dunbarjs,
1626 1820 87 22 bottled
1727 1820 42 27 ale,

1371 1850 37 20 An
1417 1848 256 21 extensive'assbrtment
1679 1847 25 21 of
1711 1847 163 27 ironmongery,

1295 1882 3 9 1
1372 1875 66 22 Paint
1451 1874 102 28 brushes,
1565 1875 39 21 &c.
1620 1875 40 21 &c.
1676 1875 40 21 &c.

1295 1908 2 8 1
1589 1901 83 21 Waitt
1687 1901 45 22 and
1745 1900 107 22 Tinline.

1318 1929 54 22 Port
1381 1928 132 26 Nicholson,
1525 1928 55 22 Dec.
1593 1930 31 24 10,
1642 1928 59 21 1840.

1346 1983 49 20 EX
1417 1983 17 30 ';
1444 1982 160 21 MARTHA

1285 2009 10 13 U
1301 2015 34 21 s>
1342 2015 39 21 Of
1383 2007 81 29 TllßD
1463 2019 4 5 1
1473 2015 86 26 sherry,
1570 2022 23 13 U1
1602 2016 13 20 3
1708 2014 71 21 casks.

1292 2035 47 29 J3
1375 2041 62 21 Ditto
1474 2044 58 24 port,
1589 2041 35 21 do.
1654 2041 35 21 do.

1377 2068 60 22 Ditto
1474 2073 82 22 porter,
1589 2068 35 21 do.
1654 2068 36 20 do.

1375 2094 63 22 Ditto
1474 2094 51 28 pale
1537 2094 40 27 ale,
1589 2094 35 22 do.
1655 2094 34 22 do.

1348 2122 76 22 Paints
1435 2122 26 21 of
1471 2122 29 21 all
1512 2122 152 26 descriptions.

1348 2148 135 27 Negrohead
1494 2148 99 22 tobacco.

1349 2175 144 28 Gunpowder
1502 2175 25 21 in
1538 2175 41 21 lib.
1588 2175 113 22 canisters.

1348 2202 82 22 Patent
1440 2202 55 27 shot,
1508 2202 105 22 assorted.

1349 2231 50 20 11-4
1408 2229 110 21 blankets.

1348 2256 98 27 Brandy.

1349 2282 119 29 Liverpool
1476 2282 52 22 salt.

1349 2310 80 22 Brown
1440 2311 79 21 biscut.

1350 2337 64 22 Lime
1426 2337 69 27 juice.

1517 2370 29 15 ex

1350 2390 96 23 Manilla
1455 2390 80 27 cigars.

1350 2417 48 23 Ash
1409 2425 57 15 oars.

1495 2444 131 26 Ridgways,
1640 2444 106 27 Guyton,
1757 2443 45 23 and
1811 2443 71 22 Earp.

1322 2471 146 28 Wellington,
1479 2471 58 22 Dec.
1548 2473 32 25 11,
1591 2472 61 20 1840.

1298 2527 210 48 HROBSON
1523 2527 54 26 begs
1589 2530 23 18 to
1622 2533 120 15 announce
1752 2525 48 22 that
1808 2525 28 22 he
1847 2525 35 22 has

1362 2565 10 10 •
1403 2561 30 14 on
1444 2553 58 27 Sale,
1515 2557 23 18 at
1546 2553 34 22 his
1596 2553 64 26 Tent,
1680 2556 22 18 at
1718 2560 61 15 more
1796 2560 87 14 reason-

1297 2581 50 21 able
1357 2581 71 27 prices
1439 2581 54 21 than
1504 2580 96 22 hitherto
1615 2580 84 22 offered
1711 2580 25 21 in
1746 2580 36 22 the
1793 2579 90 28 Colony,

1297 2607 38 22 the
1346 2607 115 28 following
1471 2607 95 26 articles,
1577 2607 51 27 viz...
1656 2617 10 7 -

1326 2643 81 23 Ladies
1417 2644 45 22 and
1471 2644 148 27 gentlemen's
1636 2643 172 23 London-made
1823 2643 61 22 boot:

1298 2671 46 22 and
1353 2671 72 22 shoes.

1325 2698 82 27 Strong
1416 2698 79 27 men's,
1506 2698 113 25 women's,
1630 2697 46 23 and
1690 2697 120 23 children's
1824 2697 61 22 ditto,

1326 2725 103 22 Summer
1439 2725 125 22 waistcoats
1575 2725 44 21 and
1628 2728 110 18 trowsers.

1325 2752 76 26 Black,
1414 2752 87 27 Genoa,
1513 2752 45 21 and
1568 2751 86 23 merino
1663 2758 96 15 scarves.

1325 2778 88 23 French
1422 2779 40 22 kid
1472 2779 46 21 and
1529 2778 59 22 Lisle
1598 2778 80 22 thread
1685 2778 84 27 gloves.

1325 2806 70 22 Black
1401 2807 60 21 satin
1469 2806 46 22 and
1522 2805 113 22 armozine
1643 2805 80 26 stocks,
1733 2805 70 22 men's
1812 2807 74 19 cotton

1298 2833 84 26 braces,
1407 2833 137 28 carpenter's
1562 2832 103 27 marking
1686 2832 91 27 pencils,
1803 2831 83 27 sealing

1298 2866 57 21 wax,
1373 2860 86 27 wafers,
1475 2859 47 22 and
1532 2859 39 22 ink
1580 2859 101 28 powders
1689 2867 4 18 ;
1709 2866 14 14 a
1730 2862 64 24 great
1803 2858 84 27 variety

1299 2887 26 21 of
1342 2887 56 21 bead
1414 2887 127 26 necklaces,
1559 2887 85 21 lunette
1663 2885 45 23 and
1725 2889 77 24 strong
1818 2886 69 21 watch

1298 2913 84 27 glasses
1391 2913 45 23 and
1445 2914 63 27 keys,
1520 2913 107 22 mounted
1636 2912 155 27 Rockingham
1803 2912 53 27 jugs
1866 2912 21 22 in

1299 2944 52 23 sets,
1370 2941 45 21 and
1433 2948 14 14 a
1466 2941 87 26 variety
1573 2941 25 21 of
1615 2940 65 22 other
1697 2939 87 22 articles
1802 2939 85 28 worthy

1299 2967 62 30 early
1369 2967 134 28 inspection.

1327 2994 145 27 Wellington,
1483 2994 58 21 Dec.
1552 2995 32 25 10,
1596 2995 61 20 1840.

1395 3049 50 20 EX
1487 3047 192 21 SUSANNAH

1301 3082 72 49 ON
1388 3082 85 26 SALE,
1485 3085 24 18 at
1519 3082 37 21 the
1567 3082 73 21 Stores
1647 3081 26 22 of
1680 3081 37 22 the
1725 3081 164 27 Undersigned,

1379 3110 74 21 Men's
1463 3113 78 23 strong
1549 3108 77 22 nailed
1634 3108 71 27 boots,

1327 3137 115 21 Women's
1454 3136 47 22 and
1514 3135 119 23 children's
1647 3136 64 21 boots
1727 3135 45 22 and
1788 3135 65 23 shoes
1868 3136 22 21 of

1299 3164 30 21 all
1339 3164 62 26 sizes,

1325 3190 81 22 Ladies
1417 3190 54 27 jean
1481 3190 73 26 boots,

1326 3217 70 22 Small
1405 3217 70 21 scales
1485 3217 47 21 and
1541 3215 100 28 weights,

1325 3244 74 22 Horse
1410 3244 54 22 shoe
1473 3244 66 26 nails,

1325 3271 59 21 Boat
1392 3270 56 22 nails
1459 3270 47 22 and
1515 3277 84 15 reeves.

1326 3298 110 26 Muskets,

1326 3325 84 26 Cigars,

1327 3351 68 27 Hoop
1403 3352 58 26 iron,

1328 3378 49 27 Bar,
1389 3378 47 26 rod,
1447 3376 47 23 and
1502 3376 65 23 sheet
1575 3376 57 27 iron,

1327 3405 82 27 Spices,
1420 3405 86 26 ginger,
1518 3404 49 26 &c,
1577 3411 30 14 an
1616 3405 135 20 assortment
1757 3403 34 22 for
1798 3402 94 28 making

1299 3432 80 27 ginger
1388 3432 53 21 beer
1447 3438 5 20 ;

1327 3458 107 28 Allspice,
1444 3464 93 21 pepper,
1551 3457 40 22 &c.

1533 3491 35 21 W.
1584 3491 25 21 B.
1624 3490 127 22 RHODES
1762 3489 45 23 and
1817 3490 46 22 CO.

1473 3537 30 20 T.
1520 3536 54 21 and
1588 3536 25 20 S.
1628 3534 92 21 COOK

1300 3564 93 50 BEG
1406 3567 23 18 to
1443 3563 103 22 intimate
1556 3565 23 18 to
1594 3561 105 22 Families
1714 3560 44 23 and
1774 3560 116 28 Shipping,

1377 3591 49 21 that
1436 3590 53 26 they
1499 3589 106 22 continue
1620 3592 23 17 to
1659 3588 80 27 supply
1755 3588 59 21 fresh
1832 3588 57 26 beef,

1300 3618 56 26 veal,
1367 3620 87 20 mutton
1455 3633 8 14 ;
1473 3616 64 28 pork,
1549 3616 39 21 &c.
1596 3616 47 26 &c,
1653 3621 24 15 as
1684 3614 46 22 also
1741 3621 67 21 every
1814 3614 77 22 article

1299 3646 23 21 in
1332 3645 38 21 the
1380 3644 113 28 provision
1505 3642 70 23 trade.
1603 3642 39 21 An
1656 3641 121 22 allowance
1793 3645 23 18 to
1833 3642 58 26 Cap-

1301 3672 58 22 tains
1377 3671 24 21 of
1421 3669 84 23 vessels
1523 3668 45 23 will
1586 3668 28 22 be
1633 3668 66 22 made
1717 3668 25 21 in
1757 3668 79 26 taking
1851 3667 39 22 the

1299 3705 93 16 carcass.

1326 3724 145 27 Wellington,
1487 3723 57 22 Dec.
1553 3724 21 25 2,
1584 3724 61 20 1840.

1504 3767 180 21 WATCHES.

1301 3797 93 49 JUST
1407 3793 160 24 RECEIVED
1586 3793 59 22 from
1664 3792 96 22 London
1776 3792 78 26 direct,
1876 3798 14 15 a

1351 3824 42 22 few
1402 3822 68 22 silver
1478 3821 100 26 hunting
1586 3819 104 27 watches,
1701 3819 47 22 and
1756 3819 50 21 four
1816 3821 73 19 crates

1301 3851 23 22 of
1343 3850 107 25 crockery
1469 3855 53 15 now
1539 3847 79 27 selling
1633 3849 24 19 at
1671 3846 114 22 moderate
1802 3845 84 27 prices;

1364 3877 58 22 from
1431 3875 141 28 Valpairaso,
1583 3881 62 15 some
1655 3873 63 22 dried
1733 3871 96 29 peaches
1845 3872 44 21 im-

1289 3912 5 8 '
1299 3904 80 29 ported
1400 3902 116 27 expressly
1534 3901 36 21 for
1588 3901 38 21 the
1636 3900 79 22 Xmas.
1731 3897 118 25 festivities
1866 3898 26 23 of

1300 3933 53 22 Port
1361 3930 131 26 Nicholson,
1501 3931 24 20 at
1535 3927 19 23 J.
1562 3927 95 23 TxtNE's
1664 3927 72 27 Store,
1742 3925 147 27 Wellington.

691 622 114 22 UNION
819 620 102 22 BANK
935 620 44 20 OP
994 618 221 21 AUSTRALIA.

655 657 96 21 London
769 655 93 25 Office,
876 653 45 22 No.
936 654 36 24 33,
991 653 52 21 Old
1059 652 185 21 Broad-street.

711 688 92 28 Capital,
813 688 123 25 £500,000;
957 685 100 28 p«aidup,
1072 684 117 27 £300,000.

891 723 120 14 directors:

762 750 67 19 George
838 748 37 17 Fife
883 749 67 19 Angas,
959 747 49 21 Esq.,

763 770 68 16 Robert
838 769 74 19 Brooks,
923 769 47 19 Esq.,

763 791 60 16 James
831 790 48 16 John
887 789 99 19 Cummins,
996 789 49 19 Esq.,

763 811 66 17 Robert
838 811 95 18 Gardener,
946 810 48 20 Esq.,
1007 808 120 19 Manchester,

763 832 47 17 John
819 832 51 18 Gore,
881 832 49 20 Esq.,

764 853 46 16 John
819 852 78 17 William
906 851 74 18 Buckle,
986 850 50 21 Esq.,

763 874 96 20 Benjamin
866 873 21 17 E.
894 872 63 20 Lindo,
967 872 48 20 Esq.,

765 895 72 16 Charles
848 894 73 17 Edward
929 893 88 19 Manxes,
1027 892 48 19 Esq.,

765 916 114 19 Christopher
887 915 82 18 Rawson,
979 914 49 19 Esq.,
1040 912 80 19 Halifax,

765 937 78 16 Thomas
850 936 63 18 Sands,
922 935 48 19 Esq.,
979 933 101 21 Liverpool,

765 958 60 15 James
834 956 54 21 Bogle
896 955 64 19 Smith,
967 955 49 20 Esq.,
1037 966 12 5 .-

765 978 61 16 James
834 977 78 16 Ruddell
920 976 55 18 Todd,
984 975 43 20 Esq.

660 1006 84 16 Trustees
751 1010 5 12 :
772 1005 81 16 George
865 1005 56 15 Carr
932 1003 61 18 Glyn,
1007 1003 48 19 Esq.,
1066 1002 53 16 Johk
1130 1001 61 19 Gore,
1200 1000 48 20 Esq.,

806 1025 37 16 and
850 1025 66 16 James
923 1024 17 16 J.
947 1024 102 17 Cummins,
1060 1023 42 19 Esq.

689 1053 90 17 Bankers:
791 1053 75 16 Messrs.
873 1052 61 19 Glyjj,
946 1051 116 18 Hallifax,
1071 1050 68 19 Mills,
1149 1048 35 17 and
1193 1048 29 17 Co.

781 1081 100 19 Secretary:
893 1080 84 16 Samuel
984 1079 96 17 Jacksox,
1088 1078 41 19 Esq.

753 1108 78 17 Colonial
839 1109 93 19 Inspector
938 1112 3 11 :
954 1107 17 16 J.
979 1107 19 16 C.
1007 1106 102 17 M-Laren,
1117 1104 42 21 Esq.

784 1157 68 20 New
870 1154 124 22 Zealand
1013 1153 115 22 Branch.

662 1191 53 17 Local
723 1191 90 16 Directors
819 1195 5 11 :
840 1190 47 16 Geo.
898 1189 18 16 S.
928 1189 73 17 Evans,
1015 1188 49 20 Esq.,
1077 1186 67 20 D.C.L.,
1158 1186 36 17 and
1205 1187 47 16 Geo.

885 1210 90 18 Hunter,
988 1210 43 19 Esq.

663 1240 86 20 Manager
755 1245 5 11 :
772 1239 46 17 John
827 1239 71 18 Smith,
907 1238 48 19 Esq.,
965 1237 36 16 late
1009 1236 20 16 of
1038 1236 31 16 the
1077 1234 116 18 Commercial
1200 1234 52 16 Bank

831 1260 21 16 of
861 1259 87 20 England,
961 1257 123 17 Manchester.

774 1287 113 23 Branches
897 1290 24 18 at
936 1286 98 26 Sydney,

938 1313 8 21 1
953 1313 74 21 lobart
1035 1312 76 27 Town,

939 1340 8 21 1
959 1342 129 23 aunceston,
1100 1337 46 23 and

939 1366 8 22 I
957 1370 35 18 ort
1003 1366 80 28 Philip.

665 1404 54 22 Port
726 1403 132 26 Nicholson,
869 1401 80 23 March
959 1401 35 26 24,
1007 1401 61 21 1840.

666 1457 92 31 rpHE
775 1457 113 22 Directors
905 1455 27 21 of
946 1454 39 22 (he
1003 1453 57 22 New
1076 1452 100 23 Zealand
1190 1452 65 22 Land

673 1476 29 30 JL
740 1485 117 26 Company
870 1482 79 27 herebj
972 1481 51 27 give
1040 1480 81 26 notice,
1139 1480 48 21 that
1202 1480 53 27 they

664 1511 57 22 have
730 1518 112 15 effected
853 1516 32 15 an.
893 1515 174 15 aurangement
1075 1507 52 21 with
1134 1507 38 21 the
1180 1506 74 22 Union

665 1539 65 21 Bank
744 1538 27 21 of
787 1536 120 26 Australia,
924 1535 44 22 No.
985 1536 34 25 38,
1035 1534 46 22 Old
1097 1533 157 25 Broad-street,

666 1565 102 26 London,
779 1564 34 22 for
822 1563 38 22 the
873 1562 170 22 establishment
1057 1561 26 22 of
1096 1568 13 14 a
1125 1560 131 22 BRANCH

666 1592 88 22 BANK
770 1591 33 22 IN
818 1589 72 23 NEW
906 1588 159 27 ZEALAND,
1079 1587 96 27 through
1184 1587 72 22 which

666 1619 38 21 the
713 1619 101 21 business
827 1617 27 22 of
866 1616 38 22 the
922 1616 57 22 New
996 1615 101 22 Zealand
1111 1614 64 22 Land
1192 1614 64 22 Com-

666 1653 59 20 pany
735 1645 45 22 will
788 1645 28 21 be
826 1643 135 23 transacted.
989 1642 49 22 The
1055 1642 113 22 Directors
1184 1640 73 22 there-

666 1673 48 21 fore
723 1671 144 23 recommend
876 1674 23 18 to
917 1669 112 23 Colonists
1045 1668 38 22 the
1101 1668 74 22 Union
1193 1667 64 23 Bank

667 1700 26 21 of
712 1699 112 22 Australia
843 1705 23 14 as
885 1705 28 14 an
940 1695 171 23 establishment

667 1727 57 20 their
741 1726 69 21 entire
834 1724 137 26 confidence,
993 1722 45 22 and
1057 1722 59 31 Js>lei'
1125 1726 23 17 to
1166 1721 91 27 provide

667 1753 126 26 effectually
808 1752 35 22 for
859 1751 38 23 the
911 1749 107 24 financial
1033 1752 71 19 wants
1120 1749 26 21 of
1157 1747 37 23 the
1212 1747 45 23 first

667 1780 134 22 settlement.

836 1805 34 28 By
881 1804 65 23 order
956 1804 27 22 of
993 1803 38 22 the
1041 1802 80 27 Board,

913 1840 87 22 JOHN
1014 1840 104 26 WARD,
1134 1840 124 26 Secretary.

668 1878 55 21 New
734 1876 100 23 Zealand
843 1874 66 23 Land
919 1874 137 28 Company's
1066 1873 77 27 Office,

697 1906 19 24 1,
726 1904 161 24 Adam-street,
898 1901 105 28 Adelphi,
1015 1901 53 21 27th
1078 1901 68 26 Aug.,
1157 1901 62 20 1839.

669 1958 92 49 THE
776 1955 228 24 UNDERSIGNED
1019 1954 64 22 takes
1099 1954 43 21 this
1157 1957 102 24 opportu-

730 1986 49 25 nity
789 1988 22 17 to
819 1987 77 18 return
905 1982 81 25 thanks,
994 1982 36 21 for
1038 1981 38 21 the
1083 1981 78 21 liberal
1170 1984 89 23 support

668 2012 29 21 he
704 2009 176 23 received-while
886 2005 135 25 inJs£§E&ess
1029 2015 60 18 upon
1097 2007 113 22 thaHutt.
1218 2007 41 21 and

668 2038 55 26 begs
732 2040 24 17 to
765 2036 82 21 inform
855 2035 35 20 his
897 2034 85 21 friends
989 2033 47 22 and
1044 2033 37 22 the
1087 2033 81 27 public,
1179 2032 49 21 that
1234 2032 26 22 he

669 2064 40 21 has
720 2071 50 14 now
780 2061 88 29 opened
878 2061 35 22 his
923 2068 49 14 new
983 2063 61 18 store
1062 2067 60 20 upon
1139 2059 121 21 Thorndon

669 2090 57 26 Fiat,
739 2090 73 21 where
822 2089 29 21 he
862 2088 40 21 has
911 2087 66 22 made
987 2094 14 14 a
1011 2090 65 24 great
1085 2086 98 22 addition
1194 2090 23 16 to
1228 2085 32 22 his

668 2117 65 22 usual
742 2116 63 22 stock
815 2115 26 22 of
852 2115 89 22 various
951 2114 96 25 articles,
1059 2113 120 28 especially
1193 2112 68 23 ladies

669 2144 47 22 and
725 2143 121 23 children's
855 2142 99 26 wearing
964 2141 100 27 apparel.

796 2176 89 22 ladies'
900 2182 108 15 wearing
1024 2181 109 15 apparel.

699 2211 74 22 White
790 2210 88 28 printed
899 2209 102 24 muslins,
1026 2216 12 13 a
1057 2208 61 27 large
1135 2206 46 23 and
1196 2207 65 22 select

671 2238 63 23 stock
744 2238 27 21 of
780 2236 89 29 printed
880 2236 87 26 calicos,
978 2236 56 21 ditto
1043 2235 66 21 white
1116 2234 35 21 for
1160 2234 101 27 shirting,

671 2269 60 23 stays
741 2265 25 22 of
778 2264 98 28 superior
885 2262 73 28 make,
974 2262 153 25 underlinens,
1139 2261 59 27 slips,
1210 2261 39 21 &c.
1257 2269 4 18 j

672 2292 49 26 silk,
730 2295 71 22 straw,
807 2291 45 22 and
859 2290 105 28 gingham
970 2290 109 25 bonnets;
1091 2288 74 27 scarfs,
1175 2285 86 28 shawls,

672 2320 46 21 and
726 2318 105 23 flowered
840 2318 73 21 fronts
921 2325 5 18 ;
944 2316 68 22 white
1028 2315 46 22 and
1088 2315 67 22 black
1170 2315 92 21 worsted

673 2346 45 22 and
737 2349 74 18 cotton
832 2344 113 26 stockings
953 2352 5 17 ;
984 2344 65 21 boots
1068 2342 45 21 and
1131 2341 72 27 shoes,
1222 2341 40 22 silk

673 2372 102 27 mantles,
786 2372 61 27 plain
859 2371 45 22 and
914 2370 53 22 with
977 2377 74 20 capes,
1060 2369 98 26 ribbons,
1170 2369 40 21 &c.

811 2406 69 21 MEN'S
895 2411 108 15 WEARING
1018 2410 110 15 APrAREL.

702 2440 127 26 Consisting
853 2438 27 22 of
899 2437 113 27 superfine
1036 2436 52 22 blue
1109 2435 89 28 jackets
1222 2435 40 21 and

674 2471 108 23 trowsers,
794 2466 112 28 superfine
916 2464 105 26 shooting
1032 2467 60 18 coats
1107 2462 25 22 of
1144 2462 61 23 cloth
1221 2462 42 21 and

674 2495 118 25 cassinett;
812 2492 88 29 jackets
919 2492 25 21 of
959 2492 93 25 fustian,
1070 2490 116 27 corduroy,
1203 2489 60 27 jean,

675 2522 45 21 and
737 2521 58 22 duck
805 2529 5 18 ;
834 2523 102 18 trowsers
953 2518 26 22 of
998 2517 134 26 everlasting
1148 2516 115 27 corduroy,

674 2548 90 27 fustian,
775 2547 117 26 moleskin,
904 2546 131 27 gambroon,
1047 2544 45 21 and
1101 2543 59 22 duck
1168 2551 6 19 ;
1194 2543 70 21 waist-

676 2579 60 18 coats
751 2575 25 21 of
787 2574 89 28 printed
892 2572 82 26 velvet,
993 2571 105 27 valentia,
1115 2570 45 22 and
1178 2573 72 18 tartan
1260 2577 4 19 ;

675 2602 111 28 superfine
794 2601 51 22 blue
853 2600 61 22 cloth
921 2607 60 20 caps,
990 2598 83 23 Scotch
1079 2598 103 25 bonnets,
1191 2596 73 25 shirts,

677 2629 48 27 (red
735 2629 46 21 and
790 2628 69 26 blue,)
874 2626 68 23 white
951 2626 47 22 and
1007 2624 85 28 striped
1101 2624 114 26 stockings
1223 2623 41 22 and

676 2656 63 22 socks
750 2656 25 21 of
787 2654 109 26 varieties,
913 2654 64 21 boots
986 2652 47 22 and
1042 2656 65 18 snfoes
1117 2651 27 22 of
1156 2650 108 27 varieties,

674 2683 149 27 gentlemen's
842 2681 102 27 dressing
960 2687 80 21 gowns
1058 2678 45 23 and
1121 2678 56 28 pilot
1198 2680 66 24 coats,

676 2711 85 26 braces,
773 2710 39 22 &c.

911 2741 120 16 SUNDRIES.

703 2770 114 27 Blankets,
841 2769 56 26 (red,
916 2769 60 26 blue,
1003 2767 47 23 and
1069 2766 84 27 white,)
1175 2765 91 26 flannel,

676 2805 100 19 canvass,
803 2797 118 26 moleskin,
947 2794 100 27 threads,
1073 2797 68 24 tapes,
1168 2793 98 26 buttons,

675 2824 71 23 hooks
756 2824 44 22 and
810 2831 59 19 eyes,
881 2822 99 27 needles,
991 2822 59 27 pins,
1062 2821 39 22 &c.

873 2862 135 19 GROCERIES,
1024 2854 42 22 &C.

704 2891 71 22 Black
789 2890 46 23 and
850 2897 69 20 green
939 2892 41 23 tea,
1000 2895 84 20 sugars,
1105 2887 54 26 (raw
1176 2887 46 22 and
1235 2894 31 14 re-

676 2918 79 27 fined,)
770 2918 59 26 blue,
840 2917 62 26 soda,
912 2923 60 20 soap,
981 2915 99 26 candles,
1088 2915 80 26 starch,
1177 2913 89 28 pickles,

676 2944 106 27 mustard,
807 2944 82 25 butter,
912 2943 88 25 cheese,
1018 2942 99 25 tobacco,
1137 2940 68 22 black
1223 2940 44 22 and

678 2972 102 22 Jamaica
789 2977 89 21 pepper,
888 2973 112 22 nutmegs,
1009 2969 81 26 cloves,
1098 2969 85 26 ginger,
1193 2967 74 22 cinna-

677 3005 60 20 mon,
747 3005 73 20 curry,
833 3003 109 21 cayenne,
952 2996 54 26 rice,
1017 2995 64 27 flour,
1099 2997 110 24 currants,
1225 2993 42 23 and

677 3026 87 22 raisins.

888 3056 197 15 CONFECTIONARY.

706 3085 80 23 Scotch
796 3091 130 20 carraways,
943 3082 112 26 almonds,
1071 3081 46 27 red,
1135 3081 73 27 white,
1225 3080 43 23 and

676 3113 77 22 brown
765 3111 79 28 candy,
855 3110 87 22 refined
949 3108 117 29 liquorice,
1082 3108 61 28 pink,
1154 3108 60 28 pine,
1225 3107 43 22 and

677 3140 107 29 liquorice
796 3138 124 28 jub-jubes.

876 3178 139 19 HARDWARE,
1031 3170 41 21 &C.

705 3207 92 26 Knives,
815 3206 101 27 scizzors,
934 3211 84 19 razors,
1034 3203 68 27 locks,
1119 3202 87 28 hinges,
1223 3202 45 22 and

677 3234 131 24 fish-hooks.

786 3273 118 17 CROCKERY
920 3272 23 15 IN
961 3271 75 16 GREAT
1052 3271 105 15 VARIETY.

1017 3298 31 22 A.
1064 3296 198 24 HORNBROOK

705 3329 146 28 Wellington,
862 3327 60 23 Nov.
933 3329 20 24 6,
965 3327 63 21 1840.

679 3385 88 48 FOR
781 3383 85 27 SALE,
881 3390 29 15 ex
1040 3383 24 19 at
1074 3379 146 26 exceedingly
1226 3378 43 22 low

760 3411 71 27 prices
840 3418 5 14 :
847 3421 26 5 —

707 3440 10 20 1
733 3445 51 15 case
793 3441 111 23 nutmegs,

707 3466 10 20 1
733 3465 56 21 ditto
798 3463 107 28 mustard,

707 3493 11 20 1
733 3491 67 22 tierce
815 3491 72 26 corks,

708 3520 9 19 1
733 3518 51 21 bale
793 3517 111 26 blankets,

708 3546 25 20 16
748 3552 61 14 cases
819 3544 77 25 claret,
907 3544 24 22 in
940 3543 62 28 pints
1016 3541 47 23 and
1078 3543 82 26 quarts,

707 3572 13 22 7
734 3579 61 14 cases
808 3571 73 27 sherrj
880 3578 7 8 r
888 3587 5 10 ,

707 3600 14 20 4
735 3606 60 13 cases
806 3597 138 28 champagne
955 3596 69 27 cider,

709 3625 49 22 One
767 3624 103 22 hundred
879 3623 45 22 and
935 3623 49 27 fifty
995 3623 50 21 doz.
1057 3621 99 28 superior
1170 3619 44 27 ale,

708 3652 12 22 7
735 3658 60 15 cases
805 3650 85 23 bottled
900 3650 70 25 fruits,
982 3650 41 21 &c.
1035 3649 41 21 &c.
1087 3648 38 22 &c.

710 3679 60 24 Also,
787 3677 65 22 Land
861 3677 35 22 for
905 3677 51 22 Sale
966 3683 25 15 or
999 3676 79 25 Lease,
1084 3674 23 22 in
1115 3673 90 23 various
1210 3675 59 25 parts

681 3706 26 21 of
719 3705 37 22 the
770 3705 77 21 Town.

1039 3727 86 23 Henry
1139 3727 103 22 Taylor.

708 3767 144 26 Wellington,
868 3764 127 23 December
1005 3764 33 25 10,
1055 3763 61 20 1840.

842 3816 76 26 £600
941 3816 166 23 WANTED.

679 3854 185 51 WANTED,
874 3853 39 22 the
922 3859 50 15 sum
980 3851 26 22 of
1012 3851 68 26 £600,
1088 3856 59 21 upon
1156 3848 59 29 good
1221 3855 50 20 per-

776 3880 64 23 sonal
849 3887 24 15 or
882 3879 85 22 landed
975 3877 99 28 security
1076 3877 47 28 ,-for
1130 3877 35 21 six
1172 3875 97 23 months.

707 3916 45 22 For
766 3913 131 29 particulars
914 3912 68 29 apply
998 3914 23 19 to
1037 3911 39 22 the
1095 3909 63 23 office
1178 3909 27 22 of
1224 3908 45 23 Mr.

681 3943 35 23 W.
726 3943 29 23 V.
766 3941 96 28 Brewer,
872 3938 202 28 barrister-at-law,
1085 3937 145 27 Wellington.
