3224 4238
161 79 414 62 Hot
713 79 690 62 Lakes
1541 79 1381 62 Chronicle.

661 379 479 38 TOTJH.ISTS
1146 379 16 17 7
2035 377 481 40 J-OTTIE&IKn^Xj.

410 490 116 70 Cir
529 490 329 87 eulating
878 490 455 86 throughout
1355 488 127 70 the
1507 488 285 68 Tourist
1839 488 303 70 Resorts
2190 490 80 68 of
2304 490 127 69 the
2476 492 269 70 World.

41 649 49 22 VOL.
104 648 16 17 4.
149 644 39 19 No.
205 644 22 17 17
235 644 9 18 7

1240 640 140 22 HOTORUA,
1397 640 57 19 N.Z..
1472 639 186 22 WEDNESDAY,
1675 639 87 19 APBIL
1775 640 31 21 22,
1826 640 47 17 IB9G

2796 644 126 23 iMiIOE—T
2926 649 128 22 HKEEPEN
3058 652 33 19 CE

42 733 17 25 BV
71 728 79 27 SPECIAL
176 726 199 43 mgAPPQINTMf

66 777 51 29 ASK
141 774 143 26 GROCERS
309 774 56 26 FOR

68 1042 149 27 CEYLON

70 1077 122 27 INDIAN
224 1075 30 26 &

68 1112 173 27 BLENDED

139 1151 148 18 AWARDED

49 1180 57 26 GOLD
117 1179 53 23 AND
181 1178 96 23 SILVER
287 1178 110 23 MEDALS

60 1221 51 24 Why
125 1220 43 24 buy
183 1219 95 19 Inferior
292 1219 55 19 Teas
361 1219 65 19 when

24 1256 32 21 you
68 1252 36 16 can
118 1247 35 25 get
167 1245 23 20 N.
207 1245 26 20 M.
250 1245 17 20 &
282 1245 54 20 Co.'s
351 1246 24 19 at
390 1245 36 20 the

24 1280 46 17 same
82 1273 61 26 price.
176 1271 34 20 All
225 1271 77 20 others
320 1277 39 14 are
374 1272 52 24 only

24 1302 56 25 copies
97 1299 21 19 in
136 1303 71 17 name,
221 1298 45 19 and
287 1303 39 14 are
340 1298 86 24 pushed

24 1329 25 20 for
60 1327 57 21 extra
129 1324 71 26 profit.

61 1362 10 12 A
79 1359 40 15 proof
129 1358 15 13 of
156 1358 25 13 tho
194 1357 92 17 superiority
299 1357 14 12 of
323 1357 18 13 ST.
354 1357 21 14 M.
384 1358 11 12 &

47 1377 33 15 Co.'s
89 1376 35 13 Tea*
130 1375 12 12 is
152 1375 25 13 tho
187 1374 30 13 fact
228 1374 33 13 that
270 1369 74 21 although
351 1374 45 12 there

47 1399 21 8 arc
75 1391 72 15 hundreds
158 1392 16 12 of
184 1391 54 15 p:ickct,
248 1391 32 12 teas
292 1393 18 10 on
322 1390 27 13 tho
358 1393 29 10 mar-

47 1411 26 14 tet,
90 1409 16 12 N.
118 1408 19 13 M.
150 1407 12 13 &
176 1407 39 13 Co.'s
230 1407 38 12 Teas
283 1410 26 9 are
325 1405 16 14 is
358 1406 38 13 such

48 1425 54 15 demand
112 1424 32 13 that
156 1424 35 15 they
204 1423 27 13 sell
244 1423 52 16 ue:irly
307 1422 89 13 one-fourth

47 1444 13 12 of
74 1442 23 12 the
114 1440 46 13 whole
176 1440 16 12 of
209 1440 26 12 the
253 1441 24 11 ten
296 1439 86 14 consumed.

25 1461 84 27 SOLD
144 1457 279 27 EVERYWHE.:?*

96 1575 45 25 Do
153 1574 55 25 not
221 1573 117 31 Forget
411 1567 7 30 I

94 1619 245 49 CRAIG'S

63 1685 156 21 CUEIOSITY
238 1684 80 19 SHOP
336 1684 48 19 and

148 1712 139 22 MUSEUM,

83 1752 107 24 Opposite
198 1752 77 18 Grand
283 1750 76 23 Hotel,

51 1792 116 28 PRINCES
177 1792 44 28 ST,
232 1787 204 30 AUCKLAND.!

95 1915 136 16 INSURS
257 1915 92 15 SrZITH

26 1949 114 18 THESOTJTH
151 1948 95 16 BRITISH
254 1948 76 16 FIRE&
339 1948 99 15 MARINE

83 1971 38 17 Coy.
132 1971 30 16 OF
172 1970 55 16 NEW
236 1970 121 15 ZEALAND.

26 1994 56 15 Ciimi.
140 1991 4 20 ,
312 1991 124 18 ..£1,900,000

58 2013 85 17 Unlimited
158 2012 73 20 liability
240 2012 18 16 of
264 2011 129 17 Shareholders.

26 2035 41 21 Peing
73 2040 8 11 a
89 2034 75 17 Colonial
177 2034 101 15 Ini-titutinn
292 2033 63 15 Frofits
369 2037 28 11 aro
410 2032 18 15 in-

154 2054 56 17 vested
218 2054 68 21 locally.

25 2077 37 17 Head
75 2077 48 16 Office
346 2074 91 17 Auckland

25 2098 37 17 Local
71 2101 45 13 auent
294 2096 12 16 .T
324 2096 26 17 W.
359 2096 78 19 Wriuley

28 2161 188 44 Rotorua
240 2156 195 48 Sawmill

96 2215 243 55 Company.

30 2303 102 17 CTTHITE
146 2302 52 18 AND
217 2302 51 17 FED
286 2301 63 17 PINE
369 2301 21 16 of
405 2300 33 17 the

33 2319 27 25 \Y
96 2326 53 17 finest
155 2325 73 23 quality
237 2324 38 18 and
289 2324 92 23 carefully
398 2326 39 17 cut,

189 2348 64 17 ALSO

24 2376 73 28 Matai,
127 2376 124 26 Pnkatea,
280 2375 51 22 and
358 2374 80 24 Tawa

54 2407 119 28 Shingles,
184 2406 115 28 Palings,
313 2405 98 23 Blocks

148 2436 50 24 and
206 2436 83 23 Posts-

42 2468 15 19 A
68 2468 48 25 good
127 2468 38 19 and
176 2467 90 19 assorted
277 2467 73 25 supply
361 2467 77 22 always

24 2501 18 12 oa
50 2495 47 18 hand
106 2498 19 15 at
135 2495 34 17 the
178 2494 82 18 Timber
270 2493 63 23 Yard,

129 2526 180 19 RGT3RUH.

25 2555 141 26 N.ls.—Special
175 2562 44 13 caro
230 2555 63 19 taken,
303 2555 21 19 in
343 2555 34 18 the
395 2561 33 12 sea-

179 2582 78 24 soning.

26 2619 87 18 PRICES
125 2619 38 18 AT
177 2618 143 19 CURRENT
332 2618 106 21 RATES,

55 2651 32 18 W.
101 2649 162 23 HENSHAW,
275 2649 118 23 Manager.

59 2703 26 40 i
108 2703 37 40 f.
177 2702 119 41 hut
297 2702 100 49 m%

136 2771 126 20 FRUITER
267 2771 39 19 Eli.

44 2814 48 20 Next
101 2815 96 19 S.iddler's
211 2814 57 24 shop,
278 2813 136 20 Obinemutu.

28 2862 32 20 Has
68 2863 69 25 always
151 2870 11 12 a
178 2862 51 26 good
244 2862 74 25 supply
334 2862 23 19 oE
376 2862 64 19 Fresh

85 2890 61 23 Fruit,
157 2889 47 19 both
219 2889 51 19 local
280 2889 38 18 and
330 2888 35 20 im-

132 2969 14 18 A
169 2968 43 19 well
223 2969 92 18 assorted

66 2994 52 20 stock
129 2994 19 19 of
160 2994 85 23 Biscuit,
258 2993 130 20 Confection*

28 3024 24 20 ery
61 3021 33 18 and
105 3023 88 18 Summer
207 3020 77 20 Drinks
296 3022 22 17 at
334 3020 108 19 Moderate

186 3047 74 19 Prices.

31 3172 300 36 CABLPEKT
350 3173 92 38 EH,

115 3217 102 17 FENTON
234 3217 103 20 STEEET,

104 3249 97 18 Opposite
250 3250 80 17 Grand.

46 3276 57 20 Sashes
110 3279 52 17 made
170 3280 20 16 to
200 3278 60 19 order.

106 3328 27 42 F.
176 3328 173 47 GOODSOH,

153 3382 149 30 ROTORUA

99 3471 139 17 PUKUATUA
252 3471 101 20 STREET,

176 3505 104 18 Eotop.ua.

47 3547 53 21 Goods
108 3551 91 19 delivered
208 3552 49 16 after
270 3550 70 19 arrival
353 3550 21 17 of
386 3549 60 18 trains

31 3570 14 17 to
50 3572 22 17 nil
79 3575 48 21 parts
136 3575 19 16 of
163 3575 32 17 the
204 3576 51 16 town
263 3574 47 17 with
318 3574 127 23 promptness,

31 3600 47 27 large
86 3605 53 18 .Stock
152 3606 20 18 of
188 3606 45 18 Coal
250 3606 37 17 and
304 3604 100 18 Firewood
418 3603 19 18 al-

85 3633 47 19 ways
142 3635 23 12 on
174 3629 50 17 hand
235 3629 38 17 and
281 3627 96 19 delivered

151 3655 19 14 at
178 3653 33 16 the
223 3653 83 17 shortest

193 3676 68 17 notice.

226 3744 221 20 ADVERTISING

47 3796 87 21 Victoria
146 3801 88 21 Arcade,
249 3801 70 19 Quee:>
339 3799 84 18 Street,

73 3829 115 26 Advertising
194 3832 20 20 in
223 3832 26 18 all
260 3832 25 18 its
294 3831 98 17 branches,

31 3855 40 18 *<W,
84 3853 71 24 Unique
171 3856 38 16 and
221 3854 86 18 Tasteful
324 3853 123 22 Advertising

183 3878 92 17 Medium.

47 3897 59 19 Orders
116 3901 44 17 from
170 3902 25 16 all
204 3903 52 21 parts
265 3899 92 19 attended
365 3900 21 16 to
401 3899 46 16 with

42 4037 104 36 H,W.
162 4038 269 36 MITCHELL,

113 4099 114 22 Authorise!)
238 4099 112 23 jcurfocnot,

158 4152 143 26 JJOTO^UH.

744 901 281 49 ROTORUJI,
1070 901 126 47 .NEW
1232 898 274 50 IEJUJOiV).

454 989 37 22 T>
499 989 179 19 OTORUA.—Tin's
686 990 106 18 wonderful
799 990 73 18 district
880 991 16 17 is
904 990 130 23 unparalleled
1042 991 19 17 in
1070 991 33 17 tlie
1111 990 69 19 known
1189 990 59 17 world
1257 990 30 16 for
1295 990 33 17 the
1336 989 80 17 number
1424 989 37 17 and
1469 989 73 22 variety
1551 989 20 16 of
1579 989 25 16 its
1611 987 87 19 Thermal
1709 987 85 22 Springs.

454 1007 43 24 JL\i
522 1013 26 16 As
557 1018 10 12 a
576 1013 65 17 health
650 1014 60 17 resort
719 1013 24 17 its
751 1013 109 24 popularity
868 1015 16 16 is
893 1014 74 22 rapidly
975 1014 112 22 increasing,
1097 1013 38 17 and
1147 1014 43 16 that
1204 1013 80 22 entirely
1302 1018 24 12 on
1339 1013 25 17 its
1380 1018 43 12 own
1440 1012 70 20 merits,
1528 1018 20 11 as
1564 1011 84 18 hitherto
1664 1011 82 21 nothing
1762 1010 34 17 has

453 1036 47 16 been
509 1036 48 17 done
566 1036 20 17 in
594 1036 33 17 the
635 1041 43 17 way
686 1037 21 16 of
715 1037 122 22 advertising.

476 1058 85 18 Patients
571 1059 90 22 suffering
670 1060 49 16 from
729 1060 85 20 Chronic,
824 1060 100 18 Articular,
935 1060 38 17 and
981 1059 98 18 Muscular
1086 1058 128 21 rheumatism,
1223 1059 58 20 Gout,
1291 1058 101 18 Rhuinatfc
1399 1058 57 20 Gout,
1469 1057 46 19 Skin
1524 1058 91 19 Diseases,
1633 1056 85 21 Sciatica,
1736 1056 45 17 Lum-

452 1081 56 21 bago,
529 1082 110 22 Neuralgia,
657 1082 86 18 Nervous
759 1082 125 20 Exhaustion,
902 1082 78 19 Uterine
997 1083 99 20 Ailments,
1114 1082 37 18 and
1168 1082 55 22 tardy
1239 1082 141 18 conyalcscense
1397 1082 49 16 from
1460 1082 56 18 acute
1530 1081 82 19 discuses
1629 1086 44 17 may
1689 1079 39 23 nely
1745 1084 52 18 upon

453 1105 100 22 obtaining
561 1105 91 17 immense
660 1105 60 21 relief,
731 1105 37 17 and
776 1107 20 15 in
802 1106 33 17 the
844 1107 89 21 majority
942 1107 20 16 of
971 1112 50 11 cases
1030 1112 11 10 a
1050 1106 92 22 complete
1150 1111 49 11 cure.

477 1165 53 17 THE
543 1164 112 19 PRIEST'S
665 1166 146 17 BATH.—This
818 1167 17 16 is
843 1166 87 23 strongly
938 1166 48 18 acid,
1001 1166 111 20 aluminous,
1129 1166 79 22 sulphur
1223 1166 65 19 water,
1307 1166 64 21 acting
1387 1170 20 13 as
1424 1171 11 11 a
1451 1164 92 23 powerful
1560 1164 42 17 skin
1618 1164 105 17 stimulant.
1756 1163 41 17 Hot

454 1188 38 16 and
501 1187 42 19 cold
552 1188 87 21 showers,
650 1189 37 16 and
696 1189 82 17 douches
786 1196 32 10 are
826 1190 90 21 provided
924 1190 38 16 and
971 1189 127 22 comfortably
1106 1189 85 17 enclosed
1200 1189 86 21 dressing
1294 1194 62 12 rooms

478 1211 114 18 MADAME
613 1211 126 19 RACHEL'S
760 1213 144 16 HATH.—This
913 1213 105 17 celebrated
1028 1213 70 22 Spring
1106 1213 15 16 is
1130 1217 10 12 a
1155 1212 63 17 Saline
1232 1213 58 16 water
1303 1212 47 17 with
1367 1211 89 20 Silicates,
1472 1211 38 17 and
1522 1211 34 18 has
1572 1216 24 13 an
1609 1210 82 17 alkaline
1708 1209 89 17 reaction.

454 1234 40 17 The
503 1236 57 15 water
569 1234 16 17 is
594 1234 40 17 also
642 1241 22 10 us
672 1234 16 18 id
696 1235 103 23 internally
808 1236 29 17 for
845 1236 24 17 its
878 1236 96 17 beneficial
984 1236 63 17 action
1055 1241 24 11 on
1088 1236 33 16 the
1129 1235 84 21 kidneys.

479 1257 52 17 THE
551 1257 70 17 BLUE
641 1258 146 17 BATH.—This
802 1259 16 16 is
835 1259 32 17 the
883 1259 71 22 largest
970 1259 78 17 natural
1063 1258 108 23 swimming
1187 1258 45 17 bath
1247 1258 19 16 in
1282 1258 32 17 the
1331 1258 93 17 Southern
1432 1257 130 24 Hemisphere,
1588 1257 20 16 It
1616 1256 70 17 affords
1693 1255 105 19 rheumatic

455 1280 80 16 invalids
545 1286 10 11 a
564 1286 64 11 means
637 1282 19 15 of
665 1281 69 22 taking
741 1281 81 22 painless
832 1282 85 20 exercise,
928 1282 60 16 which
998 1282 46 21 (hey
1053 1282 68 21 highly
1129 1281 112 22 appreciate.

479 1303 52 17 THE
541 1303 123 18 SULPHUR
673 1303 105 19 VAPOUR
787 1305 75 18 BATH.
864 1305 68 18 —This
938 1304 16 18 is
959 1310 12 12 a
976 1304 78 18 natural
1058 1304 35 18 hot
1097 1309 79 18 vapour,
1182 1303 69 24 highly
1256 1303 83 24 charged
1343 1303 48 18 with
1396 1303 80 23 sulphur
1484 1309 59 16 gases,
1556 1302 104 18 conducted
1674 1302 40 17 into
1729 1307 11 11 a
1754 1307 33 16 pro-

456 1326 53 23 perly
519 1326 118 18 constructed
647 1327 58 20 chest,
715 1327 18 17 in
743 1328 61 16 which
810 1328 32 17 the
850 1328 31 17 the
887 1328 74 21 patient
969 1328 40 19 sits,
1019 1328 55 17 while
1083 1333 11 11 a
1101 1328 67 16 stream
1175 1328 20 16 of
1200 1327 87 22 palpable
1296 1326 79 23 sulphur
1381 1327 15 16 is
1401 1326 58 21 being
1465 1326 106 21 constantly
1577 1324 97 25 deposited
1680 1331 24 11 on
1711 1324 32 18 the
1750 1324 47 18 skin,

480 1349 52 17 THE
553 1350 59 16 NEW
634 1350 123 18 SULPHUR
777 1351 145 17 BATH.—This
934 1351 15 17 is
962 1356 12 12 a
986 1357 46 16 very
1044 1352 65 20 strong
1122 1350 58 18 acidic
1192 1351 58 15 water
1262 1350 20 18 of
1295 1350 46 20 high
1354 1350 132 22 temperature,
1498 1349 39 17 «nd
1553 1349 86 22 strongly
1656 1346 143 20 recommended

456 1373 20 16 in
493 1378 50 11 cases
559 1373 20 17 of
595 1372 123 19 rheumatism
729 1373 35 18 and
774 1374 56 16 allied
839 1374 85 17 diseases.
950 1374 39 16 The
997 1374 47 17 bath
1058 1374 59 16 house
1133 1374 15 16 is
1165 1373 75 17 divided
1256 1373 40 17 into
1313 1373 67 17 Ladies
1397 1372 38 17 and
1451 1372 120 17 Gentlemens
1587 1371 129 23 departments
1730 1370 38 18 and
1783 1370 16 17 is

457 1395 76 23 capable
543 1396 19 17 of
571 1396 163 22 accommodating
742 1397 34 17 400
786 1396 75 19 bathers
870 1397 57 22 daily.

481 1418 53 18 THE
542 1418 165 19 ELECTRICAL
714 1420 252 17 DEPARTMENT.—This
976 1420 120 22 department
1110 1419 16 18 is
1143 1420 71 22 replete
1230 1420 46 17 with
1289 1420 33 17 the
1339 1420 50 17 most
1402 1418 78 18 modem
1496 1418 106 23 appliances
1619 1418 30 18 for
1663 1417 90 23 carrying
1767 1417 32 17 out

459 1441 73 18 various
542 1442 57 16 forms
609 1442 19 18 of
637 1443 79 17 medical
726 1443 90 17 electrical
827 1444 101 16 treatment
936 1444 19 16 in
964 1443 51 17 their
1026 1443 86 22 entirety.

483 1465 52 16 THE
541 1465 190 18 HYDROPATHIC
739 1467 115 16 PACKING
860 1467 54 18 AND
921 1466 119 19 MASSAGE
1046 1465 223 20 DEPARTMENT.—A
1277 1466 54 17 series
1337 1466 20 17 of
1364 1471 61 12 rooms
1432 1471 30 11 are
1472 1465 96 17 furnished
1577 1464 38 17 and
1623 1465 28 16 sot
1658 1465 55 21 apart
1719 1463 30 17 for
1756 1463 43 17 each

459 1493 37 15 sex,
504 1488 20 17 in
530 1488 54 17 order
590 1490 19 15 to
619 1495 53 15 carry
679 1491 33 15 out
721 1489 38 17 this
764 1490 104 21 important
873 1490 79 22 adjunct
957 1491 20 15 to
985 1490 107 16 treatment.
1098 1489 39 16 The
1143 1489 77 17 services
1227 1489 20 17 of
1252 1494 10 12 a
1268 1488 89 23 qualified
1363 1488 95 20 Masseuse
1464 1488 37 17 and
1506 1488 85 19 Masseur
1599 1493 31 12 are
1639 1487 114 17 obtainable.

460 1544 89 17 Resident
558 1544 96 21 Engineer
661 1543 4 23 :
1350 1544 91 20 Resident
1448 1544 81 19 Medical
1538 1543 169 23 Superintendent:

529 1566 116 19 CAMILLE
658 1567 132 19 MALFROY,
801 1568 45 18 Esq,
1427 1568 102 16 ALFRED
1543 1567 120 19 WINDERS,
1677 1566 54 18 M.D.

666 1835 58 23 Tzuo
737 1836 69 22 miles
826 1836 69 28 from
914 1836 122 28 Rolorua,
1059 1836 133 31 adjoining
1206 1836 151 31 interesting
1366 1836 82 23 native
1460 1836 142 24 settlement.

982 2000 68 22 PA
1075 2000 24 23 T
1113 2000 25 23 R
1158 1999 21 23 O
1197 2000 32 22 N
1246 2000 21 23 S
1277 2009 10 16 ;

602 2031 54 18 Earl
681 2031 27 17 of
730 2030 105 23 Kintore,
862 2031 53 18 Earl
940 2031 27 18 of
989 2031 100 22 Onslow,
1112 2031 104 23 Marquis
1236 2031 27 19 of
1282 2031 128 24 Drogheda,
1433 2032 61 18 Lord
1515 2032 145 23 Carrington.

462 2058 21 14 fl
490 2054 60 18 tTIIS
564 2054 93 19 nOTL'L
668 2054 36 18 has
715 2053 88 25 recently
814 2055 52 17 been
876 2055 141 23 considerablj-
1027 2055 102 22 enlarged,
1141 2055 115 23 renovated,
1268 2055 40 19 and
1318 2055 129 19 refurnished
1458 2055 112 25 regardless
1579 2057 21 17 of
1616 2062 94 18 expanse,
1731 2055 39 19 and
1787 2055 17 19 is

468 2076 24 24 J..
528 2081 73 23 widely
610 2080 75 19 known
697 2081 31 18 for
739 2080 26 19 its
774 2080 99 19 excellent
883 2081 178 19 accommodation,
1073 2081 87 22 Cuisine,
1173 2081 33 18 &c.

590 2156 47 17 The
647 2155 139 18 Wonderful
795 2155 81 18 Steam
885 2156 45 17 and
940 2156 49 17 Hot
1090 2155 129 23 Petrifying
1228 2156 99 21 Geysers
1343 2156 78 23 playing
1433 2156 66 21 nearly
1517 2158 32 15 100
1566 2157 38 16 feet
1620 2156 53 23 high.

461 2179 130 22 Petrifying
601 2179 107 23 Geysers,
718 2179 129 18 Cauldrons
856 2179 26 17 of
889 2178 90 23 Boiling
988 2179 58 18 Mud
1055 2179 46 19 and
1110 2178 41 18 Oil.
1178 2179 75 22 Spout
1263 2179 65 22 Bath,
1339 2179 37 18 Oil
1384 2179 65 22 Be*th,
1460 2179 70 18 Alum
1539 2179 61 18 Bath
1609 2179 19 18 &
1644 2179 78 18 Jack's
1736 2179 66 19 Bath.

462 2203 80 18 Known
554 2203 32 19 for
593 2202 35 20 the
635 2202 156 25 extraordinary
798 2208 57 13 cures
862 2203 21 18 of
892 2202 149 24 Kheumatisin,
1053 2201 119 26 Neuralgia,
1181 2202 113 25 Lumbago,
1303 2203 91 23 Sciatica,
1404 2202 86 25 Kidney,
1503 2202 61 20 Liver
1571 2203 42 19 and
1618 2202 59 20 other
1684 2202 120 26 complaints

578 2237 42 46 C.
647 2238 41 43 E.
710 2236 236 49 .NELSO.N,

872 2293 103 26 Guide

1271 2293 125 33 Sophia.

1409 2237 278 55 Proprietor.

883 2509 39 24 On
945 2509 41 24 the
1010 2509 91 24 Direct
1123 2509 80 23 Route
1224 2513 22 20 to
1266 2510 119 23 Rolorua-

698 2551 46 17 For
760 2550 107 22 Scenery,
883 2549 110 19 Curative
1004 2549 132 23 Properties
1145 2549 25 18 of
1177 2549 39 19 the
1226 2549 73 19 Baths
1308 2550 46 18 and
1363 2550 206 22 accommodation,

606 2582 123 25 EXCEL
760 2581 70 25 ALL
863 2581 140 26 PLACES
1035 2581 46 25 OF
1111 2581 73 25 THE
1219 2581 87 26 KIND
1339 2582 32 25 IN
1403 2581 74 26 THE
1510 2582 159 27 COLONY,

488 2647 67 18 These
566 2646 92 25 Springs,
670 2645 65 19 which
747 2645 31 18 for
788 2643 54 20 their
860 2643 96 20 Curative
967 2643 116 26 Properties
1094 2644 39 18 and
1143 2643 137 20 Comfortable
1291 2644 95 24 Fittings,
1398 2644 52 19 have
1461 2644 49 20 been
1528 2646 130 24 pronounced
1673 2645 27 24 by
1717 2646 26 18 all
1760 2646 44 18 who

462 2673 52 18 have
534 2673 74 18 visited
628 2672 56 18 them
701 2676 75 14 second
794 2676 24 12 to
835 2676 54 13 none
945 2670 52 18 New
1014 2669 105 20 Zealand.
1147 2669 43 19 The
1203 2676 110 12 numei-ous
1323 2670 134 18 testimonials
1467 2671 91 19 received
1569 2678 21 12 as
1602 2675 21 15 to
1633 2671 54 20 their
1696 2678 57 12 cures
1764 2673 40 18 and

462 2699 86 18 comfort
560 2698 75 19 should
654 2697 26 19 be
697 2697 98 19 sufficient
813 2699 20 15 to
850 2695 72 20 induce
937 2695 92 19 Tourists
1046 2695 40 20 and
1099 2698 67 16 others
1184 2698 19 16 to
1214 2696 47 18 visit
1273 2695 61 19 them.
1363 2696 31 18 No
1405 2700 58 15 extra
1473 2697 73 25 charge
1558 2698 16 18 is
1584 2697 60 19 made
1654 2698 31 18 for
1695 2699 34 17 the
1739 2704 35 13 use
1785 2699 20 18 of

463 2725 34 19 the
508 2725 60 18 baths
579 2727 20 16 to
610 2730 84 19 persons
704 2723 81 24 staying
795 2725 21 15 nt
826 2722 34 18 the
870 2721 61 19 hotel.
1715 2730 8 19 -^

782 2769 82 25 THE
890 2768 219 26 OKOROIRE
1104 2756 25 2 -
1139 2768 282 28 SANATORIUM

489 2812 22 20 Is
520 2812 111 20 connected
640 2812 50 18 with
701 2811 35 19 the
746 2810 134 25 Telegraphic
890 2813 75 22 syster»
976 2810 20 18 of
1007 2810 34 18 the
1050 2809 82 25 Colony,
1144 2810 33 18 the
1185 2810 116 25 Telegraph
1312 2810 61 19 Office
1383 2810 107 26 adjoining
1501 2811 34 18 the
1546 2811 70 22 Hotel,
1645 2812 35 18 All
1687 2812 118 25 Telegrams

464 2839 101 25 promptly
575 2838 79 24 replied
664 2841 27 15 to.

490 2864 96 23 Coaches,
598 2864 99 24 Buggies,
709 2862 40 19 and
760 2862 141 24 Conveyances
910 2862 21 18 of
941 2861 26 19 all
979 2861 60 19 hinds
1057 2861 57 19 leave
1132 2861 40 19 this
1190 2861 62 19 Hotel
1270 2869 24 11 on
1313 2862 110 23 Tuesdays,
1445 2862 123 25 Thursdays,
1588 2863 40 18 and
1647 2863 118 25 Saturdays,
1784 2871 22 12 or

464 2891 55 25 daily
528 2891 17 18 if
557 2890 102 24 rerpaired.
701 2889 88 19 Persons
807 2895 24 12 en
851 2892 57 14 route
927 2888 32 18 for
978 2887 90 21 Kotorua
1083 2894 33 14 are
1136 2887 102 20 therefore
1257 2888 86 18 enabled
1365 2892 18 14 to
1404 2888 46 19 visit
1461 2888 34 19 the
1511 2889 91 19 wonders
1611 2890 22 18 of
1647 2890 102 24 Okoroire,
1767 2891 39 18 and

464 2918 61 24 enjoy
535 2917 35 18 the
581 2916 90 19 Natural
681 2915 44 19 Hot
734 2914 65 20 Baths
809 2914 39 18 and
856 2921 12 11 a
878 2914 56 24 day's
946 2916 40 16 rest
996 2913 94 25 previous
1100 2917 20 14 to
1131 2913 139 26 undertaking
1279 2921 13 11 a
1301 2914 86 25 journey
1398 2917 20 15 to
1430 2914 33 19 the
1475 2914 71 19 Lakes.

1024 2961 82 16 THIS
1132 2961 119 16 HOTEL

636 2992 46 18 Has
691 2991 88 24 recently
791 2991 49 17 been
851 2990 85 22 erected,
946 2989 40 19 and
1000 2990 17 18 is
1028 2989 75 25 replete
1114 2989 49 19 with
1179 2996 60 17 every
1249 2991 85 17 comfort
1344 2991 32 17 for
1386 2990 91 19 Tourists
1487 2991 39 19 and
1537 2991 98 19 Invalids.

494 3019 186 19 Note.—Tourists
690 3020 21 16 to
721 3015 102 28 Kotorua!
852 3016 28 19 Bo
891 3022 46 12 sine
950 3018 21 15 to
988 3015 48 19 take
1054 3022 51 17 your
1123 3017 29 17 rai
1163 3022 43 18 way
1224 3016 74 19 tickets
1317 3017 31 19 for
1364 3016 114 19 Okouoike.
1515 3017 143 26 Conveyances
1672 3021 53 16 meet
1744 3019 63 21 trains

465 3045 104 23 Okoroire,
581 3045 96 24 carrying
688 3049 119 20 passengers
817 3045 20 17 to
848 3041 63 20 Hotel
920 3042 43 18 free
979 3042 21 18 of
1010 3041 80 25 charge.

590 3326 42 54 E
723 3319 378 58 ROBERTS*

727 3384 244 42 EXPRESS
1008 3383 134 37 LINE
1177 3383 69 41 OF
1284 3385 264 39 COACHES.

470 3439 228 57 Carrying
717 3438 96 45 Her
839 3435 254 58 Majesty's
1129 3434 135 50 Mails
1296 3448 52 34 as
1385 3448 83 46 per
1498 3437 310 58 Time-tables,

632 3506 275 22 TAURAN(3A~ROTORUA
919 3504 70 19 line,

624 3549 68 22 depart
738 3546 87 22 Tuesday
834 3545 37 17 and
880 3544 95 21 Saturday

989 3566 52 16 10.30
1049 3572 16 10 a.
1070 3572 23 13 ii),
1142 3566 96 18 Ateaimm
1283 3567 66 22 depart

1318 3504 216 19 ROTORUA-TAUPO
1551 3506 71 18 LINE.

1282 3544 67 22 depart
1395 3544 118 23 Wednesday
1529 3546 38 20 und
1589 3546 95 22 Saturday

621 3641 68 22 depart
735 3638 85 22 Monday
837 3636 38 19 and
891 3636 71 21 Friday

987 3659 51 15 12.30
1048 3664 44 16 p.in,

987 3681 50 17 12.45
1046 3686 46 16 p.m.

997 3704 40 19 3,15
1047 3709 44 16 p.m.

1141 3589 93 17 Waintkei

1115 3606 3 28 I
1141 3612 69 22 Tanpo,

1115 3635 3 25 j
1140 3635 70 22 Taupo,

1140 3658 94 17 Wairakoi

1282 3590 67 22 depart
1443 3603 12 8 ~
1622 3605 11 7 ~

1284 3613 59 17 arrive
1443 3626 11 8 ~
1621 3628 11 7 „

1283 3635 67 22 depart
1396 3636 99 23 Thursday
1510 3637 37 17 and
1563 3638 85 21 Monday

1142 3681 102 20 Ateamuri,
1285 3681 67 22 depart

1139 3704 91 20 Rotorua,
1284 3704 60 17 arrive

639 3763 125 34 Special
778 3763 229 30 Conveyances
1020 3760 157 31 arranged
1189 3759 49 25 ior
1251 3760 33 24 at
1296 3759 54 25 the
1364 3759 146 27 Shortest
1523 3760 120 28 Notice..

795 3797 201 29 STABLES:
1015 3796 167 26 Tutanekai
1211 3796 111 30 Street,
1347 3796 141 26 Rotorua.

634 3842 114 33 Buggies,
900 3838 53 24 ar-id
971 3837 95 29 Saddle
1084 3836 93 33 F}er%e%
1192 3845 31 24 or?
1241 3837 52 31 l?ire.
1310 3845 32 24 ei?
1359 3839 45 22 tr-ie
1559 3838 95 33 I^etice,

956 3878 130 17 TER7UJS
1113 3878 217 17 MODERKTS.

821 3911 145 30 Telegrams
977 3907 54 27 and
1040 3907 100 25 Letters
1147 3907 151 31 punctually
1311 3907 116 24 attended
1436 3911 29 24 to.

584 3981 116 27 Please
712 3979 74 25 note
799 3976 132 27 address

590 4023 63 64 e.
702 4013 461 72 ROBERTSON
1209 4013 49 63 &
1294 4013 127 67 CO.,
1459 4022 234 48 Rotorua.

588 4094 192 50 "'"Sole
801 4093 308 48 contractors
1131 4085 275 51 for-Messrs
1426 4087 44 48 T,
1492 4087 127 50 Cook.
1637 4088 51 48 &
1708 4089 102 48 Son.

2017 735 59 25 Hot
2103 735 96 26 Lakes
2218 735 33 25 of
2269 735 70 25 New
2358 735 143 25 Zealand.

1957 885 28 18 IS
1996 885 24 18 A
2033 885 191 19 FIRST-CLASS
2238 884 205 19 TEMPERANCE
2457 885 106 19 HOTEL.

1905 922 238 23 HIIS[e7VVO7T
2159 922 200 25 STREET,
2379 922 238 25 ROTGRU^

1818 987 83 16 rruilN
1914 987 59 17 NEW
1987 987 53 16 AND
2053 985 190 19 COMFORTABLE
2256 985 216 19 ESTABLISHMENT
2479 986 17 18 is
2505 986 83 18 situated
2594 987 22 17 in
2624 987 33 18 the
2665 992 42 12 new

1827 1010 18 19 JL
1880 1009 95 23 townsliip
1984 1009 19 18 of
2012 1009 90 21 Rotorua,
2112 1009 47 16 close
2169 1009 20 17 to
2198 1008 32 18 the
2240 1008 125 20 Government
2383 1008 119 19 Sanatorium
2514 1009 38 18 and
2565 1009 66 21 Baths,
2645 1009 61 18 which

2138 1031 91 23 comprise
2239 1031 31 18 the
2279 1031 105 18 celebrated

1818 1062 92 17 Priest's
1920 1062 65 21 Biith,
1998 1060 107 19 Madame
2114 1060 85 17 Rachel
2209 1060 78 21 Baths,
2299 1060 139 18 Chameleon
2446 1060 96 18 Douche
2551 1060 66 23 [Bath,
2633 1061 74 23 Large

1888 1084 57 19 Blue
1954 1083 137 24 Swimming
2100 1083 65 22 Bath,
2182 1083 103 23 Sulphur
2298 1083 95 22 Vapour
2403 1083 59 19 Bath
2471 1084 46 18 and
2526 1084 112 18 Galvanic

2175 1105 97 24 Battery
2281 1106 66 22 Bath,

1818 1131 69 18 OVER
1900 1131 91 17 WHICH
2008 1129 85 19 LARGE
2111 1129 117 18 BATHING
2245 1129 140 18 PAVILIONS
2406 1130 71 16 HAVE
2499 1129 69 19 BEEN
2589 1130 118 19 ERECTED

1924 1154 44 17 with
1979 1159 100 12 numerous
2088 1152 90 23 Dressing
2194 1152 76 20 Rooms,
2280 1157 35 13 era
2341 1152 75 18 Besides
2425 1152 51 18 these
2485 1153 52 17 (here
2547 1154 14 16 is
2571 1153 32 18 the

1819 1176 133 20 Pain-killer
1965 1176 66 22 Bath,
2047 1171 131 26 Coffee-pot,
2195 1175 132 18 Cameron's
2341 1175 46 18 and
2402 1175 127 19 Hinemaru
2543 1176 73 18 Baths
2629 1176 23 19 in
2668 1176 40 18 the

2123 1198 149 18 Sanatorium
2290 1198 113 19 Grounds.

1820 1245 113 18 Bathc.vtk
1952 1244 72 19 House
2041 1244 38 18 lias
2095 1243 51 19 been
2166 1243 79 25 greatly
2263 1243 96 24 enlarged
2375 1243 31 18 for
2422 1243 88 19 Tourists

2057 1269 70 25 pnople
2142 1269 71 25 taking
2224 1275 12 13 a
2245 1276 69 11 coins.)
2326 1269 21 19 of
2356 1269 34 19 the
2405 1269 66 19 Baths.

2075 1303 131 19 TERMS
2227 1303 230 20 MODERATE.

2532 1250 20 13 as
2572 1243 47 20 well
2636 1250 22 13 as
2678 1244 31 19 fir

2274 1349 111 35 re
2410 1350 44 33 N
2478 1350 52 36 T.

1820 1418 126 20 N.B.—Most
1956 1421 19 16 of
1984 1421 52 18 those

2152 1422 72 17 Brent's
2233 1423 24 18 do
2265 1430 21 10 so
2295 1424 85 24 through
2388 1425 32 17 the
2434 1425 23 18 lei;

2161 1446 86 20 previous
2257 1448 108 17 customers.

2558 1427 117 19 mendations
2692 1428 19 17 of

2728 710 102 42 IMPL

2768 765 125 23 PORT
2918 769 193 26 STREET.

2862 797 160 22 AUCKLAND.

2753 854 97 25 Splendid
2866 860 167 19 accommodation
3045 861 30 19 for
3088 863 50 19 Tour-

2728 880 36 19 ists
2772 880 40 19 and
2822 881 119 23 Travellers.

2744 915 184 33 High-class
2948 918 108 27 Wines
3076 923 61 25 and

2840 949 115 32 Spirits
2968 951 82 33 kept.

2775 1019 39 25 W.
2848 1021 32 24 H.
2910 1022 86 25 PEA
3012 1023 18 25 R
3046 1024 20 25 C
3085 1026 27 30 E,

2855 1058 178 32 Proprietor.

2810 1105 15 17 L
2854 1106 14 17 B
2897 1107 16 17 N
2947 1110 14 15 A.
2993 1109 14 16 L
3039 1110 15 15 V
3087 1111 14 16 0
3133 1112 22 21 N,

2834 1148 112 18 SYMONDS
2961 1151 94 21 STREET,

2732 1177 92 21 (Formerly
2833 1178 28 15 Sir
2872 1178 50 17 Fred.
2937 1179 104 18 Whitaker's
3052 1181 104 22 Residence,)

2874 1208 96 21 Telephone
2984 1210 36 17 54*.

2753 1237 15 14 A
2777 1236 40 15 Few
2825 1236 62 18 Ladies
2895 1238 33 16 and
2939 1238 99 18 Gentlemen
3051 1245 31 12 eiin
3095 1241 21 16 be
3129 1246 18 12 ac-

2732 1258 116 16 commodated
2851 1258 123 22 withßiiperior
2976 1260 55 17 Board
3038 1262 14 15 &
3058 1262 98 17 Residence.

2753 1286 36 17 The
2857 1288 14 15 is
2879 1289 75 16 situated
2962 1290 16 15 in
2984 1289 47 22 large
3036 1291 80 21 grounds,
3124 1292 34 16 and

2733 1308 96 17 commands
2837 1310 110 20 magnificent
2956 1312 50 15 views
3014 1313 18 14 of
3041 1313 28 15 the
3078 1313 78 16 harbour.

2754 1338 63 15 Tenuis
2826 1338 59 17 Lawn.

2754 1366 36 16 Ten
2799 1367 79 16 minutes'
2888 1370 45 15 walk
2942 1370 44 15 from
2995 1370 28 16 the
3031 1371 40 15 Post
3078 1371 59 17 Office.

2785 1401 11 8 '«
2848 1397 61 18 Busses
2917 1404 39 15 pass
2965 1399 29 17 the
2999 1401 80 15 entrance
3089 1403 45 15 «rate.

2735 1439 192 22 T£!-miPNF'2OO.
3020 1444 141 22 Bjj^jA^ps.

2752 1469 227 30 CLARENDON
3015 1473 129 33 HOTEL,

2763 1510 80 17 Junction
2853 1512 58 18 Queen
2920 1514 33 15 and
2970 1514 91 17 Wakefield
3071 1516 59 16 Street.

2735 1597 146 24 First-class
2898 1602 199 24 accommodahou
3115 1605 50 29 for

2883 1632 148 26 Travellers.

2817 1671 48 19 Hot
2873 1673 47 18 and
2935 1673 55 20 Cold
3003 1675 77 20 Baths.

2756 1702 42 16 Best
2806 1702 34 16 Wii
2847 1708 18 11 os
2873 1705 32 15 and
2914 1705 62 20 Spirits
2988 1706 63 20 always
3058 1707 17 16 in
3084 1708 55 18 Stock.

2831 1733 32 15 Hot
2875 1733 58 17 Lunch
2945 1735 17 16 12
2975 1737 16 13 to
3001 1737 8 13 2
3018 1736 51 21 daily.

2735 1761 37 19 W.
2793 1762 109 23 LYNCH,
2940 1774 8 3 -
2984 1774 7 4 -
3027 1766 136 23 Proprietor.

2842 1795 52 15 C'EAD
2907 1795 62 21 JVIILLE
2982 1797 12 19 f
2997 1802 75 11 AILTHE,

2737 1839 47 25 W.
2798 1839 36 25 H.
2854 1839 29 26 &
2902 1840 38 25 H.
2968 1841 30 25 C.
3029 1842 135 32 Wriglrt,

2809 1888 132 20 SUBGEON
2953 1889 137 22 DENTISTS.

2782 1957 122 24 (Successors
2914 1960 20 17 to
2946 1959 24 18 A.
2982 1959 22 19 L.
3020 1960 101 26 Wright.)

2763 1991 73 23 Notify
2843 1992 45 18 that
2900 1993 48 23 they
2957 2000 33 12 are
3000 1994 118 26 continuing
3130 1996 35 19 the

2738 2017 96 18 Business
2844 2020 20 16 at
2873 2018 35 18 the
2918 2018 99 20 Premises
3027 2023 34 22 top
3068 2021 20 18 of
3096 2021 59 20 Short-

2737 2042 127 19 hand-street.
2893 2044 41 19 The
2944 2045 111 23 high-class
3074 2047 54 19 work
3146 2048 21 19 of

2738 2068 34 19 the
2782 2068 41 19 late
2833 2069 32 18 Mr
2874 2070 25 17 A.
2909 2070 23 19 L.
2945 2070 83 26 Wright
3039 2072 38 18 will
3088 2072 25 19 be
3130 2074 25 19 ad-

2737 2094 61 19 hered
2809 2098 25 19 to,
2847 2096 39 18 and
2896 2103 40 17 any
2952 2096 37 19 left
3006 2098 114 19 unfinished
3138 2100 28 24 by

2738 2121 44 19 that
2792 2121 116 24 gentleman
2920 2122 39 19 will
2970 2123 24 18 be
3010 2124 111 24 completed
3139 2125 27 25 by

2831 2147 34 19 the
2873 2155 42 12 now
2926 2153 145 21 management.

2739 2180 113 26 Telephone
2862 2183 44 18 057.

2773 2235 22 25 J.
2817 2235 31 25 H.
2870 2236 262 34 BUCHANAN,

2812 2285 96 26 Stone
2921 2286 172 27 Merchant

2762 2380 118 24 Statuary,
2908 2382 160 19 Monumental
3099 2385 45 18 and

2855 2404 98 19 General
2963 2406 88 19 Mason.

2740 2439 106 19 MAEBLE
2855 2441 15 17 &
2876 2441 149 19 FREESTONE
3035 2442 121 20 CHIMNEY

2763 2462 95 22 PIECES,
2876 2465 126 19 MANTELS,
3017 2466 84 21 VASES,
3113 2467 31 18 &c.

2768 2497 138 27 VICTORIA
2924 2499 117 27 STREET
3059 2500 81 29 EAST,

2744 2536 423 40 RUCKLKND,

2768 2597 87 26 Designs
2874 2599 40 19 and
2931 2600 67 18 Prices
3017 2601 111 20 forwarded
3147 2605 21 17 to

2742 2630 39 18 any
2791 2628 45 21 part
2846 2625 21 19 of
2876 2626 35 18 the
2921 2626 96 20 Province
3027 2633 22 13 or
3056 2626 76 27 Colony
3142 2635 26 13 on

2742 2650 128 24 application.

2792 2707 162 47 Steele
2977 2709 136 47 Bros.

2756 2807 187 42 MARAEROA
2988 2808 168 43 SAWMILL.

2743 2870 133 42 DESIRE
2885 2871 24 17 to
2919 2870 74 19 thank
3001 2871 39 18 the
3049 2872 76 22 public
3134 2873 36 18 for

2811 2894 53 22 past
2878 2893 78 19 favors
2970 2894 45 18 and
3029 2894 45 23 beg-
3092 2896 24 17 to
3132 2902 26 12 an-

2743 2921 90 13 nounce
2842 2917 52 18 that
2902 2917 86 23 having
2996 2923 14 12 a
3023 2917 62 24 large
3102 2920 68 17 stock

2744 2939 25 18 of
2779 2940 172 18 well-seasoned
2960 2940 119 19 first-class
3088 2942 84 18 timber

2743 2968 31 12 on
2782 2963 61 19 hand
2852 2963 57 22 they
2917 2968 38 14 are
2963 2964 112 23 prepared
3081 2965 24 18 to
3113 2965 57 18 fulfil

2743 2985 78 19 orders
2831 2987 24 17 at
2864 2987 99 17 reduced
2972 2988 68 17 rates.

1852 2251 324 60 STAR
2262 2253 423 59 HOTEL

1996 2336 144 26 ALBERT
2160 2337 150 30 STREET,
2337 2337 212 26 AUCKLAND.

1949 2443 156 47 LOUIS
2140 2443 183 50 DOYLE,

1929 2663 166 35 QUEEN
2122 2664 204 34 STREET,
2346 2664 273 32 AUCKLAND,

2058 2703 106 18 UNDER
2178 2704 75 18 NEW
2265 2704 225 19 MANAGEMENT.

2046 2734 455 63 JOSEPH'MeRAE,

1957 2813 60 19 'Liite
2027 2813 23 19 of
2057 2813 35 20 the
2103 2813 55 20 Lnke
2170 2813 70 21 House
2256 2815 39 17 and
2312 2814 72 20 PaJnce
2395 2814 78 22 Hotels,
2486 2815 108 24 Kotorun.)

2076 2844 48 19 Has
2131 2845 51 23 just
2192 2846 72 18 taken
2276 2851 55 13 over
2340 2845 47 19 this
2396 2845 76 19 Hotel.

1830 2867 127 19 Travellers
1967 2867 44 19 will
2023 2867 47 19 find
2079 2874 70 17 every
2157 2869 99 18 Modern
2265 2869 161 18 Convenience
2435 2869 123 19 combined
2563 2869 58 19 vitk
2628 2869 90 23 Civility

2133 2891 47 19 and
2186 2892 98 23 Prompt
2291 2891 123 19 attention.

1855 2935 44 19 The
1910 2935 97 20 situation
2019 2937 21 17 of
2055 2937 34 18 the
2105 2936 125 20 Waverley
2250 2937 81 19 renders
2352 2937 16 19 it
2386 2936 97 25 specially
2501 2938 120 18 convenient
2639 2937 32 19 for
2686 2937 32 19 the

1830 2961 118 26 Travelling
1959 2961 73 20 Public
2042 2962 40 19 and
2100 2962 87 20 Visitors
2204 2966 21 16 to
2242 2963 35 18 the
2293 2962 47 25 City
2356 2963 52 19 from
2424 2963 34 19 the
2474 2963 91 25 Country
2582 2963 26 26 by
2630 2963 51 20 train
2700 2971 18 11 or

1830 2990 93 16 steamer.

1831 3013 103 30 Special
1945 3013 205 30 Arrangements
2161 3015 75 23 made
2246 3015 40 23 for
2299 3015 45 23 the
2360 3015 176 23 convenience
2550 3015 28 23 of
2590 3015 128 23 Pamilies.

2026 3053 199 16 NIGHT
2270 3053 262 17 PORTER.

1834 3093 176 26 First-class
2026 3094 115 25 Billiard
2159 3095 120 26 Rooms.
2316 3096 99 25 Wines
2428 3097 61 24 and
2505 3097 110 24 Soirits
2629 3097 32 24 of
2667 3096 51 25 the

1912 3126 70 26 best
1997 3127 125 25 Brands.
2167 3128 171 26 Hancock's
2361 3129 82 25 Prize
2457 3129 104 26 XXXX
2576 3130 67 24 Ales

2106 3161 113 31 always
2238 3168 38 19 on
2304 3162 138 31 draught.

1834 3283 80 19 Under
1921 3284 41 18 the
1967 3284 171 24 distinguished
2144 3286 130 24 patronage
2281 3286 26 18 of

1857 3316 121 18 Governor
1987 3316 26 18 of
2019 3316 99 23 N.S.W.,
2129 3317 46 18 and
2185 3317 61 19 Lord
2263 3318 96 18 Onslow
2367 3318 119 20 Governor
2494 3318 27 19 of
2526 3318 59 19 New
2594 3318 104 20 Zealand.

1834 3451 323 96 STAR

1835 3667 86 44 THE
1961 3668 86 23 STAR
2079 3669 16 18 is
2106 3670 129 24 pronounced
2247 3671 26 25 by
2289 3671 26 19 its
2326 3671 86 19 Patrons
2430 3674 20 17 to
2464 3671 26 19 be
2506 3671 34 19 the
2557 3671 46 19 best
2616 3671 52 19 built
2683 3670 37 18 and

1902 3696 44 17 best
1955 3694 108 19 furnished
2074 3695 62 18 Hotel
2146 3695 21 19 in
2178 3696 35 18 tlio
2222 3697 68 19 North
2301 3697 75 19 Is'and.

1867 3724 136 27 Private
2017 3725 105 26 SlliteS
2133 3728 21 17 of
2162 3727 134 25 Apartments
2306 3729 32 18 for
2351 3728 98 21 Families.

2149 3759 103 30 Sample
2267 3761 94 24 Rooms
2383 3763 32 17 for
2429 3761 131 21 Commercial
2571 3760 124 20 Gentlemen;

1835 3791 88 19 Coaches
1932 3792 56 18 leave
1999 3792 34 18 the
2043 3791 62 19 Hotel
2114 3792 31 19 for
2161 3794 35 18 the
2210 3794 67 19 Lakes
2296 3802 26 12 on
2338 3796 73 18 arrival
2427 3796 21 18 of
2465 3796 25 18 all
2509 3797 103 18 steamers.
2642 3794 78 26 Special

1941 3817 93 26 Buggies
2051 3818 40 18 and
2101 3818 75 20 Saddln
2187 3819 78 20 Horses
2275 3827 36 12 can
2328 3821 25 20 be
2369 3822 96 19 obtained
2482 3822 32 19 fur
2524 3821 27 18 all
2564 3824 54 22 parts

2190 3846 21 18 of
2222 3846 34 19 the
2273 3846 96 25 Country.

1835 3876 186 27 First-class
2034 3877 125 33 Sailing
2173 3880 62 25 and
2248 3880 137 32 Rowing-
2398 3881 98 26 Boats
2508 3881 49 25 for
2569 3880 151 27 Pleasure

2098 3912 62 24 and
2179 3912 135 33 Fisning
2327 3914 133 25 Parties.

1835 3950 65 25 The
1931 3950 164 27 Saltwater
2124 3951 129 34 Bathing
2289 3954 125 26 Pavilion
2450 3955 23 24 is
2508 3954 105 27 within,
2634 3954 86 25 three

2038 3984 139 26 minutes'
2199 3986 76 26 walk
2296 3987 33 25 of
2343 3988 54 24 the

2054 4024 119 26 Telegrams
2193 4027 79 18 receive
2299 4030 81 23 prompt
2398 4028 105 19 attention.

1954 4072 99 39 :mi.
2126 4057 480 57 T£^3srttjL.jiiir
2613 4105 8 18 :
2622 4105 6 16 ,

2145 4126 280 31 PROPRIETOR,

2745 3054 50 42 T.
2836 3054 63 43 M.
2938 3054 47 43 II

2987 3055 117 21 ARRISOX,
3118 3057 45 16 B.A.

2778 3116 143 19 BARRISTER
2935 3117 52 18 AND
2998 3118 137 21 SOLICITOR,

2758 3156 38 21 118,
2817 3156 99 19 Victoria
2935 3156 87 23 Arcade,
3044 3158 116 18 Aucklaxd.

2746 3235 91 19 Barrister
2850 3236 37 18 and
2902 3237 86 17 Solicitor
3001 3237 20 17 of
3036 3237 32 17 tlio
3085 3238 87 22 Supreme

2838 3260 64 20 Court,
2910 3260 82 20 Ontario,
3000 3259 80 19 Canada.

2745 3490 73 16 Losses
2827 3490 52 17 Paid
3052 3491 121 21 £20,000.000

2745 3521 51 16 Fire
2808 3520 99 19 Premium
2923 3522 93 17 Exceeds
3064 3522 109 22 £1,500,000

2745 3552 222 18 ACCUirDLATEDFUJfDS
2973 3553 82 17 EXCEED
3064 3553 110 22 £1,000,000

2814 3591 37 19 W.
2874 3591 95 19 WARD
2987 3592 110 24 BAKER,

2777 3630 97 19 District
2883 3631 115 23 Manager,
3008 3632 129 20 Auckland.

2830 3669 37 21 W.
2881 3671 28 18 A.
2924 3671 165 23 WILLIAMS,

2802 3709 69 19 Local
2893 3711 83 22 Agent,
3004 3711 108 19 Rotorua.

2798 3788 107 41 DAVID
2937 3788 179 48 SHERRIFF,

2829 3863 113 20 FAMILY
2957 3863 135 24 BUTCHER,

2798 3913 80 19 Arav.'a
2902 3913 89 23 Street,
3014 3913 103 19 Botorua.

2771 3960 22 19 Is
2812 3967 45 13 now
2875 3962 94 24 carrying
2987 3967 24 12 on
3030 3960 33 19 the
3079 3960 90 19 business

2746 3994 61 25 lately
2829 3995 110 19 conducted
2959 3995 26 24 by
3001 3994 73 18 Messrs
3091 3994 79 19 Jecklin

2746 4029 41 18 and
2798 4028 74 24 Cotter,
2885 4029 38 19 and
2935 4030 16 17 is
2961 4028 96 25 prepared
3066 4030 19 16 to
3098 4027 73 26 supply

2746 4063 35 18 the
2791 4063 68 24 public
2869 4063 48 20 with
2929 4063 62 25 prime
2998 4061 76 26 quality
3084 4061 21 20 of
3117 4064 54 18 moat

2747 4097 40 19 and
2795 4097 59 20 small
2864 4097 62 26 goods

2818 4141 37 18 AT
2869 4139 115 20 LOWEST
2997 4139 104 19 PRICES.
