3264 4307
1077 1936 123 19 VISITORS'
1214 1937 63 17 LIST.

1097 1983 74 18 Grand
1180 1984 76 17 Hotel.

981 2014 108 18 Mesdames
1109 2015 95 21 Coleman,
1221 2015 85 21 Watson,
1324 2016 69 18 Mears.

958 2037 68 18 Misses
1034 2038 63 17 Watts
1106 2037 33 24 (2),
1154 2039 69 16 Mears.
1256 2039 69 18 Messrs
1342 2040 51 22 Hay,

958 2061 75 21 Gislett,
1057 2061 125 22 Bridgwater,
1204 2061 70 21 Welch,
1297 2062 95 18 Coleman.

958 2084 115 22 Honeywill,
1227 2084 61 21 Allen,
1311 2086 81 21 Walker,

958 2107 105 23 Chapman,
1073 2107 65 21 Short,
1144 2108 76 22 Ilagon,
1228 2107 98 24 (Sydney],
1333 2109 59 21 Plaw,

958 2129 70 23 Hatch,
1038 2130 84 21 Watson,
1133 2131 71 21 Dodds,
1215 2131 63 23 Getty.

1087 2177 84 18 Geyser
1186 2177 80 19 Hotel-

983 2208 107 19 Mesdames
1115 2208 120 21 Nordstrum,
1261 2210 117 22 Wellington

957 2231 93 20 Mitchell,
1072 2232 100 18 Auckland
1184 2231 4 25 ;
1214 2232 59 21 Field,
1296 2232 96 24 England,

957 2255 66 17 blisses
1040 2255 88 20 Bennett,
1144 2255 82 24 Napier;
1249 2256 73 21 Sinton,
1338 2257 41 22 Eng-

957 2278 43 17 land
1009 2278 3 24 ;
1031 2278 73 21 O'Neil,
1120 2279 91 17 America.
1241 2279 63 21 Judge
1321 2280 70 22 Coffey,

957 2301 81 23 Sydney;
1051 2302 80 21 Captain
1138 2302 120 21 Nordstrum,
1268 2302 123 23 Wellington;

957 2324 29 18 Br
1001 2324 51 23 Hay,
1071 2325 89 22 Sydney;
1182 2326 69 17 Messrs
1268 2326 123 21 Richardson,

957 2348 99 20 Swansea;
1070 2349 88 17 Bennett.
1166 2348 81 23 Napier:
1261 2349 71 19 Sinton,
1340 2351 39 16 Wal-

957 2373 38 18 ton,
1015 2371 73 20 Bailey,
1110 2371 105 20 Nettleton,
1240 2372 58 22 Field,
1325 2373 66 21 Wood,

957 2394 84 19 Watson,
1050 2395 68 20 Smith,
1129 2395 90 21 England
1226 2394 4 24 ;
1251 2396 73 22 Farley,
1340 2396 39 17 Wai-

957 2417 55 20 kato;
1028 2418 82 22 Wright,
1120 2417 87 24 Sydney;
1221 2418 48 21 Tai't,
1280 2419 18 17 S.
1308 2419 21 18 B.
1344 2420 47 20 Biss,

957 2441 109 21 Auckland;
1081 2442 76 20 Wrenn,
1168 2442 93 18 America,

1023 2488 88 17 Brent's
1123 2488 112 18 Bathgate
1247 2488 78 19 Houfe.

979 2519 108 18 Mesdames
1117 2519 109 21 Stevenson,
1261 2520 112 19 Melbourne
1386 2528 5 15 ;

957 2543 71 22 Syines.
1037 2544 78 19 Martin,
1122 2544 92 17 Gisborne
1221 2543 3 25 :
1240 2545 60 18 KrnlJ,
1308 2545 70 23 Wanga-

957 2566 31 17 nui
997 2566 3 24 ;
1015 2567 108 22 Thompson
1132 2566 33 24 (2),
1179 2567 110 22 Auckland;
1307 2568 86 17 McLean

957 2595 55 15 senr.,
1022 2590 104 25 Taranaki;
1145 2590 148 22 Smith-Hozier,
1309 2591 83 24 Sydney.

957 2612 66 19 Misses
1037 2613 99 20 Cameron,
1152 2612 118 25 Wanganui;
1292 2615 99 22 Hepburn,

957 2633 123 26 Melbourne;
1102 2636 102 23 Leigliton,
1222 2633 58 25 Bead,
1302 2637 90 22 Jackson,

957 2659 111 21 Auckland;
1094 2660 110 20 Buchanan,
1231 2660 96 18 Gisborae.
1365 2662 29 17 Dr

957 2683 60 17 Barrv
1026 2683 20 17 T.
1056 2683 81 17 Russell.
1147 2683 76 17 Ireland
1231 2683 4 20 ;
1249 2683 45 18 Rev.
1304 2684 22 17 E.
1341 2685 39 17 Wal-

957 2705 38 19 ker,
1010 2705 99 25 Dunedin;
1132 2706 98 19 Halstead,
1247 2707 100 23 England;
1369 2708 23 17 R.

957 2729 25 17 H.
993 2729 83 23 Reaney,
1087 2729 115 23 Wellington
1211 2729 3 24 ;
1230 2730 67 22 Kemp,
1305 2729 87 24 Sydney;

957 2752 58 21 Blair,
1026 2752 63 21 Otago
1097 2752 3 23 ;
1115 2752 75 21 Brown,
1200 2754 64 21 Caley,
1271 2754 53 20 Hall,
1334 2754 23 18 G.
1365 2754 27 18 M.

958 2775 54 21 Reid,
1031 2775 110 21 Auckland;
1164 2776 104 20 Haurwitz,
1285 2777 96 18 Johannes-

957 2798 48 22 berg
1011 2798 3 24 ;
1029 2798 91 21 McLean,
1131 2798 33 24 (2),
1178 2798 102 24 Taranaki;
1294 2799 99 23 Newman,

958 2822 84 17 Victoria
1049 2822 4 24 ;
1067 2822 83 23 Aubrey,
1168 2822 124 24 Wliangarei;
1313 2824 80 21 Martin,

958 2845 98 18 Gisborne.

1058 2892 58 17 Lake
1134 2892 70 17 Hot-se
1217 2892 76 19 Hotel,

982 2923 107 18 Mesdames
1097 2923 91 19 Currulh.
1202 2925 125 21 Piipiitoetoe;
1347 2925 36 17 Wil-

959 2946 74 21 kinson,
1043 2946 96 19 Bunedin.
1161 2947 67 18 Misses
1237 2948 76 19 Vercoe,
1321 2949 72 20 Home,

960 2970 106 22 Tauranga.
1092 2970 70 17 Messrs
1171 2970 85 21 Bockett,
1267 2971 76 22 Opotii<i
1353 2970 4 23 ;
1373 2972 21 17 C.

959 2991 74 24 Taylor,
1044 2993 144 20 TeAwamutu;
1203 2994 88 20 Curruth,
1300 2994 84 22 Papatoe-

959 3017 31 16 toe
998 3016 3 22 ;
1016 3016 112 21 Wilkinson,
1138 3016 88 18 Bunedin
1233 3016 4 22 ;
1251 3017 53 21 Ross,
1318 3017 65 18 Hamil-

959 3040 34 16 ton
1000 3040 4 22 ;
1028 3040 78 18 Clifton,
1124 3040 73 22 Angus,
1215 3040 98 19 Williams,
1331 3041 52 18 Auck-

958 3062 57 19 land;
1030 3062 59 19 Scott,
1099 3062 26 18 Te
1134 3063 61 21 Pa'.c;
1209 3063 122 22 Bujkworth,
1343 3065 39 16 Har-

960 3091 38 16 per,
1007 3085 97 24 England.

1093 3132 45 17 The
1150 3132 111 18 Langiiam.

984 3159 107 18 Mesdames
1099 3160 76 18 Geddis.
1185 3160 88 21 Morrins,
1283 3161 99 18 Auckland
1391 3159 4 23 ;

962 3182 96 21 Peterson,
1068 3182 77 23 Napier.
1170 3182 67 19 Misses
1243 3184 80 17 Tindall.
1332 3185 52 16 Awhi-

962 3207 21 15 tu
991 3206 3 22 ;
1009 3206 69 22 Byrne,
1088 3206 25 16 Te
1122 3206 108 18 Awamafu.
1243 3207 70 17 Messrs
1318 3208 79 19 Ronnie,

962 3228 129 23 Invercargil;
1106 3229 87 18 Bovaird.
1204 3228 134 23 Coromandel;
1353 3231 33 17 Tin-

962 3252 45 19 dall,
1017 3252 87 21 Awliitu;
1114 3252 108 23 Amoor(2),
1230 3253 90 18 Marnakn
1329 3252 3 23 :
1347 3254 38 17 Ged-

962 3274 35 19 dis,
1023 3274 111 26 Auckland;
1162 3276 96 23 Stranger,
1285 3274 112 26 Tauranga;

964 3297 69 23 Spicer,
1043 3298 126 23 Wellington.

1096 3345 85 17 Mokoia
1192 3345 68 18 View.

990 3374 68 16 Messrs
1067 3374 74 19 Tobias,
1151 3374 68 19 Smith,
1230 3374 106 20 Auckland;
1345 3375 52 20 Parr,

965 3396 128 23 Canterbury;
1108 3396 77 19 Gibson.
1193 3398 25 16 Te
1224 3398 101 17 Awamutu
1333 3404 7 12 r
1351 3398 36 17 Wil-

965 3425 40 14 son,
1011 3419 58 19 Bluff;
1080 3420 120 18 Moorehead.
1209 3421 46 17 New
1262 3421 58 17 South
1327 3421 70 21 Wales;

966 3441 57 23 Gray,
1047 3441 99 26 Bunedin;
1174 3443 61 21 Clark,
1262 3444 136 23 Invercargill;

964 3465 95 20 O'Rielev,
1070 3466 97 17 Gisborne.

964 3529 57 41 THE
1040 3529 57 41 HOT
1116 3529 95 41 LAKES
1230 3529 170 41 CHRONICLE

964 3570 436 40 AND

964 3610 218 41 Tourists'
1206 3610 194 41 Journal.

964 3651 168 41 WEDNESDAY,
1149 3651 84 41 APRIL
1250 3651 50 41 22,
1317 3651 83 41 1896.

965 3725 19 19 A
1005 3731 53 13 most
1080 3726 120 25 distressing
1218 3726 40 19 and
1277 3728 123 24 regrettable

967 3754 53 16 state
1030 3752 22 18 of
1061 3752 70 18 affairs
1141 3753 93 18 occurred
1251 3758 20 13 at
1288 3754 35 18 the
1338 3754 53 19 inter-

967 3780 56 16 ment
1040 3777 45 19 that
1104 3777 48 19 took
1163 3778 56 25 jilnco
1231 3779 20 18 in
1263 3779 34 18 the
1307 3780 32 18 old
1348 3786 39 12 cem-

967 3805 57 22 etery
1035 3810 25 12 on
1071 3803 107 24 Thurxlny
1188 3804 44 23 last,
1244 3805 40 19 ni.d
1296 3805 64 20 which
1372 3812 28 12 we

966 3831 53 17 trust
1030 3829 38 19 has
1078 3829 48 25 only
1136 3833 21 15 to
1167 3831 24 17 he
1202 3831 113 19 mentioned
1327 3835 19 15 to
1356 3838 33 19 pre-

966 3857 48 17 vent
1031 3855 26 18 its
1081 3862 117 12 recurrence
1221 3857 5 17 i
1230 3864 11 10 n
1266 3857 35 19 the
1324 3857 76 19 future.

965 3880 70 19 When
1045 3881 35 19 the
1091 3881 79 19 funeral
1181 3886 58 20 party
1249 3883 77 19 Arrived
1338 3887 20 15 at
1367 3884 33 18 the

965 3907 56 24 place
1033 3907 21 19 of
1064 3906 66 20 burial
1140 3907 15 18 it
1164 3914 40 13 was
1219 3908 63 19 found
1303 3909 45 19 that
1367 3909 34 18 the

966 3932 43 19 rain
1021 3933 67 18 which
1098 3933 41 18 had
1157 3934 63 19 fallen
1243 3935 108 25 overnight
1361 3935 39 19 had

966 3958 111 19 iinlf-filled
1087 3959 35 18 the
1132 3965 68 19 giave,
1211 3960 40 18 and
1261 3961 16 18 it
1285 3967 42 12 was
1336 3961 54 19 there-

964 3984 44 19 fore
1020 3984 119 26 impossible
1157 3987 21 16 to
1195 3986 84 24 proceed
1299 3987 49 18 with
1367 3987 34 18 the

965 4016 106 18 ceremony
1089 4013 21 16 at
1128 4010 35 19 the
1181 4014 44 21 spot
1244 4012 78 21 chosen.
1358 4013 43 18 The

966 4036 38 18 site
1014 4036 85 18 selected
1118 4043 41 12 was
1176 4036 52 20 close
1245 4037 70 20 beside
1334 4038 67 19 where

967 4061 320 26 Bainbridge'Bmonumentonce
1291 4064 65 24 stood,
1360 4064 40 19 and

965 4087 16 19 it
991 4087 42 19 had
1052 4088 104 25 generally
1173 4088 50 19 been
1239 4090 100 24 supposed
1357 4090 44 19 that

967 4113 68 25 owing
1044 4116 21 17 to
1077 4114 33 18 the
1120 4114 107 25 low-lying
1233 4114 96 20 situation
1338 4116 20 19 of
1367 4116 34 18 Ihe

1427 103 78 24 ground
1517 109 25 12 no
1559 103 80 18 further
1653 104 120 18 interments
1792 104 67 19 would

1426 128 47 19 take
1484 128 56 26 place
1547 129 21 18 in
1578 128 45 21 that
1632 129 88 24 locality.
1748 130 35 19 All
1798 130 60 25 speed

1426 161 40 12 was
1475 154 50 19 used
1535 154 20 19 in
1568 155 111 25 preparing
1695 156 86 18 another
1797 161 62 19 grave

1425 187 26 11 on
1460 180 74 24 higher
1543 181 77 24 ground
1632 180 36 20 but
1679 180 35 21 the
1724 182 48 24 pain
1788 183 22 17 of
1824 182 34 19 the

1425 205 95 20 relatives
1530 208 21 16 if
1560 207 35 17 the
1605 207 96 19 deceased
1713 210 21 16 at
1749 207 34 19 the
1799 211 48 15 unto-

1426 232 54 18 ward
1497 232 55 25 sight
1571 239 41 11 was
1631 237 51 14 most
1700 233 120 25 distressing
1838 237 20 15 to

1425 258 87 19 witness.
1540 258 19 18 It
1571 265 39 12 was
1621 259 34 18 the
1665 265 55 12 more
1734 259 124 24 regrettable

1423 284 33 18 for
1472 284 35 18 the
1519 290 71 12 reason
1609 285 45 17 that
1673 285 16 17 it
1710 285 66 24 might
1795 285 63 25 easily

1424 309 51 19 have
1486 309 50 19 been
1547 310 85 18 avoided
1647 310 40 18 had
1703 317 12 11 a
1734 311 123 24 proposition

1423 335 66 23 made,
1501 342 29 11 we
1541 335 77 19 believe
1628 335 26 25 by
1665 335 33 19 Mr
1711 335 88 26 Dansey,
1810 340 20 15 at
1846 344 12 11 a

1424 362 89 24 meeting
1523 363 21 16 of
1554 361 33 18 the
1596 361 60 20 Town
1668 362 66 19 Board
1742 369 55 12 some
1810 363 47 18 time

1423 394 45 18 ago,
1481 387 51 18 been
1541 388 77 18 carried
1628 388 42 18 inro
1679 388 66 19 effect.
1761 388 33 19 Mr
1801 386 42 22 Dan-

1423 419 35 19 sey
1468 414 110 24 suggested
1589 414 44 19 that
1644 420 10 12 a
1665 414 38 18 few
1714 421 57 12 acres
1785 415 22 18 of
1824 415 33 18 the

1423 438 73 26 higher
1507 440 78 23 ground
1595 440 72 18 should
1677 440 26 19 bo
1710 440 70 19 fenced
1789 441 20 18 in
1817 441 39 18 and

1423 471 25 12 an
1459 465 101 25 approach
1571 466 75 17 formed
1659 467 53 17 from
1722 468 35 17 the
1771 466 85 19 Maketu

1423 490 64 19 Road.
1516 490 21 19 II
1545 491 19 18 id
1574 491 40 19 this
1623 492 46 18 idea
1680 492 51 18 been
1748 494 61 22 given
1827 493 20 18 ef-

1422 518 40 17 fect
1486 516 34 19 the
1539 516 73 26 higher
1631 518 79 23 ground
1731 518 67 19 would
1819 525 25 11 un-

1422 542 112 25 doubtedly
1547 544 49 17 been
1607 543 48 18 usud
1673 544 40 18 and
1731 544 42 18 this
1790 544 66 18 would

1421 568 53 19 have
1493 569 61 19 saved
1573 575 61 18 many
1649 569 63 19 bitter
1729 570 128 25 expressions

1423 595 62 24 being
1509 595 85 19 levelled
1612 600 21 14 at
1647 595 36 19 tho
1702 596 62 18 Town
1788 596 67 18 Board

1422 621 32 17 for
1474 621 53 19 their
1547 621 90 26 seeming
1652 621 79 25 neglect
1752 622 22 18 of
1794 622 62 19 God's

1421 646 59 19 Acre.
1517 647 40 18 We
1574 650 53 16 trust
1646 647 46 19 that
1717 647 33 19 Mr
1773 648 81 24 Dansey

1423 672 40 18 will
1476 673 86 24 embody
1577 673 32 18 his
1627 674 76 18 former
1721 680 92 19 proposal
1835 675 20 17 in

1421 704 12 12 a
1443 699 83 18 definite
1535 700 52 17 form
1597 699 40 19 and
1656 700 77 18 submit
1749 701 16 18 it
1784 704 21 15 to
1820 700 34 18 the

1421 728 49 15 next
1479 725 89 24 meeting
1578 725 21 19 of
1612 725 35 19 the
1657 725 74 19 Board.

1444 781 84 17 Tourists
1548 781 103 22 travelling
1666 781 86 17 between
1771 782 84 17 Rotorua

1421 803 37 18 and
1467 803 100 18 Auckland
1576 810 34 11 can
1624 805 39 21 rely
1678 810 50 16 upon
1743 805 76 22 getting
1832 812 23 10 an

1421 827 91 17 excellent
1522 827 34 16 hot
1567 827 94 17 luncheon
1675 831 20 13 at
1712 828 32 17 the
1758 828 97 17 Frankton

1420 850 66 21 Hotel,
1508 850 96 17 Frankton
1618 850 98 22 Junction,
1740 852 61 16 where
1823 852 32 17 the

1421 873 49 17 train
1478 875 52 20 stops
1539 875 22 15 20
1572 874 98 17 minutes.*

1444 905 39 17 The
1500 904 74 24 Sydney
1587 906 83 16 Bulletin
1681 911 33 12 can
1729 906 23 17 be
1768 906 86 18 obtained

1420 929 71 22 weekly
1500 932 20 13 at
1529 929 31 16 the
1569 929 118 17 CiniOMCXK
1696 929 74 17 Office.*

1444 962 31 16 Mr
1484 961 22 17 G.
1516 961 27 17 M.
1554 961 46 18 Beid
1609 962 21 16 of
1635 962 32 17 the
1677 962 97 17 AucUand
1783 962 70 17 Herald

1420 984 15 17 is
1444 986 20 15 at
1472 986 76 20 present
1555 985 19 16 in
1584 985 90 17 Rotorua.

1444 1016 31 17 Mr
1484 1016 18 17 S.
1519 1016 21 17 B.
1557 1016 47 19 Biss,
1622 1017 50 16 chief
1688 1018 120 20 postmaster,
1818 1023 37 10 was

1420 1039 43 17 here
1473 1045 23 11 on
1506 1039 137 22 departmental
1653 1040 85 17 business
1747 1040 36 17 last
1791 1040 63 22 Jweek.

1443 1069 30 17 An
1490 1069 102 16 advertiser
1612 1069 67 18 wishes
1697 1071 20 16 to
1737 1070 92 22 purchase
1845 1076 10 11 a

1420 1091 172 19 double-barrelled
1601 1092 157 23 breech-loading
1767 1099 45 16 gun.

1443 1124 39 17 The
1491 1123 66 18 Public
1567 1124 65 17 Works
1641 1124 126 22 Department
1775 1125 45 17 calls
1828 1125 27 17 for

1420 1147 75 16 tenders
1504 1148 29 15 for
1538 1147 32 16 the
1578 1148 82 16 erection
1669 1148 20 16 of
1698 1154 10 10 a
1717 1148 63 17 native
1793 1148 62 17 school

1420 1172 20 15 at
1449 1170 25 17 Te
1483 1170 76 17 Whaiti.
1574 1170 56 17 Plans
1639 1172 21 16 at
1668 1171 33 17 the
1710 1172 45 16 Post
1769 1170 63 18 Office.

1444 1202 39 17 The
1500 1200 54 19 usual
1570 1202 100 22 montliyly
1687 1203 85 21 meeting
1788 1203 21 16 of
1824 1203 31 17 the

1420 1226 58 16 Town
1485 1225 62 17 Board
1557 1226 51 16 tal.es
1616 1226 54 21 place
1679 1227 111 15 to-morrow
1798 1226 48 17 after-

1420 1254 56 11 noon.

1444 1280 31 17 Mr
1482 1280 59 22 Percy
1550 1280 96 17 Robinson
1658 1280 34 18 lias
1700 1280 48 18 been
1754 1280 101 23 appointed

1420 1310 9 10 a
1448 1310 68 14 ranger
1527 1303 60 17 under
1600 1303 33 18 the
1649 1304 85 17 Animals
1748 1304 107 17 Protection

1420 1327 36 17 Act
1465 1327 29 16 for
1500 1326 37 17 this
1550 1327 80 17 district.

1444 1358 39 18 The
1497 1358 118 21 Canterbury
1628 1358 87 17 Museum
1733 1358 34 17 has
1781 1358 74 18 become

1420 1381 88 17 enriched
1519 1381 23 22 hy
1560 1380 49 18 IOO
1618 1382 61 16 worth
1689 1382 19 16 of
1717 1381 61 18 Maori
1788 1382 66 20 curios,

1420 1403 76 20 secured
1505 1405 25 21 by
1539 1405 31 16 Mr
1578 1404 24 17 D.
1613 1405 91 16 Bowman
1710 1405 19 16 in
1735 1405 32 17 the
1773 1403 69 24 Wanga-

1420 1428 32 17 nui
1461 1428 79 16 district.

1443 1459 39 18 The
1491 1460 53 16 usual
1554 1459 87 23 monthly
1650 1460 77 22 sitting's
1745 1460 19 17 of
1781 1460 33 17 the
1837 1460 19 18 S.

1419 1484 27 16 M.
1456 1483 60 17 Court
1529 1483 39 17 will
1575 1482 22 18 be
1614 1483 44 17 hold
1674 1489 24 11 on
1715 1484 70 22 Friday
1801 1484 54 17 when

1420 1507 42 16 Col.
1472 1504 80 20 Roberts
1561 1507 39 16 will
1613 1506 47 17 havo
1670 1507 70 17 several
1749 1507 43 17 civil
1806 1513 50 11 cast's

1419 1532 20 14 to
1448 1529 109 23 adjudicate
1565 1534 31 12 on.
1611 1530 39 17 The
1659 1530 61 22 police
1726 1530 70 22 charge
1804 1531 52 16 sheet

1419 1553 21 20 is,
1451 1559 20 10 so
1480 1553 34 19 far,
1524 1552 65 17 blank.

1442 1585 17 16 A
1475 1584 146 22 correspondent
1634 1585 63 17 writes
1754 1585 40 17 The
1811 1591 45 10 near

1418 1607 96 23 approach
1523 1604 20 21 of
1551 1607 32 17 the
1592 1607 89 18 elections
1686 1613 44 17 may
1736 1608 23 17 be
1765 1608 90 22 gathered

1418 1630 49 19 from
1477 1630 32 18 the
1518 1631 38 16 fact
1565 1630 41 17 that
1620 1631 52 16 (here
1680 1631 34 16 has
1723 1632 46 16 been
1785 1637 24 11 an
1825 1632 20 16 in-

1418 1660 62 11 crease
1489 1654 21 16 of
1519 1660 36 15 pay
1565 1653 79 24 granted
1655 1656 20 15 to
1688 1654 32 18 the
1735 1660 82 16 gangers
1831 1661 23 11 on

1418 1677 32 17 the
1460 1676 46 19 road
1515 1677 60 17 works
1585 1677 19 17 of
1613 1677 37 17 this
1659 1677 74 17 district
1746 1678 20 17 of
1782 1677 24 18 4d
1822 1684 34 16 per

1442 1733 32 16 Mr
1484 1733 22 16 A.
1526 1733 19 16 C.
1566 1733 85 18 Browne,
1667 1733 20 16 of
1703 1733 32 17 the
1753 1731 100 20 Auckland

1419 1755 86 23 Helping
1522 1755 57 17 Hand
1597 1755 85 22 Mission,
1702 1756 103 17 conducted
1823 1756 32 17 the

1419 1779 131 22 Presbyterian
1568 1779 69 17 service
1652 1779 20 18 in
1688 1780 33 16 the
1738 1780 116 16 schoolroom

1418 1808 23 12 on
1455 1801 76 23 Sunday
1546 1802 88 21 morning
1642 1802 37 17 last
1694 1803 37 17 and
1745 1803 31 17 Mr
1793 1803 62 22 Kemp

1418 1826 20 16 of
1446 1826 83 16 Victoria
1538 1825 19 17 in
1572 1825 32 17 the
1621 1826 87 22 evening.
1733 1826 60 17 There
1806 1832 49 11 were

1418 1849 50 21 good
1477 1848 122 17 atteiidance.i
1608 1854 24 11 on
1641 1849 48 17 both
1698 1849 101 18 occasions.

1445 1884 24 16 At
1478 1883 32 17 the
1519 1882 98 18 Auckland
1627 1882 64 18 Police
1700 1883 57 17 Court
1764 1889 23 11 on
1797 1884 42 16 Wed-

1416 1906 72 22 nesday
1501 1906 42 20 last,
1559 1907 59 16 Gavin
1632 1906 101 23 Mclntyre
1750 1907 49 16 Park
1816 1913 38 10 was

1418 1929 74 18 further
1514 1929 102 17 remanded
1635 1929 30 18 for
1682 1935 35 12 one
1733 1929 52 18 week
1802 1936 25 11 on
1843 1936 11 11 a

1418 1953 69 20 charge
1496 1953 20 16 of
1524 1952 82 22 stealing
1615 1952 31 17 the
1655 1959 41 10 sum
1710 1954 21 15 of
1740 1952 37 19 26
1791 1955 20 15 at
1822 1954 31 16 the

1417 1976 65 21 Taupo
1493 1976 45 16 Post.
1547 1976 57 16 Office
1613 1976 19 16 in
1642 1975 103 24 February,
1760 1976 32 18 the
1809 1982 33 17 pro-

1416 2001 56 21 perty
1481 1999 19 17 of
1509 1999 31 17 the
1547 2000 69 17 Queen.

1440 2031 31 17 Mr
1493 2029 70 24 Joseph
1581 2030 78 22 Mcae,
1677 2031 21 17 of
1711 2031 32 17 the
1756 2030 97 24 Waverley

1418 2054 65 20 Hotel,
1494 2054 103 20 Auckland,
1608 2054 15 17 is
1631 2054 93 22 applying
1733 2055 30 16 for
1768 2061 11 10 a
1785 2055 68 21 special

1418 2077 54 17 claim
1488 2077 29 17 for
1531 2077 45 21 gold
1592 2077 73 21 mining
1681 2083 91 17 purposes
1785 2078 18 17 in
1821 2078 32 17 the

1418 2100 84 17 Haurald
1520 2100 79 19 district,
1617 2106 24 11 on
1656 2100 33 17 the
1703 2101 77 16 Manaia
1794 2101 59 16 Block

1417 2129 46 12 near
1472 2123 130 17 Coromandel.
1636 2122 39 18 The
1688 2125 78 15 amount
1776 2124 20 17 of
1808 2129 33 17 cap-

1417 2147 34 17 ital
1461 2146 92 23 proposed
1562 2148 20 15 to
1591 2147 24 16 be
1622 2147 85 17 invested
1716 2147 15 17 is
1741 2145 67 19 SOOO.

1441 2177 59 23 Many
1512 2183 77 17 persons
1597 2177 48 18 have
1654 2178 68 17 settled
1731 2179 19 16 in
1759 2178 38 18 this
1814 2179 28 16 dis-

1415 2201 45 17 trict
1469 2201 48 17 since
1526 2201 33 17 the
1566 2201 38 17 last
1613 2201 87 17 electoral
1709 2202 35 17 roll
1754 2208 38 10 was
1801 2208 38 11 com-

1415 2225 50 22 plied
1477 2224 37 17 and
1522 2230 21 11 as
1552 2225 31 16 the
1592 2230 41 11 new
1640 2230 35 11 one
1684 2225 39 17 will
1740 2225 73 22 shortly
1829 2225 23 17 be

1416 2249 19 16 in
1444 2248 33 17 the
1485 2248 60 17 hands
1555 2248 20 16 of
1583 2246 33 19 the
1620 2246 73 24 printer
1702 2253 24 13 no
1734 2249 45 16 time
1785 2248 66 17 should

1415 2271 24 17 be
1454 2270 37 18 lost
1500 2277 19 11 in
1528 2271 94 20 enrolling
1638 2272 20 17 to
1675 2272 79 22 prevent
1771 2272 70 16 disfran-

1416 2295 108 17 chisement.
1550 2294 32 18 Mr
1589 2294 83 22 Dansey,
1682 2295 115 22 postmaster
1813 2295 39 17 will

1416 2315 68 24 supply
1494 2317 32 18 the
1542 2323 97 16 necessary
1649 2319 66 16 forms.

1438 2349 39 18 The
1482 2349 48 18 local
1540 2349 109 18 footballers
1658 2349 67 18 intend
1729 2350 21 17 to
1759 2349 93 18 celebrate

1415 2373 33 17 the
1457 2371 93 24 Birthday
1564 2372 20 18 of
1594 2373 40 16 Her
1651 2373 84 21 Majesty
1752 2372 26 24 by
1786 2378 11 12 a
1813 2372 38 18 ball

1416 2396 60 17 which
1486 2394 54 19 tales
1553 2395 53 23 place
1620 2395 19 18 in
1655 2396 32 17 the
1704 2396 87 17 Pukeroa'
1804 2396 45 17 Hall

1415 2425 23 12 on
1447 2418 32 18 the
1488 2425 80 16 evening
1577 2418 20 18 of
1613 2419 33 17 the
1663 2419 25 17 2.>
1688 2419 18 17 th
1723 2419 52 22 May.
1801 2419 18 17 It
1836 2420 14 16 is

1415 2441 104 24 whispered
1539 2442 43 17 that
1603 2443 33 16 the
1652 2442 117 17 demoiselles
1783 2443 20 16 of
1819 2443 32 17 the

1415 2466 46 17 twin
1469 2465 93 22 township
1579 2465 43 17 who
1630 2465 49 18 have
1687 2464 47 19 been
1743 2465 106 23 exercising

1415 2488 50 19 their
1482 2487 114 25 deftfingers
1613 2493 45 13 over
1665 2488 34 18 the
1710 2488 115 23 production
1832 2488 20 18 of

1415 2519 11 10 a
1435 2512 60 16 silken
1504 2511 76 21 banner,
1591 2511 39 18 will
1646 2512 50 17 avail
1710 2512 112 17 themselves
1831 2513 20 16 of

1415 2535 39 17 this
1475 2535 124 22 opportunity
1619 2537 22 15 to
1641 2535 1 22 1
1660 2536 76 21 present
1754 2535 33 17 tie
1808 2535 44 17 elub

1416 2557 46 17 with
1472 2558 25 16 its
1504 2558 79 16 colours.

1439 2590 16 17 A
1462 2588 92 25 shocking
1558 2589 85 19 accident
1650 2588 79 20 occured*
1738 2591 19 16 at
1764 2589 87 19 Meae's

1416 2613 99 23 Waverley
1524 2613 65 19 Hotel,
1605 2613 105 19 Auckland,
1729 2613 36 17 last
1783 2613 69 17 Friday

1416 2636 63 24 night.
1632 2636 93 22 Philpott,
1743 2636 33 17 the
1799 2637 53 17 hotel

1416 2660 65 22 porter
1492 2665 38 11 was
1543 2659 102 23 ascending
1662 2661 20 15 to
1691 2660 32 16 the
1736 2660 51 16 third
1806 2660 47 17 floor

1415 2680 26 25 by
1465 2688 64 12 means
1549 2683 19 17 of
1592 2683 32 17 the
1642 2681 99 24 hydraulic
1760 2683 37 20 lift,
1815 2683 36 17 and

1416 2706 63 17 whilst
1490 2706 78 22 passing
1585 2706 32 17 the
1634 2706 68 17 second
1719 2706 80 21 landing
1815 2706 37 18 had

1416 2730 30 16 his
1462 2729 48 17 head
1522 2728 79 19 crushed
1618 2730 41 16 into
1676 2735 11 12 a
1703 2730 47 21 pulp
1768 2730 83 16 between

1416 2753 32 17 the
1458 2752 31 17 lift
1506 2752 38 18 and
1550 2752 34 18 the
1592 2752 40 18 side
1637 2752 25 18 of
1665 2752 33 18 the
1711 2752 49 18 well.
1790 2752 62 18 Death

1416 2782 39 10 was
1463 2776 148 16 instantaneous.
1637 2776 84 21 Philpott
1737 2775 38 17 had
1783 2781 57 18 appar-

1416 2797 53 24 ently
1484 2799 62 16 thrust
1559 2799 29 16 his
1597 2798 49 17 head
1663 2801 33 15 out
1705 2799 30 17 for
1748 2804 50 12 some
1807 2804 33 17 pur-

1416 2828 46 16 pose
1471 2828 21 11 or
1501 2822 54 17 other
1571 2822 54 17 when
1642 2822 78 22 passing
1728 2822 33 17 the
1774 2822 79 23 landing

1417 2846 18 16 in
1447 2845 92 22 question,
1547 2845 57 17 hence
1613 2845 32 17 the
1660 2845 90 17 accident.
1776 2846 30 16 He
1815 2851 38 11 was

1417 2874 11 12 a
1439 2868 89 17 widower
1536 2868 37 16 and
1578 2869 59 16 about
1646 2869 23 17 50
1677 2875 54 16 years
1738 2869 22 17 of
1764 2874 41 17 age.

1442 2900 40 16 The
1491 2899 73 18 funeral
1575 2900 19 16 of
1602 2900 33 17 the
1648 2900 38 17 late
1802 2900 51 17 John

1419 2923 80 22 Murray
1509 2923 44 16 took
1560 2923 53 21 place
1630 2924 19 16 at
1666 2923 33 17 the
1713 2923 32 17 old
1761 2925 92 20 cemetery

1418 2952 24 11 on
1460 2945 98 22 Thursday
1568 2946 41 19 last,
1625 2946 19 17 in
1655 2952 88 16 presence
1751 2947 20 16 of
1780 2953 10 10 a
1799 2947 54 21 large

1417 2970 81 16 number
1503 2970 19 15 of
1528 2970 76 16 friends.
1614 2970 94 16 Deceased
1714 2975 53 12 wasa
1773 2970 69 22 promis-

1417 2992 34 23 ing
1460 2992 30 17 lad
1500 2992 36 16 and
1543 2999 11 9 a
1560 2992 76 22 general
1643 2993 94 17 favourite
1746 2993 45 17 with
1801 2994 53 16 those

1418 3016 43 16 who
1479 3015 54 17 knew
1548 3015 46 17 him.
1627 3016 31 16 He
1677 3022 39 11 was
1733 3016 120 23 apprenticed

1418 3040 19 16 to
1448 3039 31 16 Mr
1495 3038 76 21 Munro,
1587 3039 120 19 blacksmith,
1725 3039 38 17 and
1779 3039 75 18 showed

1418 3062 34 18 the
1460 3062 84 23 greatest
1551 3062 87 22 aptitude
1645 3062 20 17 in
1682 3063 33 16 the
1731 3062 54 17 trade
1794 3063 59 16 which

1418 3086 23 16 he
1455 3084 38 18 had
1510 3084 71 18 elected
1594 3086 19 16 to
1630 3085 58 17 learn.
1722 3084 39 18 The
1783 3087 71 16 utmost

1419 3108 101 22 symjfcithy
1538 3108 33 17 hns
1592 3108 47 18 been
1665 3109 100 22 expressed
1780 3109 30 17 for
1825 3109 30 17 his

1418 3131 92 18 bereaved
1521 3131 92 18 relatives.

1444 3162 38 17 The
1492 3163 116 17 Promenade
1617 3163 80 17 Concert
1711 3164 19 16 in
1745 3163 30 17 aid
1789 3164 20 16 of
1823 3164 32 16 the

1422 3185 80 22 Library
1512 3185 90 23 Building
1616 3186 54 17 Fund
1685 3186 105 22 postponed
1807 3187 48 17 from

1422 3208 36 19 last
1469 3209 50 16 week
1529 3209 38 16 will
1645 3210 53 21 place
1715 3210 18 16 in
1747 3210 33 17 the
1797 3209 47 18 Sana-

1422 3232 69 18 torium
1513 3231 88 19 Grounds
1617 3239 24 9 on
1658 3232 70 23 Friday
1744 3232 62 23 night.
1840 3234 15 16 A

1422 3255 68 23 perfect
1503 3255 70 23 galaxy
1583 3256 19 16 of
1611 3256 51 16 vocal
1673 3256 37 16 and
1723 3256 132 17 instrumental

1421 3278 59 17 talent
1490 3278 15 16 is
1519 3278 57 22 ready
1594 3279 29 16 for
1639 3279 32 16 the
1688 3279 91 17 occasion.
1813 3279 43 17 This

1422 3302 37 16 will
1469 3301 91 22 probably
1570 3302 23 16 be
1602 3302 32 16 the
1650 3302 38 17 Inst
1702 3304 75 15 concert
1792 3302 20 17 of
1824 3302 32 17 the

1422 3330 72 15 season,
1502 3324 38 18 and
1548 3330 21 12 as
1576 3325 34 17 the
1618 3323 64 24 object
1688 3323 15 19 is
1719 3332 23 10 an
1759 3325 97 18 estimable

1417 3347 1 23 .
1422 3354 35 11 one
1465 3348 16 17 it
1490 3347 15 17 is
1514 3349 20 15 to
1545 3347 21 16 he
1575 3347 61 23 hoped
1646 3348 42 17 that,
1696 3349 33 16 the
1742 3349 63 21 public
1818 3349 38 16 will

1421 3373 42 20 part
1473 3371 45 16 with
1537 3371 50 16 their
1603 3370 117 23 superfluous
1735 3372 73 22 change
1823 3373 34 15 not

1422 3392 118 25 grudgingly
1549 3400 22 11 or
1579 3394 20 17 of
1606 3394 92 23 necessity
1707 3395 35 17 but
1749 3395 19 17 in
1775 3401 11 11 a
1793 3395 53 17 cheer-

1422 3417 26 17 ful
1459 3417 59 22 spirit.

1446 3445 31 17 Mr
1485 3445 22 17 P.
1519 3445 26 17 IT.
1555 3444 82 24 Peaney,
1653 3446 20 17 of
1689 3445 32 18 the
1738 3446 49 17 local
1803 3446 55 17 hinds

1422 3469 36 16 and
1469 3474 66 16 survey
1547 3468 52 18 office
1608 3469 88 17 returned
1706 3470 49 16 from
1763 3469 29 17 his
1806 3470 40 22 peri-

1422 3492 60 16 odical
1496 3492 44 16 visit,
1557 3493 19 16 to
1593 3491 117 24 Wellington
1727 3499 24 10 on
1766 3492 90 22 Monday.

1422 3514 76 23 During
1505 3514 30 17 his
1542 3514 78 18 absence
1629 3515 31 18 Mr
1669 3516 77 21 Penney
1754 3516 103 22 proceeded

1423 3537 89 17 overland
1516 3539 19 15 to
1540 3537 70 22 Napier
1613 3539 38 16 and
1657 3544 37 11 was
1698 3539 131 21 accompanied
1834 3545 24 11 on

1423 3560 42 24 ihat
1474 3560 75 22 portion
1559 3561 19 16 of
1587 3561 28 17 his
1624 3561 81 23 journey
1714 3561 25 22 by
1754 3562 31 17 Mr
1799 3562 18 17 J.
1835 3563 21 16 A.

1423 3583 99 21 Brownlie,
1533 3584 45 16 road
1593 3589 90 14 overseer,
1699 3586 72 20 Tanpo.
1796 3585 49 16 Toka-

1423 3612 37 11 anu
1469 3612 38 11 was
1516 3606 39 17 also
1565 3606 73 22 visited,
1649 3608 61 16 where
1716 3608 31 16 Mr
1754 3608 65 21 Pipers,
1828 3614 20 10 as-

1422 3630 68 16 sistant
1506 3635 95 17 surveyor,
1609 3630 18 17 is
1641 3631 21 17 at
1675 3632 75 21 jjresent
1772 3631 86 21 engaged

1422 3652 66 23 laying
1497 3654 32 15 out
1539 3653 32 16 the
1579 3653 69 17 Native
1656 3654 101 22 township.
1783 3655 16 16 A
1815 3654 32 17 tho-

1423 3676 60 20 rough
1493 3676 103 21 inspection
1606 3677 20 16 of
1634 3676 33 18 the
1680 3676 55 18 roads
1749 3683 38 10 was
1803 3677 55 17 made

1423 3697 120 24 throughout
1549 3698 40 18 this
1597 3699 77 21 portion
1688 3700 21 16 of
1721 3700 32 16 Mr
1767 3700 91 23 Reaney's

1423 3721 74 18 district
1506 3728 19 10 as
1535 3722 29 17 far
1572 3728 20 11 as
1598 3723 71 21 Napier
1677 3723 46 16 with
1733 3729 10 10 a
1752 3723 53 20 view,
1815 3728 32 16 pre-

1423 3744 92 22 sumably,
1522 3746 20 15 to
1550 3746 60 16 arrive
1616 3747 20 15 at
1641 3751 24 11 an
1672 3746 86 17 estimate
1767 3746 20 17 of
1794 3751 53 12 neces-

1422 3773 43 16 sary
1474 3768 123 21 expenditure
1606 3768 29 18 for
1642 3770 47 16 next
1702 3769 89 17 financial
1807 3775 50 16 year.

1446 3799 38 16 The
1496 3799 126 17 Government
1636 3800 48 17 have
1694 3800 77 17 decided
1787 3801 21 16 to
1829 3806 20 11 es-

1422 3822 69 16 tablish
1503 3828 11 10 a
1522 3824 70 19 system
1607 3823 20 17 of
1643 3823 93 22 sixpenny
1750 3823 107 22 telegrams.

1423 3845 39 15 Tic-
1472 3845 77 21 delayed
1556 3846 70 21 system
1634 3846 39 16 will
1682 3846 23 16 be
1715 3846 97 18 abolished
1825 3852 22 11 en-

1423 3867 62 23 tirely,
1493 3867 36 17 and
1538 3874 11 11 a
1559 3868 93 24 sixpenny
1661 3869 53 17 tariff
1726 3869 30 17 for
1770 3869 88 22 ordinary

1423 3890 101 23 telegrams
1541 3892 20 15 of
1575 3892 67 17 twelve
1655 3892 62 17 words
1734 3892 120 20 substituted,

1423 3913 46 17 with
1488 3920 10 10 a
1514 3920 63 16 penny
1592 3920 11 11 a
1616 3914 52 18 word
1692 3915 50 17 after
1761 3915 33 17 the
1817 3915 41 17 first

1423 3937 74 16 twelve.
1522 3937 39 17 The
1569 3943 42 11 new
1620 3939 70 21 system
1705 3938 38 16 will
1752 3944 52 10 come
1817 3938 41 17 into

1424 3960 98 21 operation
1540 3966 23 11 on
1572 3960 50 17 June
1633 3961 28 16 Ist
1669 3962 52 19 next,
1738 3967 19 11 so
1766 3967 21 11 as
1794 3962 21 15 to
1823 3967 23 11 en-

1423 3980 43 19 able
1528 3989 97 14 necessary
1642 3985 142 21 arrangements
1797 3985 20 16 to
1833 3984 24 17 be

1423 4005 113 22 completed.
1569 4007 20 15 It,
1596 4007 15 16 is
1622 4007 116 22 anticipated
1746 4007 32 17 the
1785 4007 73 21 change

1423 4029 38 16 will
1479 4028 57 17 result
1552 4029 19 16 in
1587 4035 10 11 a
1615 4035 45 16 very
1673 4029 53 22 large
1742 4030 81 17 increase
1838 4030 20 17 of

1423 4051 188 23 words'throughout
1627 4053 33 16 the
1677 4053 73 21 colony,
1766 4052 38 18 and
1809 4052 38 18 tele-

1423 4074 61 23 graph
1493 4080 115 16 messengers
1617 4076 43 16 who
1669 4081 32 12 are
1706 4075 42 18 able
1755 4076 20 16 to
1782 4077 75 20 operate

1423 4097 48 17 have
1488 4097 66 17 within
1570 4098 32 17 the
1621 4099 36 15 Inst
1674 4099 66 16 month
1759 4099 47 17 been
1821 4100 37 20 put

1423 4120 83 22 through
1516 4123 46 14 tests
1571 4121 20 16 in
1601 4121 116 22 telegraphy.

1903 104 64 22 Judge
2056 106 35 16 has
2098 104 103 23 proceeded
2210 106 20 15 to
2239 104 75 22 Opotiki

1881 128 20 16 to
1909 128 45 16 hold
1962 133 11 12 a
1982 128 64 17 native
2055 128 45 18 land
2117 128 54 18 court
2178 128 59 16 there.
2251 127 63 24 Judge

1881 150 38 17 Gill
1928 151 33 16 has
1970 151 39 17 also
2027 152 57 16 taken
2094 153 28 15 his
2131 150 100 23 departure
2240 151 29 16 for
2282 152 32 16 the

1881 179 50 11 same
1940 173 84 23 locality.
2058 174 38 17 The
2105 176 53 15 court
2168 173 38 17 will
2222 173 92 23 probably

1880 196 37 18 last
1928 196 29 18 for
1965 197 58 17 about
2030 198 43 16 four
2079 197 59 17 weeks
2149 196 37 18 and
2195 202 23 11 on
2228 196 32 16 the
2269 203 34 10 con-

1881 219 71 17 clusion
1961 221 20 15 of
1990 220 85 18 business
2088 220 53 16 there
2150 225 11 11 a
2169 221 53 15 court
2237 219 39 17 will
2291 220 23 18 be

1880 242 44 17 hold
1933 243 20 17 at
1961 243 101 23 Tanranga
2078 243 30 17 for
2119 243 57 16 about
2192 245 38 14 two
2247 243 65 17 weeks.

1880 265 20 16 It
1905 265 16 16 is
1926 266 91 17 surmised
2024 266 43 17 that
2072 266 79 17 Maketu
2158 271 21 11 or
2184 266 83 16 Rotorua
2276 266 38 17 will

1880 287 70 18 follow.

1903 320 32 16 Mr
1949 320 85 20 Watson,
2050 320 97 22 president
2161 320 21 17 of
2189 320 33 17 the
2232 320 54 17 Bank
2295 321 19 16 of

1880 342 47 17 New
1941 343 225 22 Zealand,accompauied
2175 343 25 22 by
2207 343 40 17 Mrs
2262 343 39 17 Wat-

1879 371 40 13 son,
1928 366 72 16 arrived
2006 367 19 15 in
2032 367 85 16 Rotorua
2121 366 24 21 by
2150 366 109 21 Saturday's
2265 367 48 15 train

1879 394 24 11 on
1912 394 11 11 a
1932 389 53 17 short
1992 389 50 17 visit.
2075 390 32 16 Mr
2120 389 77 17 Watson
2206 389 16 17 is
2230 394 73 12 recover-

1879 412 34 21 ing
1922 412 47 17 from
1979 414 32 15 the
2021 412 63 17 effects
2093 413 21 16 of
2129 419 11 10 a
2154 414 63 15 recent
2230 412 84 17 accident

1879 434 38 18 and
1935 440 24 11 on
1976 435 33 17 the
2025 435 92 22 principle
2126 436 42 16 that
2199 435 16 17 it
2227 435 16 17 is
2258 441 24 11 an
2293 436 21 16 ill

1879 457 50 17 wind
1939 457 42 18 that
1989 455 60 20 blows
2058 464 24 12 no
2096 459 51 21 body
2161 458 48 23 good
2239 458 30 16 his
2283 464 20 11 so-

1878 480 57 22 journ
1944 480 43 19 here
1987 480 1 23 1
2001 487 43 16 may
2061 481 47 17 have
2126 481 33 17 the
2175 482 54 16 effect
2246 481 20 17 of
2280 486 22 13 ex-

1878 502 86 25 pediting
1973 504 32 16 the
2014 504 142 17 establishment
2173 505 21 16 of
2209 504 32 17 the
2258 505 54 16 much

1878 526 73 17 desired
1978 527 71 17 branch
2078 527 57 18 bank.
2161 527 105 22 Yesterday
2282 528 32 16 Mr

1879 549 78 18 Watson
1966 556 39 11 was
2014 551 105 16 couducted
2128 551 25 21 by
2162 551 32 16 Mr
2202 551 82 21 Malfroy
2293 553 20 14 to

1878 572 32 17 the
1919 572 49 17 head
1976 574 21 16 of
2005 574 32 16 the
2043 576 59 15 water
2108 580 47 13 race,
2161 574 152 22 Arikikapakapa

1877 595 37 17 and
1922 596 54 16 other
1984 596 64 22 poiuts
2057 598 20 16 of
2091 597 78 17 interest
2177 597 18 17 in
2205 597 32 17 the
2246 597 55 22 neigh-

1877 618 104 18 bourhood.
2007 616 45 20 Two
2063 624 54 17 years
2135 626 42 16 ago.
2192 620 19 16 in
2221 626 92 16 company

1877 641 46 17 with
1941 642 32 17 Mr
1986 643 63 18 Ward.
2066 643 85 18 Colonial
2168 643 104 20 Treasurer,
2289 643 24 18 he

1877 664 67 17 visited
1953 665 38 17 this
1999 666 77 22 locality
2086 666 36 17 and
2131 666 16 17 is
2155 672 42 11 now
2206 666 56 17 much
2271 672 31 11 sur-

1877 688 61 21 prised
1947 690 20 15 at
1975 689 31 17 the
2023 689 77 22 general
2116 690 52 21 signs
2184 690 20 16 of
2220 689 81 18 advance-

1877 711 52 17 ment
1941 712 82 16 evident.

1900 742 88 18 Football
2004 745 80 16 inatter's
2100 745 31 16 for
2150 744 33 17 the
2206 746 47 16 next
2276 744 36 18 few

1877 767 76 16 months
1968 764 38 20 will
2024 767 23 17 be
2069 768 20 16 in
2105 767 33 17 the
2155 767 107 19 ascendant.
2296 769 16 16 A

1877 789 73 17 scratch
1959 790 63 17 match
2030 791 38 16 will
2077 791 44 16 take
2134 791 53 22 place
2195 796 25 12 on
2242 791 32 17 the
2282 798 20 10 re-

1877 816 52 13 serve
1945 819 24 10 on
1987 814 94 22 Saturday
2094 816 46 15 next
2156 814 85 17 between
2254 815 60 17 teams

1877 836 20 16 to
1906 835 23 17 be
1938 836 68 18 chosen
2015 842 24 12 on
2048 837 33 17 the
2090 837 80 22 ground.
2188 838 16 16 A
2222 837 54 18 series
2294 838 20 17 of

1877 859 84 17 matches
1969 859 34 17 lias
2011 859 47 18 been
2065 861 94 22 arranged
2168 861 20 16 to
2204 861 44 16 take
2260 861 53 22 place

1877 882 31 16 hot
1911 888 50 11 ween
1966 882 53 19 three
2022 883 49 18 local
2072 885 67 19 teams,
2144 889 35 11 one
2185 885 129 21 representing

1877 904 32 18 the
1919 905 78 18 Mimrea
2006 906 38 17 and
2053 906 32 17 the
2093 907 108 22 remaining
2216 909 39 14 two
2267 908 46 17 East

1877 928 38 16 and
1931 929 50 17 West
1997 929 91 21 RotorUn,
2101 930 128 22 respectively.
2255 930 59 18 Three

1877 951 70 17 rounds
1956 952 38 17 will
2003 953 23 16 be
2043 953 69 21 played
2126 953 37 16 and
2180 953 32 17 the
2229 954 85 22 winning

1877 975 49 16 team
1936 975 38 16 will
1983 976 23 16 be
2012 976 100 22 present*!
2128 976 45 17 with
2183 981 44 17 caps
2242 976 26 24 by
2281 977 33 17 the

1877 997 55 18 Club.
1957 998 39 17 The
2004 999 79 17 election
2091 998 21 18 of
2119 997 71 19 officers
2199 1000 29 16 for
2233 1000 32 17 the
2270 1005 42 13 our*

1878 1023 41 15 rent
1929 1027 45 16 year
1982 1022 61 17 which
2053 1022 45 17 took
2107 1022 53 22 place
2169 1023 32 17 the
2210 1023 53 17 other
2276 1023 37 22 day

1878 1044 82 17 resulted
1982 1051 20 10 as
2027 1045 208 18 follows:President.
2247 1047 30 16 Mr
2292 1048 20 16 C.

1879 1067 89 20 Malfroy;
1983 1068 40 17 vice
2032 1068 110 22 presidents,
2156 1069 27 16 Br
2192 1069 79 18 Cinders
2277 1071 36 16 and

1879 1090 69 18 Messrs
1956 1091 82 22 Dansey,
2048 1091 103 24 Urquhart,
2161 1092 66 18 Petera
2241 1094 19 16 te
2274 1094 26 17 Pu-

1878 1115 77 19 huatua,
1967 1115 49 16 Kiwi
2034 1115 38 17 and
2081 1115 88 21 Taekata;
2189 1115 85 23 Captain,
2284 1117 28 17 W.

1879 1137 82 23 Dansey}
1974 1138 45 17 Vice
2028 1138 87 22 Captain,
2131 1137 20 18 T.
2159 1139 96 22 Monkley;
2270 1140 33 17 Sec-

1879 1163 63 19 retary
1964 1160 38 17 and
2020 1162 105 19 Treasurer,
2143 1162 18 17 J.
2180 1162 28 17 W.
2227 1163 85 20 Webber;

1878 1184 118 20 Committee,
2007 1185 22 17 A.
2039 1185 76 18 Munro,
2126 1184 19 18 C.
2156 1185 67 21 Iluett,
2234 1186 22 17 A.
2266 1186 36 17 Gra-

1878 1208 50 19 ham,
1938 1207 37 17 and
1988 1208 138 17 Wharctutahi.

1901 1240 40 16 The
1950 1240 45 17 Rev.
2006 1240 22 17 E.
2039 1240 76 17 Walker
2128 1241 21 16 of
2161 1241 32 16 the
2207 1238 46 21 New
2267 1242 36 17 Zea-

1878 1263 45 16 land
1940 1263 84 17 Alliance
2040 1264 39 16 will
2092 1264 70 16 deliver
2178 1271 11 10 a
2205 1264 69 18 lecture
2290 1271 24 11 on

1898 1284 40 19 The
1946 1287 76 22 present
2030 1286 82 24 position
2121 1286 22 18 of
2150 1287 32 17 the
2190 1287 124 23 Temperance

1879 1311 108 15 movement
2002 1310 20 16 in
2046 1310 47 17 New
2242 1311 19 17 in
2282 1312 32 17 the

1879 1332 121 18 Schoolroom
2025 1335 113 15 to-morrow
2164 1334 86 22 evening.
2283 1335 31 17 Mr

1879 1355 75 18 Walker
1963 1356 43 18 who
2015 1355 15 17 is
2040 1356 95 23 lecturing
2150 1357 38 17 and
2205 1358 109 22 organising

1879 1381 57 19 agent
1945 1379 30 17 for
1981 1379 33 17 the
2023 1379 84 18 Alliance
2113 1380 34 17 has
2155 1381 46 16 been
2211 1381 61 22 busily
2281 1388 22 10 en-

1879 1402 62 21 gaged
1947 1403 19 16 in
1976 1403 32 16 the
2018 1403 61 17 North
2089 1403 65 17 Island
2168 1403 50 17 since
2232 1404 33 17 the
2281 1404 22 19 be-

1879 1424 81 23 ginning
1969 1426 19 16 of
1997 1425 33 18 the
2043 1432 50 15 year.
2123 1427 55 16 After
2191 1427 78 22 visiting
2282 1428 32 17 the

1879 1450 60 15 towns
1948 1449 20 16 in
1976 1449 32 17 the
2018 1449 87 17 Waikato
2114 1450 23 16 he
2146 1450 102 22 proceeded
2255 1452 20 16 to
2282 1452 32 16 the

1879 1473 71 16 centres
1959 1473 20 16 of
1987 1471 112 24 population
2108 1473 56 17 north
2173 1474 21 16 of
2208 1474 104 18 Auckland,

1878 1495 46 16 then
1933 1496 19 16 to
1964 1496 32 16 the
2005 1496 42 22 Bay
2060 1496 20 17 of
2093 1496 69 22 Plenty
2178 1497 38 16 nnd
2233 1496 81 23 Poverty

1879 1518 40 22 Bay
1940 1517 88 22 districts,
2047 1519 37 17 ami
2103 1520 105 22 journeyed
2224 1520 44 17 here
2284 1521 30 16 via

1878 1541 71 23 Napier
1957 1542 38 16 and
2004 1542 71 23 Taupo.
2101 1543 29 17 On
2142 1543 77 22 Sunday
2234 1544 36 16 hist
2283 1544 31 17 Mr

1878 1565 81 19 Walker,
1970 1567 19 15 at
2000 1565 31 17 tin;
2038 1565 100 19 invitation
2147 1567 21 16 of
2175 1567 32 16 Mr
2220 1567 92 20 Fletcher,

1878 1588 132 22 Presbyterian
2033 1587 111 24 missionary
2164 1591 21 16 to
2249 1590 65 22 Taupo

1877 1611 78 20 natives,
1966 1611 93 20 preached
2068 1612 18 17 in
2095 1612 31 17 the
2136 1613 117 17 Courthouse
2262 1614 52 17 there

1878 1636 20 15 to
1907 1641 11 10 a
1928 1635 49 20 good
1987 1635 118 17 attendance.

1901 1668 16 16 A
1926 1668 85 21 meeting
2024 1668 20 16 of
2058 1668 32 17 the
2105 1668 80 23 Library
2201 1669 112 17 Committee

1877 1691 42 16 took
1930 1691 53 21 place
1991 1691 19 16 in
2020 1691 32 17 the
2070 1692 91 16 Institute
2178 1698 23 10 on
2215 1689 97 27 Thursday

1877 1714 81 21 evening
1978 1714 37 17 last
2033 1715 53 16 wlien
2105 1715 52 16 there
2174 1721 48 11 were
2239 1718 74 20 present

1877 1736 69 19 Messrs
1952 1736 74 19 Purcell
2029 1734 74 27 (chair),
2109 1738 97 19 Williams.
2213 1737 99 24 McAulev,

1877 1759 78 22 Corlett,
1966 1760 85 21 Webber,
2062 1761 62 18 Boord
2139 1762 38 16 and
2185 1762 58 18 Watt.
2274 1762 39 18 The

1877 1784 109 17 treasurer's
1995 1785 101 16 statement
2106 1784 61 19 which
2177 1791 37 11 was
2224 1786 43 16 read
2276 1787 36 16 and

1877 1806 95 22 approved
1982 1807 76 17 showed
2074 1813 10 12 a
2098 1808 77 17 balance
2190 1808 19 17 in
2225 1807 52 19 hand
2293 1810 20 17 of

1877 1829 35 17 ll
1926 1831 30 15 10s
1966 1830 28 17 Id.
2020 1829 39 19 The
2069 1831 112 17 Committee
2186 1830 89 24 deplored
2281 1833 31 17 the

1877 1853 36 16 loss
1923 1853 60 17 which
1993 1854 32 16 the
2038 1854 108 18 institution
2161 1854 36 17 and
2213 1855 33 17 the
2262 1861 38 12 com-

1876 1876 74 22 munity
1968 1877 97 21 generally
2080 1877 37 18 had
2136 1878 95 17 sustained
2244 1878 20 18 in
2281 1880 31 16 the

1877 1898 57 19 death
1943 1900 20 17 of
1978 1900 32 17 the
2025 1900 37 18 lute
2077 1901 98 23 secretary,
2193 1900 31 18 Mr
2239 1902 25 17 H.
2283 1903 28 18 W.

1876 1922 116 23 Neighbour,
2004 1924 35 16 and
2058 1923 15 18 it
2089 1930 37 11 was
2142 1925 82 16 resolved
2240 1930 24 13 on
2281 1926 31 18 the

1876 1946 71 17 motion
1965 1947 20 16 of
2003 1947 31 16 Mr
2048 1947 61 18 Boord
2123 1947 43 18 that
2182 1953 24 13 an
2223 1948 88 23 enlarged

1876 1969 121 23 photograph
2007 1969 20 19 of
2036 1970 31 17 Mr
2076 1970 112 22 Neighbour
2192 1970 24 19 be
2220 1972 91 22 procured

1877 1990 39 25 (the
1925 1994 40 15 cost
1975 1995 19 14 to
2003 1993 23 16 be
2035 1994 89 17 defrayed
2140 1994 26 22 by
2179 1994 132 25 subscription]

1875 2015 37 19 and
1921 2016 66 21 placed
1995 2016 19 17 in
2023 2016 33 18 the
2065 2017 157 22 Heading-room,
2231 2025 20 10 as
2260 2025 11 10 a
2277 2020 26 16 tri-

1875 2039 46 17 bute
1930 2041 19 15 to
1958 2039 29 17 his
1996 2046 85 16 memory
2096 2041 37 16 and
2150 2047 20 11 as
2184 2047 11 11 a
2211 2042 54 17 small
2280 2049 21 11 ac-

1874 2063 166 21 knowledgement
2049 2063 20 17 of
2085 2063 32 18 the
2131 2063 78 19 services
2222 2065 89 19 rendered

1876 2085 24 23 by
1910 2085 37 18 him
1958 2086 19 18 to
1988 2086 32 18 the
2026 2086 116 19 institution.
2167 2087 32 18 Mr
2204 2088 58 20 Watt,
2269 2089 42 17 who

1876 2108 68 23 agreed
1956 2110 19 16 to
1985 2110 30 16 act
2024 2115 20 11 as
2053 2111 94 21 secretary
2156 2110 29 17 till
2196 2111 31 17 the
2242 2112 37 17 end
2291 2113 21 16 of

1875 2132 32 17 the
1916 2133 76 21 present
2001 2131 87 19 financial
2098 2139 50 15 year,
2158 2140 38 10 was
2208 2134 103 18 instructed

1875 2157 20 15 to
1903 2155 54 18 write
1966 2157 19 15 to
2004 2155 31 17 Mr
2050 2155 127 23 Neighbour's
2192 2157 87 18 relatives
2291 2159 20 16 in

1875 2178 100 24 Tauranga
1984 2179 46 16 with
2044 2185 11 10 a
2070 2180 46 16 view
2130 2181 20 15 to
2165 2180 100 22 obtaining
2279 2182 32 17 the

1874 2200 43 19 i'oan
1927 2201 22 19 of
1954 2208 12 12 a
1972 2199 123 26 photograph
2105 2203 30 17 for
2149 2204 130 21 enlargement
2291 2205 18 17 in

1874 2225 120 17 furtherance
2003 2225 19 17 of
2028 2225 31 17 Mr
2065 2226 79 17 Boord's
2150 2227 77 17 motion.
2241 2228 70 18 Messrs

1875 2248 48 17 Kirk
1935 2249 38 16 and
1989 2249 86 17 Dowsett
2089 2255 49 12 were
2154 2250 71 18 elected
2241 2252 21 15 to
2278 2251 33 18 the

1874 2274 68 15 vacant
1950 2272 63 22 ]ilaces
2023 2278 24 11 on
2057 2273 32 17 the
2098 2273 118 18 Committee.
2241 2274 20 17 It
2272 2281 39 10 was

1874 2296 85 16 resolved
1982 2302 21 10 as
2025 2302 11 10 a
2053 2296 54 17 mark
2120 2296 20 17 of
2156 2298 73 21 respect
2243 2298 20 17 to
2278 2295 32 20 the

1874 2325 83 15 memory
1966 2320 20 16 of
1996 2319 32 17 Mr
2037 2319 80 17 William
2133 2320 84 20 Murray,
2235 2321 73 19 Junior,

1874 2342 42 17 that
1930 2342 33 17 the
1977 2344 75 15 concert
2069 2342 19 18 in
2103 2343 30 17 aid
2147 2343 20 18 of
2182 2344 31 16 the
2230 2341 80 25 Library

1874 2365 91 22 Building
1975 2366 55 16 Fund
2039 2366 23 17 be
2070 2367 106 21 postponed
2185 2369 19 14 to
2218 2367 32 17 the
2265 2362 44 23 24th

1874 2388 43 18 fust.
1942 2389 55 17 Some
2008 2390 67 16 formal
2084 2390 84 16 business
2177 2390 71 21 having
2262 2390 46 18 been

1874 2413 106 16 transacted
1989 2413 33 17 the
2031 2413 84 21 meeting
2127 2413 110 22 adjourned.

1897 2445 25 17 At
1931 2451 11 11 a
1951 2445 85 23 meeting
2044 2446 20 16 of
2072 2446 32 16 the
2113 2445 90 17 creditors
2211 2446 20 16 of
2239 2446 25 17 11.
2279 2446 28 17 W.

1874 2465 92 24 Mitchell,
1977 2474 95 15 surveyor,
2083 2469 42 17 held
2134 2469 19 16 in
2165 2469 99 17 Auckland
2273 2468 36 18 last

1874 2491 56 18 week,
1940 2491 32 18 Mr
1980 2491 87 19 Lawson,
2077 2492 32 17 the
2123 2491 72 18 Official
2211 2493 96 21 Assignee,

1874 2514 99 22 explained
1994 2515 49 18 that,
2053 2515 33 17 the
2103 2516 84 20 meeting
2208 2515 38 17 had
2262 2516 46 17 been

1874 2538 59 17 called
1942 2538 90 22 specially
2044 2540 21 15 to
2079 2538 84 18 consider
2178 2539 30 17 Mr
2223 2539 86 17 Cussen's

1874 2559 87 24 proposal
1971 2562 19 16 of
1999 2561 54 22 April
2063 2561 16 19 0,
2090 2563 19 15 to
2118 2568 67 15 survey
2200 2562 32 16 the
2247 2562 51 17 divid-

1874 2585 33 19 ing
1917 2584 37 17 hue
1967 2585 84 16 between
2067 2585 33 16 the
2114 2584 144 24 Hauhungaroa
2272 2585 37 18 and

1874 2607 83 18 Waituhi
1967 2608 87 17 Kuratau
2063 2605 65 20 blocks
2137 2608 19 17 in
2171 2608 54 17 order
2241 2610 19 15 to
2276 2615 22 10 en-

1874 2630 42 18 able
1924 2630 33 18 the
1966 2632 59 16 estate
2035 2632 19 16 to
2064 2631 64 17 obtain
2140 2632 91 21 payment
2244 2632 20 17 of
2277 2632 32 18 the

1874 2654 37 16 lien
1919 2660 44 10 now
1971 2655 90 19 existing.
2086 2655 39 16 The
2134 2655 97 17 estimated
2241 2657 39 15 cost
2290 2657 19 15 to

1874 2677 32 17 the
1915 2679 60 15 estate
1983 2683 39 12 was
2032 2677 56 18 IOO.
2113 2676 137 25 Thecharging
2255 2678 55 19 order

1875 2706 37 11 was
1922 2701 21 17 30
1952 2707 33 16 per
1995 2702 42 15 cent,
2046 2702 21 16 of
2075 2700 55 19 i>'2o,
2141 2701 37 16 and
2187 2700 78 19 accrued
2279 2702 20 16 in-

1874 2725 63 19 terest,
1954 2724 114 22 amounting
2082 2724 83 22 roughly
2181 2721 93 27 speaking
2290 2726 19 16 to

1875 2746 55 21 2OO,
1941 2747 37 17 and
1987 2747 33 17 the
2029 2747 57 17 hitter
2095 2753 41 11 sum
2145 2747 62 17 unless
2221 2748 32 16 the
2268 2754 31 11 sur-

1874 2775 35 17 vey
1926 2776 38 11 was
1979 2768 55 20 rnacte
2048 2769 62 18 would
2124 2770 48 17 have
2185 2772 20 16 to
2219 2771 23 16 Tie
2251 2771 47 17 aban-

1875 2793 60 17 doned
1945 2794 25 20 by
1984 2793 33 18 the
2034 2794 96 17 creditors.
2155 2794 39 17 The
2211 2793 49 18 IOO
2277 2801 22 10 ex-

1874 2817 73 21 pended
1956 2817 26 22 by
1990 2817 33 17 the
2032 2818 59 16 estate
2100 2817 62 17 would
2171 2817 23 17 be
2203 2817 75 18 secured
2285 2817 26 23 by

1875 2845 8 12 a
1895 2839 94 23 charging
1997 2839 60 19 order.
2083 2838 66 19 It-was
2158 2840 84 17 resolved

1875 2863 32 16 the
1916 2864 87 21 proposal
2013 2864 21 16 of
2042 2864 31 16 Mr
2083 2860 69 21 Cussen
2161 2864 23 16 be
2193 2864 88 21 accepted
2286 2870 24 11 on

1875 2886 32 16 the
1916 2886 95 17 condition
2022 2886 42 18 that
2074 2886 31 17 the
2114 2888 79 16 amount
2206 2888 21 16 to
2235 2883 23 21 bo
2267 2887 45 22 paid

1875 2908 25 23 by
1909 2909 33 17 the
1949 2909 73 17 Official
2034 2909 90 24 Assignee
2139 2909 29 17 for
2182 2910 45 16 such
2244 2915 68 18 survey

1876 2932 44 17 does
1928 2934 34 15 not
1971 2933 68 16 exceed
2050 2934 21 15 150
2081 2934 81 20 percent
2169 2933 20 16 of
2195 2933 32 17 the
2234 2935 79 16 amount

1876 2961 20 10 as
1905 2955 84 18 certified
1998 2954 25 24 by
2032 2956 33 17 the
2075 2956 70 21 Survey
2159 2956 58 17 Office
2227 2956 74 19 authori-

1876 2978 34 18 ties
1920 2985 19 11 as
1957 2979 32 17 the
2003 2985 41 11 sum
2060 2979 30 17 for
2104 2979 61 17 which
2182 2979 38 17 lien
2234 2980 40 17 will
2289 2980 23 17 be

1877 3001 80 23 granted
1966 3003 26 21 by
2001 3003 32 16 the
2042 3003 69 16 Native
2120 3002 54 17 Land
2184 3001 69 23 Court;
2275 3003 38 17 and

1876 3025 43 16 that
1925 3025 64 17 before
1999 3025 44 17 such
2053 3025 44 17 final
2107 3027 90 21 payment
2206 3026 31 17 Mr
2243 3026 70 17 Cussen

1876 3050 78 15 execute
1963 3054 10 11 a
1982 3049 83 16 transfer
2072 3050 21 15 to
2102 3049 32 16 the
2144 3048 71 18 Official
2222 3048 91 24 Assignee

1877 3072 19 16 of
1907 3071 43 17 such
1961 3072 22 16 30
1992 3078 34 15 per
2035 3073 42 16 cent
2086 3072 20 16 of
2118 3072 32 16 the
2165 3074 79 15 amount
2260 3078 39 12 men-

1877 3094 63 17 tioned
1954 3095 20 16 in
1990 3095 32 17 the
2039 3094 102 18 certificate
2157 3095 20 17 of
2193 3095 32 17 the
2242 3095 72 23 Survey

1988 3118 39 17 The
2044 3118 100 22 following
2160 3118 89 17 creditors
2265 3124 49 12 were

1877 3142 75 18 present
1961 3141 3 23 :
1966 3141 94 17 Messrs
2077 3141 69 17 Cussen
2166 3141 37 23 (for
2220 3142 35 16 self
2275 3142 38 17 and

1877 3164 61 22 Ellis),
1949 3164 68 18 Jervis.
2029 3165 66 18 senior,
2106 3163 118 24 (supervisor,
2231 3165 36 16 and
2274 3165 40 17 also

1878 3192 61 18 proxy
1949 3187 29 17 for
1987 3187 62 18 Jervis
2055 3187 69 23 junior,
2135 3187 36 17 and
2181 3186 20 19 C.
2210 3187 91 18 C.McMil-

1878 3205 79 27 hmj.'E.
1967 3210 20 17 T.
1998 3208 75 20 Dufaur
2083 3210 37 22 (for
2128 3211 41 18 self,
2179 3209 74 23 Taylor,
2267 3211 36 17 Lar-

1877 3232 49 21 kins,
1942 3233 68 21 Noble,
2030 3234 54 17 Kirk.
2102 3233 76 18 Peddie.
2196 3234 117 22 Karairiana,

1878 3257 56 20 Mair,
1945 3256 82 23 Battley,
2043 3257 64 21 Yates,
2123 3257 37 17 and
2175 3257 64 17 Hunia
2253 3257 49 17 Toko-

1877 3279 49 23 rua).

1985 3311 76 17 WANT
2074 3311 33 17 OP
2121 3311 87 20 SLEEP,

1879 3361 138 23 Consfipation,
2028 3361 120 21 Biliousness,
2164 3362 37 17 and
2211 3362 105 22 Dyspepsia

1879 3382 68 19 should
1972 3385 26 16 all
2020 3384 28 17 1)8-
2067 3384 73 17 treated
2166 3385 46 16 with
2239 3384 77 19 Wolfe's

1880 3407 104 22 Schnapps.
2010 3408 19 16 It
2043 3408 15 17 is
2083 3409 49 15 most
2145 3408 89 20 effective,
2253 3409 63 22 gentle

1879 3430 38 17 and
1924 3431 105 21 agreeable.

1891 3479 52 17 THE
1957 3479 134 18 PROPOSED
2104 3479 108 18 BRANCH
2225 3480 78 17 BANK.

1905 3525 38 17 The
1952 3525 99 24 following
2060 3525 53 23 reply
2122 3526 33 17 has
2170 3526 47 17 been
2233 3526 84 18 received

1880 3549 49 16 from
1938 3549 33 17 the
1980 3549 80 17 General
2069 3549 93 23 Manager
2171 3549 19 17 of
2199 3549 32 17 the
2238 3549 53 17 Bank
2298 3550 19 16 of

1880 3572 47 16 New
1937 3572 89 19 Zealand,
2039 3572 123 21 Wellington,
2178 3572 20 17 in
2213 3573 67 21 regard
2296 3574 21 16 to

1880 3594 33 18 the
1921 3595 79 22 petition
2011 3595 58 22 lately
2079 3594 106 18 forwarded
2193 3595 68 22 asking
2274 3596 43 17 that

1900 3617 71 18 branch
1985 3618 21 16 of
2018 3618 33 16 the
2067 3618 53 16 Bank
2135 3615 23 20 be
2171 3619 113 17 established
2297 3619 20 17 in

1884 3641 91 18 Liotorua:
2056 3641 69 16 Messrs
2138 3641 83 22 Malfroy
2234 3642 38 17 and
2285 3642 32 17 the

1880 3664 55 16 other
1944 3664 109 22 gentlemen
2061 3664 63 17 whose
2133 3664 106 21 signatures
2247 3671 70 15 appear

1880 3692 25 11 on
1914 3687 33 17 the
1960 3687 80 22 petition
2054 3688 20 15 to
2089 3687 32 17 the
2136 3687 52 17 Bank
2202 3687 55 17 dated
2274 3688 43 16 14th

1881 3709 97 23 February
1985 3709 3 23 :
2025 3710 116 18 Gentlemen,
2144 3710 78 17 Your
2237 3711 80 21 petition

1882 3732 34 17 has
1923 3732 49 18 been
1979 3731 41 20 laid
2025 3732 66 19 before
2097 3733 34 18 the
2138 3733 64 18 Board
2218 3733 38 17 and
2272 3734 45 22 they

1881 3756 62 23 regret
1952 3756 43 17 that
2004 3756 33 17 the
2044 3756 53 16 trade
2106 3756 20 17 of
2133 3756 84 17 Rotorua
2225 3756 45 17 does
2284 3758 33 16 not

1880 3780 84 16 warrant
1973 3779 32 17 the
2014 3779 54 17 Bank
2079 3779 82 22 opening
2166 3780 19 16 at
2192 3781 81 20 present,
2281 3786 24 10 un-

1880 3801 37 17 less
1926 3802 26 17 all
1961 3803 102 17 customers
2073 3803 20 16 of
2101 3802 32 17 the
2141 3802 93 22 proposed
2243 3803 73 16 Branch

1880 3825 39 16 will
1929 3830 56 18 agree
1994 3826 20 15 to
2023 3831 12 11 a
2049 3825 68 22 special
2131 3826 69 21 charge
2213 3827 20 15 to
2249 3831 68 17 recoup

1880 3848 33 16 the
1922 3848 55 17 Bank
1987 3848 29 17 for
2025 3848 32 17 the
2066 3849 41 16 cost
2115 3848 21 16 of
2143 3848 102 24 providing
2256 3849 49 17 bank-

1880 3871 34 21 ing
1924 3871 87 17 facilities
2020 3871 19 17 in
2048 3871 32 17 the

1905 3893 28 17 On
1943 3894 70 22 receipt
2027 3895 20 16 of
2061 3894 39 17 this
2114 3895 157 16 communication
2286 3895 31 16 Mi-

1880 3916 39 17 Mr!
1922 3918 47 16 frov.
1981 3917 66 21 taking
2056 3918 106 21 advantage
2169 3918 20 17 of
2193 3918 32 16 the
2230 3923 87 17 presence

1880 3940 20 16 of
1909 3939 31 18 Mr
1949 3940 85 17 Watson,
2044 3940 94 23 president
2148 3940 21 18 of
2173 3940 34 18 the
2220 3941 61 20 Bank,
2297 3941 20 17 in

1880 3962 86 18 Rotorua
1974 3963 60 17 called
2041 3969 52 16 upon
2101 3963 39 17 him
2150 3965 19 15 to
2182 3964 74 16 further
2270 3970 47 17 urge

1880 3985 32 17 the
1921 3987 76 16 matter.
2022 3986 32 17 Mr
2062 3986 84 22 Malfroy
2152 3986 77 22 pointed
2235 3988 33 15 out,
2274 3986 43 19 that

1880 4008 32 16 the
1939 4009 83 22 opening
2038 4015 27 16 up
2081 4010 20 16 of
2117 4009 158 18 communication
2291 4010 26 17 all

1880 4031 60 17 round
1952 4031 24 23 by
1986 4038 65 10 means
2060 4032 20 16 of
2087 4033 33 15 the
2130 4033 119 16 Botorua-Te
2259 4033 56 18 Tcko,

1879 4054 123 20 Whakatano,
2013 4055 78 16 Galatea
2100 4055 37 16 and
2146 4055 55 17 other
2211 4055 60 21 roads,
2279 4056 36 16 and

1880 4077 32 17 the
1922 4077 40 17 fact
1970 4078 21 16 of
1999 4078 85 16 Rotorua
2092 4078 58 21 being
2163 4085 11 9 a
2187 4079 77 21 railway
2277 4079 29 16 ter-

1879 4099 62 18 minus
1952 4100 38 16 and
1998 4101 32 16 the
2039 4102 63 15 centre
2111 4101 19 16 of
2138 4101 33 17 the
2179 4102 68 16 tourist
2256 4102 60 16 traffic

1879 4123 70 16 tended
1953 4125 19 15 to
1980 4123 57 22 bring
2043 4123 57 18 much
2106 4123 107 18 businessto
2218 4123 33 18 the
2256 4124 59 21 place.

2335 106 40 17 The
2383 106 143 18 establishment
2534 107 20 17 of
2559 113 12 11 a
2579 107 70 18 branch
2659 108 44 16 here
2709 107 62 17 would

2335 129 61 17 afford
2405 135 11 11 a
2424 129 78 22 quicker
2511 136 62 11 means
2582 131 19 16 of
2613 131 158 19 communication

2335 153 21 16 to
2365 152 73 17 settlers
2447 152 20 17 in
2478 153 32 16 the
2524 152 73 19 district
2611 153 98 23 generally
2725 153 46 17 with

2335 175 33 17 the
2377 175 49 17 head
2434 175 53 17 office
2496 176 45 16 than
2549 176 17 17 is
2579 177 68 16 offered
2664 176 106 19 elsewhere.

2337 197 30 17 Mr
2376 198 84 22 Malfroy
2469 199 39 15 also
2516 199 62 17 stated
2586 200 42 16 that
2638 200 23 17 he
2671 199 62 18 would
2749 200 22 16 be

2335 220 77 23 pleased
2420 222 21 15 to
2450 221 56 21 bring
2514 228 11 10 a
2534 221 110 23 deputation
2654 224 20 16 of
2682 223 32 17 the
2724 228 35 17 gen-

2336 244 70 17 tlemen
2419 244 43 17 who
2476 244 38 17 had
2528 244 66 23 signed
2608 245 33 18 the
2653 246 81 22 petition
2751 247 20 16 to

2337 267 75 16 further
2418 273 47 16 urge
2472 267 32 17 the
2511 268 75 17 matter.

2361 290 31 16 Mr
2401 290 77 17 Watson
2488 290 61 17 stated
2558 291 42 17 that
2611 292 82 21 nothing
2707 292 64 17 would

2336 312 23 18 be
2368 313 79 17 effected
2455 313 25 21 by
2490 313 37 17 this
2536 320 20 11 as
2565 314 32 17 the
2605 316 69 15 matter
2691 315 36 17 had
2742 315 19 16 al-

2336 336 58 22 ready
2407 336 47 17 been
2471 336 94 17 discussed
2580 337 26 22 by
2622 338 33 16 the
2672 338 62 17 Board
2751 338 20 17 of

2336 359 142 21 Management.
2492 359 38 17 The
2536 360 90 17 directors
2634 366 49 11 were
2691 361 79 17 anxious

2336 384 20 14 to
2365 382 55 17 avoid
2432 383 27 16 all
2472 388 79 16 expense
2566 383 63 17 urdess
2645 383 45 23 they
2705 390 39 10 saw
2760 390 11 11 a

2335 404 117 23 probability
2460 406 21 16 of
2492 405 160 19 reimbursement.
2683 407 31 16 All
2729 407 41 17 that

2336 428 31 16 Sir
2375 428 85 22 Malfroy
2469 428 37 18 had
2514 429 84 21 brought
2607 430 64 16 before
2679 430 40 17 him
2733 430 37 17 had

2335 450 48 17 been
2392 451 48 22 fully
2450 451 107 17 considered
2567 453 26 20 by
2601 453 33 16 the
2642 453 64 16 Board
2714 453 37 17 and
2760 459 11 11 a

2335 473 111 22 deputation
2461 475 62 17 would
2537 475 23 17 be
2575 476 20 16 of
2608 482 24 10 no
2645 476 57 19 avail,-
2711 482 20 11 as
2748 477 23 16 he

2335 496 77 17 himself
2419 498 55 16 could
2483 500 34 14 not
2525 498 64 18 decide
2598 499 32 16 the
2645 500 76 16 matter.
2753 499 18 16 If

2335 519 54 17 those
2397 520 101 18 interested
2507 521 84 22 thought
2604 522 43 16 that
2660 522 32 16 the
2707 522 53 17 estab-

2335 543 89 17 lishment
2433 545 20 15 of
2466 550 11 10 a
2490 544 50 16 bank
2555 545 20 16 in
2591 545 33 16 the
2638 545 78 22 locality
2733 551 38 11 was

2335 566 92 17 desirable
2435 567 37 16 and
2482 566 62 19 would
2553 569 78 16 consent
2639 569 20 16 to
2667 568 48 17 have
2722 568 49 17 their

2334 589 90 17 accounts
2432 589 75 18 debited
2515 592 20 15 to
2544 591 32 16 the
2584 592 66 16 extent
2659 591 21 17 of
2691 597 34 16 say
2740 592 31 15 10s

2335 618 21 10 or
2365 613 33 15 20s
2406 613 44 16 each
2459 613 102 22 half-year,
2573 614 20 16 in
2602 614 113 18 accordance
2725 615 45 16 with

2335 635 33 16 the
2377 637 55 15 tenor
2441 636 19 17 of
2469 636 32 17 the
2509 636 61 20 letter,
2585 637 19 17 in
2620 638 44 16 that
2680 642 42 13 case
2738 638 32 16 the

2335 658 91 17 directors
2434 659 62 17 would
2506 665 29 12 see
2544 660 50 17 what
2602 661 55 16 could
2662 661 24 17 be
2692 661 54 17 done.

2392 711 312 34 CORRESPONDENCE.

2417 774 73 17 MORE
2505 774 181 20 SUGGESTIONS.

2464 820 27 17 To
2500 825 42 12 the
2555 821 85 18 Editor.

2359 850 42 21 Sir,
2403 851 50 17 As
2462 851 10 17 I
2481 857 29 12 see
2523 853 42 17 that
2578 858 49 17 your
2640 854 85 18 columns
2739 858 33 14 ate!

2336 879 49 17 open
2401 874 30 17 for
2448 875 32 16 the
2496 876 119 22 suggestions
2632 878 21 16 of
2668 877 77 18 visitors
2760 878 10 16 I

2335 897 70 20 would,
2414 898 48 17 with
2474 904 47 16 your
2533 900 117 21 permission,
2664 901 56 17 make
2735 907 35 11 one

2335 926 21 11 or
2364 921 39 17 two
2411 920 63 18 which
2482 927 44 16 may
2534 927 21 12 or
2563 929 43 16 may
2615 924 34 16 not
2661 924 48 17 have
2723 924 47 17 been

2335 943 108 23 previously
2452 944 74 21 offered,
2535 945 36 17 but
2579 946 97 22 certainly,
2695 953 20 11 as
2731 948 39 21 yet,

2337 967 47 16 have
2392 968 35 15 not
2434 967 48 17 been
2490 968 90 17 attended
2589 970 25 16 to.
2640 970 57 20 Eirst,
2713 971 19 16 in
2742 976 19 11 re-

2335 989 49 23 gard
2392 991 20 16 to
2421 990 79 17 medical
2513 992 122 21 supervision.
2661 993 10 17 I
2685 991 56 19 think
2756 993 16 17 it

2336 1013 15 17 is
2360 1017 46 18 very
2413 1018 98 18 necessary
2520 1014 43 18 that
2571 1015 15 17 it
2600 1016 69 17 should
2681 1016 24 17 bo
2720 1023 39 11 com-

2336 1036 78 22 pulsory
2423 1036 30 17 for
2467 1037 25 17 all
2506 1037 81 19 invalids
2599 1040 21 16 to
2636 1040 72 17 submit
2725 1040 19 17 to
2761 1046 11 10 a

2336 1059 80 17 medical
2419 1060 128 17 examination
2549 1061 64 18 before
2616 1063 69 23 taking
2690 1069 11 10 a
2707 1068 66 12 course'

2336 1083 20 17 of
2365 1082 33 18 the
2406 1082 62 20 baths,
2479 1084 37 16 and
2524 1084 43 17 that
2575 1085 33 17 the
2620 1086 71 22 charge
2704 1086 68 17 should

2336 1105 23 17 be
2368 1112 12 10 a
2387 1106 85 17 nominal
2481 1112 40 15 one,
2547 1108 26 16 At
2580 1110 77 20 present
2665 1109 32 17 the
2703 1110 70 21 charge

2336 1129 15 17 is
2361 1130 120 21 outrageous.
2507 1130 9 17 I
2525 1129 57 19 know
2590 1132 20 16 of
2618 1133 72 17 several
2706 1133 67 22 people

2336 1152 44 17 who
2388 1152 64 17 would
2460 1152 37 17 like
2505 1154 20 16 to
2533 1154 51 17 avail
2591 1154 113 19 themselves
2712 1156 20 17 of
2740 1156 33 17 the

2337 1173 82 19 doctor's
2434 1176 79 19 services
2525 1176 36 18 but
2573 1178 33 16 the
2622 1178 70 23 charge
2703 1179 20 17 of
2738 1185 35 11 one

2337 1199 69 22 guinea
2427 1199 16 17 is
2463 1200 32 16 too
2511 1200 56 17 much
2584 1200 29 18 for
2629 1202 51 17 their
2700 1202 74 17 slender

2337 1228 71 16 purses.
2435 1222 9 17 I
2453 1222 47 17 have
2509 1228 24 12 no
2542 1223 45 17 wish
2598 1226 19 15 to
2626 1225 90 17 interfere
2726 1225 46 17 with

2339 1246 31 16 the
2379 1246 76 21 present
2464 1246 77 22 charges
2551 1253 20 10 so
2580 1247 30 17 far
2617 1254 21 11 as
2650 1249 67 21 people
2730 1249 43 16 who

2337 1274 32 12 are
2378 1268 42 18 able
2429 1270 20 15 to
2458 1268 60 18 afford
2526 1269 15 17 it
2550 1275 31 12 are
2595 1272 104 17 concerned
2714 1272 35 17 but
2763 1272 9 16 I

2337 1291 55 17 think
2401 1298 23 10 an
2434 1291 49 18 hour
2491 1298 21 11 or
2520 1298 20 11 so
2557 1293 62 22 might
2633 1295 24 17 be
2673 1296 29 16 set
2718 1296 56 21 apart

2337 1315 46 17 each
2389 1315 37 21 day
2432 1315 54 17 when
2492 1315 80 18 invalids
2577 1317 63 22 might
2645 1318 23 17 be
2674 1319 99 16 examined

2337 1340 20 15 at
2366 1338 32 17 the
2407 1338 120 17 Sanatorium
2540 1343 21 13 at
2573 1347 12 10 a
2598 1341 84 17 nominal
2697 1341 75 23 charge.

2337 1361 41 17 The
2385 1361 72 22 danger-
2466 1362 20 16 of
2494 1362 81 23 bathing
2582 1364 19 16 in
2611 1364 32 17 the
2649 1370 51 12 more
2705 1364 69 24 highly

2337 1385 82 22 charged
2429 1385 68 17 waters
2506 1385 43 17 here
2557 1386 63 18 unless
2628 1388 61 18 under
2694 1386 80 20 medical

2336 1408 66 17 adviee
2410 1409 35 16 has
2452 1408 48 17 ben
2507 1409 56 18 made
2571 1412 94 20 apparent
2674 1413 19 15 to
2706 1417 30 11 me
2749 1418 25 10 on

2337 1435 52 13 more'
2396 1432 48 17 than
2453 1437 35 11 one
2497 1433 90 17 occasion.
2613 1433 100 23 Secondly,
2728 1435 16 16 it
2758 1433 16 20 is

2331 1453 1 24 i
2336 1456 50 16 most
2394 1460 98 17 necessary
2507 1456 43 17 that
2563 1463 10 10 a
2588 1458 68 16 female
2673 1458 102 18 attendant

2336 1477 69 20 should
2421 1478 25 17 be'
2462 1479 92 18 stationed
2572 1482 20 16 at
2608 1481 33 17 the
2658 1481 116 19 Postmaster

2336 1503 50 19 Bath
2396 1503 15 17 if
2419 1503 34 16 not
2462 1503 30 17 for
2502 1503 31 17 the
2542 1501 61 20 whole
2612 1505 20 16 of
2648 1505 32 16 the
2694 1504 37 23 day
2745 1506 29 16 for

2336 1529 20 16 at
2365 1527 47 17 least
2421 1533 11 10 a
2441 1527 42 21 part
2492 1527 21 16 of
2521 1527 20 17 it.
2567 1526 76 19 Several
2659 1533 51 12 cases
2726 1529 48 18 have

2336 1549 89 20 occurred
2434 1549 20 17 of
2463 1553 71 15 wo/nen
2544 1551 83 22 fainting
2635 1551 19 17 in
2669 1552 33 16 the
2717 1551 57 18 baths

2336 1574 38 18 and
2382 1573 72 22 having
2464 1576 19 14 to
2492 1573 23 17 be
2523 1575 71 17 carried
2603 1576 33 16 out
2645 1575 26 22 by
2680 1575 32 17 the
2726 1576 48 17 male

2336 1597 107 19 attendant.
2476 1597 8 16 1
2502 1597 117 18 understand
2634 1598 44 18 that
2694 1605 24 10 an
2740 1605 22 16 ap-

2335 1621 109 23 pointment,
2452 1620 20 16 of
2480 1620 38 18 this
2526 1623 39 15 sort
2572 1621 15 17 is
2593 1622 140 21 contemplated
2739 1622 34 18 but

2335 1645 45 17 that
2387 1644 16 18 it
2412 1642 36 19 lies
2454 1643 46 17 with
2509 1644 35 18 tlier
2551 1642 191 25 Inspector-General
2754 1647 21 16 of

2336 1667 105 23 Hospitals,
2452 1667 37 17 and
2498 1665 43 20 (hat
2549 1668 15 16 it
2572 1666 16 19 is
2597 1674 44 11 over
2646 1675 11 11 a
2664 1666 66 20 month
2737 1675 37 16 ago

2336 1691 50 17 since
2395 1691 24 17 he
2427 1696 39 12 was
2474 1690 93 18 informed
2576 1691 20 17 of
2610 1692 32 17 the
2655 1697 85 17 urgency
2755 1693 20 17 of

2336 1712 33 19 the
2386 1714 75 17 matter.
2486 1713 67 23 Surely
2570 1721 19 10 so
2606 1715 55 18 small
2678 1721 10 11 a
2705 1717 70 16 matter

2336 1737 63 22 might
2406 1738 25 16 bo
2439 1737 34 17 left
2481 1737 20 17 in
2516 1738 31 17 the
2563 1737 61 18 hands
2641 1738 20 17 of
2677 1738 33 17 the
2726 1736 49 21 local

2335 1761 80 17 medical
2444 1761 62 17 officer
2533 1761 43 17 who
2604 1761 66 19 knows
2699 1762 76 23 exactly

2336 1785 52 16 what
2410 1784 16 17 is
2450 1784 93 22 required.
2587 1783 86 25 Thirdly,
2691 1785 10 17 I
2718 1786 56 17 think

2335 1808 44 17 that
2387 1813 11 11 a
2406 1807 63 18 better
2477 1813 54 11 cover
2540 1806 54 19 could
2603 1808 23 17 be
2641 1808 75 18 devised
2730 1815 45 12 over

2335 1831 33 17 the
2377 1831 116 17 Postmaster
2506 1829 48 19 Bath
2570 1832 20 16 to
2603 1832 75 21 protect
2693 1832 81 17 invalids

2335 1855 49 16 from
2394 1854 33 16 the
2436 1858 34 12 sun
2479 1855 37 16 and
2525 1855 47 17 rain.
2598 1855 19 16 If
2625 1855 15 16 it
2648 1855 16 17 is
2676 1856 35 16 not
2718 1861 44 16 prac-

2335 1877 69 18 ticable
2413 1878 19 16 to
2441 1877 42 17 roof
2491 1877 18 17 in
2519 1877 32 18 the
2561 1877 45 18 bath
2616 1878 81 23 entirely
2703 1884 11 12 a
2720 1879 55 21 great

2334 1901 138 22 improvement
2481 1900 62 23 might
2551 1901 23 16 be
2583 1901 77 18 effected
2669 1901 26 23 by
2710 1907 53 16 carry-

2335 1924 34 21 ing
2377 1930 12 11 a
2397 1924 95 16 verandah
2501 1924 42 17 roof
2551 1924 58 19 along
2618 1924 32 18 the
2657 1925 52 17 front
2714 1925 21 17 of
2742 1926 32 16 the

2335 1947 86 20 dressing
2429 1953 68 11 rooms.
2523 1947 99 22 Fourthly,
2636 1948 19 16 in
2671 1949 69 20 regard
2754 1950 19 16 to

2335 1971 33 16 the
2384 1971 77 16 Priest's
2475 1971 48 16 liath
2537 1971 16 16 it
2565 1976 59 12 seems
2638 1973 76 21 strange
2728 1973 20 16 to
2763 1979 10 10 a

2335 1999 51 12 mere
2394 1994 87 17 observer
2488 1994 43 17 that
2546 1994 107 22 something
2667 1996 70 16 cannot
2750 1995 23 17 be

2335 2017 49 17 done
2393 2018 20 16 to
2422 2016 85 23 regulate
2516 2017 32 17 the
2564 2018 128 21 tempefature
2707 2018 20 17 of
2741 2018 32 18 the

2334 2041 76 16 various
2418 2040 63 18 baths.
2504 2041 25 16 At
2537 2042 77 20 present
2622 2047 36 11 one
2666 2041 47 17 bath
2720 2041 15 17 is
2741 2043 32 15 too

2333 2063 36 18 hot
2377 2063 37 18 and
2424 2063 80 17 another
2518 2060 98 25 alongside
2625 2065 20 20 o,f
2658 2065 16 16 it
2682 2065 32 17 too
2723 2062 49 20 cold.

2335 2087 10 16 I
2354 2093 31 11 am
2396 2086 40 17 told
2445 2086 41 17 that
2495 2093 12 10 a
2515 2086 56 21 panel
2580 2087 33 17 lias
2622 2087 47 17 been
2686 2088 86 17 knocked

2334 2111 34 15 out
2377 2110 85 16 between
2472 2107 31 19 the
2511 2110 57 16 baths
2576 2110 19 16 in
2605 2110 87 22 question
2700 2116 20 12 so
2726 2117 20 11 as
2752 2112 20 16 to

2334 2133 57 17 allow
2399 2130 33 20 the
2441 2133 58 16 water
2507 2134 19 15 to
2541 2130 89 20 circulate
2644 2131 36 19 but
2694 2140 20 10 as
2729 2134 43 17 that

2333 2154 35 19 has
2377 2156 113 22 apparently
2495 2156 49 17 little
2551 2154 54 19 effect
2612 2156 32 17 the
2651 2154 121 25 advisability

2334 2179 20 17 of
2363 2179 80 22 turning
2451 2177 32 19 the
2493 2180 37 16 t\Vo
2540 2180 58 16 men's
2610 2180 56 17 baths
2681 2180 40 17 into
2737 2186 35 11 one

2333 2203 64 22 might
2405 2203 24 17 be
2443 2202 115 18 considered.
2587 2203 39 17 The
2641 2203 130 17 maintenance

2333 2226 21 17 of
2362 2232 24 11 an
2396 2225 80 23 equable
2484 2227 127 21 temperature
2619 2226 19 17 in
2647 2226 41 20 this,
2693 2223 47 21 bath
2756 2227 15 16 is

2333 2249 21 17 of
2363 2246 32 20 the
2405 2250 83 21 greatest
2496 2249 116 22 importance
2620 2255 21 11 as
2649 2250 16 16 it
2673 2250 16 16 is
2704 2247 67 20 looked

2333 2276 52 22 upon
2396 2278 21 11 as
2431 2273 33 16 the
2479 2273 50 17 most
2546 2270 104 20 efficacious
2666 2274 60 16 water
2742 2273 30 17 for

2332 2295 114 17 rnumatism
2455 2295 19 17 in
2483 2295 33 17 the
2525 2293 60 24 place.
2612 2297 22 15 In
2644 2293 108 20 conclusion
2761 2297 9 16 T

2333 2319 47 17 wish
2386 2321 20 15 to
2413 2324 33 13 say
2455 2319 42 16 that
2507 2318 70 21 during
2591 2325 31 15 my
2636 2321 43 19 stay
2693 2319 44 17 here
2751 2320 21 17 of

2332 2339 54 20 three
2394 2342 62 17 weeks
2465 2342 9 16 I
2483 2342 47 17 have
2540 2342 59 17 found
2608 2342 32 17 the
2652 2342 66 17 towels
2733 2343 37 16 and

2332 2365 87 21 dressing
2429 2369 62 13 rooms
2500 2365 32 17 the
2538 2366 46 21 pink
2591 2366 21 16 of
2617 2366 109 18 cleanliness
2733 2366 38 17 and

2333 2389 32 16 the
2374 2388 110 18 attendants
2493 2390 20 15 at
2521 2388 44 18 each
2575 2389 21 16 of
2603 2389 33 17 the
2644 2389 126 17 bath-houses

2332 2411 106 23 extremely
2446 2411 186 23 obliging.Yours,
2643 2413 38 17 &e.,

2630 2436 16 16 A
2655 2436 91 16 Visitor.

2356 2466 43 23 [We
2408 2472 31 11 are
2454 2464 45 24 glad
2514 2467 20 16 to
2547 2467 49 17 have
2664 2466 105 18 Visitor's"

2332 2495 100 12 assurance
2440 2496 20 11 as
2470 2491 20 16 to
2499 2490 32 17 the
2539 2490 47 21 high
2596 2491 49 16 state
2659 2490 21 17 of
2692 2490 68 17 cleanli-

2331 2519 43 11 ness
2382 2519 44 11 now
2434 2512 109 18 observable
2552 2514 19 16 at
2580 2513 32 17 the
2623 2513 76 17 various
2712 2513 46 17 bath-

2331 2535 75 19 houses.
2432 2537 19 16 It
2464 2537 87 16 confirms
2565 2542 34 12 our
2613 2537 102 17 statement
2728 2537 42 16 that

2332 2566 23 11 an
2365 2559 137 21 improvement
2511 2559 35 18 has
2553 2559 58 22 lately
2620 2560 57 17 taken
2689 2559 53 23 place
2751 2560 18 16 in

2331 2583 68 19 regard
2413 2584 20 16 to
2448 2583 37 16 this
2500 2584 116 15 matteran
2633 2583 137 21 improvement

2332 2606 60 17 which
2414 2611 29 12 wo
2463 2607 50 16 trust
2528 2606 40 17 will
2586 2606 23 17 be
2628 2606 140 23 lasting.El).

2332 2629 83 21 H.L.C.]

2391 2667 75 19 TOWN
2472 2662 94 24 BOARD
2583 2669 125 17 MEETING.

2357 2715 17 16 A
2383 2715 84 21 meeting
2475 2715 19 16 of
2503 2715 32 16 the
2544 2715 92 16 members
2645 2716 20 16 of
2674 2716 31 15 the
2710 2713 58 18 Town

2333 2738 62 17 Board
2404 2738 45 16 took
2455 2738 53 22 place
2514 2744 24 10 on
2546 2737 116 24 Wednesday
2670 2738 98 18 afternoon

2333 2761 42 17 last.
2409 2761 78 17 Present
2504 2761 69 17 Messrs
2594 2761 83 23 Malfroy
2695 2761 73 23 (chair),

2333 2783 81 23 Causey,
2425 2785 64 19 Brent,
2501 2784 36 18 and
2548 2784 27 18 Dr
2588 2785 86 16 Cinders.

2356 2808 17 17 A
2391 2808 67 16 lender
2474 2808 48 16 from
2543 2808 31 17 Mr
2591 2808 28 16 W.
2638 2809 22 16 A.
2679 2807 89 20 Boulton,

2333 2836 91 16 manager
2440 2831 20 17 of
2476 2831 32 17 the
2526 2831 64 17 Grand
2607 2831 65 19 Hotel,
2690 2831 80 20 offering

2334 2853 37 18 l2
2383 2855 30 16 }os
2422 2859 34 18 per
2461 2858 70 13 annum
2541 2855 30 16 for
2579 2860 11 11 a
2598 2854 37 17 five
2647 2853 59 23 years'
2721 2853 49 18 lease

2334 2878 19 16 of
2363 2878 31 15 the
2407 2877 79 17 Board's
2499 2877 86 23 paddock
2598 2883 23 12 on
2636 2878 32 16 the
2684 2876 86 19 Utuhina

2334 2900 53 17 creek
2397 2906 38 11 was
2447 2900 94 23 accepted.
2573 2901 28 16 Dr
2615 2900 80 18 Cinders
2708 2900 61 16 stated

2334 2923 43 17 that
2386 2923 24 17 he
2426 2923 114 17 understood
2555 2924 42 16 that
2614 2924 32 16 the
2660 2923 67 17 lessees
2740 2923 20 16 in-

2334 2947 69 16 tended
2413 2948 20 15 to
2442 2947 54 16 make
2505 2947 49 21 good
2563 2953 32 10 use
2604 2947 21 17 of
2637 2947 32 17 the
2683 2944 87 26 -paddock

2334 2968 19 18 in
2363 2970 79 17 relation
2451 2972 19 15 to
2484 2970 31 17 the
2529 2970 57 17 hotel.
2616 2970 39 17 The
2669 2969 100 18 Chairman

2334 2993 62 17 stated
2413 2993 43 17 that
2468 2993 24 16 he
2506 2999 38 11 was
2559 2992 75 24 pleased
2653 2994 19 16 to
2689 2993 45 17 hear
2748 2992 21 16 it.

2334 3016 65 17 About
2408 3016 38 17 oo
2455 3015 36 18 had
2508 3016 47 16 been
2570 3019 55 19 spent
2639 3022 24 11 on
2677 3017 32 15 the
2722 3016 36 22 pad-

2334 3039 49 17 dock
2392 3039 37 17 and
2440 3039 30 17 the
2479 3041 41 15 rent
2529 3039 92 23 although
2632 3041 33 15 not
2678 3038 93 19 excessive

2334 3067 46 14 was,
2391 3062 59 17 under
2458 3062 32 17 the
2499 3062 149 21 circumstances,
2658 3069 11 10 a
2681 3062 36 17 fair
2729 3067 40 11 one.

2359 3085 31 18 Mr
2406 3085 84 22 Malfroy
2504 3086 60 16 stated
2580 3086 42 16 that
2637 3086 52 16 there
2705 3090 38 11 was
2760 3090 11 12 a

2335 3111 70 14 matter
2427 3113 113 19 concerning
2553 3108 134 18 Commutative
2703 3108 68 17 tickets

2335 3132 60 17 which
2418 3132 23 16 he
2461 3132 71 17 wished
2548 3134 20 15 to
2585 3132 56 22 bring
2657 3132 65 16 before
2739 3131 32 16 the

2335 3155 70 17 Board.
2430 3155 20 17 It
2460 3154 92 23 appeared
2562 3155 40 18 that
2613 3155 70 17 certain
2696 3153 75 19 holders'

2336 3179 21 16 of
2364 3179 53 16 these
2432 3178 68 17 tickets
2514 3178 73 17 desired
2601 3180 20 15 to
2637 3178 45 17 take
2698 3177 74 23 private

2336 3201 56 17 baths
2402 3201 29 18 for
2439 3201 61 17 which
2509 3202 32 16 the
2558 3201 51 17 usual
2625 3201 69 23 charge
2708 3201 16 16 is
2738 3206 35 11 one

2337 3225 83 20 shilling.
2427 3223 181 19 Theattendanthad
2616 3222 118 25 represented
2741 3224 32 16 the

2337 3249 70 15 matter
2416 3248 20 16 to
2445 3247 38 17 him
2493 3248 37 16 and
2540 3253 23 11 on
2572 3248 40 16 first
2625 3246 119 23 considering
2758 3246 15 17 it

2336 3271 24 16 he
2369 3270 37 17 had
2416 3271 103 16 instructed
2529 3271 39 17 him
2576 3273 20 15 to
2603 3271 62 22 punch
2672 3271 43 16 four
2721 3269 52 17 holes

2336 3294 20 17 in
2366 3293 134 18 commutative
2508 3294 68 17 tickets
2584 3294 19 17 in
2614 3294 44 16 sift'h
2668 3299 56 11 cases.
2743 3292 30 18 On

2337 3317 75 16 further
2416 3316 143 21 consideration,
2563 3317 92 20 however,
2663 3317 23 16 he
2691 3316 83 21 thought

2337 3340 43 17 that
2388 3346 21 10 as
2416 3346 35 10 one
2460 3340 62 18 punch
2532 3340 20 17 of
2560 3340 32 17 the
2601 3340 45 18 card
2654 3339 120 22 represented

2337 3369 24 11 an
2372 3363 88 21 ordinary
2469 3363 52 19 bath,
2532 3366 37 14 two
2578 3363 85 23 punches
2672 3362 68 17 should
2751 3362 23 17 be

2337 3386 33 17 the
2374 3386 106 22 equivalent
2486 3387 28 16 for
2517 3393 10 10 a
2531 3387 73 21 private
2609 3387 54 16 bath.
2673 3386 59 17 There
2736 3391 38 10 was

2337 3409 50 17 little
2395 3408 99 18 difference
2502 3410 84 16 between
2595 3410 33 16 the
2640 3415 41 11 new
2691 3408 36 18 and
2742 3408 32 17 the

2338 3433 31 16 old
2381 3433 73 21 private
2469 3429 71 21 Rachel
2554 3433 55 16 baths
2626 3433 67 21 except
2705 3432 20 16 in
2741 3431 33 17 the

2338 3455 69 23 charge
2413 3455 36 17 and
2456 3455 23 17 he
2487 3455 98 23 proposed,
2595 3457 19 16 at
2625 3462 10 10 a
2644 3456 42 17 cost
2691 3454 21 18 of
2715 3454 58 18 about

2338 3478 44 21 3O,
2400 3480 21 15 to
2435 3480 32 19 pet
2480 3479 32 16 the
2526 3485 40 10 new
2580 3479 56 16 baths
2652 3478 52 17 filed.
2729 3477 45 17 This

2338 3501 64 17 would
2411 3502 54 16 make
2474 3502 52 16 them
2535 3502 86 16 different
2630 3503 20 16 to
2661 3501 33 17 the
2712 3500 62 17 others

2338 3525 38 17 and
2393 3525 67 16 render
2477 3525 51 17 them
2543 3530 51 12 more
2606 3524 106 17 attractive.
2743 3523 31 17 He

2338 3547 84 22 thought
2431 3548 32 17 the
2480 3547 127 18 Government
2624 3547 63 21 might
2705 3546 25 17 be
2743 3546 20 17 in-

2338 3570 61 17 duced
2422 3572 20 15 to
2461 3570 94 18 authorise
2569 3570 33 17 the
2614 3568 124 25 expenditure
2755 3568 19 18 of

2338 3594 43 16 that
2390 3595 85 15 amount.
2500 3594 19 16 It
2532 3600 38 10 was
2586 3593 85 17 resolved
2686 3593 42 16 that
2742 3592 32 16 the

2338 3617 47 17 bath
2395 3617 109 16 attendants
2513 3617 67 16 should
2587 3617 22 16 be
2616 3615 105 18 instructed
2727 3621 21 11 as
2754 3616 20 16 to

2338 3640 33 17 the
2379 3644 42 13 new
2431 3641 132 21 arrangement
2571 3640 19 16 in
2606 3639 69 23 regard
2689 3640 20 15 to
2723 3644 39 11 com-

2339 3663 91 17 mutative
2441 3662 73 18 tickets.

2362 3686 32 16 Mr
2402 3686 75 20 Dansey
2496 3685 57 17 asked
2566 3686 15 16 if
2594 3685 15 17 it
2623 3685 64 17 would
2701 3685 35 16 not
2752 3684 22 17 be

2338 3709 82 22 possible
2431 3710 21 16 to
2465 3709 47 16 have
2528 3709 81 16 showers
2622 3708 20 17 in
2655 3708 33 17 the
2702 3707 72 23 private

2338 3731 71 18 baths?
2423 3732 17 16 It
2454 3732 93 21 appeared
2560 3732 43 16 that
2616 3731 110 17 attendants
2741 3730 22 17 ob-

2338 3754 62 23 jected
2409 3756 21 16 to
2438 3754 76 17 bathers
2522 3754 84 22 walking
2614 3754 59 21 along
2686 3754 32 18 the
2731 3760 33 15 pas-

2339 3784 45 16 sage
2393 3779 20 15 to
2421 3778 48 16 have
2478 3783 10 11 a
2498 3777 71 17 shower
2578 3779 49 15 after
2639 3777 50 18 their
2703 3777 73 22 private

2338 3801 45 18 bath
2393 3800 64 18 unless
2466 3801 44 21 they
2519 3800 41 17 first
2569 3801 75 16 dressed
2656 3800 118 17 themselves.

2338 3824 45 17 This
2392 3824 24 16 he
2424 3824 84 21 thought
2516 3829 38 11 was
2563 3824 75 19 absurd,
2649 3830 19 10 as
2678 3823 32 17 the
2717 3823 57 16 nan's

2338 3847 76 22 portion
2423 3852 38 11 was
2470 3847 79 22 entirely
2559 3848 54 21 apart
2628 3848 48 16 from
2691 3847 32 15 tbo
2736 3851 26 11 wo-

2339 3871 65 16 men's,
2413 3870 36 17 and
2458 3869 82 23 anyhow
2549 3870 15 17 it
2574 3876 38 11 was
2621 3871 33 16 not
2666 3871 20 15 to
2699 3869 24 16 be
2730 3874 33 16 sup-

2338 3893 58 23 posed
2405 3893 42 16 that
2455 3893 45 22 they
2509 3893 63 17 would
2581 3899 25 15 go
2615 3893 58 20 along
2686 3892 33 16 the
2731 3897 33 16 pas-

2339 3922 54 17 sages
2402 3916 19 17 in
2430 3922 12 11 a
2450 3917 48 16 state
2507 3916 19 17 of
2534 3916 74 22 nudity.
2627 3916 38 16 The
2674 3914 100 18 Chairman

2340 3939 61 17 staled
2410 3940 43 16 that
2461 3939 53 17 there
2523 3939 67 17 should
2604 3939 24 16 be
2641 3944 24 11 no
2681 3937 93 23 objection

2338 3964 21 16 to
2368 3963 45 17 such
2422 3968 11 11 a
2442 3968 70 11 course.
2538 3962 19 17 It
2565 3968 39 11 was
2612 3961 32 18 the
2653 3961 41 16 first
2707 3960 22 17 he
2738 3960 37 17 had

2338 3986 58 16 heard
2406 3986 20 16 of
2434 3986 20 16 it.
2480 3985 19 16 If
2512 3985 77 16 bathers
2604 3984 70 17 wished
2688 3985 20 15 to
2722 3982 52 18 make

2338 4015 33 10 use
2380 4009 20 17 of
2409 4008 32 17 the
2450 4008 72 16 shower
2529 4008 19 16 in
2557 4008 33 16 the
2603 4007 70 17 Rachel
2687 4007 50 16 Bath
2752 4012 21 10 or

2339 4032 32 16 the
2380 4031 73 17 douche
2461 4031 20 17 at
2489 4031 33 16 the
2531 4031 75 16 Priest's
2616 4030 45 21 they
2670 4029 68 17 should
2752 4029 23 16 lie

2338 4054 80 17 allowed
2432 4055 20 15 to
2463 4054 24 16 do
2501 4059 26 11 so.
2560 4054 28 15 Dr
2602 4052 81 18 Ginders
2696 4052 40 17 said
2752 4052 24 17 he

2339 4077 62 17 would
2411 4077 42 21 give
2462 4076 32 17 the
2505 4076 110 17 attendants
2629 4076 32 17 the
2677 4081 99 16 necessary

2338 4100 128 17 instructions.
2491 4099 31 17 He
2531 4099 39 17 also
2582 4099 84 21 thought
2681 4099 15 16 it
2713 4098 63 17 would

2338 4123 22 17 be
2370 4122 96 17 advisable
2474 4123 20 16 to
2503 4122 22 17 fit
2533 4128 26 15 up
2573 4122 81 17 showers
2669 4121 20 18 in
2703 4127 36 12 one
2755 4127 21 12 or

2794 109 38 15 two
2841 109 19 15 of
2869 109 31 15 the
2909 109 72 22 private
2991 110 61 17 baths.

2817 131 39 16 The
2864 131 101 17 Chairman
2974 132 81 22 though!
3068 134 10 17 il
3090 141 17 9 .:
3118 137 14 15 -..]
3143 131 2 23 .

2794 155 20 15 to
2824 153 42 22 give
2874 160 11 11 a
2894 156 81 16 contract
2989 155 28 18 for
3026 157 31 15 '!;;

2794 177 52 17 town
2852 176 42 18 belt
2900 177 27 23 by
2934 178 88 18 Amohau
3031 179 35 18 Stri
3101 181 53 19 down
3161 185 20 17 to
3191 186 12 18 tl

2794 199 41 17 like
2845 206 19 9 s.i
2873 200 41 18 that
2928 201 32 17 the
2974 203 74 20 ground
3063 204 60 22 might
3138 199 3 27 I

2793 223 59 22 raady
2860 225 25 20 by
2891 226 48 15 next
2946 224 71 24 Spring
3027 225 49 18 fort]

2793 250 54 15 trees,
2857 246 19 17 in
2894 247 32 16 the
2940 253 50 12 same
3005 254 77 12 manner
3096 257 18 9 .:-
3130 253 8 13 !,

2793 268 49 18 done
2862 269 45 17 with
2929 270 32 17 tin:
2979 271 77 23 railway
3073 273 98 20 enclosure.
3203 269 9 27 ;'

2794 292 62 16 would
2866 296 32 13 not
2907 297 37 12 cos;
2956 301 11 9 ;.
2977 297 50 19 great
3045 290 33 23 ieal

2816 314 32 18 Mr
2855 315 60 18 Brenc
2922 316 60 18 asked
2988 317 17 17 if
3012 317 33 18 the
3061 318 48 18 2OO
3125 322 33 16 voV
3173 314 2 26 !
3194 314 2 26 ,

2793 338 33 17 the
2834 338 97 17 extension
2940 339 20 16 of
2968 340 33 17 the
3011 342 57 17 Water
3078 342 57 18 mains
3212 338 3 29 ,

2793 361 80 22 entirely
2892 362 114 22 inadequate
3029 365 29 16 for
3074 365 32 18 the
3124 372 55 18 purpo

2793 384 55 16 could
2857 386 32 14 not
2899 384 22 18 be
2931 385 74 19 utilised
3015 387 19 16 in
3049 389 104 24 conveying
3168 399 9 8 \.
3195 402 21 10 ~.,.

2793 409 20 15 to
2822 407 32 17 the
2862 407 117 18 Postmaster
2988 409 55 17 Bath.
3069 411 101 21 Thiswasa

2793 435 97 18 necessaiy
2898 437 49 10 won
2957 432 37 16 and
3004 439 35 10 one
3048 434 41 17 that
3099 435 64 19 should
3177 432 4 25 I
3189 432 2 25 ,-
3200 437 16 20 ',.

2793 453 45 17 been
2848 453 47 17 done
2904 454 46 21 long
2959 461 42 14 ago.
3027 456 32 17 Mi-
3068 456 81 25 Malfroy
3164 463 23 16 sta
3199 464 16 16 ed

2793 476 41 17 that
2844 477 32 16 the
2885 479 50 15 2OO
2944 478 56 18 voted
3009 484 38 13 was
3052 479 59 24 being
3115 482 46 18 used
3165 484 19 17 in
3190 486 26 19 the

2793 500 126 17 construction
2937 501 20 16 of
2972 501 33 17 the
3022 503 79 21 settling
3116 505 28 21 pit
3160 509 19 15 at
3191 509 27 19 the

2793 523 89 16 reservoir
2890 523 38 17 and
2941 524 55 17 other
3009 526 58 17 work.
3092 527 38 17 The
3146 531 70 19 settline

2793 546 28 20 pit
2831 551 36 11 was
2876 546 54 18 much
2941 547 81 19 wanted.
3048 550 31 16 Mr
3088 550 58 19 Brent
3154 553 51 19 admit-

2793 568 31 16 ted
2841 568 42 17 that
2899 569 33 17 the
2948 570 52 16 work
3017 572 63 17 would
3095 573 24 17 be
3135 574 19 18 of
3170 581 14 12 m
3210 583 6 7 >.

2793 591 106 22 advantage
2907 592 33 17 but
2950 593 83 22 thought
3043 595 14 16 it
3066 602 10 10 a
3085 597 42 22 pity
3139 598 40 17 that
3191 602 26 16 the

2793 618 134 18 requirements
2946 616 20 16 of
2982 616 33 17 the
3029 618 130 20 Postmaster's
3175 622 41 20 Bath

2793 637 54 16 could
2856 639 34 15 not
2898 638 23 16 be
2931 640 89 17 attended
3030 643 19 15 to
3058 641 46 18 also.

2817 660 17 17 It
2845 666 36 11 was
2890 661 84 18 resolved
2983 664 20 15 to
3015 663 50 18 have
3078 665 32 17 the
3124 666 53 18 block
3191 669 17 19 be-

2793 683 59 18 tween
2861 684 86 17 Amohau
2954 686 37 16 and
2999 686 72 19 Eruera
3078 688 70 19 Streets
3154 691 63 21 cleared

2792 712 20 10 as
2825 708 100 20 suggested
2941 708 18 16 in
2975 709 94 19 readiness
3086 712 30 16 for
3131 713 31 17 the
3176 715 33 19 tree-

2793 729 88 23 planting
2887 730 20 18 in
2916 731 32 17 the
2958 732 75 21 (Spring.
3043 733 94 19 Mrrcnf.
3144 736 73 21 thoudit

2793 752 41 17 that
2843 752 43 17 blue
2899 760 55 15 gum--
2968 755 68 18 should
3050 757 23 16 be
3086 758 65 21 placed
3167 760 45 20 there

2792 774 79 25 Though
2881 779 32 15 not
2923 784 11 10 a
2947 778 103 19 handsome
3063 781 39 17 tree
3119 781 44 23 they
3179 789 39 15 were

2793 799 100 17 conducive
2901 802 20 14 to
2930 800 71 18 health.

2817 822 17 17 It
2845 828 36 11 was
2891 824 84 17 resolved
2988 826 20 15 to
3023 826 57 21 again
3094 828 52 17 write
3159 829 19 17 to
3192 832 26 17 the

2793 844 125 19 Government
2928 847 18 16 in
2955 847 33 20 the
2994 850 71 17 matter
3069 849 21 19 of
3093 849 53 19 John
3150 851 69 23 Smith's

2793 867 113 24 application
2916 870 29 16 for
2953 871 58 17 relief.

2816 891 38 17 The
2870 893 92 17 members
2979 894 45 18 then
3040 896 104 21 proceeded
3160 899 19 16 to
3194 901 25 16 the

2793 914 136 19 consideration
2944 917 20 16 of
2977 917 33 17 the
3026 917 82 24 byelaws
3122 920 57 19 under
3194 923 25 19 the

2793 937 47 17 local
2855 938 62 17 Board
2931 940 20 16 of
2965 940 71 18 Health
3054 942 38 17 anil
3108 943 54 18 made
3177 952 12 15 g
3191 954 18 10 uo
3210 948 8 17 .l

2793 966 86 16 progress
2888 962 45 17 with
2942 962 33 18 the
2984 969 56 12 same.

2896 1016 224 16 TAUPO.

2826 1060 66 22 [FI'.OM
2906 1065 40 14 OTJB
2958 1067 46 12 OWN
3013 1067 182 22 COMIESrO.VBEXT.]

2816 1091 58 16 Const.
2885 1091 87 17 Berriman
2993 1094 75 16 arrested
3086 1100 9 10 a
3112 1101 38 11 man
3167 1100 52 16 named

2795 1112 85 16 Saunders
2890 1117 17 11 at
2917 1114 86 16 Atiaxr.uri
3013 1120 21 11 on
3048 1116 80 20 Tuesday
3142 1119 32 15 last
3186 1126 32 11 una

2794 1134 63 18 charge
2866 1134 17 14 of
2893 1133 130 25 honjestealipff,
3046 1137 87 17 Saunders
3143 1143 33 12 was
3184 1142 33 14 Mil,.

2796 1156 88 20 Ffquently
2892 1155 78 21 brought
2977 1161 24 17 up
3009 1157 58 18 before
3082 1159 29 16 Mr
3124 1160 28 16 W.
3166 1160 48 19 Noble

2794 1176 34 16 J.l'
2838 1176 3 23 ,
2851 1176 33 16 iind
2894 1177 90 17 remanded
2994 1181 16 13 to
3024 1178 106 19 Falraeraton
3139 1180 59 19 North.

2817 1197 68 17 Winter
2894 1198 13 15 is
2915 1204 38 9 now
2961 1204 47 15 upon
3022 1205 25 13 us,
3063 1201 32 16 and
3109 1202 27 16 for
3156 1208 9 10 a
3182 1205 38 17 week

2796 1221 38 19 past
2845 1219 14 16 it
2871 1219 31 15 has
2918 1220 59 15 rained
2993 1220 74 22 heavily.
3093 1223 26 16 On
3134 1223 62 23 Friday
3210 1227 10 16 it

2797 1246 33 10 was
2840 1240 86 16 remarked
2936 1242 21 19 by
2967 1242 65 16 several
3046 1244 37 16 that
3100 1244 41 21 they
3157 1246 32 15 had
3204 1253 16 12 no

2797 1261 105 16 recollection
2912 1263 18 14 of
2938 1263 59 16 sctimr
3006 1269 18 10 i-o
3033 1263 44 18 little
3087 1270 47 11 snow
3143 1272 21 10 on
3180 1267 40 17 Bum

2796 1282 51 22 pehu,
2855 1281 33 18 but
2897 1288 21 11 on
2936 1284 86 21 Silurday
3038 1288 30 14 not
3084 1288 40 19 only
3141 1293 34 10 was
3191 1290 29 17 i1,,,t

2796 1304 91 17 m<ttutain
2897 1305 71 16 covered
2986 1307 31 14 but
3033 1307 35 15 also
3193 1312 26 16 and

2796 1326 101 21 Tongariro.
2920 1326 37 16 The
2972 1327 48 16 sisht
3038 1333 35 11 was
3088 1330 46 20 truly
3150 1336 10 9 a
3174 1333 46 19 grand

2795 1352 38 14 one,
2843 1347 91 21 especially
2942 1353 21 10 on
2981 1348 77 23 Sunday,
3075 1350 48 18 when
3140 1352 28 15 the
3184 1353 15 15 K
3205 1355 10 14 li-

2796 1373 87 12 raanawas
2890 1369 36 14 also
2937 1374 43 11 were
2994 1371 58 19 tipped
3069 1372 40 15 with
3128 1373 57 19 white,
3194 1376 26 15 and

2798 1390 40 15 with
2847 1387 29 19 the
2885 1395 30 10 sun
2925 1390 96 20 glistening
3030 1397 44 15 upon
3091 1393 29 16 the
3134 1395 85 18 snow-chic!

2796 1411 52 21 peaks
2855 1411 35 16 and
2897 1411 30 16 the
2933 1411 68 17 column
3010 1412 19 17 of
3043 1416 54 13 steam
3114 1415 54 19 rising
3185 1416 36 18 from

2796 1432 94 19 Ngaruhoe
2898 1437 10 11 a
2916 1435 45 14 most
2969 1432 80 19 effective
3059 1435 68 21 picture
3142 1442 33 11 was
3192 1438 21 17 dis-

2796 1454 54 16 closed
2860 1457 17 13 to
2887 1458 47 11 view.

2818 1475 36 16 The
2862 1481 29 10 s.s.
2904 1477 6 12 I
2916 1474 66 17 auhara
2990 1477 95 20 completed
3094 1477 29 17 her
3133 1479 32 16 last
3180 1486 30 10 sum-

2797 1502 35 11 raer
2840 1496 35 18 ttin
2882 1502 22 10 on
2914 1495 64 21 Friday
2987 1497 35 17 atd
3029 1498 15 16 is
3057 1504 39 11 now
3113 1500 34 16 laid
3163 1506 23 16 up
3201 1503 20 16 fur

2797 1519 29 14 the
2843 1518 74 16 Winter.
3093 1521 56 19 jreniul
3165 1528 31 10 owi
3202 1529 19 14 er,

2797 1538 114 18 basalsohad
2918 1540 19 15 to
2944 1538 30 22 lay
2981 1541 89 21 upowing
3086 1546 17 11 to
3119 1538 100 27 rtiumaiiani,

2796 1561 33 15 and
2839 1561 49 15 inuoli
2898 1561 94 21 sympathy
3000 1561 15 16 is
3022 1563 91 20 expressed
3129 1565 27 14 for
3164 1564 38 18 him.

2819 1585 9 12 A
2843 1588 36 9 new
2890 1586 59 16 geyser
2960 1582 31 15 has
3007 1585 106 16 commenced
3130 1587 89 20 operations

2796 1607 16 11 at
2824 1602 86 18 Walrakei
2918 1612 8 2 -
2934 1608 8 10 a
2952 1603 41 15 mud
3001 1606 117 19 geyserand
3128 1611 9 11 a
3153 1613 37 15 very
3200 1609 14 16 in-

2797 1626 83 16 tprestinit
2887 1630 38 13 one,
2949 1623 18 16 It
2974 1625 13 14 is
3000 1625 16 16 in
3032 1631 9 10 a
3057 1627 33 15 line
3107 1625 74 20 Between
3198 1630 23 16 the

2797 1646 51 16 Gieat
2860 1645 86 17 Wairakei
2959 1645 33 16 and
3008 1646 79 22 K.r.ipiti
3103 1649 58 16 's'enm
3175 1650 44 16 blow.

2798 1667 49 18 hoe).
2871 1667 43 17 This
2921 1666 63 17 should
2992 1672 52 16 prove
3061 1674 20 11 an
3099 1669 92 18 additional
3198 1676 15 12 at-

2797 1688 4 26 t
2805 1689 63 15 morion
2880 1693 16 11 to
2905 1689 38 16 that
2956 1688 44 16 Vale
3008 1689 18 16 of
3036 1689 85 18 Wonders
3132 1692 34 16 and
3181 1693 32 21 plea-

2796 1714 37 12 sant
2843 1709 57 17 health
2911 1709 59 17 it-M.it.

2819 1731 72 16 Genual
2909 1731 4 22 I
2917 1736 48 16 egret
2980 1733 14 15 ia
3010 1734 89 19 expressed
3116 1736 18 14 nt
3149 1735 28 15 tho
3193 1736 28 16 lute

2799 1752 124 17 Poat-masterV
2932 1753 68 16 further
3009 1753 72 18 trouble.
3099 1756 36 15 The
3143 1759 78 14 witnesses

2798 1775 33 14 will
2840 1780 22 14 go
2874 1777 18 13 to
2899 1774 93 17 Auckland
3000 1775 18 16 in
3026 1776 29 16 the
3069 1782 58 11 conrse
3144 1778 35 16 i,fa
3194 1778 27 17 few

2796 1796 20 15 da
2819 1800 24 13 vs.

2888 1818 46 15 trout
2940 1822 28 10 aie
2975 1819 18 13 to
3001 1818 20 16 be
3026 1823 38 11 seen
3073 1819 16 15 in
3096 1819 28 17 the

2796 1843 21 11 o:i
2827 1838 28 17 the
2865 1839 79 16 bitul;sof
2951 1839 30 16 the
2989 1839 51 17 river.
3064 1841 18 15 It
3097 1846 53 10 seems
3166 1847 9 11 a
3190 1843 31 20 pity

2796 1860 35 16 that
2885 1865 32 10 one
2925 1862 41 14 does
2974 1863 30 13 not
3013 1867 27 9 see
3050 1864 17 13 to
3077 1862 44 15 their
3130 1862 89 18 liberation.

2798 1882 61 16 Where
2879 1887 14 9 is
2916 1882 28 14 tho
2971 1882 149 17 Acclimatisation
3148 1883 73 22 Society?

2798 1902 53 17 Could
2860 1903 40 21 they
2917 1906 27 13 not
2963 1903 49 16 enlist
3028 1903 29 17 the
3064 1905 105 21 sympathies
3184 1907 17 15 of
3214 1912 7 11 a

2796 1924 115 21 pi-CHicrially
2921 1923 73 17 inclined
3005 1925 74 17 resident
3090 1932 17 10 an
3116 1927 47 15 there
3172 1927 49 19 might

2797 1947 19 14 be
2824 1952 45 9 Mime
2878 1952 64 14 uuiiyt-r
2958 1947 19 14 of
2993 1948 29 14 the
3038 1947 66 16 UUtivds
3118 1949 61 19 taking
3196 1949 23 16 the

2795 1973 58 15 young
2862 1967 7 15 f
2880 1972 16 16 y.

2817 1989 36 15 'J'he
2869 1993 73 15 average
2963 1988 56 16 t-choo]
3036 1992 40 14 nttei
3085 1990 52 17 dance
3158 1990 25 17 for
3198 1990 23 18 the

2796 2013 37 17 past
2862 2015 70 16 quarter
2951 2012 80 15 amounts
3057 2014 17 13 fn
3097 2015 17 12 -Jt
3138 2012 32 16 and
3197 2013 23 16 the

2796 2031 66 21 highest
2871 2030 103 18 attendance
2983 2034 18 13 to
3010 2033 27 15 '2S.
3061 2033 41 15 This
3110 2034 14 15 is
3132 2039 38 12 very
3181 2034 38 19 good

2795 2053 107 20 considering
2911 2052 29 17 the
2958 2053 31 16 few
3005 2052 75 18 families
3095 2055 16 15 in
3128 2055 30 15 the
3173 2056 48 20 plate.

2795 2074 36 15 Our
2841 2079 11 11 i-i
2859 2074 68 20 spi-cted
2940 2073 67 17 teacher
3022 2075 30 15 ha.-
3068 2083 12 7 .-.
3088 2076 61 20 r-ainly
3167 2077 52 20 plenty

2794 2098 18 12 to
2821 2095 20 15 do
2848 2095 4 23 ;
2866 2096 28 16 the
2902 2095 56 15 school
2966 2096 14 14 is
2988 2097 74 15 situated
3073 2098 15 14 in
3099 2104 10 9 a
3121 2098 47 15 bleak
3177 2098 32 20 posi-

2794 2117 41 21 tion,
2845 2117 31 14 and
2890 2117 63 19 during
2963 2117 28 15 the
3010 2121 61 12 winter
3086 2118 28 15 the
3131 2119 89 20 prevailing

2794 2138 54 15 winds
2864 2137 49 17 make
2929 2137 29 17 the
2974 2139 71 15 interior
3062 2144 40 16 very
3118 2139 101 22 unpleasant.

2795 2159 34 16 The
2838 2159 80 19 building
2925 2160 14 15 is
2947 2160 27 15 old
2980 2161 34 14 ami
3022 2163 54 14 wants
3081 2161 55 16 either
3144 2161 77 21 complete

2794 2180 98 17 renovation
2916 2186 18 10 or
2954 2182 89 20 replacing
3059 2182 23 21 by
3097 2188 10 10 a
3123 2182 98 17 substantial

2793 2202 33 15 and
2836 2207 59 15 proper
2904 2200 117 19 schooihunse.

2798 2252 420 44 CABLEGRAMS

2816 2330 91 20 London,
2917 2331 59 21 April.
2988 2331 92 18 21.The
3092 2332 70 22 barque
3172 2333 47 16 Firth

2793 2353 20 18 of
2821 2352 80 24 Solway,
2912 2354 64 17 bound
2986 2354 48 19 from
3044 2355 88 23 Glasgow
3142 2357 19 16 to
3173 2356 34 17 Dun-

2792 2376 48 21 edin,
2851 2377 79 17 collided
2940 2377 45 18 witE
2994 2384 11 11 a
3016 2379 80 17 steamer
3103 2378 104 18 nearGreen-

2792 2397 35 20 ock
2834 2399 38 18 and
2881 2400 52 18 sank.
2960 2401 88 18 Thirteen
3056 2401 21 18 of
3084 2402 33 17 tie
3131 2407 48 12 crew
3187 2401 31 18 and

2791 2423 32 18 the
2830 2424 91 22 captain's
2928 2424 42 17 wife
2977 2425 38 16 mid
3022 2424 50 19 child
3079 2424 142 19 woiedrowned.-

2791 2444 39 20 The
2839 2446 75 23 captain
2922 2447 39 17 and
2969 2448 53 20 eight
3031 2448 63 17 others
3103 2453 47 12 were
3162 2448 56 18 saved.

2815 2470 26 16 At
2849 2469 70 19 Lisbon
2929 2477 9 9 a
2949 2470 109 24 gentleman
3067 2471 37 18 and
3120 2472 28 16 his
3157 2471 51 19 coach-

2791 2498 43 12 man
2841 2493 47 16 have
2895 2493 46 17 been
2948 2494 58 17 killed
3012 2494 25 22 by
3043 2500 10 11 a
3060 2494 95 23 dynamite
3160 2494 58 18 bomb.

2815 2516 84 21 Berlin,
2917 2517 55 21 April
2989 2512 92 23 20.Tin*'
3098 2516 118 19 Government

2791 2538 48 19 have
2847 2539 78 18 decided
2933 2541 21 16 to
2962 2540 93 23 purchase
3072 2541 47 18 from
3137 2540 32 18 the
3177 2540 31 19 Ger-

2792 2568 42 12 man
2846 2563 46 17 New
2902 2563 73 18 Guinea
2985 2564 39 19 Co.,
3034 2564 25 16 its
3068 2564 88 23 territory
3164 2564 19 17 in
3192 2564 27 18 the

2791 2586 60 17 island
2860 2585 29 19 for
2898 2587 77 19 500,000
2985 2587 67 17 marks.

2815 2609 69 20 Caiho,
2895 2610 53 22 April
2958 2611 27 16 21.
2988 2610 114 17 Disorder
3115 2611 15 16 is
3139 2610 81 23 reported

2792 2632 47 18 from
2853 2632 123 19 Oindurman.
3010 2632 39 19 The
3056 2633 95 18 Khalifa's
3166 2633 43 23 body-

2792 2655 59 24 guard
2861 2657 98 21 quarreled
2974 2657 37 16 and
3028 2657 18 16 in
3056 2664 11 9 a
3082 2657 49 18 fiirht
3148 2657 21 17 50
3179 2663 18 10 w.
3206 2661 14 13 re

2791 2679 62 17 killed.

2814 2702 39 17 The
2861 2702 53 17 Emir
2922 2703 20 16 of
2952 2703 70 16 Berber
3034 2703 34 18 has
3086 2705 39 15 sent
3140 2704 34 17 400
3183 2709 36 12 men

2792 2728 19 14 to
2821 2724 82 18 Korosco
2921 2726 38 16 and
2976 2726 65 18 Muraf
3058 2727 63 20 Wells,
3139 2727 37 17 and
3192 2726 28 18 has

2791 2748 39 18 also
2835 2748 105 18 reinforced
2950 2748 70 19 Osman
3030 2749 69 24 Digna.

2816 2771 119 22 Capetown,
2944 2772 55 23 April
3129 2773 58 17 Boers
3195 2778 25 11 arc

2792 2796 65 16 within
2867 2797 21 14 2.1
2898 2796 53 16 miles
2960 2796 20 16 of
2988 2796 105 22 Mafekeng
3101 2796 49 17 their
3164 2796 54 22 object

2791 2818 15 17 is
2822 2818 102 23 ostensibly
2941 2820 21 16 to
2978 2820 79 21 prevent
3075 2820 32 16 the
3124 2818 65 24 spread
3205 2818 16 18 of

2793 2841 101 23 rinderpest
2906 2842 32 16 but
2950 2842 45 23 they
3009 2848 31 12 ore
3054 2843 58 22 really
3125 2842 95 23 preparing

2792 2865 29 16 for
2829 2871 24 10 an
2862 2871 113 17 emergency
2979 2865 20 18 ia
3006 2872 41 10 0.-*se
3054 2866 32 17 the
3093 2865 59 23 rising
3156 2871 65 17 among

2792 2888 31 17 the
2832 2888 72 17 natives
2915 2889 83 16 becomes
3007 2888 82 24 general.

2816 2911 63 23 Major
2895 2911 114 24 Carrington
3023 2912 44 18 sails
3082 2912 48 17 from
3147 2911 75 19 London

2793 2935 29 16 for
2830 2934 103 23 Capetown
2942 2941 24 10 on
2976 2935 100 23 Saturday.

2816 2958 38 16 The
2860 2956 59 19 rebels
2928 2964 32 11 are
2976 2958 77 23 raiding
3068 2958 57 17 cattle
3142 2958 48 17 close
3204 2959 16 15 to

2793 2980 110 23 Buluwayo.
2941 2981 74 18 Several
3039 2982 57 23 sharp
3121 2981 100 18 skirmishes

2793 3004 47 16 have
2849 3004 56 17 taken
2915 3005 53 21 place
2977 3005 36 17 but
3022 3005 33 17 the
3063 3005 74 22 Laager
3146 3011 19 10 so
3175 3005 26 17 far
3209 3003 11 17 is

2794 3027 134 23 impregnable.
2961 3027 57 18 What
3034 3028 15 17 is
3066 3029 50 16 most
3133 3027 61 18 feared
3209 3027 13 16 is

2793 3050 96 23 treachery
2898 3052 47 15 from
2955 3051 73 16 within.

2816 3073 105 22 Buluwayo
2939 3074 15 16 is
2979 3074 114 22 completely
3112 3072 110 19 surrounded

2794 3097 36 15 n7id
2839 3097 26 16 tin
2869 3096 2 23 1
2881 3096 43 18 food
2934 3097 83 22 supplies
3027 3097 53 17 there
3093 3097 38 17 will
3147 3096 75 22 scarcely

2793 3119 36 17 last
2838 3124 11 12 a
2858 3119 101 23 fortnight.

2818 3142 109 22 PRETORIA,
2935 3143 53 23 April
2996 3144 151 16 21.President
3154 3143 56 22 Krugi
3218 3147 5 11 r

2794 3165 34 18 has
2835 3167 43 16 sent
2885 3172 27 11 an
2919 3166 93 18 amiceble
3018 3166 54 23 reply
3087 3169 20 14 to
3115 3166 32 17 Mr
3159 3166 61 18 Chain-
3220 3165 2 24 1

2794 3188 88 19 berlain's
2891 3195 86 17 message
2985 3190 36 16 but
3030 3190 33 16 the
3069 3190 67 16 details
3142 3189 46 17 have
3195 3189 27 17 not

2795 3212 46 17 been
2850 3212 97 22 divulged.

1206 38 59 21 THE
1293 40 57 20 HOT
1377 40 93 20 LAKES
1500 40 172 24 CHRONICLE,
1700 41 191 25 WEDNESDAY,
1920 42 88 20 APRIL
2035 45 32 21 22,
2085 44 50 17 IS9O.

329 268 348 38 ROTORUH.

324 437 128 24 (Formerly
468 436 40 18 the
528 435 147 23 Parsonage.)

713 371 31 38 8
772 368 38 43 ft

196 532 131 21 PRIVATE
341 531 104 18 BOARD
457 529 66 19 AND
536 528 179 19 RESIDENCE.

412 574 166 21 SITUATION
591 573 210 19 UNRIVALLED,

321 681 61 23 4f
401 681 33 23 Z?.
457 676 214 26 GRIFFITHS.

510 867 293 45 Elirenfrled
817 867 121 46 Bros

653 922 142 25 BBEWERS,

588 954 107 22 ALBEET
711 954 149 25 BrtEWEKY,

529 987 38 21 QU
574 987 173 24 hiEN-STKEET,
762 987 158 20 AUCKLAND

528 1039 67 16 WINE
609 1039 49 16 AND
670 1038 81 18 SPIRIT
762 1038 155 21 MERCHANTS,

549 1066 122 18 BOTTLERS
682 1067 52 16 AND
751 1066 143 20 IMPORTERS,

592 1090 26 17 13,
634 1093 132 12 QUKKSt-mtKKT
783 1093 69 11 WUAV.V.

507 1165 22 13 At
539 1162 28 16 the
582 1162 90 17 following
688 1162 113 15 Exhibitions
816 1161 27 15 for
852 1166 31 10 our
892 1161 36 15 well-

602 1184 60 15 known
677 1183 45 16 Bulk
731 1183 32 16 and
774 1182 68 17 Bottled

618 1204 48 16 ALE
677 1204 52 16 AND
740 1204 87 16 STOUT:

506 1232 69 16 Sydney
584 1232 124 16 International
719 1231 107 18 Exhibition,
838 1232 47 16 1879.

507 1253 100 16 Melbourne
616 1251 126 18 International
750 1252 108 19 Exhibition,
868 1253 68 15 1880-81

507 1274 41 16 New
556 1274 73 17 Zealand
639 1274 206 20 LndustrialExhibition,
852 1274 75 20 Welling-

550 1301 34 12 ton.
597 1296 46 16 188.3.

505 1317 44 16 New
569 1316 73 17 Zealand
657 1317 33 15 nd
705 1318 54 15 South
772 1317 41 16 Seas
830 1315 107 18 Exhibition.

549 1338 86 17 Dnnedin.
647 1339 72 16 1889-90

507 1359 19 17 In
536 1359 76 17 addition
621 1362 18 13 to
648 1359 53 17 above
710 1360 44 16 have
772 1360 41 15 been
829 1358 79 17 awarded
922 1361 16 13 at

548 1381 104 16 Ti'Hrnaniun
686 1382 108 19 Exhibition,
822 1379 116 21 Lnunoeoton,

550 1403 78 17 18l-32.

591 1434 57 15 FIVE
660 1434 71 15 FIRST
748 1434 105 15 AWARDS

706 1460 14 11 r>
724 1460 15 12 in

509 1477 68 16 BULK
588 1476 110 17 BOTTLED
715 1477 57 16 ALES
790 1476 51 16 AND
860 1475 76 18 SToUT

592 1519 252 33 CHAMPIONSHIP

534 1557 65 24 Gold
613 1557 85 23 Medal
708 1558 29 22 of
747 1557 167 23 Australasia

611 1601 71 12 AOAIN6T
694 1601 98 11 AM.COMKR3
804 1601 31 12 FOE

507 1632 90 23 BULK
611 1632 69 23 AND
700 1631 146 24 ECTTLED
861 1632 65 22 ALE

598 1684 90 16 ITavir-rii
699 1683 117 22 LarjreStook
825 1684 18 16 of

616 1710 48 16 ALE
676 1710 51 16 AND
740 1709 83 20 STOUT,

507 1736 66 16 Mottled
582 1735 16 17 in
607 1740 51 15 qiiHrt,
668 1736 34 16 and
718 1736 38 20 pint
771 1736 67 18 bottle-*,
855 1735 82 21 Rpeoially

505 1757 65 16 brewed
580 1757 26 16 for
614 1758 28 15 the
652 1763 74 10 Hummer
735 1757 54 18 trade,
801 1756 54 17 which
864 1762 27 10 re
900 1762 36 10 now

505 1778 104 21 thoroughly
616 1779 85 18 matured,
715 1784 31 10 can
761 1778 42 16 with
818 1783 50 14 every
883 1778 44 16 confi-

504 1800 51 16 dence
567 1799 105 17 recommend
689 1805 46 11 name
752 1803 17 12 to
783 1804 120 11 connoisseur*
919 1805 18 9 us

503 1821 61 16 second
573 1823 17 14 to
599 1826 43 11 none
653 1822 15 15 iti
679 1821 29 16 the
717 1822 71 15 Colony.

593 1877 248 44 NOTICE.

505 1950 196 33 FRANKTON
727 1950 207 33 JUNCTION

721 2044 27 24 by
765 2043 53 20 train
834 2046 20 15 to
870 2043 63 19 Auok.

693 2070 54 18 Intnl.

504 2119 157 26 TRAINS
670 2120 28 24 st
703 2125 38 26 op
747 2118 43 26 20
797 2118 138 26 minutes

513 2164 21 16 at
541 2161 34 19 the
584 2159 105 21 Frankton
696 2159 98 21 Junction
803 2160 32 18 for
844 2159 77 19 dinner.

526 2187 43 19 Tlio
593 2185 136 26 undersigned
758 2186 37 18 lias
827 2185 108 20 first-class

500 2213 65 19 Menls
578 2213 61 24 ready
650 2213 40 18 and
701 2213 71 18 served
782 2219 26 12 on
823 2211 74 20 arrival
915 2211 20 19 of

500 2239 27 19 nil
539 2240 70 18 trains.

501 2274 220 45 William
755 2272 176 54 Geaeh,

556 2340 321 23 PROPRIETOR.

501 2392 147 23 Hancock's
658 2392 97 23 XXXX
762 2391 64 24 Ales
834 2391 100 29 always

632 2425 33 16 on
676 2418 126 25 Draught.

168 968 138 19 STEAMSHIP
320 964 115 19 COMPANY
454 964 29 16 OF

76 985 8 26 J
135 992 59 18 NEW
205 989 114 19 ZEALAND
330 989 55 15 Limit,
391 988 18 16 d.

116 1029 121 16 l'H(ll'U.iW)
250 1027 91 15 DEFABI
350 1027 65 14 I'Klw

184 1060 48 15 FOR
244 1057 92 17 SYJDNKX

48 1387 163 43 nUDDAKT,
236 1383 111 20 PARKER,
369 1382 54 17 AND
445 1378 38 19 CO.

212 1408 108 24 (limited),

71 1456 97 24 Splendid,
177 1453 164 24 Well-appointed
345 1452 95 18 Steamers
443 1448 40 19 will

46 1481 24 17 be
79 1479 115 25 despatched
203 1479 49 18 from
259 1478 120 19 Auckland,
389 1481 20 11 us
424 1472 59 19 under

46 1504 92 23 (weather
153 1503 38 17 mid
210 1501 54 19 other
280 1499 144 19 circumstances
440 1501 33 18 per-

47 1526 122 21 mitting):
408 1544 11 3 _
426 1542 44 3 ___

47 1550 42 18 For
95 1541 136 27 GfSBOKNE,
238 1547 103 17 NAPIER,
350 1542 116 21 WELLING-

69 1573 57 21 TON,
138 1570 157 21 LYTTELTON,
305 1570 15 17 &
330 1566 128 21 DUNEDIN,

46 1597 109 17 Tasmania
198 1595 101 19 Tuesday,
309 1592 53 23 April
369 1591 57 21 21,12
433 1594 50 13 noon

50 1620 136 20 BuRRUMBEE,
196 1618 101 19 TUESDAY,
309 1616 45 21 May
370 1616 16 20 5,
398 1615 20 16 12
426 1618 56 12 noon.

174 1665 51 18 FOR
240 1662 111 19 SYDNEY,

92 1689 116 23 (Returning
219 1689 21 15 to
249 1685 98 19 Auckland
356 1682 79 24 Direct.)

47 1712 94 24 Carrying
161 1712 112 21 Passengers
295 1709 28 17 for
346 1708 135 18 Melbourne,

59 1736 54 18 other
118 1736 131 17 Australian
257 1733 70 19 Ports,
334 1731 39 18 and
377 1731 92 19 Hobart,

48 1764 108 16 Tasmania
205 1761 98 20 Monday,
318 1760 45 21 May
376 1759 17 20 4,
407 1760 10 15 4
435 1763 47 17 p.m.

48 1787 149 19 Burbumbeet,
208 1785 96 19 Monday,
322 1782 45 22 May
379 1784 26 17 is,
416 1783 8 15 -i
436 1786 44 17 p.m.

70 1813 32 18 All
111 1812 75 19 Tickets
192 1818 32 12 are
233 1810 90 19 available
333 1810 39 17 also
386 1810 30 16 for
425 1809 47 21 .Stop-

47 1843 44 10 ever
100 1843 21 10 or
130 1837 72 16 Return
216 1835 25 23 by
254 1834 52 17 ANY
324 1832 83 19 UNION
423 1831 59 19 CO.'S

48 1860 140 17 STEAMERS,
200 1859 36 17 nnd
244 1857 74 19 holders
327 1857 19 17 of
355 1855 66 19 U.S.S.
439 1855 43 17 Co's

47 1883 75 17 Tickets
144 1888 42 17 may
204 1881 59 18 travel
280 1881 24 22 by
325 1878 118 19 ANGLIAN
461 1883 21 12 or

47 1906 139 17 TASMANIA.

144 1935 23 17 L.
181 1935 24 16 D.
214 1933 108 18 NATHAN
335 1931 15 18 &
363 1931 46 20 CO.,

376 1955 80 22 Agents.

66 2002 148 18 ITORTHERN
242 1999 146 19 STEAMSHIP
416 1998 48 18 COM-

155 2025 77 20 PANY,
250 2023 118 18 LIMITED.

179 2069 167 19 TIME-TABLE.

43 2104 84 15 Weutlior
136 2104 33 14 find
176 2103 33 15 otln

43 2170 73 16 Leave
124 2168 142 18 AUCKLAND
280 2172 37 12 wu
332 2166 145 18 IALT-ANGA.

43 2201 95 19 Waiotahi
186 2201 62 21 Every
257 2201 85 21 Tuesday
351 2201 19 15 at
380 2203 62 17 op.m.

42 2224 120 19 Chelmsford
211 2237 11 8 ~
236 2219 6 4 *
256 2222 68 24 Friday
334 2223 19 16 at
363 2222 10 17 3
384 2227 46 18 p.m.

257 2246 113 22 Passengers
379 2245 51 21 only.

43 2281 71 17 Leave
127 2279 139 19 TAURANGA
276 2281 35 14 fob
328 2278 149 17 AUCKLAND.

182 2391 95 17 rDTHOS.
298 2389 69 18 COOK
388 2390 15 16 <fc
429 2389 48 17 SON

145 2439 25 20 ff>
221 2441 51 13 HOOK
285 2439 97 15 PASSAGES
394 2439 42 13 and

145 2464 18 10 sa
246 2464 75 14 SECURE
334 2462 78 14 BERTHS

207 2485 31 16 AT
250 2483 104 17 LOWEST
367 2481 81 19 RATES

42 2515 26 14 BY
82 2516 7 12 l
89 2513 8 9 v
98 2508 1 21 .
110 2510 15 18 &
135 2513 17 13 0.
163 2513 35 13 CO.,
209 2511 74 14 ORIENT
292 2510 35 16 CO.,
337 2509 73 14 DIRECT
419 2508 59 14 LINES

136 2535 90 16 OCEANIC,
241 2533 141 16 MESSAGERTES,

143 2560 26 15 Ov
176 2565 37 10 anv
222 2558 37 17 line
268 2563 19 10 as
297 2556 77 17 desired.

978 112 11 8 m
996 103 32 17 7
1032 103 193 17 ANTED.Double
1230 104 93 17 barrelled
1325 104 66 17 breech-

987 134 5 10 t
1005 134 7 10 r
1056 127 70 19 luitder,
1147 126 37 17 No.
1208 127 19 16 12
1244 127 51 20 bore,
1312 129 51 15 must
1380 127 22 17 be

968 149 59 22 clieap
1046 150 38 16 and
1103 150 21 15 in
1144 149 50 21 pood
1217 150 60 17 order.
1314 150 87 20 Address,

969 176 11 5 '
1070 172 119 18 Ciiroxicle
1201 172 63 18 Office.

980 219 130 23 QUEEN'S
1125 219 159 19 BIRTHDAY
1303 220 86 18 BALL.

1003 269 121 18 KOTOB.UA
1142 268 134 18 football
1292 270 74 17 club.

982 318 15 23 A
1025 318 103 19 SELFCT
1140 318 73 19 BALL
1225 318 42 19 will
1275 316 26 21 be
1313 318 60 26 given
1380 319 21 18 in

968 343 43 18 xX.
1039 344 35 19 the
1084 344 95 19 Pukeroa
1190 344 50 19 Hall
1250 351 25 12 on
1285 344 34 19 the
1340 351 49 13 even-

967 369 36 26 ing
1012 370 22 19 of

1049 395 109 24 Monday,
1178 395 58 19 25th
1256 396 61 23 May.

968 424 71 19 Under
1050 424 34 19 the
1094 425 92 24 auspices
1195 426 22 18 of
1226 425 34 19 the
1271 425 62 19 above
1340 424 60 20 Club.

1107 491 19 18 J.
1141 490 34 21 W.
1193 491 126 23 WEBBER,

1260 518 54 18 Hon.
1330 517 43 19 Sec.

1105 579 156 36 B&tikST

966 668 56 43 TE
1047 669 98 16 WHAITI
1175 668 96 17 NATIVE
1298 668 101 18 SCHOOL

1111 692 138 18 CONTRACT.

1069 738 73 19 Public
1152 738 77 19 Works
1239 738 66 22 Office,

1123 764 113 22 Auckland,
1247 765 58 24 April
1313 766 17 20 8,
1342 766 55 17 1596.

992 788 90 21 Written
1091 790 91 19 Tenders
1192 790 39 18 will
1241 790 24 18 bo
1276 791 90 18 received
1378 795 21 14 at

964 816 41 19 this
1023 817 56 18 office
1094 817 31 18 till
1144 823 53 12 noon
1214 817 22 18 of
1255 816 142 24 Wednesday,

964 843 59 25 April
1044 845 24 16 29
1088 845 54 19 next,
1164 842 33 19 for
1213 843 64 18 above
1295 843 102 19 Contract.

964 869 68 21 Plans,
1044 872 30 15 etc
1084 868 4 24 ,
1104 872 21 15 at
1137 868 48 19 Post
1203 868 76 23 Office-,
1299 868 97 24 Eotorua,

963 895 109 24 Tauranga
1095 894 39 19 and
1154 897 21 16 at
1196 894 40 19 this
1256 896 61 17 office.
1354 894 44 19 The

964 921 68 18 lowest
1043 927 22 12 or
1080 927 39 18 any
1138 920 72 19 tender
1225 924 35 15 not
1277 921 119 19 necessarily

963 947 100 25 accepted.

1017 972 78 20 CHAS.
1108 972 25 20 E.
1144 972 199 24 VICKERMANN,

1154 999 98 19 Resideut
1262 999 108 25 Engineer.

1020 1051 313 47 .AUCKLAND

976 1117 175 42 COFFEE
1192 1118 192 41 PALACE.

1017 1176 144 32 QUEEN
1183 1175 165 33 STREET,

963 1219 64 25 Also
1050 1219 109 32 opposite
1180 1218 107 26 Herald
1314 1219 84 31 Office.

994 1326 50 47 E.
1095 1327 269 55 WATERS,

1061 1397 239 25 PROPRIETOR.

1080 1472 203 27 ROTORUA

971 1510 255 25 TEMPERANCE
1253 1510 131 26 HOTEL.

1054 1548 50 18 Mrs
1118 1548 184 19 MORRISON'S

960 1579 78 16 Situated
1048 1585 16 10 in
1075 1579 29 17 the
1113 1580 32 15 Old
1154 1580 93 20 Towns).ip
1256 1581 17 14 of
1282 1579 113 25 Ohinemutn,

1007 1602 100 16 commands
1120 1607 9 9 h
1148 1601 83 20 magnifi)*
1240 1605 18 13 tit
1275 1602 42 15 view
1333 1603 19 15 of
1367 1603 29 15 tin.

960 1622 53 17 Lake,
1024 1624 29 15 the
1066 1623 58 16 native
1141 1628 26 16 pn,
1184 1623 14 14 1)'
1207 1622 4 23 i
1221 1623 30 16 inir
1266 1622 79 23 Springs,
1362 1625 33 14 and

1106 1644 68 16 Mokoi>.
1184 1644 64 17 Maud.

981 1671 68 16 Within
1058 1676 41 17 eapy
1107 1677 56 10 access
1176 1672 19 15 of
1207 1672 28 15 the
1251 1672 54 15 Ruths
1321 1672 33 15 nnd
1367 1672 29 16 the

960 1698 92 11 numerous
1061 1694 55 19 sigl>:.s
1125 1693 18 16 uf
1151 1693 93 16 iuterestin
1251 1694 28 14 the
1287 1693 96 21 neighbour-

961 1714 48 17 hood.

960 1740 200 18 First-classocommnd
1168 1741 39 16 ition
1216 1744 15 13 at
1240 1741 154 17 Mnuerateates.

982 1770 15 13 A
1007 1767 103 16 substantial
1120 1767 86 16 reduction
1217 1768 13 15 is
1239 1769 47 15 iu.de
1296 1771 17 12 to
1329 1768 66 17 weekly

959 1861 50 18 Mrs
1033 1861 167 23 MORRISON,
1231 1861 162 23 Proprietress.

515 2482 137 19 LIBRARY
665 2481 151 19 BUILDING
830 2481 91 18 FUND.

539 2545 199 26 Promenade
759 2545 142 26 Concert.

590 2587 107 24 (Weather
710 2585 137 27 permitting.)

500 2638 236 22 SANATORIUM
758 2637 175 21 GROUNDS.

559 2691 88 24 Fkiday,
664 2694 67 16 Apeil
743 2692 59 22 24th,
821 2691 54 18 1896.

526 2732 26 20 In
563 2731 32 19 aid
606 2732 21 18 of
637 2732 33 18 the
680 2731 100 24 Building
790 2730 58 18 Fund
865 2730 21 18 of
901 2729 34 19 the

501 2758 91 19 Rotorua
598 2757 73 20 Public
683 2757 88 25 Library
787 2756 39 20 and
840 2755 95 26 Reading

503 2785 70 18 Boom.

527 2811 18 18 A
554 2816 129 19 programme
693 2809 21 19 of
722 2809 68 20 choice
796 2808 65 20 music
870 2807 65 26 (vocal

501 2837 40 18 and
551 2835 153 25 instrumental)
717 2835 42 20 will
769 2835 25 18 be
804 2834 97 19 rendered
910 2841 24 10 on

501 2863 35 18 the
558 2863 65 18 above
640 2862 98 19 occasion.
778 2862 43 17 The
846 2860 90 19 Rotbrua

501 2889 98 18 Amateur
608 2888 62 19 Brass
681 2887 60 20 Band
749 2888 41 18 will
799 2887 76 19 attend.

566 2940 128 20 Collection
705 2946 25 13 at
745 2945 41 14 the
797 2939 73 19 Gates.

566 2980 30 21 By
610 2979 68 19 Order
689 2978 85 19 Concert
785 2978 124 19 Committee.

643 3049 163 35 &&^M

637 3131 168 23 NOTICE.

504 3178 33 18 TO
552 3177 92 20 SIIEEP
658 3180 17 18 &
685 3178 109 19 CATTLE
802 3176 134 21 DROVERS.

641 3231 17 19 is
668 3230 78 26 hereby
757 3231 60 25 given
828 3229 45 20 that
887 3229 53 19 Fen-

505 3251 34 21 L*
576 3260 33 16 ton
622 3258 64 18 Street
697 3257 53 19 from
769 3257 35 19 the
822 3256 61 19 Town
900 3256 26 18 Ex-

507 3283 78 17 tension
597 3286 21 16 at
628 3283 188 20 Wbakarewarewa
828 3286 20 15 to
860 3281 32 19 the
906 3282 23 18 Ks-

505 3307 87 26 planade
608 3309 41 19 will
665 3310 21 18 in
706 3310 70 18 future
794 3309 24 18 be
835 3308 66 19 closed
919 3314 21 12 a~

505 3334 70 24 gainst
590 3335 56 19 stock
663 3335 89 25 driving
768 3335 69 19 unless
853 3334 63 18 under
929 3341 11 11 a

505 3361 75 23 permit
605 3364 20 16 to
651 3361 25 19 be
707 3361 97 19 obtained
825 3361 52 18 from
907 3360 33 18 the

505 3387 127 19 authorities.
780 3397 8 9 u
800 3387 2 19 .

668 3413 32 25 By
712 3413 74 21 Order,.

669 3440 92 18 Butcrua
773 3439 59 18 Town
842 3437 72 19 Board.

531 3472 61 19 Town
602 3473 68 19 Board
681 3474 67 23 Office,
762 3473 70 19 March
843 3474 87 21 27,.189G-

528 3539 179 19 BEUNNEETON
727 3541 96 16 liELIEF
840 3541 77 17 FUND.

510 3588 219 21 SUBSCRIPTION
750 3590 56 18 Lists
829 3590 68 18 issued
915 3590 27 24 by

517 3618 19 14 -J
566 3615 34 18 the
611 3615 63 19 Town
684 3616 75 23 Board,
771 3616 20 18 in
802 3616 33 18 aid
849 3617 21 17 of
879 3615 62 19 above

506 3640 66 24 Fund,
583 3641 40 18 will
633 3642 52 18 close
696 3648 25 12 on
731 3642 35 18 the
781 3641 50 19 30th
845 3641 46 19 inst.
903 3641 38 19 and

507 3667 26 18 all
544 3673 83 18 persons
637 3667 20 19 in
667 3668 114 24 possession
801 3668 20 18 of
834 3674 54 12 same
908 3674 34 12 ure

507 3693 107 24 requested
632 3697 21 15 to
673 3693 96 19 returned
788 3693 54 19 tLeir
860 3693 44 19 lists
920 3699 22 12 as

507 3724 49 13 soon
567 3719 53 18 alter
630 3719 45 19 that
689 3719 47 19 date
754 3726 22 12 as
795 3719 88 25 possible
903 3719 39 18 and

507 3751 40 18 pa}'
558 3744 21 19 iu
590 3745 34 18 the
635 3749 83 15 amount
726 3749 20 14 to
755 3745 33 19 the
797 3745 143 25 undersigned.

699 3771 20 18 C.
739 3771 132 20 MALFROY,

672 3794 102 17 Chairman
783 3795 58 16 Town
850 3793 67 19 Board.

536 3850 66 19 NEW
615 3850 136 19 ZEALAND
767 3850 148 21 ALLIANCE.

606 3902 50 19 Rev.
675 3902 24 18 E.
719 3902 94 23 Walker,
832 3902 110 25 Lecturing

576 3928 38 18 and
626 3928 126 25 Organising
761 3929 74 24 Agent,
848 3928 40 18 will
896 3928 45 24 give

508 3960 25 12 an
545 3954 82 18 address
637 3961 25 12 on

530 3992 45 18 The
585 3992 97 19 Phesent
691 3992 99 20 Position
801 3999 24 12 oe
834 3998 41 13 the
886 3992 42 19 Tem-

508 4024 92 13 teuance
607 4018 122 19 Movement
736 4024 23 14 in
765 4018 44 20 New

509 4059 25 11 on
544 4052 115 19 Thursday
668 4053 102 21 Evening,
782 4053 50 18 23rd
849 4053 54 23 inst.,
921 4053 21 18 in

509 4078 34 18 the
555 4078 132 24 Schoolroom,
703 4081 20 16 at
735 4079 45 18 7.30
787 4079 81 18 o'clock.

563 4108 108 20 Collection
681 4113 21 16 to
710 4111 179 23 deirnj'expenses.

63 2608 86 23 Enquiry
160 2608 77 16 invited,
253 2608 125 14 intoruianon
387 2608 66 18 grans.

42 2654 97 20 Intending
145 2657 101 17 passengers
259 2649 60 17 should
334 2649 52 22 apply
401 2648 27 17 fur
446 2653 31 11 our

62 2676 36 17 free
107 2675 29 17 list
145 2675 17 15 of
170 2675 72 15 steamer
256 2671 71 20 sailings
340 2671 32 15 and
382 2671 46 15 fiirPN
437 2674 18 11 at.

92 2700 89 19 COOK'B
193 2698 125 19 SHIPPING
331 2697 99 19 OFFICE,

120 2731 21 16 7<i
151 2733 41 14 AM'
203 2728 21 19 78
237 2727 164 20 QUEEN-STBEET.

73 2758 86 18 Eotorua
176 2757 77 22 Agency
260 2753 3 26 :
277 2754 94 18 Hincmoa
381 2753 68 18 Street.

62 2789 71 17 2s'.B.
133 2789 62 15 Drafts
203 2788 33 15 and
245 2786 77 17 Circular
330 2786 54 15 Notes
391 2784 57 16 issued
458 2786 17 13 ut

40 2812 62 15 lowest
110 2812 68 14 eurretit
186 2813 51 12 rates.

47 2921 155 27 IMPORTER
214 2920 61 26 AND
289 2918 186 26 COMMISSION

205 2946 107 27 AGENT.

59 2999 13 16 A
101 2997 87 18 LARGE
198 2997 37 16 and
244 2994 137 19 well-assorted
390 2994 54 18 stock
459 2993 20 18 of

47 3052 124 23 Crockery,
197 3050 134 21 Glassware,

104 3080 173 21 Ironmongery,
287 3077 105 23 Drapery
400 3076 21 18 &

202 3108 135 20 Household
346 3107 132 19 Furniture.

81 3147 76 22 Always
166 3152 24 11 on
199 3145 50 18 hand
259 3147 18 15 at
287 3145 75 17 Lowest
374 3144 69 17 Prices.

46 3178 59 18 Also
126 3178 85 18 Totara
237 3177 69 17 Posts
330 3175 46 19 and
400 3175 80 18 House

59 3201 86 18 Blocks
153 3201 26 18 at
187 3200 100 19 reduced
296 3200 63 17 rates
367 3200 25 17 to
401 3198 67 18 clear.

207 3264 40 16 ions
256 3263 70 17 receive
334 3263 77 22 prompt
419 3263 26 15 art

120 3588 361 46 OCOCKS'

176 3661 180 22 CELEBRATED

162 3771 193 44 ALES

54 3880 119 35 FINEST
199 3879 87 33 MALT
306 3879 63 32 AMD
386 3879 98 37 HOPS,

159 3993 139 16 DEUCTEIIIOUS
317 3993 56 13 ACIDS

55 4066 140 33 CAPTAIN
218 4063 82 33 COOK
319 4062 165 37 BREWERY,

159 4106 167 22 NEWMARKE

961 4205 103 38 Ask
1095 4206 70 37 for
1193 4207 264 40 Hancock's
1487 4209 273 39 Celebrated
1799 4209 189 39 XZXX
2014 4210 120 40 Ales
2164 4213 95 36 and
2283 4212 153 38 Stout

2796 3264 149 19 NEURALGIA

2842 3288 192 21 NERVOUSNESS,

2889 3311 164 18 TOOTHACHE.

2937 3334 143 18 WEAKNESS
3093 3334 52 18 ANTJ

2872 3403 35 17 BY
2921 3404 137 17 CLEMENTS
3070 3404 84 17 TOXIC.

2895 3450 92 17 WHICH
3000 3449 130 19 RESTORES

2797 3473 51 17 THE
2861 3472 87 19 VIGOR,
2964 3474 71 16 SNAP.
3056 3474 54 16 AND
3126 3471 97 19 HEALTH

2942 3496 33 17 OF
2988 3497 98 16 YOUTH.

2797 3541 37 20 Mr
2847 3542 27 19 H.
2886 3542 95 18 Charles
2991 3542 61 18 Kerr
3066 3539 102 21 Cathedral
3190 3542 22 21 Se-

2875 3565 76 18 cured
2961 3565 26 19 of

2863 3588 133 21 Neuralgia.

3063 3564 160 19 CLristchureb,

3065 3589 48 17 New
3143 3587 80 18 Zealand.

2797 3611 62 18 writes
2870 3612 43 17 17th
2922 3612 50 20 Oct.,
2983 3613 45 16 1894
3039 3612 66 17 :For
3114 3618 11 11 a
3133 3611 35 22 loii|

2797 3636 9 15 I
2825 3634 80 19 suffered
2926 3636 105 16 occasional
3054 3636 54 16 acute
3125 3635 71 17 attacks
3210 3638 13 17 pi

2797 3658 97 23 neuralgia
2901 3657 4 24 ;
2919 3658 33 18 the
2961 3658 45 23 pain
3014 3664 39 12 was
3061 3658 73 18 intense
3138 3657 54 18 while
3199 3657 25 17 the

2798 3681 63 17 attack
2877 3681 108 17 continued.
3015 3681 44 17 You
3075 3686 41 17 may
3134 3680 28 23 de]
3171 3679 2 24 i
3182 3679 2 24 -
3201 3679 2 24 I
3220 3679 3 24 '

2797 3704 47 18 tried
2854 3704 98 23 everythin

2798 3728 54 16 Some
2861 3727 93 23 preparati

2797 3751 59 17 relief,
2866 3756 37 12 ana
2912 3751 33 16 the
2953 3751 44 21 pain
3007 3756 38 10 was
3054 3751 25 15 all
3089 3750 31 17 tbe
3132 3756 8 10 r

2797 3773 87 18 bearable
2893 3773 117 18 afterwards.
3036 3773 86 22 Reading
3131 3778 24 13 an
3166 3780 58 10 uv-

2798 3796 86 17 tisement
2894 3797 20 16 of
2922 3802 57 16 yours
2989 3797 19 16 in
3018 3802 35 11 one
3062 3796 20 17 of
3090 3802 34 11 our
3138 3796 66 19 dailies,
3218 3793 5 16 1

2797 3819 74 22 bought
2880 3825 11 11 a
2900 3819 61 17 bottle
2970 3820 20 16 of
2999 3819 101 19 Clement's
3109 3820 57 16 Tonic
3171 3819 15 22 (I
3194 3821 31 13 was

2797 3843 19 15 in
2823 3843 54 21 great
2884 3843 45 21 pain
2939 3844 20 15 at
2968 3843 33 16 the
3007 3842 59 23 time),
3075 3843 35 16 ami
3119 3848 23 11 on
3150 3847 16 12 ai
3173 3841 52 21 riving

2797 3866 20 15 at
2826 3871 32 16 luy
2864 3871 63 11 rooms
2938 3866 10 16 I
2957 3866 43 17 took
3010 3872 10 10 a
3030 3865 45 23 largi
3088 3865 45 18 dose
3138 3864 38 18 and
3182 3863 41 18 wenl

2797 3890 20 14 to
2826 3888 42 20 Led,
2879 3888 38 17 and
2925 3888 130 23 immediately
3064 3884 24 27 101
3096 3884 8 27 l
3112 3884 33 27 into
3154 3895 8 9 a
3173 3884 51 21 sound

2797 3911 56 17 sheii.
2879 3911 31 17 On
2918 3912 78 21 waking
3004 3912 10 16 I
3027 3911 60 17 found
3100 3911 25 17 all
3138 3912 42 21 pain
3194 3907 31 19 had

2797 3934 97 17 vanished.
2924 3935 49 17 That
2988 3935 16 16 is
3020 3935 52 21 quite
3088 3935 53 16 three
3158 3932 56 19 month-

2797 3963 43 16 ago,
2850 3958 38 17 and
2896 3958 11 16 I
2915 3963 32 12 ami
2955 3958 77 21 pleased
3039 3959 21 16 to
3068 3963 33 16 say
3110 3957 61 18 Iliave
3179 3959 46 14 novel

2797 3980 47 17 been
2853 3980 87 18 troubled
2951 3981 44 17 with
3002 3980 97 23 neuralgia
3108 3981 54 16 since,
3172 3980 44 17 there-

2798 4003 41 17 fore
2847 4004 10 16 I
2867 4010 33 11 can
2910 4004 46 17 with
2967 4003 107 19 confidence
3082 4005 59 15 assert
3149 4002 76 18 thatitis

2798 4032 9 11 a
2818 4027 76 17 reliable
2903 4033 44 11 cure
2956 4027 30 18 for
2994 4027 64 16 neural

2798 4050 69 17 thanks
2877 4050 29 17 for
2914 4055 48 17 your
2971 4050 87 17 valuable

2798 4072 9 16 1
2817 4079 36 13 am,
2863 4079 56 16 yours
2931 4079 45 15 very
2990 4072 109 23 gratefully,
3114 4073 25 17 11.
3157 4070 67 20 Charles

2798 4095 53 21 Kerr,
2874 4095 102 19 Cathedral
2994 4095 76 24 Square,
3092 4092 134 22 Ghristciurchy

2797 4118 47 17 New
2853 4119 88 16 Zealand.
