3292 4236
1225 79 60 20 THE
1299 79 58 21 HOT
1372 79 92 20 LAKES
1478 79 167 21 CHKONICLE
1657 77 190 27 WEDNESDAY,
1863 79 88 21 APRIL
1966 82 32 22 22,
2016 81 48 18 1896

2810 4061 79 18 Printed
2906 4061 36 18 and
2961 4061 100 23 published
3072 4062 26 22 »y
3107 4062 21 17 P.
3139 4062 20 17 V.
3175 4062 68 19 Watt,

2833 4085 20 17 at
2862 4085 33 17 tbo
2904 4084 103 24 registered
3021 4084 86 24 printing
3117 4085 56 18 oiHco,
3183 4084 48 19 Hine-

2833 4114 43 10 nion
2885 4109 63 19 street,
2959 4109 89 17 Kotorua.

2845 4139 173 21 WEDNESDAY,
3030 4140 80 17 APRIL
3118 4141 27 19 22,
3162 4140 51 20 189G,

283 243 31 20 On
324 243 36 19 tho
370 242 66 19 banks
449 242 22 18 of
482 242 34 18 tho
634 242 70 19 Eiver.

49 292 158 23 Patronised
220 292 36 30 by
265 292 46 23 the
324 291 62 23 Earl
397 290 51 23 and
456 290 126 23 Countess
598 290 28 23 of
642 290 113 28 Onslow,
773 291 126 23 Countess
916 291 28 22 of

118 318 122 30 Glasgow
253 318 51 23 and
320 317 80 27 Suite,
414 317 40 22 Sir
467 317 75 22 Thos.
557 317 52 22 and
621 317 73 29 Lady
710 317 172 23 Mcllwraith.

76 414 94 19 Situated
179 413 89 25 halfway
278 412 92 19 bettveen
385 412 98 23 Rotorua,
500 412 71 25 Taupo
591 412 40 19 and
650 412 105 19 Lichfield.
794 412 43 19 The
854 412 88 25 starting

48 441 58 24 place
117 441 32 18 for
160 440 34 19 tiie
203 437 157 21 Aniwhaniwha
371 438 63 22 Fulls,
446 438 35 19 the
491 437 171 21 Orakei-Korako
671 439 36 18 red
717 438 41 19 and
768 438 61 19 white
839 438 101 23 Terraces,

50 467 94 24 Goysers,
154 466 61 18 Alum
226 464 69 23 Caves,
309 464 40 24 &c,
361 466 20 17 to
391 464 66 19 which
468 471 12 12 a
488 471 44 12 new
543 464 39 19 and
593 470 48 19 easy
655 464 56 19 track
728 464 16 19 is
761 471 45 12 now
822 464 119 25 completed.

48 492 98 19 Distance
158 492 47 18 nine
214 491 63 22 miles,
290 491 47 17 four
347 491 21 18 of
379 491 66 19 which
455 497 37 13 can
505 490 25 20 he
541 491 69 18 driven
620 496 48 13 over
680 490 17 20 if
707 490 86 19 desired.
821 490 44 20 Hot
880 491 62 19 baths

48 518 41 19 and
100 518 47 19 falls
157 517 69 19 within
238 518 23 18 10
269 517 89 18 minutes
368 516 65 20 drive.

181 558 56 20 Good
247 560 55 18 trout
312 558 77 26 fishing
398 559 42 19 and
450 559 95 25 shooting
556 558 20 19 in
586 558 35 20 the
631 558 176 26 neighbourhood.

49 642 79 20 Guides
135 641 40 20 and
184 640 74 20 Saddle
268 640 79 19 Horses
356 641 99 25 supplied.
470 641 50 18 Post
527 640 40 19 and
574 640 117 26 Telegraph
700 640 60 20 Office
767 647 26 13 on
801 641 34 19 the
842 642 100 24 premises

74 738 42 19 For
126 738 81 19 further
216 737 133 19 information
360 737 62 24 apply
433 736 76 19 Messrs
518 736 56 19 Cook
584 736 40 19 and
635 736 46 24 Son,
697 736 85 26 Agents.

339 915 307 32 PROPRIETOR,

78 1150 341 59 Hydropathic
463 1150 161 52 Hotel,
674 1149 234 47 Rotorua.

47 1296 73 19 Under
134 1294 35 21 the
180 1296 111 22 patronage
302 1293 21 19 of
334 1293 33 19 Sir
377 1293 35 19 W.
433 1292 86 25 Jervotß,
535 1292 49 19 Earl
602 1293 38 18 and
659 1291 102 21 Counters
781 1293 22 19 of
822 1293 119 26 Ilopetoun,

218 1320 34 20 the
265 1320 55 19 lion.
332 1320 89 18 Premier
431 1319 39 19 and
486 1319 102 19 Members
604 1319 22 19 of
637 1319 131 20 Parliament.

73 1426 43 20 The
126 1426 64 19 Hotel
204 1425 15 19 is
229 1424 89 21 situated
329 1431 26 11 on
365 1430 24 12 an
401 1424 91 19 elevated
506 1423 86 26 position
603 1430 25 12 on
639 1423 36 21 the
685 1424 70 20 shores
770 1423 23 21 of
808 1424 55 20 Lake
878 1424 51 19 Eoto-

48 1460 43 17 rua,
102 1453 122 19 convenient
234 1456 20 15 to
265 1452 27 18 all
302 1451 35 19 the
349 1451 64 24 sights
424 1451 19 19 in
455 1451 35 19 the
501 1450 87 20 district.

120 1504 111 30 Sulphur
245 1503 52 24 and
309 1503 113 23 Mineral
436 1502 83 24 Baths
534 1503 20 18 in
565 1503 35 18 the
612 1503 97 19 Grounds
721 1503 21 19 of
753 1503 35 19 the
799 1503 70 21 Hotel.

179 1609 20 19 A
215 1608 107 20 reduction
339 1608 16 19 is
374 1607 59 20 made
450 1611 21 16 to
482 1614 11 11 w
501 1607 57 26 etkly
568 1614 23 13 or
602 1607 92 25 monthly
704 1607 106 20 boarders.

48 1663 69 19 Guide
127 1661 67 20 Books
205 1661 39 19 and
253 1660 133 20 information
400 1660 62 22 (natis
475 1662 20 17 at
506 1660 54 19 Cook
577 1660 39 19 and
636 1660 59 20 Sous'
712 1660 51 26 (sole
780 1661 79 25 agent-)
877 1660 66 19 offices

359 1687 128 19 throughout
499 1687 33 18 the
544 1686 84 22 Colony.

193 1933 44 19 One
252 1933 22 19 of
292 1933 35 19 the
337 1933 119 19 necessities
466 1932 21 19 of
499 1933 33 18 the
542 1932 80 25 coming
632 1932 74 19 Seacon
720 1931 38 19 will
771 1932 24 18 be

69 1980 6 10 l
115 1968 113 22 COOL
269 1968 98 22 AND
408 1966 333 24 REFRESHING
781 1965 124 23 DRIN

75 2002 140 20 Untinctured
228 2002 24 26 by
261 2008 38 17 any
311 2001 129 20 Deleterious
457 2002 99 19 Chemical
568 2001 138 25 Compounds.
736 2001 18 19 A
764 2001 58 19 drink
834 2003 22 17 at
866 2006 51 14 uuce

273 2034 186 29 Exhilarating
480 2034 52 22 and
548 2033 167 29 Refreshing,

49 2065 38 19 and
101 2065 64 19 which
183 2064 36 20 will
230 2071 63 20 prove
302 2072 12 12 a
325 2065 116 24 preventive
452 2064 23 20 of
482 2065 114 24 Dyspepsia
614 2065 38 17 and
671 2064 26 19 nil
715 2064 91 18 Internal
827 2063 109 19 Disorders

77 2091 87 19 Aerated
177 2091 82 19 Waters
271 2091 38 19 and
321 2091 97 22 Cordials,
438 2096 121 21 comprtHng
575 2091 35 18 the
619 2089 75 20 Purest
704 2090 120 23 Lemonade,
843 2089 92 20 theMos

49 2118 105 19 Delicious
165 2118 78 25 Ginger
252 2117 46 25 Ale,
312 2116 177 26 Highly-charged
509 2117 52 18 Soda
572 2117 79 22 Water,

309 2147 381 37 20LAK0KE,

48 2197 12 12 a
69 2197 44 13 new
121 2190 150 25 Invigorating,
282 2190 149 19 non-alcoholic
442 2190 102 24 Beverage
555 2188 3 27 ;
576 2190 54 18 Lime
640 2189 59 19 .luice
718 2188 87 24 Cordial,
816 2188 126 26 Risphprry,

48 2217 140 25 Peppermint,
201 2216 77 24 Cloves,
290 2216 51 19 Pine
351 2216 73 25 Apple,
436 2216 41 19 and
487 2216 75 20 Lemon
574 2216 76 25 Syrups
661 2216 38 18 and
720 2215 134 26 Sarsaparilla
871 2222 35 13 are
916 2215 26 19 all

320 2242 155 20 manufactured
487 2249 24 12 on
522 2242 34 19 the
563 2242 105 23 premises.

238 2269 118 19 Lemonade
366 2269 40 18 and
417 2269 78 24 Ginger
504 2269 44 23 Ale,
560 2271 71 22 quarts
642 2267 40 19 and
689 2268 61 25 pints.

73 2371 74 76 G
200 2371 80 76 A.
342 2369 131 78 CL

76 2612 379 71 LAKE
504 2610 404 86 VIEW,

169 2705 139 25 Overlooking
324 2705 34 19 the
375 2704 37 22 l'a,
423 2704 84 25 Boiling
518 2703 85 26 Springs
614 2703 40 20 and
664 2703 92 20 Rotorua
766 2703 58 19 Lake

151 2822 155 26 TERMS:
327 2821 62 27 80s
401 2828 57 25 per
471 2820 99 31 week,
583 2825 34 20 or
634 2820 37 26 5s
689 2826 57 26 per
767 2819 71 32 day.

52 2871 125 33 Special
191 2872 254 31 Arrangements
458 2870 48 26 for
526 2876 18 19 a
564 2869 194 32 lengthened
779 2869 163 26 residence

388 2904 62 26 and
462 2902 146 27 families.

320 2979 163 20 CUISINE—A
497 2977 172 20 SPECIALITY.

88 3015 123 19 References
222 3014 127 25 throughout
359 3015 50 17 IN'ew
422 3013 87 19 Zealand
522 3013 39 18 and
572 3012 33 19 the
617 3012 120 19 Australian
748 3012 92 19 Colonies
850 3013 54 19 from

393 3039 94 25 previous
506 3039 93 19 Visitors.

200 3105 153 19 NOTE.—Ask
363 3105 29 18 for
401 3104 93 19 Seddon
501 3109 11 13 s
521 3104 37 17 and
566 3110 30 11 see
604 3109 38 17 you
651 3110 32 11 ure
691 3104 35 18 left
734 3104 58 18 there.

158 3147 77 31 Pony
258 3146 144 29 Phaeton,
423 3145 47 25 for
494 3151 54 18 use
572 3144 33 24 of
621 3144 134 29 Visitors,
770 3144 71 25 free.

437 3425 117 26 FROM

86 3477 35 43 k
154 3472 537 48 WELL-ASSORTED
721 3473 199 45 STOCK

471 3541 53 26 OF

84 3610 148 31 ,amt>s
519 3594 174 45 Cruets

514 3823 153 54 Trays

93 3956 99 26 Lawn
216 3953 146 29 Mowers,
385 3952 92 30 Hoes,
502 3951 118 31 Rakes,
649 3950 129 32 Spades,
801 3949 113 30 Forks,

171 4003 54 27 AT
239 4000 198 29 GREATLY
456 4000 200 26 REDUCED
677 3998 159 27 PRICES.

246 4084 61 36 <Sc
467 4080 400 47 ZDiaDECETT.,

82 4139 78 22 [fourth
170 4139 46 22 shop
225 4139 50 17 from
286 4135 101 24 Wollesloy
401 4133 76 25 Street.)
534 4133 46 19 304
594 4133 19 18 &
626 4133 46 19 306
686 4133 104 23 QUEEN
804 4133 120 19 STREET.

1000 1083 276 65 Notice
1310 1084 104 64 TO
1442 1083 384 66 TOASTS.

1000 1172 65 25 The
1084 1172 216 32 undersigned
1321 1179 55 19 are
1394 1179 74 19 now
1482 1172 60 33 run
1542 1172 82 33 Ding
1639 1172 143 32 Buggies
1798 1172 64 26 and

967 1205 142 26 Coaches
1130 1206 32 25 to
1183 1205 54 26 the
1250 1205 168 32 following
1430 1205 107 33 places
1550 1205 35 26 of
1599 1206 136 25 interest
1754 1205 34 26 in
1807 1205 54 26 the

966 1238 241 32 neighborhood
1225 1240 33 25 at
1275 1239 131 32 greatly
1430 1239 138 26 reduced
1592 1240 95 25 rates.
1736 1238 126 33 Special

966 1271 184 26 reductions
1159 1271 48 27 for
1219 1272 91 32 large
1318 1273 128 32 parties.

966 1312 330 24 WHAKAREWAREWA;
1334 1313 166 19 WAIRAKEI
1521 1313 20 19 &
1562 1313 103 19 TAUPO
1675 1312 4 24 ;
1704 1312 158 24 TIKITERE;

1107 1336 144 19 TIKITERE
1265 1336 21 19 &
1298 1336 107 19 OEBRE
1419 1336 109 23 FALLS;
1541 1336 178 19 WAIOTAPU.

992 1383 81 28 Ipecial
1085 1386 169 25 Conveyances
1265 1385 47 19 and
1324 1385 87 19 Saddle
1423 1385 83 24 Worses
1517 1388 23 16 to
1550 1385 29 19 all
1590 1388 63 24 parts
1669 1385 23 19 of
1705 1385 39 19 the
1761 1383 86 21 district

1293 1415 22 15 at
1327 1412 117 23 Moderate
1456 1412 78 23 l^ates.

1014 1459 47 18 Bus
1067 1459 78 19 leaves
1153 1459 62 19 Lake
1222 1459 86 23 House,
1317 1460 86 24 calling
1409 1461 26 17 at
1441 1460 31 18 all
1479 1459 83 19 Hotels
1568 1460 46 18 and
1621 1459 117 24 Boarding
1745 1459 93 19 Houses

989 1482 36 19 for
1034 1483 226 23 Whakarewarewa,
1270 1484 70 18 twice
1348 1484 119 22 forenoon,
1477 1484 69 19 twice
1554 1484 131 19 afternoon.

1157 1519 45 46 J.
1237 1519 312 46 FALLOONA
1571 1520 48 45 &
1643 1520 98 54 Co.,

1473 1595 314 35 ivmmTaMm

982 1663 131 26 BOOKING
1127 1663 105 25 OFFICE
1244 1663 60 25 AND
1318 1663 135 26 STABLES
1468 1663 145 26 OPPOSITE
1624 1663 102 26 GRAND
1743 1662 105 26 HOTEL.

1355 1793 123 34 mmm

969 1849 82 18 Under
1061 1849 40 18 the
1111 1848 171 24 distinguished
1292 1849 133 23 Patronage
1434 1848 27 18 of
1472 1849 43 18 His
1532 1849 142 23 Excellency
1689 1849 41 18 the
1748 1849 120 18 Governor

1285 1872 42 18 the
1336 1872 55 19 Earl
1400 1876 24 14 01
1437 1872 101 19 Onslow.

1294 1985 517 61 aMD^EHOI

1187 2068 102 34 Te
1329 2069 46 33 H
1396 2068 102 35 RO
1519 2069 47 34 H
1589 2070 62 34 K.

1065 2180 43 19 The
1119 2180 45 20 best
1174 2180 100 24 Situated,
1286 2181 34 20 the
1331 2185 52 16 most
1394 2182 151 25 Comfortable,'
1555 2183 34 19 the
1602 2183 46 20 best
1661 2184 111 25 appointed

1319 2208 64 19 Hotel
1393 2208 21 20 in
1426 2209 28 19 Te
1465 2209 75 19 Aroha.

993 2253 89 25 Adjoins
1102 2254 58 24 (with
1171 2254 83 20 Private
1264 2254 113 27 Entrance)
1399 2256 35 19 the
1453 2256 95 19 Thermal
1568 2256 87 26 Springs
1675 2256 94 25 Domain,
1790 2256 73 20 Tennis

968 2279 64 19 Court
1042 2280 21 18 in
1075 2280 94 19 Domain.

970 2353 53 47 W.
1055 2354 51 46 Ji.
1143 2354 208 52 ICNOCK.

993 2467 44 19 The
1056 2467 61 20 baths
1137 2468 39 19 and
1197 2468 98 26 drinking
1314 2472 64 16 water
1397 2475 34 13 are
1451 2469 111 25 especially
1581 2470 114 19 efficacious
1711 2470 22 19 in
1752 2470 54 19 Gout
1825 2471 40 18 and

967 2493 122 19 Rheumatic
1100 2494 111 23 affections,
1225 2494 88 20 Chronic
1326 2495 123 25 Dyspepsia,
1461 2495 109 19 Disorders
1580 2496 22 18 of
1616 2496 35 19 the
1668 2496 91 25 Urinery
1777 2497 86 25 Organs,

967 2519 116 19 Cutaneous
1094 2520 100 23 Diseases,
1207 2521 82 24 Splenic
1299 2522 41 18 and
1351 2521 88 25 Hepatic
1451 2522 113 23 Disorders,
1575 2522 97 19 Diseases
1692 2522 39 19 due
1748 2526 21 16 to
1789 2522 76 20 Excess

967 2545 21 19 of
998 2546 88 25 Acidity,
1098 2546 119 25 Neuralgia,
1229 2547 94 19 Sciatica.

1080 2606 63 19 Town
1153 2606 50 20 Hall
1214 2607 40 19 and
1270 2607 83 26 Sample
1363 2608 76 19 Rooms
1449 2609 109 18 connected
1569 2609 49 19 with
1633 2609 35 19 the
1678 2609 69 19 Hotel.

1046 2665 51 19 New
1108 2665 87 20 Billiard
1205 2666 65 19 Room
1282 2667 49 19 with
1341 2673 40 13 one
1392 2667 21 19 of
1423 2667 106 20 Bennett's
1543 2668 52 19 New
1604 2668 88 20 Billiard
1701 2668 82 20 Tables.

970 2784 441 60 GEYSER
1486 2785 376 61 HOUSE

998 2876 340 57 Hydropathic
1361 2877 161 56 Hotel,
1558 2878 270 48 Wairakei.

1163 2942 36 20 Six
1209 2942 59 20 miles
1277 2944 52 19 from
1340 2944 57 19 Lake
1407 2944 70 26 Taupo
1489 2944 102 26 (Kotoiua
1600 2945 60 26 side.)

1143 3000 181 27 SUPERIOR
1345 3002 338 28 ACCOMMODATION.

1167 3057 50 17 ALL
1229 3058 53 16 THE
1296 3058 135 18 COMFORTS
1444 3058 33 18 OF
1489 3059 17 17 A
1518 3059 77 17 HOME
1608 3059 52 18 FOR

1212 3093 148 19 TOURISTS
1378 3094 65 18 AND
1456 3094 156 20 INVALIDS.

966 3170 66 25 Hot
1057 3170 189 31 Swimming
1267 3171 112 32 Baths,
1405 3172 186 26 Kiri-o-Kai
1612 3179 36 20 or
1674 3173 80 26 New
1779 3173 81 27 Skin

1042 3212 94 31 Bath,
1148 3212 65 25 Hot
1227 3212 131 26 Douche
1372 3213 111 31 Baths,
1505 3214 111 26 Grand
1638 3215 145 26 Climate.

1085 3253 171 25 Elevation
1278 3254 92 31 1,350
1390 3254 63 26 feet
1466 3255 102 26 above
1581 3262 55 19 sea
1649 3257 92 24 level.

968 3302 197 23 COMPETENT
1181 3302 120 24 GUIDES
1319 3309 122 20 accompany
1457 3305 83 18 tourists
1557 3307 21 16 to
1595 3305 35 20 the
1650 3306 82 19 various
1754 3307 68 25 places
1840 3307 21 18 of

1099 3330 89 20 interest,
1199 3328 64 20 which
1277 3329 58 19 bufHe
1347 3330 35 19 the
1392 3333 52 16 most
1454 3331 59 18 facile
1524 3338 45 18 pen,
1581 3332 42 19 and
1640 3339 37 12 can
1696 3332 47 26 only
1764 3333 24 19 be
1806 3333 44 19 real-

1098 3354 44 19 ized
1152 3354 58 19 when
1220 3361 54 12 seen.

970 3419 197 23 GBYS6R
1400 3422 90 18 contains
1507 3422 34 19 the
1560 3422 105 26 following
1683 3424 124 24 unequalled
1817 3424 30 19 Na-

1047 3446 54 18 tural
1122 3446 91 19 wonders
1235 3446 4 27 :
1242 3447 152 22 —Tuinudnhi,
1416 3455 21 11 or
1461 3447 62 20 Great
1547 3448 133 25 Champagne
1698 3448 113 25 Cauldron;
1827 3450 34 19 the

1049 3471 62 19 Great
1121 3471 106 21 Wairakei
1237 3472 90 25 Geyser;
1340 3474 35 18 tho
1385 3474 86 24 Donkey
1482 3474 92 25 Engine;
1588 3474 35 19 the
1635 3474 53 19 Bath
1699 3476 20 17 of
1730 3476 34 18 the
1775 3476 85 24 Fairies;

1046 3497 35 20 the
1101 3497 114 26 Lightning
1231 3499 64 23 Pool;
1308 3500 36 18 tho
1352 3499 98 19 .Cascade
1466 3500 82 23 Gevser,
1567 3506 23 13 or
1608 3500 102 25 Dragon's
1728 3501 84 25 Mouth;
1827 3502 35 19 the

1047 3523 65 20 Black
1120 3523 89 26 Geyser;
1225 3524 35 19 the
1274 3525 50 19 Mud
1336 3526 89 23 Geyser;
1441 3526 33 18 the
1494 3525 52 19 Blue
1564 3526 56 19 Lake
1630 3533 5 17 ;
1644 3527 35 18 the
1697 3527 32 19 Oil
1747 3528 66 24 Bath;
1827 3528 35 19 tho

1046 3549 83 26 Eagle's
1138 3549 61 28 Nest;
1213 3550 34 20 the
1255 3550 78 20 Devil's
1341 3551 72 20 Punch
1421 3552 56 18 Bowl
1487 3549 4 28 ;
1507 3553 34 17 tho
1550 3552 72 19 Prince
1630 3553 21 18 of
1660 3553 76 19 Wales'
1746 3553 98 20 Feathers
1855 3549 4 28 ;

1047 3576 34 18 the
1101 3575 86 25 Mirror;
1202 3577 35 18 the
1256 3577 58 18 Twin
1335 3577 88 24 Geyser:
1439 3578 34 19 the
1491 3578 59 19 Coral
1568 3578 89 25 Geyser;
1672 3579 35 19 the
1718 3579 65 19 Green
1799 3580 62 23 Pool;

1050 3601 126 20 Terekerehe
1188 3608 22 13 or
1229 3602 48 19 Hell
1298 3603 88 24 Geyser;
1409 3604 35 18 the
1463 3604 69 18 Steam
1554 3603 106 21 Hammer.
1689 3605 84 20 Guide's
1790 3606 33 20 fee
1841 3609 21 17 to

1047 3627 77 25 Geysor
1134 3627 79 26 Valley,
1225 3630 22 17 5s
1255 3627 4 26 ;
1275 3628 91 20 distance
1376 3630 52 18 from
1436 3629 35 19 tho
1486 3629 61 24 hotel,
1561 3632 6 16 1
1580 3630 54 19 mile.

971 3687 101 22 TH9
1092 3687 371 24 HRGHTeHTeHw
1482 3688 80 19 Ladder
1580 3688 85 26 Bapids.
1703 3690 42 19 The
1762 3690 101 20 Grandest

1049 3712 78 26 Kapids
1138 3713 21 19 in
1169 3713 35 19 the
1214 3713 108 20 Southern,
1326 3714 148 26 Hemisphere;
1489 3714 75 25 falling
1581 3715 20 18 in
1619 3716 31 18 six
1670 3716 82 19 distinct
1770 3717 93 19 cascades

1050 3741 95 22 amongst
1155 3739 61 19 weird
1227 3739 40 19 and
1277 3740 79 25 rugged
1376 3746 82 19 scenery
1485 3740 96 20 Distance
1601 3741 52 19 from
1672 3742 35 19 the
1724 3742 61 25 hotel,
1806 3743 57 19 three

1049 3765 64 19 miles.
1141 3765 75 19 Saddle
1226 3765 70 19 horses
1307 3770 19 14 to
1335 3767 49 18 visit
1398 3767 34 18 tho
1447 3766 79 25 Eapids
1541 3767 22 19 7s
1574 3767 26 19 Cd
1610 3768 55 19 each.

973 3825 167 22 KL©F2R'F
1140 3827 6 11 S
1150 3826 55 21 IXI
1223 3830 23 13 or
1254 3824 36 20 the
1300 3824 79 21 Devil's
1388 3825 98 26 Trumpet
1504 3826 17 18 is
1540 3826 44 19 said
1604 3828 21 17 to
1644 3827 49 19 emit
1712 3834 12 12 a
1739 3833 95 20 pressure
1844 3828 21 19 of

1054 3850 68 20 180lbs
1134 3852 20 17 of
1165 3855 62 14 stei.m
1240 3854 21 15 to
1271 3851 35 18 fhe
1317 3851 52 22 inch,
1383 3852 51 18 from
1445 3858 25 12 an
1494 3858 88 18 lperiuro
1593 3853 21 18 of
1633 3854 63 18 about
1714 3854 71 19 twolvo
1795 3854 70 19 inches

1052 3877 20 18 in
1084 3877 104 18 diameter.
1218 3877 97 18 Distance
1333 3877 25 19 fr.
1367 3884 20 13 m
1408 3877 55 19 hotel
1482 3878 58 19 threo
1559 3878 40 19 and
1619 3885 13 12 a
1649 3879 46 18 half
1712 3880 68 23 miles;
1794 3880 71 19 saddle

1051 3903 71 19 horses
1133 3906 19 15 to
1160 3903 47 19 visit
1217 3903 34 18 tho
1262 3903 71 23 above,
1345 3906 22 15 2s
1378 3904 25 18 o'd
1414 3904 54 18 each.

973 3963 105 22 TH©
1097 3963 142 23 HUKH
1257 3963 167 25 FRLLS,
1441 3961 34 20 the
1493 3962 101 19 Ginndest
1612 3963 56 19 Falls
1677 3964 21 18 in
1716 3963 35 19 the
1769 3964 97 20 southern

1056 3988 136 26 hemisphere.
1220 3989 43 18 The
1274 3987 56 20 Falls
1341 3994 44 20 may
1401 3991 22 16 lie
1433 3987 72 21 visited
1516 3995 25 12 on
1551 3989 34 18 the
1599 3995 54 13 same
1672 3990 116 25 expedition
1799 3997 22 12 as
1832 3991 34 19 the

1055 4014 79 19 Devil's
1145 4014 104 26 Trumpet.
1279 4014 98 19 Distance
1387 4015 52 18 from
1449 4014 56 19 hotel
1515 4014 58 19 threo
1583 4015 40 18 and
1634 4022 11 12 a
1662 4015 44 19 half
1715 4016 68 24 miles;
1797 4017 69 18 saddle

1052 4040 59 19 horso
1121 4047 22 12 or
1153 4040 71 26 buggy
1235 4042 23 17 2s
1268 4040 26 19 Od
1308 4040 57 19 each.

1634 4113 227 32 UMuiHtfSKf^

1143 157 628 59 WAIWERA
1837 157 762 73 SANATORIUM,

1045 415 86 32 Only
1155 414 44 28 30
1222 414 95 27 miles
1341 414 105 27 North
1471 414 34 26 of
1526 414 182 31 Auckland,
1734 414 81 26 with
1840 414 90 33 daily
1954 414 271 26 communication
2248 413 83 26 with
2354 414 106 26 Coach
2484 421 36 19 or
2544 414 154 27 Steamer.

1389 458 46 19 See
1456 456 132 20 advertised
1610 456 127 26 Timetable
1752 457 23 19 of
1791 463 40 13 s.s.
1922 458 77 26 Casey
2017 457 46 25 ai?d
2078 456 96 21 Butler's
2189 458 58 22 R.|W-
2263 455 89 20 Coach.

991 491 49 28 [HE
1057 491 98 25 ABOVE
1173 491 257 26 ESTABLISHMENT
1446 491 121 26 STANDS
1585 490 192 27 UNRIVALLED
1793 497 22 13 as
1825 497 12 13 a
1850 491 79 19 Health
1946 498 23 12 or
1990 491 99 19 Pleasure
2107 492 71 22 resort,
2199 490 42 19 and
2256 489 39 20 Las
2316 490 76 25 special
2408 490 127 26 advantages
2552 491 33 19 for
2603 489 68 20 either
2688 490 90 19 Tourists

1035 573 149 26 Beautiful
1205 572 143 33 Scenery,
1367 573 213 32 Sea-bathing,
1601 572 136 32 Boating,
1758 572 128 33 Fishing,
1905 573 52 25 &c.
2070 572 122 26 Cuisine
2212 571 61 26 and
2295 572 193 25 attendance
2508 572 33 26 of
2555 572 56 25 the
2632 572 78 25 best.

966 614 77 19 Famed
1056 614 33 19 for
1098 615 27 18 its
1134 614 89 19 curative
1233 614 82 19 natural
1326 614 85 19 medical
1422 614 44 19 Hot
1475 614 86 25 Springs
1571 614 40 19 and
1621 614 71 19 Baths.
1720 614 27 19 As
1757 614 35 19 the
1801 614 86 25 Springs
1897 614 41 19 and
1947 614 66 19 Baths
2023 621 35 12 are
2068 614 35 19 the
2113 616 96 22 property
2219 614 22 18 of
2250 613 35 19 the
2296 612 70 23 Hotel,
2377 612 88 20 Visitors
2475 620 34 12 are
2517 613 96 25 supplied
2626 613 50 19 with
2695 612 82 23 Towels,

1276 640 41 19 and
1327 647 37 12 can
1374 640 49 19 take
1431 647 26 12 an
1467 640 108 19 unlimited
1585 640 87 19 number
1684 640 21 19 of
1715 640 65 19 Baths
1790 642 21 17 at
1821 647 39 18 any
1871 640 50 19 time
1930 640 22 19 of
1962 640 36 19 the
2008 640 39 25 clay
2055 640 88 23 FREE
2154 640 51 18 from
2216 646 39 12 anv
2266 639 76 25 charge
2352 638 109 20 whatever.

1139 674 209 47 TARIFF
1373 675 110 46 PER
1507 674 116 51 DJIY,
1646 674 64 51 7s,
1735 675 74 50 8s;
1865 675 111 46 PER
1997 674 164 47 WEEK,
2183 673 65 48 &\
2274 674 69 47 15s
2364 679 53 41 to
2441 673 157 48 £22s.

1438 740 152 32 Cottages
1601 740 33 25 to
1644 740 45 25 let
1698 740 44 32 by
1749 740 55 25 the
1817 739 102 33 week,
1930 740 121 29 month,
2066 746 36 19 or
2114 740 54 25 the
2181 745 123 20 season.

967 782 40 19 For
1018 788 40 17 any
1068 781 132 19 information
1211 781 95 25 required
1315 781 70 26 please
1395 781 63 26 apply
1468 784 19 16 to
1498 781 123 26 Proprietor.

1487 816 49 46 JJ.
1573 816 51 46 JL
1662 816 191 51 SMITH,
1976 816 280 55 Proprietor.

2088 983 488 60 STREWS

2175 1193 137 53 Lffl^

1990 1347 20 20 A
2031 1348 116 19 First-class
2163 1348 39 18 and
2221 1348 46 19 well
2277 1348 110 26 appointed
2396 1348 71 19 House
2480 1348 121 20 convenient
2610 1350 21 18 to
2641 1349 35 19 the

1886 1399 96 33 HOT
1998 1400 205 34 SPRINGS
2227 1393 39 41 &'
2278 1401 237 32 NATURAL
2533 1400 247 34 WONDERS,

1912 1459 58 20 lIOT
1993 1460 93 19 BATHS
2109 1466 25 13 on
2151 1459 35 20 the
2206 1460 104 25 premises.
2347 1460 42 19 The
2400 1460 97 26 stopping
2507 1460 73 19 House
2589 1461 33 18 for

1997 1512 68 23 THE
2089 1510 62 24 SPA
2174 1511 110 24 HOTEL
2310 1511 169 24 COACHING
2502 1512 166 25 COMPANY.

1912 1564 90 19 Conches
2017 1564 66 19 arrive
2093 1565 52 19 from
2156 1564 70 25 Taupo
2238 1564 118 25 Thursdays
2366 1564 39 19 and
2423 1563 100 27 Sundays,
2534 1565 41 19 and
2590 1565 58 19 leave
2662 1566 33 18 for
2709 1566 71 25 Taupo

1885 1590 88 25 Fridays
1982 1591 41 19 and
2033 1590 107 26 Mondays.

2133 1643 197 19 MODERATE
2353 1643 176 20 CHARGES.

2276 1891 36 20 ~:■?:■

2043 2128 40 23 ft*

2036 2424 42 23 Very
2084 2426 44 22 Old
2137 2425 55 23 Speci

1919 2467 103 19 ■*:■■;#&?£

2504 2469 243 43 mimtliQW

2332 2481 57 19 mm

2513 2517 31 36 w

1932 2523 99 28 wm

2557 2548 46 17 !3IK

2043 2623 78 29 DjCX.
2126 2624 81 25 BRAND!

2045 2655 2 20 :
2053 2655 2 20 ;
2057 2664 5 6 ,,
2062 2655 2 20 '
2065 2655 2 20 <
2068 2657 43 18 ir'ii'.r.'n
2114 2655 3 20 l
2119 2657 87 18 's"!'oMi'«'v''

2655 2631 125 91 111

2253 2689 181 44 Proprietors
2436 2711 7 12 :
2445 2714 15 6 -

2161 2816 321 45 —-§£MMW/r,
2503 2818 145 30 scoruwA

1928 2882 467 31 'wikoil.ies.ajlie]

2128 3259 405 35 THURKNGH

1886 3295 96 27 SMITH
2002 3296 20 26 &
2040 3297 150 26 CARRIAGE
2204 3297 115 29 WORKS,
2341 3298 95 25 COACH
2453 3299 18 24 &
2488 3299 127 25 WAGGON
2637 3298 143 26 FACTORY.

2098 3323 213 19 ESTABLISHED
2325 3324 81 18 OVER
2421 3324 29 18 10
2459 3324 109 19 YEARS.

1905 3344 38 16 The
1952 3346 116 21 undersigned
2080 3353 28 9 are
2118 3347 139 16 manufacturers
2266 3349 17 14 of
2293 3348 23 15 all
2326 3348 61 16 classes
2396 3347 19 16 of
2424 3347 78 16 Vehioles
2513 3349 12 14 k.
2535 3348 120 20 Agricultural
2660 3347 105 21 Implement

1906 3365 37 17 Our
1952 3367 113 17 well-known
2079 3368 98 21 reputation
2186 3373 20 11 hs
2213 3368 84 21 praoticnl
2310 3368 98 16 Mechanics
2422 3369 33 15 and
2471 3368 28 17 W.
2515 3369 29 15 P's
2560 3370 19 16 '27
2593 3374 50 15 years
2655 3369 100 20 experience
2762 3368 17 17 in

1885 3388 29 15 Hie
1928 3389 120 16 Australasian
2064 3389 85 19 Colonies,
2162 3389 67 21 justify
2248 3395 19 10 us
2281 3390 18 15 in
2311 3390 82 19 claiming
2406 3389 39 17 that
2462 3395 25 10 we
2502 3396 31 9 can
2546 3390 69 16 furnish
2624 3396 10 9 a
2647 3391 55 14 better
2711 3390 43 15 class
2763 3390 17 15 of

1886 3408 79 17 Vehicles
1977 3410 95 16 consistent
2085 3410 41 16 with
2137 3410 61 16 honest
2206 3411 47 15 work
2263 3414 18 12 at
2290 3417 9 9 a
2309 3411 72 20 cheaper
2396 3414 37 13 rate
2442 3411 41 17 than
2493 3416 33 15 any
2535 3412 18 14 of
2561 3417 32 9 our
2605 3412 111 20 competitors

1905 3429 37 16 The
1951 3430 62 17 Public
2022 3432 35 15 will
2070 3432 36 15 iiud
2121 3432 14 16 it
2153 3434 17 13 to
2187 3432 46 16 their
2248 3432 99 20 advantage
2365 3435 17 13 1o
2397 3432 149 17 ENCOURAGE
2558 3433 80 16 LOCAL,
2650 3431 128 20 INDUSTRY,

1885 3450 57 17 where
1950 3452 42 21 they
2000 3457 30 11 can
2041 3452 44 17 have
2093 3452 30 17 the
2135 3453 77 20 pleasure
2226 3454 17 15 of
2256 3454 60 21 seeing
2328 3453 92 17 fhst-olass
2435 3454 77 15 material
2531 3455 34 14 and
2577 3454 128 20 workmanship
2718 3457 32 17 put
2763 3454 16 15 in

1885 3473 68 15 articles
1962 3473 49 17 made
2019 3477 17 12 to
2045 3474 45 16 their
2098 3474 61 16 valued
2166 3475 64 15 orders.

1905 3493 150 18 N.G.—Vehicles
2063 3495 18 16 of
2090 3495 22 16 all
2120 3495 113 21 descriptions
2241 3496 85 20 repaired,
2340 3496 77 20 painted,
2431 3496 92 17 renovated
2533 3497 34 15 and
2580 3496 49 16 made
2643 3498 18 14 to
2676 3496 40 16 look
2730 3496 50 20 equal

1886 3536 197 27 WILLIAM
2102 3537 189 32 PARKER,
2311 3539 240 26 CoacliLruilder.

2258 3572 138 26 JAMES
2415 3572 134 32 HAUA,
2568 3572 212 27 Blacksmith.

1932 3661 32 41 A,
1992 3661 71 41 AND
2088 3661 31 41 G,
2147 3662 127 47 BROOK,

1886 3720 83 24 BOOT
1983 3721 71 24 AND
2069 3721 83 24 SHOE
2172 3722 149 28 MAKEES,

1946 3761 88 20 Penton
2050 3762 88 23 Stueet,
2161 3762 107 21 Botohtja.

1887 3801 46 20 And
1957 3804 21 17 at
2008 3802 83 19 I'itrnell
2113 3802 40 19 aud
2182 3803 139 19 Newmarket.

1914 3870 67 25 Large
1990 3871 40 18 and
2042 3871 66 20 varied
2124 3871 63 19 Stock
2199 3871 21 19 of
2230 3872 91 24 English,

1888 3896 88 25 Foreign
1988 3897 38 19 and
2039 3898 90 19 Colonial
2140 3898 62 19 Boots
2213 3899 110 18 audSho6H

1951 3925 22 16 to
1984 3923 72 19 clioo.se
2067 3925 50 17 from
2127 3925 23 19 at
2160 3925 35 18 the
2206 3927 52 16 most

1982 4001 92 21 FKESH
2091 4002 89 20 STOCK
2194 4003 36 19 OF

1890 4034 170 25 FOOTBALL
2074 4036 98 23 BOOTS
2183 4037 44 25 just
2239 4037 86 20 arrived.

1891 4075 33 19 All
1941 4076 70 19 orders
2028 4076 39 20 and
2084 4076 75 26 repairs
2176 4078 149 24 expeditiously

2055 4103 102 20 exe-cuted.

1889 4135 25 20 S.
1928 4135 26 20 E.
1967 4136 150 23 FORDYCE,
2143 4147 8 4 -
2175 4147 8 4 -
2207 4137 118 24 Manager.

2394 3671 136 42 HORACE
2552 3671 179 41 STEWART.

2346 3735 109 21 SADDLE,
2469 3735 126 21 HARNESS,
2608 3735 55 17 AND
2680 3734 101 18 COLLAR

2515 3767 101 21 MAKER,

2389 3802 183 22 FENTON-ST.,
2587 3801 152 19 EOTORUA.

2347 3869 105 23 Saddles,
2469 3869 95 23 Bridles,
2580 3869 94 23 Collars,
2689 3868 91 23 Chains,

2371 3901 56 23 Bits,
2435 3902 80 23 Spurs,
2524 3901 105 18 Harness
2642 3901 67 22 Soap,
2718 3900 39 19 &c.

2371 3962 119 20 Coachaline,
2500 3968 11 11 a
2527 3961 116 23 waterproof
2659 3960 125 24 preservative

2348 3985 30 17 for
2386 3985 26 17 all
2420 3985 56 16 kinds
2486 3985 19 17 of
2517 3984 79 19 leather.

2377 4017 7 10 A
2391 4015 68 22 ideine,
2477 4022 11 11 n
2501 4016 72 22 perfect
2589 4016 96 16 lubricant
2699 4016 31 17 for
2744 4021 30 12 car-

2396 4045 21 15 3S,
2427 4045 98 15 waggons,
2536 4039 32 17 &c.

2373 4071 73 16 Collars
2456 4069 54 19 made
2523 4072 21 15 to
2557 4075 85 13 measure
2655 4076 25 10 on
2696 4069 33 17 tlic
2742 4074 32 18 pre-

2350 4093 56 18 mises
2414 4100 12 10 a
2434 4093 104 22 speciality.
2576 4092 125 22 Lengthened
2713 4092 61 24 experi-

2351 4121 44 13 ence
2404 4117 20 16 in
2433 4116 25 17 all
2467 4116 68 17 classes
2544 4117 19 16 of
2569 4114 95 19 Saddler's
2672 4116 59 17 work.
2756 4116 28 17 Al]

2352 4140 63 17 orders
2426 4139 96 22 promptly
2532 4139 90 17 attended
2636 4142 26 14 to.

2801 139 84 41 HIN
2902 139 19 41 E
2937 139 24 41 M
2977 139 78 59 OA_
3064 139 150 50 STORE,

2990 209 109 19 ROGERS
3115 209 67 22 directs
3196 219 20 16 at.

2819 240 7 10 '
2835 231 11 21 t
2880 235 78 19 tention
2968 237 21 17 to
2997 235 35 19 the
3041 235 104 26 following
3151 237 45 22 lines
3203 244 13 19 of

2800 263 173 45 CiaiST
2975 266 93 41 KM
3081 268 136 45 '6#OBS

2801 314 102 24 Bycroft's
2913 315 111 19 Snowdrift
3034 315 52 19 N.Z-
3095 316 61 19 Flour

2801 339 103 25 Sultanas,
2915 341 102 19 Muscatel
3025 341 39 19 aud
3073 341 95 21 Valencia
3181 345 36 21 Rai.

2854 366 47 21 sins,
2913 367 41 19 and
2963 367 98 19 Currants

2801 392 50 24 Figs
2858 392 41 19 and
2909 392 112 20 Preserved
3032 393 84 26 Ginger,
3127 394 64 26 Spices

2801 418 76 19 Lemon
2887 419 41 18 and
2938 419 82 25 Orange
3031 419 49 20 Peel

2857 444 70 19 White
2937 445 113 25 Sugar—A
3067 446 112 25 Speciality,

2801 470 51 20 New
2862 470 93 20 Zealand
2961 471 65 25 Dairy
3033 472 142 21 Association's
3181 474 38 22 But.

2826 522 62 19 TEA.
2939 513 122 30 'COFFEE.
3116 524 87 22 COCOA.

2801 571 89 20 General
2902 573 129 19 Assortment
3048 573 21 19 of
3087 573 133 28 Storekeeper's

2981 599 74 19 Goods.

2861 636 314 57 HINEMOTSTORE.

2803 717 44 42 TO
2862 717 27 41 &
2904 719 96 40 FROM
3019 719 69 41 THE
3116 720 106 47 BATHS,

2804 812 152 47 CBIItSS
2973 820 49 12 runs
3040 820 12 13 a
3070 816 112 23 wagonette
3198 817 25 21 be.

2849 848 8 10 »
2888 842 66 16 tween
2968 840 35 18 the
3021 840 38 19 Old
3074 840 108 27 Township
3196 846 28 19 and

2803 865 35 19 the
2848 865 66 19 Baths
2924 866 126 24 throughout
3060 867 35 19 the
3104 867 47 25 day.

2803 927 50 20 Also
3102 929 73 19 Sodom
3196 937 15 13 ai

2840 954 114 20 Gomorrah
2965 955 40 18 and
3015 955 58 19 other
3083 955 66 25 sights
3156 962 45 14 near

2968 981 36 19 the
3014 985 60 16 town.

2904 1032 80 24 Fares
2999 1033 140 24 Moderate.

2804 1088 53 45 B.
2900 1088 45 45 S.
2993 1089 29 44 C

3021 1089 6 19 1
3048 1089 16 18 O
3081 1090 18 17 B
3117 1090 17 17 L
3151 1090 16 17 E
3184 1092 14 16 T
3211 1093 13 19 T,

2911 1145 224 25 AECHITECI',

2884 1180 100 26 Building
2998 1181 108 25 Surveyor,
3125 1182 35 19 &c.

2805 1219 72 24 Agent
2897 1218 32 19 for
2948 1218 35 19 the
3007 1218 98 20 National
3129 1219 46 20 Fire
3197 1221 29 20 and

2897 1244 82 20 Marine
2986 1245 114 19 Insurance
3112 1246 35 18 Co.

2872 1303 148 21 OKOIA

3069 1390 160 34 HOUSE,

2805 1448 111 28 Opposite
2932 1448 40 21 the
2987 1449 54 20 Post
3052 1449 47 20 and
3111 1451 117 26 Telegraph

2983 1476 79 20 Office.

2804 1507 45 19 And
2871 1513 50 13 npjir
2940 1507 35 20 the
2994 1508 122 20 Celebrated
3140 1508 89 22 PRTEST

2843 1533 119 20 RACHEL
2979 1535 39 19 and
3031 1535 57 19 other
3099 1534 54 21 BAT
3159 1536 37 24 US,

2949 1559 144 22 ROTORUA.

2803 1611 111 28 TERMS:
2924 1612 43 19 25s
2975 1617 40 19 per
3022 1613 71 23 week,
3105 1613 27 19 4s
3139 1618 40 19 per
3186 1615 43 24 day,

2836 1644 116 40 MRS
2995 1645 206 46 YOUNG,

2937 1693 173 23 Proprietress.

2803 1763 220 47 Rotorua
3040 1764 190 58 Bakery

2814 1964 105 33 BAKER
2931 1966 26 31 &
2968 1966 251 32 CONFECTIONER.

2853 2044 86 23 Bread
2952 2045 134 24 delivered
3102 2046 78 30 daily.

2853 2112 155 21 GROCERIES

2998 2148 145 24 DRAPERY,

2798 2215 126 18 GENERAL
2930 2216 208 19 STOKEKEEPEB'S
3145 2217 86 18 GOODS.

2818 2269 42 44 J.
2891 2269 49 45 R.
2975 2269 237 50 LU.NDO.N,

2934 2339 166 23 SOLICITOR,

2822 2376 28 20 20,
2863 2375 218 22 SIIORTLAXD-STKKET,
3090 2377 120 17 AUCKLAND.

2801 2421 44 18 ST.B.
2847 2422 107 17 —Attends
2963 2424 80 21 countiy
3053 2423 67 18 Courts
3129 2423 26 23 by
3166 2422 66 24 special

2804 2446 2 21 i
2811 2446 127 21 Tangement.

2802 2495 212 45 Rotorua
3041 2495 192 57 Library

2838 2603 5 12 k
2847 2592 57 20 PEN'
2915 2593 53 19 from
2980 2595 24 17 10
3015 2600 12 13 a

2818 2658 164 23 Subscription
2991 2658 4 23 :
3008 2659 43 17 20s
3060 2659 44 18 Per
3112 2659 102 19 Annum.

2825 2695 89 20 Visitors
2929 2702 48 18 may
2994 2702 85 19 procure
3095 2697 69 19 Books
3182 2697 51 19 from

2799 2722 35 18 the
2843 2721 89 25 Library
2942 2728 25 12 on
2985 2722 86 25 making
3088 2730 13 11 a
3119 2723 79 25 deposit
3214 2723 20 19 of

2799 2751 35 15 not
2843 2747 42 19 less
2894 2748 50 18 than
2965 2750 27 22 ss,
3012 2749 40 18 and
3069 2749 125 25 purchasing
3215 2751 18 17 Is

2799 2780 79 19 coupon
2888 2773 32 20 for
2930 2781 60 18 every
3003 2774 53 19 Four
3065 2775 72 19 books.

2825 2808 44 19 The
2887 2808 88 25 library
2998 2809 17 18 is
3034 2816 51 18 open
3108 2810 75 25 during
3201 2810 33 18 the

2800 2947 173 20 BARRISTER
2985 2949 67 19 AND
3069 2950 167 18 SOLICITOR,

2801 2980 146 18 Commissioner
2963 2982 20 17 of
2996 2982 32 16 the
3043 2982 90 22 Supreme
3147 2982 59 18 Court
3218 2981 18 19 of

2997 3005 44 23 Fiji.

2802 3035 89 17 Solicitor
2898 3036 20 16 to
2928 3036 32 17 the
2972 3036 48 17 'K.Z.
3035 3036 128 18 Government
3179 3036 58 18 under

2867 3059 41 16 The
2916 3059 98 18 Advances
3023 3061 20 16 to
3049 3060 78 17 Settlers

2800 3090 100 17 Victoria
2909 3090 90 22 Akcade,
3010 3091 81 19 Queen-
3093 3096 27 17 st,
3132 3091 105 18 Auckland,

2825 3121 70 23 Money
2904 3123 20 16 to
2932 3121 53 18 Lend
2994 3128 24 12 on
3027 3123 86 17 freehold
3128 3123 81 22 security
3218 3124 19 15 iit

2802 3145 37 16 low
2855 3146 50 16 rates
2922 3146 20 16 of
2954 3145 85 18 interest.
3069 3146 71 22 Monpy
3153 3145 84 19 investod

2803 3168 29 18 for
2841 3168 66 17 clients
2916 3168 38 17 free
2963 3168 20 18 of
2991 3168 75 23 charge.

2853 3217 28 25 J.
2904 3217 48 26 W.
2976 3217 210 28 WRIGLEY,

2826 3257 387 24 ARCHITECT,

2932 3290 184 17 ROTORUH,

2831 3320 69 23 Agent
2909 3320 31 19 for
2956 3320 35 19 the
3008 3320 64 19 South
3095 3321 77 18 British
3194 3321 43 19 Fire

2804 3346 40 18 and
2854 3346 81 18 Marine
2944 3345 111 20 Insrrance
3065 3346 112 25 Company.

2866 3415 79 19 When
2954 3415 24 19 in
2986 3416 125 18 Auckland
3120 3417 57 18 visit

2879 3448 33 26 E.
2940 3449 223 27 SPENCER'S

2848 3489 152 24 CURIO
3027 3490 169 24 DEPOT.

2883 3525 38 22 (On
2930 3525 66 19 Queen
3005 3525 61 17 Street
3079 3523 82 24 Wharf.)

2838 3563 41 19 For
2897 3564 28 19 all
2940 3565 63 18 kinds
3020 3565 21 18 of
3053 3565 14 18 i\
3074 3571 28 12 e\v
3113 3563 93 20 Zealand

2872 3590 72 19 Curios
2965 3591 40 18 and
3023 3590 143 19 Greenstunes.

2808 3733 267 26 MONUMENTAL
3100 3733 140 35 MASON,

2857 3782 124 18 VICTOEIA
3000 3783 97 17 STREET
3116 3782 70 21 EAST,

2829 3859 85 19 Orders
2930 3860 24 18 in
2969 3860 94 22 Marble,
3083 3859 97 19 Granite
3195 3860 45 18 and

2806 3891 79 22 Stone,
2907 3891 120 23 promptly
3052 3892 47 17 and
3123 3891 117 22 faithfully

2806 3923 121 19 executod.

2854 3960 102 23 Designs
2965 3960 46 19 and
3020 3960 75 23 prices
3108 3960 47 18 free
3165 3966 29 13 on

2949 3991 149 24 application.
