2550 4010
1303 513 69 24 lacres
1380 523 7 19 ;
1407 515 38 23 the
1457 516 124 23 remainder
1594 516 25 23 of
1634 516 37 24 the
1690 518 113 31 township
1823 518 74 23 would

1303 542 86 36 (satisfy
1403 548 38 23 the
1455 554 92 25 country
1566 549 129 26 allotments
1707 551 26 23 of
1749 551 36 23 the
1798 551 99 28 settlers,

1301 574 51 30 land
1365 581 37 22 the
1414 582 166 30 compensation
1600 582 34 23 for
1646 582 37 23 the
1694 588 61 19 town
1766 584 132 23 allotments

1301 613 79 33 [would
1393 614 27 22 be
1434 615 63 29 given
1509 615 22 22 in
1545 614 66 24 other
1622 615 53 23 land
1693 616 26 22 of
1741 617 40 23 fair
1801 624 96 24 average

1308 645 86 31 quality
1408 655 25 14 as
1445 655 51 16 near
1508 652 21 19 to
1543 647 38 24 the
1594 649 110 31 township
1714 657 26 15 as
1753 651 142 22 convenient.

1307 698 1 14 ,
1342 680 24 22 9.
1370 692 32 3 —
1405 680 27 23 In
1452 688 41 26 any
1513 688 58 21 case,
1592 681 110 29 however,
1724 683 38 22 the
1782 683 115 31 following

1301 712 129 31 ■principles
1444 718 58 18 must
1514 713 26 24 be
1553 715 131 22 considered
1697 722 25 15 as
1734 716 76 23 fixed:
1813 729 33 3 —

1300 754 14 27 f
1345 747 38 22 10.
1389 758 30 4 —
1420 746 51 23 The
1481 746 157 24 Government
1654 748 44 22 will
1719 753 39 19 not
1776 748 72 24 admit
1859 749 34 24 £l

1309 785 39 23 per
1361 786 50 16 acre
1423 784 23 18 to
1458 779 25 23 be
1495 788 13 14 a
1519 780 115 23 sufficient
1645 781 60 30 price
1719 781 34 23 for
1771 789 44 23 any
1834 782 62 28 land,

1300 810 85 26 mnjess
1398 812 18 23 it
1427 812 27 23 be
1467 812 65 23 taken
1545 814 24 21 in
1582 813 37 23 the
1632 814 73 29 block,
1725 814 60 31 good
1797 815 44 22 and
1853 816 44 22 bad

1300 843 121 31 itogether.

1301 883 5 28 )
1345 879 10 20 1
1363 880 8 20 1
1377 895 5 5 .
1386 890 32 4 —
1420 877 50 24 The
1477 878 156 25 Government
1641 879 43 23 will
1698 880 23 23 in
1729 887 29 16 no
1766 888 51 16 case
1825 880 73 24 admit

1301 909 41 25 <£l
1357 918 40 22 per
1410 918 59 21 acre,
1479 918 40 16 nor
1531 919 58 15 even
1601 913 70 23 £100
1683 920 40 23 per
1736 921 59 20 acre,
1810 918 21 18 to
1844 914 27 23 be
1885 923 13 14 a

1307 943 115 23 sufficient
1434 945 59 29 price
1505 944 32 23 for
1550 944 52 23 land
1616 946 22 22 in
1651 953 12 15 a
1681 951 67 23 town,
1767 946 44 23 aud
1831 955 66 22 espe-

1300 975 74 32 cially
1386 977 23 22 in
1422 984 14 16 a
1447 982 100 26 sea-port
1558 983 59 18 town
1634 979 160 31 commanding
1812 988 43 14 one
1874 981 26 22 of

1309 1008 37 23 the
1359 1010 50 22 best
1420 1010 107 23 harbours
1540 1011 23 22 in
1578 1011 55 23 New
1646 1012 108 23 Zealand.

1344 1044 38 22 12.
1387 1056 28 3 —
1420 1043 50 23 The
1494 1043 156 24 Government
1676 1045 44 22 will
1746 1046 23 22 in
1796 1053 28 15 no
1845 1054 52 16 case

1307 1074 71 24 admit
1390 1075 37 24 the
1443 1076 106 31 principle
1569 1077 25 22 of
1616 1078 81 30 special
1718 1086 103 23 surveys,
1839 1080 56 22 such

1307 1115 25 15 as
1345 1108 57 23 have
1414 1109 56 23 been
1481 1110 96 30 adopted
1594 1111 23 22 in
1630 1110 72 24 South
1715 1111 126 29 Australia,
1855 1120 42 15 nor

1308 1141 44 22 will
1373 1142 38 23 the
1436 1143 153 23 Government
1611 1144 64 23 allow
1694 1144 26 23 of
1743 1152 42 23 any
1809 1150 86 25 system

1299 1174 79 23 'under
1392 1175 72 23 which
1475 1176 28 22 all
1517 1175 36 24 the
1565 1176 60 30 good
1636 1177 51 23 land
1701 1177 23 23 in
1738 1185 27 15 an
1778 1179 118 23 extensive

1409 1216 40 15 can
1462 1209 25 22 be
1500 1209 82 31 picked
1594 1216 38 17 out
1643 1210 27 30 by
1683 1210 38 23 the
1734 1211 50 23 first
1798 1219 96 16 comers.

1298 1256 4 5 •
1307 1240 51 25 The
1371 1242 106 31 principle
1491 1250 26 15 on
1531 1242 73 24 which
1624 1243 36 23 the
1674 1244 157 23 Government
1841 1252 54 23 pro-

1307 1282 66 23 poses
1387 1280 21 17 to
1421 1275 94 23 conduct
1526 1275 38 23 the
1577 1284 81 23 survey
1673 1277 45 23 and
1737 1277 46 23 sale
1791 1278 36 22 #of
1843 1278 52 23 land

1307 1308 21 21 in
1350 1308 54 22 New
1425 1308 99 23 Zealand
1540 1310 19 21 is
1579 1309 38 23 the
1636 1317 61 15 same
1716 1310 49 23 that
1783 1310 41 24 has
1836 1311 59 23 been

1305 1340 106 24 followed
1422 1346 23 18 at
1459 1341 53 23 Port
1519 1341 95 33 Phillip,
1624 1343 73 23 where
1709 1343 39 23 the
1759 1343 65 24 lands
1838 1344 57 23 have

1305 1373 58 24 been
1381 1374 49 24 sold
1452 1376 156 30 continuously
1628 1381 23 17 at
1669 1376 38 23 the
1728 1376 122 24 discretion
1872 1378 26 23 of

1304 1407 160 24 Government
1474 1408 28 31 by
1514 1409 98 28 auction,
1622 1409 43 23 and
1676 1409 58 24 have
1747 1409 96 24 realised
1855 1411 40 22 the

1305 1439 116 32 following
1431 1442 70 29 prices
1510 1450 6 14 :
1518 1454 33 3 —

1304 1487 4 2 ■
1305 1491 5 15 f
1340 1473 103 31 Country
1455 1474 57 28 land,
1524 1482 41 24 per
1578 1482 51 16 acre
1657 1476 48 23 ..£
1745 1478 9 21 1
1793 1478 14 24 7
1844 1478 16 22 G

1303 1512 9 24 ;
1338 1506 73 23 Town
1424 1508 27 22 do
1707 1510 49 25 317
1792 1511 16 22 9
1843 1512 17 21 0

1304 1532 7 30 £
1500 1546 116 15 QUANTITY
1632 1547 60 15 SOLD.

1303 1564 11 19 ?
1324 1567 106 26 159,200
1449 1575 60 16 acres
1524 1567 104 31 Country

1355 1599 67 24 Land
1643 1602 129 28 £219,382
1810 1605 12 21 1
1860 1604 15 23 3

1321 1634 50 23 294
1382 1641 64 16 acres
1459 1633 69 24 Town
1540 1634 68 24 Land
1621 1652 6 6 .
1680 1637 92 26 93,318
1808 1637 16 22 9
1860 1638 16 21 4

1643 1702 130 27 £312,700
1796 1705 28 20 10
1860 1705 15 23 7

1336 1766 106 31 Average
1460 1767 24 23 of
1505 1766 37 24 the
1561 1767 80 30 whole,
1660 1768 34 24 £1
1722 1770 49 22 19s.
1793 1769 38 23 2d.
1851 1777 42 23 per

1303 1807 60 16 acre.

1338 1835 37 21 Ist
1387 1833 106 28 October,
1512 1835 73 22 1840.

1304 1915 84 16 PAPER
1406 1916 146 16 DELIVERED
1572 1917 32 16 BY
1618 1917 50 17 THE
1682 1917 126 17 DEPUTIES
1821 1919 71 15 FROM

1337 1949 65 15 PORT
1421 1950 140 15 NICHOLSON
1580 1950 31 16 TO
1631 1952 40 15 SIR
1689 1951 103 16 GEORGE
1811 1952 81 21 GIPPS,

1338 1982 119 16 OCTOBER
1475 1977 22 26 2,
1521 1978 72 22 1840.

108 1115 45 24 Dr.
166 1115 87 29 Evans,
266 1115 49 24 Mr.
331 1115 105 29 Hanson,
448 1116 45 24 and
500 1117 48 24 Mr.
558 1117 108 32 Moreing

73 1149 87 30 having
176 1149 58 23 been
246 1149 120 30 appointed
380 1149 29 31 by
422 1149 37 24 the
468 1151 96 23 Settlers
576 1156 22 18 at
609 1151 56 23 Port

74 1182 127 24 Nicholson
224 1191 14 14 a
254 1182 141 31 Deputation
421 1188 23 18 to
464 1185 52 22 wait
538 1191 59 24 upon
618 1184 47 24 His

74 1215 141 31 Excellency
235 1216 38 22 Sir
292 1217 91 29 vjeorge
403 1216 82 31 Gipps,
506 1217 118 23 Governor
642 1219 26 22 of

74 1248 39 23 the
137 1248 117 30 Territory
266 1249 25 22 of
308 1248 57 23 New
384 1249 73 23 South
477 1249 78 24 Wales
572 1250 44 23 and
636 1256 29 18 its

73 1281 182 31 Dependencies,
268 1282 44 22 &c.
327 1282 42 23 &c.
385 1282 52 29 &c,
450 1283 45 30 beg
506 1283 62 23 leave
585 1289 23 17 to
627 1284 37 31 lay

73 1315 77 23 before
169 1315 47 22 His
239 1315 140 31 Excellency
404 1315 38 23 the
467 1316 114 30 following
607 1317 61 23 brief

73 1352 130 19 statement.

108 1381 30 23 In
150 1381 37 23 the
199 1388 53 23 year
266 1382 73 27 1839,
353 1389 13 15 a
379 1381 118 31 Company
513 1390 46 16 was
577 1382 86 24 formed

72 1415 25 23 in
110 1414 107 31 England
229 1414 72 23 under
314 1414 38 23 the
364 1415 50 23 title
429 1415 25 23 of
468 1416 40 22 the
528 1415 53 24 New
603 1416 60 23 Zea-

72 1447 55 24 land
146 1447 67 23 Land
232 1447 126 31 Company,
379 1448 34 22 for
432 1447 36 24 the
489 1449 131 30 acquisition
641 1451 26 22 of

72 1480 54 26 land
138 1481 22 22 in
174 1480 58 24 New
249 1480 103 24 Zealand
369 1481 30 31 by
417 1482 112 29 purchase
549 1482 55 22 from
624 1482 39 24 the

72 1515 96 27 natives,
181 1513 54 24 with
247 1522 14 14 a
277 1515 56 22 view
352 1518 23 19 to
394 1514 110 24 establish
523 1515 140 24 settlements

71 1555 62 23 upon
145 1546 38 23 the
195 1546 65 23 lands
271 1555 25 14 so
308 1547 134 31 purchased,
454 1548 29 30 by
496 1556 77 15 means
585 1548 25 23 of
625 1549 38 23 the

70 1581 64 30 price
145 1584 22 19 to
186 1580 28 23 be
232 1579 92 24 derived
342 1581 58 23 from
419 1581 38 23 the
476 1589 34 15 re-
515 1581 46 24 sale
578 1581 25 23 of
625 1582 37 23 the

70 1613 67 24 lands
148 1621 24 15 so
185 1613 134 31 purchased.
357 1614 29 22 In
399 1614 66 28 June,
477 1616 73 27 1839,
559 1615 36 23 the
608 1616 54 22 New

71 1646 102 24 Zealand
184 1646 67 23 Land
263 1646 120 31 Company
398 1647 77 23 issued
493 1648 116 31 proposals
627 1649 36 22 for

71 1679 39 24 the
133 1680 47 23 sale
202 1680 27 23 of
254 1680 143 23 nine-tenths
421 1680 27 23 of
473 1689 15 15 a
510 1680 110 32 township
640 1682 24 23 of

73 1715 107 26 110,000
192 1720 71 21 acres,
277 1713 24 22 in
313 1713 44 23 lots
370 1713 25 23 of
413 1715 45 22 101
472 1722 71 18 acres,
564 1715 54 23 each
630 1715 33 23 lot

71 1746 140 31 comprising
225 1748 46 21 100
284 1754 64 15 acres
360 1746 25 23 of
401 1752 94 26 country
508 1747 53 24 land
568 1748 43 22 and
619 1756 43 15 one

70 1783 62 19 town
143 1780 96 27 section,
250 1779 154 31 undertaking
418 1784 23 18 to
456 1781 89 30 expend
562 1781 22 23 in
604 1782 58 22 emi-

70 1813 91 30 gration
173 1814 31 24 75
217 1820 40 23 per
269 1817 60 19 cent,
343 1813 25 22 of
385 1812 37 24 the
440 1814 113 30 purchase
571 1821 89 24 money,

70 1845 45 24 and
127 1847 117 29 reserving
256 1847 31 23 25
300 1854 41 23 per
353 1851 58 18 cent,
426 1851 22 18 to
465 1847 78 31 defray
562 1847 37 23 the
618 1856 42 14 ex-

70 1887 83 23 penses
164 1880 26 22 of
206 1879 36 23 the
254 1887 84 23 survey
356 1879 44 24 and
413 1886 158 24 management
581 1880 26 23 of
622 1881 39 23 the

69 1912 62 29 land,
144 1912 43 23 and
200 1913 35 23 for
247 1912 37 23 the
302 1913 68 31 profit
388 1921 60 22 upon
467 1913 40 23 the
525 1913 79 32 capital
625 1914 36 23 in-

70 1946 91 28 yested;
176 1946 38 23 the
226 1946 128 30 remaining
363 1946 120 23 one-tenth
492 1947 25 23 of
526 1947 54 23 such
588 1952 73 18 town-

70 1978 52 31 ship
135 1979 69 29 being
214 1979 164 30 appropriated,
391 1979 35 23 for
437 1979 134 23 the.benefit
580 1980 26 22 of
622 1981 39 21 the

68 2011 96 22 natives.
200 2011 37 29 By
249 2010 64 23 these
330 2011 118 31 proposals
467 2011 39 23 the
524 2012 93 30 priority
637 2012 25 23 of

68 2043 78 23 choice
159 2043 35 23 for
206 2043 37 23 the
254 2044 100 22 sections
369 2043 134 31 purchased,
524 2052 24 15 as
566 2045 50 23 well
635 2053 25 15 as

68 2076 35 27 for
114 2076 65 23 those
191 2077 159 30 appropriated
362 2078 34 21 for
408 2077 38 22 the
458 2079 96 27 natives,
572 2086 46 15 was
637 2083 23 18 to

68 2110 28 24 be
109 2110 92 23 decided
213 2110 29 30 by
253 2110 40 23 lot.

102 2142 52 24 The
178 2143 56 23 New
256 2143 102 23 Zealand
381 2143 68 23 Land
472 2143 118 32 Company
613 2152 47 16 was

67 2176 88 23 formed
167 2183 61 24 npon
241 2176 38 23 the
297 2176 63 24 basis
380 2177 24 22 of
426 2177 38 23 the
484 2177 56 24 New
560 2178 100 23 Zealand

68 2209 120 31 Company
207 2209 73 23 which
298 2218 46 15 was
370 2214 35 19 set
423 2218 30 15 on
470 2210 49 23 foot
538 2212 22 22 in
586 2213 72 27 1825,

67 2242 72 24 under
152 2243 37 23 the
201 2244 104 22 sanction
317 2243 26 23 of
359 2244 46 22 His
418 2244 122 31 Majesty's
554 2244 104 24 Govern-

67 2280 71 25 ment,
152 2278 35 22 for
202 2276 39 24 the
256 2277 113 30 purchase
388 2284 23 16 or
437 2278 104 30 territory
559 2279 22 22 in
602 2278 58 23 New

68 2309 108 29 Zealand,
190 2310 52 23 with
255 2317 14 16 a
281 2311 56 22 view
349 2315 22 18 to
385 2310 166 30 Colonization,
566 2311 43 23 and
621 2312 39 22 the

67 2342 119 24 Directors
198 2343 25 23 of
238 2343 74 23 which
324 2343 117 31 expended
459 2345 113 28 £20,000
585 2345 23 22 in
620 2345 40 23 fit-

68 2376 50 31 ting
136 2381 38 18 out
191 2384 29 15 an
240 2376 130 31 expedition
388 2376 35 24 for
441 2377 38 23 the
500 2378 111 31 purchase
635 2379 27 22 of

66 2409 61 29 land,
143 2409 54 23 with
212 2410 37 23 the
268 2409 136 31 knowledge
423 2411 26 22 of
472 2411 46 23 His
539 2411 121 31 Majesty's

67 2442 164 30 Government,
251 2443 45 23 and
319 2444 72 23 under
410 2444 39 23 the
467 2444 113 31 authority
599 2446 26 22 of
646 2453 14 15 a

66 2475 67 24 letter
155 2477 59 23 from
239 2477 47 23 Mr.
317 2477 144 29 Huskisson,
491 2479 125 30 promising
645 2487 15 14 a

67 2509 89 24 charter
167 2510 26 23 of
208 2511 167 30 incorporation
387 2519 25 14 as
425 2518 55 15 soon
499 2519 25 15 as
542 2512 53 30 they
614 2512 45 23 had

66 2543 106 31 acquired
191 2551 14 15 a
223 2545 106 29 territory
348 2543 25 23 of
395 2544 114 23 sufficient
528 2550 77 17 extent
623 2545 35 23 for

67 2575 59 24 their
143 2576 169 31 contemplated
330 2578 137 30 operations.
509 2577 58 24 This
587 2578 70 23 Com-

65 2616 61 25 pany
148 2609 106 32 acquired
278 2611 117 22 extensive
414 2611 125 23 territories
557 2612 22 22 in
599 2611 57 24 New

66 2642 107 30 Zealand,
186 2643 42 23 but
239 2643 38 24 the
288 2644 68 30 panic
368 2643 26 24 of
412 2646 9 21 1
427 2645 48 22 826
489 2645 120 30 prevented
618 2645 38 23 the

66 2675 117 25 Directors
195 2677 58 23 from
268 2677 107 31 carrying
392 2682 40 18 out
451 2677 59 24 their
529 2679 128 30 operations

65 2717 25 16 so
102 2717 25 15 as
140 2715 22 18 to
175 2710 66 23 claim
253 2718 13 15 a
275 2710 98 23 Charter
384 2710 25 23 of
422 2710 179 32 Incorporation,
610 2712 46 23 and

64 2743 20 25 it
96 2743 114 23 remained
221 2744 23 22 in
256 2744 115 30 abeyance
383 2743 58 24 from
453 2744 49 23 that
514 2745 83 31 period.

98 2776 52 23 The
162 2776 112 31 township
287 2775 84 24 offered
383 2776 34 24 for
430 2778 45 22 sale
493 2778 31 31 by
543 2778 36 23 the
597 2779 58 23 New

65 2809 101 24 Zealand
178 2809 67 24 Land
258 2809 120 32 Company
392 2818 45 15 was
455 2811 125 30 purchased
598 2813 24 21 in
642 2820 14 15 a

63 2842 44 23 few
125 2842 75 24 weeks
213 2852 5 19 ;
245 2842 87 32 mainly
350 2850 24 15 m
395 2851 155 23 consequence
570 2844 25 23 of
617 2844 38 24 the

64 2875 72 24 direct
147 2876 103 23 sanction
261 2876 75 23 which
347 2875 45 24 had
410 2876 53 24 thus
480 2877 58 23 been
556 2877 99 24 afforded

65 2908 30 32 by
107 2909 38 24 the
159 2908 156 24 Government
334 2909 26 23 of
377 2909 72 24 Great
467 2910 89 24 Britain
575 2915 22 19 to
618 2911 38 24 the

63 2942 112 31 purchase
190 2942 26 24 of
231 2942 55 24 land
305 2942 57 24 from
382 2943 38 23 the
440 2943 95 24 Natives
554 2943 23 24 of
597 2944 59 24 New

65 2975 108 29 Zealand,
192 2976 45 23 and
254 2976 25 23 of
300 2975 40 24 the
359 2976 94 31 implied
474 2978 140 30 recognition
633 2978 26 23 of

65 3008 38 23 the
115 3009 63 30 right
188 3009 27 23 of
230 3009 37 23 the
281 3009 96 23 Natives
391 3009 25 23 of
437 3009 58 24 New
514 3010 100 24 Zealand
632 3016 23 18 to

65 3041 90 32 dispose
173 3042 26 23 of
220 3042 60 23 their
298 3042 60 28 land,
383 3043 120 24 contained
526 3044 24 23 in
568 3044 29 23 all
617 3044 39 23 the

65 3076 202 22 communications
287 3075 25 23 of
337 3076 51 23 Her
408 3076 123 32 Majesty's
550 3077 106 24 Govern-

64 3112 72 24 ment,
154 3107 100 24 whether
265 3108 76 31 public
354 3117 26 15 or
389 3110 97 30 private.

98 3141 38 30 By
147 3140 46 24 this
207 3140 111 32 purchase
336 3142 114 27 £75,00Q
468 3150 47 19 was
534 3143 79 32 placed
632 3145 23 22 in

65 3173 38 24 the
114 3174 73 24 hands
207 3175 25 22 of
246 3174 40 23 the
306 3174 55 23 New
381 3175 100 24 Zealand
500 3176 67 25 Land
585 3177 71 25 Com-

64 3215 69 24 pany,
143 3212 23 19 to
178 3208 28 22 be
218 3207 120 32 employed
347 3208 21 22 in
376 3209 131 31 promoting
514 3211 141 30 emigration.

100 3241 81 23 Under
192 3241 38 22 the
242 3246 172 25 arrangements
429 3242 25 23 of
468 3242 39 23 the
522 3243 55 24 New
595 3244 61 24 Zea-

64 3273 55 25 land
131 3274 66 23 Land
210 3274 119 31 Company
341 3282 14 15 a
361 3274 63 31 large
432 3275 59 31 body
498 3276 26 23 of
533 3277 124 31 capitalists

65 3307 45 23 and
119 3307 125 29 labourers,
265 3308 135 30 amounting
418 3312 23 19 to
462 3310 73 27 1,500
554 3317 101 23 persons,

64 3340 57 24 have
134 3341 123 31 emigrated
269 3345 23 19 to
306 3340 56 24 New
374 3341 108 29 Zealand,
502 3342 45 23 and
557 3351 37 16 are
606 3351 51 15 now

64 3374 81 23 settled
157 3382 61 23 upon
229 3374 55 23 land
295 3374 128 32 purchased
435 3375 30 31 by
481 3374 38 24 the
538 3376 118 33 Company

63 3406 59 24 from
134 3407 37 23 the
184 3408 97 23 Natives
293 3408 26 23 of
335 3408 58 23 Port
405 3408 135 24 Nicholson.

65 3477 99 18 MINUTE
189 3479 31 16 OF
244 3479 186 16 PROPOSITIONS
454 3479 144 17 SUGGESTED
622 3481 33 16 BY

98 3512 42 16 HIS
158 3512 169 17 EXCELLENCY
346 3512 41 16 SIR
408 3512 102 17 GEORGE
529 3514 77 21 GIPPS,
627 3514 28 16 IN

98 3545 82 17 REPLY
193 3546 31 16 TO
237 3546 51 16 THE
300 3545 246 17 REPRESENTATIONS
559 3547 30 16 OF
602 3547 52 16 THE

96 3578 125 17 DEPUTIES
230 3580 33 15 AT
276 3579 81 17 THEIR
369 3579 110 17 VARIOUS
493 3579 161 17 INTERVIEWS

97 3611 69 17 WITH
185 3612 58 16 HIM.

97 3665 22 23 1.
120 3676 35 4 —
157 3663 50 25 The
214 3665 113 31 Deputies
339 3665 59 23 from
411 3665 57 23 Port
476 3665 125 24 Nicholson
615 3673 37 16 are

63 3696 135 25 understood
210 3702 23 19 to
244 3705 84 25 appear
343 3705 29 16 on
390 3698 80 23 behalf
491 3698 26 23 of
537 3698 37 24 the
592 3698 60 24 indi-

64 3730 86 24 viduals
161 3730 50 24 who
222 3731 59 23 have
292 3731 82 23 settled
386 3731 72 29 there,
466 3731 44 25 and
524 3737 39 18 not
573 3740 28 15 on
615 3732 37 24 the

62 3768 50 25 part
122 3763 26 23 of
162 3763 38 24 the
214 3764 119 31 Company
341 3773 6 14 :
366 3764 55 31 they
430 3764 56 24 seek
498 3770 24 18 to
529 3764 56 25 have
594 3765 58 24 their

63 3803 49 16 case
123 3796 104 31 liberally
240 3797 133 23 considered
383 3797 31 30 by
429 3797 38 23 the
487 3798 164 29 Government,

61 3832 23 20 to
96 3829 73 23 which
180 3829 54 31 they
251 3830 68 23 make
339 3830 72 23 entire
431 3830 138 25 submission
576 3841 6 19 ;
606 3832 46 23 and

62 3862 51 30 they
125 3862 159 31 acknowledge
296 3862 55 31 they
362 3870 43 16 can
414 3863 53 23 hold
486 3863 53 24 land
543 3865 32 23 -in
594 3865 57 23 New

63 3895 97 23 Zealand
171 3896 53 30 only
234 3895 59 24 from
306 3896 38 23 the
357 3896 91 23 Crown.

94 3929 22 23 2.
120 3940 34 5 —
154 3928 50 24 The
212 3929 166 27 Government
387 3930 23 22 in
419 3930 105 29 entering
533 3930 45 24 into
587 3938 61 16 com-

694 511 143 23 munication'
845 511 53 23 with
912 511 37 23 the
961 512 119 31 Deputies,
1089 513 53 23 does
1154 513 126 32 notre'cog-
1288 508 2 18 '

695 544 49 22 nise
757 552 24 15 as
794 544 58 23 valid
865 552 44 24 any
928 550 37 18 act
984 546 25 22 of
1030 546 39 22 the
1083 546 120 32 jUompany
1224 548 59 22 from

695 577 74 23 which
781 577 53 32 they
846 578 76 23 derive
934 578 59 23 their
1005 579 86 23 claims.

680 613 2 23 I
729 612 23 22 3.
757 623 31 3 —
790 610 24 24 It
825 612 19 22 is
856 611 139 24 understood
1007 612 49 23 that
1067 612 36 23 the
1118 612 89 24 settlers
1226 613 57 23 have

680 656 2 24 I
693 643 57 23 been
764 643 36 23 led
811 649 23 18 to
846 650 81 25 expect
939 644 65 23 lands
1018 647 26 21 at'
1055 645 55 23 Port
1124 645 124 24 Nicholson
1261 652 23 17 at

694 676 39 24 the
743 677 97 25 uniform
851 679 63 29 price
926 677 26 23 of
967 678 20 23 £
993 680 6 20 1
1019 685 39 23 per
1072 686 50 15 acre
1131 687 5 14 :
1162 678 37 23 the
1218 678 66 24 lands

680 710 2 20 I
693 715 23 17 to
729 710 28 22 be
769 711 97 22 selected
879 715 40 18 out
932 711 25 22 of
972 718 14 15 a
1000 711 109 30 township
1129 711 25 23 of
1176 714 107 26 110,000

693 751 71 20 acres,
783 743 44 23 and
846 743 37 22 the
903 744 94 30 priority
1016 744 25 23 of
1062 744 73 23 choice
1155 749 21 18 to
1196 744 87 32 depend

694 783 61 23 upon
777 784 30 15 an
829 781 161 26 arrangement
1008 777 71 23 which
1103 785 45 15 was
1171 777 65 24 made
1261 779 22 22 in

694 809 108 29 Eugland
826 817 29 15 on
877 809 39 23 the
938 810 111 31 principle
1072 810 24 23 of
1123 818 12 15 a
1157 810 82 32 lottery
1259 819 25 16 or

693 842 73 24 raffle.
804 842 22 24 It
837 843 19 23 is
869 843 138 23 understood
1020 843 47 23 also
1079 843 47 23 that
1138 843 37 23 the
1194 844 90 23 settlers

692 875 53 31 paid
757 876 34 25 for
802 875 65 24 lands
879 876 77 23 before
975 876 54 31 they
1046 877 41 23 left
1104 876 115 31 England,
1239 876 45 24 and

692 908 36 22 for
747 909 38 23 the
804 913 59 19 most
879 911 52 28 part*
950 909 101 23 received
1069 909 46 23 free
1132 916 113 24 passages
1260 915 23 17 to

693 941 57 22 New
764 942 108 23 Zealand.

726 976 61 22 4.—
788 974 51 23 The
849 980 87 18 utmost
949 974 49 24 that
1009 976 38 22 the
1063 975 88 23 settlers
1171 983 41 15 can
1232 983 50 15 rea-

692 1007 95 31 sonably
802 1007 41 24 ask
858 1008 26 22 of
899 1008 38 22 the
958 1007 154 24 Government
1130 1009 27 27 is,
1176 1009 49 22 that
1246 1009 37 23 the

691 1040 139 31 advantages
848 1040 59 23 shall
928 1041 27 22 be
975 1042 92 22 secured
1088 1047 20 17 to
1129 1041 60 23 them
1210 1042 72 23 which

691 1072 54 32 they
759 1082 57 14 were
827 1073 36 23 led
876 1078 22 18 to
912 1078 82 26 expect
1006 1074 63 23 when
1084 1074 52 30 they
1156 1074 39 23 left
1215 1074 66 31 Eug-

691 1106 54 23 land
754 1116 6 19 ;
780 1106 49 24 that
841 1108 19 21 is
873 1112 22 18 to
909 1115 47 22 say,
969 1107 47 23 that
1029 1108 52 30 they
1089 1107 57 23 shall
1154 1108 26 22 be
1189 1108 93 23 allowed

691 1143 23 19 to
727 1140 53 23 take
791 1143 106 25 110,000
905 1148 64 15 acres
980 1141 155 29 continuously
1145 1141 71 22 round
1227 1141 56 23 Port

693 1173 133 29 Nicholson,
839 1174 44 23 and
896 1178 22 19 to
932 1174 59 23 form
1003 1174 59 23 their
1073 1181 48 16 own
1134 1175 147 30 community,

691 1206 53 23 with
759 1214 28 15 no
799 1212 89 25 greater
900 1207 149 23 interference
1057 1215 27 15 on
1093 1207 37 23 the
1142 1212 50 25 part
1203 1207 25 23 of
1244 1207 38 24 the

692 1239 156 24 Government
867 1240 54 23 than
942 1248 51 23 may
1012 1240 27 23 be
1058 1248 117 23 necessary
1196 1241 33 22 for
1243 1240 38 24 the

691 1272 44 24 due
747 1273 182 23 administration
941 1273 25 23 of
983 1273 84 31 justice
1085 1274 20 22 in
1126 1273 37 26 the
1178 1273 103 26 Queen's

692 1313 74 22 name,
786 1307 44 22 and
846 1307 38 23 for
903 1307 38 22 the
966 1307 117 23 collection
1100 1306 26 24 of
1149 1307 36 23 the
1203 1308 78 29 public

691 1346 107 18 revenue.

726 1374 23 22 5.
752 1386 32 3 —
787 1373 50 23 The
844 1373 167 31 .disadvantage
1026 1377 22 19 to
1067 1373 37 24 the
1124 1373 157 24 Government

690 1405 26 23 of
731 1406 56 23 such
804 1414 12 15 a
829 1406 137 31 proceeding
978 1406 72 23 would
1067 1407 26 23 be
1112 1406 48 23 that
1175 1407 17 22 it
1204 1407 76 23 would

690 1438 48 23 lose
757 1439 38 23 the
814 1440 61 30 large
895 1447 49 16 sum
966 1439 24 22 of
1009 1447 80 23 money
1107 1439 72 23 which
1198 1440 23 22 in
1241 1440 38 23 the

689 1471 106 32 ordinary
815 1480 79 16 course
913 1473 25 22 of
954 1473 129 22 settlement
1100 1473 73 30 might
1193 1473 26 23 be
1239 1473 36 23 de-

688 1505 63 23 rived
763 1506 59 23 from
835 1506 37 23 the
884 1506 47 23 sale
943 1506 26 22 of
985 1506 52 22 land
1049 1506 101 23 whereon
1163 1506 37 23 the
1220 1511 58 18 town

689 1538 18 22 is
721 1544 22 17 to
757 1539 26 22 be
796 1539 64 28 built,
874 1539 45 23 and
931 1539 73 23 which
1020 1544 80 18 cannot
1114 1539 27 23 be
1159 1540 120 23 estimated

688 1578 23 15 at
723 1571 46 24 less
782 1572 53 23 than
847 1573 124 27 £50,000.
1008 1572 54 28 But,
1075 1580 23 15 as
1118 1572 37 23 the
1173 1572 105 24 Govern-

688 1610 64 18 ment
764 1605 71 23 would
847 1610 40 26 get
898 1613 29 15 no
940 1614 82 22 money
1034 1605 56 23 from
1102 1605 38 24 the
1149 1605 46 23 sale
1203 1606 25 22 of
1240 1607 38 23 the

688 1638 61 28 land,
762 1639 18 22 it
791 1638 66 23 could
869 1644 40 17 not
920 1638 27 23 be
961 1638 108 32 expected
1081 1644 21 18 to
1121 1639 36 31 lay
1175 1644 40 18 out
1234 1647 45 24 any

688 1671 22 23 in
724 1671 38 23 the
775 1672 164 31 improvement
951 1672 25 23 of
992 1673 17 22 it
1018 1681 5 14 :
1042 1672 38 23 the
1095 1672 89 23 settlers
1203 1673 74 23 would

688 1705 161 31 consequently
874 1705 58 23 from
962 1706 38 22 the
1029 1711 193 18 commencement
1250 1706 27 23 be

689 1738 97 31 charged
799 1739 52 22 with
865 1738 30 24 all
909 1738 36 23 the
959 1746 99 23 expense
1070 1739 23 22 of
1102 1746 123 23 surveying
1232 1739 44 23 ami

688 1771 78 31 laying
777 1777 40 18 out
828 1772 59 23 their
899 1771 73 29 lands,
988 1772 42 23 and
1049 1772 51 23 with
1121 1772 36 23 the
1176 1773 100 23 erection

688 1805 25 22 of
728 1804 31 23 all
770 1805 76 30 public
864 1805 124 30 buildings,
1008 1811 80 25 except
1105 1805 56 23 such
1180 1814 25 14 as
1224 1814 53 23 may

688 1837 26 23 be
721 1845 120 23 necessary
848 1838 33 23 for
890 1838 37 23 the
935 1838 118 23 collection
1062 1839 24 23 of
1096 1838 51 23 Her
1155 1838 122 32 Majesty's

688 1878 104 20 revenue,
807 1872 37 22 the
855 1872 182 22 administration
1051 1872 24 22 of
1081 1872 90 31 justice,
1182 1872 45 23 and
1239 1873 38 23 the

687 1903 93 24 defence
799 1905 25 22 of
846 1905 38 23 the
903 1905 130 23 settlement
1052 1905 70 23 either
1140 1906 89 30 against
1248 1914 28 15 an

687 1938 103 22 external
809 1946 25 15 or
853 1946 29 15 an
902 1938 97 23 internal
1018 1946 86 23 enemy.
1149 1939 46 23 For
1213 1939 64 23 these

686 1970 68 23 latter
764 1978 111 23 purposes
888 1972 17 21 it
918 1971 74 22 would
1001 1972 26 22 of
1037 1979 77 14 course
1123 1971 27 23 be
1157 1979 120 23 necessary

687 1999 49 26 that
748 2002 37 23 the
797 2003 108 30 requisite
917 2004 124 29 quancities
1053 2004 24 22 of
1091 2003 52 23 land
1156 2004 81 22 should
1250 2004 27 23 be

686 2035 114 24 reserved.

721 2070 24 22 6.
748 2082 34 3 —
782 2068 52 24 The
851 2070 178 22 inconvenience
1048 2074 22 18 to
1089 2070 37 22 the
1146 2070 90 23 setters
1256 2072 25 22 of

687 2102 55 22 such
755 2110 28 15 an
797 2108 159 25 arrangement
971 2103 72 23 would
1058 2103 106 31 probably
1184 2104 27 23 be
1228 2104 49 23 that

688 2135 77 23 within
779 2136 58 23 their
849 2136 113 31 township
975 2137 24 22 of
1018 2139 10 21 1
1035 2139 8 20 1
1049 2139 74 26 0,000
1142 2145 62 15 acres
1224 2137 53 32 they

688 2169 73 31 might
772 2169 48 23 find
839 2169 54 31 only
912 2178 13 14 a
945 2170 66 23 small
1030 2171 89 29 portion
1138 2171 25 22 of
1181 2170 52 23 land
1253 2171 25 23 fit

687 2201 34 24 for
735 2202 77 30 tillage
822 2211 5 15 :
846 2203 41 23 but
898 2203 46 23 this
956 2204 20 22 is
987 2211 28 15 an
1023 2204 173 22 inconvenience
1204 2204 73 24 which

687 2235 54 31 they
752 2241 62 17 must
825 2236 57 23 have
894 2236 57 24 been
962 2237 110 31 prepared
1084 2242 20 18 to
1118 2242 65 19 meet,
1197 2237 45 23 and
1255 2242 22 19 to

686 2273 38 26 get
738 2268 42 24 bad
792 2269 53 23 land
856 2270 89 23 instead
958 2270 25 23 of
998 2270 58 31 good
1069 2271 19 22 is
1099 2270 37 23 the
1146 2270 48 23 risk
1203 2270 74 24 which

686 2309 68 24 every
766 2310 82 23 person
861 2311 56 15 runs
929 2303 49 23 who
992 2303 57 31 buys
1061 2303 51 23 land
1125 2303 93 24 without
1225 2312 51 15 see-

686 2336 40 30 ing
744 2336 25 23 it.
807 2336 49 23 The
876 2336 112 31 principle
1006 2337 48 23 also
1073 2337 24 23 of
1113 2345 13 15 a
1143 2337 91 31 lottery,
1252 2346 25 14 or

686 2369 25 23 of
726 2377 15 15 a
751 2369 71 29 raffle,
836 2377 75 16 seems
924 2375 23 17 to
959 2371 64 29 point
1035 2376 39 17 out
1086 2371 48 22 that
1148 2378 62 15 some
1223 2379 53 23 per-

686 2410 54 15 sons
752 2410 59 15 were
823 2407 21 19 to
858 2404 61 22 draw
929 2404 76 29 prizes
1020 2404 44 23 and
1083 2404 74 23 others
1176 2404 83 24 blanks
1269 2414 6 18 ;

686 2435 40 23 but
740 2436 21 22 in
773 2437 65 30 point
849 2436 26 24 of
891 2437 52 28 fact,
958 2437 62 23 there
1029 2437 70 23 would
1107 2437 28 23 be
1145 2437 79 31 hardly
1233 2446 44 22 any

684 2468 85 24 blanks
776 2473 23 19 at
806 2470 37 28 all,
849 2478 25 15 as
884 2470 37 23 the
931 2475 59 18 town
999 2470 127 23 allotments
1132 2471 64 23 alone
1203 2471 74 23 would

685 2502 27 23 be
725 2502 71 23 worth
808 2511 24 15 as
845 2503 76 29 much,
935 2511 26 15 or
977 2503 79 31 nearly
1068 2512 24 15 as
1107 2504 67 23 much
1194 2512 24 15 as
1231 2512 46 16 was

684 2536 54 30 paid
745 2536 29 30 by
781 2544 44 23 any
832 2536 124 23 individual
964 2536 56 24 both
1029 2538 33 22 for
1074 2537 33 23 his
1116 2541 59 19 town
1188 2538 44 22 and
1241 2538 36 23 his

684 2574 96 27 country
788 2569 65 28 land;
868 2570 45 23 and
928 2570 39 23 the
980 2570 71 24 whole
1067 2570 109 31 township
1190 2578 25 16 or
1227 2571 49 23 dis-

684 2603 60 28 trict,
755 2603 115 31 including
878 2611 25 15 as
912 2604 17 22 it
943 2603 54 24 does
1013 2611 43 16 one
1070 2604 24 23 of
1103 2604 37 23 the
1154 2604 51 23 best
1220 2605 56 23 sites

683 2635 36 23 for
728 2644 14 14 a
748 2641 103 26 sea-port
866 2641 59 19 town
940 2637 26 23 in
980 2637 57 23 New
1052 2637 106 29 Zealand,
1171 2642 63 19 must
1248 2638 28 23 be

684 2670 134 23 considered
829 2670 71 23 worth
912 2670 35 23 far
959 2678 63 15 more
1035 2671 53 23 than
1099 2672 140 27 £110,000.

717 2705 23 23 7.
744 2716 33 3 —
778 2703 51 23 The
837 2704 54 30 only
898 2703 66 24 other
970 2704 111 31 principle
1089 2712 60 23 upon
1157 2705 73 23 which
1246 2713 28 15 an

682 2736 115 31 equitable
809 2736 141 32 adjustment
961 2745 52 23 may
1026 2738 27 23 be
1063 2738 71 28 made,
1149 2746 95 23 appears
1252 2743 24 18 to

682 2778 37 14 me
740 2774 21 19 to
780 2770 28 23 be
827 2770 50 24 that
895 2771 26 23 of
942 2771 39 23 the
999 2772 47 22 Act
1065 2771 71 23 which
1155 2771 41 23 has
1218 2771 58 24 been

681 2803 83 31 passed
776 2804 35 23 for
822 2804 38 23 the
877 2804 131 23 settlement
1021 2805 25 22 of
1062 2804 76 24 claims
1150 2809 23 19 to
1185 2805 53 23 land
1251 2806 23 22 in

683 2835 58 23 New
759 2836 107 29 Zealand,
881 2837 72 23 under
966 2837 73 23 which
1058 2838 36 23 the
1112 2838 71 23 whole
1203 2843 73 18 town-

682 2868 53 32 ship
746 2870 25 23 of
786 2869 121 24 Britannia
925 2870 74 31 might
1018 2871 27 23 be
1064 2871 109 29 resumed,
1195 2879 25 16 or
1237 2879 39 16 re-

682 2902 82 24 served
785 2902 31 31 by
838 2903 38 23 the
900 2903 165 29 Government,
1088 2905 79 30 giving
1190 2909 22 19 to
1235 2905 39 23 the

683 2935 120 24 claimants
815 2937 170 30 compensation
997 2937 119 31 according
1129 2942 21 19 to
1159 2937 38 24 the
1205 2943 71 19 terms

683 2969 25 22 of
724 2969 38 23 the
775 2969 52 28 Act,
842 2970 96 30 varying
950 2969 58 24 from
1023 2973 15 21 5
1059 2975 21 18 to
1098 2973 32 22 30
1150 2972 67 22 times
1237 2971 39 24 the

682 3007 94 18 amount
789 3003 24 22 in
823 3010 64 16 acres
900 3003 26 23 of
941 3003 39 24 the
992 3004 53 23 laud
1058 3004 110 24 reserved.

699 3038 23 21 8.
724 3049 35 3 —
761 3035 29 24 In
795 3036 66 23 order
867 3041 22 19 to
895 3044 64 23 carry
966 3037 57 23 such
1030 3045 28 15 an
1065 3042 158 26 arrangement
1227 3039 49 23 into

682 3068 75 30 effect,
770 3069 38 24 the
821 3069 119 24 claimants
953 3075 74 25 mignt
1039 3070 26 23 be
1077 3070 95 30 divided,
1180 3072 95 23 accord-

682 3102 41 31 ing
736 3107 22 18 to
766 3102 59 24 their
832 3103 96 31 priority
936 3102 26 24 of
971 3103 85 28 choice,
1065 3104 46 23 into
1120 3105 51 22 nine
1180 3104 94 29 classes,

682 3135 46 24 and
740 3136 38 23 the
789 3143 96 23 persons
903 3137 23 22 in
945 3136 55 23 each
1020 3136 59 24 class
1096 3137 73 31 might
1189 3138 87 23 receive

682 3169 35 23 for
729 3169 55 23 each
804 3177 50 15 acre
874 3169 26 23 of
914 3169 54 24 land
987 3169 49 24 that
1055 3170 51 32 they
1126 3171 73 23 would
1216 3171 60 24 have

682 3202 58 24 been
764 3202 94 24 entitled
881 3208 23 18 to
924 3203 24 24 in
967 3203 38 23 the
1025 3208 59 21 town
1102 3204 38 23 the
1159 3204 117 32 following

682 3236 97 24 number
790 3237 24 22 in
826 3236 37 24 the
876 3241 96 26 country
982 3245 6 15 :—:
990 3249 33 4 —

821 3271 37 22 Ist
869 3270 60 23 class
957 3287 41 6 ...
1008 3272 46 22 .30
1066 3278 70 17 acres.

819 3303 48 24 2nd
881 3303 29 23 do
1024 3306 31 23 27
1069 3303 34 25 do.

819 3336 44 24 3rd
875 3336 28 23 do
1024 3339 33 22 24
1069 3337 34 24 do.

818 3370 47 29 4th,
873 3369 29 24 do
1022 3372 31 22 21
1067 3371 36 24 do.

818 3403 42 24 sth
872 3403 30 24 do
1024 3406 31 22 18
1068 3404 34 23 do.

818 3436 41 24 6th
872 3436 30 24 do
1024 3439 29 22 15
1067 3437 35 24 do.

818 3469 42 25 7th
872 3469 29 24 do
1024 3472 30 22 12
1067 3470 35 24 do.

818 3502 42 24 Bth
872 3502 29 24 do
1039 3505 16 23 9
1067 3503 35 25 do.

818 3535 42 24 oth
873 3535 29 24 do
1039 3538 16 23 6
1067 3536 35 25 do.

681 3566 35 24 Or
728 3566 39 24 the
778 3575 95 24 persons
886 3569 74 30 might
971 3574 24 18 at
1013 3570 59 23 their
1089 3570 76 31 option
1183 3570 58 23 have
1261 3578 14 15 a

680 3601 121 22 remission
824 3601 25 23 of
876 3601 38 24 the
938 3610 63 15 same
1023 3603 95 24 number
1136 3603 26 23 of
1183 3603 90 31 pounds
1286 3613 2 22 |

680 3633 97 31 sterling
787 3634 25 23 in
830 3634 39 24 the
887 3635 113 30 purchase
1020 3636 25 22 of
1065 3640 59 18 town
1142 3636 130 23 allotments
1285 3641 3 6 '

679 3666 59 23 from
749 3667 38 26 the
796 3667 158 26 Government
962 3677 7 16 :
988 3669 37 22 the
1035 3669 156 28 Government
1198 3669 75 23 would

680 3700 23 22 in
716 3700 50 23 that
785 3707 50 16 case
854 3700 43 23 sell
916 3701 130 24 allotments
1065 3702 23 22 in
1105 3702 39 26 the
1163 3706 59 19 town
1242 3702 29 29 by

679 3733 99 28 auction,
792 3740 30 16 on
834 3733 38 24 the
884 3741 63 16 same
961 3735 118 31 principle,
1098 3735 44 22 and
1154 3742 25 15 as
1193 3735 79 31 nearly
1284 3738 2 27 |

679 3773 26 16 as
715 3766 102 31 possible
829 3770 22 19 at
863 3766 39 23 the
914 3775 63 15 same
991 3772 67 26 upset
1070 3768 69 30 price,
1159 3775 25 15 as
1203 3768 67 23 allot-

679 3804 75 18 ments
766 3807 39 16 are
817 3804 22 18 to
850 3799 29 23 be
891 3799 51 24 sold
953 3801 24 22 in
993 3801 37 23 the
1044 3805 72 19 towns
1134 3801 25 23 of
1175 3801 96 24 Russell

679 3832 45 23 and
735 3832 132 30 Auckland,
882 3837 25 19 at
918 3832 39 24 the
969 3833 51 31 Bay
1032 3834 26 23 of
1073 3833 90 24 Islands
1182 3834 45 24 and
1246 3835 24 23 in

679 3865 37 24 the
729 3866 60 23 river
801 3865 109 25 Thames.
947 3866 51 24 The
1011 3867 103 31 quantity
1121 3867 25 23 of
1154 3867 53 24 land
1216 3868 53 23 thus

679 3904 22 18 to
710 3898 32 24 be
753 3899 105 24 reserved
870 3899 32 31 by
916 3899 38 24 the
975 3900 155 24 Government
1147 3900 76 24 would
1240 3901 29 23 be

677 3931 121 25 one-tenth
818 3933 25 22 of
864 3933 39 23 the
922 3933 72 23 whole
1011 3933 117 32 township,
1149 3942 24 15 or
1195 3936 74 25 1,100
1281 3938 3 4 '

1330 3869 51 24 The
1394 3869 88 24 settlers
1494 3874 23 19 at
1529 3869 58 24 Port
1599 3870 126 23 Nicholson
1737 3871 66 28 have,
1822 3871 63 24 how-

1296 3909 60 22 tver,
1375 3911 26 15 as
1420 3907 39 26 yet
1477 3910 31 16 no
1530 3907 119 27 corporate
1671 3904 117 23 existence
1811 3904 74 24 which

1295 3936 74 30 sajght
1380 3936 80 23 enable
1473 3936 57 24 them
1545 3941 21 18 to
1580 3937 91 29 provide
1689 3937 36 23 for
1745 3937 36 24 the
1801 3945 84 23 survey

1338 2039 51 24 The
1409 2040 109 32 Deputies
1537 2042 59 23 from
1617 2042 56 24 Port
1689 2042 127 24 Nicholson
1834 2044 59 24 have

1303 2072 44 24 had
1361 2073 37 24 the
1412 2073 68 24 honor
1493 2079 21 18 to
1526 2076 89 23 receive
1627 2075 57 24 from
1698 2076 39 23 the
1759 2077 134 24 Honorable

1304 2106 38 23 the
1350 2106 104 24 Colonial
1464 2108 116 31 Secretary
1589 2117 13 14 a
1609 2110 86 22 minute
1703 2110 27 22 of
1738 2111 155 30 propositions

1303 2140 123 30 suggested
1439 2141 30 30 by
1488 2141 43 23 His
1552 2141 141 32 Excellency
1714 2143 38 23 the
1771 2143 122 24 Governor

1304 2173 25 22 of
1352 2173 56 23 New
1434 2173 70 24 South
1526 2174 88 29 Wales,
1638 2175 53 24 with
1711 2176 80 30 regard
1811 2181 23 18 to
1854 2177 38 23 the

1303 2206 124 30 purchases
1441 2207 24 23 of
1477 2207 53 24 land
1550 2208 67 23 made
1639 2208 30 32 by
1691 2208 40 24 the
1754 2209 92 24 settlers
1869 2216 24 17 at

1306 2239 56 23 Port
1373 2240 132 25 Nicholson.

1337 2272 51 24 The
1401 2273 110 32 Deputies
1523 2274 45 24 feel
1579 2275 77 23 bound
1676 2279 21 19 to
1718 2283 93 23 express
1831 2277 61 23 their

1303 2313 66 16 sense
1381 2306 26 23 of
1423 2307 37 23 the
1476 2307 78 24 liberal
1575 2308 167 24 consideration
1760 2309 73 24 which
1853 2310 39 23 the

1304 2340 173 24 circumstances
1491 2341 24 23 of
1530 2341 38 23 the
1582 2342 89 23 settlers
1683 2346 24 19 at
1721 2342 55 24 Port
1794 2343 97 25 Nichol-

1303 2380 40 15 son
1356 2373 58 24 have
1426 2374 98 23 received
1537 2374 58 25 from
1609 2375 45 24 His
1667 2374 148 33 Excellency.

1337 2406 52 23 The
1401 2407 110 31 Deputies
1523 2408 70 23 admit
1606 2408 37 24 the
1655 2409 139 30 expediency
1811 2409 26 24 of
1853 2410 38 23 the

1303 2439 122 31 principles
1439 2440 42 23 laid
1493 2441 63 23 down
1570 2442 30 31 by
1615 2441 45 24 His
1672 2442 141 31 Excellency
1830 2451 25 15 as
1869 2448 23 19 to

1304 2472 36 23 the
1354 2477 70 19 terms
1437 2473 24 23 of
1475 2474 117 32 disposing
1604 2482 23 16 or
1645 2475 59 23 land.
1744 2475 65 32 They

1303 2505 53 31 only
1368 2512 94 25 suggest
1474 2507 47 24 that
1531 2508 23 23 in
1568 2516 13 15 a
1594 2516 50 15 case
1657 2508 73 24 where
1749 2509 57 23 little
1825 2517 64 16 more

1303 2538 53 23 than
1370 2547 42 16 one
1424 2540 49 23 fifth
1492 2541 24 23 of
1531 2541 39 23 the
1588 2541 55 23 laud
1653 2543 19 21 is
1684 2542 120 29 available,
1824 2550 66 16 some

1302 2572 151 24 modification
1467 2574 23 23 of
1505 2573 64 24 those
1582 2574 121 32 principles
1716 2576 73 30 might
1801 2577 89 30 equita-

1302 2604 37 31 bly
1352 2605 26 23 be
1392 2607 127 30 permitted.

1335 2638 52 24 The
1399 2641 115 30 proposals
1525 2641 26 22 of
1566 2641 38 23 the
1620 2641 56 24 New
1695 2641 104 24 Zealand
1818 2642 72 25 Com-

1301 2679 60 24 pany
1369 2673 84 23 offered
1461 2678 18 19 to
1490 2674 35 23 the
1533 2674 51 23 first
1591 2675 135 30 purchasers
1735 2683 28 15 an
1771 2675 120 25 unlimited

1302 2705 61 31 right
1375 2706 25 23 of
1415 2707 104 24 selection
1532 2715 54 16 over
1594 2708 38 23 the
1642 2708 70 23 whole
1721 2708 26 24 of
1756 2708 38 24 the
1803 2709 89 24 district

1302 2740 106 29 acquired
1418 2740 30 31 by
1460 2740 66 24 them.
1575 2741 78 31 Every
1671 2741 125 32 purchaser
1813 2743 77 23 there-

1302 2772 54 29 fore,
1380 2774 75 30 might
1475 2778 81 28 expect
1575 2778 23 19 to
1618 2775 75 23 obtain
1716 2777 47 22 100
1782 2783 64 16 acres
1867 2777 26 23 of

1301 2805 60 29 land,
1376 2806 37 23 the
1432 2807 73 31 larger
1525 2808 91 30 portion
1634 2808 25 23 of
1674 2808 75 24 which
1766 2809 75 23 would
1862 2810 28 24 be

1302 2840 137 30 susceptible
1451 2841 23 22 of
1488 2841 140 24 cultivation.
1672 2841 51 24 The
1742 2842 82 31 lottery
1844 2851 46 16 was

1302 2877 39 18 not
1352 2874 114 29 supposed
1476 2879 22 18 to
1517 2875 91 22 contain
1630 2882 43 23 any
1691 2875 93 28 blanks,
1807 2876 41 23 but
1867 2881 23 19 to

1302 2905 76 24 decide
1392 2906 38 23 the
1443 2908 181 30 apportionment
1632 2908 24 23 of
1665 2909 76 30 prizes
1750 2908 25 23 of
1784 2909 108 24 different

1302 2938 73 29 value,
1388 2940 55 23 with
1462 2940 111 24 reference
1593 2941 55 23 both
1666 2946 22 18 to
1708 2941 39 24 the
1767 2947 59 18 town
1846 2943 46 23 and

1302 2977 96 27 country
1411 2973 72 24 lands.

1335 3006 36 23 To
1382 3006 75 26 follow
1470 3011 37 19 out
1519 3007 37 23 the
1568 3007 55 31 plan
1635 3008 25 22 of
1675 3008 37 23 the
1723 3008 57 24 New
1788 3009 103 24 Zealand

1302 3039 127 31 Company,
1443 3040 25 23 of
1479 3040 106 31 allotting
1601 3041 97 23 sections
1716 3041 26 23 of
1759 3044 49 24 100.
1817 3050 73 22 acres,

1301 3072 23 23 in
1337 3074 133 22 connection
1479 3073 54 23 with
1545 3074 39 22 the
1596 3074 104 31 proposal
1707 3074 26 23 of
1749 3074 47 24 His
1803 3075 88 23 Excel-

1301 3105 66 30 lency
1379 3105 26 23 of
1420 3106 79 31 taking
1511 3109 107 26 110,000
1631 3115 62 15 acres
1702 3108 22 22 in
1734 3115 13 15 a
1754 3109 136 29 continuous

1301 3138 76 28 block,
1390 3139 75 23 would
1475 3144 72 19 create
1559 3147 30 16 an
1608 3140 141 35 unexpected
1767 3142 44 22 and
1829 3147 62 21 most

1301 3171 113 31 injurious
1434 3173 128 23 distinction
1587 3173 99 24 between
1705 3174 40 23 the
1763 3182 87 16 owners
1868 3175 26 24 of

1302 3204 37 24 the
1352 3205 82 24 earlier
1452 3206 41 28 and,
1512 3206 25 23 of
1552 3206 41 24 the
1612 3207 57 23 later
1691 3206 99 25 choices.
1838 3208 52 24 The

1301 3246 88 16 owners
1401 3239 26 23 of
1443 3239 34 23 the
1489 3239 57 24 later
1564 3239 90 24 choices
1675 3240 76 24 would
1768 3242 88 23 receive
1876 3250 16 15 a

1301 3272 62 30 right
1374 3272 26 23 of
1415 3272 104 24 selection
1532 3272 74 24 which
1622 3273 73 23 would
1714 3274 29 22 be
1761 3274 129 31 absolutely

1301 3305 128 24 worthless.
1465 3306 48 23 The
1524 3314 89 15 owners
1625 3306 26 23 of
1665 3307 38 22 the
1711 3307 81 23 earlier
1800 3308 90 23 choices

1302 3338 73 23 would
1387 3338 57 25 have
1455 3347 26 16 an
1499 3339 116 24 unlooked
1633 3340 34 23 for
1686 3340 66 23 value
1771 3341 119 24 conferred

1300 3379 61 24 upon
1374 3372 60 23 their
1444 3372 52 24 land
1507 3373 30 30 by
1549 3372 39 24 the
1601 3373 80 23 virtual
1693 3375 123 30 monopoly
1835 3374 55 24 thus

1301 3405 142 24 occasioned.

1334 3437 51 24 The
1403 3438 111 32 Deputies
1532 3446 39 16 are
1595 3447 72 16 aware
1687 3439 51 24 that
1761 3441 64 23 these
1850 3449 39 16 are

1300 3479 167 23 consequences
1476 3473 90 30 against
1584 3472 73 24 which
1675 3473 38 23 the
1731 3473 159 25 Government

1300 3512 52 23 may
1363 3510 41 18 not
1416 3505 101 24 consider
1528 3505 66 23 itself
1603 3506 72 24 called
1684 3514 61 23 upon
1754 3511 23 19 to
1784 3507 103 30 provide.

1334 3538 89 26 Should
1436 3538 52 23 such
1496 3538 27 24 be
1531 3538 39 23 the
1578 3546 51 16 case
1638 3540 52 30 they
1698 3544 63 19 must
1768 3541 120 29 acquiesce

1300 3571 23 23 in
1335 3570 39 24 the
1386 3571 98 24 decision
1507 3571 26 24 of
1550 3571 46 24 His
1610 3572 149 31 Excellency.
1798 3573 28 23 In
1839 3573 50 24 that

1299 3608 74 25 event,
1382 3604 109 29 however,
1500 3604 52 32 they
1561 3605 121 32 anticipate
1690 3605 51 24 that
1751 3605 37 24 the
1796 3607 92 23 settlers

1299 3642 22 18 at
1334 3637 58 23 Port
1403 3637 124 24 Nicholson
1539 3637 46 23 will
1597 3646 67 23 agree
1677 3643 22 19 to
1711 3639 58 23 such
1781 3647 15 15 a
1813 3640 75 23 modi-

1298 3670 92 23 fication
1413 3670 26 26 of
1460 3670 37 25 the
1517 3670 55 32 plan
1596 3671 26 24 of
1644 3671 37 24 the
1704 3671 58 24 New
1785 3672 103 26 Zealand

1299 3702 119 32 Company
1430 3711 25 16 as
1468 3703 70 24 would
1549 3704 53 31 give
1615 3709 22 19 to
1654 3712 67 23 every
1738 3704 79 24 holder
1833 3705 27 24 of
1874 3714 14 15 a

1298 3735 53 25 land
1364 3737 65 22 order
1441 3745 14 15 a
1466 3737 62 24 share
1541 3737 24 22 in
1578 3737 39 23 the
1627 3738 109 23 available
1744 3738 53 23 land
1806 3738 82 24 within

1298 3769 37 23 the
1348 3769 97 24 district.
1479 3770 30 23 In
1521 3770 46 23 this
1575 3770 72 24 belief
1656 3771 53 31 they
1718 3770 82 24 should
1808 3777 80 26 nccept

1297 3802 54 23 with
1364 3803 153 23 cheerfulness
1528 3803 38 24 the
1579 3804 52 23 first
1643 3804 24 23 of
1682 3803 39 24 the
1732 3805 155 30 propositions

1297 3836 121 23 contained
1430 3837 24 22 in
1466 3836 36 24 the
1520 3837 88 23 minute
1627 3837 24 23 of
1667 3837 48 23 His
1735 3837 151 32 Excellency.

81 226 162 83 New
297 226 377 83 Zealand
728 226 377 83 Gazette
1159 226 161 83 and
1374 226 539 83 Wellington
1967 226 539 83 Spectator.

773 401 131 37 PQftT
927 402 286 44 NICHOLSON,
1236 382 315 66 wIdNESDAY,
1579 411 104 37 DEJC.
1708 415 50 33 10,
1784 416 89 29 1840.

104 401 133 32 Gratis
260 412 41 21 to
322 402 250 41 Subscribers.]

2067 416 345 40 [Non-Subscribers,
2436 423 35 28 ls
2473 443 6 13 f

268 955 201 34 [OFFICIAL.]

77 997 85 17 PAPER
173 997 148 17 DELIVERED
334 998 28 16 TO
376 998 39 16 SIR
427 998 102 19 GEORGE
541 1000 77 21 GIPPS,
632 1000 32 20 BY

110 1031 51 16 THE
180 1031 126 15 DEPUTIES
329 1031 70 15 FROM
423 1031 65 16 PORT
512 1032 152 22 NICHOLSON,

110 1063 151 17 SEPTEMBER
275 1057 40 26 24,
331 1058 73 21 1840.

1924 520 44 23 and
1977 526 155 24 management
2142 522 24 22 of
2182 522 37 22 the
2230 523 64 23 lands
2307 528 22 18 to
2343 525 26 22 be
2389 523 114 24 conceded

1923 558 22 17 to
1967 553 64 24 them.
2079 553 49 23 The
2152 554 110 31 Deputies
2285 556 74 23 would
2388 557 113 23 therefore

1923 591 89 25 suggest
2023 585 49 26 that
2083 586 37 23 the
2129 586 77 31 Agent
2213 589 23 21 of
2245 588 38 23 the
2292 588 120 32 Company
2420 589 83 24 should

1922 619 28 23 be
1970 618 59 24 made
2048 619 37 23 the
2104 620 134 25 instrument
2250 621 33 22 for
2295 622 92 31 putting
2400 622 60 24 them
2480 623 23 23 in

1922 652 124 30 possession
2059 652 25 23 of
2099 652 57 25 their
2168 653 52 25 land
2228 662 5 17 ;
2254 654 43 22 and
2309 654 50 23 that
2371 662 59 23 upon
2448 663 55 15 »on-

1923 685 64 23 dition
2001 685 25 22 of
2043 685 93 30 making
2147 685 29 23 all
2193 686 89 23 needful
2296 695 102 16 reserves
2406 689 34 22 for
2448 689 55 22 such

1923 718 70 30 public
2009 725 111 23 purposes
2143 726 25 15 as
2192 727 35 15 are
2251 720 100 23 referred
2373 726 23 17 to
2419 722 23 22 in
2466 721 37 23 the

1924 751 79 23 minute
2016 750 25 23 of
2060 750 43 23 Mis
2116 750 144 32 Excellency,
2275 753 55 23 such
2347 755 79 28 Agent
2443 754 60 23 shall

1923 784 28 23 be
1963 783 88 24 allowed
2062 788 22 18 to
2096 784 50 30 give
2159 789 23 18 to
2194 785 53 23 each
2260 786 129 30 purchaser'
2396 786 56 24 from
2465 787 38 23 the

1925 817 111 30 Company
2053 824 13 14 a
2090 822 57 18 town
2166 818 93 28 section,
2279 819 44 23 and
2342 824 22 18 to
2383 819 120 24 distribute

1923 857 78 24 among
2013 849 61 23 them
2086 849 37 23 the
2136 855 93 26 country
2241 852 108 23 sections.

1957 882 44 26 The
2015 882 111 31 Deputies
2139 883 22 23 in
2175 885 115 30 repeating
2300 885 60 22 their
2369 887 134 29 expression

1924 915 25 23 of
1964 915 32 26 the
2020 916 138 29 willingness
2182 916 25 23 of
2226 916 37 23 the
2286 917 91 23 settlers
2401 923 23 18 at
2448 918 55 23 Port

1925 948 120 24 Nicholson
2063 954 22 18 to
2104 949 92 30 provide
2217 949 31 23 for
2267 949 30 24 all
2316 950 57 23 local
2393 958 110 23 purposes

1924 986 39 18 out
1981 981 25 23 of
2022 981 58 23 their
2103 990 48 14 own
2177 990 120 21 resources,
2323 983 44 31 beg
2390 984 67 30 again
2481 989 22 18 to

1923 1015 80 22 submit
2015 1019 22 17 to
2053 1014 44 24 His
2109 1014 139 32 Excellency
2266 1016 37 23 the
2323 1017 139 30 expediency
2482 1017 21 23 of

1923 1048 123 30 conferring
2058 1056 60 22 upon
2126 1048 61 23 them
2196 1056 14 15 a
2217 1049 86 23 charter
2311 1050 26 22 of
2346 1050 157 31 municipality

1924 1081 32 22 for
1975 1081 33 23 the
2028 1080 71 24 whole
2122 1081 96 29 district,
2229 1089 26 15 as
2278 1082 177 31 indispensable,
2481 1084 22 22 in

1923 1114 59 23 order
1994 1118 24 18 to
2031 1114 80 23 enable
2123 1114 61 27 them
2204 1120 20 17 to
2244 1116 57 22 raise
2319 1115 40 24 the
2378 1116 68 23 funds
2466 1123 37 16 re-

1922 1147 72 31 quired
2006 1146 35 24 for
2053 1147 56 23 such
2121 1155 117 23 purposes.

2087 1207 101 21 Colonial
2201 1207 138 28 Secretary's
2353 1207 77 28 Office.

2135 1238 99 31 Sydney,
2248 1239 57 24 20th
2315 1239 64 29 Oct.,
2395 1242 43 24 184
2438 1242 30 24 Q.

1956 1279 170 28 Gentlemen,
2129 1292 33 4 —
2164 1279 62 24 With
2257 1280 114 23 reference
2402 1285 23 18 to
2448 1289 58 22 your

1922 1311 81 25 several
2016 1313 126 23 interviews
2155 1313 53 22 with
2222 1313 36 23 Sir
2271 1313 91 31 George
2377 1313 82 31 Gipps,
2480 1322 26 15 as

1921 1354 14 15 a
1947 1346 125 31 deputation
2085 1353 28 16 on
2124 1346 80 23 behalf
2219 1346 23 23 of
2257 1346 37 23 thp
2307 1346 91 23 settlers
2409 1353 23 16 at
2447 1347 59 25 Port

1922 1378 128 28 Nicholson,
2064 1378 44 23 and
2121 1379 37 23 the
2177 1380 96 22 minutes
2292 1380 134 30 exchanged
2445 1385 24 18 at
2481 1388 25 16 or

1921 1412 55 23 after
1985 1411 65 24 those
2062 1412 135 27 interviews,
2218 1412 10 23 I
2248 1412 28 23 do
2289 1412 85 32 myself
2382 1412 37 23 the
2431 1413 74 24 honor

1921 1445 28 30 by
1963 1445 32 23 the
2008 1445 110 23 direction
2130 1445 24 23 of
2173 1445 44 23 His
2229 1445 148 32 Excellency,
2396 1451 22 17 to
2435 1446 69 24 make

1921 1482 23 19 to
1961 1485 38 23 you
2017 1478 38 23 the
2074 1478 115 30 following
2208 1479 196 25 communication,
2429 1487 24 15 as
2466 1480 38 23 the

1920 1511 65 24 result
1998 1511 25 23 of
2039 1511 35 23 his
2085 1511 50 23 best
2147 1511 164 23 consideration
2332 1517 22 17 to
2367 1512 38 24 the
2418 1520 51 15 case
2482 1512 25 24 of

1920 1544 38 24 the
1969 1551 90 25 persons
2071 1544 34 23 for
2117 1544 74 23 whom
2203 1552 43 23 you
2257 1544 57 26 have
2325 1545 65 23 made
2402 1546 102 31 applica-?

1921 1578 54 24 tion.

1951 1611 46 24 The
2008 1611 91 23 settlers
2111 1615 22 19 at
2150 1611 58 23 Port
2220 1611 126 24 Nicholson
2361 1612 46 23 will
2420 1616 40 19 not
2471 1612 29 24 be

1919 1644 113 24 disturbed
2045 1644 29 31 by
2086 1644 38 23 the
2143 1644 156 24 Government
2299 1658 33 3 —
2333 1653 28 15 on
2386 1645 39 23 the
2449 1653 55 15 con-

1919 1682 58 26 trary
1995 1676 37 23 the
2053 1676 70 24 Local
2136 1677 156 26 Government
2309 1678 47 23 will
2375 1678 130 24 endeavour

1919 1717 23 16 to
1954 1718 90 24 procure
2055 1710 59 23 from
2128 1710 49 23 Her
2187 1710 100 32 Majesty
2300 1711 38 25 the
2347 1711 160 24 confirmation

1919 1749 22 18 to
1954 1745 31 22 the
1999 1743 90 24 settlers
2102 1744 24 22 of
2142 1743 37 24 the
2192 1744 63 27 lapels
2267 1745 26 22 of
2308 1745 73 23 which
2396 1745 52 30 they
2467 1752 40 16 are

1919 1778 23 22 in
1965 1777 125 31 possession
2103 1782 22 17 at
2145 1777 57 23 Port
2214 1777 132 28 Nicholson,
2370 1778 90 30 subject
2481 1783 23 18 to

1918 1811 37 22 the
1969 1810 109 30 following
2089 1809 134 29 conditions,
2234 1811 160 28 reservations,
2406 1819 25 15 or
2441 1811 63 23 limi-

1919 1844 86 23 tations.

1953 1877 45 23 The
2018 1876 90 23 settlers
2126 1881 63 18 must
2207 1876 51 24 take
2278 1877 59 23 their
2347 1877 67 23 lands
2426 1878 22 23 in
2461 1885 44 16 one

1919 1911 129 23 continuous
2059 1910 67 22 block
2139 1910 24 22 of
2182 1912 104 26 110,000
2299 1919 71 19 acres,
2384 1911 121 24 measured

1919 1944 24 23 in
1955 1952 13 15 a
1977 1948 101 25 compact
2097 1950 94 16 manner
2198 1952 5 19 ;
2222 1943 44 24 and
2285 1944 38 23 the
2342 1944 66 23 mode
2422 1944 24 23 of
2462 1944 42 23 ad-

1919 1980 162 20 measurement
2093 1981 60 18 must
2165 1976 27 23 be
2205 1977 87 30 subject
2309 1983 23 17 to
2346 1977 36 23 the
2396 1978 109 30 approval

1920 2009 25 24 of
1960 2009 32 24 the
2005 2008 270 24 Lieutenant-Governor
2285 2009 25 24 of
2328 2010 55 23 New
2394 2010 110 24 Zealand.

1954 2042 29 24 Of
1998 2042 38 23 the
2062 2044 9 21 1
2080 2044 88 26 10,000
2192 2050 61 15 acres
2277 2050 24 16 so
2321 2044 119 22 measured
2461 2052 43 15 one

1920 2076 59 23 tenth
2002 2079 52 27 part
2077 2076 19 22 is
2120 2080 22 18 to
2161 2075 29 23 be
2209 2076 102 23 reserved
2328 2077 34 22 for
2375 2077 38 22 the
2427 2085 39 14 use
2480 2085 25 15 or

1919 2109 80 24 benefit
2022 2108 26 23 of
2063 2108 38 23 the
2121 2108 134 31 aborigines,
2279 2109 123 30 according
2423 2115 22 18 to
2466 2110 39 23 the

1920 2141 92 32 original
2029 2141 51 32 plan,
2101 2141 25 23 of
2141 2141 47 23 sale
2207 2143 111 30 proposed
2341 2143 29 30 by
2396 2143 37 23 the
2447 2144 57 22 New

1919 2174 96 25 Zealand
2039 2174 131 32 Company;
2190 2175 42 23 and
2257 2175 37 24 the
2317 2176 66 23 lands
2408 2176 34 23 for
2467 2177 38 23 the

1918 2208 124 31 aborigines
2055 2208 59 23 shall
2125 2208 27 23 be
2176 2209 96 23 selected
2295 2209 31 31 by
2347 2209 40 30 lot,
2413 2218 24 15 as
2450 2218 41 23 pro
2493 2224 11 11 r

1918 2242 62 23 vided
1990 2241 35 25 for
2038 2241 29 31 by
2080 2241 38 24 the
2130 2249 62 16 same
2205 2242 50 30 plan
2269 2242 25 23 of
2309 2242 56 24 sale.

1952 2275 46 24 The
2010 2275 120 23 selections
2142 2275 35 23 for
2190 2274 36 24 the
2239 2275 129 31 aborigines
2387 2284 39 16 are
2438 2280 22 20 to
2473 2277 30 23 be

1916 2308 62 25 made
1995 2308 31 31 by
2045 2316 14 15 a
2078 2315 81 24 person
2179 2316 25 15 or
2222 2316 93 24 persons
2328 2310 132 25 nominated
2472 2310 31 31 by

1917 2342 37 24 the
1968 2341 263 25 Lieutenant-Governor
2243 2341 26 24 of
2284 2341 58 25 New
2353 2343 109 28 Zealand,
2476 2352 27 15 or

1916 2374 109 33 approved
2037 2375 29 30 by
2079 2374 46 23 him
2133 2383 6 19 ;
2159 2374 46 24 and
2220 2374 29 24 all
2268 2375 121 24 selections
2408 2376 94 31 already

1917 2409 61 23 made
1996 2408 59 23 shall
2074 2408 27 23 be
2121 2408 89 31 subject
2227 2413 21 18 to
2269 2408 34 23 his
2323 2409 115 31 apprpval,
2463 2410 40 23 the

1916 2450 69 23 power
1998 2441 69 31 being
2080 2441 104 24 reserved
2198 2446 21 18 to
2229 2441 47 24 him
2293 2447 23 18 to
2334 2442 90 24 declare
2437 2443 66 24 those

1916 2476 116 23 selections
2045 2475 58 27 void,
2117 2475 43 22 and
2173 2479 23 19 to
2209 2475 65 23 make
2286 2475 76 23 others
2380 2475 82 24 should
2474 2476 30 24 he

1918 2509 60 23 deem
1988 2510 17 22 it
2019 2516 82 23 proper
2114 2513 21 18 to
2148 2508 28 23 do
2189 2515 33 17 so.

1952 2542 25 23 In
1998 2541 66 23 order
2088 2547 23 17 to
2133 2541 92 31 provide
2244 2541 34 23 for
2300 2541 39 23 the
2363 2543 101 23 erection
2477 2543 27 26 of

1916 2574 110 30 buildings
2050 2574 35 23 for
2107 2574 38 23 the
2168 2582 110 23 purposes
2301 2574 26 24 of
2343 2575 160 24 Government

1916 2608 73 24 within
2001 2607 39 23 the
2053 2612 59 19 town
2127 2607 75 23 which
2219 2608 38 23 has
2276 2608 57 23 been
2354 2608 47 24 laid
2420 2614 39 18 out
2478 2614 26 19 at

1917 2642 56 23 Port
1981 2641 126 24 Nicholson
2119 2641 72 23 under
2203 2641 35 23 the
2251 2649 65 16 name
2330 2642 25 22 of
2372 2642 128 30 Britannia,

1916 2682 97 16 reserves
2025 2679 24 18 to
2061 2682 44 23 any
2117 2679 93 18 amount
2221 2679 39 19 not
2276 2675 126 31 exceeding
2420 2677 23 22 in
2463 2677 39 23 the

1915 2708 66 24 whole
1994 2712 84 26 twenty
2090 2715 62 16 acres
2165 2707 59 24 shall
2234 2708 28 23 be
2274 2708 66 23 male
2353 2714 23 17 at
2394 2709 39 23 the
2452 2709 49 24 dis-

1916 2743 80 23 cretion
2024 2741 26 23 of
2071 2741 37 23 the
2139 2741 289 29 Lieutenant-Governor;
2460 2743 42 24 but

1916 2776 61 23 these
1986 2781 102 18 reserves
2100 2774 58 23 shall
2171 2779 47 23 not,
2238 2774 95 24 without
2350 2774 37 25 the
2407 2781 97 19 consent

1915 2809 27 23 of
1956 2808 49 24 both
2017 2808 92 31 parties,
2126 2808 28 25 be
2166 2807 68 24 taken
2252 2808 23 23 in
2293 2816 63 16 more
2375 2808 56 24 than
2448 2809 52 24 four

1916 2842 115 23 localities.

1950 2875 44 26 The
2006 2882 103 16 reserves
2121 2882 25 16 so
2159 2874 96 24 selected
2263 2875 30 31 by
2302 2875 38 23 the
2349 2875 153 25 Lieutenant-

1917 2908 114 25 Governqr
2043 2907 59 24 shall
2113 2907 90 24 include
2216 2916 12 15 a
2235 2908 104 32 frontage
2351 2909 26 22 of
2392 2915 40 18 not
2439 2917 64 16 more

1916 2942 56 23 than
1985 2947 43 19 two
2046 2941 102 25 hundred
2164 2941 66 31 yards
2243 2947 22 17 to
2278 2942 56 31 deep
2345 2947 69 19 water
2426 2943 25 23 in
2462 2943 40 25 the

1916 2976 52 23 best
1977 2975 141 24 commercial
2129 2975 107 23 .situation
2248 2975 26 23 of
2288 2975 39 23 the
2339 2980 69 22 town,

1951 3008 71 24 These
2034 3015 101 16 reserves
2148 3015 38 16 are
2205 3008 105 23 intended
2331 3009 53 30 only
2400 3009 33 23 for
2445 3009 59 24 such,

1916 3042 111 29 buildings
2041 3049 24 15 or
2078 3041 182 24 establishments
2273 3049 24 16 as
2315 3042 18 23 it
2353 3042 19 23 is
2384 3042 39 23 the
2435 3051 55 23 espe
2492 3056 11 12 r

1918 3075 41 23 cial
1968 3075 50 29 duty
2031 3074 25 23 of
2072 3074 37 23 the
2123 3074 155 24 Government
2289 3075 25 23 of
2330 3083 68 23 every
2407 3081 98 26 country

1918 3113 22 18 to
1952 3107 96 33 provide,
2071 3107 55 23 such
2144 3107 36 23 for
2199 3108 101 23 instance
2319 3115 25 16 as
2361 3116 14 15 a
2394 3109 110 24 Custom-

1916 3142 73 27 house,
2002 3149 15 14 a
2030 3140 56 24 Hall
2099 3141 33 23 for
2144 3140 38 24 the
2195 3141 90 30 sittings
2297 3141 26 23 of
2339 3141 38 23 the
2389 3142 115 31 Supreme

1919 3175 66 23 Court
2003 3174 25 23 of
2044 3173 94 29 Justice,
2159 3174 58 23 Post
2231 3174 83 28 Office,
2333 3183 14 14 a
2366 3175 68 29 Gaol,
2460 3176 46 23 and

1916 3207 106 32 probably
2040 3215 62 15 some
2119 3207 42 23 few
2175 3207 62 23 other
2250 3208 186 24 establishments
2448 3209 27 23 of
2490 3218 14 14 a

1918 3242 81 23 similar
2022 3240 130 23 character:
2170 3241 43 22 but
2234 3241 23 22 in
2276 3241 101 24 addition
2398 3247 22 18 to
2440 3242 66 24 these

1917 3281 97 17 reserves
2037 3274 35 23 for
2091 3274 37 22 the
2146 3274 128 24 immediate
2286 3282 112 24 purposes
2411 3276 25 22 of
2453 3276 51 22 Go-

1918 3311 120 24 vernment,
2053 3307 46 23 His
2112 3306 138 32 Excellency
2268 3309 19 22 is
2300 3309 106 30 required
2424 3309 31 31 by
2467 3309 37 23 his

1916 3340 143 24 instructions
2072 3340 70 23 under
2155 3340 39 23 the
2211 3340 55 31 Sign
2281 3341 97 23 Manual
2398 3347 22 18 to
2434 3350 70 16 cause

1916 3375 62 22 other
1986 3381 104 16 reserves
2102 3378 23 18 to
2137 3374 27 22 be
2177 3374 64 24 made
2253 3375 24 22 in
2288 3382 69 23 every
2376 3375 78 31 parish
2468 3375 36 24 for

1916 3407 69 29 roads,
1999 3414 25 15 or
2036 3406 65 30 o,ther
2119 3406 96 24 internal
2232 3409 213 28 communications,
2469 3408 37 24 for-

1916 3441 38 23 the
1980 3441 55 23 sites
2059 3439 24 24 of
2100 3439 119 24 Churches
2241 3441 45 23 and
2309 3441 193 29 School-houses,

1916 3474 148 29 Parsonages,
2084 3472 43 24 and
2146 3472 76 32 places
2241 3474 26 23 of
2281 3475 124 23 interment
2417 3474 35 24 for
2464 3475 39 23 the

1915 3507 62 29 dead,
1993 3506 48 24 also
2054 3506 25 23 of
2095 3506 76 31 places
2184 3507 25 23 of
2224 3513 141 18 amusement
2377 3515 25 15 or
2412 3515 91 16 recrea-

1915 3542 48 22 tion
1978 3540 32 24 for
2029 3539 38 23 the
2087 3539 146 25 inhabitants.
2283 3540 115 24 Reserves
2416 3540 25 23 of
2457 3540 47 24 this

1914 3578 75 19 nature
2001 3577 63 20 must
2076 3572 113 25 therefore
2201 3573 26 23 be
2239 3573 73 29 made,
2337 3573 57 23 such
2413 3582 25 14 as
2451 3582 54 23 may

1913 3606 29 24 be
1954 3605 109 33 approved
2074 3606 30 30 by
2123 3606 38 23 the
2186 3606 274 24 Lieutenant-Governor
2479 3607 26 23 of

1916 3640 57 23 New
1989 3639 110 28 Zealand,
2120 3647 29 15 on
2168 3639 38 23 the
2224 3644 76 26 report
2324 3639 26 24 of
2372 3640 130 30 Surveyor-

1916 3672 103 25 General.

1949 3706 45 24 The
2007 3704 165 29 Government,
2196 3709 38 20 not
2253 3705 105 31 deriving
2376 3713 46 24 any
2432 3706 70 31 profit

1912 3738 60 25 from
1979 3740 39 22 the
2029 3738 48 23 sale
2089 3738 25 25 of
2128 3738 54 25 land
2194 3738 75 23 within
2283 3738 37 23 the
2332 3738 72 24 limits
2421 3739 25 23 of
2462 3739 39 24 the

1914 3777 59 18 town
1980 3771 25 25 of
2021 3771 126 28 Britannia,
2165 3771 47 23 will
2223 3771 25 23 of
2262 3779 81 15 course
2361 3771 29 24 be
2410 3773 23 22 in
2446 3780 54 23 pos-

1914 3806 83 23 session
2008 3804 26 23 of
2048 3811 30 16 no
2099 3804 68 23 funds
2192 3809 37 18 out
2241 3804 25 23 of
2281 3804 78 23 which
2382 3805 120 24 contribu-

1913 3839 60 23 tions
1981 3844 42 17 can
2035 3837 27 23 be
2074 3837 65 23 made
2157 3837 96 23 towards
2270 3837 97 32 making
2385 3839 116 30 improve-

1912 3876 70 19 ments
1996 3877 25 16 or
2033 3871 101 30 erecting
2146 3870 123 31 buildings,
2290 3871 56 23 with
2363 3871 40 23 the
2415 3879 85 24 excep-

1913 3905 48 23 tion
1976 3904 22 24 of
2013 3903 65 24 those
2100 3903 51 24 first
2173 3904 129 23 mentioned
2325 3912 26 16 as
2374 3905 126 30 belonging

1912 3937 119 33 especially
2056 3940 22 19 to
2100 3937 37 22 the
2162 3937 163 23 Government.
2372 3937 28 24 In
2425 3937 74 29 orde^

157 504 176 32 PUBEIO
354 505 233 32 MEETING.

79 576 55 35 An
154 577 176 40 adjourned
349 578 148 41 Meeting
512 579 63 30 will
590 580 77 30 take

120 625 91 40 place
226 630 33 26 at
277 629 36 27 11
331 627 131 36 o'clock,
477 637 42 20 on
533 627 134 32 Friday

120 676 88 33 next,
225 679 33 25 at
275 674 190 37 Barrett's
481 674 130 37 Hotel,
632 680 34 26 to

119 721 75 30 take
234 722 69 30 into
342 722 233 32 consideration
611 724 56 31 the

118 779 117 21 course
246 774 35 26 to
293 770 40 30 be
343 771 144 39 pursued
497 772 34 30 in
541 777 126 36 respect

118 821 35 27 to
167 817 55 31 the
234 827 115 32 papers
361 819 105 31 which
481 819 46 33 fill
540 821 54 30 the
608 821 59 30 fol-

116 865 120 41 lowing
253 867 155 31 columns.
