2550 4010
290 54 320 34 SUPPLEMENT
633 52 66 32 TO
721 52 102 31 THE
845 51 110 31 NEW
976 47 229 33 ZEALAND
1226 44 228 33 GAZETTE
1475 43 101 30 AND
1596 40 329 32 WELLINGTON
1948 39 292 31 SPECTATOR.

1268 133 49 19 rate
1336 128 26 23 of
1377 128 68 23 about
1526 127 39 30 p*er
1586 133 59 20 acre,
1668 124 56 31 they
1741 131 38 15 are
1799 128 23 18 to
1834 123 29 23 be

1270 161 90 31 subject
1372 166 21 18 to
1406 161 39 22 the
1457 165 95 18 counter
1564 166 12 15 c
1586 159 56 22 aims
1654 157 26 23 of
1694 164 106 24 persons,
1813 156 49 23 who

1269 194 60 24 have
1340 193 127 32 purchased
1480 193 57 22 from
1550 192 38 22 the
1600 192 87 22 natives
1700 190 53 30 only
1765 190 98 23 because

1271 229 18 21 it
1313 235 47 15 was
1383 226 84 23 knowu
1486 226 50 22 that
1553 233 14 14 a
1586 223 129 24 settlement
1734 230 45 15 was
1795 228 24 17 to
1835 221 28 23 be

1270 260 89 23 formed
1371 259 64 23 there
1444 268 6 19 ;
1475 259 51 22 who
1537 257 58 23 have
1614 255 143 24 contributed
1767 255 98 30 nothing

1271 298 24 18 to
1314 301 44 23 any
1376 292 78 31 public
1464 298 99 24 purpose
1572 299 6 20 ;
1602 289 44 24 and
1657 289 50 23 who
1719 289 21 22 if
1754 288 38 23 the
1804 293 59 18 town

1272 333 59 15 were
1344 325 97 23 founded
1453 324 29 31 by
1496 324 157 23 Government
1671 321 75 24 would
1764 321 28 23 be
1812 320 52 31 only

1274 359 95 23 entitled
1380 363 22 18 to
1416 357 170 31 compensation
1599 357 22 21 in
1632 355 62 23 land.

1353 390 43 24 We
1409 391 57 23 have
1479 390 38 23 the
1530 390 72 23 honor
1614 393 22 18 to
1647 388 37 28 be,
1698 387 46 29 Sir,

1409 423 66 25 Your
1487 430 54 23 very
1554 421 107 24 obedient
1672 425 111 23 servants,

1580 454 31 24 G.
1628 454 25 24 S.
1673 453 124 27 EVANS,

1332 489 112 30 (Signed)
1581 488 32 24 R.
1632 487 31 24 D.
1686 484 151 30 HANSON,

1582 520 34 24 H.
1637 519 174 24 MOREING.

32 144 112 27 however,
158 147 23 18 to
193 141 79 25 enable
284 141 39 23 the
336 140 90 24 settlers
445 138 136 24 themselves
600 141 33 18 to-

31 177 71 23 make
115 180 184 26 improvements,
312 174 45 23 and
369 178 22 18 to
405 178 61 17 erect
476 172 62 23 other
548 171 75 22 build-

31 210 62 29 ings,
113 209 45 23 and
177 207 122 32 especially
310 207 65 23 those
388 206 34 22 for
433 204 123 31 municipal
568 211 55 23 pur-

32 249 77 24 poses,
123 241 40 24 the
174 240 73 25 Local
258 240 158 23 Government
428 238 46 23 will
486 244 39 16 use
537 237 29 23 its
574 237 51 23 best

32 275 143 23 endeavours
182 279 23 18 to
213 280 96 25 procure
316 272 35 23 for
358 271 39 23 the
405 270 91 24 settlers
503 278 13 15 a
528 269 97 24 Charter

33 308 26 23 of
77 307 180 31 Incorporation,
282 305 45 24 and
346 310 23 17 to
386 309 75 18 create
480 302 60 24 them
552 303 48 23 into
612 311 14 14 a

35 341 122 30 municipal
171 340 60 30 body
243 339 54 23 with
310 338 29 23 all
352 337 109 30 requisite
477 343 93 24 powers.

72 373 29 23 In
113 373 100 22 addition
228 378 21 17 to
261 372 39 22 the
313 378 101 15 reserves
431 369 91 30 already
538 368 86 31 spoken

36 406 26 23 of
78 406 64 23 other
154 406 102 30 portions
268 404 26 23 of
308 403 54 23 land
373 402 46 23 will
431 402 28 23 be
470 401 102 31 required
591 401 35 23 for

35 439 40 22 the
94 446 110 24 purposes
224 438 25 23 of
264 437 98 30 military
379 435 125 32 protection
506 447 31 3 —
539 442 24 15 as
575 435 50 22 well

35 472 36 22 for
85 473 37 21 the
134 472 42 22 site
189 472 25 22 of
230 479 13 14 a
261 469 95 24 barrack
371 477 24 14 as
414 469 35 22 for
466 468 115 27 batteries,
602 475 24 14 or

36 505 75 22 works
125 505 25 22 of
167 504 91 23 defence
271 503 34 23 for
318 502 37 23 the
369 501 106 23 harbour.
512 500 23 23 It
547 500 18 23 is
583 501 43 21 im-

35 538 100 30 possible
148 542 22 18 to
189 545 35 22 >ay
242 536 59 23 what
322 535 122 31 quantities
464 534 24 23 of
504 533 51 23 land
574 541 52 23 may

36 571 28 23 be
78 571 103 30 required
195 571 34 21 for
242 570 62 22 these
327 575 109 24 purposes
443 576 7 20 ;
468 567 42 22 but
528 566 37 22 the
584 567 43 22 site

35 604 25 23 of
77 612 12 14 a
103 602 96 24 barrack
213 602 77 23 within
304 601 131 23 reasonable
456 600 99 23 distance
574 599 52 31 (say

35 642 45 18 two
94 635 77 30 miles)
184 635 25 23 of
224 636 38 22 the
275 640 59 18 town
347 634 45 22 will
404 634 24 22 in
445 633 31 23 all
491 632 135 31 probability

36 670 28 23 be
78 668 101 29 wanted;
200 669 44 22 and
257 669 22 22 in
293 667 65 23 order
376 672 22 17 to
417 673 79 16 secure
515 674 12 13 a
546 673 82 23 proper

36 703 131 30 exercising
177 701 90 31 ground
278 701 35 22 for
326 700 39 23 the
376 705 87 24 troops,
482 698 36 23 the
537 705 90 16 reserve

35 735 37 24 for
84 735 46 23 this
141 742 100 24 purpose
254 733 71 31 ought
336 738 41 17 not
395 732 98 31 perhaps
507 736 23 18 to
541 731 29 23 be
581 731 47 23 less

36 767 56 25 than
104 768 71 31 thirty
187 774 72 16 acres.

74 801 23 23 It
119 802 20 22 is
157 799 137 25 understood
318 799 51 24 that
386 799 39 22 the
443 798 90 23 settlers
551 805 38 15 are
605 801 24 19 to

35 842 54 23 pay,
111 842 27 15 or
160 834 78 23 rather
256 834 50 22 that
323 832 53 31 they
389 832 58 23 have
464 830 89 31 already
567 830 61 31 paid,

36 868 36 23 £l
87 875 40 23 per
139 875 51 14 acre
203 867 35 22 for
250 866 29 23 all
292 865 38 24 the
341 865 68 23 lands
421 865 77 22 within
510 864 38 23 the
561 863 67 23 block

38 901 25 23 of
82 902 107 25 110,000
202 907 70 20 acres,
297 899 52 22 with
363 898 39 23 the
420 898 117 30 exception
551 896 24 23 of
591 897 38 22 the

38 933 66 23 tenth
120 937 52 27 part
191 932 106 23 reserved
316 932 35 23 for
371 931 38 23 the
427 931 141 30 aborigines;
588 929 42 23 but

37 975 29 15 no
79 967 89 30 portion
182 966 113 22 whatever
307 965 25 23 of
348 964 45 23 this
412 971 81 23 money
512 963 41 23 has
570 962 58 24 been

36 1000 54 31 paid
103 1005 22 18 to
139 999 36 23 the
189 999 71 23 Local
273 998 165 27 Government,
440 1009 32 4 —
475 996 43 23 and
530 997 37 22 the
581 1004 47 23 way

40 1034 24 22 in
78 1032 72 24 which
164 1033 17 22 it
193 1033 20 22 is
226 1037 22 18 to
259 1031 30 23 be
301 1030 104 32 disposed
418 1030 26 23 of
459 1030 96 23 remains
567 1034 23 18 to
602 1030 27 22 be

38 1065 83 24 settled
140 1065 102 23 between
261 1064 52 24 Her
334 1063 122 32 Majesty's
476 1063 154 23 Government

38 1099 45 23 and
96 1098 37 24 the
146 1099 84 30 parties
244 1098 48 23 who
304 1097 58 23 have
381 1096 101 23 received
500 1097 29 22 it:
548 1096 82 23 should

38 1140 45 22 any
103 1133 90 30 portion
212 1131 24 23 of
252 1132 17 22 it
287 1131 29 23 be
330 1129 93 25 allowed
435 1130 34 22 for
481 1129 149 31 expenditure

39 1166 24 22 in
82 1165 40 23 the
141 1172 82 22 survey
243 1172 23 15 or
286 1165 166 29 improvement
471 1163 24 22 of
510 1163 37 22 the
564 1162 66 23 lands

38 1198 59 23 from
111 1198 71 23 which
196 1199 18 21 it
226 1197 40 23 has
278 1197 58 23 been
349 1196 100 28 derived,
466 1197 17 22 it
496 1195 43 23 will
552 1195 28 23 be
592 1195 38 23 the

40 1231 55 31 duty
108 1232 25 22 of
148 1231 38 23 the
200 1230 71 23 Local
284 1230 158 23 Government
454 1234 22 18 to
487 1229 66 31 apply
573 1229 19 22 it
608 1234 22 17 to

41 1265 39 23 the
93 1265 51 23 best
155 1264 139 30 advantage;
315 1263 40 23 but
374 1264 23 22 in
414 1263 40 22 the
471 1270 64 15 mean
548 1262 53 22 time
613 1263 18 22 it

40 1302 64 19 must
114 1298 29 23 be
163 1298 94 22 obvious
276 1296 50 23 that
348 1296 39 23 the
410 1296 156 23 Government
589 1295 41 23 has

40 1338 30 16 no
94 1331 68 23 funds
186 1330 73 23 which
278 1331 18 21 it
316 1337 41 15 can
377 1329 80 23 devote
476 1336 54 16 even
550 1333 22 19 to
593 1328 38 24 the

41 1372 82 22 survey
144 1363 25 23 of
184 1364 39 23 the
242 1363 73 28 lands,
339 1363 45 22 and
408 1363 50 22 that
480 1362 110 23 therefore
614 1363 17 22 it

41 1402 84 18 cannot
148 1396 53 24 take
225 1404 60 23 upon
304 1396 64 22 itself
383 1396 37 22 the
440 1395 96 23 division
552 1396 26 22 of
593 1395 38 23 the

43 1432 108 25 110,000
171 1437 64 16 acres
254 1434 106 26 amongst
379 1429 37 22 the
432 1436 94 23 persons
539 1429 92 22 entitled

40 1467 24 19 to
78 1464 87 22 receive
176 1463 71 23 them.
285 1462 29 23 In
327 1462 45 23 this
384 1462 119 29 difficulty,
522 1461 37 23 the
571 1467 60 17 most

42 1496 94 23 obvious
149 1504 80 15 course
242 1496 24 22 of
281 1495 145 31 proceeding,
439 1496 24 21 in
476 1495 63 22 order
551 1499 21 18 to
580 1495 51 30 give

42 1530 62 22 titles
127 1534 22 18 to
174 1529 146 27 individuals,
344 1528 74 23 would
442 1535 61 15 seem
522 1533 22 17 to
562 1528 28 22 be
610 1533 22 17 to

41 1568 68 25 grant
121 1563 37 22 the
171 1562 72 23 whole
251 1561 69 24 block
332 1562 24 22 of
372 1561 52 23 land
433 1566 23 18 to
468 1566 104 23 trustees,
588 1561 43 22 and

42 1596 64 23 leave
126 1596 39 22 the
184 1595 146 23 distribution
349 1595 26 22 of
389 1595 39 23 the
450 1594 64 23 lands
525 1599 23 18 to
562 1594 69 24 them.

44 1629 59 23 This
116 1636 87 21 course,
217 1629 111 28 however,
347 1627 76 24 would
434 1627 28 24 be
474 1636 24 14 so
510 1628 97 22 unusual
621 1636 12 14 a

42 1670 50 20 one,
106 1662 49 22 that
168 1662 47 22 His
228 1662 142 30 Excellency
383 1661 53 23 does
450 1666 38 18 not
498 1661 43 23 feel
550 1661 81 23 autho-

42 1695 63 24 rized
117 1700 23 18 to
152 1695 69 31 adopt
232 1696 18 21 it
261 1695 95 22 without
365 1695 38 22 the
414 1695 106 30 previous
530 1695 102 22 sanction

42 1729 26 22 of
85 1728 50 24 Her
149 1728 109 31 Majesty.
296 1728 40 23 All
355 1728 50 22 that
425 1727 46 23 His
483 1727 148 30 Excellency,

42 1761 121 28 therefore,
176 1770 43 14 can
231 1761 119 31 positively
364 1761 125 23 undertake
502 1765 22 18 at
542 1766 93 25 present

43 1799 23 19 to
80 1795 27 23 do
121 1796 19 21 is
152 1799 22 18 to
187 1794 145 23 recommend
343 1796 56 21 such
412 1802 14 15 a
445 1801 78 16 course
539 1799 23 17 to
584 1793 50 24 Her

44 1828 124 31 Majesty's
181 1828 165 27 Government,
367 1827 43 23 and
423 1829 22 21 in
459 1827 37 23 the
513 1828 121 22 meantime

44 1865 24 19 to
81 1861 65 23 allow
158 1861 38 23 the
209 1860 90 24 settlers
313 1865 22 18 to
348 1861 85 22 remain
447 1860 147 23 unmolested.

80 1894 47 23 His
141 1894 148 30 Excellency,
309 1893 112 24 however,
440 1893 82 23 wishes
539 1894 17 22 it
572 1898 23 18 to
607 1893 28 24 be

45 1928 84 29 clearly
142 1928 136 23 understood
293 1927 48 23 that
354 1927 39 23 the
406 1926 156 23 Government
581 1926 54 24 does

44 1966 41 18 not
104 1966 124 25 guarantee
247 1960 37 23 the
303 1961 131 30 possession
447 1960 25 22 of
487 1968 42 23 any
546 1961 88 30 portion

44 1994 27 23 of
86 1994 64 23 these
163 1994 65 23 lands
241 1999 20 17 to
275 1994 38 21 the
326 1994 97 26 settlers,
436 1998 23 17 to
473 1993 36 22 the
519 1993 116 22 exclusion

46 2027 27 23 of
87 2034 95 23 persons
206 2026 50 23 who
278 2034 54 22 may
355 2025 66 23 claim
445 2032 141 24 posssession
614 2025 24 23 of

45 2060 71 28 them,
130 2068 25 15 or
168 2067 44 23 any
224 2064 51 26 part
287 2060 24 22 of
327 2059 70 28 them,
416 2059 31 29 by
459 2059 73 22 virtue
544 2058 25 23 of
584 2066 52 23 pre-

46 2095 64 21 vious
134 2093 111 30 purchase
268 2093 59 22 from
351 2091 38 24 the
412 2091 96 24 natives.
550 2091 87 23 Should

46 2135 45 23 any
104 2126 79 23 claims
196 2126 26 23 of
236 2126 45 23 this
296 2125 55 23 kind
360 2132 92 24 appear,
470 2125 57 22 their
545 2131 92 25 preten-

46 2161 63 23 sions
122 2159 44 23 and
179 2159 38 23 the
231 2159 93 30 validity
336 2159 25 22 of
376 2158 59 23 their
447 2158 122 31 purchases
576 2163 62 18 must

45 2193 30 23 be
87 2192 109 32 enquired
208 2193 48 22 into
268 2184 48 31 and*
325 2192 103 30 reported
441 2199 29 15 on
479 2191 28 31 by
516 2191 38 23 the
568 2191 69 24 Com-
650 2184 2 45 j

44 2227 135 23 missioners
191 2225 123 32 appointed
326 2225 72 23 under
416 2224 39 24 the
467 2230 76 18 recent
555 2225 47 23 Act
614 2225 25 23 of

48 2259 106 26 Council.

83 2293 47 23 His
154 2292 142 31 Excellency
318 2291 84 23 wishes
424 2292 19 22 it
461 2296 22 18 to
502 2291 28 23 be
552 2290 87 24 further

47 2326 140 23 understood
200 2326 49 22 that
256 2326 30 22 all
294 2325 39 23 the
340 2325 73 30 rights
422 2325 26 22 of
463 2324 38 23 the
512 2325 128 30 aborigines

50 2367 39 15 are
101 2359 118 31 expressly
229 2358 105 23 reserved
342 2367 6 14 :
368 2358 89 27 should,
471 2358 119 28 therefore,
603 2358 37 22 the

48 2392 48 23 sale
109 2393 24 22 of
149 2392 38 23 the
200 2392 60 28 land,
274 2400 25 15 or
312 2392 24 22 of
351 2399 45 23 any
414 2392 91 30 portion
524 2391 26 22 of
564 2392 26 27 it,
611 2391 29 31 by

48 2426 40 23 the
101 2425 128 31 aborigines
247 2429 22 19 to
287 2424 39 24 the
346 2425 120 30 Company
483 2424 28 23 be
528 2424 111 31 disputed,

48 2459 41 23 the
102 2467 50 14 case
166 2459 86 30 arising
263 2463 41 18 out
315 2458 25 22 of
356 2458 56 22 such
430 2457 88 31 dispute
537 2457 46 23 will
602 2463 40 17 not

47 2492 31 24 be
97 2493 23 21 in
140 2492 37 22 the
195 2492 59 22 least
272 2491 97 23 affected
386 2491 30 30 by
434 2490 111 31 anything
562 2491 78 23 herein

49 2525 128 24 contained.

118 2558 14 23 I
144 2558 56 23 have
214 2558 38 22 the
261 2558 75 23 honor
347 2562 23 18 to
382 2558 36 27 be,
431 2558 138 30 gentlemen,

187 2591 67 24 Your
264 2596 62 18 most
337 2590 106 23 obedient
456 2596 96 23 servant,

108 2630 114 33 (Signed)
290 2631 32 24 E.
335 2631 91 24 DEAS
440 2630 201 24 THOMPSON.

222 2693 101 31 Sydney,
339 2692 60 24 23rd
412 2692 108 28 October,
536 2693 71 22 IS4O.

86 2736 54 27 Sir,
142 2747 32 4 —
174 2733 47 24 We
231 2733 58 23 have
302 2733 37 23 the
351 2733 74 23 honor
445 2737 22 19 to
484 2732 159 31 acknowledge

52 2770 38 23 the
103 2769 85 29 receipt
200 2767 26 23 of
242 2775 12 15 a
266 2766 192 23 communication
478 2774 27 15 on
523 2765 79 24 behalf
623 2766 24 23 of

53 2803 48 23 His
114 2801 142 30 Excellency
268 2800 38 23 Sir
319 2800 91 30 George
424 2800 82 31 Gipps,
523 2800 122 22 addressed

52 2840 24 19 to
87 2843 28 16 us
128 2843 25 14 as
165 2843 12 14 a
190 2834 132 30 deputation
334 2833 59 23 from
405 2832 38 23 the
456 2833 89 22 settlers
557 2838 23 17 at
588 2833 54 23 Port

52 2868 136 27 Nicholson,
202 2867 132 28 containing
346 2867 38 22 the
393 2866 68 23 views
469 2866 25 22 of
504 2866 46 23 His
558 2866 86 23 Excel-

52 2902 66 30 lency
132 2909 29 15 on
173 2900 39 23 the
225 2908 50 15 case
288 2900 25 23 of
329 2899 38 24 the
379 2906 95 21 persons
481 2899 34 23 for
526 2899 74 24 whom
612 2907 33 16 we

52 2935 58 23 have
122 2934 66 24 made
200 2933 137 31 applica'ion
350 2938 22 17 to
384 2932 57 24 h'm.

86 2968 44 23 We
156 2967 138 23 understand
324 2966 50 23 tint
405 2965 188 24 comrnunica'ion
623 2970 22 19 to

52 3005 123 28 guarantee
194 3005 23 18 to
236 3000 39 23 the
294 2999 90 23 setters
403 3005 23 17 at
445 2999 58 23 Poit
521 3000 122 22 iNicholson

52 3036 38 23 the
102 3039 93 27 present
211 3034 131 30 possession
354 3033 26 22 of
397 3034 107 26 110,000
516 3040 63 15 acres
591 3040 53 23 pur-

52 3068 84 24 chased
147 3068 30 29 by
189 3067 63 23 them
271 3066 58 23 from
341 3066 38 22 the
393 3066 57 23 New
463 3065 99 23 Zealand
575 3066 70 22 Com-

52 3109 69 23 pany,
134 3100 56 23 such
205 3101 108 26 110,000
326 3106 63 15 acres
402 3103 22 18 to
436 3099 29 22 be
478 3098 68 23 taken
560 3099 24 22 in
604 3106 41 15 one

52 3138 104 27 compact
174 3132 77 28 block,
271 3132 72 23 round
363 3132 39 22 the
424 3132 98 22 harbour
541 3132 25 22 of
589 3132 57 23 Port

52 3167 137 27 Nicholson,
205 3166 90 30 subject
306 3170 23 17 to
343 3165 85 23 certain
442 3165 133 24 conditions.

88 3200 35 24 Of
139 3200 63 22 these
215 3198 39 23 the
262 3198 113 31 principal
388 3205 37 16 are
428 3210 33 4 —

89 3236 22 21 1.
113 3245 35 4 —
149 3232 62 23 That
224 3231 119 24 one-tenth
356 3231 26 23 of
397 3231 38 23 the
457 3233 105 25 110,000
581 3238 64 16 acres

52 3274 39 16 are
104 3271 23 19 to
137 3266 30 22 be
178 3264 105 24 reserved
295 3264 35 23 for
341 3264 38 23 the
392 3264 147 30 Aborigines,
555 3264 22 23 in
591 3272 54 15 con-

52 3300 94 30 formity
166 3297 55 24 with
240 3297 37 23 the
297 3297 96 31 original
411 3297 55 30 plan
485 3297 25 23 of
531 3297 38 23 the
589 3297 56 23 New

54 3332 102 24 Zealand
170 3332 126 29 Company,
316 3330 37 23 the
367 3330 76 23 choice
457 3330 24 23 of
498 3330 64 23 these
581 3330 65 23 lands

52 3371 24 19 to
88 3367 28 22 be
129 3365 65 23 made
207 3363 121 31 according
344 3370 24 16 to
380 3371 29 15 an
421 3362 66 24 order
499 3363 25 23 of
538 3363 107 23 selection

52 3398 143 25 determined
205 3397 31 31 by
247 3396 40 29 lot,
301 3396 44 23 and
356 3401 23 18 to
392 3396 27 23 be
431 3396 113 32 approved
556 3397 26 22 of
595 3397 31 30 by
634 3405 13 14 a

52 3440 84 24 person
159 3430 133 24 nominated
311 3429 35 23 for
368 3429 49 23 that
436 3437 98 24 purpose
555 3429 30 32 by
609 3430 37 23 the

52 3463 285 27 Lieutenant-Governor.

88 3501 23 22 3.
114 3511 34 4 —
149 3497 62 24 That
222 3503 103 17 reserves
337 3495 58 24 shall
410 3495 48 23 also
468 3495 31 23 he
509 3495 72 28 made,
591 3496 55 24 sub-

52 3533 49 30 ject
108 3537 21 18 to
139 3532 38 23 the
186 3537 63 18 same
257 3528 115 32 approval,
381 3528 33 23 for
423 3528 87 29 Roads,
520 3528 125 30 Churches,

54 3565 106 26 Schools,
175 3564 153 29 Parsonages,
341 3562 44 22 &c.
400 3562 43 22 &c.

89 3600 23 22 4,
115 3611 33 3 —
150 3597 63 24 That
231 3595 92 24 needful
343 3602 104 15 reserves
468 3595 57 23 shall
549 3595 47 23 also
619 3595 28 22 be

53 3631 68 24 made
134 3631 34 23 for
179 3629 39 23 the
229 3636 112 24 purposes
354 3628 26 22 of
396 3627 99 31 military
513 3628 133 30 protection,

54 3664 118 30 including
184 3663 40 23 the
236 3662 42 23 site
290 3661 56 23 both
362 3661 24 22 of
409 3668 12 15 a
440 3660 103 23 Barrack
562 3661 46 22 and
626 3661 21 22 of

54 3697 116 25 Batteries
182 3703 25 16 or
219 3694 76 24 works
308 3694 25 23 of
348 3693 101 24 defence.

89 3730 44 24 We
144 3729 89 24 further
245 3726 140 25 understand
396 3726 50 23 that
456 3725 44 24 His
508 3726 139 31 Excellency

54 3763 48 24 will
113 3761 146 25 recommend
269 3765 24 19 to
304 3760 37 23 the
351 3759 77 23 Home
437 3758 156 24 Government
600 3759 47 23 that

54 3796 48 25 this
127 3797 107 25 110,000
258 3802 64 15 acres
345 3792 60 24 shall
426 3792 28 23 be
483 3792 114 30 conveyed
626 3798 21 17 to

54 3834 101 20 trustees
174 3829 24 22 in
216 3827 81 23 behalf
319 3826 25 23 of
365 3826 39 22 the
425 3824 126 32 Company,
574 3830 23 19 to
620 3826 27 23 be

55 3861 149 33 apportioned
216 3867 85 23 among
311 3859 38 23 the
362 3858 144 31 purchasers.

92 3896 47 22 For
151 3894 38 22 the
200 3901 95 15 reasons
306 3892 77 23 before
397 3890 71 31 urged
479 3891 22 22 in
516 3898 40 15 our
576 3891 71 22 inter-

55 3929 71 23 views
138 3927 54 23 with
204 3925 48 24 His
263 3924 151 29 Excellency,
427 3931 26 15 as
464 3923 50 23 well
529 3930 24 16 as
567 3923 24 23 in
610 3923 37 23 the

57 3962 134 20 documents
202 3966 34 16 we
247 3958 59 23 have
318 3957 45 23 had
377 3956 38 23 the
434 3955 72 22 honor
524 3959 22 18 to
564 3955 83 22 submit

1447 583 102 25 Colonial
1562 582 139 26 Secretary's
1715 582 80 25 Office.

1503 616 101 31 Sydney,
1618 614 57 24 28th
1689 613 54 28 Oct,
1759 614 74 22 1840.

1312 651 177 28 Gentlemen,
1490 661 35 5 —
1528 649 10 23 I
1552 649 27 23 do
1593 647 82 32 myself
1697 646 38 23 the
1753 646 73 22 honor
1845 650 22 18 to

1277 684 160 30 acknowledge
1451 684 37 23 the
1501 683 85 30 receipt
1599 682 23 23 of
1638 688 56 24 your
1706 680 67 22 letter
1789 679 24 22 of
1830 678 37 23 the

1277 718 61 23 23rd
1349 717 119 28 instant,iii
1480 723 88 16 answer
1581 721 23 17 to
1622 715 60 22 mine
1702 713 25 23 of
1743 712 38 23 the
1801 712 66 27 _Oth,

1278 750 192 30 communicating
1490 755 22 17 to
1536 756 44 23 you
1601 748 38 22 the
1656 747 101 22 decision
1777 745 24 23 of
1830 745 38 22 Sir

1279 784 92 30 George
1383 784 75 30 Gipps
1470 782 54 22 with
1536 786 89 25 respect
1637 786 21 17 to
1666 787 57 24 your
1731 779 136 30 application

1278 825 28 15 on
1319 816 78 24 behalf
1414 817 25 22 of
1455 815 37 23 the
1505 815 90 22 s.-ttlers
1608 819 22 17 at
1650 813 56 23 Port
1727 811 139 24 Nicholson:

1278 850 44 24 and
1336 851 22 22 in
1370 849 64 31 reply
1454 854 21 18 to
1496 848 37 23 the
1554 847 87 23 several
1660 846 76 30 points
1755 844 71 31 urged
1846 845 21 22 in

1278 891 58 23 your
1348 884 73 26 letter,
1437 882 10 23 I
1460 889 36 16 am
1510 880 99 23 directed
1620 880 29 30 by
1664 879 44 22 His
1727 877 141 31 Excellency

1278 922 23 18 to
1314 917 81 23 inform
1408 922 45 24 you
1463 922 25 16 as
1501 914 95 23 follows.

1316 952 20 21 1.
1340 962 32 4 —
1374 949 61 23 That
1447 949 22 22 in
1489 947 118 31 requiring
1626 945 48 24 that
1694 945 38 23 the
1749 943 66 24 lands
1835 949 34 18 set

1279 988 64 25 apart
1357 983 33 23 for
1411 982 37 23 the
1468 989 40 15 use
1528 981 25 23 of
1574 980 39 23 the
1632 980 87 22 natives
1740 977 81 24 should
1842 978 26 22 be

1280 1016 112 31 approved
1413 1016 27 29 by
1460 1015 38 22 the
1517 1012 280 26 Lieutenant-Governor,
1823 1010 45 24 His

1280 1049 139 30 Excellency
1439 1048 38 23 did
1500 1053 41 17 not
1563 1054 64 15 mean
1651 1046 49 22 that
1724 1044 56 23 such
1804 1044 65 23 lands

1280 1083 80 22 should
1373 1088 39 17 not
1425 1083 23 21 in
1460 1081 38 23 the
1510 1081 51 22 first
1572 1081 101 22 instance
1688 1079 27 22 be
1728 1077 98 23 selected
1840 1077 29 31 by

1280 1116 37 23 the
1338 1115 98 24 Officers
1455 1113 98 32 deputed
1572 1118 23 17 to
1614 1112 70 23 select
1702 1111 62 23 them
1784 1110 30 31 by
1832 1110 37 23 the

1281 1149 125 31 Company.
1453 1148 45 23 His
1519 1145 160 30 Excellency's
1698 1144 74 31 object
1790 1151 44 15 was
1846 1148 24 18 to

1280 1190 89 16 reserve
1386 1187 22 17 to
1428 1181 38 23 the
1484 1180 157 23 Government
1658 1178 37 22 the
1713 1176 61 31 right
1793 1176 26 23 of
1834 1177 35 22 in-

1280 1217 124 22 terference
1416 1216 23 21 in
1454 1222 42 22 any
1510 1220 51 16 case
1578 1213 73 21 where
1672 1210 106 31 injustice
1797 1209 73 31 might

1280 1257 83 23 appear
1375 1255 21 16 to
1409 1248 57 22 have
1478 1248 57 22 been
1548 1246 58 22 done
1619 1250 21 18 to
1653 1244 38 23 the
1710 1244 96 26 natives,
1826 1243 43 22 and

1281 1282 53 28 this,
1349 1282 44 23 His
1407 1281 140 29 Excellency
1561 1278 85 28 thinks,
1660 1285 52 22 may
1729 1277 28 23 be
1776 1276 94 23 effected

1280 1316 96 22 without
1387 1314 122 29 rendering
1522 1313 37 22 the
1571 1312 91 23 settlers
1673 1311 105 22 insecure
1790 1310 23 22 in
1833 1309 37 23 the

1280 1354 79 18 tenure
1372 1349 24 22 of
1412 1348 58 23 their
1487 1354 49 15 own
1553 1345 138 26 allotments,
1712 1343 77 23 unless
1809 1350 61 16 some

1281 1390 51 15 case
1345 1382 25 22 of
1384 1387 66 25 great
1461 1380 44 23 and
1517 1380 92 30 glaring
1621 1378 105 30 injustice
1743 1376 82 23 should
1843 1376 27 23 be

1281 1415 106 30 exposed.
1447 1413 50 24 The
1522 1412 92 24 Official
1640 1411 118 23 Protector
1781 1410 26 22 of
1833 1409 37 23 the

1282 1449 137 29 Aborigines
1432 1446 74 24 would
1529 1446 36 27 be,
1590 1451 123 20 moreover,
1736 1451 13 14 a
1762 1451 61 14 more
1845 1443 26 22 fit

1280 1489 84 22 person
1383 1486 22 17 to
1421 1481 73 31 judge
1513 1480 23 22 in
1548 1479 38 23 the
1598 1478 49 23 first
1659 1478 102 22 instance
1774 1476 26 23 of
1814 1476 57 23 such

1282 1515 104 31 injustice
1399 1514 55 22 than
1467 1513 38 23 the
1519 1510 237 31 Surveyor-General.

1316 1550 24 21 2.
1344 1561 32 3 —
1378 1547 88 24 Should
1485 1554 44 22 any
1549 1545 104 31 question
1670 1544 59 22 arise
1746 1550 25 15 as
1789 1547 23 19 to
1834 1542 37 22 the

1283 1582 124 22 extinction
1420 1581 25 22 of
1461 1585 75 18 native
1556 1578 49 23 title
1624 1582 22 18 to
1666 1577 38 22 the
1723 1575 65 24 lands
1809 1583 63 15 com-

1282 1614 130 31 prehended
1424 1613 77 23 within
1519 1612 38 22 the
1574 1611 130 23 settlement
1720 1610 25 22 of
1764 1610 107 26 110,000

1283 1656 70 20 acres,
1367 1648 37 22 the
1417 1655 62 15 same
1492 1644 122 33 principles
1625 1648 62 18 must
1703 1641 168 32 be~appliedin

1284 1681 36 23 the
1333 1681 99 23 solution
1444 1680 25 23 of
1484 1680 71 22 them.
1592 1677 50 23 The
1651 1676 158 23 Government
1816 1675 56 22 have

1283 1714 98 23 hitherto
1402 1712 115 28 assumed,
1541 1711 45 24 and
1609 1718 37 15 are
1670 1709 47 23 still
1741 1709 86 29 willing
1851 1713 21 17 to

1284 1756 90 15 assume
1386 1747 49 23 that
1448 1747 38 23 the
1505 1745 76 24 native
1602 1745 46 21 title
1668 1744 41 22 has
1728 1742 58 23 been
1806 1742 66 29 fairly

1284 1780 175 31 extinguished;
1490 1779 42 23 but
1560 1778 37 23 the
1626 1777 159 22 Government
1813 1780 60 17 must

1285 1822 88 15 reserve
1386 1819 22 18 to
1421 1813 63 23 itself
1501 1812 37 23 the
1557 1810 61 31 right
1637 1810 24 22 of
1676 1810 122 29 enquiring
1818 1809 54 27 into,

1285 1848 44 23 and
1339 1848 129 29 redressing
1480 1853 45 23 any
1538 1844 75 32 injury
1626 1843 47 23 that
1687 1850 50 22 may
1752 1843 25 22 be
1790 1841 84 31 proved

1286 1886 21 18 to
1318 1881 58 23 have
1388 1881 58 22 been
1458 1877 139 27 committed,
1611 1877 43 22 and
1667 1876 45 22 this
1725 1876 19 22 is
1759 1875 37 23 the
1813 1883 61 15 more

1286 1922 118 22 necessary
1418 1921 24 16 as
1455 1912 37 23 the
1505 1912 158 23 Government
1673 1917 46 15 was
1736 1910 23 21 in
1780 1916 29 15 no
1826 1916 48 22 way

1285 1956 13 14 a
1306 1953 64 25 party
1383 1948 22 21 in
1419 1947 38 22 the
1465 1945 111 32 purchase
1590 1944 24 22 of
1630 1944 57 22 their
1699 1942 74 27 lands,
1793 1942 44 22 and
1850 1949 25 15 as

1288 1981 45 22 His
1346 1980 141 28 Excellency
1506 1979 20 21 is
1547 1982 40 17 not
1609 1984 54 15 even
1683 1980 23 18 at
1726 1975 38 23 the
1783 1980 92 24 present

1286 2017 100 18 moment
1408 2010 112 24 informed
1545 2009 59 23 what
1626 2008 41 23 has
1690 2008 58 22 been
1771 2006 52 32 paid
1842 2007 34 22 for

1287 2046 70 23 them.

1320 2081 24 21 3.
1347 2091 34 4 —
1381 2077 65 23 With
1467 2080 88 27 respect
1573 2079 23 19 to
1616 2074 37 23 the
1670 2073 139 24 individuals
1827 2072 50 23 who

1288 2120 51 22 may
1359 2112 64 22 claim
1442 2110 54 23 land
1514 2109 79 23 within
1613 2108 36 23 the
1670 2107 138 27 settlement,
1833 2114 44 22 you

1288 2146 56 22 have
1364 2144 85 31 rightly
1468 2142 158 32 apprehended
1649 2140 45 24 His
1715 2139 164 31 Excellency's

1287 2179 115 29 meaning.
1451 2177 63 23 Such
1534 2175 135 24 individuals
1688 2178 62 19 must
1769 2173 28 23 be
1818 2173 61 23 dealt

1289 2212 53 23 with
1355 2211 71 23 under
1435 2210 38 24 the
1487 2210 46 23 Act
1550 2209 24 23 of
1592 2207 102 29 Council,
1715 2208 24 21 in
1760 2206 37 23 the
1818 2213 62 16 same

1289 2253 49 23 way
1352 2245 47 23 that
1411 2245 54 29 they
1479 2243 73 23 would
1564 2243 28 22 be
1605 2241 60 23 dealt
1677 2240 52 23 with
1743 2241 19 22 if
1778 2239 38 23 the
1826 2239 53 23 land

1289 2278 95 24 claimed
1395 2278 30 30 by
1439 2278 60 22 them
1514 2283 57 16 were
1585 2274 104 31 required
1701 2274 33 23 for
1747 2281 43 23 any
1800 2272 79 32 public

1289 2319 97 24 purpose
1395 2320 6 15 :
1421 2312 22 21 in
1458 2311 45 22 fact
1516 2309 37 23 the
1567 2309 119 23 formation
1703 2307 25 23 of
1743 2307 38 23 the
1802 2306 78 23 settle-

1291 2350 62 18 ment
1375 2345 18 23 is
1418 2352 14 16 a
1454 2343 77 32 public
1554 2349 97 24 purpose
1655 2354 29 3 —
1687 2340 53 30 they
1769 2339 113 24 therefore

1290 2384 82 17 cannot
1395 2379 72 22 retain
1487 2377 59 22 their
1569 2375 65 23 lands
1658 2375 23 22 in
1704 2374 32 23 it:
1738 2386 34 3 —
1772 2373 42 23 but
1838 2380 42 23 any

1291 2409 168 34 compensation
1473 2410 73 22 which
1559 2417 52 22 may
1623 2408 26 23 be
1669 2406 103 25 awarded
1784 2412 23 17 to
1820 2406 61 23 them

1291 2446 28 30 by
1334 2445 36 22 the
1390 2444 193 23 Commissioners
1602 2442 34 22 for
1654 2441 39 23 the
1709 2440 48 23 loss
1776 2440 26 23 of
1823 2439 59 23 their

1291 2478 66 24 lands
1368 2483 62 17 must
1441 2478 27 22 be
1477 2476 65 24 made
1550 2476 30 31 by
1589 2475 37 23 the
1634 2474 90 24 settlers
1733 2472 149 32 collectively,

1291 2520 25 15 or
1328 2512 30 30 by
1371 2511 36 23 the
1421 2511 127 29 Company.

1325 2547 25 21 4.
1353 2557 32 3 —
1388 2544 46 22 His
1454 2543 141 29 Excellency
1614 2541 82 24 wishes
1715 2541 19 22 it
1752 2544 22 19 to
1792 2540 28 23 be
1840 2547 42 15 un-

1292 2577 103 24 derstood
1410 2577 49 22 that
1470 2577 19 22 it
1501 2577 19 22 is
1540 2580 39 18 out
1599 2575 24 23 of
1639 2575 34 22 his
1695 2581 76 24 power
1790 2578 23 18 to
1832 2573 52 30 give

1292 2612 39 22 the
1350 2610 90 24 settlers
1460 2617 29 16 an
1508 2609 104 24 absolute
1635 2612 124 26 guarantee
1780 2612 23 17 to
1825 2606 59 23 their

1292 2645 73 28 lands,
1379 2644 35 22 his
1427 2648 47 18 acts
1487 2643 23 23 in
1523 2647 90 26 respect
1624 2646 22 18 to
1659 2641 70 26 them,
1743 2639 46 23 like
1802 2639 30 23 all
1846 2639 38 23 the

1292 2678 65 23 other
1369 2683 48 17 acts
1427 2677 26 22 of
1468 2677 35 22 his
1524 2676 163 23 Government,
1707 2674 69 30 being
1795 2673 90 30 subject

1293 2717 22 18 to
1328 2711 37 24 the
1378 2709 107 33 approval
1498 2710 24 22 of
1539 2708 51 24 Her
1604 2707 108 32 Majesty.

1361 2744 13 24 I
1387 2744 56 23 have
1457 2743 37 23 the
1506 2742 73 23 honor
1592 2746 22 18 to
1626 2741 35 27 be,
1676 2740 140 31 gentlemen,

1428 2777 67 23 Your
1507 2780 60 19 most
1579 2774 104 23 obedient
1696 2777 98 23 servant,

1327 2809 112 32 (Signed)
1540 2808 31 24 E.
1592 2807 89 24 DEAS
1701 2805 183 24 THOMSON.

1293 2845 45 24 Dr.
1353 2845 86 26 Evans,
1454 2843 31 24 R.
1499 2842 33 24 D.
1548 2841 105 28 Hanson,
1668 2840 68 31 Esq.,

1340 2878 43 22 and
1397 2877 82 29 Henry
1494 2876 115 29 Moreing.
1623 2874 67 31 Esq.,

1294 2912 112 30 Deputies
1419 2910 57 23 from
1489 2909 38 23 the
1540 2909 97 23 Settlers
1649 2914 23 17 at
1684 2907 57 24 Port
1749 2905 135 25 Nicholson.

662 143 11 16 o
686 135 55 29 him,
754 143 33 16 we
800 142 38 16 are
851 134 24 23 of
891 134 91 30 opinion
996 131 46 24 that
1054 131 64 22 these
1132 134 70 19 terms
1214 129 27 23 do

662 173 30 19 lot
703 173 60 18 meet
775 169 37 22 the
831 166 136 24 substantial
982 164 84 33 justice
1085 163 26 23 of
1126 162 38 24 the
1173 184 4 5 ,
1183 169 58 21 case,

662 201 110 24 nasmuch
794 208 27 15 as
843 200 39 23 the
903 199 87 30 largest
1008 197 130 31 proportion
1158 196 25 22 of
1206 195 37 23 the

662 233 56 24 ands
729 235 24 22 in
765 233 38 24 the
815 231 188 32 neighbourhood
1014 230 24 23 of
1049 230 56 22 Port
1117 227 127 25 Nicholson

662 272 75 18 ;annot
748 266 28 23 be
787 266 66 23 made
870 265 111 24 available
1002 263 33 23 for
1054 261 148 32 agricultural
1219 268 25 15 or

662 300 57 23 xher
730 306 112 25 purposes
851 308 5 19 ;
875 299 43 22 but
934 305 25 15 as
979 295 46 25 His
1042 294 141 30 Excellency
1204 293 40 24 has

663 333 37 22 aid
711 333 65 22 down
788 333 85 22 certain
886 329 124 32 principles
1023 327 29 31 by
1065 327 73 23 which
1150 327 29 23 he
1191 334 53 14 con-

662 366 67 22 ceives
739 365 96 23 himself
849 364 78 23 bound
941 364 23 22 in
983 362 45 23 this
1046 365 90 23 matter,
1157 367 33 14 we
1209 366 36 15 see

662 406 22 15 no
697 399 126 29 advantage
834 402 23 18 to
876 397 60 23 arise
954 395 59 23 from
1031 400 44 23 any
1094 392 89 24 further
1198 392 47 22 dis-

662 432 84 22 :ussion
760 439 28 15 on
802 430 49 23 that
861 430 70 30 topic.

688 464 52 28 We,
755 464 110 27 however,
882 462 85 24 submit
984 461 49 23 that
1051 459 39 23 the
1107 463 72 18 terms
1198 465 47 16 em-

662 497 75 30 ployed
756 497 28 30 by
809 496 43 23 His
871 495 140 28 Excellency
1031 493 23 22 in
1074 492 117 30 requiring
1209 491 37 23 the

662 530 100 31 ipproval
774 529 26 24 of
814 529 38 23 the
865 526 273 26 Lieutenant-Governor
1150 524 25 23 of
1192 524 55 23 New

662 563 95 23 Zealand
770 568 21 17 to
804 562 38 23 the
856 562 107 23 selection
976 560 26 23 of
1016 559 29 22 all
1061 558 37 22 the
1110 565 103 16 reserves
1225 562 22 19 to

662 597 22 22 be
696 596 66 23 made
774 595 35 24 for
821 595 38 23 the
868 594 86 24 benefit
966 594 25 23 of
1007 592 35 22 the
1052 591 139 30 Aborigines
1205 590 42 24 and

662 629 29 23 for
704 629 76 31 public
791 635 119 24 purposes,
920 627 127 23 introduces
1060 625 46 22 into
1118 624 40 22 the
1170 624 77 22 settle-

662 667 57 18 ment
737 662 74 23 which
830 661 45 26 he,
878 661 43 23 has
939 658 111 33 proposed
1065 665 28 15 an
1113 657 98 22 element
1227 657 25 23 of

662 696 139 30 uncertainty
812 694 46 23 and
869 693 65 31 delay
943 691 73 24 which
1024 695 62 19 must
1092 698 70 23 prove
1171 690 76 31 highly

662 728 138 24 detrimental
814 733 21 17 to
848 727 39 23 the
899 728 107 22 interests
1016 724 24 23 of
1053 724 37 23 the
1098 723 99 29 settlers,
1207 724 43 22 and

662 769 48 23 may
721 761 51 23 lead
784 767 23 16 to
819 761 39 22 the
870 760 139 23 destruction
1022 757 25 23 of
1063 757 37 23 the
1109 756 138 24 settlement.

662 794 127 31 According
800 799 23 17 to
831 793 37 23 the
877 791 189 25 communication
1074 790 24 23 of
1111 789 46 23 His
1164 789 85 24 Excel-

662 827 70 31 lency,
746 827 59 24 until
817 827 39 23 the
867 833 103 16 reserves
988 831 23 17 to
1029 824 27 22 be
1076 823 65 23 made
1160 823 34 22 for
1214 823 36 23 the

662 860 82 24 benefit
756 861 25 23 of
796 860 39 23 the
847 860 139 29 Aborigines
999 856 41 24 and
1054 857 34 22 for
1099 856 77 31 public
1195 863 55 24 pur-

662 901 63 23 poses
737 894 58 23 have
806 894 57 22 been
877 892 114 31 approved
1005 891 29 29 by
1047 889 37 23 the
1098 889 151 23 Lieutenant-

662 926 122 29 Governor,
800 934 28 15 no
842 933 83 23 person
939 929 21 18 to
981 923 71 24 whom
1073 930 12 15 a
1103 922 87 23 section
1211 922 40 23 has

662 960 51 23 been
728 959 93 23 allotted
831 966 40 16 can
885 959 44 22 feel
942 964 78 17 secure
1033 957 21 21 in
1068 955 35 23 his
1111 956 138 30 possession,

662 993 42 23 and
714 1001 29 14 no
757 1001 42 14 one
811 992 74 23 would
902 996 95 19 venture
1016 997 60 23 upon
1096 988 38 23 the
1153 989 97 22 erection

662 1026 22 23 of
700 1034 43 22 any
757 1026 121 30 expensive
891 1024 123 31 buildings,
1025 1023 96 22 because
1131 1022 56 22 uutil
1195 1022 56 22 such

662 1059 103 32 approval
779 1059 28 23 he
819 1058 74 23 would
906 1058 28 23 be
948 1058 83 28 always
1051 1055 66 23 liable
1141 1060 21 17 to
1182 1055 67 31 eject-

662 1098 60 17 ment
734 1100 27 15 on
776 1093 37 22 the
826 1091 88 31 ground
927 1091 49 23 that
988 1090 34 22 his
1034 1089 33 22 lot
1078 1088 72 30 ought
1160 1093 22 17 to
1196 1088 55 23 have

662 1126 84 23 formed
758 1126 56 23 such
826 1133 14 15 a
849 1132 98 16 reserve.
984 1122 53 24 And
1045 1129 25 15 as
1078 1122 37 22 the
1125 1121 126 30 Surveyor-

662 1159 99 23 General
775 1159 25 23 of
815 1159 57 23 New
893 1157 101 24 Zealand
1012 1160 61 18 must
1092 1155 25 22 of
1139 1155 110 30 necessity

662 1192 25 23 be
700 1192 109 31 occupied
821 1192 34 23 for
866 1199 14 15 a
892 1189 153 25 considerable
1064 1187 78 31 period
1161 1188 22 22 in
1204 1188 47 30 lay-

662 1226 38 30 ing
711 1230 41 18 out
763 1225 37 23 the
814 1230 71 18 towns
897 1224 61 23 fixed
973 1229 60 24 upon
1053 1222 28 29 by
1101 1221 39 23 the
1160 1221 91 23 Lieut.-

662 1258 124 29 Governor,
801 1258 44 23 and
857 1259 23 21 in
892 1257 124 30 surveying
1028 1255 38 22 the
1085 1260 95 25 country
1200 1262 49 15 sec-

662 1293 58 21 tions
732 1293 24 21 in
769 1291 59 23 their
843 1291 100 30 vicinity,
964 1289 78 23 twelve
1061 1287 92 23 months
1172 1293 23 17 at
1215 1288 36 22 the

662 1324 62 30 least,
738 1325 43 23 an.i
801 1324 110 32 probably
931 1324 65 22 twice
1014 1322 49 22 that
1081 1321 79 31 period
1179 1321 70 22 would

662 1359 74 30 elapse
751 1359 75 22 before
845 1359 27 21 he
892 1357 66 23 could
978 1356 52 22 visit
1047 1354 57 23 Port
1124 1354 125 23 Nicholson

662 1391 32 23 for
704 1392 37 22 the
748 1399 99 23 purpose
856 1392 24 21 of
887 1390 107 30 deciding
1002 1396 57 22 upon
1070 1387 63 23 these
1142 1395 107 15 reserves.

663 1424 91 31 During
773 1424 37 24 the
830 1424 71 22 whole
925 1424 24 22 of
971 1422 48 23 that
1037 1420 78 31 period
1135 1420 37 23 the
1191 1422 60 21 main

662 1458 104 22 business
784 1458 26 22 of
831 1457 129 23 settlement
978 1459 60 19 must
1056 1455 27 22 be
1101 1453 110 29 checked,
1230 1458 22 18 to

662 1491 38 23 the
711 1496 65 25 great
788 1490 75 32 injury
875 1490 25 22 of
917 1490 37 22 the
967 1488 97 24 settlers.

697 1524 70 30 Upon
781 1524 45 23 this
833 1524 64 30 point
908 1523 102 22 however
1018 1528 32 15 we
1058 1519 81 24 should
1146 1520 28 23 be
1183 1521 68 22 satis-

663 1557 42 23 lied
713 1563 22 17 to
744 1557 85 23 receive
837 1557 56 22 from
903 1554 42 29 His
945 1554 143 29 Excellency
1096 1561 28 15 an
1132 1561 120 15 assurance

662 1590 50 23 that
725 1590 38 23 the
777 1590 139 30 Company's
930 1590 98 22 Officers
1047 1587 58 23 shall
1124 1587 29 22 be
1172 1587 80 23 autho-

662 1624 62 22 rized
732 1629 21 17 to
761 1623 67 23 make
834 1623 63 23 these
907 1629 101 16 reserves
1014 1622 22 21 in
1043 1620 37 23 the
1088 1620 50 23 first
1143 1620 109 28 instance,

662 1657 44 22 and
719 1657 49 22 that
781 1657 59 22 their
852 1657 107 22 selection
973 1653 58 24 shall
1042 1658 40 18 not
1092 1653 27 23 be
1134 1653 118 23 interfered

663 1690 52 22 with
741 1695 82 26 except
842 1697 28 15 on
889 1697 62 15 some
972 1686 134 25 substantial
1125 1686 89 30 ground
1233 1686 23 23 of

662 1723 120 31 departure
796 1724 56 21 from
866 1723 38 22 the
917 1723 66 29 spirit
1000 1720 23 23 of
1038 1720 39 22 the
1094 1719 93 31 implied
1200 1728 53 14 con-

663 1761 58 18 tract
733 1756 71 23 under
817 1756 71 22 which
903 1756 37 22 the
953 1761 100 17 reserves
1066 1761 37 14 are
1115 1758 22 17 to
1145 1753 27 22 be
1181 1752 71 23 made.

691 1789 76 24 There
774 1797 37 15 are
818 1789 105 22 however
931 1794 42 17 two
982 1787 74 31 points
1064 1787 22 21 in
1097 1786 48 23 that
1153 1794 101 15 commu-

663 1824 91 22 nicaton
768 1822 24 24 of
808 1823 34 22 far
854 1827 89 26 greater
955 1822 137 30 importance
1106 1825 23 17 to
1141 1819 73 23 which
1223 1827 31 15 we

663 1857 45 29 beg
720 1862 23 17 to
757 1856 41 23 call
816 1856 39 23 the
871 1855 111 23 attention
998 1853 23 23 of
1042 1853 46 23 His
1101 1852 151 31 Excellency.

699 1890 47 22 His
758 1889 141 30 Excellency
913 1893 71 18 states
998 1886 46 23 that
1052 1886 38 23 the
1099 1886 157 23 Government

664 1924 28 21 do
706 1929 39 16 not
757 1928 123 24 guarantee
894 1922 37 22 the
939 1920 129 32 possession
1077 1919 24 23 of
1111 1926 44 23 any
1164 1920 89 30 portion

664 1956 26 23 of
710 1956 54 22 laud
782 1960 22 18 to
824 1956 38 22 the
884 1955 92 23 settlers
997 1959 20 18 to
1039 1952 38 23 the
1097 1952 117 23 exclusion
1235 1952 23 23 of

665 1997 95 22 persons
780 1989 48 21 who
847 1996 52 21 may
920 1988 66 21 claim
1004 1987 130 28 possession
1153 1985 24 21 of
1192 1985 63 21 them

664 2022 32 30 by
717 2026 74 18 vrtue
814 2020 26 23 of
861 2021 107 30 previous
991 2025 37 25 pin
1035 2017 80 22 chases
1137 2017 58 22 from
1219 2017 37 22 the

666 2061 96 22 nativjs,
776 2054 42 23 and
831 2053 48 23 that
891 2053 38 23 the
942 2053 72 30 rights
1026 2050 26 24 of
1068 2050 37 23 the
1115 2050 140 30 Aborigines

666 2096 38 15 are
716 2087 119 31 expressly
848 2086 114 23 reserved.

701 2121 35 23 As
750 2128 31 16 we
794 2119 133 24 considered
939 2119 49 23 that
1000 2116 37 24 the
1047 2121 36 19 act
1091 2116 34 23 for
1133 2116 38 23 the
1179 2116 78 23 settle-

666 2159 63 19 ment
742 2155 26 22 of
783 2154 61 23 titles
856 2154 23 21 in
893 2152 56 24 New
962 2150 101 25 Zealand
1075 2157 45 16 was
1134 2149 37 23 the
1190 2150 67 22 foun-

667 2189 76 22 dation
755 2187 24 23 of
795 2187 29 23 all
842 2194 42 15 our
902 2185 154 31 negociations
1073 2183 54 23 with
1150 2183 44 23 His
1207 2182 51 24 Ex-

668 2222 100 29 cellency
782 2228 32 15 we
834 2220 57 23 have
909 2224 41 18 not
967 2217 100 25 referred
1084 2217 133 30 previously
1237 2221 21 17 to

668 2255 73 23 either
754 2254 25 22 of
794 2253 64 23 these
871 2254 84 30 points.
993 2250 41 23 We
1046 2250 76 22 rested
1132 2250 37 22 the
1179 2250 79 22 claims

669 2288 26 23 of
710 2288 38 23 the
762 2288 118 30 Company
899 2286 44 23 and
963 2285 38 23 the
1019 2283 99 28 settlers,
1139 2288 40 17 not
1199 2290 59 23 upon

669 2322 39 23 the
720 2320 111 32 purchase
845 2320 56 22 from
915 2319 38 23 the
964 2318 75 23 native
1052 2317 65 27 tribe,
1138 2316 41 23 but
1200 2324 59 23 upon

670 2355 38 23 the
719 2355 63 29 large
795 2361 50 15 sum
858 2352 144 23 contributed
1011 2351 28 29 by
1058 2349 38 24 the
1115 2349 90 23 settlers
1227 2349 34 23 for

670 2388 39 24 the
727 2394 110 25 purposes
857 2386 25 22 of
904 2384 142 31 emigration.
1094 2382 59 24 This
1173 2389 37 16 too
1229 2390 32 15 we

670 2420 121 25 conceived
803 2424 23 19 to
837 2419 28 23 be
878 2419 38 23 the
929 2419 82 22 motive
1031 2417 33 22 for
1076 2416 49 23 that
1143 2417 117 30 exception

671 2462 22 16 to
706 2455 38 22 the
757 2453 128 31 provisions
897 2452 26 23 of
938 2452 38 22 the
988 2455 35 19 act
1035 2450 23 22 in
1068 2450 111 30 question,
1190 2449 71 23 which

673 2488 45 24 His
731 2486 140 30 Excellency
884 2492 109 24 proposes
1007 2489 19 17 to
1036 2483 143 23 recommend
1191 2483 24 22 in
1225 2483 36 23 the

671 2523 103 22 instance
786 2520 26 22 of
828 2519 36 23 the
877 2519 92 23 settlers
981 2523 23 18 at
1016 2516 57 24 Port
1086 2516 133 23 Nicholson.

705 2554 45 23 We
774 2552 74 23 would
871 2559 50 16 now
940 2551 101 23 however
1061 2554 96 26 suggest
1174 2554 22 18 to
1218 2549 45 23 His

675 2587 141 29 Excellency
831 2586 47 22 that
891 2585 38 23 the
943 2585 86 23 natives
1040 2582 58 23 have
1110 2582 99 30 actually
1224 2587 39 26 put

672 2621 39 24 the
722 2620 80 31 Agent
814 2619 25 23 of
854 2619 38 22 the
906 2618 56 23 New
980 2616 100 25 Zealand
1101 2615 118 31 Company
1240 2616 21 22 in

672 2654 131 32 possession
816 2652 26 23 of
857 2652 38 22 the
908 2651 71 23 whole
993 2650 24 23 of
1033 2649 38 24 the
1082 2649 54 23 land
1154 2657 53 15 near
1226 2649 37 23 the

674 2688 98 23 harbour
783 2686 26 23 of
819 2686 56 23 Port
884 2684 125 24 Nicholson
1019 2682 126 31 purchased
1158 2682 25 23 of
1193 2682 69 24 them.

674 2721 47 23 But
733 2721 57 22 from
802 2719 38 23 the
853 2724 91 17 un~erta
948 2719 5 12 ;
955 2723 42 25 nty
1011 2716 51 23 with
1075 2716 81 30 regard
1168 2720 22 19 to
1204 2716 60 23 titles

673 2754 75 23 which
760 2751 138 32 necessa.ily
910 2751 76 24 attach
997 2758 22 19 -s,
1033 2750 23 22 in
1068 2757 63 15 some
1143 2749 90 30 degree,
1242 2754 22 18 to

673 2787 124 32 purchases
809 2787 24 21 in
855 2789 54 19 New
930 2782 107 29 _(±aiand,
1058 2782 74 23 where
1150 2783 18 22 it
1187 2783 20 22 is
1225 2788 39 17 not

674 2821 84 23 known
770 2819 100 23 whether
883 2826 44 22 any
940 2818 86 31 precise
1038 2816 48 23 rule
1099 2815 98 32 prevails
1210 2824 24 14 as
1242 2820 22 18 to

675 2854 37 24 the
724 2854 82 30 degree
819 2853 22 21 hi
855 2852 73 22 which
941 2849 136 25 individuals
1089 2857 38 15 are
1140 2849 74 23 bound
1235 2849 28 29 by

675 2888 37 23 the
724 2874 48 36 ac°s
784 2887 25 22 of
826 2885 37 23 the
875 2885 66 28 tribe,
955 2885 23 22 hi
997 2890 19 16 a-
1026 2883 47 22 sale
1092 2882 25 23 of
1133 2882 60 28 land,
1211 2883 17 22 it
1244 2883 20 23 is

673 2920 133 31 impossible
818 2923 23 19 to
852 2919 28 22 be
894 2926 78 15 secure
984 2917 90 29 against
1086 2916 87 28 claims,
1191 2915 73 23 which

675 2954 74 31 might
768 2954 26 22 be
817 2951 72 31 urged
913 2957 21 17 to
959 2949 119 25 detatched
1100 2951 111 29 portions,
1235 2949 29 30 by

674 2994 96 25 persons
789 2986 49 23 who
859 2984 44 24 had
923 2985 28 30 by
974 2982 98 25 removal
1096 2990 25 15 or
1145 2982 119 23 otherwise

675 3020 104 24 forfeited
791 3019 28 23 all
834 3019 66 22 claim
913 3023 23 18 to
948 3026 45 22 any
1010 3017 88 30 portion
1115 3015 26 23 of
1156 3015 37 23 the
1212 3015 52 23 land

675 3062 25 15 as
710 3054 90 29 against
813 3053 58 23 their
889 3052 66 27 tribe,
975 3051 40 23 but
1034 3049 72 30 might
1126 3053 96 26 attempt
1242 3054 22 17 to

675 3087 109 24 establish
797 3085 56 23 such
865 3094 13 14 a
891 3085 66 22 claim
970 3092 25 15 as
1007 3083 89 30 against
1107 3081 39 23 the
1165 3082 98 22 settlers.

708 3120 44 23 We
764 3120 103 22 however
880 3118 45 30 beg
936 3123 22 18 to
971 3115 87 26 remind
1071 3115 43 23 His
1124 3114 140 31 Excellency

675 3153 49 24 that
736 3153 38 23 the
786 3160 89 15 rcs3rve
889 3151 24 23 of
929 3158 42 16 one
985 3149 63 24 tenth
1061 3149 24 22 of
1101 3147 39 24 the
1148 3148 61 28 land,
1218 3153 22 17 to
1252 3155 12 15 a

674 3187 131 31 proportion
819 3185 26 23 of
859 3184 74 23 which
955 3191 45 23 any
1011 3190 41 15 one
1069 3181 86 31 having
1172 3189 14 15 a
1206 3181 58 23 valid

675 3221 66 22 claim
755 3225 22 17 to
789 3219 54 22 land
855 3218 74 23 would
941 3217 26 23 be
980 3215 100 28 entitled,
1097 3215 18 22 is
1125 3215 25 22 of
1162 3214 63 23 itself
1236 3222 28 15 an

676 3253 74 31 ample
757 3252 177 31 compensation,
941 3250 45 23 and
990 3248 99 33 justilies
1096 3248 38 23 the
1140 3248 124 23 extinction

676 3287 26 22 of
715 3286 39 23 the
776 3286 75 22 native
863 3284 49 23 title
926 3289 21 17 to
960 3283 38 23 the
1016 3281 134 27 remainder,
1169 3281 63 23 since
1248 3281 16 22 it

676 3323 82 19 cannot
770 3319 27 23 be
810 3318 100 23 doubted
929 3317 47 23 that
997 3315 36 24 the
1052 3314 131 23 settlement
1200 3313 64 24 made

676 3358 23 18 at
712 3353 57 22 Port
781 3351 125 24 Nicholson
920 3350 71 30 solely
1000 3349 21 22 in
1030 3355 155 23 consequence
1194 3348 25 22 of
1228 3347 36 23 the

676 3385 114 32 supposed
809 3384 94 30 validity
922 3384 25 23 of
963 3383 38 23 the
1020 3381 112 31 purchase
1150 3381 59 29 frqm
1228 3380 36 23 the

677 3420 96 27 natives,
784 3418 43 22 has
840 3416 115 24 conferred
968 3422 61 25 upon
1041 3414 50 23 that
1103 3413 62 23 tenth
1185 3418 50 26 part
1253 3421 11 15 a

677 3452 64 24 value
754 3450 109 32 probably
876 3449 86 24 tenfold
974 3452 89 28 greater
1084 3447 57 22 than
1152 3446 50 23 that
1212 3454 52 24 pos-

677 3485 78 24 sessed
767 3485 30 30 by
810 3484 37 23 the
860 3483 72 23 whole
944 3482 89 24 district
1042 3480 108 31 previous
1170 3485 22 17 to
1211 3479 53 23 such

677 3519 139 23 settlement.

710 3551 66 23 With
793 3549 82 32 regard
894 3554 23 18 to
936 3548 39 24 the
994 3547 117 24 claimants
1132 3546 72 23 under
1215 3553 49 24 pre-

677 3586 64 23 vious
760 3583 124 32 purchases
904 3582 56 23 from
981 3581 37 23 the
1032 3581 95 26 natives,
1148 3587 33 15 we
1194 3579 70 23 would

678 3618 52 31 only
743 3621 92 26 tequest
846 3616 50 23 that
908 3615 54 23 such
976 3621 95 24 persons
1084 3621 51 22 may
1146 3612 29 23 be
1190 3612 74 31 placed

678 3653 24 21 in
713 3651 38 23 the
764 3657 62 16 same
837 3649 99 31 position
948 3655 26 16 as
986 3646 49 24 that
1047 3645 71 23 which
1130 3645 53 31 they
1195 3645 69 23 would

677 3685 57 23 have
748 3682 107 31 occupied
873 3682 23 22 in
913 3685 91 26 respect
1015 3679 24 23 of
1055 3679 51 22 land
1126 3678 95 23 claimed
1238 3678 26 30 by

678 3718 61 23 them
753 3718 23 21 in
787 3723 44 23 any
844 3719 59 19 town
917 3714 87 23 formed
1014 3713 29 29 by
1056 3712 38 23 the
1110 3715 154 27 government.

680 3751 24 23 If
719 3758 44 22 any
777 3749 65 23 claim
856 3749 18 21 is
887 3747 64 23 made
964 3747 26 23 of
1004 3745 52 23 land
1070 3750 38 17 not
1120 3744 106 23 included
1245 3744 19 23 in

680 3784 35 23 the
735 3784 43 22 site
790 3782 26 23 of
830 3781 38 24 the
889 3786 67 21 town,
976 3779 38 23 the
1031 3778 90 23 settlers
1135 3785 37 15 are
1185 3777 79 30 willing

680 3817 47 23 that
746 3816 56 23 such
822 3815 66 23 claim
908 3813 82 23 should
1009 3812 26 23 be
1054 3810 124 24 submitted
1197 3815 22 18 to
1232 3810 32 23 the

678 3850 101 23 decision
790 3849 26 22 of
831 3847 38 24 the
884 3847 190 25 Commissoners,
1091 3843 42 23 but
1150 3843 54 30 they
1216 3850 48 16 con-

678 3883 61 23 sider
751 3883 18 22 it
786 3880 80 31 highly
885 3880 80 30 unjust
983 3878 21 24 if
1018 3878 23 22 in
1061 3884 51 15 case
1130 3876 75 23 where
1218 3875 46 31 they

679 3916 56 22 have
746 3914 54 30 paid
812 3914 131 26 £100,000
960 3912 36 22 for
1012 3910 60 23 what
1090 3909 19 23 is
1129 3909 24 23 in
1165 3909 80 29 reality
1258 3916 6 14 a

680 3951 67 22 town,
761 3946 43 22 and
817 3947 93 25 20,000
922 3951 62 16 acres
999 3943 23 23 of
1037 3943 61 24 land,
1115 3942 71 28 being
1198 3946 23 17 at
1233 3941 31 21 the

1423 2989 196 23 BARRETTS
1634 2987 125 22 HOTEL.

1294 3027 52 47 R
1375 3024 144 23 BARRETT
1534 3024 53 26 begs
1602 3026 20 18 to
1635 3022 80 21 inform
1728 3020 38 22 the
1776 3019 112 22 Colonists

1351 3064 9 10 •
1393 3052 26 21 of
1433 3052 51 21 Port
1494 3050 132 26 Nicholson,
1635 3049 48 21 that
1692 3048 37 21 the
1739 3048 70 21 above
1820 3046 66 21 Hotel

1279 3076 2 33 j
1292 3081 20 21 is
1320 3087 50 14 now
1381 3086 64 20 open,
1458 3078 43 21 and
1513 3080 67 19 trusts
1595 3077 29 26 by
1642 3074 110 27 affording
1768 3081 68 18 every
1851 3080 35 14 ac-

1294 3106 165 22 commodation
1470 3109 24 17 to
1504 3102 35 23 liis
1549 3107 83 23 guests,
1644 3106 21 17 to
1675 3101 67 22 merit
1755 3107 12 14 a
1784 3099 103 22 continu-

1294 3141 55 14 ance
1360 3133 25 21 of
1396 3132 38 22 the
1450 3135 122 25 patronage
1589 3128 91 28 already
1696 3127 115 22 bestowed
1826 3132 60 21 upon

1292 3160 56 22 him.
1839 3179 5 8 ,

1279 3194 2 25 |
1320 3187 85 25 Wines,
1423 3185 82 28 spirits,
1521 3184 42 27 ale,
1579 3183 46 22 and
1642 3185 81 25 porter,
1741 3181 26 20 of
1783 3181 38 20 the
1839 3181 46 19 best

1294 3214 92 28 quality.
1869 3232 6 3 .

1322 3242 37 20 An
1370 3240 104 26 ordinary
1485 3238 60 26 daily
1555 3240 24 19 at
1588 3240 43 17 two
1646 3234 94 22 o'clock.
1769 3234 56 21 Cold
1842 3240 11 14 c
1863 3236 25 17 il-

1293 3268 82 21 lations
1386 3267 82 27 always
1478 3265 77 27 ready.
1586 3262 65 23 Good
1660 3262 62 21 beds.

1294 3322 71 21 THE
1390 3320 93 22 HOPE
1510 3317 132 23 COFFEE
1667 3316 55 21 and
1748 3313 139 22 EATING

1531 3344 122 22 HOUSE.

1297 3383 33 48 S
1365 3379 175 24 MARSHALL
1555 3379 54 24 begs
1625 3376 64 21 leave
1708 3378 24 18 to
1750 3374 84 22 inform
1853 3373 36 22 his

1338 3420 9 9 •
1379 3407 84 22 friends
1473 3405 45 22 and
1529 3405 37 21 the
1577 3403 74 28 public
1662 3403 22 20 in
1696 3401 98 26 general,
1805 3401 48 21 that
1860 3401 27 20 lie

1296 3436 39 21 has
1345 3434 88 28 opened
1442 3433 37 21 the
1491 3433 70 21 above
1570 3431 76 24 house,
1656 3429 44 21 and
1707 3429 70 26 hopes
1786 3428 30 26 by
1826 3427 64 21 strict

1295 3462 109 23 attention
1417 3464 22 18 to
1451 3466 109 18 economy
1570 3457 44 21 and
1625 3456 92 27 quality,
1736 3455 48 22 that
1800 3455 29 21 he
1844 3454 44 21 will

1295 3490 88 21 receive
1393 3495 14 14 a
1417 3487 64 21 share
1492 3485 26 22 of
1530 3485 58 21 their
1598 3486 98 23 support.

1280 3516 2 33 |
1324 3516 48 21 Hot
1383 3515 71 27 joints
1465 3513 69 26 ready
1549 3511 58 22 from
1622 3512 26 20 12
1658 3509 34 22 till
1701 3510 21 20 2.
1751 3508 58 22 Cold
1819 3511 72 24 joints

1296 3544 83 26 always
1388 3541 78 26 ready.

1378 3588 146 28 QTTE_N'S
1538 3586 100 21 HEAD
1653 3584 160 21 TAVERN.

1297 3619 35 48 J
1366 3617 44 21 HO
1414 3615 63 21 WES
1501 3614 55 25 be.??
1576 3617 23 17 to
1614 3615 77 18 return
1708 3610 82 21 thanks
1800 3610 35 21 for
1851 3609 38 21 the

1338 3656 10 10 •
1379 3645 93 25 support
1481 3642 29 20 he
1520 3640 40 21 has
1570 3638 102 23 received
1683 3638 61 21 since
1760 3636 28 21 he
1805 3635 86 28 opened

1298 3672 38 22 the
1346 3671 70 21 above
1428 3667 176 25 establishment,
1623 3664 45 22 and
1685 3664 63 21 takes
1766 3662 37 22 the
1812 3669 80 20 oppor-

1298 3699 73 26 tunity
1383 3702 21 16 to
1416 3702 120 15 announce
1548 3694 48 21 that
1603 3692 28 22 he
1641 3692 40 21 has
1693 3690 81 27 always
1786 3697 28 14 on
1831 3689 60 21 hand

1298 3726 25 20 of
1336 3725 36 21 the
1390 3730 54 19 very
1463 3722 51 21 best
1530 3720 86 28 quality
1632 3725 67 20 every
1717 3716 135 27 description
1872 3716 25 20 of

1298 3753 59 25 beer,
1369 3751 40 25 ale,
1421 3750 65 25 wine,
1496 3748 44 21 and
1551 3746 80 28 spirits,
1640 3748 23 18 at
1670 3744 114 22 moderate
1792 3742 100 27 charges,

1283 3793 2 11 i
1325 3784 147 26 Wellington,
1485 3781 128 22 December
1621 3781 19 24 4,
1653 3779 61 21 1840.

1526 3833 139 23 NOTICE.

1302 3864 93 49 ANY
1414 3869 82 22 person
1514 3861 100 22 desirous
1632 3859 25 21 of
1673 3858 105 26 building
1795 3864 29 15 on
1840 3856 54 22 land

1380 3890 118 27 adjoining
1508 3889 37 20 the
1555 3891 67 21 town,
1641 3892 41 14 can
1693 3892 94 19 procure
1797 3883 54 23 land
1862 3883 34 21 for

1284 3915 2 26 !
1300 3919 38 21 the
1348 3923 96 22 purpose
1452 3916 47 21 free
1511 3915 26 20 of
1547 3916 58 23 rent,
1621 3913 30 24 by
1667 3911 108 26 applying
1784 3913 24 19 to
1818 3910 78 21 James

1284 3937 3 14 1
1300 3944 69 25 Watt,
1383 3943 53 26 Esq.

1945 120 82 21 NE-W
2046 119 170 22 ZEALAND
2233 117 185 23 COMPANY,

1899 153 85 28 Capital,
1999 154 119 25 £100,000,
2134 153 22 21 in
2166 154 56 20 4000
2232 152 80 22 Shares
2322 152 26 21 of
2359 152 46 21 £25
2415 156 63 22 ea«_,

2115 179 28 22 all
2155 179 52 28 paid
2217 187 36 19 up.

1972 214 118 21 Governor
2096 221 5 14 :
2117 214 49 21 The
2176 213 65 22 Earl
2251 220 28 14 or
2289 213 114 21 Durham.

1937 248 90 27 Deputy
2037 247 130 22 Governor:
2183 247 87 22 Joseph
2284 246 84 27 Somsi,
2383 242 52 28 E*q.

2126 281 113 22 Directors
2248 288 5 13 :

1946 306 111 24 Viscount
2068 306 110 30 Ingestre,
2195 307 68 27 M.P.,

1950 335 56 21 Lord
2018 335 72 22 Petre.

1947 361 79 27 Henry
2038 362 28 21 A.
2078 360 121 28 Aglionby,
2213 359 59 26 Esq.,
2284 359 62 24 M.P-

1950 388 59 22 Hon.
2021 388 93 21 Francis
2124 388 90 26 Baring,
2227 387 67 26 M.P.,

1948 415 59 22 John
2020 415 102 22 Ellorker
2132 414 109 26 Boulcott,
2258 414 61 30 Esq.,

1948 443 59 21 John
2020 442 100 22 William
2131 441 92 27 Buckle,
2234 440 60 30 Esq.,

1950 469 87 23 Russell
2047 468 78 27 Ellice,
2137 469 60 27 Esq.,

1949 497 76 22 James
2037 496 85 21 Robert
2132 496 93 27 Gowen,
2234 494 63 32 Es^

1950 523 60 22 John
2023 522 66 23 Hine.
2105 522 58 29 Esq.,

1950 550 98 22 William
2061 549 58 22 Hutt
2139 550 58 27 Esq.,
2209 548 70 28 M.P.,

1950 578 94 21 Stewart
2054 576 164 28 Majoribanks,
2229 576 61 26 Esq.,

1950 605 35 22 Sir
1994 604 99 22 William
2105 602 150 26 Molesworth,
2270 604 68 25 Bart.,
2346 599 70 29 M.P.,

1953 631 128 22 Alexander
2091 630 80 26 Nairn,
2183 630 59 27 Esq.,

1951 658 58 22 John
2022 658 65 26 Pirie,
2101 658 58 26 Esq.,
2173 657 128 24 Ald?rman,

1952 686 33 21 Sir
1995 686 89 24 Geovgi*
2095 684 101 24 Sinclair,
2208 684 67 24 Bart.,
2289 683 72 27 M.P.,

1952 712 58 21 John
2023 712 57 21 Abel
2092 710 79 23 Smith.
2183 711 59 23 Esa.,
2256 710 68 23 M.P..

1952 738 57 22 Win.
2020 739 137 27 Thompson,
2171 738 59 27 Esq..
2243 737 131 22 Aldpvinan.
2387 734 67 27 M.P.,

1952 766 59 21 Hon.
2024 765 56 22 Fred
2091 764 52 22 -rick
2154 765 46 21 Jas.
2220 763 145 27 Poll»mache,
2376 760 68 27 M.P.,

1953 792 94 22 E'lward
2060 791 27 22 G.
2099 791 132 25 Wakefield,
2244 791 59 27 Esq.,

1952 820 35 21 Sir
1999 819 76 25 Henry
2088 818 77 26 Webb,
2178 818 68 26 Bart.,

1954 846 83 21 Arthur
2141 845 58 25 Esq.,

1953 873 87 23 George
2053 871 117 22 Frpd^rick
2180 872 90 26 Young,
2283 871 53 27 Esq.

2009 900 131 24 Secretary:
2156 898 62 21 John
2231 898 81 23 Wvrd.
2326 898 51 24 Esq.

1910 933 78 49 rHE
1998 933 60 21 main
2068 932 99 23 .features
2176 931 25 21 of
2208 931 36 21 the
2253 937 83 22 system
2346 931 25 20 of
2377 928 112 24 coloniza-

1974 961 44 21 tion
2032 958 94 27 adopted
2138 959 28 26 by
2178 959 37 21 the
2228 959 124 26 Company,
2370 964 43 17 aye,
2415 968 27 4 —
2442 956 46 26 -Ist,

1901 988 33 21 die
1946 987 44 22 sale
2000 987 27 21 of
2037 985 71 27 lands,
2124 990 23 16 at
2161 993 28 14 an
2206 985 95 22 uniform
2319 985 44 21 and
2378 982 112 23 sufficient

1901 1015 67 26 price;
1987 1013 45 22 and
2047 1013 75 26 2ndly,
2141 1013 36 21 the
2194 1013 153 27 employment
2363 1010 25 22 of
2402 1017 11 14 a
2427 1009 62 26 large

1901 1042 82 21 portion
1995 1041 25 21 of
2027 1041 38 21 the
2074 1039 210 28 purchase-money,
2297 1046 23 14 as
2332 1046 28 14 an
2372 1037 118 26 Immigra-

1900 1069 43 20 tion
1956 1068 71 21 Fund.
2058 1067 26 21 In.
2097 1067 60 21 these
2168 1071 104 22 respects,
2289 1065 37 22 the
2339 1063 117 30 principles
2467 1063 27 21 of

1903 1095 63 21 South
1983 1093 111 23 Australia
2110 1093 57 21 have
2183 1093 56 21 been
2257 1092 103 22 followed
2374 1098 23 15 as
2411 1089 80 28 nearly

1904 1130 18 13 is
1941 1122 173 21 circumstances
2131 1119 78 26 would,
2230 1120 21 20 in
2270 1119 35 21 the
2325 1121 90 26 present
2431 1124 58 19 case,

1908 1149 77 20 HM'mit.

1925 1182 48 21 The
1987 1181 72 27 grand
2075 1180 73 27 object
2164 1180 27 20 of
2206 1180 36 21 the
2259 1187 55 17 new,
2331 1187 24 12 or
2368 1177 123 27 improved,

1901 1213 80 23 system
1992 1208 26 21 of
2030 1208 37 21 the
2077 1207 97 27 disposal
2190 1207 26 21 of
2233 1206 95 22 colonial
2344 1204 71 26 lands,
2432 1204 19 21 is
2468 1208 23 17 to

1901 1235 96 28 regulate
2013 1234 38 22 thf*
2067 1234 79 27 supply
2162 1234 26 21 of
2204 1241 14 14 n
2223 1242 9 7 u
2235 1241 18 14 w
2269 1233 60 23 land,
2347 1233 29 25 by
2394 1230 36 23 the
2444 1230 48 22 real

1902 1267 67 17 wants
1982 1262 25 20 of
2021 1261 38 21 the
2075 1261 118 25 Colonists,
2210 1269 23 13 so
2250 1260 46 21 that
2313 1260 37 21 the
2366 1258 52 23 land
2434 1258 58 21 shall

1901 1296 66 14 npver
1985 1289 26 21 be
2032 1288 71 21 either
2122 1288 189 27 superabundant,
2335 1295 26 13 or
2378 1285 112 26 deficient,

1900 1316 70 22 either
1986 1320 36 17 too
2040 1316 77 26 cheap,
2136 1322 24 14 or
2180 1319 37 16 too
2236 1314 58 22 dear.
2339 1314 19 21 It
2375 1314 40 20 has
2433 1312 58 21 been

1901 1344 73 20 shown
1986 1343 48 21 that
2044 1343 36 21 the
2092 1342 43 21 due
2149 1342 127 27 proportion
2293 1342 102 20 between
2411 1338 81 28 people

1901 1371 42 21 and
1951 1369 53 22 land
2011 1369 85 27 maybe
2106 1369 126 26 constantly
2240 1368 92 22 secured
2341 1368 29 26 by
2376 1365 116 24 abandon-

1901 1399 37 24 ing
1948 1397 36 21 the
1995 1396 37 22 old
2043 1400 83 23 system
2138 1396 25 20 of
2176 1404 27 12 on
2210 1403 61 16 ants,
2282 1395 44 21 and
2340 1393 113 31 requiring
2461 1399 30 15 an

1901 1425 94 21 uniform
2007 1423 60 27 price
2077 1430 41 19 per
2127 1430 58 19 acre,
2202 1423 32 20 for
2244 1417 28 26 all
2283 1429 50 14 new
2343 1420 72 25 lands,
2427 1419 65 22 with-

1901 1455 38 17 out
1948 1451 125 26 exception.
2105 1449 25 21 If
2141 1449 36 21 the
2189 1449 59 27 price
2259 1449 28 20 be
2303 1453 39 16 not
2359 1451 35 18 too
2408 1446 49 26 low,
2474 1446 19 21 it

1901 1477 72 23 deters
1983 1476 136 27 speculators
2129 1476 56 20 from
2202 1476 117 24 obtaining
2333 1474 61 26 bind,
2411 1472 51 22 with
2479 1481 14 14 a

1901 1505 54 21 view
1966 1508 21 17 to
1996 1503 91 26 leaving
2098 1502 57 22 their
2164 1507 104 23 property
2279 1503 21 20 in
2314 1510 13 13 a
2340 1502 73 21 dosert
2425 1503 66 24 state,

1901 1531 42 21 and
1960 1531 49 21 thus
2023 1533 106 23 prevents
2140 1530 108 26 injurious
2258 1528 123 28 dwpi-v<i'*n
2390 1536 4 18 ;
2410 1527 17 21 it
2436 1526 55 28 also,

1902 1559 27 26 by
1940 1557 135 27 compelling
2084 1564 66 19 every
2158 1556 103 22 labourer
2270 1559 22 17 to
2300 1556 61 21 work
2370 1556 34 20 for
2412 1561 79 19 wages,

1901 1585 55 22 until
1966 1585 28 21 be
2004 1584 42 21 has
2055 1583 67 21 saved
2187 1583 52 27 only
2250 1590 79 14 means
2340 1583 26 20 of
2376 1581 118 25 obtaining

1902 1611 59 26 land,
1972 1611 86 21 insures
2073 1618 13 14 a
2101 1610 80 27 supply
2197 1610 26 21 of
2234 1610 78 22 labour
2328 1610 34 20 for
2376 1608 54 21 hire.
2462 1608 29 26 If,

1902 1646 26 14 on
1941 1638 36 21 the
1988 1637 64 22 other
2062 1637 68 26 hand,
2147 1636 36 22 the
2195 1637 59 23 price
2264 1637 28 21 bp
2301 1641 41 17 not
2354 1640 36 17 too
2399 1634 60 27 high,
2476 1634 19 22 it

1903 1665 84 22 neither
1996 1664 101 22 confines
2108 1663 37 22 the
2156 1664 87 22 settlers
2259 1663 75 22 within
2352 1671 13 13 a
2378 1669 65 20 space
2458 1662 37 21 in-

1903 1691 158 28 conveniently
2077 1698 94 19 narrow,
2190 1698 39 14 nor
2245 1691 53 21 does
2313 1691 18 21 it
2347 1691 94 23 prevent
2455 1688 40 22 the

1903 1719 77 27 thrifty
1994 1719 104 21 labourer
2113 1717 56 22 from
2185 1718 118 22 bcconviisr
2319 1725 12 13 a
2344 1716 150 26 land-owner,

1910 1747 49 21 ifter
1970 1746 100 26 working
2080 1753 61 13 some
2153 1745 53 21 time
2218 1745 33 21 for
2263 1752 80 19 wages.

1932 1781 17 20 A
1997 1780 5 14 f
2002 1780 84 26 ficient,
2104 1779 41 20 but
2164 1782 40 18 not
2223 1785 61 14 more
2305 1778 54 21 than
2380 1775 115 23 sufficient

1905 1808 57 26 price
1975 1807 33 21 for
2021 1806 28 21 all
2065 1813 49 14 new
2129 1805 61 24 land,
2207 1806 18 21 is
2241 1805 36 21 the
2294 1805 61 21 m-iin
2372 1805 84 20 feature
2472 1801 28 22 of

1905 1835 35 21 the
1960 1841 47 14 now
2023 1836 82 21 svstpm
2123 1833 26 20 of
2166 1832 157 22 colonization.
2361 1832 18 20 It
2395 1830 102 21 obviates

1905 1869 65 18 tvery
1982 1857 85 31 sp?c!e=
2082 1860 26 21 of
2121 1859 114 27 bondage;
2255 1859 31 27 by
2300 1857 121 29 providing
2435 1863 62 14 com-

1907 1888 85 21 uinahle
2002 1888 85 24 labour,
2099 1886 17 21 it
2126 1886 92 22 venders
2227 1886 102 26 industry
2340 1891 52 21 vory
2402 1883 95 28 produc-

1907 1916 48 22 tive,
1967 1915 44 21 and
2020 1914 123 21 maintains
2152 1914 53 20 both
2217 1913 53 27 high
2288 1920 79 18 wage,
2383 1911 44 20 and
2442 1909 55 28 high

1907 1942 84 27 profits;
2015 1942 18 21 it
2049 1940 77 22 makes
2145 1940 37 21 the
2201 1940 80 26 colony
2299 1947 23 14 as
2341 1937 114 23 attractive
2473 1944 25 14 as

1907 1968 99 27 possible,
2022 1967 54 22 both
2094 1972 22 16 to
2132 1967 121 27 capitalists
2270 1966 44 21 and
2331 1970 22 17 to
2368 1965 129 24 labourers;

1907 1996 42 19 and
1960 1999 39 16 not
2009 1994 85 25 merely
2104 1997 22 16 to
2137 1994 69 24 these,
2220 1994 40 19 but
2270 1993 54 19 also,
2335 1993 31 24 by
2375 1991 125 22 bestowing

1907 2028 26 13 on
1950 2020 36 21 the
1998 2020 89 25 colony,
2104 2018 37 21 the
2152 2019 74 20 better
2241 2018 118 21 attributes
2374 2015 27 23 of
2417 2022 28 14 an
2461 2013 39 22 old

1907 2048 88 26 society,
2008 2050 23 17 to
2039 2046 63 21 those
2112 2045 48 21 who
2167 2045 58 20 have
2234 2053 10 12 a
2253 2044 92 21 distast-
2354 2044 33 20 for
2395 2041 58 22 what
2458 2041 43 22 has

1908 2074 123 22 heretofore
2040 2073 58 21 been
2110 2072 37 21 the
2162 2072 112 27 primitive
2286 2070 115 23 condition
2413 2069 26 21 of
2449 2075 51 15 new

1909 2101 104 22 colonies.

1934 2135 47 21 The
1990 2137 64 24 great
2065 2133 73 27 object
2148 2132 26 21 of
2186 2132 37 22 the
2232 2131 61 28 price
2301 2132 20 20 is
2335 2135 22 17 to
2372 2136 76 16 secure
2463 2128 39 21 the

1910 2166 56 18 most
1976 2159 108 24 desirable
2094 2160 141 27 proportions
2245 2159 100 21 between
2362 2156 79 29 people
2456 2155 46 22 and

1910 2189 63 25 land;
1988 2189 41 21 but
2039 2187 36 22 the
2087 2187 53 27 plan
2151 2187 41 20 has
2202 2186 37 21 the
2246 2185 87 21 further
2341 2184 70 22 result
2418 2183 26 21 of
2451 2189 52 21 pro-

1910 2216 80 25 'lucing
2001 2224 13 12 a
2023 2221 108 18 revenue,
2148 2213 71 21 which
2237 2212 42 22 will
2296 2217 42 17 not
2354 2210 53 28 only
2421 2208 82 28 supply

1912 2244 34 21 ihe
1959 2242 105 27 requisite
2078 2241 67 26 profit
2161 2245 22 16 to
2199 2240 36 21 the
2251 2238 157 22 shareholders
2422 2237 26 20 of
2463 2236 39 22 the

1911 2271 121 24 Company,
2057 2268 40 21 but
2121 2267 112 22 furnishes
2256 2266 38 22 the
2318 2272 78 16 means
2415 2264 33 21 for
2458 2270 44 25 _an

1913 2296 152 27 Immigration
2077 2294 71 27 Fund,
2151 2307 31 4 —
2184 2302 13 13 a
2204 2293 56 22 fund
2269 2292 128 26 constantly
2406 2290 98 28 applica-

1912 2325 33 20 ble
1963 2328 21 17 to
2001 2323 37 21 the
2055 2329 96 20 purpose
2168 2321 27 21 of
2207 2320 107 27 bringing
2328 2320 81 21 labour
2425 2321 23 17 to
2464 2316 39 22 the

1912 2351 77 25 colony
1990 2362 31 4 —
2024 2349 48 21 that
2087 2349 25 26 is,
2130 2348 22 22 in
2171 2348 94 24 causing
2281 2347 38 21 the
2336 2347 50 20 best
2405 2351 55 15 sort
2480 2343 28 22 of

1912 2377 148 22 colonization
2071 2379 22 18 to
2104 2375 96 26 proceed
2210 2378 22 18 at
2243 2374 38 21 the
2295 2375 99 24 greatest
2406 2370 97 28 possible

1912 2408 52 18 rate.
1994 2403 53 22 And
2056 2402 44 22 this
2107 2403 19 21 is
2134 2402 36 22 the
2178 2401 83 23 second
2271 2401 88 21 feature
2370 2399 25 23 of
2407 2398 37 22 the
2453 2404 52 15 new

1913 2436 88 23 ■system.

1938 2465 47 22 The
1995 2464 155 28 employment
2160 2463 26 21 of
2201 2462 37 22 the
2253 2461 210 28 purchase-money,
2480 2464 27 15 or

1913 2493 35 21 rhe
1959 2491 108 28 principal
2077 2494 50 24 part
2138 2490 25 21 of
2174 2490 24 24 it,
2210 2490 21 21 in
2244 2488 127 27 convoying
2381 2485 86 23 settlers
2481 2488 24 18 to

1914 2519 34 23 the
1960 2519 87 26 colony,
2059 2518 41 21 has
2110 2517 37 22 the
2157 2517 115 25 following
2282 2516 85 21 effects.
2397 2512 20 22 Tt
2428 2512 78 21 makes

1915 2547 34 21 tlie
1964 2546 132 27 purchasers
2112 2544 26 21 of
2154 2544 53 21 land
2223 2551 35 14 sco
2274 2542 94 28 plainly,
2384 2540 48 21 that
2448 2539 59 20 their

1915 2580 79 19 •noney
2004 2572 43 21 will
2058 2572 28 21 be
2096 2570 107 23 returned
2214 2570 21 21 in
2251 2570 38 21 tho
2303 2569 69 25 shape
2387 2566 25 21 of
2426 2565 81 22 labour

1919 2600 38 22 md
1966 2598 138 29 population.
2137 2598 19 21 It
2166 2597 72 27 tends,
2254 2597 22 21 in
2289 2596 52 26 fact,
2359 2599 21 17 to
2389 2594 67 21 lower
2468 2592 38 21 the

1915 2634 114 19 necessary
2049 2624 106 22 standard
2176 2624 26 21 of
2218 2624 67 26 price,
2301 2624 104 23 because,
2425 2620 52 21 with
2493 2626 15 15 a

1914 2657 102 18 constant
2025 2652 72 21 influx
2109 2651 25 21 of
2147 2650 77 23 neonle
2235 2654 21 17 to
2268 2649 37 22 the
2317 2649 88 25 colony,
2415 2646 36 22 the
2462 2645 45 22 due

1915 2685 125 21 proportion
2049 2685 99 15 Between
2156 2683 79 21 people
2243 2677 45 20 and
2296 2676 55 21 land
2359 2681 51 20 may
2416 2674 28 21 be
2451 2673 56 27 kept

1915 2715 27 19 •ip
1951 2707 30 20 by
1992 2714 12 14 a
2014 2706 68 21 lower
2092 2705 67 26 price,
2173 2704 53 21 than
2237 2704 20 21 if
2270 2703 63 21 there
2345 2709 57 15 were
2411 2708 29 14 no
2450 2699 56 22 such

1915 2733 160 27 immigration.
2096 2732 21 21 Tt
2129 2731 110 22 therefore
2246 2729 132 23 diminishes
2385 2727 38 22 the
2429 2725 79 29 period

1922 2761 73 26 luring
2004 2759 72 22 which
2088 2759 37 21 the
2135 2758 104 22 labourer
2253 2761 60 18 must
2326 2756 62 22 work
2403 2754 33 21 for
2450 2753 57 27 hire,

1920 2787 39 22 md
1968 2788 29 27 by
2009 2786 37 22 the
2061 2786 62 26 rapid
2140 2793 101 18 progress
2256 2784 73 22 winch
2345 2784 18 21 it
2376 2783 94 26 imparts
2485 2784 23 17 to

1924 2815 28 21 he
1962 2815 49 21 best
2020 2817 47 18 sort
2075 2813 27 21 of
2114 2812 156 25 colonization,
2287 2811 16 21 it
2319 2809 103 29 explains
2437 2811 23 18 to
2469 2806 39 23 th*

1917 2841 116 25 labouring
2042 2841 56 21 class
2110 2840 25 20 of
2141 2840 149 26 immigrants,
2301 2838 50 21 that
2361 2842 66 20 every
2435 2841 43 14 one
2486 2833 26 22 of

1918 2869 58 21 them
1990 2863 49 26 wlio
2056 2867 19 21 is
2091 2866 137 22 industrious
2246 2866 44 21 and
2308 2864 87 27 thrifty,
2413 2868 51 19 may
2480 2861 30 21 be

1920 2904 45 14 sure
1975 2899 22 17 to
2007 2895 93 21 become
2114 2897 40 18 not
2169 2892 84 28 merely
2270 2899 27 14 an
2315 2897 77 16 owner
2406 2888 26 22 of
2446 2888 63 26 land,

1917 2924 38 21 but
1971 2922 47 22 also
2035 2921 23 21 in
2077 2921 36 21 his
2134 2924 59 21 turn,
2214 2927 28 14 an
2265 2918 116 28 employer
2399 2916 27 21 of
2445 2914 66 23 hired

1917 2951 120 24 labourers,
2049 2956 13 14 a
2070 2951 84 19 master
2164 2947 27 21 of
2201 2950 108 18 servants.

1944 2984 64 21 From
2020 2982 62 21 these
2093 2980 183 25 considerations,
2293 2979 38 21 the
2343 2979 116 23 Company
2468 2974 44 21 has

1922 3010 89 28 idopted
2032 3008 37 22 the
2087 3015 61 14 same
2165 3010 81 23 system
2267 3005 26 21 of
2308 3005 116 26 disposing
2439 3002 27 21 of
2481 3004 31 19 its

1920 3041 62 17 .vaste
1994 3035 74 26 lands,
2084 3041 24 14 as
2124 3033 40 21 has
2180 3032 90 27 already
2284 3030 87 28 proved
2385 3029 78 26 highly
2476 3029 35 20 fa-

1919 3063 102 22 vourable
2037 3066 22 16 to
2074 3060 37 21 the
2126 3059 183 28 productiveness
2325 3057 27 21 of
2368 3055 103 26 industry
2485 3061 24 15 in

1918 3090 66 21 South
1997 3087 121 23 Australia.
2148 3086 28 21 In
2187 3093 13 14 a
2212 3092 48 14 new
2272 3084 90 26 colony,
2378 3081 93 29 planted
2485 3088 25 14 in

1922 3125 7 12 i
1938 3116 72 22 fertile
2021 3114 45 22 and
2082 3113 115 22 extensive
2214 3112 111 25 territory,
2342 3111 19 21 it
2374 3110 20 22 is
2409 3108 101 26 obvious,

1918 3144 46 21 that
1983 3141 37 22 the
2037 3139 171 24 establishment
2224 3139 25 21 of
2265 3137 56 23 such
2338 3145 12 14 a
2366 3139 82 26 system
2463 3142 19 14 is
2498 3141 14 15 a

1919 3174 76 17 witter
2013 3168 26 21 of
2058 3167 37 22 the
2113 3167 90 27 deepest
2222 3169 102 18 moment
2342 3169 23 17 to
2382 3162 38 22 the
2435 3162 76 21 future

1923 3196 81 22 velfave
2016 3195 27 22 of
2056 3194 92 27 society.
2283 3193 17 21 it
2317 3192 38 21 the
2371 3191 49 22 best
2435 3188 77 22 effects

1924 3231 43 16 nay
1978 3222 51 21 with
2040 3221 132 22 confidence
2182 3221 28 21 be
2221 3218 150 28 anticipated:
2388 3224 13 14 a
2408 3218 104 20 constant

1922 3260 4 5 •
1932 3250 27 21 •id
1970 3249 90 20 rorrninr
2068 3248 82 26 aunnly
2161 3247 26 21 of
2199 3254 48 14 new
2256 3246 54 21 land
2322 3246 23 21 in
2362 3244 43 22 due
2420 3248 92 21 propor-

1917 3278 46 22 tion
1973 3280 22 19 to
2004 3276 40 23 the
2064 3278 70 19 wants
2144 3274 26 22 of
2181 3281 13 14 a
2202 3273 131 29 population
2347 3269 126 27 increasing
2482 3268 32 27 by

1918 3305 68 21 births
1995 3304 45 21 and
2057 3302 164 26 immigration;
2240 3301 30 20 all
2285 3299 37 22 the
2340 3298 135 25 advantages
2489 3299 24 17 to

1919 3331 68 22 which
1998 3330 103 22 facilities
2111 3329 27 21 of
2148 3332 113 23 transport
2269 3327 44 21 and
2321 3325 191 22 communication

1922 3367 31 13 ire
1964 3356 104 23 essential
2076 3365 6 17 ;
2099 3356 111 25 certainty
2225 3354 25 21 of
2260 3353 78 26 limits,
2355 3350 46 23 and
2415 3352 98 22 security

1918 3386 24 21 of
1953 3385 48 22 title
2012 3388 23 18 to
2045 3386 106 25 property
2161 3382 22 21 in
2199 3381 66 23 land;
2281 3379 38 22 tlie
2330 3380 98 25 greatest
2441 3378 71 19 facili-

1918 3413 41 22 ties
1968 3419 27 14 on
2007 3410 118 28 acquiring
2134 3409 38 22 the
2184 3408 43 21 due
2237 3407 117 28 quantity;
2369 3404 38 22 the
2416 3404 99 25 greatest

1919 3441 188 24 encouragement
2121 3440 22 17 to
2154 3434 149 27 immigration
2317 3432 47 22 and
2373 3431 127 22 settlement
2506 3436 6 18 ;

1924 3466 38 22 md
1978 3466 36 21 the
2031 3468 58 18 most
2102 3462 64 28 rapid
2181 3468 103 22 progress
2299 3459 27 21 of
2342 3459 38 21 the
2394 3458 79 27 people
2488 3462 24 15 in

1920 3492 98 23 material
2029 3491 95 22 comfort
2134 3489 44 22 and
2190 3487 66 23 social
2268 3487 173 26 improvement.

2051 3517 19 13 \_
2392 3521 3 2 ■
2469 3518 39 4 —

1922 3543 225 53 SHATTLEY,
2159 3542 76 23 C't'ler
2245 3540 45 22 and
2300 3539 55 22 Gun
2366 3537 78 25 Smith,
2455 3536 55 26 begs

1962 3585 9 10 .
1996 3576 58 19 in-»rt
2065 3579 33 14 re*
2108 3569 101 27 jectf'illy
2224 3572 20 17 to
2261 3567 84 21 Infor-n
2355 3565 39 23 the
2404 3563 74 27 public
2489 3562 26 20 of

1922 3601 78 21 W-'llin
2009 3603 32 21 ito
2051 3607 15 15 i,
2077 3598 50 21 that
2136 3597 28 21 he
2183 3596 41 21 has
2243 3602 27 13 co
2279 3598 114 17 nmencett
2411 3593 101 19 business

1922 3635 52 14 near
1985 3631 20 18 to
2016 3626 38 21 the
2066 3626 24 20 St
2099 3631 29 14 ire
2140 3623 26 22 of
2182 3622 44 21 Mr.
2240 3621 98 24 Rhodes,
2350 3618 45 23 and
2404 3618 69 26 hopes
2482 3618 30 24 by

1923 3653 104 27 punctual
2038 3650 135 23 attendance
2185 3649 44 20 and
2239 3648 118 21 moderate
2371 3645 98 25 charges,
2489 3645 23 17 to

1923 3681 64 21 merit
2003 3687 13 14 a
2034 3679 64 21 share
2115 3676 26 22 of
2154 3675 59 22 their
2228 3678 124 24 patronage
2363 3673 45 21 and
2418 3673 97 24 support.

2029 3732 100 21 BILLS
2144 3731 43 20 OF
2202 3725 209 25 EXCHANGE.

1926 3767 163 51 PRINTED
2106 3766 104 22 FORMS
2226 3765 59 21 FOR
2301 3763 80 22 SALE
2396 3760 41 22 AT
2451 3756 64 25 THE

1997 3793 111 24 OFFICE
2124 3793 38 21 OF
2178 3792 73 22 THIS
2268 3789 110 23 PAPER.

1951 3821 131 24 November
2091 3822 21 23 4,
2126 3821 62 21 1840.

1925 3876 71 50 ON
2012 3875 86 24 SALE,
2115 3878 22 18 at
2147 3873 44 22 this
2202 3873 78 26 Office,
2292 3871 49 23 files
2351 3869 26 24 of
2387 3867 38 24 the

2002 3902 103 22 Zealand

2107 3928 78 25 Office,
2197 3926 58 22 Nov.
2266 3927 33 25 28,
2312 3925 61 21 1840.
