4180 5880
1912 1598 57 32 IN
1998 1598 256 32 MEMORIAM.

1865 1655 255 28 Coop.—Geitrnde
2166 1653 86 34 Ruth,
2290 1653 90 27 infant

1827 1694 135 38 daughter
1974 1695 29 27 of
2015 1693 119 29 Thomas
2154 1692 54 29 and
2236 1698 94 23 fcmma
2345 1693 32 27 A.

1828 1734 84 39 Coop,
1919 1735 59 28 who
1984 1734 15 29 d
2006 1734 40 29 ied
2055 1734 66 29 26th
2127 1732 168 36 November,
2301 1732 78 41 1893.

1876 1786 38 20 See
1924 1785 80 22 Israel's
2015 1785 76 21 Gentle
2100 1784 107 27 Shepherd
2216 1783 71 22 stands

1900 1814 59 32 Wjdh
1970 1813 137 26 all-engaging
2116 1813 87 21 charms.

1877 1842 70 22 Hark!
1963 1843 53 20 Now
2029 1842 31 20 He
2071 1842 48 20 calls
2130 1848 38 14 our
2177 1839 73 23 tender
2258 1838 63 28 lamb,

1901 1870 46 20 Ami
1959 1870 53 20 folds
2024 1869 35 21 her
2069 1870 20 20 in
2100 1869 39 21 His
2147 1876 61 13 arms.

1846 1961 150 38 Mount
2040 1960 158 46 Benger
2241 1958 116 38 Mail.

1919 2059 97 29 JUST
2040 2059 73 29 AND
2137 2059 96 29 FEAR

1892 2162 116 27 FRIDAY,
2022 2161 163 23 NOVEMBER
2203 2161 31 26 26,
2257 2161 54 21 1897.

1891 2257 150 42 Juvenile
2069 2256 230 53 Delinquents.

1813 2339 1 41 j
1828 2344 23 26 A
1875 2342 215 32 Parliamentary
2110 2351 91 27 paper,
2223 2340 84 37 being
2329 2340 46 28 tliG

1813 2381 1 40 I
1826 2382 98 30 annual
1946 2385 90 36 report
2058 2382 28 27 ->f
2110 2382 45 28 the
2188 2381 88 29 South
2308 2382 52 27 Aus-

1813 2410 109 47 |t'vili»n
1967 2423 77 29 State
2084 2423 9 24 (
2106 2422 133 29 h'hlren's
2288 2420 71 30 Coun-

1827 2464 31 28 cil
1888 2471 27 21 to
1935 2461 2 40 ■
1954 2461 3 40 i
1968 2464 31 27 he
2039 2461 172 40 Legislature
2256 2462 29 28 of
2317 2462 17 28 t!
2348 2465 28 25 at

1813 2502 1 38 j
1826 2505 106 35 c'llniiv,
1968 2504 84 28 which
2096 2505 45 27 lit-.s
2180 2504 66 27 been
2286 2502 89 29 tabled

1813 2542 1 39 I
1827 2547 24 25 in
1870 2545 43 28 Hse
1933 2545 89 27 House
2035 2544 29 27 of
2087 2542 239 39 l't-'prosi'titatives
2348 2550 24 20 at

1813 2583 1 38 i
1831 2585 177 36 Wellington,
2035 2584 87 28 slr>w«
2152 2584 59 28 that
2234 2584 26 27 in
2290 2583 85 29 South

1813 2624 1 38 !
1830 2626 132 28 Anstr;ili-i
1980 2626 45 27 the
2049 2624 96 38 people
2167 2624 51 28 and
2249 2624 45 28 the
2321 2624 36 28 Go-

1829 2678 38 15 voi
1877 2674 91 19 innonf
2002 2676 45 17 are
2080 2665 68 27 fiillv
2180 2664 69 28 alive
2276 2670 27 21 to
2331 2664 45 28 the

1813 2711 1 32 :
1827 2711 132 23 fil.-iriuiuv
1973 2716 118 18 increase
2101 2716 25 17 in
2135 2711 123 32 juveni!'*
2268 2716 109 17 criniin-

1813 2746 1 38 I
1826 2749 43 26 alif
1878 2758 14 16 v
1907 2748 29 27 of
1947 2748 52 27 lare
2013 2758 43 18 vt.vi
2063 2757 33 18 vs.
2140 2752 15 21 ,-\
2164 2747 107 32 de^iiat'
2277 2746 4 38 1
2295 2746 70 35 legis-

1813 2786 1 37 '.
1830 2789 29 26 !al
1869 2789 39 26 ii»n
1925 2788 20 28 is
2014 2788 32 27 be
2074 2787 34 28 i:i!
2117 2786 115 29 roduerd
2262 2794 26 20 to

1829 2829 60 26 wiili
1907 2829 44 26 the
1966 2828 49 27 evil
2032 2828 146 27 sr:!it'\v!iar
2196 2838 32 16 on
2246 2828 35 26 Hit
2286 2828 4 27 1
2305 2838 73 17 sain:'

1813 2867 1 34 ;
1828 2869 66 27 lines
1909 2879 28 18 as
1952 2869 43 27 th<j
2012 2867 44 28 bill
2075 2873 25 22 to
2117 2868 22 27 b-
2144 2878 6 8 1
2166 2867 119 33 bivnu'ht
2300 2867 24 29 in
2343 2868 34 27 bv

1829 2909 3 34 i
1842 2912 21 23 in
1870 2909 3 34 l
1891 2910 116 29 Prejiri'M"
2023 2910 23 27 iii
2063 2921 49 15 •''!!•
2140 2909 41 34 Pai
2192 2909 118 34 liaujont,
2326 2909 50 28 and

1813 2950 1 37 1
1830 2952 65 26 fi'cni
1913 2952 34 25 rio
1951 2964 7 5 j
1974 2958 60 18 t'.ite
2049 2951 28 26 oi'
2089 2951 33 26 l.!e
2145 2950 128 26 e.)t;ue.!'s
2286 2958 87 29 ivpurl

1813 2990 1 37 -
1828 2992 17 26 ir
1880 2991 21 28 i-;
1934 2991 110 28 (vi''ei;f
2086 2990 45 27 )!;<>
2165 3000 114 27 ivpresn
2294 3001 22 16 »n
2352 2995 23 22 oi

1827 3043 71 16 r:vi'i
1913 3032 23 26 ili
1940 3044 5 6 j
1960 3041 81 18 crime
2071 3031 49 26 will
2150 3031 31 27 be
2211 3030 102 27 cjtiaied
2331 3038 42 20 on'

1831 3084 14 15 w
1856 3083 35 16 i!::
1903 3085 12 14 a
1929 3083 63 24 very
2007 3073 56 26 liria
2083 3070 1 37 ;
2100 3071 61 28 ai'tl.
2204 3071 56 28 Tlie
2275 3070 44 29 foil
2336 3082 32 16 >\v-

1830 3113 45 34 i'':g
1893 3123 103 20 f/i'MVi:-ii
2006 3123 44 17 'ilS.
2068 3111 3 36 ;
2079 3111 2 36 :
2088 3111 3 36 t
2121 3111 90 28 addilil
2220 3123 21 15 ill
2260 3118 26 21 to
2301 3120 6 19 !
2315 3112 63 27 IIOSC

1828 3154 108 26 :drc;ii'v
1963 3153 25 26 in
2018 3153 14 26 f.
2041 3163 10 14 >'
2061 3163 37 17 (•»•-.
2124 3152 68 26 havo
2221 3159 64 20 been
2314 3152 64 28 sii>_r-

1813 3191 1 40 j
1980 3192 32 25 be
2028 3191 126 28 iueiud'-d
2171 3192 23 27 in
2208 3202 32 17 an
2258 3192 103 27 Aniend-

1813 3231 1 38 i
1825 3233 50 36 ing
1987 3233 20 26 -
2013 3231 4 38 ]
2023 3231 4 38 i
2033 3231 4 38 i
2043 3231 3 38 i
2052 3231 4 38 v
2063 3231 3 38 I
2074 3231 2 38 •
2086 3231 42 38 t-!!'
2133 3243 11 14 s
2163 3231 65 28 hill:
2232 3248 35 3 —

1852 3286 18 20 1.
1887 3285 53 21 Powe
1966 3284 30 20 fur
2006 3283 36 21 the
2050 3283 64 26 police
2123 3285 21 18 to
2153 3290 53 13 warn
2215 3283 90 21 children
2314 3283 47 21 und<
2369 3290 9 13 r

1900 3325 10 13 a
1921 3317 51 20 fixed
1982 3323 35 19 age
2030 3316 63 19 found
2107 3316 17 19 in
2141 3316 35 20 the
2194 3317 73 20 streets
2282 3317 21 19 at
2319 3316 59 25 night

1900 3354 22 18 to
1936 3359 24 18 go
1980 3351 66 24 home,
2064 3351 47 25 arid,
2126 3351 16 20 if
2159 3357 111 20 necessary,
2290 3352 22 19 to
2330 3351 48 20 take

1900 3387 57 20 them
2038 3384 4 27 ;
2060 3385 41 20 also
2111 3392 69 18 power
2187 3389 20 16 to
2214 3384 74 27 punish
2297 3387 81 23 parents

1900 3421 44 19 who
1954 3419 86 26 wilfully
2050 3419 58 21 allow
2120 3419 92 21 chi'.dren
2229 3422 20 18 to
2269 3419 24 21 be
2311 3419 20 20 in
2343 3419 34 21 the

1900 3457 72 19 streets
1982 3455 53 19 after
2046 3455 34 20 the
2091 3455 52 19 hour
2153 3454 61 21 fixed.

1851 3490 19 21 2.
1887 3490 83 25 Making
1980 3490 14 19 it
2006 3489 58 26 penal
2075 3489 32 20 for
2121 3496 39 18 any
2176 3495 72 20 person
2265 3490 21 18 to
2303 3488 74 27 supply

1898 3525 82 21 tobacco
1988 3525 20 21 in
2018 3533 39 18 .any
2067 3525 52 21 form
2131 3527 21 19 to
2166 3534 11 11 a
2188 3525 61 21 child.

1882 3561 83 25 Making
1973 3561 16 20 it
1999 3561 58 26 penal
2068 3561 32 20 for
2105 3568 39 18 any
2153 3568 71 18 person
2234 3563 20 17 to
2265 3560 34 21 bet
2307 3561 20 20 iu
2335 3568 40 18 any

1897 3605 43 17 way
1950 3597 48 20 with
2008 3603 12 14 a
2031 3596 62 21 child.

1846 3633 18 21 4.
1879 3633 29 19 To
1919 3632 83 26 prevent
2018 3631 35 21 the
2068 3632 40 19 sale
2125 3631 21 20 to
2164 3638 23 12 or
2201 3631 26 26 by
2244 3631 92 20 children
2354 3631 22 21 of

1894 3668 79 23 impure
1982 3667 40 20 and
2030 3666 143 24 demoralising
2181 3666 114 21 literature.

1847 3704 20 21 5.
1883 3703 71 20 Power
1964 3702 31 20 for
2012 3702 127 26 magistrates
2155 3701 57 21 when
2230 3701 81 27 dealing
2327 3702 49 20 with

1894 3737 90 28 juvenile
1995 3737 138 26 delinquents,
2145 3736 20 22 in
2177 3736 95 22 addition
2284 3739 21 19 to
2315 3738 50 20 exist-

1894 3774 33 24 ing
1939 3772 98 23 methods,
2050 3775 20 17 to
2080 3772 40 21 fine
2131 3772 35 21 the
2179 3772 54 20 child
2245 3772 39 20 and
2297 3772 79 27 require

1898 3808 36 19 the
1953 3809 74 23 parent
2045 3810 21 16 to
2084 3809 110 22 guarantee
2213 3809 97 22 payment
2329 3807 20 20 in
2366 3814 10 14 a

1894 3842 58 24 lump
1963 3849 43 13 sum
2025 3849 22 13 or
2063 3842 25 26 by
2105 3842 136 25 instalments,
2265 3842 59 20 order
2341 3842 35 21 the

1894 3878 54 20 child
1959 3880 21 17 to
1990 3878 23 19 be
2025 3878 94 24 whipped
2129 3884 23 13 or
2167 3877 81 26 require
2260 3878 34 19 the
2305 3880 71 24 paient

1895 3914 22 18 to
1931 3912 44 24 give
1992 3913 88 24 security
2095 3911 31 20 for
2146 3911 30 20 his
2190 3910 51 26 good
2256 3911 112 23 behaviour

1896 3948 58 19 order
1965 3947 34 21 the
2006 3947 54 20 child
2068 3949 21 18 to
2096 3946 23 21 bo
2126 3951 45 16 sent
2180 3950 20 16 to
2208 3954 11 12 a
2227 3947 147 28 probationary

1899 3980 75 21 school.

1823 4020 87 28 These
1924 4018 153 39 provisions
2096 4028 45 17 are
2164 4018 153 35 suggested
2338 4020 35 27 bv

1823 4061 45 28 the
1882 4058 106 31 council
2003 4059 68 28 from
2089 4058 45 29 the
2160 4057 56 29 fact
2243 4058 60 29 that
2329 4059 46 30 the

1824 4101 112 28 evident
1957 4100 119 27 increase
2091 4100 29 26 of
2134 4098 119 36 juvenile
2267 4099 93 29 crimin-

1822 4141 65 36 ality
1916 4140 22 27 is
1965 4138 103 40 largely
2097 4137 52 29 due
2182 4143 27 22 to
2237 4138 84 36 laxity
2348 4140 28 28 of

1823 4179 123 41 parental
1972 4178 103 30 control
2103 4177 52 29 and
2183 4179 124 37 parental
2332 4180 28 29 in-

1813 4217 1 33 \
1824 4221 146 29 difference
1980 4224 28 23 to
2017 4219 46 28 the
2074 4219 118 28 conduct
2203 4219 28 27 of
2241 4219 132 31 children.

1813 4259 1 43 j
1823 4262 136 34 Truancy,
1974 4261 46 27 the
2034 4259 103 28 council
2152 4269 45 16 are
2211 4259 30 28 of
2253 4261 121 35 opinion,

1813 4298 1 39 i
1823 4301 22 28 is
1859 4311 14 17 a
1888 4298 188 30 considerable
2096 4299 89 26 factor
2204 4299 26 26 in
2253 4299 121 38 juvenile

1824 4341 93 34 crime,
1929 4340 55 28 and
2005 4340 27 27 in
2060 4343 44 25 too
2131 4348 79 28 many
2237 4339 138 31 instances

1825 4383 68 37 boys
1920 4382 110 28 become
2042 4379 150 29 confirmed
2206 4384 107 25 truants
2328 4382 32 28 be-

1823 4431 81 19 cause
1929 4421 71 27 their
2027 4426 111 31 ptirenls
2171 4430 60 16 care
2256 4421 119 38 nothing

1823 4462 85 29 about
1933 4459 74 30 them
2032 4457 146 40 attending
2198 4459 101 30 school.
2340 4461 31 28 In

1824 4503 67 29 New
1907 4500 117 31 Zealand
2039 4510 40 18 we
2098 4500 68 27 have
2179 4510 15 17 a
2208 4501 111 37 remedy
2333 4501 42 30 for

1825 4543 54 29 this
1893 4546 71 25 s'.ate
1976 4541 30 28 of
2018 4540 95 36 tilings
2127 4540 25 27 in
2180 4539 45 30 the
2252 4541 77 28 office
2347 4541 28 30 of

1824 4583 48 30 the
1884 4584 95 27 truant
1992 4581 147 36 inspector,
2155 4580 54 29 and
2223 4581 46 28 the
2282 4581 91 29 duties

1825 4624 29 28 of
1867 4623 60 28 that
1941 4621 77 28 office
2030 4619 99 29 should
2155 4621 33 27 be
2209 4621 164 38 discharged

1825 4661 162 42 rigorously.
2033 4659 58 29 The
2122 4660 129 29 council's
2283 4669 93 31 report

1825 4715 66 28 goes
1902 4713 34 18 on
1948 4708 28 22 to
1987 4704 71 25 state
2095 4704 27 24 to
2132 4703 122 35 parental
2264 4703 110 36 neglect

1824 4746 23 28 in
1860 4744 55 30 due
1927 4743 47 28 the
1987 4741 119 38 practice
2126 4741 133 37 indulged
2284 4741 26 29 iu
2339 4742 35 37 by

1825 4792 146 22 numerous
1991 4781 121 29 children
2138 4781 28 28 of
2192 4781 122 37 running
2328 4782 47 29 the

1825 4829 98 25 streets
1936 4823 26 28 in
1977 4822 46 28 the
2032 4821 134 37 evenings
2176 4821 53 28 and
2242 4821 69 28 until
2322 4821 54 29 lute

1824 4870 30 24 at
1867 4863 80 39 night
1960 4862 42 28 for
2014 4861 47 29 the
2075 4870 117 29 purpose
2206 4859 29 31 of
2248 4861 127 40 begging

1824 4905 53 30 and
1893 4903 139 40 pilfering.
2071 4901 89 29 These
2173 4901 69 38 boys
2256 4902 117 35 (truants

1824 4944 55 32 and
1893 4948 85 26 btreet
1992 4945 124 32 runners)
2134 4941 56 28 mix
2210 4941 65 28 with
2296 4942 79 28 other

1825 4986 54 29 and
1893 4984 104 29 vicious
2010 4982 77 36 boys,
2098 4981 60 28 who
2168 4981 118 28 instruct
2299 4981 74 29 them

1823 5026 28 27 in
1865 5032 82 30 many
1960 5022 73 29 vices
2046 5020 132 39 indvlged
2192 5019 28 30 in
2236 5021 34 38 by
2284 5021 75 29 them
2368 5039 5 5 •

1825 5065 106 33 selves;
1951 5061 63 39 they
2030 5061 73 38 sleep
2116 5066 48 25 out
2176 5066 30 25 at
2214 5062 95 38 nights
2319 5063 54 28 and

1823 5102 155 37 eventually
1988 5101 112 30 become
2108 5101 167 30 criminals.'*
2307 5102 50 29 Par-

1823 5143 75 30 ental
1929 5141 118 40 neglect,
2092 5147 74 24 want
2196 5143 29 29 of
2257 5145 116 35 control,

1824 5188 125 33 truancy,
1964 5187 116 35 vagrant
2092 5183 187 38 employment
2294 5184 77 35 (such

1822 5233 31 20 as
1866 5222 87 30 bottle
1972 5223 164 40 gatherers),
2150 5224 114 28 tobacco
2279 5225 74 29 smok-

1823 5264 59 39 ing,
1895 5262 111 40 betting
2025 5264 146 38 (indulged
2191 5265 29 28 in
2246 5265 36 37 by
2303 5265 69 38 boys

1822 5304 31 30 of
1864 5303 72 30 from
1949 5307 48 26 ten
2009 5313 79 29 years
2109 5304 127 39 upwards
2249 5315 35 19 on
2298 5305 73 29 what

1821 5354 47 20 are
1882 5343 100 31 known
1992 5354 29 20 as
2060 5345 77 39 place
2147 5348 71 26 totes
2282 5345 90 31 desire

1822 5385 45 29 for
1877 5383 77 38 froit,
1967 5383 96 38 lollies,
2084 5390 54 24 etc.
2152 5385 101 34 (which
2276 5396 95 19 causes

1821 5427 79 37 petty
1912 5423 146 42 thieving),
2078 5425 105 37 bicycle
2203 5425 93 40 riding
2316 5427 55 38 (for

1813 5464 1 41 :
1820 5464 90 30 which
1924 5465 69 39 boys
2007 5466 52 29 will
2073 5466 36 30 do
2128 5466 137 39 anything
2279 5472 29 24 to
2321 5467 32 29 ob-

1821 5504 56 30 tain
1892 5514 96 30 nosey
2002 5508 29 27 to
2042 5506 59 28 hire
2119 5505 139 29 machines
2272 5506 36 38 by
2322 5506 48 30 the

1821 5544 92 39 ho«r),
1936 5545 55 31 and
2015 5545 184 40 immorality:
2220 5546 77 30 these
2322 5558 47 18 are
2383 5544 1 41 i

1820 5590 50 33 put
1884 5585 78 29 down
1976 5597 29 16 as
2019 5587 46 28 the
2078 5597 94 18 causes
2188 5587 86 27 which
2289 5587 80 29 make
2383 5581 1 42 !

1821 5625 67 38 boys
1912 5625 148 38 criminals,
2082 5626 54 28 and
2157 5626 29 28 in
2211 5625 157 31 conclusion
2382 5625 2 38 |

1819 5665 48 30 the
1877 5666 108 30 council
1997 5670 85 28 states
2136 5667 61 29 that
2217 5667 48 29 the
2287 5663 97 44 ques-!

1818 5707 57 28 tion
1888 5706 29 30 of
1930 5706 47 30 the
1990 5707 120 31 increase
2123 5708 55 28 and
2192 5708 127 29 decrease
2338 5709 30 28 of
2381 5704 3 45 {

1814 5745 122 41 juvenile
1963 5747 163 43 criminality
2152 5747 124 44 depends
2300 5757 66 32 very
2381 5745 2 46 '

2401 166 82 29 much
2496 177 74 29 upon
2584 168 48 28 the
2654 168 139 27 economic
2813 165 141 30 condition

2401 208 29 28 of
2453 208 48 29 the
2530 208 179 35 community,
2730 207 44 28 for
2798 206 70 37 boys
2900 204 55 29 and

2403 248 101 38 youths
2513 248 62 29 who
2585 248 57 28 find
2655 247 134 37 difficulty
2808 246 28 28 in
2847 245 94 29 obtain-

2403 289 50 37 ing
2465 288 197 38 employment,
2676 288 55 27 and
2745 297 46 18 are
2804 284 152 40 compelled

2404 333 28 24 to
2445 329 55 28 idle
2513 328 73 29 their
2607 328 67 29 time
2699 337 86 27 away,
2812 336 45 19 are
2883 336 74 18 move

2404 369 86 39 likely
2511 373 29 24 to
2562 368 74 39 yield
2659 372 28 25 to
2713 368 163 38 temptation
2890 366 67 28 than

2405 410 79 29 those
2497 411 27 26 in
2539 409 110 38 regular
2667 408 105 29 work/'
2812 408 66 27 This
2892 417 65 25 very

2406 450 103 29 serious
2523 449 141 39 summing
2685 459 36 28 up
2742 448 105 38 applies
2861 446 97 39 chiefly

2407 496 28 23 to
2450 491 47 28 the
2511 490 155 29 conditions
2687 490 121 37 existing
2828 489 28 28 in
2882 488 77 36 large

2407 531 55 28 and
2476 530 191 29 overcrowded
2680 534 97 30 towns,
2791 530 47 27 but
2850 538 96 28 expres-

2408 571 74 28 sions
2496 571 29 29 of
2538 573 68 27 such
2625 581 85 28 grave
2731 570 100 38 import
2844 580 46 17 are
2903 579 42 18 cer-

2411 611 84 38 tainly
2508 611 107 38 worthy
2629 611 29 28 of
2671 610 47 28 the
2731 609 137 29 attention
2881 609 30 28 of
2924 608 35 28 all

2411 651 59 30 who
2483 651 71 31 hare
2575 651 47 30 the
2642 649 106 31 control
2760 650 30 30 of
2803 649 122 30 children
2928 665 34 5 —

2410 693 46 28 the
2469 692 93 29 future
2574 692 73 39 hop*
2666 692 30 28 of
2715 691 48 28 the
2777 691 119 28 colonies
2898 707 36 4 —
2935 690 27 27 in

2410 731 72 30 their
2493 731 113 40 charge.

2435 828 34 22 Mr
2478 827 28 23 H.
2519 827 73 22 Baittie
2601 827 38 22 kM
2647 827 51 22 been
2714 827 114 22 re-elected
2845 825 120 28 unopposed

2410 867 71 22 mayor
2487 862 24 21 of
2520 861 114 27 Roxburgh
2649 861 41 22 tod
2700 860 34 23 Mr
2742 860 45 24 Jm.
2798 860 89 23 Kelman
2897 865 70 21 mayor

2410 895 23 22 of
2440 895 127 23 Alexradm.

2436 936 30 22 At
2475 935 36 22 the
2521 935 87 23 Wißtoo
2619 941 57 17 mom
2690 933 92 29 recently
2791 933 59 23 there
2862 940 52 14 were
2924 934 41 20 two

2411 979 49 20 very
2483 971 128 28 respectable
2636 971 108 23 ditidoad*
2765 978 22 14 as
2807 970 36 22 the
2861 969 65 22 result
2946 969 21 21 of

2579 1006 83 28 namely
2674 1006 45 23 £4B
2735 1005 24 22 6b
2775 1012 26 15 on
2820 1005 54 21 Pain
2892 1005 21 20 iu
2931 1003 36 22 the

2412 1043 71 21 Prince
2492 1042 23 23 of
2525 1042 69 23 Walee
2606 1042 76 23 Sfekea
2690 1041 41 23 and
2739 1041 42 23 £54
2786 1048 27 15 on
2823 1041 69 22 Artist
2900 1040 21 22 in
2931 1039 36 22 the

2412 1078 106 22 Two-mile
2527 1077 58 25 Trot.

2436 1125 45 23 The
2490 1125 103 22 member*
2601 1124 24 24 of
2636 1125 35 22 the
2687 1124 113 28 Roxburgh
2817 1124 79 27 Jockey
2913 1123 54 22 Club

2412 1167 33 14 aie
2455 1159 85 23 notified
2553 1159 23 23 of
2592 1166 15 16 a
2624 1159 90 27 meeting
2732 1161 22 19 to
2771 1159 25 21 be
2818 1158 48 22 held
2887 1159 22 19 at
2931 1158 36 20 the

2413 1193 115 22 Goldfitlde
2541 1192 66 23 Hoial
2614 1195 118 20 to-morrow
2739 1193 85 26 evening
2833 1194 22 19 at
2864 1191 36 22 the
2909 1190 58 23 usual

2412 1227 61 22 hour.
2499 1226 45 22 The
2556 1227 94 22 butintM
2667 1227 18 23 it
2698 1227 121 27 important,
2829 1225 41 21 and
2887 1232 12 14 a
2913 1225 54 26 large

2412 1260 123 21 attendance
2544 1260 18 22 it
2575 1261 115 26 requested.

2438 1300 33 21 Mr
2481 1299 71 27 Fitch,
2565 1299 35 22 the
2617 1300 141 21 Government
2775 1298 128 28 pomologist,
2922 1296 45 21 who

2413 1335 35 20 has
2458 1335 51 21 been
2519 1335 116 27 inspecting
2648 1334 37 22 the
2694 1334 95 21 orchards
2807 1334 21 20 in
2845 1333 37 21 the
2899 1332 57 27 neigh-

2413 1370 107 22 bourhood
2528 1370 23 22 of
2560 1371 59 21 West
2621 1372 54 25 port,
2687 1369 38 23 has
2730 1369 64 22 found
2800 1369 57 22 them
2866 1367 101 29 generally

2412 1405 19 20 in
2442 1412 12 12 a
2462 1404 106 26 neglected
2584 1405 63 22 state.
2674 1404 35 21 He
2730 1403 119 22 discovered
2865 1402 49 27 only
2930 1408 37 15 one

2412 1439 92 19 instance
2513 1437 22 21 of
2544 1436 99 22 scientific
2653 1436 96 28 pruning.

2436 1483 43 20 The
2488 1481 119 28 Roxburgh
2617 1482 61 21 Brass
2691 1481 59 21 Rand
2767 1481 42 21 will
2824 1485 46 22 give
2879 1487 25 14 an
2915 1486 52 19 open

2410 1517 31 20 air
2450 1516 141 26 performance
2608 1517 24 20 at
2650 1516 35 20 the
2703 1515 50 22 Post
2777 1515 62 22 Office
2856 1521 71 14 corner
2942 1520 25 14 on

2411 1549 102 26 Saturday
2535 1549 136 26 (to-morrow)
2693 1549 93 25 evening,
2812 1549 23 19 ut
2852 1547 38 21 the
2907 1546 60 22 usual

2410 1585 59 26 hour,
2481 1585 58 21 when
2549 1584 36 22 the
2593 1591 127 21 programme
2739 1583 42 22 will
2799 1584 77 21 consist
2893 1582 21 22 of
2928 1582 35 22 the

2410 1620 210 28 following:-March
2665 1619 96 22 Dunedin
2905 1618 60 21 waltz

2557 1655 88 21 fantasia
2664 1654 129 27 "Ireland,''
2811 1654 69 21 march

2505 1690 97 21 selection
2654 1689 113 22 Bohemian
2880 1687 87 22 fantasia

2556 1725 70 21 march

2435 1774 30 20 At
2480 1780 12 13 a
2514 1773 89 25 meeting
2620 1772 22 20 of
2664 1772 35 20 the
2720 1771 143 27 congregation
2887 1770 21 21 of
2930 1769 36 21 the

2409 1808 51 21 local
2478 1808 109 27 Wesleyan
2606 1806 90 28 Church,
2725 1806 50 22 held
2794 1813 27 14 on
2839 1805 127 26 Wednesday

2410 1843 92 26 evening,
2521 1842 18 22 it
2556 1849 41 13 was
2614 1841 92 25 decided,
2727 1841 52 20 with
2807 1840 34 20 the
2860 1839 67 26 object
2945 1839 21 20 of

2408 1879 74 25 raising
2492 1878 61 21 funds
2563 1880 22 19 to
2594 1884 39 20 pay
2648 1878 31 20 off
2696 1877 36 21 the
2749 1876 51 21 debt
2819 1883 26 13 on
2865 1876 36 20 the
2920 1881 44 14 new

2410 1919 115 18 parsonage,
2537 1913 21 19 to
2567 1918 84 13 canvass
2660 1911 37 19 the
2710 1910 81 20 districl
2810 1909 33 19 for
2863 1908 90 25 subscrip-

2408 1946 59 24 tions,
2481 1946 46 19 that
2542 1944 85 21 method
2641 1944 59 25 being
2709 1943 91 25 adopted
2810 1943 20 21 in
2842 1942 123 26 preference

2408 1985 21 14 to
2440 1980 35 19 the
2485 1979 83 25 holding
2577 1979 22 19 of
2613 1986 12 12 a
2637 1980 70 18 bazaar
2716 1985 23 12 or
2749 1977 39 25 gift
2798 1977 92 20 auction.
2918 1976 42 19 The

2407 2020 45 14 sum
2467 2013 21 20 of
2500 2012 40 22 £2O
2552 2019 39 14 was
2601 2010 103 28 promised
2714 2011 27 25 by
2751 2010 57 21 those
2819 2016 45 20 pies
2878 2010 30 20 nt.

2434 2061 19 20 A
2464 2060 115 20 disastrous
2589 2059 36 20 fire
2640 2059 95 20 occurred
2746 2058 19 21 in
2776 2057 55 21 Gore
2841 2057 39 19 last
2890 2055 73 23 Fridav

2408 2096 94 25 morning
2527 2095 27 26 by
2577 2093 67 21 which
2669 2093 80 20 Brewer
2774 2092 40 21 aud
2837 2090 129 23 Trembsitb's

2409 2131 65 20 Horse
2486 2131 75 20 Bazaar
2572 2130 58 24 (with
2647 2128 72 21 eleven
2736 2128 70 20 horses
2824 2127 40 20 and
2880 2133 12 13 a
2908 2132 57 21 great

2407 2166 97 28 quantity
2527 2165 20 21 of
2574 2165 95 25 produce,
2689 2163 90 25 coaches,
2800 2161 101 27 saddlery,
2924 2161 39 20 and

2408 2199 148 27 merchandise)
2568 2206 40 14 was
2621 2198 109 28 destroyed
2742 2205 5 18 ;
2767 2198 41 21 also
2819 2204 12 13 a
2841 2197 54 25 large
2906 2195 58 22 block

2408 2237 21 19 of
2445 2236 70 20 fifteen
2526 2236 59 19 other
2604 2235 110 24 buildings,
2732 2234 36 19 the
2784 2233 53 19 total
2852 2233 40 19 loss
2906 2231 59 24 being

2408 2269 110 23 estimated
2525 2272 21 18 at
2556 2269 95 28 £15,000.
2679 2268 42 22 The
2732 2268 35 21 fire
2777 2267 63 21 broke
2849 2271 37 16 out
2895 2266 20 21 in
2928 2266 36 21 the

2410 2308 63 20 horse
2485 2307 76 23 bazaar,
2574 2307 40 20 and
2625 2307 26 19 its
2661 2306 65 24 origin
2736 2306 16 19 is
2763 2306 35 19 not
2810 2303 3 27 ■
2822 2303 103 27 xplained.

2437 2348 40 19 We
2488 2347 55 20 draw
2560 2347 103 20 attention
2682 2348 21 18 to
2724 2352 26 13 an
2768 2345 160 21 advertisement
2945 2344 19 21 in

2408 2382 87 21 another
2506 2382 89 26 column,
2611 2381 129 25 announcing
2759 2386 12 15 a
2786 2379 76 26 change
2883 2378 25 27 by
2929 2378 35 21 the

2409 2417 58 22 Bank
2478 2417 22 21 of
2509 2417 52 21 New
2568 2416 91 22 Zealand
2666 2416 20 20 iu
2701 2416 34 20 the
2747 2418 73 17 matter
2839 2414 21 20 of
2875 2414 87 25 keeping

2408 2452 58 20 small
2491 2453 103 19 accounts.
2622 2451 43 20 The
2686 2450 76 25 chauge
2787 2449 24 26 is,
2830 2456 28 12 we
2877 2448 86 25 believe,

2408 2488 60 26 being
2478 2486 111 23 instituted
2602 2486 40 22 and
2651 2486 77 22 carried
2747 2488 36 19 out
2796 2486 24 25 by
2841 2485 35 20 the
2895 2485 62 20 whole

2407 2524 21 20 of
2439 2524 34 20 the
2485 2524 65 20 banks
2558 2524 61 24 doing
2634 2523 92 20 business
2739 2522 20 20 in
2776 2522 35 19 the
2821 2521 95 25 colours,
2927 2519 39 21 and

2407 2566 24 13 an
2440 2558 70 21 article
2521 2558 113 26 (reprinted
2641 2558 19 20 in
2669 2557 40 21 this
2719 2557 52 20 issue
2778 2556 51 21 from
2837 2556 35 20 the
2905 2555 61 21 Penh

2409 2594 94 24 Morning
2651 2594 59 25 gives
2740 2599 49 18 very
2811 2591 87 22 Seusibla
2924 2591 40 20 and

2409 2630 96 27 practical
2515 2637 81 13 reasons
2607 2629 96 21 therefor.

2436 2675 15 17 A
2463 2672 82 21 musical
2554 2672 88 20 matinee
2653 2679 39 12 was
2701 2671 59 26 given
2768 2670 20 21 in
2799 2669 35 22 the
2844 2669 122 21 Athenaeum

2408 2709 38 20 last
2457 2708 86 27 evening
2554 2708 26 25 by
2592 2707 36 20 the
2640 2707 67 26 pupils
2719 2707 86 25 (singing
2815 2705 39 20 and
2866 2705 70 25 music)
2947 2704 20 21 of

2417 2744 42 19 '•'iss
2470 2744 68 20 Dunm
2548 2742 4 26 .
2581 2744 18 20 A
2617 2744 55 24 large
2693 2742 85 21 number
2795 2742 21 20 of
2833 2742 34 20 the
2886 2743 81 24 parents

2409 2780 39 19 and
2459 2780 76 19 friends
2545 2779 21 19 of
2578 2779 34 19 the
2624 2779 67 25 pupils
2704 2785 52 14 were
2774 2781 89 23 present,
2874 2778 39 20 and
2929 2777 37 19 the

2410 2815 69 20 varied
2489 2815 40 20 and
2543 2815 138 24 entertaining
2700 2820 125 20 programme
2846 2813 64 21 which
2927 2820 40 13 was

2408 2849 58 24 given
2491 2854 39 13 was
2554 2848 60 19 much
2640 2846 137 27 appreciate!.
2818 2846 41 21 The
2879 2846 88 20 luatime

2409 2883 111 22 concluded
2531 2883 49 21 with
2600 2890 11 14 a
2629 2883 90 27 juvenile
2742 2883 69 26 dance,
2830 2887 21 17 at
2871 2882 64 21 which
2956 2888 10 14 a

2409 2918 138 21 considerable
2561 2918 106 26 gathering
2678 2917 21 20 of
2718 2918 35 19 the
2773 2917 109 21 children's
2901 2916 65 21 eideis

2409 2953 93 24 assisted,
2515 2953 40 19 and
2566 2953 34 19 the
2619 2953 86 25 evening
2728 2959 38 13 vv;-s
2785 2952 61 21 voted
2865 2958 11 14 a
2896 2951 70 26 highly

2409 2988 106 28 tujoyable
2528 2986 59 26 one.°|

2435 3029 42 19 The
2523 3027 114 27 Wyndharr.
2655 3027 80 21 Farmer
2780 3034 45 18 says
2835 3027 16 20 it
2868 3034 15 13 is
2893 3034 11 13 a
2914 3034 39 13 com-

2411 3071 52 14 mon
2474 3064 60 25 thing
2544 3063 107 21 forTeviot
2660 3062 122 21 orehardisis
2790 3067 19 16 to
2820 3063 48 20 have
2876 3071 10 12 a
2895 3068 69 15 return

2410 3098 21 20 of
2442 3098 58 20 £4OO
2514 3105 10 12 a
2535 3103 68 15 season
2622 3098 28 18 oil'
2669 3097 45 20 fo'ur
2732 3104 22 11 or
2771 3097 36 19 live
2825 3104 61 13 acres.
2918 3095 36 21 L>s
2958 3095 2 23 :

2410 3140 47 18 year
2466 3139 42 13 one
2516 3139 45 12 man
2570 3131 78 21 cleared
2718 3133 29 18 •>['(
2757 3132 42 19 half
2809 3140 23 10 an
2844 3138 43 13 acre
2898 3130 40 21 und
2949 3138 12 12 ir

2414 3167 96 20 cherries.
2521 3167 81 19 -There
2616 3167 16 19 is
2650 3165 112 26 absolutely
2783 3173 25 12 no
2820 3164 142 27 exaggeration

2413 3201 64 20 about
2488 3200 66 20 either
2566 3200 20 19 of
2598 3200 55 20 these
2664 3201 127 19 statements,
2802 3199 39 20 and
2858 3200 15 19 it
2891 3197 72 22 shouid

2413 3236 38 17 not
2461 3233 24 20 be
2496 3240 103 18 inciss.uy
2611 3236 21 16 to
2643 3233 36 24 lag
2689 3232 26 20 foi
2729 3232 82 25 railway
2830 3232 120 19 communica-

2411 3269 45 19 tion
2479 3269 21 19 to
2519 3268 85 26 develop
2624 3268 52 20 e!o.-e
2695 3268 119 21 settlement
2842 3267 21 21 of
2885 3267 48 21 such
2952 3274 12 13 a

2412 3304 107 24 deserving
2529 3304 104 20 character
2642 3310 21 14 as
2674 3304 41 20 this
2724 3304 40 20 and
2776 3308 21 15 to
2811 3307 91 22 promote
2912 3303 49 20 such

2410 3347 11 13 a
2431 3340 93 27 splendid
2534 3340 100 25 industry.

2438 3380 44 21 The
2492 3381 44 19 first
2547 3387 60 19 paper
2616 3379 108 26 published
2736 3379 18 20 in
2775 3379 34 21 the
2828 3379 70 21 Arctic
2907 3379 42 26 gold-

2408 3413 57 22 fields
2491 3421 39 12 was
2548 3414 89 24 brought
2656 3417 35 17 out
2710 3421 24 12 on
2749 3413 49 25 July
2819 3412 54 27 17th,
2893 3413 38 20 and
2948 3412 15 21 is

2411 3448 88 21 entitled
2512 3448 34 19 the
2592 3447 104 26 Clotidyke
2816 3446 21 20 It
2846 3450 83 17 consists
2943 3447 21 19 of

2411 3481 48 19 four
2477 3487 61 19 pages
2548 3480 21 19 of
2587 3480 57 19 three
2664 3479 92 20 columns
2766 3478 54 24 each,
2832 3479 40 19 size
2882 3479 44 19 llin
2938 3478 24 19 bv

2406 3513 40 26 Din,
2462 3513 39 21 and
2512 3514 15 20 is
2537 3515 20 19 to
2568 3513 24 21 he
2602 3512 106 28 published
2721 3513 76 24 weekly
2819 3515 22 17 at
2859 3520 10 12 a
2889 3515 43 18 cost
2942 3512 21 20 of

2408 3550 21 21 3s
2451 3558 35 18 per
2506 3557 50 18 copy
2571 3556 23 13 or
2615 3548 21 28 i'
2646 3548 10 28 4
2666 3548 31 28 per
2718 3556 53 17 year.
2816 3548 113 26 invariably
2943 3548 19 20 in

2548 3584 65 22 There
2622 3591 34 14 are
2672 3584 38 21 five
2826 3584 19 20 in
2865 3584 35 20 the
2919 3584 44 19 first

2407 3621 64 26 issue,
2483 3621 59 20 three
2560 3621 22 20 of
2601 3620 64 20 which
2684 3620 64 20 called
2768 3619 102 21 attention
2888 3621 22 18 to
2928 3619 35 20 the

2406 3658 75 25 music,
2492 3656 68 25 drink,
2580 3656 38 20 and
2638 3655 102 26 gamblii.g
2759 3655 123 24 advantages
2901 3656 20 19 to
2938 3655 24 19 be

2406 3692 69 20 found
2492 3693 20 19 in
2528 3693 35 19 the
2580 3691 165 21 establishments
2755 3691 21 21 of
2785 3692 35 20 the
2829 3692 122 20 advertisers
2959 3706 5 6 .

2435 3735 74 25 Owing
2519 3736 21 18 to
2550 3734 35 20 the
2595 3734 112 20 somewhat
2724 3733 81 22 hurried
2823 3734 65 19 notice
2900 3732 21 20 of
2932 3733 31 18 Mr

2408 3770 76 20 Peters'
2496 3770 103 20 intention
2611 3772 21 17 to
2641 3769 57 20 leave
2711 3769 31 20 for
2760 3769 84 26 Nelson,
2856 3768 35 21 the
2900 3768 59 20 order

2406 3805 21 19 of
2434 3805 34 19 the
2481 3805 116 24 employees
2608 3804 21 19 of
2639 3804 35 19 the
2682 3803 110 26 Roxburgh
2805 3803 154 24 Amalgamated

2406 3840 36 22 Co.
2453 3840 33 21 for
2493 3847 13 13 a
2514 3838 88 23 suitable
2622 3839 125 27 valedictoiy
2767 3841 81 25 present
2867 3845 39 14 whs
2926 3845 31 14 no;

2406 3876 83 21 finished
2501 3877 20 19 in
2532 3876 49 20 time
2591 3877 21 18 to
2625 3876 77 20 deliver
2713 3876 16 19 it
2740 3875 120 26 personally.
2891 3875 19 19 It
2923 3874 36 20 Ins

2405 3913 44 26 just
2459 3918 56 14 come
2523 3913 21 19 to
2554 3911 64 26 hand,
2627 3911 39 21 and
2676 3911 34 20 has
2721 3911 48 20 been
2781 3909 112 23 forwarded
2903 3912 20 19 to
2931 3910 32 21 Mr

2409 3948 75 21 Peters.
2511 3948 43 19 The
2566 3947 137 25 presentation
2720 3948 48 18 took
2786 3946 35 21 the
2842 3946 52 21 form
2915 3945 21 21 of
2949 3953 12 12 a

2406 3990 48 20 very
2468 3983 110 20 handsome
2597 3982 47 26 gold
2663 3982 87 20 Maltese
2770 3989 59 16 cross,
2850 3981 22 21 of
2890 3982 70 20 chaste

2404 4019 77 27 design,
2505 4019 100 21 inscribed
2623 4026 21 12 as
2809 4017 112 22 Presented
2941 4019 21 17 to

2405 4055 90 21 William
2519 4055 78 27 Peters,
2620 4055 56 27 Esq.,
2702 4054 40 22 late
2766 4061 94 17 manager
2884 4053 23 22 of
2924 4054 37 21 the

2407 4090 110 27 Roxburgh
2528 4090 134 25 Amalgained
2677 4090 54 21 Gold
2752 4090 78 25 Mining
2841 4090 113 26 Comnany,

2404 4126 53 20 from
2472 4126 31 20 his
2513 4126 67 20 fellow
2590 4126 116 25 employees
2721 4132 26 13 on
2762 4126 31 20 his
2804 4125 92 21 removal
2908 4126 51 20 from

2404 4160 120 28 Roxburgh.
2551 4161 46 22 Oct.
2608 4160 57 28 23th,

2428 4202 44 19 The
2500 4201 76 20 Millers
2604 4201 49 21 Flat
2676 4202 73 26 people
2778 4208 33 13 are
2830 4200 129 23 determined

2404 4238 21 18 to
2437 4236 94 26 worthily
2542 4236 121 26 inaugurate
2669 4236 53 20 their
2730 4243 43 13 new
2787 4236 170 21 •Hheuwu'iiand

2404 4269 69 26 public
2482 4269 49 24 hall,
2553 4269 40 20 and
2613 4276 25 13 an
2653 4269 66 20 active
2735 4270 117 19 committee
2863 4270 51 19 have
2931 4268 32 21 fir

2402 4310 56 13 some
2479 4304 49 19 time
2550 4304 46 26 past
2613 4303 51 21 been
2693 4304 83 26 making
2806 4307 153 22 arrangements

2404 4339 68 25 fitting
2491 4341 21 18 to
2531 4339 35 21 the
2588 4340 114 22 important
2719 4339 99 22 occasion.
2855 4339 43 20 The
2917 4338 44 21 hall

2404 4375 42 20 will
2456 4376 23 19 be
2489 4375 79 26 opened
2577 4377 50 19 next
2634 4374 74 27 Friday
2716 4376 86 25 evening
2811 4375 49 20 with
2871 4382 10 13 a
2894 4375 65 25 grand

2403 4412 82 18 concert
2496 4410 37 20 and
2545 4410 50 26 ball,
2608 4410 57 20 when
2676 4417 27 14 no
2712 4410 65 20 doubt
2796 4410 57 20 there
2874 4410 40 20 wiil
2935 4410 24 20 be.

2404 4450 24 14 an
2450 4451 45 13 ovei
2501 4445 81 25 flowing
2602 4444 69 21 house.
2705 4445 43 19 The
2767 4445 117 19 committee
2907 4444 51 20 have

2404 4479 50 21 been
2465 4479 99 27 promised
2581 4479 35 21 the
2626 4480 109 20 assistance
2753 4480 22 20 of
2794 4480 35 20 the
2843 4478 112 28 Roxburgh

2404 4512 59 22 P.rass
2475 4513 56 21 Band
2540 4513 39 21 and
2595 4513 77 21 several
2684 4513 21 21 of
2712 4520 37 14 our
2759 4513 80 26 leading
2848 4515 111 24 amateurs,

2404 4546 19 20 in
2442 4546 91 20 addition
2555 4548 22 18 to
2595 4546 37 20 the
2649 4546 51 20 local
2718 4546 73 25 talent,
2812 4553 22 12 ro
2855 4546 45 20 that
2923 4546 36 20 the

2405 4586 128 19 programme
2552 4579 16 21 is
2583 4579 63 26 likely
2665 4582 23 17 to
2704 4579 24 20 be
2746 4586 24 13 an
2790 4579 101 21 excellent
2911 4586 46 14 one.

2406 4612 126 21 Favourable
2553 4612 89 21 weather
2660 4612 17 21 is
2694 4612 27 21 all
2741 4612 46 20 that
2806 4613 15 19 is
2837 4612 78 21 n»edtd
2936 4617 21 15 to

2404 4653 76 14 ensure
2490 4647 36 20 the
2536 4653 79 15 success
2624 4647 22 21 of
2655 4646 35 22 the
2699 4647 94 26 opening.

2432 4687 43 20 The
2509 4686 67 22 Bruce
2587 4687 95 21 Herald's
2712 4687 124 25 Knitangnta
2846 4694 105 18 correspon-

2406 4720 51 22 dent
2474 4721 68 20 writes
2550 4721 47 22 :—"'
2606 4721 111 21 Constable
2728 4721 68 26 Poole,
2807 4721 46 20 who
2863 4722 35 19 has
2908 4721 49 20 been

2404 4754 101 21 stationed
2515 4755 21 20 in
2547 4755 42 20 this
2613 4755 57 26 place
2680 4755 32 20 for
2729 4754 36 21 the
2784 4755 38 19 last,
2842 4755 37 19 five
2896 4761 67 20 years,

2407 4790 37 21 has
2517 4789 96 22 removed
2627 4791 22 20 to
2658 4789 137 26 Snuthbridge
2811 4790 153 26 (Canterbury),

2406 4825 39 20 anil
2453 4825 111 21 Constable
2576 4825 105 26 Ferguson
2689 4825 30 24 (of
2727 4825 62 24 Gore)
2796 4825 58 21 takes
2858 4825 33 21 his
2900 4825 63 26 placr.

2406 4858 82 26 During
2497 4858 32 20 his
2539 4861 46 23 stay
2595 4858 48 21 here
2652 4858 109 21 Constable
2771 4858 60 21 Poole
2841 4858 37 20 has
2887 4858 76 26 proved

2404 4893 84 22 himself
2496 4900 12 13 a
2525 4893 127 25 thoroughly
2665 4893 82 26 capable
2764 4894 89 19 officer—
2858 4893 36 20 the
2912 4900 45 13 man

2405 4929 44 18 best
2461 4928 68 20 suited
2539 4929 22 18 to
2569 4927 35 20 the
2615 4927 81 21 district
2710 4927 47 20 that
2774 4927 36 20 the
2825 4927 81 20 district
2926 4927 35 20 has

2404 4969 48 15 ever
2461 4961 48 27 had,
2529 4962 61 26 doing
2608 4961 33 22 bis
2656 4962 69 21 duties
2740 4962 21 21 in
2783 4969 13 13 a
2811 4969 85 14 maimer
2914 4961 47 22 that

2404 4996 69 20 makes
2484 4996 16 20 it
2512 4995 52 22 hard
2574 4995 33 21 for
2619 4995 32 21 bis
2671 5002 102 14 successor
2790 4998 22 18 to
2830 4995 131 24 successfully

2404 5028 30 23 fill
2447 5028 31 23 his
2488 5028 68 24 shoes.
2585 5028 33 23 He
2627 5028 36 23 has
2674 5029 59 22 made
2745 5035 61 21 many
2816 5029 53 22 close
2880 5029 82 22 friends.

2402 5066 40 21 and
2454 5073 45 14 won
2517 5065 37 22 the
2576 5066 72 26 regard
2665 5066 23 21 of
2702 5065 36 22 the
2750 5065 213 27 public—Constable

2406 5099 59 23 Poole
2475 5107 41 14 was
2527 5100 106 22 stationed
2643 5099 21 22 in
2679 5099 112 28 Roxburgh
2801 5099 31 22 for
2848 5106 11 14 a
2876 5099 87 22 number

2401 5134 22 21 of
2437 5141 58 19 years
2513 5134 42 21 and
2574 5134 37 21 the
2655 5133 114 22 Herald's"
2787 5134 175 27 correspondent's

2401 5169 90 21 remarks
2498 5169 41 21 will
2553 5169 25 21 be
2585 5169 53 23 fully
2646 5169 99 21 endorsed
2754 5169 57 21 here.

2426 5207 72 23 About
2508 5209 80 26 twenty
2599 5207 64 23 ladies
2672 5207 97 22 attended
2789 5206 36 22 the
2840 5206 88 26 meeting
2938 5207 20 21 in

2402 5240 37 23 the
2453 5241 129 22 Athenaeum
2592 5241 108 27 yesterday
2717 5241 117 27 afternoon,
2844 5241 65 21 which
2920 5248 39 13 was

2401 5277 47 21 held
2459 5279 22 19 to
2489 5277 47 21 take
2547 5280 55 23 steps
2611 5279 23 19 to
2646 5278 92 26 organise
2759 5285 12 12 a
2781 5277 71 20 bazaar
2862 5278 20 20 in
2892 5277 32 21 aid
2938 5278 21 20 of

2401 5310 35 21 the
2446 5310 62 22 funds
2517 5310 32 21 for
2559 5310 36 21 the
2604 5317 45 15 new
2660 5311 138 21 instruments
2806 5310 112 28 purchased
2933 5310 26 27 by

2400 5343 36 23 the
2446 5344 114 27 Roxburgh
2573 5345 59 21 Brass
2651 5345 65 22 Band.
2744 5345 44 21 Mrs
2805 5345 58 27 Boyd
2883 5352 41 14 was
2936 5345 20 20 in

2399 5379 37 21 the
2450 5379 65 27 chair,
2535 5381 41 20 and
2594 5381 75 20 Messrs
2686 5380 102 21 Kinaston
2810 5380 149 26 (bandmaster/

2399 5412 39 21 and
2449 5413 61 21 Drew
2526 5413 119 27 (seoretary)
2660 5413 109 26 explained
2793 5413 36 21 the
2846 5413 69 27 object
2934 5413 23 21 of

2399 5446 36 21 the
2459 5447 96 26 moeting.
2597 5447 61 21 After
2679 5446 36 22 the
2737 5446 81 27 subject
2840 5446 41 21 had
2905 5446 50 20 been

2398 5481 126 27 thoroughly
2540 5482 111 25 discussed,
2669 5482 17 21 it
2707 5489 40 13 was
2766 5482 92 20 resolved
2876 5482 47 19 that
2944 5488 13 13 a

2398 5516 73 22 bazaar
2480 5517 25 21 be
2519 5517 48 21 held
2576 5524 26 14 on
2612 5517 36 21 the
2657 5517 50 21 24th
2718 5517 40 21 and
2775 5517 48 21 25th
2837 5517 48 24 May
2896 5519 60 19 next.

2397 5552 44 22 The
2451 5552 63 22 ladies
2532 5554 83 26 present
2633 5552 92 23 resolved
2746 5552 123 24 themselv.es
2889 5552 44 21 into
2943 5559 13 14 a

2397 5588 125 24 committee,
2535 5588 49 19 with
2594 5595 67 17 power
2671 5590 21 17 to
2706 5587 40 20 add
2756 5589 22 18 to
2789 5587 53 19 their
2858 5588 94 21 number,

2397 5621 40 21 and
2449 5621 49 20 Miss
2516 5621 125 21 Sutherland
2660 5627 41 14 was
2719 5620 113 26 appointed
2853 5621 101 23 secretary

2396 5656 40 23 and
2447 5657 42 22 Mrs
2507 5656 52 23 Bain
2575 5658 107 21 treasurer.
2710 5656 44 21 The
2768 5657 50 20 next
2828 5656 89 25 meeting
2931 5654 23 21 of

2395 5694 37 20 the
2446 5694 118 20 committee
2581 5700 41 14 was
2639 5691 56 23 fixed
2715 5691 33 21 for
2769 5691 106 25 Thuisday
2894 5691 56 24 next,

2399 5728 59 21 when
2464 5735 40 20 any
2514 5728 63 21 ladies
2587 5727 84 26 wishing
2680 5729 22 18 to
2711 5727 73 25 assist,
2793 5726 44 20 who
2846 5726 60 22 could
2916 5727 36 18 not

2395 5761 25 22 be
2430 5764 82 23 present
2524 5762 115 25 yesterday,
2655 5760 41 21 will
2705 5759 26 23 be
2739 5759 88 27 heartily
2839 5759 93 28 welcome
2943 5772 6 8 .

3016 161 43 20 Tiie
3075 164 109 19 motor-car
3202 162 37 21 has
3257 163 58 21 made
3335 163 26 20 its
3378 170 125 20 appearance
3519 164 20 21 in

2990 194 128 22 Ashburton-.
3145 195 64 21 These
3216 202 43 15 cars
3268 202 35 15 are
3312 196 97 22 intended
3418 199 22 18 to
3454 197 83 26 replace

2986 228 37 21 the
3032 228 127 26 velocipedes
3168 229 50 21 used
3227 229 27 27 by
3262 230 36 19 the
3319 230 125 21 surfacemen
3461 237 26 14 on
3507 230 36 21 the

2986 263 100 28 railways,
3097 263 35 21 the
3141 264 113 27 propelling
3262 264 22 22 of
3293 264 66 22 which
3367 265 130 21 necessitates
3505 265 36 21 the

2986 300 136 25 expenditure
3144 300 22 21 of
3197 300 61 21 much
3282 300 84 21 manual
3385 300 80 22 labour.
3500 301 45 20 The

2986 340 46 14 new
3040 333 94 20 machine
3143 333 17 20 is
3170 333 82 21 worked
3264 333 27 26 by
3300 340 27 14 an
3337 333 116 26 oil-engine.

3012 373 32 21 On
3054 372 84 27 Sunday
3147 371 107 23 afternoon
3263 372 91 22 between
3366 373 11 21 3
3386 372 39 21 and
3433 373 13 20 4
3463 372 82 22 o'clock'

2988 409 33 19 Mr
3029 408 26 21 R.
3066 408 80 26 George
3155 409 44 19 met
3209 408 49 20 with
3275 415 12 13 a
3296 408 77 20 serious
3388 408 91 20 accident
3497 408 20 20 in
3536 415 12 13 a

2988 442 73 26 simple
3072 448 85 14 manner
3164 441 60 21 white
3239 441 67 26 riding
3316 448 26 14 on
3362 441 37 20 the
3415 440 50 22 Coal
3482 441 65 20 Creek

2992 476 57 23 load.
3160 484 49 14 near
3228 476 36 21 the
3282 475 50 23 Coal
3353 476 65 22 Creek
3434 475 68 22 school
3517 475 31 21 his

2993 513 59 20 horse
3077 512 101 26 suddenly
3204 512 99 26 swerved,
3331 512 33 20 Mr
3391 512 79 24 George
3487 510 63 26 being

2991 547 90 27 thrown,
3091 547 40 21 and
3141 547 79 27 though
3231 546 26 22 he
3266 545 75 23 landed
3355 552 27 15 on
3400 545 32 22 his
3450 545 43 21 feet
3512 543 35 24 tin

2990 583 79 21 sudden
3079 583 31 26 jar
3119 583 63 21 broke
3190 583 31 20 his
3228 582 40 26 leg.
3296 582 33 20 Mr
3336 582 27 21 G.
3374 581 116 26 Fitzgerald
3498 581 47 20 who

2992 623 40 14 was
3040 616 67 26 riding
3117 615 76 22 behind
3202 615 49 24 him,
3259 617 23 19 at
3291 622 49 14 once
3357 613 99 22 hastened
3475 619 21 15 to
3515 614 32 20 his

2992 652 116 27 assistance,
3118 651 41 23 and
3167 651 32 23 Mr
3209 651 81 23 Moodie
3299 650 60 27 being
3366 649 102 23 informed
3477 649 21 22 of
3513 649 35 21 the

2992 689 100 25 accident,
3120 689 26 21 he
3169 688 64 22 drove
3261 688 37 22 the
3321 687 81 27 injured
3431 693 48 14 man
3506 686 45 21 into

2993 723 119 27 Roxburgh.
3140 724 31 21 Dr
3180 722 74 23 Mnllin
3265 724 32 20 set
3315 722 37 21 the
3369 721 40 27 leg,
3428 721 40 21 and
3486 719 63 23 found

2993 761 59 21 there
3061 767 42 15 was
3110 768 13 14 a
3131 759 115 27 compound
3265 758 90 22 fracture
3364 757 22 23 of
3397 757 36 23 the
3443 757 52 23 bone
3508 757 43 28 just,

2993 797 65 20 above
3079 796 36 21 the
3132 796 68 22 ankle.
3227 795 32 21 Ob
3282 794 93 27 Tnesday
3390 794 95 26 morning
3519 793 32 20 Mr

2997 830 79 25 George
3083 837 39 13 wis
3129 829 64 22 taken
3202 829 24 21 to
3234 827 37 24 the
3282 828 97 21 Danedin
3389 826 104 27 Hospital.

3020 878 62 25 Many
3092 876 89 22 familiar
3188 876 54 22 facet
3252 883 37 15 are
3297 882 74 21 among
3378 876 36 21 the
3428 875 82 21 visitors
3530 875 22 20 to

2995 910 36 22 the
3049 910 110 28 Wealeyao
3179 910 131 24 Conference,
3330 917 46 19 says
3392 909 36 21 the
3444 908 107 23 Auckland

2996 946 6 13 1
3009 947 63 28 Star,'
3084 947 48 22 mch
3143 947 65 22 aatho
3221 944 58 25 Rtv.
3286 945 78 30 Joseph
3375 945 70 28 Berry,
3454 944 98 28 formerly

2994 982 41 21 and
3044 981 121 27 favourably
3174 982 76 20 known
3265 980 149 28 aathopaator
3429 980 22 21 of
3466 980 36 19 the
3508 980 45 19 Pitt

2994 1016 64 20 street
3068 1014 94 27 Ohu'ch,
3173 1013 123 28 Auckland,
3308 1013 37 22 but
3353 1020 45 14 now
3409 1013 22 21 of
3439 1012 99 22 Adelaide
3547 1018 6 19 ;

2995 1051 30 21 Dr
3033 1051 81 26 George
3124 1050 88 27 Brown,
3223 1049 47 23 who
3279 1050 113 27 graduated
3407 1050 21 20 in
3444 1048 109 22 Auckland

2994 1086 41 21 and
3044 1086 81 21 became
3153 1086 82 22 famous
3265 1091 22 16 aa
3321 1085 37 22 the
3390 1085 87 22 founder
3512 1084 41 21 and

2995 1121 110 22 controller
3120 1121 23 21 of
3160 1121 37 22 the
3217 1120 56 23 New
3291 1120 82 23 Guinea
3393 1120 40 23 and
3449 1119 36 23 the
3501 1119 52 23 New

2995 1156 79 21 Britain
3093 1156 102 25 Missions;
3213 1155 39 22 the
3272 1156 52 22 Rev.
3342 1155 33 22 W.
3402 1154 27 23 H.
3450 1154 102 26 Fitchett,

2996 1191 62 27 8.A.,
3068 1191 36 22 the
3125 1190 144 23 Australasian
3285 1191 67 22 editor
3370 1192 22 20 of
3404 1191 36 21 the
3457 1190 96 23 'Review

2995 1225 22 21 of
3034 1224 107 23 Reviews'
3155 1225 42 23 and
3215 1225 37 23 tbt
3272 1224 7 11 '
3293 1225 104 22 Southern
3418 1225 75 27 Cross,'
3510 1224 43 22 also

2997 1260 98 26 principal
3121 1259 22 22 of
3167 1259 37 22 the
3221 1259 118 23 Mfthodiat
3363 1260 79 22 Ladies'
3463 1259 89 27 College,

2997 1295 134 28 Hawthorne,
3138 1302 50 15 near
3196 1295 85 22 Melbou
3287 1303 42 18 me;
3339 1296 37 21 the
3383 1295 52 23 Rev.
3442 1295 110 22 Rainsford

2997 1331 72 27 Bwin,
3080 1330 98 26 formerly
3195 1331 174 26 superintendent
3383 1331 23 22 of
3419 1331 35 21 the
3464 1331 88 21 Grafton

2997 1365 46 20 road
3052 1365 87 26 Circuit,
3152 1364 48 23 who
3214 1372 41 15 was
3265 1365 123 22 transferred
3398 1367 23 20 to
3427 1366 52 21 New
3486 1364 65 23 South

2997 1400 76 26 Wales,
3091 1400 41 22 and
3150 1400 50 21 took
3219 1407 27 15 an
3264 1401 94 21 effective
3376 1400 73 27 charge
3466 1401 23 21 of
3515 1401 37 21 the

2996 1436 83 21 Central
3091 1435 92 25 Mission,
3194 1435 98 27 Sydney;
3304 1436 31 21 Dr
3345 1436 94 26 Watkin,
3454 1436 97 27 formerly

2996 1478 25 13 an
3032 1470 107 21 Auckland
3151 1470 49 27 boy,
3211 1470 46 21 who
3265 1471 91 20 received
3374 1471 33 21 his
3425 1471 88 27 training
3530 1472 21 21 in

2997 1505 83 26 Wesley
3090 1505 91 27 College,
3201 1505 74 26 Upper
3293 1505 71 26 Queen
3373 1507 71 21 street.
3472 1506 25 22 In
3514 1506 36 27 all,

2996 1540 36 21 the
3047 1540 124 21 Conference
3195 1540 109 26 comprises
3321 1547 12 14 a
3348 1540 92 21 brilliant
3453 1548 59 19 array
3529 1541 22 22 of

2995 1575 81 26 skilled,
3110 1577 69 20 astute
3213 1575 102 28 debaters,
3350 1576 45 22 who
3413 1584 34 14 are
3473 1577 77 27 replete

2996 1613 22 19 to
3028 1611 131 26 overflowing
3170 1610 49 22 with
3231 1610 113 23 Methodist
3352 1611 50 22 laws
3420 1611 39 22 and
3472 1619 78 20 usages.

3023 1658 49 20 Yon
3084 1657 52 21 have
3146 1657 71 21 ruiDed
3226 1664 53 19 your
3287 1658 133 21 constitution
3430 1660 122 26 sufficiently

2997 1693 26 26 by
3037 1692 96 26 drinking
3149 1692 83 21 inferior
3248 1695 40 20 tea.
3317 1694 84 20 Recruit
3416 1695 25 24 by
3458 1695 94 26 drinking

2996 1729 48 26 only
3056 1729 64 21 Kozie
3131 1730 39 20 tea.
3199 1729 20 20 Tt
3229 1729 16 21 is
3252 1736 51 20 pure
3310 1730 38 21 and
3357 1730 109 22 reliable.-
3474 1731 64 21 Advt.

3020 1777 105 25 Certainly
3140 1776 34 20 the
3188 1778 54 18 most
3261 1777 93 21 effective
3369 1777 99 21 medicine
3481 1778 19 20 in
3513 1777 37 22 the

2996 1812 61 21 world
3077 1812 15 20 is
3111 1812 115 21 SANDER
3238 1812 39 22 and
3298 1812 77 22 SONS'
3392 1813 161 22 EUCALYPTI

2995 1846 136 22 EXTRACT.
3159 1846 48 20 Test
3214 1846 28 20 its
3248 1846 113 26 eminently
3369 1847 99 26 powerful
3478 1848 73 20 effects

2995 1883 19 20 in
3030 1880 82 27 coughs,
3123 1880 62 25 colds,
3195 1880 101 21 influenza
3305 1897 6 10 ,
3333 1881 36 21 the
3379 1881 59 21 relief
3447 1882 15 20 is
3476 1882 66 22 instan-

2995 1918 90 17 taneous.
3118 1914 23 20 In
3157 1914 76 21 serious
3244 1920 54 15 cases,
3313 1915 40 20 and
3368 1915 102 22 wccidenti
3485 1916 23 21 of
3522 1916 30 21 all

2995 1948 66 23 kind*,
3073 1948 24 19 be
3108 1948 48 24 they
3168 1947 91 25 wounds,
3271 1948 69 22 burns,
3350 1948 105 25 scaldinga,
3475 1949 78 21 bruises

3007 1984 75 26 prains,
3091 1984 17 20 it
3118 1983 16 20 is
3144 1984 34 20 the
3189 1984 62 19 safest
3261 1984 136 21 remedv—no
3407 1983 146 24 swelling—no

2995 2020 158 20 infliinimatiou.
3184 2020 49 20 Like
3244 2020 110 25 surprising
3365 2020 72 20 effects
3448 2019 105 27 produced

2998 2055 20 19 in
3033 2061 70 18 croup.
3114 2053 107 28 Hiptheria,
3237 2053 116 25 bronchitis,
3368 2055 148 19 inflammation

2999 2090 36 20 the
3059 2090 66 25 lui'gs,
3140 2089 108 25 swellings,
3257 2092 37 18 etc.
3316 2089 109 25 diarrhnea,

2997 2123 87 20 diseases
3095 2123 21 19 of
3126 2122 35 20 the
3176 2122 84 25 kidneys
3270 2122 38 20 and
3324 2121 82 28 urinary
3416 2128 78 20 organs.
3526 2121 25 21 In

3010 2165 21 14 se
3038 2157 56 22 atall
3099 2157 100 26 hospitals
3206 2156 39 22 and
3253 2156 85 22 medral
3345 2157 74 24 clinics,
3436 2159 91 22 patron's
3541 2157 12 20 d

2997 2193 26 28 by
3035 2194 37 21 His
3082 2193 87 28 Majesty
3181 2193 34 21 the
3228 2193 53 22 Kin;:
3291 2193 22 20 of
3325 2193 60 26 Italy,
3397 2192 92 21 crowned
3509 2192 44 21 *ith

3000 2230 65 20 liu'ilal
3076 2229 39 20 and
3125 2229 90 24 diploma
3224 2234 22 14 at
3259 2227 148 21 International
3424 2229 117 19 Exhibition
3550 2227 3 28 ,

2999 2262 137 22 Amsterdam,
3237 2267 19 14 ui
3269 2261 39 20 this
3319 2260 102 26 approved
3431 2259 71 23 article
3515 2260 38 21 and

2998 2300 65 24 reject
3073 2300 27 20 all
3111 2302 74 18 others.

3171 2394 210 42 Piscatorial.

3170 2480 49 30 (By
3244 2479 141 34 Mtxnow.)

3037 2521 103 28 Messrs
3155 2520 88 37 Boyd,
3268 2520 108 33 Haines,
3408 2519 144 28 Cockbum

2999 2561 49 29 find
3068 2560 123 37 Sponnei'
3208 2561 66 26 have
3298 2559 50 29 had
3364 2570 15 17 a
3396 2559 54 39 trip
3465 2566 46 22 out
3528 2564 24 23 to

3003 2602 71 29 hake
3090 2602 108 28 Onflow
3212 2601 101 36 during
3335 2601 45 28 the
3396 2600 75 38 early
3495 2603 57 34 part

2998 2644 27 27 df
3041 2644 45 28 the
3100 2643 84 33 week,
3213 2642 51 27 and
3295 2640 50 29 had
3374 2641 79 36 fairly
3480 2639 71 38 good

2999 2689 84 33 -port.
3124 2683 74 27 Thev
3216 2682 44 27 rdl
3277 2693 39 17 mo
3333 2681 45 28 the
3406 2686 74 22 trout
3507 2691 43 17 fire

2999 2735 63 17 verv
3099 2734 71 17 man!
3186 2736 10 14 r
3209 2734 35 16 'ii--
3286 2723 52 27 and
3378 2721 23 28 in
3428 2720 123 39 splendid

2997 2777 12 14 c
3025 2765 118 27 iinlit.inn.
3188 2764 37 26 'i'li
3231 2762 3 38 l
3260 2764 109 36 biggest
3383 2762 47 28 fish
3451 2762 100 36 caught

2999 2816 66 17 were
3081 2816 65 16 fiver
3162 2806 31 27 '2'6
3209 2805 90 27 inches
3316 2804 73 36 long.
3432 2803 55 27 The
3500 2809 5 20 I
3514 2802 38 37 rip

2999 2846 98 36 proved
3115 2856 28 16 so
3159 2844 144 37 e:;j<»vab!e
3320 2844 54 27 thai
3394 2843 20 28 it
3430 2843 20 27 is
3479 2842 68 28 their

2997 2887 133 29 intention
3154 2891 27 22 to
3210 2897 33 20 <.ro
3270 2889 46 24 out
3346 2885 78 36 again
3452 2887 27 25 nt
3507 2883 44 28 the

2997 2929 56 27 first
3068 2927 152 37 oppo;-iii'>;i
3229 2938 22 15 v.

3034 2968 101 27 Me-srs
3178 2959 105 42 Co.'.p.-
3319 2965 110 30 Haines,
3472 2963 76 37 Boyd

2996 3009 52 28 and
3065 3009 107 27 Malone
3188 3009 67 25 have
3286 3007 64 27 been
3380 3006 117 34 angling
3526 3004 24 27 in

2996 3050 45 27 the
3067 3049 6 28 1
3088 3059 61 17 »WiT
3177 3047 112 28 roaches
3316 3047 28 27 of
3453 3045 96 27 Teviot

2996 3085 100 37 thirintc
3111 3098 5 19 \
3126 3103 21 13 ;m
3152 3102 5 6 j
3174 3088 80 30 week,
3271 3088 51 27 ami
3342 3087 65 28 have
3436 3087 32 25 all
3499 3085 50 28 had

2997 3131 49 26 t';i»r
3062 3129 121 27 baskets.
3225 3127 57 28 The
3297 3138 34 16 ci<
3344 3127 32 27 ek
3394 3127 20 26 is
3439 3136 58 17 new
3524 3126 25 26 in

2996 3168 69 28 n-ood
3083 3169 80 27 order
3178 3168 42 28 for
3236 3167 109 33 fishing.

3137 3265 126 47 Mining
3304 3263 112 41 Notes.

3031 3367 55 29 The
3106 3366 125 29 Pleasant
3255 3365 97 38 Valley
3401 3377 23 17 o.
3442 3365 104 29 washed

2994 3420 35 26 up
3046 3408 143 38 yesterday
3206 3407 41 29 for
3269 3407 66 28 320z
3357 3406 41 29 for
3417 3406 45 29 the
3483 3406 51 29 fort-

2993 3450 89 30 night.

3030 3490 32 25 At
3078 3488 40 26 the
3132 3486 137 37 adjourned
3284 3486 91 26 annual
3398 3485 109 34 mee'ing
3526 3485 20 26 of

2994 3528 41 25 the
3053 3526 138 33 Roxburgh
3207 3524 51 28 G.S
3279 3524 132 34 Dredging
3426 3525 50 29 Co.,
3494 3522 52 27 held

2993 3565 24 27 in
3036 3563 113 28 Dunedin
3166 3572 30 17 on
3213 3563 41 26 the
3273 3563 56 26 17th
3345 3561 67 33 inst.,
3427 3572 11 15 a
3454 3560 77 27 resolu-

2995 3603 50 26 tion
3060 3611 53 17 was
3135 3600 94 28 carried
3246 3600 145 36 requ-sting
3412 3600 40 26 the
3474 3600 60 24 direc-

2994 3648 51 19 tors
3062 3646 24 21 to
3101 3639 56 27 take
3173 3645 65 28 steps
3253 3643 25 22 to
3293 3638 118 36 liquidate
3426 3637 40 27 the
3480 3646 52 17 corn-

2993 3688 71 25 puny.
3109 3681 16 21 A
3140 3677 113 32 meeting
3263 3675 28 27 of
3299 3675 41 27 the
3354 3674 59 28 local
3429 3674 117 27 directors

2994 3725 49 17 was
3059 3715 54 27 held
3130 3724 30 17 on
3189 3713 169 36 Wednesday,
3385 3713 69 26 when
3481 3721 48 17 mea-

2992 3766 69 16 sures
3077 3765 62 16 were
3152 3752 101 29 decided
3269 3762 30 17 on
3315 3758 24 21 to
3364 3753 57 34 give
3434 3749 71 30 effect
3520 3755 24 22 to

2994 3796 40 21 the
3046 3792 142 25 resolution.

3029 3833 31 23 At
3088 3829 40 27 the
3151 3828 113 27 monthly
3280 3827 126 26 directors'
3422 3827 121 33 meetings

2978 3865 1 30 .
2994 3869 54 26 held
3063 3869 23 24 in
3106 3867 114 26 Dunedin
3236 3876 30 16 on
3293 3866 40 25 the
3350 3866 56 24 18th
3422 3867 65 25 inst-.
3505 3865 39 25 the

2993 3906 96 28 Golden
3104 3906 120 25 Treasure
3252 3906 41 25 (Jo,
3322 3903 111 27 declared
3454 3913 13 16 a
3481 3902 49 26 divi-

2992 3945 65 27 dend
3071 3944 29 27 of
3107 3943 41 32 (3d,
3163 3941 105 37 payable
3288 3941 140 36 yesterday,
3443 3940 47 26 and
3505 3941 39 24 the

2992 3982 98 28 Golden
3106 3981 40 27 Co.
3166 3982 33 31 Is,
3215 3979 105 36 payable
3346 3989 29 17 on
3396 3988 66 17 same
3481 3977 61 28 date.

3029 4021 45 25 We
3106 4019 66 28 learn
3203 4018 54 27 that
3287 4017 41 27 the
3356 4016 96 27 Golden
3480 4015 63 26 Lead

2978 4054 1 38 i
2994 4059 132 33 Dredging
3149 4057 44 27 Co.
3219 4055 61 28 have
3307 4055 100 26 decided
3429 4061 24 20 to
3466 4054 45 27 call
3532 4065 12 15 a

2992 4095 101 28 o-eneral
3107 4095 111 32 meeting
3232 4094 27 26 of
3270 4093 40 26 the
3332 4092 170 26 shareholders
3517 4097 24 20 at

2992 4144 29 16 an
3036 4134 67 26 ealv
3118 4134 57 24 date
3189 4137 24 20 to
3227 4130 115 27 consider
3357 4130 110 24 whpthpr
3487 4129 57 34 they

2994 4172 49 27 will
3055 4181 71 25 carry
3140 4180 30 16 on
3186 4180 27 15 or
3226 4179 31 24 go
3271 4175 52 19 into
3339 4167 153 38 liquidation.

3027 4210 52 25 The
3093 4207 134 37 adjourned
3242 4207 110 31 meeting
3361 4208 24 23 of
3398 4207 39 23 the
3450 4204 96 27 Golden

2978 4243 1 37 I
2995 4248 55 25 Run
3067 4246 133 34 Dredging
3214 4245 64 25 Co.'s
3298 4243 173 26 shareholders
3495 4251 49 16 was

2978 4273 1 38 '
2993 4284 54 27 held
3060 4284 24 27 in
3099 4283 114 26 Dunedin
3225 4290 30 17 on
3267 4281 40 25 the
3324 4281 56 25 18ih
3395 4281 67 30 ins'.,
3474 4278 73 27 about

2978 4323 46 30 117
3050 4320 171 28 shareholders
3250 4318 73 32 being
3351 4323 106 30 present.
3496 4317 52 26 The

2978 4355 2 46 J
2992 4361 127 26 chairman
3134 4358 54 36 (Mr
3203 4357 28 27 B.
3251 4356 75 35 Hart)
3340 4355 82 27 stated
3438 4356 55 26 that
3507 4356 40 25 the

2992 4399 119 25 directors
3126 4396 48 26 had
3189 4394 142 27 considered
3348 4394 41 26 the
3403 4393 97 26 scheme
3514 4393 34 25 for

2979 4428 1 39 i
2994 4435 113 32 working
3120 4433 41 26 the
3174 4432 126 34 dredging
3313 4430 71 26 claim
3414 4428 134 27 submitted

2979 4462 1 46 !
2994 4473 30 35 by
3039 4471 96 28 Messrs
3150 4469 80 26 Wood
3246 4468 48 26 and
3321 4464 91 40 Grigs',
3439 4466 48 28 and
3507 4476 26 26 ap-

2979 4505 1 40 i
2993 4509 90 36 proved
3098 4508 27 27 of
3135 4508 26 27 it.
3200 4505 88 29 Under
3302 4506 48 26 this
3365 4506 98 26 scheme
3485 4505 19 26 it
3528 4506 20 24 is

2979 4539 2 47 j
2994 4546 118 37 proposed
3128 4551 25 21 to
3165 4543 61 29 float
3239 4554 13 16 a
3266 4553 54 17 new
3333 4551 131 26 company,
3478 4548 24 20 to
3515 4541 29 27 be

2993 4585 78 26 called
3086 4585 42 25 the
3143 4582 62 28 New
3226 4581 97 27 Golden
3347 4581 53 26 Hun
3416 4579 132 35 Dredging

2994 4623 54 31 Co.,
3062 4629 25 18 to
3101 4622 65 25 lease
3180 4621 50 24 210
3244 4627 68 17 acres
3325 4618 28 25 of
3364 4618 37 24 old
3417 4625 65 18 river
3500 4616 46 26 bed

2994 4659 129 36 adjoining
3136 4657 41 27 the
3191 4655 143 37 company's
3348 4660 98 31 present
3456 4652 75 36 dredg-

2995 4698 46 34 ing
3053 4698 82 30 claitr.,
3151 4695 75 32 being
3239 4704 12 16 a
3266 4694 96 35 portion
3389 4689 24 30 o!
3432 4692 41 26 the
3485 4691 49 27 cele-

2996 4734 84 28 brated
3095 4733 85 27 Island
3197 4731 77 28 Block
3300 4729 108 28 freehold
3422 4734 124 31 property,

2997 4772 76 30 1,200
3084 4772 37 26 £1
3136 4770 85 28 shares
3234 4774 26 21 to
3283 4768 28 26 be
3336 4767 101 27 allotted
3460 4772 25 21 to
3507 4767 40 26 the

2998 4809 110 27 tendois.
3145 4808 55 27 The
3210 4813 144 29 prospectus
3365 4804 49 27 will
3426 4803 28 26 be
3464 4803 82 27 issued

2994 4847 103 31 shortly.
3137 4845 27 27 It
3177 4853 50 18 was
3241 4842 109 29 resolved
3366 4848 25 20 to
3409 4848 84 30 accept
3507 4841 41 27 the

2994 4884 60 26 offer
3082 4893 27 16 as
3140 4882 57 27 read
3222 4881 47 27 mid
3295 4879 129 36 explained
3450 4879 31 33 by
3507 4878 40 26 Mr

2996 4920 87 31 Wood,
3097 4918 49 28 and
3170 4918 95 26 Massrs
3290 4916 80 25 Wood
3396 4915 49 26 and
3464 4915 82 34 Grigg

2994 4967 61 16 were
3068 4955 144 29 authorised
3237 4962 25 19 to
3285 4952 120 35 complete
3423 4960 104 28 arrange-

2993 5000 81 21 ments
3086 4991 40 29 for
3137 4991 108 37 floating
3254 4990 41 28 the
3308 4998 53 19 new
3380 4996 129 28 company.

3027 5031 93 37 Owing
3145 5036 27 24 to
3194 5028 142 40 operations
3355 5028 25 27 in
3412 5025 102 38 sinking
3532 5035 13 19 a

2992 5080 53 17 new
3060 5070 122 36 paddock,
3196 5069 68 27 there
3278 5068 43 26 has
3335 5066 60 27 been
3418 5075 32 17 no
3464 5064 78 28 wash*

2991 5118 35 26 up
3039 5109 25 27 in
3079 5110 41 26 the
3133 5106 99 31 Golden
3258 5104 57 29 Hon
3337 5103 111 40 sluicing
3469 5101 73 30 claim

2991 5149 37 24 for
3039 5146 41 27 the
3093 5151 56 32 past
3162 5144 94 28 month.

3023 5184 53 26 The
3088 5182 126 37 dredging
3235 5186 97 23 returns
3357 5179 37 27 for
3415 5178 42 28 the
3470 5177 67 28 week

2988 5221 95 37 ending
3113 5219 123 37 Saturday
3264 5216 198 30 were—-Ettrick
3496 5216 46 29 Bon

2989 5261 96 34 (owing
3097 5266 26 20 to
3144 5258 42 28 the
3210 5257 47 28 rise
3281 5257 26 26 in
3333 5256 41 26 the
3403 5257 64 25 river
3492 5254 50 28 this

2988 5298 92 34 dredge
3094 5297 44 27 has
3151 5294 49 29 had
3215 5301 23 21 to
3251 5301 57 29 stop
3331 5292 88 35 work),
3441 5290 98 30 Golden

2987 5336 121 27 Treasure
3123 5334 63 28 llox
3203 5332 69 29 6dart
3292 5332 69 35 Bgrs,
3376 5329 163 37 Bengerburn

2987 5375 46 24 soa
3065 5372 84 27 15dwt
3174 5370 85 36 lt>gre,
3281 5369 99 28 Golden
3406 5368 65 27 Gate
3495 5367 45 27 ?oz

2990 5410 103 32 lOdwts,
3116 5408 84 36 Otago
3224 5407 71 33 240«,
3319 5405 144 37 Enterprise
3477 5404 64 27 28oz

2988 5448 93 32 18dwt,
3094 5446 116 27 Waikaia
3224 5444 65 28 30o«
3300 5442 39 29 for
3350 5444 49 27 rive
3411 5442 71 37 days.

3021 5485 39 26 No
3081 5484 47 27 less
3141 5484 61 26 than
3215 5481 36 29 72
3260 5480 107 36 dredges
3380 5489 41 19 are
3433 5485 26 21 at
3469 5478 68 28 work

2984 5532 31 18 on
3036 5522 42 27 the
3103 5520 140 38 Molyneui
3267 5518 62 28 from
3355 5517 118 36 Tuapeka
3491 5524 30 26 up-

2986 5560 86 26 wards.

3019 5597 47 24 We
3096 5592 152 29 understand
3280 5593 53 26 that
3360 5592 41 26 Mr
3427 5590 108 27 Andrew
3547 5590 1 45 j

2985 5632 103 33 Reimie,
3102 5630 50 29 late
3173 5629 187 37 dredgemaster
3373 5629 27 27 of
3412 5628 41 28 the
3468 5625 65 29 Rox-
3547 5619 1 50 j

2983 5670 80 36 burgh
3074 5669 103 37 dredge,
3188 5668 45 28 has
3244 5667 61 29 been
3313 5665 94 29 offered
3417 5675 13 17 a
3441 5663 96 30 similar,

2982 5708 107 35 position
3102 5716 32 17 on
3158 5706 43 27 the
3224 5704 120 38 Kyeburn
3360 5702 102 36 dredge,
3474 5709 58 20 near

2979 5743 106 37 Naseby.
3100 5754 9 26 j

3747 163 201 42 Alexandra.

3709 250 62 26 (Own
3784 249 205 26 Correspondent.)

3611 287 57 29 The
3681 289 119 28 weather
3821 288 43 29 for
3883 289 48 28 the
3957 292 63 34 past
4046 285 76 30 week

3574 326 49 29 has
3654 328 70 28 been
3762 338 65 28 very
3854 326 176 41 changeable.
4080 330 41 25 On

3577 365 135 41 Saturday
3724 377 41 19 we
3783 369 55 28 had
3860 380 16 17 a
3889 368 47 29 fall
3950 368 28 28 of
3992 368 68 35 rain,
4073 367 51 28 but

3577 411 48 23 not
3639 409 108 37 enough
3767 413 28 23 to
3813 418 115 28 appease
3941 409 47 27 the
4001 409 82 27 thirst
4095 403 33 32 of

3578 446 86 29 either
3676 446 100 30 farmer
3788 458 32 19 or
3832 448 94 36 miner,
3947 448 45 29 the
4016 447 106 41 groan.]

3578 491 28 23 at
3620 491 107 32 present
3743 488 83 38 being
3839 489 127 36 parched.

3615 526 57 28 The
3686 526 64 29 local
3762 526 124 39 borough
3900 528 104 27 council
4014 527 52 28 and
4079 526 54 29 the*

3581 566 148 37 Molyneux
3743 566 150 35 Hydraulic
3905 567 47 28 Co.
3966 578 45 18 are
4024 572 28 23 at
4064 576 45 28 pre-

3579 611 61 23 sent
3653 606 102 38 having
3777 616 74 18 some
3865 606 158 29 differences
4036 606 90 37 owing

3579 649 28 26 to
3621 646 46 29 the
3689 656 134 29 company
3845 647 103 39 having
3973 646 83 29 taken
4081 646 47 29 the

3580 686 130 28 conncil's
3730 691 91 30 water,
3835 688 113 36 thereby
3962 687 110 35 leaving
4080 687 48 27 the

3580 729 73 26 town
3667 726 98 39 wholly
3778 726 116 30 without
3904 731 91 31 water,
4006 726 54 29 and
4070 725 56 34 a)So

3580 767 43 30 for
3635 768 143 38 removing
3792 768 102 29 certain
3914 768 79 38 pipes
4016 767 115 29 without

3580 808 48 28 the
3641 811 115 25 consent
3780 808 30 28 of
3830 808 47 28 the
3889 806 116 31 council.
4042 806 28 29 If
4083 807 48 29 the

3581 848 101 38 parties
3695 851 100 26 cannot
3807 858 78 19 come
3906 851 28 26 to
3957 850 84 27 terras
4063 846 23 30 it
4103 846 26 31 &

3583 899 72 19 more
3664 888 67 29 than
3743 888 85 39 likely
3841 888 76 30 there
3925 887 55 30 will
3992 888 35 29 be
4036 898 17 18 a
4064 886 49 31 law-

3580 929 63 30 suit.

3618 971 57 28 The
3688 971 69 29 local
3776 971 118 39 dredges
3905 971 70 28 have
3987 973 49 26 not
4049 970 80 29 mac!'?

3582 1012 80 29 much
3682 1021 129 30 progress
3836 1012 55 29 this
3915 1011 53 30 last
3980 1011 87 37 week,
4081 1011 51 30 to

3580 1053 73 29 river
3665 1052 85 39 being
3762 1052 93 30 rather
3867 1052 75 40 high.

3618 1093 58 29 The
3698 1093 68 29 local
3780 1093 146 30 cricketers
3934 1092 152 43 journeyed
4098 1095 30 27 to

3583 1133 86 39 Clyde
3693 1144 34 20 on
3754 1133 137 40 Saturday
3903 1138 30 26 to
3954 1140 45 35 try
4019 1133 94 31 conclu-

3581 1175 74 29 sions
3669 1174 66 29 with
3746 1175 46 28 the
3804 1175 85 35 Clyde
3900 1179 80 27 team.
4018 1175 57 29 The
4086 1183 27 21 re-

3581 1215 56 29 sult
3646 1216 86 29 ofithe
3742 1216 91 28 match
3838 1225 55 19 was
3903 1217 60 29 that
3973 1215 161 31 Alexandra

3580 1266 77 20 came
3669 1256 81 30 home
3762 1256 47 28 the
3823 1257 100 29 victors
3936 1257 37 39 by
3983 1258 36 28 65
4032 1265 74 21 runs.

3617 1297 58 29 The
3687 1297 61 28 first
3760 1296 76 39 day's
3846 1298 182 28 examination
4039 1296 31 30 of
4082 1295 48 30 to

3580 1337 69 29 local
3662 1336 92 30 school
3780 1337 65 29 took
3872 1337 75 40 place
3975 1336 155 39 yesterday*

3580 1378 46 29 the
3639 1378 153 39 inspectors
3805 1378 85 39 being
3909 1379 103 29 Messrs
4034 1376 94 41 Goyen

3579 1418 52 29 and
3652 1418 146 30 Bosferris.

3616 1458 141 39 23/11/97.

3698 1544 177 43 Cromwell
3903 1544 112 43 Notes.

3717 1632 61 24 (Own
3792 1631 202 25 Correspondent.)

3617 1671 57 28 The
3688 1670 99 29 annual
3800 1670 74 29 show
3885 1670 29 29 of
3926 1670 47 29 the
3987 1671 33 28 A.
4033 1670 54 29 and
4098 1670 28 29 P.

3584 1710 172 29 Association
3777 1710 66 29 took
3868 1710 77 38 place
3969 1720 35 19 on
4030 1710 96 38 Friday

3581 1751 60 28 last.
3681 1750 57 28 The
3753 1751 119 28 weather
3895 1761 57 17 was
3973 1750 155 38 delightful,

3582 1791 53 29 and
3655 1790 76 29 there
3746 1801 53 18 was
3809 1801 16 18 a
3838 1791 75 39 large
3923 1791 162 30 attendance
4100 1791 30 30 of

3582 1837 160 33 spectators.
3784 1832 57 27 The
3855 1831 77 29 stock
3954 1833 104 35 (horses
4077 1833 56 28 and

3583 1872 93 30 cattle)
3700 1882 68 18 were
3792 1882 37 28 up
3856 1876 29 24 to
3909 1871 52 30 last
3984 1882 72 27 year,
4079 1873 52 28 and

3584 1913 82 37 sheep
3693 1922 68 19 were
3789 1911 97 36 better,
3913 1912 51 28 but
3987 1911 28 29 in
4039 1913 93 35 nearly

3584 1952 163 36 everything
3761 1951 54 28 else
3828 1952 77 27 there
3918 1962 54 17 was
3995 1962 16 17 a
4035 1951 97 37 falling

3585 1991 46 37 off,
3640 1991 144 39 especially
3794 1990 28 31 in
3835 1991 46 29 the
3893 1991 102 38 sundry
4006 1991 125 32 section*.

3585 2031 58 30 The
3669 2032 140 31 stewards,
3834 2032 164 35 committee,
4020 2033 53 27 and
4099 2033 34 26 all

3587 2072 151 29 concerned
3764 2072 109 27 worked
3899 2072 66 28 hard
3980 2077 27 23 to
4021 2073 79 27 make
4113 2072 20 29 it

3586 2124 15 16 a
3615 2122 116 26 success,
3747 2112 88 28 which
3845 2112 22 28 it
3878 2123 54 17 was
3943 2113 67 27 from
4022 2124 16 17 a
4047 2113 70 28 iinan-

3586 2153 40 28 cal
3641 2153 77 37 point
3729 2153 28 28 of
3771 2153 77 32 view,
3862 2163 28 17 as
3905 2153 75 28 there
3993 2163 54 18 was
4064 2164 16 17 a
4093 2153 40 28 Lf'

3587 2194 86 28 credit
3686 2193 120 29 balance.
3846 2192 58 31 The
3914 2192 219 40 Massey-Harris

3588 2233 46 28 Co.
3650 2234 53 27 hud
3718 2244 15 16 a
3755 2234 53 27 fine
3833 2234 106 37 display
3965 2233 29 28 of
4019 2233 114 39 bicycles

3586 2273 52 30 find
3650 2273 120 41 farming
3780 2273 218 40 implements,all
4008 2275 29 29 of
4048 2275 85 28 which

3588 2317 62 33 they
3665 2316 126 36 disposed
3807 2316 29 27 of
3857 2317 92 26 before
3963 2316 108 37 leaving
4090 2315 43 28 the

3589 2356 116 37 ground.

3574 2395 1 37 I
3626 2397 57 28 The
3709 2395 201 30 Bannockburn
3932 2397 121 28 Athletic
4068 2395 65 29 Club

3589 2437 63 27 held
3668 2437 72 28 their
3753 2442 88 33 sports
3856 2447 32 18 on
3902 2437 61 28 31st
3977 2436 156 29 December,

3574 2478 1 37 i
3588 2478 51 27 and
3657 2479 12 26 I
3686 2478 101 27 believe
3805 2479 63 36 they
3882 2478 96 28 intend
3999 2482 27 24 to
4040 2478 68 27 have
4120 2489 13 14 o

3574 2519 1 36 !
3588 2519 133 36 handicap
3738 2519 61 25 hike
3814 2527 82 18 races.

3624 2558 56 29 The
3696 2557 142 30 Cromwell
3854 2558 110 28 Cricket
3979 2557 69 29 Club
4073 2557 60 40 play

3574 2599 1 40 j
3588 2600 69 28 their
3682 2599 54 28 first
3756 2599 87 28 match
3867 2599 27 28 of
3920 2599 45 27 the
3985 2610 96 17 season
4094 2604 26 23 to-

3574 2639 1 36 !
3587 2640 51 35 day
3656 2639 61 27 with
3742 2639 209 28 Bannockburn.

3625 2679 56 29 Our
3697 2679 64 27 local
3950 2680 46 26 has
4008 2679 66 28 been
4087 2689 31 29 ap-

3587 2720 109 40 pointed
3716 2721 31 37 by
3765 2720 47 28 Ihe
3824 2720 122 28 teachers
3972 2721 28 27 of
4023 2719 84 30 Centr
4125 2720 6 28 I

3587 2762 88 37 Otago
3690 2772 29 16 as
3740 2761 70 27 their
3824 2760 213 39 representative
4050 2766 28 22 at
4088 2762 45 26 the

3586 2802 131 28 teachers'
3732 2802 160 28 conference
3911 2807 27 23 to
3962 2802 32 27 be
4024 2801 61 28 held
4106 2802 23 27 in

3587 2842 133 28 Dunedin.

3623 2884 41 28 Mr
3681 2882 108 29 Pretsch
3811 2883 46 27 lias
3872 2882 65 29 been
3954 2881 102 30 elected
4071 2882 45 37 (un-

3583 2924 131 38 opposed)
3731 2934 91 24 mayor
3835 2924 29 26 of
3879 2923 150 28 Cromwell.

3621 2964 43 28 Mr
3691 2964 115 35 Moodie,
3845 2963 29 28 of
3912 2963 102 29 Burton
4043 2963 87 36 Bros,

3583 3004 225 38 phorouraphors,
3824 3004 46 27 has
3893 3004 102 38 opened
4012 3014 14 18 a
4040 3004 90 28 studio

3585 3047 59 27 here
3662 3046 14 27 ft
3691 3056 11 16 r
3714 3056 12 16 a
3744 3044 101 29 limited
3860 3045 73 28 time.

3619 3084 146 38 Dredging
3778 3085 23 27 is
3813 3096 59 24 ven
3893 3084 75 40 quiet
3977 3084 59 37 just
4060 3096 68 17 now.

3582 3126 45 28 the
3642 3126 72 26 river
3739 3125 81 36 being
3846 3130 77 24 extra
3944 3125 75 33 bijrh.
4059 3124 69 29 Both

3583 3166 44 33 i[ie
3642 3164 117 29 Electric
3775 3164 51 29 No.
3846 3167 6 25 1
3872 3165 53 27 and
3951 3164 52 29 No.
4030 3166 15 26 2
4060 3164 66 28 have

3582 3206 89 27 closed
3694 3206 77 26 down
3800 3206 42 27 for
3855 3205 45 27 the
3915 3207 110 35 present
4034 3204 92 38 owing

3583 3251 26 24 to
3624 3245 52 29 this
3691 3256 87 18 cause.
3782 3262 34 4 —
3820 3247 23 27 A
3864 3244 173 30 one-twelfth
4051 3244 77 30 share

3581 3288 28 26 of
3628 3286 119 36 M'Lay's
3773 3286 105 37 dredge
3903 3286 48 26 has
3977 3286 69 27 been
4071 3284 41 30 dis-

3583 3326 79 38 posed
3693 3326 28 28 of
3748 3329 26 25 to
3803 3325 43 29 Mr
3871 3325 34 29 D.
3932 3327 33 26 A.
3986 3324 73 38 Jolly
4085 3324 41 30 for

3584 3367 16 28 L
3600 3367 67 28 215.
3707 3366 14 28 I
3749 3366 101 28 believe
3874 3366 54 28 this
3954 3366 103 38 dredge
4078 3365 47 29 has

3582 3409 64 28 been
3688 3406 88 28 leased
3812 3419 31 15 on
3873 3407 102 28 tribute
3999 3411 28 23 to
4053 3407 74 27 work

3580 3448 110 36 Kleogh
3705 3448 52 26 and
3773 3447 103 37 party's
3890 3448 89 32 claim,
3994 3447 87 26 which
4104 3446 22 27 is

3579 3487 134 39 supposed
3740 3486 33 38 by
3789 3497 80 27 many
3893 3490 26 24 to
3935 3486 33 28 be
3982 3495 64 28 very
4060 3485 66 29 rich..

3619 3530 97 25 Messrs
3731 3526 94 38 Hotop
3839 3528 51 26 and
3906 3526 104 37 party's
4024 3526 102 37 dredge

3577 3569 22 27 is
3615 3573 47 23 not
3686 3566 115 30 finished
3813 3571 55 34 yet.
3871 3566 95 29 —The
3991 3573 134 31 pontoons

3578 3610 28 27 of
3620 3609 45 28 the
3690 3599 191 45 Hartley'and
3909 3606 103 38 Riley's
4036 3607 87 27 Beach

3577 3649 102 38 dredge
3704 3660 44 15 are
3773 3648 104 38 rapidly
3901 3648 83 38 being
4010 3652 49 34 put
4085 3653 24 22 to-

3575 3691 104 38 gether.

3611 3729 141 40 21/11/07.

3732 3829 232 48 Cablegrams.

3695 3937 25 30 A
3734 3935 121 31 FATAL
3872 3935 133 30 STOittl.

3685 3994 27 28 JVI
3720 4002 77 20 klboc
3803 4001 31 21 kn
3840 4009 22 18 r,
3875 3991 139 29 Noverabe
4019 4001 11 17 r
4043 3990 43 29 20.

3613 4036 24 28 A
3652 4034 120 40 cyclonic
3783 4033 85 39 sqnall
3885 4032 95 28 visited
3996 4031 46 29 the
4068 4031 48 29 cit\

3576 4077 51 29 aud
3643 4076 117 30 suburbs
3768 4074 53 28 last
3832 4073 78 36 night
3925 4073 52 27 and
3995 4073 128 27 unroofed

3575 4128 17 18 a
3607 4116 113 29 nurber
3743 4114 28 29 of
3795 4114 147 34 buildings.
3982 4113 25 27 A
4030 4112 88 36 cyclis!

3561 4152 2 41 i
3578 4167 52 19 was
3646 4156 89 37 riding
3755 4153 140 38 alongside
3911 4153 28 29 of
3953 4163 14 18 a
3981 4162 80 29 pony,

3577 4198 45 28 the
3636 4197 99 28 animal
3758 4207 54 16 was
3841 4196 86 26 blown
3954 4194 74 28 clean
4049 4204 48 17 ow
4111 4205 9 15 \

3577 4238 122 38 injuring
3710 4237 44 28 the
3768 4235 96 38 cyclist
3878 4233 139 36 seriously.

3877 4274 154 28 November
4045 4273 32 27 22

3615 4318 56 29 The
3685 4320 83 27 storm
3786 4314 46 32 did
3847 4325 143 20 enormous
4010 4314 113 37 damagv

3579 4364 28 25 to
3626 4360 47 28 the
3692 4365 113 30 country
3818 4368 33 17 on
3880 4356 107 37 Friday.
4029 4356 94 28 Score-•

3579 4400 28 28 of
3647 4400 121 35 builings
3795 4409 67 16 were
3889 4396 122 28 levelled.
4061 4395 62 27 Tvr<.

3580 4450 60 18 men
3662 4448 68 19 were
3758 4438 81 28 killed
3868 4445 27 19 at-
3922 4434 200 40 Maryborough

3578 4492 32 16 sin
3615 4481 16 27 d
3659 4490 52 18 one
3734 4484 29 24 at
3795 4476 106 32 Donald
3935 4476 117 37 through
4078 4475 45 28 tho

3579 4520 98 37 falling
3696 4520 29 28 of
3750 4518 129 29 material.
3919 4517 56 29 The
3989 4515 132 38 township

3578 4560 29 29 of
3629 4560 77 28 Nhill
3732 4569 55 18 was
3808 4558 98 28 almost
3928 4562 87 33 swept
4039 4565 82 28 away.

3577 4600 57 28 The
3644 4600 115 36 damage
3768 4599 6 27 i
3782 4609 8 17 i
3801 4598 143 28 estimated
3954 4602 27 23 at
3992 4595 130 35 £50,000.

3651 4648 264 32 DKSTItUCTIVi'J
3936 4646 119 34 FIRES.

3737 4692 122 32 London,
3873 4690 157 28 November
4043 4689 42 27 20.

3614 4732 57 28 The
3686 4737 119 32 greatest
3819 4730 47 28 tire
3879 4730 25 28 in
3921 4729 114 29 London
4052 4728 62 28 sinO'

3578 4772 45 29 the
3650 4771 99 34 Tooley
3776 4776 84 22 street
3884 4768 196 38 conflagration
4094 4768 26 28 in

3561 4809 3 44 j
3581 4814 62 26 lfcbT
3662 4809 128 32 occurred
3805 4810 103 37 to-day.

3613 4852 28 28 It
3662 4849 153 41 originated
3842 4849 118 36 through
3982 4859 16 19 a
4011 4859 50 27 gas
4073 4857 30 19 ex-

3561 4888 4 41 }
3575 4892 104 37 plosion
3695 4892 25 25 in
3736 4889 120 29 Hamsell
3874 4893 93 29 street,
3983 4889 73 31 K.C.,
4072 4888 45 27 tlw

3574 4934 93 25 centre
3699 4929 29 29 of
3758 4937 35 19 an
3818 4937 142 19 enormous
3984 4926 78 28 block
4087 4927 35 26 <»f

3575 4969 211 29 manufactories
3797 4967 55 30 and
3865 4967 177 29 warehouses.
4081 4968 38 26 N>

3574 5016 97 34 strong
3683 5020 16 18 a
3712 5007 63 31 hold
3791 5008 52 30 had
3863 5007 46 29 the
3928 5007 48 29 fire
3989 5005 126 31 obtnine.i

3574 5053 53 27 und
3638 5063 31 17 so
3683 5050 107 39 rapidly,
3801 5049 46 29 did
3858 5049 23 29 it
3892 5048 96 39 spre«d
4003 5049 60 27 that
4072 5047 40 29 the

3573 5093 110 29 firemen
3703 5101 71 22 were,
3791 5096 29 23 at
3845 5090 59 28 first
3927 5088 142 39 powerless
4090 5092 18 24 t<

3571 5143 68 28 cope
3652 5132 66 29 with
3740 5132 30 28 it.
3809 5129 90 37 \selj,.
3916 5129 121 29 Hamsell
4062 5127 53 30 aud

3570 5172 89 30 Jewin
3674 5176 100 26 streets
3877 5179 74 24 aoqn.
3967 5179 15 19 a
3999 5177 71 20 mass
4087 5168 30 28 of

3570 5213 103 37 f|ames,
3686 5212 54 30 and
3754 5211 47 31 the
3810 5207 304 42 prenn>Qa.Qoinprisinp

3569 5255 78 28 these
3667 5258 98 24 streets
3786 5260 70 21 were
3871 5249 162 38 completely
4051 5248 36 28 do

3568 5294 106 40 troyed,
3687 5304 31 18 as
3730 5292 59 29 also
3801 5300 68 25 wtjre
3876 5293 75 36 parte
3964 5289 30 28 of
4006 5287 95 30 Nichol

3568 5344 107 30 square,
3701 5330 143 35 Bradford,
3873 5338 111 24 avenue,
4022 5328 79 29 Jowi»

3566 5381 133 28 crescent,
3702 5372 88 29 Wood
3799 5370 53 31 and
3862 5369 133 33 I|edcroßs
4003 5373 107 23 streets.

3603 5414 84 38 Mauy
3708 5413 135 34 wpr.krnen
3864 5410 63 33 *M
3944 5407 66 40 girls
4024 5406 26 30 in
4066 5407 44 28 the

3565 5454 127 30 factories
3711 5452 62 32 and.
3789 5450 167 34 warjd»ou*es
3977 5445 132 39 narrowly

3565 5492 115 39 escaped
3712 5491 90 29 death.
3849 5487 77 38 Thfgr,
3956 5485 152 39 frantically

3565 5532 107 37 rushed,
3697 5531 58 30 into
3787 5530 46 29 the
3863 5531 109 28 streets.
4008 5525 100 30 Otherv

3565 5583 69 23 were,
3647 5571 112 29 rescued
3781 5571 71 26 from
3867 5567 45 29 Iho
3926 5566 72 28 roofs
4012 5567 35 36 by
4062 5566 15 28 6
4083 5577 26 17 it.

3564 5621 119 30 escapes.
3722 5611 63 26 Two
3799 5607 109 30 firemen
3928 5605 65 29 took
4014 5605 97 40 refug*.

3562 5663 35 21 on
3611 5664 15 17 a
3650 5656 111 35 parapet
3783 5647 60 30 00ft
3869 5646 65 40 high
3960 5646 54 29 and
4041 5655 68 22 were

3563 5692 169 30 surrounded
3762 5690 33 37 by
3829 5687 103 36 flames,
3958 5687 50 29 but

3565 5729 116 32 rescued,
3690 5729 63 28 with
3768 5727 145 39 difficulty.

1631 78 10 6 '
1658 78 198 41 MOUNT
1939 77 231 42 BENGER
2256 74 153 40 MAIL.

3392 70 165 53 Friday,
3582 72 233 41 Hovember
3835 71 69 46 26,
3928 67 106 44 1897

269 181 41 40 [A.
330 181 98 39 Cabd.]

58 331 66 40 *f\
218 333 28 28 H
285 333 27 29 U
351 333 25 29 B
414 332 23 29 E
468 331 28 30 N
529 331 23 28 E
583 330 46 36 R,

129 377 11 13 *
152 392 135 22 TEACHER
308 392 36 21 OF
364 392 59 21 THE
444 390 111 27 VIOLIN,

65 444 85 30 'Will
162 444 66 30 visit
240 443 155 39 Roxburgh
409 443 105 38 weekly
539 443 92 38 (every

280 490 144 39 Monday.)

63 653 14 15 *
80 637 94 29 Terms
185 637 249 40 oa.appHcation.tQ
442 638 54 29 self
505 646 31 20 or
546 637 85 29 Office

253 686 31 29 of
294 691 12 24 t
309 685 43 30 hit
364 685 99 40 Paper.

174 775 47 40 0.
244 775 54 42 ,d.
322 774 209 53 .Coombs,

99 839 515 32 SUKGI€AL,Av|IBGHANICAL

271 885 166 30 DBIPHST

73 992 92 41 ■\lß
185 990 153 32 GOOMBS
354 1002 63 25 may
431 990 40 30 be-
480 989 149 31 Consulted

234 1084 124 30 Herou'i
380 1082 97 32 Bom

78 1138 43 30 On
141 1135 158 38 FRIDAY,
320 1135 72 34 Wth
411 1133 221 33 DECEMBEP.

117 1218 40 28 Ab
169 1216 16 30 I
197 1214 97 31 intend
306 1213 116 40 Tinting
439 1212 57 31 this
515 1212 116 31 District

81 1256 186 41 periodically,
278 1256 159 30 itwflliave
449 1253 125 30 Patients
584 1254 47 29 the

79 1307 125 31 expense
212 1296 30 31 of
253 1296 88 40 going
352 1300 31 26 to
394 1300 74 26 town
480 1305 9 25 ;
508 1293 54 30 and
576 1303 30 19 as
617 1294 13 28 I

81 1342 151 35 guarantee
250 1337 37 30 all
309 1335 88 38 work,
421 1335 125 30 Patients
567 1344 63 27 may

81 1379 57 40 rely
151 1390 37 19 on
200 1377 112 42 getting
323 1389 18 19 a
352 1375 143 33 firat-class
505 1375 116 29 denture

82 1460 91 22 TEETH
200 1460 83 21 MADE
309 1460 38 22 BY
377 1457 96 22 OTHER
498 1455 133 24 DENTISTS

82 1502 8 12 t
103 1486 131 24 PROVING
244 1484 251 25 UNSATISFACTORY
507 1485 17 20 >•
538 1484 28 20 'Y
579 1484 33 20 HE

138 1515 195 22 REMODELLED
346 1514 37 22 AT
395 1512 95 23 SMALL
502 1512 74 21 iO.-.T.

86 1584 123 28 Painless
237 1582 162 30 Extraction
423 1580 69 28 with
519 1578 111 30 Nitrous

121 1624 88 29 Oxide
230 1623 65 37 Gas,
312 1624 132 34 -Cocaine,
459 1620 136 37 Etbeiyor

267 1664 184 29 Chloroform.

83 1737 133 30 Stopping
236 1746 70 20 with
324 1738 88 35 Gold,
433 1735 148 35 Amalgam,
599 1741 33 20 ok

298 1779 123 29 Cement.

173 1857 32 29 C.
251 1857 31 29 J.
334 1853 208 37 COOMBS,

221 1905 74 29 Surg
301 1913 49 20 pon
373 1904 118 28 Dentist

124 1952 145 39 (Opposite
283 1950 129 39 Cargill's
425 1949 174 36 Monument)

289 1997 80 21 dune
374 1997 58 21 din.

196 2037 84 38 (Late
296 2036 73 29 Kidd
384 2035 54 29 and
452 2033 60 39 Co.)

84 2153 214 30 ROXBURGH
308 2151 158 29 BAKERY
477 2150 23 29 &
513 2149 118 30 STORE

80 2253 181 55 Robf.
289 2253 340 51 Kfnaston.

99 2344 141 34 BAKER,
270 2340 293 31 CONFECTIONER
587 2339 24 27 &

215 2388 282 36 STORKKKEPER,

119 2450 149 21 SCOTLAND
291 2448 112 25 STREET,
427 2446 164 21 ROXBURGH.

120 2544 74 29 R.K.
205 2544 103 28 desires
324 2548 28 22 to
366 2542 86 28 thank
467 2542 45 27 the
525 2540 91 28 inhabi-

84 2589 75 23 tants
172 2584 30 28 of
216 2582 153 40 Roxburgh
384 2582 52 28 and
449 2580 165 37 surrounding-

85 2625 120 29 districts
231 2626 43 26 for
295 2624 46 28 the
365 2633 70 29 supp
437 2621 3 41 l
455 2626 24 25 rt
501 2621 129 29 accorded

85 2667 52 26 him
153 2666 26 27 in
195 2666 47 27 the
256 2670 70 32 past,
341 2664 51 28 and
409 2669 17 23 t<
445 2662 98 28 inform
559 2662 72 28 them

84 2706 57 28 that
158 2705 118 37 nothing
291 2704 52 28 will
360 2705 34 27 be
408 2703 123 37 wanting
544 2713 33 17 on
592 2702 40 27 his

82 2753 62 33 part
158 2747 26 27 in
197 2747 47 28 the
258 2747 90 27 future
361 2751 28 21 1o
399 2744 78 29 merit
487 2754 14 18 a
511 2743 106 29 continu-

80 2798 68 17 ance
162 2787 29 28 of
204 2786 71 29 their
289 2791 122 27 support.

108 2876 139 22 WEDDING
270 2877 60 20 .AND
351 2875 150 22 BIRTHDAY
520 2874 89 21 CAKES

229 2912 81 20 MADE
328 2911 35 21 TO
377 2909 103 23 ORDER.

80 2960 123 25 SOIREES,
228 2959 110 21 PICNICS
362 2956 3 29 .
366 2956 3 29 c
369 2965 7 13 ;
400 2958 85 20 RALLS
502 2956 65 21 CAT!
576 2956 56 21 RED

123 2994 55 21 FOR
193 2994 37 21 ON
248 2994 57 21 THE
320 2992 138 22 SHORTEN)
484 2992 75 22 NOTN
572 2991 23 22 E.

82 3038 127 30 Nothing
222 3038 50 28 but
289 3038 44 27 the
348 3038 59 26 Lest
421 3036 122 29 material
558 3036 74 27 utvd.

83 3134 75 21 ,;COD
171 3133 186 22 ASSORTMENT
367 3132 35 21 OF
412 3132 16 20 G

282 3167 38 20 OX
334 3166 95 20 -HAM).

509 3132 69 23 RIES.
587 3131 29 22 &c

164 3257 119 30 Liberal
305 3256 139 30 Discount
456 3265 49 20 for
527 3255 84 30 Cash.

212 3371 54 35 W.
344 3367 282 43 ROONEY,

106 3453 208 26 HAIRDRESSER,
330 3451 200 22 tobacconist.
547 3450 46 23 &c.

76 3494 75 38 Begs
166 3497 28 23 to
209 3493 123 26 intimate
354 3495 27 23 to
401 3491 46 27 the
460 3490 93 38 public
567 3490 60 26 that

294 3532 34 28 he
354 3531 48 29 has

268 3574 24 26 A
314 3569 292 32 HATRDRESSING

277 3612 149 30 SALOON

73 3657 28 27 in
124 3656 47 27 the
193 3654 45 29 old
262 3654 143 35 Premises,
428 3656 67 25 next
521 3651 103 39 Boyd's

305 3694 93 29 Hotel.

92 3768 254 38 Haircuttkig—6d
358 3779 7 26 ;
393 3767 139 36 Children,
559 3765 45 31 6d.

252 3810 133 35 Shaving,
400 3809 45 27 Cd.

136 3887 106 28 Razors
263 3887 52 28 Set
357 3911 28 4 ...
468 3910 29 5 ...
540 3887 30 26 Is

78 3960 94 21 LARGE
182 3959 185 22 ASSORTMENT
376 3959 142 22 TOBACCOS
526 3959 15 21 k
548 3958 78 21 PIPES

115 4026 27 28 J.
168 4025 44 31 W.
233 4025 166 36 EQQNEY,
412 4024 120 35 Painter,
550 4024 49 28 has
613 4035 12 15 a

80 4068 75 35 large
205 4071 166 25 assortment
398 4066 50 32 .of
499 4064 131 38 Painting

82 4108 139 28 Materials
237 4119 32 17 on
285 4106 73 30 hand
371 4120 7 22 ;
402 4107 52 28 and
469 4107 27 27 in
510 4106 80 28 order
602 4109 28 23 to

79 4151 73 24 meet
165 4148 47 27 the
225 4148 80 27 times
317 4147 49 28 has

74 4198 220 23 CONSIDERABLY
319 4197 135 22 REDUCED
471 4197 56 20 THE
549 4195 82 22 PRICE

148 4232 38 20 OF
205 4231 145 21 PAINTING
363 4231 65 21 THIS
442 4230 115 22 SEASON.

201 4296 29 28 J.
269 4296 47 28 W.
355 4294 167 35 ROONEY,

99 4348 120 35 Painter,
249 4346 122 37 Grainer,
402 4347 68 37 Sign
502 4346 112 37 Writer,

217 4388 203 39 Paperhanger,
441 4388 59 35 &c,

124 4440 152 21 SCOTLAND
294 4440 111 24 STREET,
420 4440 150 20 ROXBURGH-

126 4514 13 31 f
233 4513 22 28 T
271 4537 6 6 .
346 4513 175 30 BOWD
541 4511 91 38 EN,

151 4588 176 26 CARPENTER,
355 4587 118 27 JOINER,
500 4587 62 22 AND

249 4626 206 27 UNDERTAKER,

75 4680 99 27 Desires
200 4684 25 21 to
252 4677 77 28 thank
356 4677 42 28 the
430 4676 87 29 Public
541 4677 25 27 of
590 4677 41 28 the

77 4718 104 27 District
195 4718 39 25 for
252 4724 56 28 past
326 4723 113 29 support,
458 4716 48 26 and
526 4715 60 36 bpgs
606 4722 24 19 to

73 4756 89 27 inform
195 4754 67 27 them
298 4755 53 26 that
383 4753 29 27 be
443 4753 43 27 has
517 4752 111 28 resumed

75 4794 120 26 Business
210 4794 23 24 in
249 4791 149 37 Roxburgh.

70 4880 136 27 Estimates
219 4880 73 35 given
305 4879 47 27 and
365 4879 120 36 Building
496 4878 130 27 Contracts

171 4930 27 26 of
216 4928 31 28 all
269 4928 74 28 kinds
360 4927 162 28 undertaken.

106 5016 77 26 Plans
197 5016 47 25 and
266 5014 187 34 Specifications
466 5014 124 34 prepared.

450 5089 41 40 «
556 5091 38 38 H
618 5120 8 14 ,

68 5162 137 27 PAINTER,
233 5161 134 27 GLAZIER,
388 5161 94 21 PAPER
499 5160 130 27 HANGER,

142 5196 70 21 SIGN
235 5195 117 21 WRITER
373 5194 63 21 AND
457 5193 95 21 HOUSE

256 5227 178 26 DECORATOR,

163 5268 74 29 Roes
258 5267 101 36 Place,
378 5266 161 29 Lawrence.

112 5349 43 29 On
172 5347 63 30 Sale
249 5357 14 19 a
274 5347 76 40 large
361 5346 54 30 and
423 5347 93 30 varied
526 5350 88 28 assort-

75 5394 76 25 ment
164 5389 29 27 of
208 5388 69 35 Oils,
290 5387 105 36 Paints,
417 5387 98 36 Scrim,
537 5388 89 36 Glass,

74 5428 231 39 Paperhangings
325 5427 56 29 and
399 5426 135 32 Painters'
553 5428 54 29 Sun-

73 5470 82 30 dries.

111 5510 69 28 New
189 5508 53 29 and
251 5508 170 29 fashionable
428 5508 73 29 Wall
512 5508 111 40 Papers,

75 5550 72 31 from
161 5549 37 29 5d
219 5558 50 30 per
289 5548 75 39 piece
386 5550 134 38 upwards,
562 5557 7 21 t
583 5554 28 26 at-

73 5596 78 25 terns
165 5594 62 25 sent
240 5599 35 19 on
295 5590 174 37 application,
482 5596 62 32 post
557 5591 66 29 free.

112 5630 149 29 Estimates
273 5628 82 38 given
368 5628 43 29 for
433 5628 115 30 General
570 5630 36 28 Re-

71 5670 85 42 pairs.

114 5708 163 33 Celebrated
291 5708 128 31 Lustruss
438 5710 89 37 Paint,
541 5712 82 39 ready

59 5752 114 35 .mixed,
186 5750 35 30 all
236 5749 123 30 Colours.

654 173 141 31 TEVIOT
803 170 217 33 WESLEYAtf
1034 169 172 31 CHURCH.
1219 169 2 45 |

1219 249 2 17 i

754 278 114 40 Sunday
882 277 124 31 Services
1019 275 55 30 will
1096 275 35 29 be
1143 284 65 20 con-

744 320 101 30 ducted
858 330 30 19 as
900 319 102 29 follow:
1005 334 35 5 —

659 375 111 28 Roxburgh
781 376 19 25 (7
809 374 85 29 p.m.)—
895 374 52 22 Rev.
957 374 22 21 J.
988 373 28 22 H.
1025 372 83 26 Hooper

866 402 115 27 Withering
990 402 69 24 Grass,
1070 400 36 21 the
1120 398 78 26 Fading

736 432 84 24 Flower,
831 431 39 21 and
883 431 35 21 the
928 430 107 25 Enduring

660 460 48 20 Coal
718 459 65 21 Creek
793 459 20 25 (3
823 457 137 28 p.m.)—Kev.
971 457 22 21 J.
1006 457 27 20 H.
1045 456 82 26 Hooper

661 485 115 28 Ettrick(ll
788 487 82 24 a.m.)—
872 486 52 20 Rev.
934 485 20 21 J.
969 485 26 21 rl.
1007 484 82 26 Hooper

748 513 150 27 (7p.m.)-Mr
906 513 22 21 J.
939 514 23 20 C.
974 511 68 22 Smith

661 602 44 50 I>
713 643 10 11 #
745 604 33 37 J.
809 602 45 39 B.
884 598 161 41 YULE,
1069 593 144 43 L.D.S.,

749 684 193 48 Surgeon
976 677 162 43 Dentist,

792 746 299 37 INVERCARGILL.

767 836 47 28 Mr
836 834 79 29 Yulb
936 831 56 30 will
1011 830 101 29 visit—

662 905 168 31 HERON'S
845 902 139 37 HOTEL,
993 896 213 36 ROXBURGH

905 950 65 32 And

673 998 260 37 DISPENSARY,
955 993 249 35 ALEXANDRA.

727 1144 422 44 BERNBTON€,

709 1247 79 32 THE
1005 1242 147 35 TAILOR

807 1320 96 35 (From
928 1319 154 37 Boneefin),

740 1406 67 32 Xl'
819 1406 65 29 ILL
899 1405 66 29 visit
978 1402 166 40 Roxburgh,

858 1446 105 29 Millers
993 1444 72 35 Flat,
1089 1441 55 30 and

677 1507 5 8 l
736 1487 189 38 «irr(ituKliirg
959 1484 123 30 districts
1114 1487 30 24 ttt

735 1539 18 16 n
764 1528 80 32 srular
856 1525 140 34 intervals,

872 1579 77 27 when
964 1578 35 27 ho

746 1646 102 31 WULL
863 1644 104 30 TAKE
981 1639 150 34 ORDERS

738 1713 27 23 to
790 1705 52 30 suit
858 1705 46 28 the
918 1702 181 31 convenience
1113 1699 29 29 of

812 1753 46 28 the
876 1750 67 30 local
964 1748 101 40 public.

784 1857 128 29 Charges
934 1855 159 29 Moderate.

740 1968 75 29 Suits
825 1967 67 28 from
903 1967 38 27 £3
953 1966 42 33 3s;
1010 1964 130 28 Trousers

844 2013 69 28 from
930 2012 48 27 16s
992 2009 43 30 Gd.

738 2120 44 28 Fit
795 2119 172 29 Guaranteed
989 2128 29 17 or
1039 2116 100 36 Money

837 2173 48 24 not
898 2166 139 39 accepted.

698 2320 329 35 EXTRAORDINARY

897 2378 276 33 OPPORTUITV.

659 2491 78 21 FROil
758 2489 56 23 THE
835 2488 128 23 FACTORY
988 2486 100 22 PIIiD'T
1101 2486 35 19 TO
1156 2484 56 21 THE

664 2592 89 55 OUR
769 2592 104 26 Company
889 2589 15 20 is
924 2588 26 20 f-l
964 2587 1 60 i
971 2587 3 60 ;
983 2595 11 19 ?
1009 2587 47 19 ,!,;,,
1058 2587 3 60 -
1065 2587 4 60 t
1081 2587 2 60 ,
1086 2588 6 16 f

739 2625 72 21 to'ner,
831 2620 14 19 ti
856 2626 22 13 us
898 2624 26 18 jr.
934 2623 35 13 «i:r
972 2615 2 31 ;
978 2623 21 13 t..
1021 2616 31 18 f-.r
1071 2615 20 19 th

663 2651 74 23 dnubl*
762 2655 104 17 economy,
891 2645 86 20 i.»n.•'.•.
999 2644 34 19 t>
1053 2646 41 23 pro!

664 2677 107 25 wholesale
782 2675 73 20 i'n}.i.-r.
866 2679 37 14 an'
916 2675 4 27 t
934 2680 8 10 ;■
961 2678 22 13 m-
995 2679 12 10 i-
1024 2677 65 13 i-oii.-i.:

664 2709 20 20 of
692 2703 94 26 tr.eietr.i
789 2698 2 31 1
805 2702 44 21 deal
864 2709 14 13 r.
891 2707 23 12 an
938 2705 17 13 in
985 2706 23 15 -ir
1021 2703 21 14 'o
1050 2698 43 20 frr.n

664 2743 53 14 0..011
733 2742 8 12 M
754 2731 64 26 Hllglf
827 2737 29 13 W«
870 2729 15 20 cl
898 2729 3 28 .
932 2731 54 16 '•••'I
1004 2734 26 11 «•-
1044 2731 22 14 <•!'
1079 2729 10 15 «'

664 2766 19 24 j,.
685 2771 16 12 w
704 2763 67 20 <-l'er.'.
779 2758 79 25 uvu.Hy
865 2757 26 19 s<-l
990 2757 17 16 -t
1025 2759 67 14 wurj.

663 2800 32 11 ;,,,,
706 2789 67 22 f„lC<<l
818 2787 57 19 11--''-''
885 2793 9 10 :,
898 2791 23 12 '"
931 2791 9 12 X
945 2787 2 24 '
990 2789 19 11 '"
1021 2789 22 12 "'
1047 2789 21 12 ,V
1081 2789 11 17 1'

1086 2588 20 16 tr.
1123 2585 33 20 (he
1169 2592 34 13 rus

662 2853 103 20 expenses.

689 2880 36 19 Wo
753 2876 141 22 manufacture

662 2914 68 14 <,•<.,■■.,.
740 2915 5 7 r
764 2905 60 22 silver
843 2910 22 13 or

665 3001 15 18 ti
690 3008 10 10 <•
724 3001 49 17 iiK-M
798 2997 108 23 iiui'<i';-i.t
924 2999 37 14 inn
979 2992 64 20 u-<tu!
1062 2997 11 12 n
1085 2997 14 11 v
1110 2994 67 14 M.i:.!.s
1193 2996 17 9 n

666 3026 82 21 n.rd.iii
774 3025 66 19 time.-.
872 3022 12 19 I'
1007 3022 49 17 i'.m-
1066 3018 5 14 1
1075 3025 31 14 !!!,'
1123 3024 18 13 in
1160 3023 31 11 ..!••
1206 3023 8 11 s

666 3062 11 17 ~(
679 3045 3 34 ,
691 3053 21 21 .]v-,.!s
712 3045 1 34 v
714 3058 34 15 -~!s
793 3050 39 22 find
850 3050 14 20 11
875 3057 9 10 '•
901 3049 30 20 I--'-
942 3045 4 34 •
964 3055 9 11 v
974 3048 27 19 -'"
1005 3047 15 18 rl
1025 3045 2 34 '
1045 3045 23 20 wl
1086 3052 15 13 »
1119 3045 47 34 '""■"
1175 3045 9 34 i
1193 3045 19 34 '■

664 3084 53 18 most
738 3081 74 20 i-'-Wi-vs
838 3077 53 22 R'Hd
912 3076 46 20 v.i'h
975 3072 3 30 .
990 3074 73 21 u-i-'l
1075 3074 15 19 is
1104 3072 4 30 «
1118 3072 7 20 f
1144 3080 13 11 <-■
1170 3077 36 14 i:is-

666 3110 54 20 hcina
731 3112 38 16 ti:r
779 3108 23 18 >f.
811 3114 24 12 ii-
843 3112 10 11 •:
871 3112 20 11 '"
901 3105 35 20 ike
948 3104 62 19 watch
1025 3104 4 26 -
1039 3109 16 10 '•<
1066 3104 3 26 >
1155 3106 20 13 «'
1196 3104 1 26 ■
1211 3104 3 26 >

665 3142 65 15 tnma
745 3133 86 23 l:nur!«d
845 3134 72 19 In'ton
935 3131 57 19 f''i-d
1004 3130 65 19 i--'!:-■
1087 3137 21 10 '•'
1126 3135 31 11 '•"
1167 3132 5 15 '
1193 3134 17 10 '"

664 3164 60 24 liifi).
736 3163 47 20 thvs
791 3161 87 21 wii.dhu
887 3160 35 19 'lie
933 3159 64 19 waicl.
1005 3157 39 20 ami
1059 3156 93 25 rtgul.usi
1161 3163 10 12 :.
1181 3161 27 12 u.-

663 3192 62 19 bauds
736 3190 22 25 hy
771 3190 33 20 ill.-
815 3195 54 13 same
885 3193 74 14 means.

687 3232 44 19 Our
743 3230 71 20 watch-
823 3236 9 12 s
841 3235 33 13 are
882 3222 4 30 i
895 3234 11 12 v
920 3226 49 26 rywl
979 3232 32 12 r-re
1020 3232 36 13 rec
1066 3224 48 22 <rnis'
1122 3222 11 21 (1
1151 3224 20 18 to
1190 3222 5 17 1
1204 3229 10 13 e

662 3259 35 20 •he
713 3258 44 20 best
776 3257 19 21 in
808 3256 35 21 the
858 3262 24 14 mi
892 3255 14 20 •]
917 3259 28 16 *'.
956 3252 116 26 surpassing
1084 3251 26 19 .-.'!
1121 3250 60 20 other
1187 3249 27 26 hy

661 3287 35 21 the
705 3286 98 27 precision
821 3284 22 21 of
852 3283 49 21 theii
915 3284 127 19 movements
1056 3287 21 13 as
1094 3279 45 20 well
1151 3286 21 12 as
1188 3277 24 27 by-

661 3316 53 19 their
724 3319 95 19 accuracy
830 3312 38 19 and
879 3311 117 24 cheapness.

686 3356 43 20 Our
741 3354 87 25 factory,
844 3352 53 19 since
914 3351 25 19 its
951 3348 120 22 foundation
1077 3347 20 21 in
1111 3346 56 26 1852,
1178 3345 36 21 has

660 3381 95 28 acquired
765 3389 10 12 a
793 3378 124 23 woild-wide
933 3377 124 26 reputation,
1073 3373 140 22 andoHained

660 3411 36 20 the
723 3408 82 25 highest
826 3406 80 21 awards
926 3406 24 20 fr.
959 3412 19 13 m
997 3404 25 20 all
1044 3403 35 21 the
1101 3403 112 24 important

660 3437 138 23 Exhibitions.
827 3434 33 23 No
887 3433 64 22 watch
980 3432 66 21 haves
1075 3438 37 13 our
1135 3429 76 21 factorv

661 3466 88 21 without
771 3464 74 23 laving
865 3463 50 19 been
934 3460 98 26 carefully
1051 3458 105 22 examined
1172 3457 40 20 and

659 3492 91 22 veiifi-d,
769 3491 49 20 thus
837 3490 59 20 bene
912 3495 38 12 rea<
959 3494 13 14 v
993 3487 30 20 for
1042 3485 117 31 immediate
1167 3490 44 14 use.

659 3519 54 22 Ehcli
724 3526 38 13 one
771 3518 15 20 is
797 3522 36 22 put
842 3523 28 20 up
880 3516 19 20 in
908 3522 24 13 an
943 3514 87 25 ellogant
1045 3512 100 21 silk-lined
1160 3518 51 15 case,
1225 3512 1 32 j

657 3549 39 19 and
706 3545 141 27 accompanied
859 3545 24 25 by
894 3551 10 13 a
916 3545 101 24 warranty
1069 3542 57 19 three
1144 3546 67 20 yearss
1225 3542 1 30 j

685 3591 44 20 The
745 3589 65 24 buyer
825 3594 45 19 may
888 3589 69 18 return
978 3591 40 17 any
1035 3584 21 21 of
1070 3591 38 14 our
1126 3582 83 22 watche.
1223 3577 2 43 J

660 3617 115 22 witbensix
787 3615 84 22 months
880 3614 72 20 should
967 3613 35 21 the
1019 3613 60 19 latter
1092 3614 35 18 not
1144 3611 65 21 afford

659 3646 35 22 the
703 3648 55 18 most
767 3643 101 27 complete
874 3641 134 21 sa'isfaction.

683 3688 35 21 All
735 3686 80 21 articles
830 3685 43 20 sold
891 3692 34 12 are
940 3683 102 20 delivered
1052 3683 46 24 post
1108 3681 49 26 free,
1169 3681 39 20 and

656 3720 80 18 custom
753 3715 52 20 dutv
822 3712 46 26 paid
888 3713 20 19 to
926 3717 39 20 any
984 3714 44 22 part
1047 3710 21 20 of
1086 3709 35 21 the
1139 3709 69 26 wotld,

657 3744 50 21 thus
715 3742 89 22 without
814 3740 36 22 the
865 3738 94 28 slightest
969 3737 81 22 trouble
1068 3745 22 13 or
1105 3736 103 27 formality

654 3775 22 20 to
686 3772 35 21 the
730 3770 95 22 receiver.

683 3812 34 20 All
729 3811 76 25 lepairs
828 3808 74 25 during
920 3808 35 19 the
974 3808 11 19 3
995 3813 56 19 years
1069 3806 22 20 rf
1099 3807 110 22 guarantee
1221 3806 2 30 !

658 3846 33 14 are
717 3837 99 22 executed
841 3834 143 28 gratuitously,
1009 3834 14 19 if
1042 3834 35 18 the
1103 3833 63 21 watch
1185 3833 24 21 be

658 3865 113 24 foiwarded
782 3869 22 17 to
814 3871 37 14 our
861 3862 84 23 London
953 3862 64 21 office.

683 3909 42 17 Tle
732 3907 105 19 fnllnwinc
843 3912 34 14 are
883 3904 46 21 cash
938 3904 62 22 prices
1009 3903 87 20 without
1103 3902 104 24 di.-c-mnt.

706 3977 27 22 A.
748 3973 152 24 Stem-winder,
916 3971 84 25 sterling
1014 3970 68 26 si'ver,
1092 3970 41 21 hall

757 4002 92 27 maiked,
867 4000 92 28 jewelhd
979 3999 19 20 in
1015 3998 11 19 f>
1050 3998 82 26 actions,

757 4030 75 22 crvstal
840 4029 60 26 glass,
909 4035 11 13 a
927 4031 70 17 sl.ront.'
1005 4027 38 19 and
1051 4025 84 21 durable

758 4058 65 20 wateh
861 4073 21 5 ...
987 4053 3 25 .
1004 4053 3 25 •
1112 4070 22 4 •••
1186 4053 24 21 12

688 4088 47 22 AA.
750 4086 43 23 The
802 4092 55 14 same
867 4083 48 23 with
927 4081 74 23 double
1016 4081 60 21 si'ver
1092 4088 43 14 case

759 4112 107 25 (Hutter),
874 4110 102 26 elegantly
986 4109 98 23 engraved
1113 4126 21 4 ...
1187 4109 24 19 IS
1223 4104 2 33 |

708 4143 26 20 B.
749 4141 53 22 Gold
819 4142 27 19 st<
853 4138 114 25 m-winder,
990 4136 41 21 ball
1054 4136 80 20 marked

759 4172 72 21 strorg
840 4167 52 26 keyh
900 4173 18 12 ss
929 4166 74 23 action,
1012 4163 92 27 jewelled
1115 4164 19 19 in

760 4196 24 21 13
802 4196 92 24 actions,,
906 4193 49 21 with
977 4191 46 25 gold
1047 4198 22 13 or
1086 4191 50 20 steel

760 4222 132 26 hnnds,small
900 4219 72 23 second
981 4219 49 26 dial,
1037 4218 100 23 engraved

760 4252 20 21 in
787 4249 100 23 h'-autiful
895 4247 161 24 desiirns.engino
1063 4246 73 21 turned

760 4287 23 12 or
791 4278 53 26 plain
852 4276 98 28 polished,
955 4274 49 21 with
1012 4281 124 19 monogram,

759 4306 83 21 initials,
851 4311 61 19 arms,
924 4304 39 18 etc
990 4318 21 4 ...
1114 4316 22 5 ...
1163 4301 13 19 2
1201 4300 26 35 Oj

692 4333 44 22 88.
749 4333 44 21 The
801 4339 55 15 same
863 4339 22 13 as
894 4331 25 22 B.
927 4330 49 21 with
985 4332 69 21 strong
1063 4328 75 21 double

760 4361 46 28 gold
816 4368 52 19 case,
878 4367 25 13 an
920 4358 101 22 excellent
1034 4356 40 21 and
1089 4363 49 20 vety
1225 4355 3 34 I

760 4389 82 25 elegant
851 4387 126 25 timekeeper
997 4402 13 5 ..
1115 4401 21 5 ...
1164 4384 11 23 3
1190 4384 23 21 10
1225 4384 3 35 j

711 4417 25 23 C.
749 4417 65 26 Royal
825 4415 147 27 chronograph,
985 4413 23 21 18
1018 4414 55 19 carat
1082 4412 54 26 cold,

761 4447 53 17 most
824 4442 178 25 guperiorleyless
1013 4442 123 22 movement,

760 4471 23 20 of
795 4470 36 21 the
847 4469 164 22 moat'-Accurate
1026 4466 98 20 workman-

760 4498 54 27 ship,
832 4497 40 22 and
889 4503 40 15 ore
942 4495 22 21 of
977 4494 35 22 the
1023 4494 44 21 best
1077 4500 48 14 wear-

760 4527 93 24 resisting
863 4525 89 21 watches
989 4539 22 6 ...
1115 4539 22 5 ...
1164 4523 11 20 4
1200 4521 28 24 0!

691 4554 41 21 CC.
745 4554 43 20 The
798 4560 53 14 same
862 4553 65 20 watch
942 4550 49 22 with
1008 4549 74 21 double
1098 4549 39 21 and

761 4583 56 18 extra
828 4583 70 21 strong
908 4586 52 19 case,
971 4578 24 21 18
1012 4579 55 19 carat
1082 4577 53 24 gold,

760 4608 120 26 artistically
920 4606 109 27 engraved,
1065 4611 72 18 engine

760 4636 73 21 turned
852 4643 22 13 or
891 4635 55 26 plain
965 4631 100 28 polished,
1086 4632 50 21 with

759 4669 135 21 monograms,
903 4661 85 26 initials,
999 4661 36 20 etc.
1113 4675 22 6 ...
1160 4659 14 21 6
1187 4659 25 21 10

710 4690 27 24 D.
752 4690 94 28 Imperial
855 4690 94 22 calendar
955 4689 148 22 chronometer,
1111 4687 25 22 18

759 4721 56 19 carat
831 4719 53 25 gold,
905 4718 109 23 indicating
1033 4716 36 19 the
1086 4716 46 21 dav.

758 4746 37 21 ♦he
804 4746 62 25 week,
877 4746 36 20 the
924 4744 79 26 month,
1009 4742 40 21 and
1059 4742 46 21 date
1112 4742 22 22 of

758 4773 80 26 month,
855 4772 93 27 jewelled
967 4772 19 20 i->
1007 4770 24 22 18
1049 4771 82 22 astions.

758 4800 48 22 with
822 4800 27 21 all
860 4800 34 21 the
903 4800 62 21 latest
974 4799 159 26 improvements

755 4829 40 21 and
811 4828 123 26 inventions,
997 4827 22 20 of
1037 4826 35 21 the
1088 4826 45 21 best

756 4857 39 20 and
818 4857 55 19 most
894 4854 130 26 magnificent
1045 4853 87 22 watches

757 4883 161 22 manufactured,
934 4881 49 22 tueh
995 4889 21 13 as
1025 4888 35 14 are
1071 4888 61 14 never

756 4913 42 19 so'd
809 4911 25 28 by
844 4910 59 22 retail
910 4910 78 21 dealers
997 4909 32 22 for
1035 4909 40 21 less
1080 4909 52 21 than

735 4935 3 33 ,
755 4939 40 22 £25
856 4954 23 8 ...
981 4953 24 7 ...
1108 4952 23 6 ...
1145 4935 26 22 10
1195 4935 14 22 0

683 4978 35 23 All
725 4986 38 15 our
770 4978 88 24 watches
863 4986 35 16 are
903 4976 156 25 reannfaetnred
1065 4976 20 22 in
1092 4976 13 22 2
1111 4975 98 22 different

656 5007 59 26 sizes,
724 5007 55 25 large
788 5007 39 21 and
837 5006 58 23 small
905 5007 41 24 (for
954 5004 116 27 gentlemen
1077 5003 40 21 and
1128 5003 81 26 ladies,)

658 5034 86 21 without
753 5034 112 21 difference
869 5033 23 22 of
901 5033 63 28 price.

684 5061 40 23 Old
734 5061 96 29 wstcbes,
839 5060 35 25 old
883 5060 45 25 geld
938 5059 41 24 end
988 5059 61 23 silver
1059 5057 41 23 will
1109 5057 26 22 be
1146 5056 62 22 token

657 5089 21 22 in
687 5092 99 24 payment
794 5092 23 18 at
832 5090 37 21 tbe
886 5089 81 26 highest
981 5088 68 25 entae,
1060 5087 19 21 if
1094 5084 115 22 forwarded

656 5116 26 27 by
692 5117 66 25 parcel
768 5119 46 23 post
823 5118 24 21 to
854 5122 38 17 oat
901 5116 89 21 addms.

682 5144 139 22 Remittances
835 5150 48 22 may
899 5143 27 23 be
945 5142 59 23 msde
1021 5140 68 23 aitber
1102 5138 28 28 by
1139 5137 70 24 Postal

656 5171 74 26 Order,
739 5171 91 27 Chfque.
840 5171 59 24 Bank
910 5170 64 22 Notee
982 5170 93 27 (postage
1091 5170 77 21 stamps
1178 5165 32 21 for

657 5197 59 21 small
729 5200 104 24 amounts)
847 5198 23 22 of
887 5204 40 22 any
947 5202 94 22 country.
1057 5196 21 20 in
1099 5192 110 27 regißteied

657 5224 70 28 letter,

682 5252 23 21 Tt
726 5252 17 22 is
761 5260 38 15 our
816 5254 40 22 aim
866 5255 23 21 to
907 5260 46 20 gm
969 5251 37 24 tk*
1026 5250 81 25 »lmost
1123 5247 87 28 possible

658 5280 125 22 satisfaction
802 5282 23 21 to
841 5289 38 15 oar
894 5282 81 24 clients,
991 5280 95 23 k»»wing
1103 5276 43 23 this
1153 5277 23 20 to
1185 5275 25 21 be

658 5306 35 22 the
699 5307 46 22 best
753 5308 160 23 advertisement
926 5308 33 22 for
971 5313 39 17 ear
1019 5306 103 26 products,
1133 5303 40 21 and
1182 5302 28 21 all

658 5334 45 21 who
710 5334 52 22 have
779 5343 50 15 once
847 5336 85 24 entered
941 5335 46 23 into
1005 5334 93 21 business
1113 5330 98 22 relations

658 5362 48 22 with
713 5370 25 14 us
743 5362 69 29 gladly
823 5363 127 23 recommend
960 5370 24 16 us
993 5364 23 21 to
1025 5360 55 23 their
1085 5357 79 25 friends
1170 5356 41 24 and

657 5391 161 26 acquaintances.

678 5430 92 23 Address
778 5431 32 22 for
818 5431 73 23 letters
899 5431 42 23 aad
951 5429 86 24 orders:

654 5480 131 31 MORbE
796 5478 345 35 MANUFACTURING
1152 5476 57 32 CO.

775 5536 20 27 7,
815 5536 57 21 RED
890 5534 70 23 UOS
977 5532 96 24 COTTBT

844 5579 102 24 LoHnojr,
965 5576 53 25 ?,.C.

831 5647 21 19 at
874 5651 58 20 onoe,
955 5643 21 21 in
995 5647 62 22 eeery
1070 5642 91 27 locality,
1179 5647 25 15 an
1213 5642 5 36 j

652 5671 116 28 intelligent
788 5680 71 19 person
881 5675 22 19 to
917 5675 31 19 set
964 5678 21 15 m
1011 5677 38 16 oar
1070 5671 75 26 Agent.
1171 5668 35 23 No

651 5701 74 26 special
756 5701 119 27 knowledge
909 5699 103 28 required,
1044 5698 40 22 and
1117 5697 87 22 without
1213 5701 5 32 |

653 5727 119 26 interfering
792 5729 49 20 with
857 5730 83 24 present
962 5726 127 26 occupation.
1116 5725 88 26 Highest
1214 5721 4 33 I

662 5755 56 27 alaiy
736 5755 41 21 and
796 5755 135 21 commission.
960 5754 33 21 An
1012 5753 102 21 excellent
1132 5758 71 20 oppor-
1215 5748 4 34 I

663 5783 59 28 unity
735 5783 32 20 for
781 5790 12 14 a
807 5782 83 27 capabl*
900 5788 68 19 roang
977 5787 49 16 iron
1035 5787 23 15 or
1068 5779 55 27 lady.

1237 198 178 43 DUNEDIN
1430 198 142 43 PRICES
1585 199 29 42 &.
1628 198 162 43 VALUES

1238 416 76 31 NOT
1334 415 74 30 FOR
1427 416 78 32 ONE
1519 416 138 31 MONTH
1679 415 114 35 ONLY,

1262 557 79 43 ALL
1371 556 80 43 THE
1486 556 106 42 YEAR
1624 553 150 54 ROUND,

1501 624 33 18 BY

1249 687 86 54 W.
1362 686 56 53 T.
1441 683 357 67 TALBOYS,

1380 776 286 37 ROXBURGH,

1246 842 71 30 Who
1338 842 24 29 is
1385 852 61 19 now
1467 840 126 39 Offering
1611 840 49 30 the
1681 839 118 29 Balance

1475 883 30 28 of
1524 882 44 29 his

1328 943 238 42 WINTER

1451 1007 263 39 DRAPERY

1245 1071 29 27 at
1299 1068 92 30 Prices
1410 1070 89 29 which
1517 1069 108 30 MUST
1647 1068 153 31 Command

1332 1110 47 29 the
1392 1110 148 30 Attention
1555 1110 29 30 of
1597 1110 116 38 Buyers.

1330 1269 109 42 Come
1465 1268 64 42 and
1555 1268 67 43 See
1647 1267 68 43 Our

1247 1340 46 29 All
1315 1340 83 29 Wool
1425 1339 174 39 Wellington
1625 1338 125 36 Flannel,
1772 1342 27 24 at

1324 1383 7 26 1
1340 1392 12 18 s
1368 1382 8 27 1
1383 1381 18 28 d
1411 1391 49 28 per
1472 1380 68 39 yard

1249 1433 92 28 White
1378 1433 131 35 Calicoes,
1535 1433 71 28 from
1633 1432 30 28 2s
1691 1431 35 29 6d
1752 1440 48 30 per

1320 1473 84 30 dozen

1247 1525 112 37 Striped
1374 1525 198 34 Flannelettes,
1583 1525 70 28 from
1663 1525 30 27 2s
1705 1524 36 28 9d
1750 1533 50 27 per

1318 1564 87 28 dozen

1244 1618 95 28 White
1375 1617 142 37 Shirtings
1548 1617 112 35 (donble
1699 1616 83 30 width
1789 1619 8 33 (

1317 1659 71 27 from
1408 1658 68 35 lO|d
1490 1668 49 27 per
1551 1658 69 37 yard

1245 1709 95 29 White
1355 1708 121 29 Turkish
1487 1708 115 35 Towels
1616 1709 70 27 from
1708 1710 30 25 4s
1762 1707 34 29 6(1

1317 1760 49 28 pc
1378 1750 87 29 dozen

1243 1796 88 29 Linen
1346 1795 143 40 Tablinga,
1497 1795 71 30 from
1583 1796 72 28 lsod
1672 1805 48 30 per
1730 1794 64 39 yard

1246 1843 90 30 Men's
1353 1843 103 29 Lambs
1472 1843 80 29 Wool
1568 1842 94 38 Pants,
1686 1844 30 28 2s
1749 1845 45 27 lld

1317 1894 49 28 per
1381 1885 60 37 paii-

1246 1926 87 27 Men's
1349 1925 99 28 Cotton
1465 1924 94 36 Pants,
1573 1924 69 28 from
1658 1927 26 26 Is
1699 1925 33 28 3d
1748 1935 48 28 per

1316 1966 59 36 pair

1245 2005 134 29 Coloured
1402 2004 60 29 fr'lk
1479 2003 232 38 Handkerchiefs,
1725 2004 69 30 from

1315 2049 25 24 Is
1355 2046 64 29 each

1246 2086 86 27 Men's
1349 2085 62 29 Soft
1427 2085 55 29 Foil
1501 2086 81 34 Hats,
1594 2085 71 28 from
1691 2087 26 26 Is
1743 2086 51 28 lid

1247 2169 49 27 Lea
1301 2168 5 15 1
1321 2169 69 26 ]«:,;•
1408 2167 77 36 Long
1498 2167 55 29 Fur
1567 2166 80 34 Boas,
1662 2167 69 29 from
1749 2170 47 27 12s

1247 2298 116 28 \)\lV.><
1401 2298 142 30 STUFFS
1578 2299 25 30 in
1642 2296 154 38 SERGES,

1297 2339 4 35 I
1318 2339 81 27 WEE
1406 2340 52 34 US,
1480 2340 135 28 &C.—All
1633 2341 126 27 reduced.

1453 2423 24 26 A
1498 2420 53 30 Lot
1566 2422 28 27 of

1244 2468 179 30 MANTLES
1455 2467 22 31 &
1501 2468 285 31 WATERPROOFS

1262 2524 37 26 At
1315 2522 88 30 prices
1418 2522 87 28 which
1521 2526 73 24 must
1608 2523 73 27 clear
1695 2522 83 28 them.

1319 2606 16 24 A
1359 2603 131 39 Splendid
1507 2604 173 28 Assortment
1696 2603 28 28 of

1316 2652 41 26 ;'S
1393 2652 21 28 &
1453 2652 106 28 HOYS'
1591 2650 205 36 CLOTHING,

1326 2692 180 35 HOSIERY,
1532 2692 182 35 SCARVES,

1411 2733 48 29 SH
1478 2734 78 33 KI'S,
1579 2733 48 29 &c.

1301 2813 58 29 N'S
1407 2814 137 28 TWEED
1594 2816 108 27 M'fiS
1751 2813 4 30 f
1758 2821 5 21 i

1308 2855 193 34 MEASURE,
1528 2858 48 26 (JCs
1599 2857 134 38 (special).

1315 2938 21 26 A
1367 2938 56 26 well
1452 2939 121 27 assorted
1604 2940 78 27 stock
1709 2940 28 28 of

1351 2977 118 28 Boots
1496 2988 54 18 am»
1579 2979 119 28 shoes

1430 3189 186 29 DONEDIN,

1245 3270 53 21 COG
1305 3271 14 19 it
1326 3270 55 21 LAX
1401 3270 61 21 KROJ

1639 3271 137 22 Proprietor

1246 3336 111 28 THHLS
1390 3337 134 27 favourite
1568 3337 93 35 Hotel,
1694 3337 103 37 having

1328 3377 120 36 recently
1473 3377 65 28 been
1565 3378 81 28 taken
1671 3388 65 17 over
1759 3378 36 37 by

1242 3418 103 29 Messrs
1374 3417 122 39 Coghlaw
1542 3418 84 37 Bros.,
1653 3418 47 28 Ims
1727 3419 67 27 been

1242 3459 166 36 thoroughly
1424 3460 147 26 renovated
1594 3460 151 36 improved.

1279 3498 117 28 Visitors
1409 3499 68 27 from
1495 3498 45 28 the
1554 3503 114 33 country
1690 3498 64 29 will,
1766 3508 27 16 as

1239 3540 164 33 heretofore,
1435 3540 55 28 find
1527 3540 118 37 nothing
1671 3540 123 36 wanting

1239 3580 60 29 that
1310 3580 81 28 tends
1406 3585 26 23 to
1448 3581 71 27 their
1533 3580 116 29 comfort
1663 3580 52 28 and
1728 3589 64 19 con-

1251 3699 77 20 O.N'LY
1344 3698 34 22 HE
1381 3700 7 12 ;
1393 3699 16 20 T
1423 3699 115 21 BIIAXIW
1559 3699 35 20 OF
1612 3698 88 21 Wl\Ei
1719 3696 58 22 AND

1338 3727 106 21 SPIRITS
1460 3728 72 21 KKPT
1548 3728 27 21 IN
1593 3726 95 21 STOCK.

1282 3794 89 37 Night
1401 3794 95 28 Porter
1521 3795 26 27 in
1572 3793 173 29 attendance.

1361 3871 131 29 Ciiapgks
1520 3872 158 28 Moderate.

1552 3967 156 55 QOALI

1388 4055 99 28 COAL
1510 4055 128 29 CREEK

1253 4149 109 26 OEST
1383 4147 158 29 LTGNITR
1562 4148 25 27 in
1613 4148 46 28 the
1680 4147 114 28 District

1331 4188 42 30 for
1408 4188 142 36 Steaming
1576 4200 32 17 or
1635 4187 159 30 Household

1241 4240 131 29 purposes
1390 4229 138 28 delivered
1543 4229 66 40 at—■

1502 4280 80 28 Cash.
1651 4278 124 30 Booked.

1240 4321 155 37 Roxburgh
1465 4346 29 5 ...
1521 4321 47 28 10s
1628 4321 166 37 Itsperton

1240 4363 58 29 The
1313 4363 45 28 Pit
1468 4387 27 4 ...
1540 4362 29 29 5s
1646 4361 30 29 6s
1728 4382 17 14 „

1241 4404 152 35 Roxburgh
1434 4403 67 28 East
1522 4404 47 26 lis
1630 4403 47 26 12s
1730 4423 15 13 „

1240 4445 57 27 The
1311 4444 128 37 Dredges
1468 4467 28 4 ...
1521 4442 132 29 Contract
1677 4440 98 29 Price*.

1278 4522 58 29 The
1358 4521 158 37 Proprietor
1529 4520 49 28 has
1593 4519 100 34 special
1709 4518 75 29 facili-

1241 4562 50 27 ties
1303 4563 43 28 for
1359 4561 122 39 delivery
1495 4561 26 28 in
1538 4571 54 26 any
1615 4563 62 35 part
1700 4558 29 29 of
1749 4559 48 27 the

1241 4602 125 36 District,
1393 4602 53 29 and
1477 4601 158 30 Customers
1662 4610 62 27 may
1738 4598 58 40 rely

1240 4653 34 18 on
1289 4644 84 37 being
1385 4642 141 39 promptly
1540 4640 135 39 supplied.

1279 4694 99 29 Orders
1392 4705 64 26 may
1469 4694 34 27 be
1519 4692 50 29 left
1583 4696 28 24 at
1633 4692 47 28 the
1695 4691 102 29 Mount

1239 4733 116 31 Benger
1368 4734 76 29 Mail
1458 4733 92 29 Office.

1292 4823 107 27 OTTCE
1424 4822 27 26 Is
1477 4822 108 32 Hereby
1619 4821 88 25 Given
1736 4819 60 26 that

1316 4861 71 26 after
1398 4861 41 26 Ist
1448 4859 128 34 January,
1585 4858 73 27 1898,
1665 4856 45 27 the
1721 4855 75 27 Bank

1235 4899 29 28 of
1279 4898 66 27 New
1359 4897 118 26 Zealand
1492 4896 52 25 will
1564 4894 78 27 male
1663 4904 16 16 a
1700 4893 97 32 charge

1235 4936 29 26 of
1291 4935 56 26 Ten
1368 4934 131 33 Shillings
1524 4932 54 27 and
1602 4932 129 34 Sixpence
1756 4930 43 24 for

1239 4972 126 37 Opening
1393 4970 114 28 Current
1531 4968 135 30 Accounts
1690 4967 66 27 with
1782 4975 15 18 a

1239 5010 110 26 smaller
1361 5009 87 26 credit
1459 5017 29 16 or
1505 5007 77 26 debit
1598 5007 111 26 balance
1730 5005 66 24 than

1239 5046 76 32 £IOO
1331 5045 61 36 (one
1404 5044 124 28 hundred
1543 5041 103 39 pounds
1660 5039 134 36 sterling).

1272 5096 26 25 A
1312 5094 108 27 further
1430 5093 98 32 charge
1540 5092 29 25 of
1587 5090 57 26 Ten
1665 5089 131 34 Shillings

1238 5132 54 29 and
1303 5131 131 36 Sixpence
1447 5128 55 27 will
1514 5128 34 28 be
1557 5127 78 29 made
1647 5125 63 28 each
1725 5123 69 28 half*

1237 5178 63 27 year
1329 5168 42 27 for
1400 5166 156 34 continuing
1588 5168 28 25 to
1640 5163 66 33 keep
1731 5161 64 27 such

1239 5207 123 26 accounts
1387 5204 27 26 in
1444 5210 80 28 erery
1554 5209 59 21 case
1636 5198 88 29 where
1750 5197 46 26 the

1239 5243 110 29 balance
1362 5244 28 27 at
1402 5240 86 28 credit
1500 5238 93 31 stands
1602 5236 43 28 for
1654 5236 75 27 three
1739 5244 43 18 con-

1239 5281 119 27 secutive
1369 5278 66 36 days
1449 5278 99 33 during
1559 5275 49 28 the
1615 5273 133 36 half-year
1768 5274 28 23 at

1239 5318 53 28 lees
1304 5316 67 28 than
1383 5315 58 27 £SO
1454 5315 72 34 (fifty
1544 5311 104 38 pounds
1660 5308 134 34 sterling.

1274 5364 111 30 Present
1397 5364 153 27 Customer!
1558 5360 52 28 end
1620 5358 75 28 4bo6e
1708 5356 69 35 Open-

1239 5405 48 35 ing
1309 5403 132 27 Accounts
1461 5409 34 17 on
1516 5407 31 17 or
1569 5396 91 27 before
1682 5393 47 28 the
1754 5393 42 26 Ist

1239 5442 129 33 January,
1381 5437 74 32 1898,
1466 5435 55 27 will
1536 5435 57 26 also
1603 5433 35 28 be
1649 5431 106 35 snbject
1767 5433 29 23 to

1238 5489 16 17 a
1275 5476 161 30 conditional
1461 5470 164 38 half-yearly
1648 5468 99 34 charge
1767 5467 29 26 of

1237 5514 57 28 Ten
1314 5512 130 33 Shillings
1467 5509 52 27 and
1540 5507 130 35 Sixpence
1682 5513 29 18 as
1724 5504 69 26 from

1237 5553 48 28 the
1309 5551 42 28 lit
1376 5546 76 38 April
1474 5547 73 30 next,
1571 5544 28 28 in
1623 5545 81 25 tetxaa
1726 5540 29 28 of
1778 5549 16 18 a

1237 5587 164 29 notification
1415 5583 86 27 which
1514 5582 57 26 will
1590 5581 33 26 be
1642 5578 149 28 forwarded

1236 5629 28 23 to
1275 5624 65 28 each
1352 5622 141 26 Customer
1503 5619 27 25 in
1543 5618 51 25 due
1607 5623 100 19 course.

1270 5673 52 28 For
1333 5671 47 28 the
1393 5668 76 29 Bank
1483 5666 28 29 of
1523 5665 66 29 New
1603 5665 125 33 Zealand,

1437 5718 31 28 L.
1486 5716 28 28 E.
1535 5713 149 32 HAINES,

1487 5755 96 33 Agent,
1599 5751 156 35 Roxburgh.

1851 170 193 28 \PENINGof
2052 170 84 27 NEW

1898 208 101 27 HALL
2013 215 29 21 at
2055 205 159 30 MILLERS
2227 200 99 29 FLAT.

1821 285 146 34 FRIDAY,
1993 287 51 28 3rd
2068 280 207 33 DECEMBER,
2300 278 73 28 1897.

1832 359 146 44 GRAND
2009 351 350 53 ENTERTAINMENT

1925 420 177 35 (CONCERT
2122 419 21 25 &
2161 416 116 34 B\LL.)

1861 495 191 30 SPLENDID
2087 489 252 36 PROGRAMME,

1825 546 142 36 Including
1989 547 142 27 Selections
2161 545 36 34 by
2228 541 148 35 Roxbnrgh

1827 583 78 27 Brass
1917 584 75 27 Band
2002 584 53 26 and
2066 581 147 35 Roxburgh
2223 578 155 29 Orchestral

1825 621 111 35 Society,
2047 620 51 27 and
2109 619 74 26 Solos
2193 619 35 34 by
2237 617 47 26 the
2294 615 70 27 Lead

1971 659 47 35 ing
2031 657 76 28 Local
2126 655 104 28 Artiste.

1844 720 292 30 REFRESHMENTS
2161 717 200 31 PROVIDED.

1913 795 142 42 GRAND
2096 790 198 46 BAZAAR!

1845 903 19 26 A
1889 901 128 29 GRiAND
2038 897 151 31 BAZAAR
2203 898 57 29 will
2271 897 35 30 be
2317 897 64 28 held

1830 936 16 20 x
1846 936 34 20 *•
1915 941 27 26 in
1952 941 46 27 the
2013 941 155 27 Athekjux
2181 936 86 34 HiLL,
2276 934 105 30 Millers

1830 978 68 33 Flat,
1911 989 33 17 on

1910 1027 210 31 DECEMBER
2156 1024 143 32 NEXT—

1927 1089 6 8 .
1948 1069 65 35 9th,
2038 1069 78 36 10th,
2134 1067 25 31 &
2181 1068 80 35 11th,

1828 1119 36 29 To
1881 1121 69 27 raise
1971 1122 91 26 Funds
2087 1121 43 27 for
2146 1130 16 18 a
2182 1128 59 20 new
2261 1118 122 28 Catholic

1931 1160 104 26 Church
2051 1160 28 26 in
2092 1159 62 28 that
2166 1158 119 27 District.

1830 1204 101 28 Bazaar
1940 1204 110 36 Opened
2061 1207 27 25 at
2098 1205 15 27 7
2123 1213 18 27 p
2150 1213 28 19 m
2189 1212 35 18 on
2232 1200 150 37 Thursday,

1994 1242 50 28 9th
2064 1242 151 27 December.

1865 1319 177 36 figl*Friends
2061 1330 46 16 are
2127 1318 131 37 cordially
2280 1317 103 29 inrited

1828 1360 28 25 to
1868 1358 65 27 send
1954 1357 104 27 GIFTS
2079 1359 28 26 to
2129 1356 66 28 Miss
2217 1356 116 27 Mullix
2354 1364 29 16 or

1831 1395 55 27 Mrs
1921 1393 80 33 Hakt,
2035 1393 155 37 Roxburgh,
2220 1403 29 17 or
2272 1397 29 23 to
2324 1392 57 26 Mrs

1831 1427 115 47 H.vNgf
1948 1427 3 47 ■
1966 1433 54 25 Mrs
2036 1432 107 28 Laffet,
2155 1430 104 28 Millers
2272 1430 68 26 Flat.

2061 1480 28 26 P.
2110 1479 167 31 OLEARY,

2245 1516 100 27 Hector.
