4167 5840
122 167 152 38 Forty-one
299 169 125 36 engines,
449 167 36 28 all
511 168 46 27 the
588 169 49 26 fire

87 207 130 40 brigades
230 209 27 28 in
271 209 46 28 the
341 209 168 36 metropolis,
522 208 56 29 and
592 208 45 28 the

84 248 111 38 salvage
226 249 156 37 companies
413 259 71 19 were
509 249 127 35 engaged

83 288 121 39 fighting
217 289 47 29 the
287 289 95 29 flames
406 289 45 29 for
471 294 46 24 ten
544 289 91 29 hours.

83 329 87 29 There
183 340 71 18 were
278 341 83 27 many
384 341 107 19 narrow
513 340 121 28 escapes,

82 369 38 28 bu
122 376 7 8 v
143 379 35 18 no
191 370 131 29 fatalities
334 381 47 18 are
394 370 138 39 reported.

117 409 73 33 Oyer
209 411 48 27 100
270 412 172 28 warehouses
465 412 52 27 and
541 411 92 29 offices

164 450 160 35 burnt,.and
344 452 47 28 the
404 451 117 33 damage
531 451 23 27 is
565 450 52 29 esti-

78 489 91 29 mated
193 494 28 24 at
241 495 53 24 two
309 492 126 28 millions.
475 492 58 28 The
548 490 66 30 Gold-

76 530 113 27 smiths'
203 530 141 39 Company
357 543 46 17 are
418 532 45 28 the
476 532 73 28 chief
574 531 42 27 hol-

75 569 66 30 ders
153 570 30 29 of
192 570 46 30 the
252 572 138 29 freeholds
401 572 112 30 affected
530 573 37 28 bv
583 572 45 28 the

75 610 59 29 fire.

115 653 137 37 Amongst,
264 654 47 28 the
326 654 128 38 premises
480 652 143 36 destroyed
636 652 1 41 j

73 701 71 19 were
155 694 47 28 the
212 695 167 28 warehouses
392 694 27 28 of
432 694 100 29 Messrs
543 694 49 28 Bin
599 694 38 31 of,:

73 731 98 29 Hams
185 734 53 28 and
254 733 47 29 Co.
315 734 53 28 and
384 734 28 27 of
430 736 26 25 L.
469 734 32 27 D.
517 734 104 27 Nathan
636 728 1 37 |

52 770 75 31 'and
144 772 47 30 Co.
207 773 41 38 (of
263 773 166 37 Auckland).

177 837 178 34 Melboukn?<:,
371 837 155 28 November
539 837 42 27 22.

109 887 152 38 Yesterday
274 887 126 28 Flinders
414 888 59 27 lane
495 897 52 16 wn
573 887 62 26 thai

69 938 81 19 scene
161 929 29 27 of
202 939 32 17 an
249 938 52 27 app
311 927 78 39 tiling
404 927 54 35 fire,
470 927 86 27 which
569 926 26 28 di
607 926 6 28 1
632 926 2 40 I

69 969 117 30 damage
200 973 27 22 to
241 968 45 27 the
301 972 94 23 extent
418 968 28 27 of
472 978 15 17 a
514 967 100 27 million
630 967 3 32 <;

68 1006 54 29 and
136 1007 96 28 a-half.

104 1046 58 30 The
186 1047 47 28 fire
253 1046 151 34 originated
426 1049 28 25 at
480 1057 32 17 an
540 1047 74 37 early

66 1087 70 28 hour
148 1087 26 27 in
190 1087 46 28 the
249 1087 73 33 huge
336 1086 129 38 premises
479 1086 28 29 of
522 1086 35 27 Cr
567 1087 46 37 iig,

64 1127 173 28 Williamson
251 1127 53 27 and
327 1126 4 35 i
342 1136 103 25 nomas,
471 1126 26 28 in
526 1127 73 28 Eliza-

67 1167 65 29 beth
146 1171 93 30 street,
253 1167 121 28 between
388 1166 125 29 Flinders
527 1174 84 22 street

64 1207 55 29 and
146 1207 123 28 Flinders
290 1207 69 33 lane,
374 1208 49 27 but
448 1208 46 27 the
521 1207 92 30 flames

63 1247 129 30 obtained
216 1247 66 29 such
305 1259 15 17 a
335 1247 72 35 hold,
419 1248 54 28 and
489 1248 45 29 the
548 1258 48 19 con-

64 1288 101 28 ditions
176 1298 69 18 were
256 1298 29 17 so
297 1287 146 35 peculiarly
455 1288 158 29 favourable

63 1332 29 25 to
112 1329 72 28 their
207 1328 108 38 spread,
340 1329 61 27 that
426 1329 47 28 the
497 1329 48 28 fire
559 1340 54 17 was

63 1373 49 25 not
125 1373 49 33 got
188 1369 86 28 under
296 1369 104 29 control
425 1369 68 29 until
520 1370 75 29 three-

65 1409 106 30 fourths
184 1410 30 27 of
224 1410 46 28 the
280 1410 141 37 buildings
433 1411 25 27 in
475 1411 45 28 the
532 1411 81 28 block

64 1449 129 30 bounded
207 1450 37 37 by
270 1450 144 29 Elizabeth
427 1454 95 32 street,
539 1451 58 28 Flin-

66 1491 63 29 ders
155 1494 93 31 street,
276 1496 143 24 >wanston
445 1495 86 25 street
562 1493 54 27 and

68 1531 125 28 Flinders
214 1532 68 28 lane,
296 1533 169 36 comprising
480 1533 45 27 the
539 1539 78 26 great

67 1571 170 28 warehouses
261 1571 53 27 and
336 1581 166 27 emporiums
527 1573 30 27 of
571 1573 45 27 the

64 1610 58 29 soft
148 1610 86 39 goods
255 1611 78 28 trade
358 1611 30 28 of
412 1611 131 36 Victoria,
564 1613 51 27 had

68 1652 68 28 been
151 1651 96 39 gutted
263 1651 54 29 and
338 1653 116 27 reduced
476 1658 28 22 to
517 1664 15 16 a
548 1665 70 17 mass

66 1691 31 28 of
108 1692 136 36 tottering
254 1693 85 27 ruins.
379 1693 121 29 Colossal
510 1693 106 36 though

68 1732 47 28 the
161 1732 116 29 disaster
327 1733 120 36 became,
493 1734 22 28 it
564 1745 54 18 was

68 1773 94 27 within
201 1783 34 17 an
274 1783 47 19 ace
365 1774 30 26 of
440 1785 73 17 more
552 1775 64 27 than

70 1813 135 39 doubling
233 1814 36 28 its
295 1814 170 39 magnitude,
497 1814 43 28 for
566 1815 50 28 had

68 1854 49 28 the
148 1854 82 35 wind,
257 1855 88 27 which
377 1856 122 37 chopped
533 1856 84 28 about

68 1895 71 27 from
176 1895 164 28 north-west
377 1900 28 23 to
459 1896 159 33 outh-west,

71 1934 97 29 veered
181 1934 89 29 round
296 1940 28 22 to
350 1934 46 28 the
422 1941 67 22 west
513 1936 65 37 only
604 1947 14 17 a

69 1974 110 28 miracle
192 1974 78 28 could
287 1976 67 26 have
366 1976 82 26 saved
475 1976 46 27 the
548 1987 70 17 mass

69 2014 30 29 cf
111 2014 74 37 forty
196 2014 170 29 warehouses
375 2014 53 28 and
438 2015 79 28 other
528 2016 74 28 build-

68 2057 64 37 ings
146 2056 152 38 extending
311 2056 69 28 from
397 2057 45 27 the
456 2056 80 29 no**th
560 2057 58 28 side

69 2096 29 29 of
112 2096 125 29 Flinders
251 2096 74 29 Lane
339 2101 27 24 to
393 2096 103 29 Collins
522 2101 94 25 street.

68 2138 40 27 As
120 2137 24 28 it
166 2147 64 24 was,
257 2137 46 28 the
327 2137 139 38 buildings
491 2137 127 35 fronting

67 2177 48 29 the
153 2178 80 28 north
273 2177 58 29 side
372 2178 63 28 bear
472 2178 27 28 in
548 2178 70 29 their

65 2218 162 34 blackened,
251 2218 201 31 fire-scorched,
475 2218 52 28 and
546 2220 50 26 win-

65 2256 182 30 dow-broken
259 2268 168 28 appearance
442 2258 89 38 ample
554 2258 43 29 evi

64 2297 87 31 dence
168 2299 30 28 of
223 2299 47 29 the
296 2310 169 18 narrowness
491 2300 28 28 of
545 2300 71 28 their

63 2348 106 24 escape.

130 2428 263 50 Parliamentary
432 2428 113 41 Notes.

236 2520 207 37 [Exchanges.]

98 2568 59 30 The
169 2569 127 28 Minister
308 2569 30 29 of
348 2569 92 29 Lands
448 2569 23 28 is
480 2569 113 28 re-intro-

60 2609 105 40 ducing
190 2610 42 29 his
263 2609 123 30 Orchard
416 2609 54 30 and
497 2609 109 30 Garden

59 2651 82 28 Pests
155 2650 61 28 Bill.

98 2690 46 30 Mr
155 2691 87 37 Joyce
254 2693 23 28 is
290 2691 100 35 asking
412 2691 60 28 that
494 2691 99 28 station-

59 2735 116 24 masters
185 2732 53 28 and
252 2731 89 30 clerks
353 2732 61 27 who
424 2742 44 17 are
482 2732 122 37 required

58 2778 31 21 to
102 2771 74 29 work
190 2782 35 18 on
240 2772 126 37 Sundays
375 2783 34 17 on
422 2772 45 28 the
481 2772 123 37 railways

59 2811 99 30 should
171 2812 36 29 be
222 2813 201 38 recompensed.

97 2853 304 37 Uavinglabouriously
410 2854 70 27 done
490 2853 117 38 nothing

58 2893 43 28 for
114 2896 53 23 two
181 2893 120 31 months,
313 2903 16 17 a
343 2893 62 27 four
417 2893 76 36 days'
508 2893 53 35 trip
575 2893 27 27 in

56 2931 97 30 Picton
170 2931 94 30 Sound
278 2933 48 28 has
338 2933 67 28 been
417 2932 134 38 arranged
567 2933 35 37 by

59 2972 77 36 jaded
150 2971 154 39 legislators
324 2973 27 28 in
372 2973 47 28 the
440 2973 162 29 Tutanekai.

58 3012 104 38 Really,
174 3024 17 16 a
204 3013 163 37 legislator's
393 3013 47 29 life
465 3013 23 29 is
513 3018 49 23 not
588 3024 17 17 a

55 3055 93 36 happy
161 3064 60 19 one.

92 3094 58 29 The
164 3094 159 41 Opposition
338 3101 81 34 spent
428 3095 175 39 thirty-three

54 3137 83 28 hours
150 3135 27 28 in
188 3138 191 38 stonewalling
388 3139 52 27 and
452 3137 151 38 criticising

54 3177 48 27 the
114 3180 112 25 amount
238 3177 30 28 of
280 3178 46 28 the
348 3188 134 27 expenses
507 3177 30 28 of
553 3177 47 28 the

52 3214 122 30 Premier
194 3219 29 26 to
251 3217 106 29 Hobart
381 3217 54 28 and
463 3216 139 37 England,

52 3255 69 28 total
133 3255 113 34 2,268.
285 3259 40 26 A*
346 3258 167 27 Parliament
527 3264 73 20 costs

54 3296 56 29 3O
141 3305 35 18 an
205 3296 70 29 hour
299 3297 78 28 when
403 3298 22 27 it
450 3298 49 27 sits
525 3296 77 28 these

53 3340 97 26 tactics
162 3335 30 29 of
206 3337 46 29 the
266 3337 161 38 Opposition
456 3342 59 25 cost
535 3346 68 28 poor

54 3381 68 26 New
134 3377 120 30 Zealand
273 3379 85 28 990.
398 3379 29 29 Is
440 3379 47 28 the
500 3377 88 29 Parlia-

55 3421 124 34 mentary
192 3429 80 26 game
285 3419 85 28 worth
385 3420 47 28 the
444 3419 97 29 candle
552 3417 12 30 ?

92 3458 43 29 On
150 3459 120 36 Monday
279 3459 64 31 (last
356 3460 86 34 week)
456 3461 47 27 the
516 3459 68 36 depu-

52 3499 87 29 tation
154 3499 191 39 representing
370 3500 99 29 Clutha
484 3499 100 38 ex-pub-

54 3541 85 28 licans
158 3541 54 29 had
237 3551 33 19 an
296 3541 140 29 interview
461 3542 66 27 with
554 3540 46 28 tin.

54 3581 129 28 Premier.
223 3582 101 28 Messrs
339 3582 107 33 Dunne,
460 3581 140 36 M'Oorley

54 3620 54 29 and
122 3621 146 29 M'Kenzie
280 3621 35 29 all
329 3622 120 28 referred
461 3626 28 23 to
499 3622 47 28 the
559 3621 27 27 in-

49 3661 102 40 justice
164 3661 70 30 done
247 3661 119 40 through
389 3662 115 39 tacking
522 3673 35 18 on
572 3666 28 23 to

53 3701 55 29 this
121 3702 144 30 electorate
280 3702 125 30 Pukerau
414 3704 53 28 and
479 3704 33 28 its
523 3702 76 30 smnll

53 3742 119 28 licensed
183 3743 92 34 house,
284 3744 115 38 thereby
412 3744 164 38 preventing
585 3755 15 15 a

53 3782 86 30 direct
152 3783 72 30 issue
237 3784 84 37 being
331 3789 49 35 put
391 3789 28 24 to
430 3784 45 30 the
486 3784 115 30 electors

54 3834 35 18 on
120 3823 47 30 the
198 3825 134 39 licensing
364 3826 134 38 question.
545 3826 57 28 The

51 3863 133 38 Premier,
196 3865 27 29 in
237 3866 87 38 reply,
338 3866 47 30 did
406 3870 48 25 not
473 3866 65 29 hold
552 3870 48 26 out

52 3915 54 26 any
118 3905 71 38 hope
202 3907 29 28 of
242 3907 153 37 legislation
417 3908 86 31 being
515 3908 71 27 intro-

52 3944 89 30 duced
164 3946 27 28 in
218 3947 47 29 the
290 3947 133 29 direction
449 3947 85 29 asked
560 3948 43 28 for

52 3986 54 29 this
119 3987 111 29 session.

89 4026 57 29 The
170 4027 61 29 Gun
258 4028 115 30 License
397 4029 64 35 Bill,
474 4029 90 29 which
578 4031 22 28 is

54 4067 47 29 the
122 4071 124 26 outcome
259 4068 29 29 of
300 4069 46 28 the
367 4069 234 30 Acclimatisation

54 4107 177 36 Conference,
245 4109 23 27 is
281 4113 28 25 to
318 4110 35 28 be
362 4110 120 34 brought
496 4115 36 33 tfp
546 4111 55 28 this

52 4148 113 36 session,
174 4148 49 29 but
233 4149 54 28 will
298 4153 48 25 not
356 4150 84 37 likely
450 4150 35 29 be
494 4151 106 37 passed.

51 4188 28 28 It
92 4188 128 38 provides
233 4189 43 28 for
287 4200 17 17 a
317 4200 57 28 gun
395 4190 100 29 license
520 4191 30 28 of
571 4191 29 28 2s

51 4228 73 28 after
136 4228 125 37 January
275 4231 42 26 Ist
329 4234 75 30 next,
425 4231 44 28 for
491 4231 48 29 the
552 4242 32 23 ap-

52 4269 157 39 pointment
221 4269 29 28 of
262 4279 114 29 rangers
397 4271 54 28 and
466 4271 44 28 for
522 4271 58 29 mak-

52 4311 51 35 ing
111 4310 176 36 regulations.
329 4310 115 28 Persons
452 4311 87 28 under
547 4312 41 27 six-

51 4354 64 25 teen
127 4360 80 28 years
219 4361 46 18 are
278 4350 155 34 prohibited
444 4351 70 29 from
523 4351 63 30 hold-

52 4391 50 37 ing
110 4390 125 29 licenses.
278 4390 133 29 Penalties
419 4401 46 18 are
470 4392 130 37 provided

51 4432 45 28 for
108 4430 129 40 carrying
249 4442 17 18 a
273 4442 57 28 gun
341 4431 115 29 without
466 4443 16 17 a
491 4431 110 32 license,

52 4472 47 28 the
110 4472 173 37 exemptions
296 4471 86 37 being
395 4472 78 27 those
486 4472 99 36 belong-

51 4513 50 36 ing
113 4515 29 25 to
162 4512 48 29 the
233 4511 167 35 volunteers,
425 4512 48 28 the
494 4516 92 25 consta-

51 4551 107 37 bulary,
172 4551 54 30 and
245 4551 60 30 rifle
326 4551 88 36 clubs,
440 4563 73 27 guns
534 4553 67 29 used

50 4593 45 28 for
107 4591 100 37 killing
218 4592 106 28 rabbits
332 4591 54 29 and
397 4592 80 29 other
485 4593 115 35 vermin,

50 4632 168 40 gunsmiths,
238 4642 114 29 persons
374 4633 129 38 carrying
529 4644 71 27 guns

49 4684 31 19 as
92 4673 131 38 ordinary
245 4673 123 34 carriers,
381 4673 55 29 and
449 4684 54 26 any
515 4684 64 18 mem-

50 4715 49 28 ber
111 4713 31 30 of
153 4714 48 27 the
214 4713 101 29 Native
340 4724 62 17 race
426 4714 96 27 within
547 4724 54 27 any

49 4764 63 19 area
128 4753 136 30 excluded
278 4753 71 28 from
372 4753 48 28 the
444 4753 155 39 operations

50 4794 29 29 of
91 4795 48 28 the
154 4794 63 29 Act.
256 4793 226 37 Afterpayment
506 4793 30 29 of
554 4794 46 29 the

50 4844 134 28 expenses
208 4834 30 30 of
250 4833 213 39 admini-tering
475 4835 47 28 the
536 4834 63 35 Act,

50 4875 48 28 the
110 4874 113 29 balance
237 4874 70 28 from
327 4873 103 29 license
451 4875 59 28 fees
534 4885 67 26 goes

49 4917 28 27 to
99 4914 47 30 the
165 4914 70 30 local
247 4913 226 31 acclimatisation
486 4914 112 38 society.

46 4955 58 29 The
118 4954 143 30 Governor
273 4965 73 27 may,
360 4966 36 17 on
415 4956 114 37 petition
555 4965 30 18 ex-

47 4996 81 29 clude
153 5006 54 25 any
230 4995 108 29 district
359 4995 73 29 from
445 4996 47 28 the
506 5006 80 27 opera-

49 5039 71 24 tions
134 5035 30 28 of
176 5036 47 27 the
237 5037 64 26 Act.

137 5112 380 29 HERIOT-ROXBURGH

227 5162 197 31 RAILWAY.

83 5216 44 28 On
136 5215 153 34 Thursday,
303 5216 26 26 11
337 5214 30 31 fch
377 5216 75 33 inst.,
461 5227 16 16 a

47 5256 67 33 h'on,
129 5254 153 38 consisting
296 5254 29 28 of
337 5254 47 28 the
398 5254 86 29 Hons.
497 5256 102 28 Messrs

47 5296 134 35 Lrtrnach,
191 5294 180 36 Richardson,
382 5296 53 28 and
449 5294 150 37 Feld-virk,

44 5336 55 29 and
116 5336 102 28 Messrs
228 5335 28 29 J.
268 5334 43 29 W.
329 5335 168 36 Thompson,
511 5336 27 28 J.
553 5336 45 30 W.

46 5376 93 38 Kelly,
153 5375 53 29 and
221 5374 143 30 Giffedder
377 5375 53 29 had
453 5386 32 18 an
512 5376 71 30 inter-

45 5418 69 28 view
127 5416 68 29 with
207 5416 48 28 the
276 5415 73 29 Hon.
364 5414 46 31 Mr
424 5414 174 38 Hall-Jones,

45 5458 129 28 Minister
186 5456 30 28 of
230 5456 98 28 Public
351 5456 112 33 Works,
486 5458 97 36 regard-

43 5500 51 36 ing
107 5498 48 28 the
167 5496 144 29 extension
324 5496 31 29 of
374 5496 46 29 the
444 5496 56 30 line
526 5498 72 28 from

44 5539 100 30 Heriot
157 5542 29 25 to
200 5537 63 29 Dun
268 5537 89 30 robin.

80 5580 48 28 Mr
140 5579 136 34 Larnach,
288 5578 121 35 through
424 5579 92 28 whose
529 5578 56 29 elec-

43 5623 90 26 torate
146 5619 48 28 the
207 5619 144 28 extension
371 5618 91 29 wonld
485 5628 45 28 go,
545 5628 54 19 was

42 5661 49 30 the
104 5658 73 31 chief
192 5658 175 40 spokesman.
408 5657 45 30 He
466 5658 59 29 said
540 5658 59 29 that

42 5702 55 29 frhis
120 5712 56 18 was
202 5712 16 17 a
238 5700 55 29 line
306 5700 62 28 that
381 5698 54 30 had
450 5700 68 28 been
533 5700 66 38 long

41 5740 225 34 promisedthe
290 5741 134 39 promises
451 5740 99 40 dating
568 5750 30 19 as

653 161 4 34 I
666 162 45 29 fir
730 163 71 29 back
825 175 30 16 as
877 164 48 27 the
952 161 152 30 Provincial
1129 161 88 28 times.

666 203 59 30 The
738 203 54 30 line
807 203 88 30 would
910 204 33 28 be
955 202 30 29 of
1000 205 80 36 great
1098 210 56 23 use,
1167 203 50 25 not

666 244 65 38 only
745 248 28 25 to
792 245 47 28 the
864 243 97 39 people
983 243 27 27 in
1037 242 47 28 the
1107 240 109 30 district

665 284 121 39 through
800 284 89 29 which
903 284 21 29 it
937 282 88 29 would
1039 292 73 28 pass,
1123 281 51 28 bub
1187 283 28 25 to

663 325 49 29 the
735 325 97 39 people
857 323 118 40 beyond.
1017 323 27 28 It
1073 332 55 18 was
1155 320 59 30 well

663 365 101 30 known
778 367 60 27 that
851 369 78 28 great
942 362 148 41 quantities
1103 362 30 28 of
1145 361 68 29 fruit

663 416 70 19 were
746 416 95 28 grown
854 405 29 28 in
909 405 46 27 the
980 402 153 37 Roxburgh
1156 401 42 29 dis-

661 446 73 28 trict.
774 447 37 26 At
825 448 111 34 present
961 443 20 28 it
995 443 66 27 tok
1075 442 46 27 the
1137 442 54 26 Rox-

662 486 91 27 burgh
775 486 187 34 fruitgrowers
985 483 76 27 three
1087 480 67 35 days
1180 484 28 24 to

661 527 78 26 nrnke
752 536 15 17 a
781 525 54 37 trip
849 529 28 22 to
892 523 144 28 Lawrence
1049 521 56 27 and
1120 519 87 35 back;

659 565 49 28 but
721 565 64 29 thev
800 563 87 30 would
903 562 78 28 make
997 562 45 28 the
1054 560 87 29 round
1153 560 54 38 trip

659 613 25 18 to
715 606 138 28 Ihinrobin
877 604 28 26 in
918 614 52 17 one
984 603 61 36 day.
1087 601 35 29 So
1138 602 66 28 level

656 656 53 17 was
724 649 45 25 the
784 649 115 31 country
913 643 60 28 that
988 643 32 27 he
1029 642 119 34 thought
1161 642 45 27 the

723 686 88 32 might
823 687 31 26 be
868 683 76 28 made
953 689 27 22 at
990 694 14 17 a
1015 689 58 22 cost
1084 683 28 27 of
1121 683 84 27 about

655 726 100 29 2,000
773 735 46 18 oer
833 724 79 33 mile;
927 724 52 26 and
995 724 33 27 he
1042 722 86 35 urged
1144 723 60 27 that

653 765 45 28 the
718 765 122 28 Minister
851 763 97 30 should
966 771 47 29 put
1032 762 121 35 IO,OOO
1174 772 32 19 or

652 805 119 31 12,000
799 816 33 16 on
857 804 46 28 the
933 803 144 28 Estimates
1100 802 43 28 for
1157 803 47 28 the

652 855 114 18 raiiwiv*.

690 885 41 27 Mr
741 885 157 37 Thompson
913 883 58 28 sail
986 883 108 28 choline
1109 883 89 28 wmld

649 935 33 26 go
700 924 3 39 '
712 925 107 37 hrough
832 936 15 17 a
858 924 174 39 particularly
1042 934 18 28 g
1072 924 42 28 >od
1124 924 58 36 agri-

647 965 115 28 cidfird
786 966 115 34 district,
917 966 52 27 and
987 967 31 25 he
1032 965 123 28 believed
1177 965 21 27 it

647 1005 86 28 would
748 1005 71 28 from
834 1005 45 29 the
898 1008 233 27 commenceimnt
1147 1014 52 28 pay

645 1044 114 29 interest,
773 1057 33 16 on
823 1045 45 30 the
881 1046 103 36 outlay.

684 1085 42 28 Mr
743 1086 167 29 liicuardson
924 1096 71 27 give
1020 1096 34 17 an
1082 1091 116 23 account

643 1125 29 28 of
686 1126 45 27 the
748 1126 62 27 Moa
837 1126 59 29 Flat
909 1132 102 28 estate,,
1024 1126 85 27 which
1134 1126 22 27 is
1171 1127 26 27 in

644 1166 45 28 the
703 1165 155 30 immediate
877 1166 235 39 neighbourhood.
1155 1165 42 30 He

643 1207 118 34 thought
777 1207 43 28 Mr
847 1207 147 30 Lamach's
1020 1207 128 28 estimate
1168 1207 29 29 of

642 1247 85 29 about
741 1247 104 33 2,000
868 1258 48 28 per
937 1248 61 29 mile
1022 1248 92 28 rather
1136 1248 60 29 low.

644 1288 48 27 but
717 1288 33 27 he
764 1298 55 18 was
832 1298 64 18 sure
910 1289 46 28 the
972 1294 74 23 work
1063 1288 87 29 would
1166 1289 33 27 be

643 1327 71 29 done
731 1328 42 28 for
785 1329 106 33 3,000
903 1341 7 23 ;
931 1329 54 28 and
1001 1329 59 28 that
1075 1339 54 18 was
1152 1333 47 24 not

644 1368 80 29 much
740 1379 47 28 per
802 1370 63 29 mile
879 1371 43 28 for
933 1381 14 18 a
959 1371 118 33 railway.

681 1410 58 28 The
765 1410 126 29 Minister
913 1411 58 28 said
995 1411 60 27 that
1080 1421 16 17 a
1122 1414 78 34 great

646 1460 80 26 many
739 1450 105 29 similar
864 1451 182 38 applications
1061 1451 54 28 had
1131 1452 66 27 been

647 1491 77 28 made
739 1498 27 21 to
781 1491 65 35 him,
856 1492 54 28 and
923 1493 60 27 that
997 1492 34 28 he
1046 1503 54 17 was
1113 1491 86 29 afraid

646 1531 33 27 ho
709 1531 88 38 might
825 1539 47 20 not
899 1533 34 27 be
952 1533 62 27 able
1037 1537 28 22 to
1087 1538 47 30 get
1147 1543 53 24 any

647 1581 96 18 raonev
767 1575 50 34 put
840 1583 34 17 on
903 1573 45 27 the
976 1572 146 28 Estimates
1147 1571 53 28 this

646 1621 64 28 year
723 1611 44 28 for
781 1611 47 29 the
843 1612 84 28 work.

690 1653 39 27 Mr
743 1651 122 30 Larnach
882 1653 65 28 then
971 1652 57 28 said
1050 1653 34 27 he
1112 1651 87 28 would

647 1698 48 22 not
722 1693 32 27 be
780 1692 120 28 satisfied
929 1693 90 27 unless
1043 1692 157 35 something

649 1743 73 18 more
736 1732 129 39 practical
881 1743 53 17 was
947 1733 69 28 done
1028 1739 27 21 at
1065 1732 55 29 this
1135 1732 65 28 time

647 1774 30 26 of
689 1773 63 36 day,
767 1773 53 27 and
837 1774 57 26 that
910 1774 22 26 if
953 1774 46 26 the
1014 1773 185 27 Government

649 1813 53 29 had
717 1818 48 24 not
779 1814 46 28 the
852 1824 96 27 money
976 1814 63 36 they
1063 1813 87 38 ought
1172 1818 27 22 to

649 1854 106 27 borrow
771 1854 22 27 it
809 1859 25 23 to
849 1865 75 25 carry
940 1865 32 17 on
987 1865 16 16 a
1017 1854 74 28 work
1106 1864 29 17 so
1149 1854 34 27 im-

649 1901 111 30 portant
774 1899 28 23 to
813 1895 46 27 the
873 1895 42 27 old
929 1895 117 28 settlers.
1089 1894 41 27 Fie
1143 1894 56 27 also

649 1934 85 37 urged
750 1945 16 17 a
781 1945 73 17 more
868 1934 101 38 speedy
983 1934 173 37 prosecution
1171 1934 28 27 of

648 1974 46 28 the
710 1977 49 25 Ota
763 1986 36 26 go
814 1974 119 28 Central.

684 2013 57 29 The
763 2014 120 29 Minister
893 2014 57 29 said
962 2014 33 28 he
1004 2013 87 29 would
1103 2023 93 18 assure

647 2055 46 28 the
704 2056 155 36 gentlemen
872 2063 109 30 present
993 2056 58 27 that
1064 2056 32 26 he
1110 2054 86 28 would

648 2106 50 28 pay
715 2107 16 17 a
745 2097 63 27 visit
824 2101 27 23 to
866 2097 47 29 the
939 2096 175 30 Heriot-Lmn
1118 2094 76 30 robin

646 2137 107 28 district
793 2138 95 27 within
934 2138 44 28 the
1022 2143 66 21 next
1120 2136 76 28 three

647 2178 117 28 months.
809 2178 28 28 In
854 2178 53 29 this
921 2188 59 27 way
1006 2177 33 29 he
1060 2176 87 30 would
1162 2176 33 29 be

646 2218 43 28 abl
720 2223 28 23 to
762 2218 70 28 form
846 2229 17 17 a
877 2219 88 27 better
987 2217 109 38 opinion
1117 2227 30 17 as
1168 2221 27 23 to

646 2258 46 28 the
707 2258 91 28 merits
823 2258 29 29 of
865 2258 47 29 the
934 2256 134 40 proposed
1094 2256 101 29 line.

675 2303 119 24 Uouner.

653 3653 47 42 An
727 3654 194 42 Innovation
943 3654 28 41 in
996 3654 164 54 Banking.

666 3742 58 28 The
749 3742 143 32 following
913 3753 114 19 apoears
1047 3744 27 26 in

630 3782 132 37 Morning
929 3783 93 37 Perth,
1033 3783 93 38 W.A.,
1140 3784 42 30 for

630 3824 65 28 29th
715 3824 71 35 May,
804 3825 87 27 1*97:

667 3865 18 15 '*
699 3865 23 27 A
737 3874 65 28 very
816 3864 120 30 sensible
960 3864 160 30 innovation
1133 3866 48 29 has

632 3906 68 28 been
714 3905 81 28 made
820 3906 37 35 by
883 3906 47 28 the
955 3906 110 33 leading
1065 3905 2 36 1
1092 3908 89 27 banks

632 3944 85 39 doing
726 3944 126 30 business
865 3945 28 29 in
914 3945 94 31 Perth.
1048 3945 99 31 Notice
1159 3947 22 29 is

631 3986 81 37 given
728 3986 60 28 that
800 3997 35 17 on
850 3987 53 28 and
918 3987 72 29 after
1010 3987 67 37 July
1100 3988 45 28 Ist
1167 3998 15 18 a

631 4027 100 36 charge
744 4026 29 28 of
792 4026 44 37 10s
850 4027 36 28 6d
900 4028 52 28 will
975 4028 34 28 be
1034 4028 80 28 made
1140 4028 42 28 for

630 4066 120 38 opening
781 4071 111 25 current
922 4071 138 33 accounts,
1087 4068 53 28 and
1166 4079 15 18 a

629 4106 108 30 further
760 4108 103 34 charge
885 4108 29 28 of
942 4108 48 29 10s
1017 4108 36 28 61
1079 4108 52 28 will
1148 4108 33 29 be

630 4147 78 29 made
722 4148 66 28 each
801 4147 138 38 half-year
951 4149 44 27 for
1017 4149 165 36 continuing

629 4191 29 25 to
682 4187 73 37 keep
781 4188 66 28 such
875 4193 138 24 accouuts.
1066 4188 115 29 Present

629 4233 151 23 customers
806 4228 52 28 and
884 4229 79 28 those
988 4229 122 38 opening
1135 4239 30 18 ac-

628 4270 99 26 counts
741 4267 94 29 before
849 4268 66 38 July
941 4270 49 33 Ist,
1023 4269 76 33 1897,
1127 4269 53 28 will

630 4308 56 27 also
701 4308 33 27 be
748 4308 106 36 subject
868 4313 28 24 to
905 4320 14 16 a
929 4310 167 27 conditional
1110 4310 56 27 half-

630 4347 92 37 yearly
747 4348 102 37 charge
873 4348 30 29 of
928 4349 203 37 half-a-guinea
1151 4361 29 17 a<

629 4388 70 28 from
715 4386 121 31 October
854 4390 39 27 Ist
905 4393 68 25 next
985 4390 28 28 in
1027 4395 83 23 terms
1124 4391 29 27 of
1165 4401 16 17 a

630 4428 168 30 notification
812 4430 88 28 which
911 4430 53 28 will
980 4430 34 29 be
1027 4431 153 28 forwarded

631 4474 27 22 to
670 4470 66 26 each
749 4474 137 24 customer
897 4470 25 28 in
933 4471 53 27 due
997 4481 104 18 course.
1122 4472 57 27 The

629 4508 91 37 object
745 4509 29 28 of
799 4510 76 28 these
907 4511 169 33 regulations
1102 4511 22 28 is
1150 4514 29 25 to

630 4549 126 36 mitigate
769 4553 28 25 to
810 4560 75 19 some
910 4555 95 25 extent
1030 4551 49 29 the
1103 4551 76 34 large

628 4593 113 25 amount
753 4590 30 28 of
795 4590 96 28 labour
912 4591 128 28 involved
1054 4591 26 28 in
1095 4591 68 37 keep-

628 4630 50 38 ing
709 4633 80 34 petty
819 4635 140 31 accounts,
988 4631 54 29 and
1068 4631 57 30 also
1152 4637 27 22 to

629 4680 93 19 secure
736 4681 74 18 some
824 4672 81 36 profit
927 4682 33 17 on
983 4682 16 17 a
1021 4672 103 29 branch
1150 4673 30 28 of

630 4710 124 36 banking
766 4711 126 28 business
906 4712 87 27 whicli
1014 4717 28 22 at
1067 4717 112 33 present

628 4750 23 28 is
682 4750 101 38 wholly
814 4751 248 29 unremunerative.
1102 4752 27 27 Ife
1156 4753 22 27 is

630 4790 165 29 understood
809 4791 61 28 that
883 4792 46 28 the
943 4792 115 32 charges
1077 4792 54 29 will
1145 4793 35 28 be

629 4830 79 29 made
720 4841 29 18 in
762 4831 64 37 only
840 4832 77 29 those
931 4842 75 19 cases
1029 4832 90 29 where
1133 4833 45 28 the

628 4871 89 28 credit
729 4871 113 28 balance
854 4871 32 28 of
898 4872 46 27 the
967 4877 138 24 customer
1117 4873 61 28 falls

629 4911 86 28 below
729 4912 66 28 SO.
837 4911 28 30 It
886 4912 22 28 is
931 4912 59 29 well
1004 4912 99 29 known
1119 4914 59 28 that

628 4953 47 27 the
688 4950 112 30 officials
813 4952 29 28 of
855 4953 47 27 the
925 4953 89 27 banks
1039 4952 29 29 in
1098 4954 80 28 Perth

629 4992 70 27 have
714 4993 67 27 been
796 4992 126 36 working
934 4992 164 36 intolerably
1113 4994 67 36 long

630 5032 92 28 hours.
760 5031 58 28 The
842 5032 82 28 doors
949 5032 72 29 close
1033 5037 29 24 at
1073 5034 16 28 3
1103 5043 56 27 p.m
1173 5056 6 12 ,

632 5072 50 28 but
705 5071 86 39 lights
815 5072 28 29 in
870 5072 47 29 the
941 5072 91 29 offices
1046 5084 45 17 are
1104 5078 28 23 to
1147 5075 34 28 be

631 5120 63 19 seen
707 5112 40 28 far
759 5112 57 27 into
828 5112 47 29 the
882 5112 91 36 night.
1004 5113 176 36 Journalists,

632 5152 127 38 printers,
788 5152 161 38 policemen,
974 5153 53 28 and
1054 5153 127 35 burglars

632 5193 163 35 necessarily
809 5193 75 27 work
898 5198 28 23 at
945 5194 80 32 night
1040 5193 75 36 time,
1131 5195 50 28 but

632 5237 45 23 too
689 5233 75 27 often
775 5233 27 27 in
818 5233 78 27 Perth
909 5233 46 28 the
966 5233 129 36 unhappv
1107 5235 74 27 bank

630 5272 76 29 clerk
729 5282 62 28 may
816 5272 35 29 be
877 5272 87 30 found
989 5277 29 25 at
1044 5273 137 40 midnight

631 5313 133 37 painfully
790 5313 99 35 toiling
913 5324 65 17 over
1002 5314 124 29 columns
1152 5315 30 28 of

630 5353 102 37 figures
764 5352 60 28 that
856 5352 90 36 might
977 5353 60 28 well
1062 5354 81 36 appal
1166 5365 16 16 a

628 5392 144 39 lightning
791 5392 155 30 calculator.
987 5393 123 39 Carping
1129 5394 39 29 cri-

628 5434 105 29 ticisms
760 5435 69 28 have
856 5435 68 27 been
956 5434 122 29 directed
1111 5435 69 28 frorn

628 5474 66 29 time
706 5479 29 24 to
749 5475 67 27 time
828 5477 29 25 at
870 5475 47 27 the
931 5474 137 29 merciless
1093 5475 89 38 policy

628 5514 30 29 of
683 5514 77 40 large
779 5514 127 29 financial
922 5514 170 29 institutions
1105 5525 62 19 over-

629 5555 126 37 working
765 5555 72 28 their
849 5554 166 38 employees,
1028 5555 55 29 and
1096 5556 22 28 it
1128 5567 54 17 was

629 5595 122 37 recently
764 5595 137 37 proposed
912 5595 61 28 that
981 5595 92 28 clerks
1084 5595 98 30 should

628 5635 35 28 be
674 5634 124 29 afforded
812 5635 47 28 the
878 5645 74 18 same
969 5635 74 39 legal
1069 5639 94 35 protec-

628 5675 57 30 tion
697 5675 112 40 against
821 5686 66 19 over
907 5675 76 30 work
1009 5686 30 19 as
1053 5676 47 29 the
1113 5676 69 39 shop

124 66 168 52 Friday,
325 68 234 40 November
572 66 69 43 23,
678 66 106 42 1397

1823 58 198 45 MOUNT
2106 38 229 65 IEHGEi
2421 58 142 45 MAIL

733 5751 126 26 (Continued
873 5757 26 15 on
913 5751 79 21 Fourth
1010 5751 51 26 Page
1063 5752 13 24 J

644 2385 76 28 THE
740 2385 86 29 TWO

754 2425 175 30 GENUINE
950 2423 195 32 ARTICLES.

699 2465 46 30 CL
752 2466 47 27 KM
805 2465 49 29 EN
866 2465 35 29 IS
921 2465 115 29 TONIC

753 2507 231 29 FLETCHiv.'S
1006 2506 119 37 PILLS,

641 2548 137 27 IMITAT
806 2548 42 27 D!

750 2586 75 31 BU.'
848 2587 253 30 UNRIVALLED

789 2627 365 37 ANDU.xEQUALLKD.

675 2667 202 31 CLEMENTS
892 2668 115 30 TONIC
1023 2669 23 28 is
1066 2680 16 17 a
1103 2669 72 29 scien-

637 2709 55 28 tific
705 2709 129 28 chemical
852 2709 73 34 food,
945 2710 52 27 and
1014 2714 118 24 restores
1144 2710 45 28 the

636 2749 84 28 tissue
742 2750 103 28 wasted
875 2750 34 36 by
936 2751 46 27 the
1008 2751 140 27 vocations
1162 2751 27 27 of

635 2800 81 27 every
730 2790 52 37 day
797 2790 56 35 life,
873 2790 23 28 is
909 2802 15 16 a
938 2796 111 32 prompt
1063 2791 52 27 and
1131 2792 58 26 safe

636 2830 109 38 remedy
760 2831 42 30 for
823 2831 149 36 neuralgia,
997 2842 191 25 nervousness,

635 2872 150 33 weakness,
799 2872 124 35 debility,
938 2872 69 27 liver
1030 2872 158 36 complaint,

634 2910 111 35 dropsv,
760 2911 53 27 and
828 2911 111 28 chronic
952 2911 178 38 indigestion.

672 2950 231 30 FLETCHERS
913 2951 176 29 PlLLScure
1097 2952 75 28 heart-

634 2992 80 34 burn,
729 2992 147 34 backache,
893 2992 145 32 headache,
1050 2992 68 28 liver
1131 2998 42 23 tor-

633 3032 98 38 pidity,
745 3032 214 38 dyspepsia.and
973 3032 34 28 all
1023 3032 164 37 complaints

632 3072 30 30 of
675 3072 46 28 the
732 3073 122 28 stomach
869 3073 53 28 and
939 3072 110 30 bowels.

668 3112 89 30 These
783 3119 52 23 two
861 3113 133 30 remedies
1020 3114 69 30 have
1114 3114 69 30 been

632 3154 167 37 thoroughly
824 3155 89 27 tested
950 3154 27 28 in
1004 3154 35 28 all
1065 3156 47 27 the
1137 3156 49 29 hot

630 3194 138 28 countries
782 3195 29 27 of
837 3195 47 27 the
910 3194 94 28 world.
1044 3195 77 37 They
1140 3206 45 17 are

631 3234 60 28 sold
704 3239 28 22 at
745 3244 15 18 a
774 3235 74 36 price
861 3235 95 27 within
984 3236 46 26 the
1056 3236 80 28 reach
1157 3236 29 28 of

632 3274 34 27 all
680 3274 96 37 people
827 3274 136 29 Evidence
986 3275 22 27 is
1030 3275 154 28 forwarded

632 3315 57 29 free
701 3324 35 18 on
752 3314 102 38 receipt
867 3314 29 29 of
910 3325 79 19 name
1004 3316 53 28 and
1072 3315 114 29 address

632 3356 60 28 that
706 3354 53 28 will
774 3355 96 36 satisfy
887 3356 45 28 the
959 3360 71 24 most
1057 3356 127 38 sceptical

630 3407 30 17 as
674 3400 28 24 to
717 3395 71 29 their
800 3396 113 28 virtues.
962 3401 5 22 I
978 3397 52 37 hey
1056 3407 45 18 are
1127 3396 58 29 sold

630 3437 184 37 everywhere,
828 3437 51 27 but.
892 3446 61 19 care
969 3443 72 22 must
1055 3438 33 27 be
1102 3438 83 27 taken

630 3477 61 28 that
706 3477 46 28 the
766 3477 120 37 genuine
901 3487 46 18 are
961 3477 129 28 obtained
1101 3487 32 18 or
1141 3478 45 27 the

631 3528 98 26 money
743 3517 54 28 and
812 3518 65 27 time
891 3528 45 18 are
956 3518 100 29 wasted
1072 3518 54 28 and
1141 3518 46 28 the

630 3558 105 28 disease
748 3569 31 17 so
795 3558 80 28 much
889 3559 45 27 the
949 3569 74 17 more
1037 3559 111 27 serious.

1632 155 150 57 gEDS.

1366 282 49 28 will
1430 282 29 28 be
1472 282 99 35 pleased
1592 287 25 23 to
1631 282 93 28 submit
1737 292 49 17 sam-

1267 312 39 24 **
1364 320 52 37 pies
1430 320 49 28 aud
1492 322 58 35 give
1563 322 146 36 quotations
1729 320 26 27 of
1772 320 30 28 all

1227 351 1 41 I
1247 357 172 31 Agricultural
1439 358 77 27 Seeds
1531 367 37 18 we
1580 358 80 34 stock,
1682 358 29 26 of
1722 358 79 26 which

1227 394 1 41 j
1246 394 40 27 the
1300 395 97 35 quality
1411 396 21 26 is
1446 395 41 26 the
1500 395 81 27 finest.

1276 479 172 43 Standard
1521 482 88 40 Bone
1646 482 148 41 Manure,

1272 550 62 25 This
1350 550 138 28 cele.biMtwd
1504 551 105 27 Manure
1625 551 42 26 ha*
1679 560 33 17 no
1724 551 72 37 equal

1238 588 35 25 for
1286 587 109 37 quality.
1435 589 21 26 It
1478 590 18 25 is
1521 588 48 27 rich
1593 590 25 25 in
1642 588 155 36 Phosphates

1237 625 47 25 And
1303 626 195 32 AiainoniH,HQd
1511 628 19 24 is
1540 626 138 33 admirably
1689 627 105 33 adapted

1237 662 33 25 for
1286 670 54 19 root
1362 673 79 24 orop>,
1461 673 70 26 grass
1552 663 78 33 lands,
1646 664 47 26 and
1715 665 79 25 whnat

1269 749 143 27 'Caution.
1417 751 111 25 Other
1560 750 83 26 makes
1675 751 23 24 of
1728 750 66 26 Bone

1236 787 119 25 M-tnurns
1371 798 40 15 ;iw
1425 789 74 32 hpjng
1508 787 91 27 offered
1615 795 24 18 to
1655 787 101 27 farmers
1768 798 25 15 as

1235 827 40 22 ill-
1468 825 82 26 brand.
1593 825 81 26 When
1688 825 103 31 having,

1233 862 71 25 insis'
1320 872 30 16 on
1367 873 12 15 a
1404 870 136 24 guarantee
1568 862 74 34 beiayf
1668 863 83 33 given,
1766 873 25 17 as

1235 899 104 26 without
1356 900 47 25 thU
1420 900 75 27 brand
1517 909 63 18 none
1594 901 20 26 is
1628 901 116 28 genuine.

1415 979 21 27 L
1454 982 22 25 A
1492 979 124 28 WE'S

1232 1029 361 32 SUP&RPHOSPHATE
1614 1032 40 29 OB
1655 1032 6 12 1
1683 1032 105 29 LIME.

1423 1092 183 30 CROSS'

1232 1145 359 29 SUPERPHOSPHATE
1612 1145 47 29 OF
1682 1145 106 30 LIME.

1269 1196 65 26 Both
1347 1197 67 25 tliHjie
1428 1197 118 26 Manures
1556 1206 40 17 are
1608 1197 27 25 of
1642 1197 60 33 high
1714 1207 29 19 gr
1753 1197 36 26 .d*

1229 1233 159 38 quality,and
1400 1244 39 17 are
1452 1234 51 25 well
1517 1233 79 28 suited
1610 1235 36 25 for
1656 1244 119 26 encourag-

1230 1274 43 33 ing
1342 1273 97 33 growth
1454 1273 24 24 of
1492 1273 31 25 .ill
1539 1279 53 18 root
1606 1281 79 26 crops.

1468 1337 34 18 on
1525 1331 201 24 Application.

1401 1399 150 29 PLANET
1577 1400 37 29 Jr

1306 1451 109 29 FARM
1449 1451 263 30 IMPLEMENTS.

1270 1504 79 27 Wrire
1371 1514 27 16 or
1420 1504 45 27 call
1486 1503 37 28 for
1534 1503 46 28 full
1594 1503 149 37 particulars
1764 1503 25 27 of

1234 1543 66 23 these
1324 1543 112 24 valuable
1462 1543 166 33 implements,
1647 1543 78 24 which
1746 1552 40 15 are

1232 1580 23 23 in
1268 1588 42 14 use
1323 1578 28 34 by
1366 1579 40 23 the
1420 1578 136 25 thousands
1562 1578 24 25 in
1595 1578 61 25 New
1665 1576 118 27 Zealand.

1300 1654 115 30 FRUIT
1437 1654 130 35 TREES,
1588 1654 130 37 ROSES,

1213 1702 2 39 i
1231 1705 265 31 STRAWBERRY
1531 1705 158 35 PLANTS,
1722 1704 62 37 &c,

1378 1756 36 27 Of
1434 1755 67 28 Best
1522 1755 121 35 Quality.

1229 1838 246 56 NIMMO
1497 1842 15 52 5
1539 1838 242 66 BLAIR,

1322 1912 96 29 SEED
1444 1912 246 28 MERCHANTS.

1432 1958 141 27 DUNKDIN

1253 2049 10 26 I
1271 2030 165 31 TCTORIA
1456 2030 144 30 LIVERY
1616 2030 167 31 STABLES

1314 2099 71 21 PEEL
1399 2100 112 25 STREET,
1527 2099 169 22 LAWRENCE.

1226 2167 34 44 T.
1289 2168 122 52 Dwyer
1457 2179 7 30 :
1512 2178 7 31 :
1576 2168 205 52 Proprietor.

1261 2254 59 30 The
1334 2265 66 28 very
1413 2255 62 29 best
1490 2255 131 38 Stabling
1639 2255 142 38 provided,

1224 2296 67 28 with
1303 2307 17 17 a
1334 2295 101 30 Groom
1449 2296 101 28 alwavs
1565 2296 28 28 in
1606 2296 174 29 attendance.

1225 2390 25 27 A
1273 2388 161 30 Handsome
1459 2388 55 29 and
1543 2387 237 40 Well-appointed

1320 2448 155 36 Hearse
1500 2458 52 25 on
1581 2447 103 36 Hire.

1259 2542 159 27 First-class
1451 2542 95 37 Single
1580 2542 55 27 and
1670 2542 109 28 Double

1223 2582 139 38 Buggies;
1383 2583 66 33 also,
1467 2580 108 30 Ladies'
1589 2581 55 28 and
1666 2580 96 30 Gentle-

1222 2623 86 28 men's
1323 2622 102 28 Saddle
1439 2622 115 29 Horses.

1233 2726 15 37 f
1284 2726 57 25 OO
1364 2725 20 25 K.
1447 2728 18 22 A
1504 2729 9 20 ?
1576 2726 172 24 THIS!

1285 2804 101 25 B')iT8
1404 2809 36 19 tor
1456 2809 39 20 the
1514 2805 80 27 Great,

1315 2850 70 23 B.xra
1405 2851 35 21 for
1464 2851 40 23 the
1519 2850 74 24 Small
1603 2858 6 21 ;

1284 2891 69 22 I'.oot-.
1370 2891 35 21 fur
1427 2891 38 22 the
1484 2891 80 28 Nhort,

1314 2935 71 23 Knots
1402 2935 37 23 for
1456 2935 40 24 the
1515 2935 54 24 Till
1585 2942 5 22 ;

1285 2980 22 21 Kt
1319 2987 34 16 or*
1369 2978 35 24 for
1424 2980 40 24 ihe
1483 2978 21 25 Y
1516 2988 63 22 ung,

1312 3020 17 20 1>
1340 3027 43 14 )uta
1402 3023 36 18 tor
1455 3021 38 20 '.he
1513 3020 46 23 Uid
1572 3027 6 20 ;

1335 3081 30 24 nd
1385 3081 101 25 BOOTS
1503 3082 46 23 ana
1569 3081 104 26 SHOES

1432 3138 35 23 for
1484 3138 30 23 all
1538 3146 14 15 a

1318 3201 41 35 H.
1411 3201 120 36 Bail
1545 3200 126 44 lie's,

1227 3275 69 29 o|>jio
1311 3276 32 22 i>e
1359 3274 160 25 Commercial
1540 3276 82 28 Hotel,
1644 3275 131 31 Roxburgh

1398 3391 46 23 and
1464 3396 91 22 inspect
1567 3390 42 25 the
1625 3391 80 25 Stock.

1218 3499 30 55 J
1258 3546 9 10 #
1331 3500 48 38 H.
1442 3502 331 43 PEARSON,

1319 3566 66 21 ROSS
1400 3567 96 26 PLACE,
1511 3566 168 27 LAWRENCE,

1260 3610 265 36 CONTRACTOR,
1547 3611 181 35 BUILDER,

1468 3661 53 20 AND

1356 3692 274 30 UNDERTAKER.

1214 3766 145 28 Contracts
1374 3765 82 29 taken
1469 3766 43 28 for
1526 3765 139 30 Builders'
1686 3765 82 31 Work

1333 3806 28 29 of
1374 3817 82 28 every
1471 3807 178 39 description.

1275 3878 198 23 ESTIMATES
1505 3880 196 22 PREPARED.

1247 3937 26 29 A
1287 3937 196 29 well-assorted
1511 3939 86 28 Stock
1618 3939 29 29 of
1668 3938 84 30 Furni-

1210 3981 60 25 ture
1285 3977 100 39 always
1399 3989 35 17 on
1449 3979 83 29 hand.

1249 4017 131 29 Funerals
1392 4019 156 27 conducted
1561 4020 27 26 in
1600 4020 36 27 all
1650 4024 76 33 parts
1741 4020 29 28 of

1211 4057 45 29 the
1286 4059 122 29 District.
1449 4059 107 29 Hearse
1582 4060 137 38 provided
1748 4060 23 28 if

1211 4098 139 39 required.

1219 4172 193 56 COBB
1483 4173 52 56 &
1599 4175 170 59 CO.'S

1327 4252 171 21 TELEf.RAPH
1524 4253 70 21 LINE
1619 4253 36 21 OF

1263 4291 128 29 ROYAL
1421 4292 89 29 uAIL
1533 4292 186 30 COACHES.

1416 4344 149 31 Ltwrence

1249 4387 155 27 Beaumont
1529 4386 65 28 Moa
1608 4386 62 28 Flat

1247 4425 98 30 Teviot
1527 4426 160 29 Alexandra

1246 4466 87 33 Clyde
1531 4467 146 28 Cromwell

1246 4507 97 27 Arrow
1348 4511 73 24 town
1531 4507 184 36 Queenstown

1466 4548 62 29 And

1284 4595 57 27 Alll
1362 4594 199 30 Intermediate
1587 4595 105 29 Places.

1246 4675 78 29 Cobb
1339 4676 54 28 and
1418 4676 75 30 Co/a
1515 4676 156 39 Telegraph
1698 4676 68 30 Line

1207 4716 29 28 of
1251 4717 85 36 Royal
1352 4716 28 28 M
1390 4717 27 27 til
1442 4716 121 29 Coaches
1587 4718 76 27 leave
1687 4716 59 28 Law-

1209 4766 78 18 rence
1307 4756 44 28 for
1374 4756 46 28 the
1440 4756 155 30 Beaumont
1615 4756 56 28 and
1692 4756 56 29 Rox-

1208 4796 90 38 burgh
1317 4807 82 28 every
1423 4796 70 38 d;iy;
1514 4797 54 29 and
1590 4796 77 30 leave
1690 4798 57 28 Rox-

1208 4836 90 40 burgh
1332 4837 43 29 for
1408 4837 166 36 Alexandra,
1610 4837 156 36 Cromwell,

1210 4883 179 29 .-Urowbowii,
1403 4878 55 28 aud
1481 4878 184 37 Queenstown
1682 4888 81 27 every

1206 4917 136 38 Tuesday,
1369 4918 144 38 Thursday
1536 4918 55 29 and
1616 4918 148 37 Saturday,

1208 4958 130 38 reaching
1348 4958 185 36 Queenstown
1543 4958 46 28 the
1599 4967 74 19 same
1682 4967 66 19 even-

1207 4998 58 37 ing.
1308 5004 166 32 Passengers
1487 4998 77 29 leave
1583 4997 129 29 Duuedin
1727 4998 37 36 by

1209 5038 45 29 the
1268 5039 63 28 8.15
1346 5049 63 18 a.m.
1434 5038 70 28 train
1517 5050 8 23 ;
1545 5038 77 28 leave
1642 5036 105 37 Queens-

1209 5083 71 24 town
1296 5090 33 18 on
1345 5089 74 18 same
1433 5078 68 38 days
1514 5083 29 24 at
1557 5080 16 27 5
1582 5089 75 24 a.m.,
1672 5078 78 28 reach-

1207 5119 49 39 ing
1271 5119 156 39 Roxburgh
1446 5126 29 22 at
1488 5120 16 28 8
1519 5129 78 27 p.m.,
1610 5118 56 28 and
1679 5117 72 29 arriv-

1209 5160 49 38 ing
1277 5167 29 21 at
1327 5159 150 31 Liwrence
1499 5164 28 25 at
1557 5160 61 28 1.45
1641 5168 66 28 p.m.
1731 5168 34 18 on

1210 5200 143 35 following
1367 5200 35 28 da
1406 5210 38 18 vs.

1247 5240 130 28 Uunedin
1399 5240 130 37 Booking
1545 5238 85 29 Office
1643 5237 44 28 for
1701 5237 50 28 Pas-

1209 5290 114 28 sengers
1338 5279 54 29 and
1409 5279 107 30 Parcels
1528 5290 5 18 :
1562 5277 69 30 N.Z.
1646 5277 122 38 Express

1211 5320 75 29 Co.'s
1301 5320 92 30 Office,
1409 5322 205 30 .vlanse-street,
1629 5317 139 28 Dunedin.

1247 5360 81 28 Head
1355 5359 101 29 Office:
1491 5358 174 34 Peel-street,
1690 5357 59 28 Law-

1212 5410 89 20 rence.

1345 5441 37 29 H.
1406 5440 118 30 CRAiG
1544 5446 23 22 &
1590 5438 68 35 CO.,

1550 5484 182 38 Proprietors.

1504 5558 77 28 write
1607 5561 31 25 to
1661 5567 44 19 me
1724 5557 45 30 for

1242 5593 11 20 L
1303 5600 127 29 valuable
1440 5600 59 28 free
1510 5598 78 29 Book
1598 5598 171 38 concerning

1210 5641 167 38 yourselves.
1433 5638 143 30 Professor
1614 5637 154 36 Hermann,

1213 5681 156 40 Specialist,
1395 5681 36 29 40
1466 5677 204 41 Collins-place,
1696 5678 53 32 Mel-

1212 5722 114 29 bourne.

1891 166 116 30 EVIOT
2066 164 316 30 DISPENSARY

1850 241 87 28 Blood
1952 240 116 29 Purifier
2084 238 116 38 (Spring
2213 239 162 35 Medicines)

1836 281 39 21 Vnr
1884 281 96 26 Pimples,
1992 280 103 25 Blotches,
2114 278 62 26 Boils,
2196 280 35 20 &c
2237 279 44 21 ls
2296 279 79 25 packet/

1910 319 87 31 Blood
2011 319 55 30 and
2084 318 85 29 Tonic
2182 317 132 37 Mixture,

2027 361 22 19 2s
2062 359 27 21 6d
2102 365 11 14 a
2126 358 73 21 bottle.

1909 398 156 38 Antiseptic
2085 397 90 29 Tooth
2190 397 120 32 Powder,

1833 438 131 26 Thoroughly
1977 438 88 20 cleanses
2076 437 36 20 the
2122 436 56 20 teet.h
2189 437 37 19 ami
2238 440 97 18 sweetens
2346 437 29 20 tin

1942 464 123 22 breath6l
2074 464 39 21 and
2125 464 20 19 Is
2155 463 119 27 quantities.

1833 503 70 29 Ciira
1919 504 92 35 Clava,
2025 514 16 17 a
2054 513 62 18 sure
2137 501 69 29 Cure
2228 502 42 29 for
2285 502 85 30 Corns

2051 543 19 20 Is
2084 542 82 21 bottles.

1854 570 68 26 Fancy
1933 570 75 27 Goo-is,
2019 569 87 22 suitable
2116 569 31 20 for
2156 570 88 20 orr-sent*
2253 570 39 21 ani

1828 598 126 22 decorations
1963 597 4 27 ;
1983 601 11 16 S
2012 598 94 26 itionery,
2115 598 28 19 B
2154 603 35 19 <{,
2197 597 59 27 Coys,
2277 599 14 19 'r
2305 605 23 14 c\
2335 605 39 13 >",'

1830 633 58 17 war*,
1903 626 110 25 Pa-fumes,
2025 626 90 19 Nursirv
2126 631 24 13 an
2159 625 5 18 I
2175 624 66 20 Tutiet
2253 626 80 25 i-t*jm.-i
2346 632 27 18 **s,

1827 653 90 24 Trusses,
1929 652 87 26 F-ediiu;
2035 652 84 25 Bottles,
2129 651 28 21 To
2167 651 34 27 >th,
2217 652 41 20 M\ii!
2271 660 24 12 .T.i
2305 651 4 27 I
2324 652 50 21 Hiir

1829 681 93 25 B-ush-.s,
1944 681 64 19 Hxise
2030 680 116 20 Medicines.
2173 678 26 21 E.>
2209 686 37 13 ;:n.i
2270 682 101 24 Syringe*,

1828 708 68 20 Patent
1923 707 109 21 '.'-.!:):.?.
2056 707 82 21 Rubber
2151 706 92 21 Solution
2263 707 32 20 f>r

1825 736 37 19 un'l
1999 735 75 23 Boots;
2088 733 64 21 Music
2167 735 15 18 it
2196 733 29 20 Du
2243 741 10 8 >
2262 736 28 18 !in
2302 741 19 19 p:
2326 733 4 27 ;
2333 741 38 14 ces.

1854 762 70 21 Wants
1938 761 92 21 ut-juded
2040 764 21 18 to
2071 761 92 24 Sundays
2169 761 39 19 and
2216 761 52 20 afr.er
2281 761 89 21 tvi-daest

2022 815 231 35 JEFFERY,

1824 862 131 28 CHEMIST,
1971 861 188 26 BOOKSELLER,
2175 860 200 29 TOBACCOMI3T,

1896 892 46 18 sj'\
1952 891 102 19 HOVER
2068 890 15 19 fc
2102 888 77 20 MEV.s
2200 889 101 22 A.GBNT.

1934 941 159 31 3ECORD
2135 941 149 30 OKIGN.

2133 971 47 23 xt
2184 980 100 31 EIGN.

1919 1065 98 28 enable
2044 1065 45 26 the
2118 1063 93 38 public
2235 1067 28 24 to
2291 1063 81 28 Dress

1906 1105 117 29 snirable
2033 1107 28 26 to
2072 1104 48 28 the
2131 1103 134 35 occasion,
2279 1103 14 28 I
2308 1104 64 27 have

1933 1155 183 30 REDUCKD
2139 1154 131 29 PRICES

1821 1197 30 29 of
1864 1207 44 27 my
1922 1197 77 35 large
2017 1196 55 28 and
2086 1195 94 28 varied
2204 1196 85 34 -tock,
2302 1197 53 26 viz.
2368 1195 4 39 :

1896 1249 85 35 Suits,
1994 1249 38 28 3
2050 1248 50 34 3s;
2122 1247 140 35 Trousers,
2282 1248 54 28 15s.

1894 1288 119 38 Factory
2027 1306 10 5 -
2053 1288 80 27 made
2176 1288 83 34 Suits,
2302 1288 49 28 21s
2365 1299 7 23 ;

1976 1337 132 26 trousers,
2122 1328 32 28 6s
2169 1327 44 28 6d.

1845 1381 72 34 Ties,
1933 1380 80 38 Caps,
2029 1380 111 33 Braces,
2155 1380 58 34 &c,
2229 1380 34 28 6d
2279 1380 75 28 each.

1820 1421 77 28 Hard
1913 1421 54 28 and
1983 1421 61 28 Soft
2059 1420 61 28 Felt
2145 1425 76 30 Hats,
2249 1421 27 27 Is
2297 1420 75 28 each.

1915 1565 39 39 E.
2001 1565 43 41 A.
2094 1565 181 51 HA$'T,

1816 1621 106 21 TAILOR
1946 1622 16 21 &
1985 1622 198 21 GENTLEMEN'S
2208 1623 163 21 OUTFITTER.

1874 1661 260 35 SeOTI,AND-STBEET,
2156 1661 161 29 ROXBURGH.

1894 1759 25 28 R
1978 1757 393 37 FINLAYSOJS,

1900 1809 160 23 BARRISTER
2075 1809 61 21 AND
2150 1807 155 28 SOLICITOR,

2013 1856 164 35 Lawrence,

1816 1924 66 28 Will
1910 1923 96 28 attend
2032 1923 47 27 the
2099 1922 152 32 Roxburgh
2276 1922 93 29 Court.

1816 2079 101 39 Money
1927 2083 28 24 to
1966 2077 76 30 Lend
2052 2089 34 18 on
2097 2077 135 30 Freehold
2245 2079 125 38 Security

1821 2225 70 43 Vff
1901 2225 50 30 1L
1961 2225 86 30 LIA
2057 2225 31 28 M
2133 2228 50 37 \f
2199 2223 170 35 ALONE,

1899 2378 172 39 General
2108 2378 171 44 Grocer,

1836 2527 501 35 SCOTLAND-STREET,

1976 2673 223 32 ROXBURGH.

1811 2783 214 53 HUGH
2100 2783 261 42 BRUCE,

1900 2853 200 28 BOARDING
2130 2852 140 34 HOUSE,

1836 2900 317 36 Whitkhavkn-stkekt,
2178 2901 152 28 Lawrence

1872 2947 144 39 (Opposite
2034 2947 113 40 English
2162 2948 131 36 Church.)

1818 3038 81 21 FIRST
1917 3038 84 21 CLASS
2025 3038 246 22 ACCOMMODATION
2296 3039 54 20 FOR

1893 3066 58 20 Tlilfi
1966 3066 184 21 TRAVELLING
2168 3066 109 21 PUBLIC.

1853 3149 78 29 Good
1955 3149 131 37 Stabling
2111 3149 55 28 and
2187 3149 128 28 Paddock

1957 3189 255 28 Accommodation.

1891 3268 167 29 Charges
2081 3269 157 28 Modbkatb.

1818 3434 187 31 MILLERS
2070 3435 97 29 FLAT
2223 3434 138 35 HOTEL,

1969 3589 121 21 MILLERS
2115 3588 79 21 FLAT.

1839 3854 30 30 P.
1893 3854 107 29 Laffey

2152 3854 166 40 Proprietor.

1804 4011 254 29 DISSOLUTION
2086 4012 41 28 Ob
2128 4011 5 11 1
2164 4010 168 29 PARTNER-

2029 4065 102 29 SHIP.

1798 4146 167 40 JOHNS
2018 4148 33 37 &
2098 4147 252 42 M'COMBE,

1939 4207 157 27 MILLERS
2117 4207 98 27 FLAT.

1860 4290 123 30 AVI>iG
1996 4291 155 29 Purchased
2164 4292 45 28 the
2224 4292 128 29 Business

1894 4333 29 27 o
1948 4332 46 29 the
2020 4333 61 28 firm
2112 4335 29 27 oi:
2172 4332 91 30 Johns
2296 4341 55 21 and

1801 4372 146 35 M'Combe,
1962 4374 21 26 it
1997 4374 55 27 will
2076 4374 33 27 be
2133 4374 82 26 takdii
2236 4383 67 19 over
2321 4384 30 18 as

1797 4412 72 30 from
1883 4413 48 29 the
1948 4413 63 29 15th
2024 4413 65 36 itist,
2107 4413 54 29 and
2185 4414 50 28 will
2253 4414 81 29 hence-

1797 4453 119 29 forward
1943 4454 34 28 be
2003 4454 105 29 carried
2129 4464 33 18 on
2191 4455 88 28 under
2304 4456 47 27 the

1799 4503 79 19 name
1891 4493 30 28 of

1834 4532 47 30 All
1915 4539 130 24 accounts
2084 4534 89 39 owing
2174 4532 2 41 l
2208 4537 73 26 must
2316 4534 35 30 be

1797 4574 100 27 settled
1917 4579 29 22 at
1966 4584 77 19 once.

1949 4630 32 29 E.
2020 4630 185 36 JOHNS,

1810 4678 116 22 GROCER
1939 4680 62 20 AND
2019 4680 137 21 GENERAL
2170 4680 166 21 MERCHANT.

1998 4744 154 22 AGENCIES:

1797 4781 175 29 Manchester
1986 4782 62 30 Fire
2064 4783 147 29 Insurance
2227 4782 49 30 Co.

1796 4822 158 29 Australian
1965 4823 107 28 Mutual
2081 4823 147 35 Provident
2238 4823 111 38 Society

1803 4918 125 55 WM.
1957 4917 390 69 KINASTON,

1858 4992 243 47 Hermitage
2138 4992 143 43 Street,

1970 5050 223 38 Roxburgh,

1797 5113 237 36 CaRPENTKR,
2063 5115 173 29 BUILDER
2259 5139 6 7 .
2287 5139 7 7 .
2317 5139 6 7 .
2347 5139 6 7 .

1798 5188 6 7 .
1826 5188 6 7 .
1856 5189 7 6 .
1885 5189 8 6 .
1913 5166 166 29 PICTURE
2106 5166 168 39 FRAMER,
2297 5177 56 20 and

1943 5217 266 42 Undertaker,

1799 5301 109 28 Picture
1923 5301 170 38 Mouldings,
2107 5301 118 34 Glasses,
2246 5304 105 37 Paints,

1865 5341 54 28 aud
1946 5341 228 39 Paperuanginga
2199 5344 28 27 of
2248 5344 36 28 all

1910 5380 183 39 descriptions
2105 5381 29 28 in
2153 5383 87 29 stock.

1800 5433 101 30 Orders
1915 5433 86 30 taken
2024 5434 43 28 for
2087 5434 98 38 supply
2199 5436 29 28 of
2241 5436 113 30 Timber

1942 5475 29 27 in
1984 5483 54 28 any
2053 5475 156 37 quantities.

1797 5557 87 31 W.K.
1897 5557 106 38 having
2025 5558 114 29 secured
2159 5569 16 18 a
2196 5561 156 30 First-class

1956 5623 236 45 HEARSE,

1796 5686 23 30 is
1832 5684 138 41 prepared
1982 5687 29 26 to
2031 5683 121 30 conduct
2172 5684 133 34 Funerals
2324 5688 28 29 in

1898 5725 126 38 all,parts
2038 5724 30 29 of
2081 5724 47 29 the
2142 5724 117 33 district.

2400 195 100 108 jIF
2524 196 178 60 THIS
2734 197 315 60 SHOULD
3086 199 200 57 MEET
3319 195 154 57 THE

2416 324 180 57 HOYLES
2629 324 302 40 PRlNTSStraight
2962 326 73 29 from
3072 325 47 29 the
3157 323 112 36 maker;
3309 332 75 20 some
3409 319 114 40 splendk

2509 365 128 29 Patterns
2656 366 55 28 and
2730 366 97 28 FAST
2847 365 183 29 COLOURS.

2486 405 244 29 Galateasextra
2742 411 97 33 strong
2842 406 126 29 suited
2981 406 43 27 for
3036 405 83 28 Lads'
3133 404 105 29 Breeks
3250 400 191 33 orLassies'
3455 400 68 29 Hare

2414 444 91 29 Wear.

2486 487 110 35 Among
2609 486 46 28 the
2669 486 178 28 Dress-stuffs
2867 485 24 28 is
2913 486 47 27 the
2982 494 60 19 new
3069 484 115 29 Electric
3211 483 153 36 Bengaline
3390 480 133 38 Magnetic

2394 521 2 43 !
2411 524 94 38 Serge,
2533 524 149 38 Klondyke
2703 526 87 34 Twill,
2811 525 54 28 and
2891 524 348 40 Aberoutkmagummidge
3266 522 132 35 Brocade,
3426 521 97 38 Gimps

2392 564 3 31 i
2409 564 70 29 Shoe
2493 566 52 28 and
2559 565 122 30 Shooted
2696 565 74 29 Silks
2785 571 26 23 to
2828 566 100 28 match.

2482 607 64 27 And
2559 608 90 36 again,
2663 610 47 34 yet
2723 607 114 27 another
2852 607 88 36 parcel
2952 606 28 28 of
2994 605 104 29 Ladies'
3112 605 54 28 and
3183 605 154 28 Children's
3352 603 91 29 Straw
3457 602 59 28 Hit
3518 612 5 9 c

2407 656 66 18 or
2515 646 93 29 Stroro
2803 646 14 28 I
2841 646 82 27 heard
2950 646 73 28 them
3046 646 87 29 called
3145 657 7 24 ;
3175 646 49 27 but
3248 650 103 23 newest
3375 643 75 29 ideas
3476 653 41 17 an<

2408 686 120 29 bewtiful
2545 687 26 28 in
2585 687 107 39 design.
2733 687 176 37 Trimmings,
2931 697 29 17 ex
2979 686 107 38 eclipso.

2479 727 58 29 The
2552 727 131 39 Ciothing
2698 726 181 38 Department,
2894 728 46 27 has
2955 728 68 27 been
3037 729 18 12 u
3068 726 75 37 bigly
3186 725 152 29 increased.

2481 770 24 25 A
2519 767 125 38 splendid
2658 769 77 27 stock
2750 767 29 29 of
2792 766 108 30 Ladies'
2922 766 113 38 dosiery
3047 766 59 39 just
3117 765 148 30 instrait
3284 766 72 28 from
3376 764 81 29 'ome.

2480 807 90 37 Every
2585 807 91 38 pound
2690 813 81 32 spent
2785 807 70 28 from
2870 807 46 28 the
2930 812 109 32 present
3053 807 66 28 time
3133 806 40 28 till
3183 806 53 29 end
3244 806 30 28 of
3283 806 153 28 December
3450 804 73 29 takes

2405 856 16 18 a
2438 846 178 31 GlFTand
2642 851 9 26 I
2675 847 87 30 worth
2776 847 112 32 having.

2828 941 486 87 DIMMIT,

2550 1049 101 29 CASH
2675 1048 161 36 DRAPER,
2858 1048 202 36 CLOL'HIKR,
3107 1047 55 28 ND
3182 1048 208 29 IMPORTER.

2785 1100 70 29 Ross
2879 1100 94 36 Place,
2994 1100 163 28 Lawrence.

2919 1295 143 29 TAILOR
3090 1295 83 28 AND
3202 1295 163 29 HATTER.

2794 1376 40 21 AM
2848 1375 157 24 acknowledged
3021 1378 22 18 to
3056 1376 25 20 be
3095 1375 73 21 second
3181 1378 22 17 to
3217 1382 52 14 none
3283 1375 31 21 for

2790 1436 138 29 STYLE!

2937 1476 190 38 QUALITY!

3105 1517 315 31 WORKMANSHIP!

2923 1638 156 24 RESIDENTS
3105 1639 37 21 OF
3167 1639 187 21 ROXBURGH-

2748 1668 80 25 Kindly
2837 1668 113 20 rc-ineaher
2964 1668 47 20 that
3020 1668 65 24 owing
3098 1669 22 19 to
3130 1674 34 19 my
3173 1667 98 21 immense
3280 1669 131 24 nssoitment,
3421 1667 36 21 the
3466 1667 57 22 Show

2797 1696 20 20 in
2829 1695 34 20 the
2875 1695 104 20 Windows
2989 1695 16 20 is
3015 1695 47 25 only
3072 1702 12 12 a
3094 1701 47 18 very
3151 1694 59 20 small
3221 1696 45 23 part
3272 1693 21 21 of
3304 1701 33 19 my
3347 1694 128 22 Exhibition.

2799 1763 110 26 Intending
2919 1763 117 20 Customers
3047 1763 40 19 will
3098 1763 41 20 find
3147 1763 45 19 that
3202 1763 10 19 I
3223 1762 51 21 have
3285 1762 59 20 made
3351 1762 36 21 the
3392 1763 66 20 inside
3463 1763 22 20 of
3491 1770 32 19 my

2747 1790 160 21 Establishment
2926 1790 105 26 especially
3051 1792 66 18 at'iac
3128 1789 40 26 ive,
3185 1790 39 20 and
3243 1789 102 21 earnestly
3360 1790 64 20 invite
3441 1796 41 20 you
3503 1792 20 18 to

2747 1823 83 16 saunter
2845 1817 88 26 through
2951 1818 35 19 the
3006 1818 79 19 various
3103 1818 145 25 Departments
3263 1816 40 21 and
3318 1816 82 28 Inspect
3410 1816 36 23 the
3455 1817 68 22 Litest

2747 1845 105 21 Fashions.

2783 1913 185 28 OPPOSITE
2989 1912 109 28 BANK
3121 1912 47 28 OP
3190 1912 89 28 NEW
3298 1912 191 37 ZEALAND,

3070 1952 161 29 Lawrence.

2443 2059 394 86 WOOL.
3088 2059 391 89 WOOL.

2692 2186 279 56 SEASON
3022 2186 221 58 1897-98.

2434 2347 862 23 iT.iKMWir^-Mwwjv.icrjwnrjiMftiJ.u.^.iA,..,
3311 2347 158 23 .Vimmma

2424 2390 24 14 -*
2495 2385 103 35 Stores,
2612 2384 88 29 which
2715 2394 46 19 are
2773 2387 130 37 amongst
2916 2384 47 29 the
2977 2384 116 39 Largest
3105 2384 28 29 in
3147 2384 46 30 the
3208 2384 113 40 Colony,
3334 2385 55 30 and

2542 2437 212 30 SPECIALLY
2773 2436 198 29 DBSIGNBD
2994 2437 72 29 FOR
3085 2437 78 29 THE
3182 2437 204 30 EFFICIENT

2769 2477 167 30 DISPLAY
2962 2476 47 31 OF
3036 2476 120 38 WOOL,

2396 2532 45 19 are
2455 2532 61 18 now
2529 2520 83 37 ready
2625 2521 44 28 for
2681 2520 48 28 the
2742 2519 139 37 reception
2894 2519 29 29 of
2937 2519 53 29 this
3006 2519 125 30 Season's
3147 2519 71 39 Clip.

2471 2558 212 32 DALGBTY'S
2705 2558 144 29 STORES
2868 2568 46 18 are
2935 2559 119 37 Lighted
3077 2559 71 28 after
3160 2559 47 28 the
3227 2562 72 27 most
3314 2559 111 30 modern
3438 2561 79 36 style,

2395 2601 54 30 and
2463 2601 64 34 this,
2541 2600 129 39 together
2683 2599 66 29 with
2763 2599 47 29 the
2822 2599 133 29 immense
2968 2599 68 30 floor
3056 2610 81 28 space
3158 2599 143 37 available,
3321 2611 111 19 ensures
3459 2602 60 29 that

2395 2653 81 18 everv
2491 2642 71 39 Clip,
2583 2642 125 28 however
2721 2641 76 37 large
2810 2651 31 17 or
2852 2640 87 34 small,
2955 2650 48 18 can
3020 2641 32 27 be
3066 2645 94 23 shown
3175 2645 28 23 to
3217 2641 46 28 the
3278 2642 60 27 best
3351 2642 165 39 advantage.

2469 2683 57 28 The
2540 2684 205 30 Arrangement
2757 2692 34 17 an
2794 2681 17 28 d
2825 2680 146 29 Valuation
2986 2681 29 28 of
3029 2682 45 28 the
3089 2681 81 28 Wool
3180 2682 44 28 for
3236 2682 61 28 Sale
3311 2682 54 28 will
3382 2683 33 28 be
3427 2683 28 28 in
3469 2685 47 27 the

2394 2723 88 29 hands
2495 2723 29 29 of
2543 2733 35 18 an
2599 2730 97 30 expert
2717 2722 29 27 in
2767 2722 47 27 the
2837 2721 87 28 tcade.
2966 2721 103 29 Clients
3090 2732 61 27 may
3174 2721 138 29 therefore
3331 2723 58 36 rely
3410 2723 60 29 that
3480 2724 36 28 all

2394 2763 59 30 that
2467 2763 160 38 experience
2640 2762 55 29 and
2709 2772 61 19 care
2783 2772 51 19 can
2848 2761 35 29 do
2897 2761 54 28 will
2966 2762 33 29 be
3013 2761 70 30 done
3105 2769 28 22 to
3148 2772 93 19 secure
3262 2762 46 29 the
3322 2762 61 30 best
3397 2764 120 37 possible

2392 2810 94 23 return
2502 2805 43 27 for
2557 2804 71 28 their
2641 2803 216 38 consignments.

2395 2885 175 38 Woolpaoks,
2594 2884 132 37 Seaming
2749 2883 103 34 Twine,
2874 2883 54 26 and
2942 2883 35 26 all
3001 2883 132 38 Farming
3153 2883 156 37 Requisites
3335 2885 128 36 supplied
3489 2889 29 24 at

2467 2925 106 28 Lowest
2589 2923 118 30 Current
2721 2922 102 30 Prices.
2875 2922 146 29 Advances
3035 2923 77 28 made
3126 2932 33 19 on
3177 2922 88 36 Wool,
3282 2923 85 29 Stock
3387 2923 56 30 and

2578 2964 109 29 Station
2710 2963 156 39 Properties
2883 2970 27 21 at
2933 2963 108 29 Lowest
3062 2963 118 29 Current
3200 2963 85 29 Rates
3305 2964 30 29 of

2892 3003 129 29 Interest.

2551 3045 105 29 Advice
2669 3043 87 30 Notes
2770 3043 54 29 and
2838 3043 99 29 Labels
2951 3043 154 29 forwarded
3119 3054 35 19 on
3174 3043 185 39 Application.

2868 3128 69 28 your
2958 3117 217 40 Consignments
3196 3122 66 25 to

2792 3219 154 68 JtPslJ
2991 3219 128 69 yU
3164 3219 166 69 ILiifili
3351 3219 142 71 I%M

2798 3326 313 30 DUNEDIN.

2392 3372 137 35 Dune.lin,
2544 3370 121 29 October
2678 3370 58 35 sth,
2753 3369 78 28 1897.

3013 3434 48 44 O
3068 3445 182 39 waa
3251 3447 34 38 s
3307 3448 15 38 i

2653 3847 36 29 IS
2716 3846 215 29 ANNUALLY
2959 3845 101 31 USED
3086 3842 106 31 UPON
3219 3841 25 30 A

2388 3901 349 61 QUARTER
2752 3916 37 23 or
2801 3917 58 21 the
2874 3897 237 58 SHEEP
3258 3892 249 55 WORLD

2422 4018 59 28 ITS
2502 4016 234 31 BENEFICIAL
2757 4015 168 30 EFFECTS
2944 4014 81 28 AND
3044 4012 166 30 LASTING
3233 4005 234 34 PIiOPWtITIfIS

2783 4067 130 32 ALONE
2938 4065 112 31 MAKE
3076 4065 38 30 IT

2385 4130 151 56 THE
2578 4128 393 58 CHEAPEST
3004 4124 96 57 OF
3134 4123 147 57 ALL
3322 4119 178 56 IMPS.

2656 4241 70 20 FKOM

2870 4268 103 31 JOHN
2999 4264 218 37 THOMPSON,
3241 4263 157 33 Lawrxmc,

2792 4311 64 29 And
2878 4311 72 28 from
2971 4310 36 27 all
3031 4308 86 29 Stock
3138 4307 56 28 and
3218 4304 106 30 Station
3352 4304 117 37 Agents.

2428 4393 176 45 Murray,
2632 4391 174 37 Roberts
2837 4388 80 37 and
2949 4386 89 44 Qq.,
3071 4390 81 32 Chief
3176 4391 109 36 Agents
3294 4386 177 46 jorOugo.

2861 5021 20 16 ''
2968 5023 68 17 Rapid
3044 5021 4 21 i
3049 5021 2 21 ;

2865 5044 99 23 LA-O-'YVa'
2978 5040 75 24 'STArtS

2498 5097 156 58 NEW
2711 5097 245 56 RAPID
3004 5093 387 60 BICYCLES.

2387 5202 58 21 OT.
2460 5200 115 23 GEORGE
2591 5197 203 22 ENGINEERING
2806 5197 167 28 CO.,LIJHTfib;
2987 5205 33 13 are
3031 5198 34 19 the
3076 5197 79 20 ifakers
3164 5196 22 20 of
3239 5195 49 25 only
3300 5195 78 26 Bicycle
3389 5198 111 26 possessing

2387 5245 5 7 ,
2393 5235 25 21 j
2446 5230 21 19 in
2477 5228 69 25 happy
2555 5226 136 21 combination
2703 5226 35 19 the
2749 5225 111 24 perfection
2870 5225 23 19 of
2899 5225 158 27 thoseqtwlities
3064 5228 52 16 most
3122 5223 82 20 coveted
3213 5223 26 24 by
3246 5221 133 28 experienced
3389 5224 111 25 Cyolists

2533 5248 3 41 '
2553 5258 198 31 STABILITY
2770 5257 6 28 !
2854 5257 121 28 SPEED
2990 5258 6 27 !
3074 5255 242 29 DURABILITY
3328 5251 11 32 f

2430 5302 49 21 Tliis
2488 5301 42 21 fact
2538 5300 37 21 has
2585 5299 81 21 become
2674 5298 102 26 generally
2787 5297 114 26 recognised
2912 5298 20 20 in
2942 5297 103 27 Tuapekfl,
3056 5296 40 22 and
3106 5298 20 19 in
3290 5296 10 20 I
3314 5303 33 14 am

2382 5331 55 19 tlies-*
2448 5329 103 21 Midlines
2563 5331 20 15 to
2594 5326 86 26 Cyclists
2691 5326 44 19 who
2745 5326 50 18 have
2806 5324 48 21 been
2864 5325 142 25 disappointed
3018 5326 24 21 by
3052 5324 60 20 other
3123 5324 75 23 makes,
3210 5323 39 21 and
3261 5323 146 24 whoareglad,
3418 5325 83 25 indeed,

2382 5357 31 21 for
2423 5364 31 14 me
2464 5362 21 14 to
2495 5354 58 22 make
2563 5353 57 22 them
2627 5360 25 13 an
2662 5352 108 21 allowance
2780 5350 30 21 for
2822 5351 53 20 their
2885 5351 104 21 discarded
3001 5353 82 18 mounts

2382 5397 54 36 As
2448 5395 93 37 Part
2552 5393 192 46 Payment
2753 5388 64 38 for
2827 5400 24 26 a
2863 5388 186 38 Machine
3057 5389 93 46 they
3161 5399 77 27 can
3253 5389 167 46 Depend
3432 5400 68 27 on.

2435 5483 65 21 Those
2511 5482 44 19 whe
2564 5487 34 14 are
2609 5482 35 18 not
2656 5479 21 20 in
2686 5486 12 13 a
2708 5478 87 27 position
2805 5478 22 19 to
2837 5476 99 27 purchase
2945 5483 39 13 one
2992 5476 21 20 of
3024 5477 56 20 these
3090 5477 52 21 ideal
3152 5477 68 21 steeds
3229 5483 38 15 can
3276 5475 69 21 obtain
3356 5475 54 23 from
3422 5484 32 14 me

2502 5510 69 29 New
2591 5517 56 20 and
2672 5508 197 28 Second-hand
2898 5504 130 30 Bicycles
3050 5504 31 29 of
3102 5514 83 27 every
3207 5503 177 40 description.

2598 5585 352 61 CHARLES
2989 5585 295 67 STOKES,

2536 5665 216 35 MERCHANT
2784 5663 151 37 TAILOR,
2961 5662 71 30 Ross
3062 5661 98 39 Place,
3186 5662 161 31 Lawrence:

2786 5708 93 36 Agent
2905 5705 43 28 for
2973 5704 139 37 Tuapeka.

2434 5751 163 27 Catalogue*oa
2609 5747 169 29 Application.-:
2905 5751 8 9 a
3029 5743 71 21 Wha>
3105 5743 100 28 Ordering
3218 5744 93 21 Mentien
3326 5744 42 22 this
3380 5745 73 24 Paper.

3578 187 255 48 Speargrass
3866 192 90 40 Flat
3993 191 134 46 Hotel,

3675 251 103 29 BALD
3800 253 93 31 HILL
3916 255 108 31 FLAT.

3572 331 92 22 JAMES
3675 331 153 23 FALCONER
3852 346 25 4 ~
3928 348 23 6 -
3973 337 143 22 -Proprietor

3683 399 88 29 above
3786 400 83 30 Hotel
3882 403 55 28 will
3950 404 34 28 be
3998 405 87 27 found
4104 415 16 18 a

3654 443 73 24 most
3753 440 179 30 comfortable
3960 444 55 27 aud
4046 443 59 29 well-

3569 479 151 39 appointed
3733 479 95 29 House
3843 481 37 36 by
3902 481 150 30 Travellers
4066 484 54 27 and

3568 521 47 28 the
3626 519 94 39 public
3734 521 153 38 generally.
3926 521 117 29 Patrons
4057 533 63 26 may

3567 560 57 39 rely
3638 569 35 19 on
3687 569 83 28 evety
3789 560 136 30 attention
3940 561 83 40 beiug
4037 562 81 39 given

3565 605 28 25 to
3605 601 72 29 their
3689 600 130 29 comfort.

3563 673 45 30 An
3622 673 160 30 Excellent
3796 672 89 31 Table
3898 675 119 28 Always
4031 674 86 29 Keft.

3625 746 74 39 Only
3716 746 46 29 the
3777 746 67 29 Best
3857 747 117 39 Liquors
3988 747 76 40 Kept

3772 787 29 28 in
3815 787 96 29 Stock.

3567 839 159 31 First-class
3741 839 138 40 Stabling,
3894 841 66 30 with
3977 842 100 30 Groom
4090 842 29 30 in

3760 882 175 29 attendance.

3567 973 281 29 DAILWAY
3924 973 194 36 HOTEL,

3657 1040 66 22 ROSS
3742 1039 99 28 PLACE,
3862 1040 167 23 LAWRENCE.

3563 1109 160 44 Joseph
3749 1107 105 44 Cox,
3882 1109 235 45 Proprietor

3598 1197 20 28 J
3631 1196 30 29 C.
3676 1196 70 38 begs
3766 1199 29 26 to
3807 1196 126 29 intimate
3946 1196 61 29 that
4019 1196 34 29 he
4066 1196 50 29 has

3561 1236 155 40 purchased
3747 1236 48 30 the
3826 1236 87 30 above
3938 1235 177 32 well-known

3562 1277 142 38 Hostelry,
3713 1276 54 29 and
3782 1277 93 38 hopes,
3885 1277 37 38 by
3931 1277 79 29 strict
4023 1281 76 25 atten-

3562 1317 58 30 tion
3633 1322 29 23 to
3674 1317 49 28 the
3732 1317 116 29 comfort
3857 1317 29 29 of
3897 1317 153 30 Travellers
4059 1317 55 29 and

3561 1358 49 29 the
3621 1356 94 40 public
3728 1357 150 39 generally,
3891 1361 29 26 to
3934 1361 73 26 meet
4019 1357 66 30 with
4097 1368 18 19 a

3561 1398 53 29 fair
3626 1398 80 29 share
3718 1398 30 29 of
3760 1404 160 33 patronage.

3607 1438 50 29 The
3680 1438 61 29 Bail
3744 1448 58 29 way
3824 1438 24 29 is
3869 1448 53 19 one
3935 1437 30 30 of
3976 1437 48 30 the
4037 1437 60 30 best-

3559 1479 150 39 appointed
3720 1478 99 31 Hotels
3827 1479 108 30 outside
3942 1477 32 31 of
3984 1477 129 31 Dunedin

3560 1519 97 31 Uuder
3668 1519 87 31 J.C.'s
3770 1523 201 36 management,
3981 1519 47 30 the
4038 1529 55 20 com-

3558 1560 56 29 fort
3626 1560 30 29 of
3663 1566 112 32 patrons
3785 1560 53 29 will
3850 1561 34 28 be
3895 1560 78 29 made
3983 1570 17 19 a
4009 1559 102 39 special

3556 1600 115 36 feature,
3684 1600 55 29 and
3751 1610 36 19 no
3800 1600 82 29 effort
3892 1600 54 31 will
3961 1599 35 30 be
4010 1599 100 40 spared

3556 1646 28 25 to
3597 1641 65 39 give
3674 1650 84 29 every
3770 1641 181 30 satisfaction.

3556 1713 58 30 The
3626 1714 62 30 best
3702 1714 102 29 brands
3817 1713 30 30 of
3868 1713 105 38 Wines,
3997 1713 113 40 Spirits,

3591 1754 56 29 and
3661 1755 66 29 Ales
3739 1755 102 37 always
3860 1755 67 38 kept
3940 1755 29 28 in
3982 1755 89 29 stock.

3556 1827 127 39 Simpson
3696 1827 55 30 and
3766 1827 96 30 Hart's
3876 1827 66 30 Ales
3956 1827 102 39 always
4071 1838 37 18 on

3800 1868 68 39 Tap.

3554 1940 157 30 First-class
3723 1940 129 40 Stabling
3866 1940 243 30 Accommodation

3562 2022 278 56 MASONIC
3885 2020 226 42 HOTEL*

3648 2083 68 21 ROSS
3730 2082 97 26 PLACE,
3842 2081 167 23 LAWRENCE.

3553 2150 34 30 R.
3607 2151 113 29 WEBB

3927 2151 179 29 Proprietor,

3589 2232 59 28 The
3702 2232 123 28 Masonic
3881 2231 102 29 affords
4005 2232 37 27 all
4061 2232 48 28 the

3553 2272 131 30 comforts
3697 2272 29 30 of
3738 2283 17 18 a
3767 2272 90 36 home,
3868 2271 55 30 and
3935 2271 25 30 is
3973 2271 133 40 provided

3552 2313 67 29 with
3632 2313 48 29 the
3700 2323 67 28 very
3787 2313 63 28 best
3864 2312 244 30 Accommodation

3551 2352 44 30 for
3620 2352 162 30 Travellers.
3821 2352 160 30 First-class
4012 2352 95 30 Table.

3551 2393 68 29 Best
3638 2392 97 30 Wines
3758 2393 55 29 and
3835 2392 101 40 Spirits
3957 2392 102 40 always
4078 2393 28 28 in

3551 2434 89 28 stock.

3673 2501 133 23 CHARGES
3824 2500 162 24 MODERATE.

3585 2556 59 29 The
3669 2556 159 39 Proprietor
3854 2556 99 30 wishes
3979 2560 29 26 to
4029 2557 77 29 draw

3549 2595 109 39 Special
3683 2596 137 30 attention
3845 2600 28 26 to
3902 2597 46 29 the
3974 2596 132 41 Scabling

3549 2638 247 28 Accommodation
3814 2638 144 38 provided,
3972 2638 90 29 which
4081 2639 23 28 is

3548 2678 155 35 unlimited,
3716 2678 56 28 and
3784 2678 29 29 of
3826 2680 47 27 the
3887 2679 61 28 best
3962 2678 77 29 kind.

3581 2763 266 37 VICTORIA
3923 2764 179 33 HOTEL,

3569 2808 8 13 i

3638 2831 71 23 PEEL
3721 2832 113 27 STREET,
3849 2832 167 23 LAWRENCE.

3574 2921 142 37 Ronal
3770 2920 310 47 Montgomery^

3741 2979 178 30 Proprietor.

3551 3071 59 30 One
3633 3071 28 30 of
3681 3071 48 30 the
3749 3075 72 26 most
3845 3071 181 31 comfortable
4045 3073 56 29 and

3575 3111 230 31 best-conducted
3818 3111 154 31 Hostelries
3981 3124 35 18 on
4028 3114 45 29 the

3697 3153 89 36 Otago
3800 3153 158 29 Goldfields.

3647 3242 57 22 HOT
3725 3242 63 21 AND
3807 3242 73 21 COLD
3899 3242 99 22 BATHS.

3572 3309 109 30 Sample
3701 3309 95 30 Rooms
3817 3317 50 21 for
3885 3309 183 33 Travellers.

3545 3390 166 39 Passengers
3719 3390 86 29 ealled
3815 3390 42 29 for
3865 3391 46 29 the
3919 3391 75 40 early
4002 3392 92 34 Train.

3546 3537 62 59 D.
3656 3536 61 61 M

3748 3530 168 32 tTCH
3950 3537 18 25 E
4000 3537 20 26 L
4051 3539 19 23 L

3599 3680 70 25 THE
3715 3680 160 25 POPULAR
3910 3680 119 31 HOUSE,

3720 3742 197 25 LAWRENCE.

3543 3826 20 18 .s
3575 3824 53 18 now
3644 3816 105 32 opening
3767 3824 30 23 up
3817 3814 38 25 hU
3878 3813 63 26 First
3963 3814 126 33 Shipment

3554 3861 26 25 of
3596 3860 143 26 SUMMER
3755 3858 168 31 DRAPERY,
3939 3859 137 27 consisting

3553 3906 25 24 of
3585 3906 30 24 all
3627 3907 39 23 the
3674 3907 70 23 latest
3755 3904 117 25 novelties
3882 3906 34 23 for
3928 3904 39 25 the
3975 3904 95 32 oomiog

3621 3952 90 22 season,
3730 3943 47 26 and
3791 3944 77 32 prices
3881 3946 23 21 to
3923 3944 87 23 match*

3657 3984 122 30 Millineiy
3793 3991 14 17 a
3831 3982 136 32 Speciality.

3734 4124 76 26 VisWs
3844 4124 91 25 Millers
3962 4124 44 26 Fla
4054 4124 36 25 at

3542 4164 127 31 Roxburgh
3682 4171 72 22 every
3769 4164 37 24 six
3822 4164 87 24 weeks.

4020 4467 42 18 TO

3568 4503 130 22 ROYAL
3727 4500 225 40 y^^SD^
3961 4497 164 27 HRMAjESTY

3553 4539 160 23 warrant
3970 4540 51 20 the
4030 4532 92 32 Queen.

3553 4579 38 26 AND
3597 4579 26 26 BY
3633 4579 88 26 SPECIAL
3727 4566 402 40 WARRAsffOKR.H.THEPRINCEOFWALES.

3568 5124 213 31 wzmwmg

4058 5107 62 45 m

3697 5209 53 63 P
3770 5209 130 63 U-R
3923 5209 51 63 E

3577 5445 513 112 SEEDS

3561 5612 174 39 TOTHILL,
3754 5616 174 42 WATSON,
3947 5621 26 30 &
3993 5621 67 38 CO.,

3636 5688 142 30 Esk-atreet.
3798 5693 165 35 Invercargill,

3556 5733 31 23 So
3597 5742 15 17 e
3627 5737 87 28 Agents
3730 5737 35 24 for
3781 5740 45 24 Oca
3842 5742 78 26 a*wad
3942 5742 155 27 Southland*
