4180 5880
47 205 154 29 •assistants
214 204 72 36 hope
298 205 30 26 to
349 200 96 30 obtain
456 199 80 29 from'
541 197 46 28 Pa-

56 245 121 29 rliament.
216 243 57 28 But
295 250 108 29 anyone
428 239 62 29 who
514 238 25 28 is
564 246 30 19 ac-

57 283 131 41 quainted
211 283 28 28 in
265 293 54 27 any
345 280 101 39 degree
468 278 68 29 with
562 277 47 29 the

58 325 125 29 financial
208 323 154 29 conditions
395 321 30 28 of
449 318 159 30 Australian

56 365 126 39 banking
205 364 56 28 and
295 360 127 31 financial
453 360 101 28 houses
585 358 23 28 is

56 416 88 19 aware
165 406 61 28 that
250 414 83 28 every
355 412 85 19 nerve
462 401 50 29 has
531 404 29 24 to
574 398 34 29 be

57 446 121 31 strained
191 450 29 25 to
233 455 93 20 secure
340 454 68 20 even
430 454 16 17 a
469 440 140 31 moderate

58 489 90 38 profit.
186 487 145 35 Necessity
345 485 95 28 makes
454 484 46 27 the
519 481 90 29 banks

58 539 93 19 severe
164 527 188 33 taskmasters,
367 524 53 29 and
444 524 21 27 it
488 521 120 39 requires

57 581 36 17 no
106 569 101 38 special
220 567 164 37 knowledge
397 565 30 28 of
440 564 79 28 office
533 561 75 29 work
619 560 1 47 j

52 618 35 22 •to
114 610 81 29 know
220 609 60 29 that
305 607 46 28 the
380 605 73 39 daily
481 602 75 30 work
582 601 29 28 of

59 651 147 37 balancing
218 652 129 27 accounts
360 648 23 28 is
396 642 212 38 immeasurably

59 691 138 29 increased
212 691 36 36 by
261 690 47 27 the
321 692 103 33 system
449 685 87 28 which
561 684 48 26 has
619 684 1 43 |

58 731 129 31 obtained
199 730 29 30 of
241 729 140 36 receiving
394 727 90 40 paltry
499 734 60 19 sum
574 732 34 20 on

61 778 109 25 current
180 775 123 26 account.
342 769 87 29 There
440 778 46 17 are
497 774 111 31 persorw
619 759 1 46 j

60 814 70 34 who,
144 813 65 27 with
232 812 47 27 the
304 814 103 24 utmost
430 818 68 26 sang
521 804 88 40 froid,
619 800 1 50 j

61 854 52 28 will
128 852 107 39 deposit
251 852 56 28 £lO
320 851 28 28 in
363 860 15 17 a
404 847 73 30 bank
492 845 53 30 and
559 844 34 28 im-

61 894 144 37 mediately
219 892 117 39 proceed
361 894 29 25 to
413 889 72 28 draw
508 886 100 28 half-a-
619 881 1 50 |

61 935 86 30 dozen
162 934 117 38 cheques
293 931 88 29 which
394 929 53 29 will
461 929 113 28 amount
584 929 27 24 to

63 978 38 27 £9
122 976 29 30 17
169 974 61 28 Hd.
269 973 79 37 They
357 982 47 17 are
425 970 76 28 often
526 966 87 29 under

63 1018 47 28 the
123 1016 123 28 delusion
266 1014 61 29 that
352 1013 63 36 they
443 1020 46 19 are
514 1006 99 31 valued

63 1057 97 29 clients
173 1055 29 30 of
214 1055 48 29 the
275 1053 85 34 bank,
387 1051 52 31 and
467 1052 93 28 resent
585 1057 29 18 as

65 1108 35 19 an
125 1097 99 29 affront
247 1096 49 29 the
320 1093 110 30 mildest
452 1089 161 40 suggestion

65 1139 62 30 that
134 1138 47 29 the
193 1137 96 29 labour
296 1136 30 29 of
338 1140 89 31 entry,
438 1133 178 34 cross-entry,

59 1178 63 31 >and
147 1177 168 40 supervision
341 1173 127 31 involved
492 1173 29 27 in
531 1171 3 46 •
546 1171 72 28 their

66 1220 182 29 transactions
260 1218 23 28 is
295 1218 29 28 in
338 1227 36 18 no
395 1225 61 27 way
481 1221 117 21 commen-

69 1263 91 28 surate
173 1259 66 29 with
251 1259 48 28 the
312 1258 81 29 value
416 1256 29 28 of
465 1253 72 30 their
556 1261 46 19 cus-

68 1305 69 26 tom.
174 1300 58 29 The
263 1298 44 30 old
340 1308 56 19 saw
426 1296 61 28 that
518 1293 53 29 evil
596 1293 23 27 is

63 1341 136 39 •wrought
211 1341 38 39 by
262 1343 75 25 want
350 1338 29 31 of
388 1335 120 39 thought
519 1344 29 19 as
559 1332 61 30 well

71 1393 30 18 as
114 1382 38 38 by
162 1386 73 25 want
248 1381 29 29 of
286 1381 79 28 heart
377 1378 56 29 still
446 1376 78 30 holds
538 1374 82 39 good,

72 1421 55 32 and
140 1421 123 40 possibly
273 1421 77 29 these
359 1418 96 41 people
465 1426 83 20 never
557 1425 48 19 con-

73 1463 75 30 sider
159 1463 47 28 the
218 1461 132 30 vexation
367 1461 28 27 of
420 1459 78 38 spirit
522 1455 98 29 caused

75 1504 37 39 by
126 1503 72 30 their
209 1502 128 30 conduct.
376 1500 28 29 It
428 1500 23 27 is
477 1498 45 28 the
548 1505 72 20 sanu

75 1545 70 28 class
177 1544 30 29 of
237 1543 96 38 people
371 1542 61 28 that
463 1539 52 28 will
548 1538 72 26 write

73 1583 132 38 illegibly,
220 1583 53 27 and
300 1587 29 23 at
354 1586 80 33 gre.-it
459 1578 95 38 length
567 1576 53 28 «tul

73 1633 34 18 on
122 1622 68 28 both
203 1622 72 27 sides
287 1621 30 28 of
329 1621 47 27 the
401 1630 93 27 paper,
522 1625 26 18 t<>
576 1617 33 25 tin-

72 1662 90 29 editor
180 1661 29 28 of
232 1672 17 17 a
273 1669 169 28 newspaper.
483 1655 136 38 Siinilmly

61 1702 78 38 -they
168 1700 55 29 will
253 1700 88 38 coolly
377 1698 55 29 hail
463 1696 136 30 omnibus-

72 1742 89 30 which
173 1753 47 18 are
231 1741 86 37 being
327 1738 122 40 dragged
462 1749 36 26 up
508 1749 13 15 a
533 1737 86 36 heavy

72 1783 99 28 incline
184 1782 93 28 rather
289 1781 66 28 than
381 1780 62 32 give
456 1777 164 29 themselves

72 1823 48 28 the
132 1822 108 29 trouble
252 1821 30 29 of
294 1820 127 36 entering
442 1819 45 27 the
501 1826 102 25 convey-

73 1872 68 21 ance
153 1865 29 26 at
193 1872 17 18 a
223 1861 77 39 place
319 1869 73 20 more
417 1868 64 28 easy
506 1856 44 29 for
574 1856 46 28 the

73 1902 195 29 hard-worked
294 1902 112 33 horses;
425 1898 55 28 and
504 1896 55 28 will
584 1906 37 27 go

101 1942 138 40 shopping
291 1941 115 28 without
419 1948 52 28 any
485 1935 135 30 intention

75 1984 30 29 of
121 1983 146 38 becoming
280 1982 169 39 purchasers.
489 1977 58 29 The
560 1987 45 18 cus-

75 2028 57 26 tom
145 2023 89 29 which
246 2023 108 29 obtains
366 2020 170 38 throughout
548 2018 55 28 Aus-

74 2065 81 29 tralia
179 2064 29 30 of
232 2074 113 28 persons
369 2063 61 27 who
453 2070 48 18 can
527 2067 94 28 scrape

75 2105 129 39 together
215 2105 39 29 £5
267 2103 120 39 opening
399 2112 16 18 a
439 2098 125 38 banking
576 2107 30 19 ac-

76 2149 84 26 count
172 2146 24 29 is
209 2155 70 28 open
304 2148 29 25 to
357 2152 82 28 many
460 2139 161 39 objections,

75 2186 55 29 and
143 2187 23 27 it
177 2185 23 28 is
213 2184 115 29 difficult
340 2187 29 25 to
383 2180 167 31 understand
560 2179 61 37 why

77 2227 47 29 the
136 2226 129 30 nuisance
277 2225 49 29 has
350 2224 70 29 been
438 2218 133 33 tolerated
592 2229 30 19 so

77 2269 75 36 long.
192 2267 28 28 It
232 2267 23 28 is
268 2266 31 29 of
310 2274 94 20 course
423 2274 16 17 a
461 2265 79 36 great
559 2270 47 19 con-

77 2308 130 29 venience
218 2309 30 27 to
261 2312 81 31 many
355 2304 104 39 private
468 2310 113 31 persons
594 2304 29 25 to

77 2354 50 32 get
138 2358 17 17 a
168 2346 74 29 bank
255 2350 29 25 to
296 2352 45 22 act
362 2345 46 28 the
421 2349 61 32 part
494 2343 29 28 of
536 2342 68 28 book-

77 2389 102 38 keeper
203 2385 192 40 gratuitously,
414 2383 54 29 and
490 2382 133 40 probably

79 2430 47 28 the
138 2428 92 39 object
242 2428 29 29 of
283 2427 47 29 the
343 2425 88 30 banks
452 2425 27 28 in
497 2429 111 24 consent-

79 2470 49 38 ing
148 2472 30 25 to
202 2468 104 28 receive
331 2465 78 30 small
433 2474 74 19 sums
531 2464 24 28 is
577 2464 48 29 the

79 2510 71 39 hope
164 2509 61 29 that
242 2508 29 29 in
291 2508 47 29 the
350 2507 91 29 future
454 2505 46 29 the
512 2504 113 30 balance

80 2551 29 29 of
122 2551 46 28 the
180 2548 152 30 individual
352 2557 61 28 may
435 2545 77 30 reach
538 2545 70 29 hand-

79 2601 76 20 some
166 2589 183 40 proportions.
373 2587 54 28 But
440 2587 46 28 the
498 2585 126 39 majority

79 2631 30 30 of
122 2630 77 28 these
211 2639 113 29 persons
334 2627 88 30 would
432 2626 131 38 willingly
572 2636 53 28 pay

80 2671 47 29 the
140 2670 78 29 small
232 2679 59 19 sum
307 2667 124 40 required
456 2667 44 28 for
512 2666 45 29 the
571 2667 41 38 pri-

80 2712 90 38 vilege
194 2711 30 29 of
248 2710 85 38 being
356 2709 62 28 able
442 2712 28 25 to
496 2707 71 38 keep
591 2719 34 17 an

79 2756 116 25 account
208 2750 65 29 with
286 2760 16 18 a
315 2749 84 35 bank,
409 2748 54 28 and
477 2747 77 30 those
567 2749 60 28 who

78 2792 109 39 grudge
199 2803 17 17 a
228 2791 101 37 guinea
341 2800 16 18 a
369 2799 66 28 year
446 2798 50 19 can
516 2787 111 30 become

79 2832 72 30 their
170 2842 60 19 own
251 2829 212 38 book-keepers.
501 2828 29 28 If
542 2839 68 28 open-

79 2874 50 37 ing
160 2883 16 18 a
200 2871 126 39 banking
350 2874 116 24 account
489 2879 70 19 were
585 2880 28 18 re-

79 2913 104 40 garded
197 2913 65 28 with
276 2912 46 29 the
338 2910 162 29 wholesome
512 2911 101 28 serious-

80 2965 63 19 ness
157 2953 60 29 that
230 2952 21 28 it
263 2952 23 28 is
308 2951 28 28 in
362 2949 128 40 England
503 2949 23 28 it
538 2951 89 28 would

80 2998 35 28 be
128 3007 16 18 a
169 2994 129 30 welcome
319 2992 116 39 change,
459 2991 55 29 and
538 2992 90 28 would

80 3037 58 28 also
151 3034 65 30 tend
231 3039 29 23 to
273 3039 115 33 prevent
402 3042 80 26 many
505 3041 77 19 cases
601 3032 30 28 of

82 3076 89 29 fraud.
223 3073 126 38 Scarcely
381 3083 17 17 a
428 3071 76 28 week
537 3083 93 27 passes

81 3117 115 28 without
210 3125 74 18 some
298 3124 61 18 case
384 3112 145 38 occurring
543 3112 27 27 in
585 3113 46 27 the

81 3156 87 40 police
181 3163 92 21 courts
285 3152 144 40 involving
451 3152 47 28 the
520 3152 98 39 illegiti-

82 3202 72 26 mate
186 3206 47 19 use
269 3195 30 30 of
329 3194 119 39 cheques
479 3193 45 31 for
554 3193 78 30 small

80 3241 137 26 amounts.
243 3236 117 37 Passing
371 3234 133 30 valueless
515 3235 117 38 cheques

80 3280 23 29 is
112 3289 35 19 an
157 3278 106 30 offence
272 3281 45 25 too
327 3286 125 19 common
463 3276 28 28 in
503 3274 129 30 Western

79 3318 149 35 Australia,
256 3317 56 28 and
338 3320 74 25 must
435 3316 67 28 tend
528 3319 29 25 to
581 3320 51 33 put

79 3359 126 30 business
218 3357 182 29 transactions
410 3366 36 19 on
454 3366 35 18 an
503 3354 127 30 unsound

79 3400 118 38 footing.
237 3398 56 28 But
317 3398 126 29 business
468 3396 98 40 people
585 3406 46 18 are

79 3441 61 28 well
153 3439 61 30 able
236 3442 29 25 to
287 3438 64 29 look
375 3438 73 29 after
473 3437 73 29 their
571 3446 60 20 own

80 3481 100 30 affairs.
220 3479 27 29 It
271 3479 25 29 is
319 3479 118 29 because
461 3488 40 18 we
527 3477 106 30 believe

80 3523 61 28 that
153 3521 47 29 the
213 3530 60 19 new
287 3519 169 39 regulations
469 3518 55 29 will
547 3517 85 29 afford

80 3573 76 18 some
169 3561 78 29 relief
260 3565 28 24 to
302 3570 34 17 an
362 3559 178 30 overworked
564 3559 69 28 class

83 3603 30 30 of
126 3603 47 29 the
186 3601 169 37 community
369 3600 61 29 that
451 3610 41 19 we
506 3599 128 29 welcome

82 3645 31 28 it.
152 3644 26 27 A
190 3641 70 30 false
281 3641 79 39 pride
386 3651 31 18 or
440 3650 17 19 a
483 3640 104 37 feeling
606 3639 29 29 of

81 3683 186 40 helplessness
292 3681 49 30 has
366 3681 150 40 prevented
540 3680 95 30 united

82 3726 92 27 action
205 3733 103 26 among
340 3721 90 30 clerks
468 3725 28 25 to
527 3721 108 29 redress

82 3765 169 39 grievances.
289 3761 54 29 We
362 3765 73 25 trust
460 3761 47 29 the
534 3761 101 30 reform

83 3805 54 29 will
151 3805 70 28 have
233 3803 48 29 the
294 3802 108 30 desired

120 3847 29 28 It
171 3846 23 28 is
217 3843 167 30 understood
406 3843 60 29 that
485 3843 48 30 the
545 3842 91 31 banks

74 3887 95 36 .doing
182 3886 127 28 business
322 3894 28 17 in
364 3885 34 27 all
413 3885 46 26 the
472 3884 79 27 other
564 3885 54 26 Aus-

85 3925 96 29 tralian
196 3924 128 35 colonies,
338 3934 29 19 as
381 3923 60 30 well
463 3933 30 18 as
515 3923 28 28 in
567 3921 69 30 New

86 3965 128 36 Zealand,
234 3964 184 39 contemplate
439 3963 163 39 instituting
621 3973 15 18 a

86 4007 100 38 charge
199 4017 34 18 on
254 4005 103 29 similar
379 4005 68 29 lines
461 4011 28 22 to
505 4005 47 28 the
565 4004 57 29 fore-

86 4048 95 37 going.

3343 62 167 62 Friday,
3536 76 232 40 November
3791 63 184 55 26,189*
3974 62 1 62 i

1505 86 199 47 MOUNT
1772 132 5 1 .
1792 88 226 45 BEHG.ER
2107 82 156 42 MAIL.

3558 5567 82 21 Printed
3655 5566 40 20 ami
3712 5565 107 21 PutfiHh-rt
3841 5569 25 22 i.y
3887 5565 103 23 WILLIAM
4006 5564 105 23 PAKMLL

3747 5599 31 21 for
3789 5598 35 21 the
3834 5601 131 25 pruptwtoti,
3977 5597 80 23 DVXKI
4066 5604 49 21 ami

3611 5635 133 28 MaTTHKWB,
3766 5638 21 16 at
3810 5634 53 20 tKtir
3881 5633 118 26 Registered
4018 5634 93 27 Fiiittint;

3613 5670 70 21 Office.
3704 5668 65 23 Skull*
3772 5669 26 21 lid
3810 5673 33 15 str.
3852 5673 27 21 <t,
3899 5668 120 26 ltoxlurgh,
4038 5670 66 20 Oue»

3609 5705 49 22 N«w
3678 5703 88 25 Zealand
3772 5705 43 20 -Fi
3822 5704 54 28 id:yr,
3883 5704 116 22 Novemter
4009 5704 32 28 2G,
4052 5705 47 26 lsi
4104 5703 3 29 7,

642 202 49 54 J)
776 200 44 35 A.
895 193 299 41 BUCHANAN,

719 271 73 23 BOOT
820 269 60 23 AND
906 267 75 22 SHOE
1007 263 112 26 MaKER,

686 318 141 30 Scotland
839 333 10 5 -
861 322 106 26 street,
985 310 165 30 Roxburgh.

750 414 92 37 Every
863 409 169 39 description
1056 407 28 30 of

639 470 90 29 Boots
742 477 55 20 and
813 466 89 29 Shoes
917 463 133 30 Supplied
1064 469 35 20 or
1112 458 83 29 Made

819 514 32 20 to
872 505 144 28 Measure.

640 562 45 28 Fit
695 557 184 31 Guaranteed.
956 554 46 29 Fit
1011 550 183 31 Guaranteed.

692 651 123 23 REPAIRS
840 647 115 24 NEATLY
987 644 156 24 EXECUTED.

761 729 25 28 A
809 727 85 29 Trial
918 724 153 30 Solicited.

640 818 40 52 Y
766 814 43 34 A.
887 807 307 40 MILLER,

640 889 134 26 BUILDER,
788 886 107 22 JOINER
909 884 62 21 AND
990 881 205 24 UNDERTAKER,

734 940 72 28 Ross
827 937 98 34 Place,
945 935 165 29 Lawrence.

643 1039 124 31 PLANS
781 1037 80 30 AND
877 1030 320 35 SPECIFICATIONS
1213 1008 1 62 !

785 1093 27 28 A
833 1087 223 34 SPECIALTY.

646 1187 154 39 Quantities
815 1183 138 40 Prepared
976 1182 55 28 and
1053 1180 149 29 Estimates

673 1230 88 28 Given
774 1227 44 29 for
830 1225 36 30 all
880 1225 100 29 classes
993 1223 29 28 of
1038 1218 134 31 Builders'

879 1264 100 30 Work.

761 1350 80 43 'J.
928 1352 34 37 B
1007 1348 35 41 L
1087 1347 114 42 OY,

674 1420 199 24 WHITEHAVEN
887 1417 110 26 STREET,
1013 1414 167 23 LAWRENCE.

674 1444 0 0 i

654 1510 99 31 ROAU
759 1510 16 13 r
804 1507 97 31 AND.
915 1502 219 33 RESIDENCE
1154 1501 49 30 AT

694 1558 256 32 REASONABLE
970 1554 188 31 CHARGES.

760 1648 94 27 IYIIALS
873 1653 33 19 AT
924 1651 50 21 ALL
993 1644 106 26 HOURS.

667 1741 57 27 The
740 1740 60 27 best
816 1734 243 31 Accommodation
1080 1733 44 28 for
1137 1732 48 29 the

787 1775 158 39 Travelling
960 1774 107 28 Public.

649 1864 102 31 GOOD
767 1860 200 31 STABLING.
1007 1857 97 31 OATS
1122 1856 81 30 AND

760 1902 128 31 CHAFF
909 1900 51 29 ON
985 1898 106 30 SALE.

720 1976 211 35 BKBERT
979 1974 101 29 AND
1130 1972 75 36 CO.,

841 2043 170 23 LAWRENCE.

807 2136 153 29 Importers
980 2143 32 18 of
1013 2150 36 4 —

649 2192 202 37 Ironmongery
1221 2192 3 37 i

736 2236 191 40 Agricultural
952 2233 181 40 Implements

911 2280 189 39 Agricultural

823 2338 216 32 GROCKUIES

1221 2369 2 16 i

668 2399 98 32 TEAS
879 2398 97 29 TEAS
1091 2394 97 30 TKAS
1221 2389 2 42 !

654 2448 127 38 (Ceylon)
872 2445 122 36 (Indian)
1084 2443 122 35 (China.)

652 2525 94 49 W.
819 2523 60 64 J.
942 2518 267 60 Martin,

654 2601 288 34 WATCHMAKER
961 2601 23 29 &
999 2598 212 31 JEWELLER

746 2656 71 29 Ross
838 2655 97 33 Place,
956 2652 163 29 Law*ence.

656 2737 142 35 Watches,
818 2735 100 30 Clocks
938 2734 54 28 and
1014 2732 146 36 Jewellery
1182 2733 28 26 of

699 2779 37 28 all
750 2777 182 38 descriptions
945 2775 69 37 kept
1026 2773 28 28 in
1069 2772 96 29 Stock.
1225 2772 2 43 |

672 2829 71 30 Nice
757 2827 137 30 Selection
908 2826 28 29 of
955 2826 78 34 Gem,
1047 2823 144 37 Wedding
1223 2815 4 45 j

786 2877 55 21 ana
856 2867 110 40 Keeper
978 2866 98 39 Rings.

656 2951 19 21 A
688 2949 107 22 CHOICE
816 2947 182 22 ASSORTMENT
1018 2946 36 20 OF
1074 2944 138 21 ARTICLES

679 2983 141 23 SUITABLE
830 2982 55 22 FOR
896 2980 139 22 WEDDING
1046 2978 149 22 PRESENTS,
1226 2978 1 28 i

717 3050 155 40 Spectacles
886 3055 28 24 to
929 3049 61 29 Suit
1004 3048 35 29 all
1054 3047 106 38 Sights.

680 3133 105 28 Watch
818 3140 54 19 and
906 3129 89 29 Clock
1032 3128 118 27 Repairs
1183 3135 16 19 a

864 3178 157 23 Specialty.

661 3255 114 40 Repairs
788 3265 31 18 or
832 3253 102 30 Orders
951 3253 70 28 from
1037 3251 46 29 the
1098 3253 118 35 country

710 3297 36 37 by
769 3299 63 34 post
853 3294 54 27 will
931 3293 106 28 receive
1058 3295 112 33 prompt

863 3332 146 29 attention.

676 3409 112 27 FANCY
813 3408 112 26 GOODS
943 3407 70 24 A>D
1033 3405 166 26 DRAPBkY.

694 3517 10 18 1
749 3516 23 25 J.
809 3514 137 25 WATKRrt
973 3513 89 24 desires
1088 3517 26 20 to
1138 3511 75 30 notify

710 3567 6 5 .
748 3549 54 25 tb.it
817 3549 42 23 she
871 3548 71 28 keeps
953 3548 23 22 in
987 3549 64 21 stock
1070 3546 85 24 Ladies
1167 3552 45 16 ana

663 3582 115 26 Children
788 3590 11 17 s
817 3580 197 31 Underclothing,
1030 3580 48 24 aud
1090 3581 30 22 all
1141 3579 73 24 kinds

663 3619 24 22 ef
702 3618 116 28 Drapery.

695 3660 80 31 Faucy
789 3659 81 24 Goods
882 3668 13 13 a
910 3657 135 33 Specialty.

701 3705 134 24 Christrna*
846 3704 46 23 and
905 3704 54 22 New
973 3702 62 24 Year
1046 3706 139 26 pre«ent«—

789 3756 13 16 a
819 3753 65 26 great
898 3754 85 21 variety
995 3752 25 19 to
1032 3747 62 23 band

789 3782 135 24 Infection
937 3781 91 22 Invited

693 3815 113 30 Painting
820 3815 44 23 and
877 3820 33 18 &n
939 3812 150 26 i-eediework
1102 3812 86 27 taceht

761 3852 111 20 Summer
886 3848 80 23 «ioods
983 3855 50 16 now
1048 3854 28 14 *»i<
1096 3846 61 24 hand

670 3906 137 23 Address—
811 3902 125 25 Orniond's
948 3902 45 23 Bui
1007 3902 55 30 ding
1075 3902 23 21 R-
1107 3902 97 28 Xburgh

818 4023 58 21 THE
889 4022 186 21 CELEBRATED

667 4063 172 32 CORNISH
859 4061 203 31 AMERICAN
1081 4060 141 32 PIANOS

811 4111 81 30 AND
919 4110 162 29 ORGANS.

686 4189 163 51 k/JESSRS
877 4187 167 31 CORNI&H
1068 4187 23 29 &
1107 4188 56 28 CO.
1177 4199 45 18 are

768 4231 48 29 the
829 4230 63 37 only
907 4230 60 27 firm
982 4228 29 29 of
1024 4228 89 28 actual
1128 4239 76 18 manu-

670 4272 134 29 facturers
818 4271 30 28 of
867 4270 67 38 high
957 4268 85 38 grade
1056 4268 98 29 Pianos
1168 4270 54 27 and

671 4313 108 39 Organs
804 4311 28 29 in
859 4310 48 28 the
942 4309 102 29 United
1073 4313 90 25 states
1195 4310 28 28 of

671 4353 112 29 Ameria
815 4351 100 37 selling
943 4350 168 38 exclusively
1136 4350 87 29 direct

670 4394 72 28 from
755 4394 47 27 the
816 4393 106 36 factory
934 4396 28 22 to
973 4391 45 27 the
1028 4390 112 36 general
1154 4392 51 36 pub-

670 4434 45 36 lic,
724 4438 28 24 at
762 4432 170 41 guaranteed
943 4430 142 29 wholesale
1096 4431 73 37 price
1180 4431 43 28 for

670 4485 16 18 a
699 4475 88 37 single
801 4475 176 26 instrument.
1016 4470 45 29 No
1076 4478 97 29 agents
1192 4482 31 17 or

670 4514 105 28 dealers
797 4524 45 18 are
863 4511 115 30 allowed
1004 4515 28 24 to
1054 4510 100 29 handle
1176 4512 47 28 the

673 4553 115 30 Cornish
797 4554 146 28 American
957 4552 99 27 Pianos
1065 4562 30 17 or
1103 4552 117 38 Organs.

672 4594 27 28 It
712 4595 23 28 is
746 4595 59 37 just
818 4605 30 17 as
861 4604 64 27 easy
939 4592 44 28 for
997 4592 46 27 the
1066 4592 109 27 readers
1194 4593 29 26 of

673 4634 53 27 this
738 4644 85 27 paper
835 4639 28 22 to
877 4633 36 28 sit
926 4632 80 27 down
1031 4632 55 27 and
1109 4632 80 27 order
1208 4641 15 17 a

672 4672 85 29 Piano
771 4683 30 18 or
816 4673 92 38 Organ
922 4672 72 27 from
1007 4671 135 34 America,
1156 4682 29 17 as
1196 4675 27 24 to

673 4713 80 28 order
762 4723 52 19 one
827 4713 69 28 from
909 4712 71 29 their
990 4711 86 28 music
1086 4715 82 31 store,
1177 4711 46 28 the

673 4753 63 38 only
750 4753 147 29 difference
912 4752 84 37 being
1009 4752 65 37 they
1087 4752 54 27 will
1159 4762 64 18 save

674 4794 69 27 from
758 4794 35 27 50
806 4798 28 23 to
853 4793 48 27 100
914 4803 50 27 per
976 4796 72 24 cent.

712 4832 52 30 We
778 4833 68 29 have
862 4832 108 40 Organs
983 4833 70 28 from
1067 4833 38 28 £6
1117 4835 28 26 to
1158 4833 69 35 £25,

675 4874 100 29 Pianos
787 4875 69 27 from
872 4875 57 28 £b'4
942 4878 28 23 to
983 4874 66 34 £oo,
1060 4873 54 29 and
1124 4884 40 18 we
1177 4874 49 29 sell

675 4915 43 29 for
731 4915 64 28 cash
809 4924 32 19 or
867 4924 71 29 upon
959 4913 160 30 instalment
1137 4914 88 39 plans,

674 4959 29 26 to
717 4955 55 29 suit
794 4955 47 29 the
863 4955 183 29 convenience
1060 4955 29 29 of
1101 4955 46 29 the
1160 4966 49 28 pur-

673 4996 103 29 chaser.
817 4995 57 30 Our
904 4996 77 39 large
1009 4995 54 29 and
1089 4996 136 39 complete

672 5036 143 39 catalogue
837 5036 55 30 will
917 5037 35 30 be
976 5036 154 30 forwarded
1150 5047 73 28 upon

672 5084 118 30 request.
829 5077 29 28 It
870 5078 23 27 is
906 5078 48 27 the
966 5077 82 28 finest
1056 5077 167 36 description

671 5115 30 29 of
714 5115 98 30 Pianos
825 5117 55 28 and
895 5116 107 39 Organs
1015 5115 92 30 issued
1120 5116 37 38 by
1168 5126 54 28 any

671 5155 60 28 firm
754 5156 28 28 in
804 5157 47 28 the
877 5162 125 33 country,
1015 5155 54 29 and
1083 5155 78 39 gives
1174 5156 48 29 the

670 5195 89 29 actual
771 5196 105 39 factory
889 5197 80 29 value
981 5196 30 29 of
1023 5206 82 28 every
1118 5195 88 30 instru-

670 5240 77 24 ment
758 5236 22 29 it
792 5237 146 30 describes.
962 5237 76 29 With
1051 5247 82 28 every
1147 5241 59 24 cata-

671 5275 80 39 logue
762 5276 25 29 is
799 5278 146 37 presented
958 5288 51 19 our
1020 5278 102 39 unique
1135 5277 71 29 refer-

670 5325 66 20 ence
748 5316 84 36 book,
872 5317 57 30 The
944 5318 87 29 Heart
1043 5318 29 29 of
1086 5318 47 29 the
1151 5317 51 30 Peo-

766 5357 88 28 Write
862 5358 44 28 for
914 5359 152 36 catalogue.
1086 5358 133 36 Address,

792 5406 169 31 CORNISH
982 5408 24 29 &
1029 5408 67 38 CO.,

684 5454 162 27 Washington,
858 5456 54 20 New
924 5457 91 25 Jersey,
1026 5458 58 26 U.S.,
1095 5459 112 20 America.

816 5525 136 30 WIPE'S
1001 5527 221 32 WELFARE—

758 5564 122 32 Treatise
900 5567 97 39 posted
1019 5568 67 31 free.
1124 5569 29 30 It
1170 5569 53 30 will

675 5608 79 27 teach
776 5617 54 25 you
856 5617 74 18 more
945 5609 64 26 than
1022 5609 36 28 all
1081 5609 47 29 the
1144 5620 79 28 years

677 5646 98 30 vou've
788 5646 82 29 lived.
908 5648 89 37 Every
1009 5660 105 17 woman
1127 5650 98 29 should

677 5686 63 29 read
772 5687 30 28 it.
844 5686 87 28 Write
964 5688 74 29 Prof.
1072 5689 153 36 Hermann,

677 5726 108 29 French
799 5726 157 38 Specialist,
968 5729 34 26 40
1022 5728 204 40 Collins-place,

678 5767 171 30 Melbourne.

87 4156 168 69 Mrs
270 4154 103 70 4
391 4156 226 65 Smith

108 4258 125 34 Florist,
254 4258 172 29 Wholesale
444 4268 55 19 and
521 4259 102 30 Retail

228 4299 87 28 Seeds
336 4300 166 34 Merchant,

118 4350 137 29 MORAY
275 4350 131 37 PLACE,
426 4351 191 37 DUNBDJN,

94 4402 115 26 (Successor
217 4403 21 19 to
244 4402 50 20 Geo.
302 4402 265 22 Matthews—Established
577 4404 66 28 1850.)

218 4469 149 30 FLORAL
388 4471 127 30 WORK.

128 4510 67 28 Ihis
223 4510 24 27 is
272 4510 47 28 the
344 4510 125 39 Leading
494 4512 96 29 House
614 4513 28 28 in

92 4550 128 30 Dunedin
234 4549 45 30 for
298 4550 92 29 Bridal
415 4551 134 35 Showers,
571 4553 54 28 Bou-

92 4595 89 35 quets,
203 4590 140 36 Wreaths,
358 4591 112 39 Sprays,
484 4591 54 28 and
554 4593 89 29 Floral

88 4631 130 37 Designs.

129 4670 51 38 My
193 4670 139 28 continual
345 4670 52 28 and
413 4671 132 30 unvaried

93 4722 151 22 BUCCRSSES
258 4720 38 23 AT
308 4722 61 21 THE
379 4722 131 22 DUNEDIN
526 4723 120 22 FLOWER

320 4750 99 22 SHOWS

94 4786 23 28 is
134 4785 136 29 sufficient
288 4786 80 37 proof
390 4786 30 28 of
432 4797 47 26 my
498 4787 148 38 capability

92 4826 30 28 in
136 4825 56 29 this
204 4826 104 29 branch
321 4826 30 29 of
364 4826 47 29 the
424 4826 135 31 business.

131 4866 50 40 My
190 4868 161 38 experience
360 4867 113 30 enables
486 4878 44 19 me
543 4872 28 25 to

128 4925 76 22 PACK
216 4925 91 25 THESE
320 4925 141 23 DELICATE
475 4926 136 22 ARTICLES

91 4962 45 29 for
154 4962 51 29 rail
223 4972 31 19 or
276 4967 118 24 steamer
406 4962 66 30 with
495 4962 68 30 such
583 4972 62 21 care

88 5003 55 29 and
165 5013 108 19 succees
286 5014 31 18 as
331 5007 28 26 to
371 5013 100 20 ensure
494 5004 72 29 their
585 5004 59 29 safe

87 5043 56 30 and
152 5044 106 40 perfect
267 5044 130 39 delivery,
406 5055 68 20 even
484 5044 72 31 after
565 5055 78 20 some

89 5085 68 35 days
169 5085 28 26 in
210 5085 109 27 transit.

126 5123 15 27 I
153 5124 70 26 have
235 5132 148 19 numerous

93 5171 193 23 UNSOLICITED
294 5171 209 22 TESTIMONIALS
512 5172 79 21 FROM
602 5172 20 20 M
627 5172 16 20 V

282 5198 165 23 CUSTOMERS

93 5234 55 29 and
162 5234 117 29 Patrons
291 5234 134 38 attesting
447 5238 29 25 to
489 5244 45 28 my
547 5234 97 39 ability

90 5275 29 31 in
132 5273 56 31 this
199 5273 158 40 particular.

305 5346 128 30 SEEDS.

130 5389 14 28 I
169 5388 103 38 import
302 5387 65 37 only
400 5386 70 28 from
503 5386 47 30 the
581 5388 61 28 best

94 5430 145 38 European
253 5427 54 29 and
318 5426 175 31 Continental
508 5426 134 38 Growers,

94 5482 30 18 so
138 5470 61 29 that
211 5468 162 39 purchasers
385 5477 50 19 can
449 5468 59 37 rely
529 5477 36 19 on
581 5472 45 34 get-

93 5511 64 39 ting
169 5510 115 38 nothing
302 5508 50 30 but
368 5508 47 30 the
428 5508 63 29 best
503 5507 99 30 strains
615 5507 29 30 of

93 5552 96 31 Seeds.

131 5594 42 36 fo
186 5593 79 30 those
279 5592 61 29 who
352 5591 70 28 have
440 5592 50 26 not
502 5588 83 39 given
599 5599 45 27 my

97 5636 73 31 Seed
190 5645 17 20 a
227 5632 73 37 trial,
313 5632 15 29 I
338 5630 90 31 would
449 5629 57 29 like
530 5629 74 29 them
618 5633 28 24 at

94 5679 72 34 least
178 5679 30 27 to
220 5674 68 31 send
300 5684 45 19 me
357 5684 16 18 a
386 5671 79 30 small
485 5671 62 28 trial
567 5671 80 29 order

93 5717 57 31 and
163 5724 127 30 compare
303 5712 110 36 results,
425 5712 55 29 and

92 5749 6 8 '
116 5772 10 18 I
141 5769 44 23 AM
198 5766 129 24 WILLING
338 5764 36 22 TO
388 5763 89 22 ABIDE
491 5762 37 23 BY
541 5762 89 22 THEIR

113 5790 29 14 *•
301 5791 146 27 DECISION.

1345 782 396 76 iswm

1748 1330 96 32 ,Jl\D

1886 1818 480 89 WINTER

1596 2337 414 91 GOODS

1733 3491 106 121 *

1310 4354 26 24 m

1710 4369 69 96 •

2332 4484 31 15 •;■<

1714 4530 112 29 •i^SSSSaI

1568 5148 51 55 T)
1647 5145 49 58 U
1727 5141 340 58 NEDIN,

2395 1512 179 52 MILLS,
2595 1512 133 42 DICK,
2754 1510 37 36 &
2817 1508 130 39 CO.!S

2462 1567 100 33 *••'•.
2637 1569 70 29 1897

2413 1621 191 32 ALMANAC
2625 1629 53 22 and
2701 1616 240 34 DIRECTORY..

2578 1668 85 35 Pricej
2679 1668 10 28 1
2696 1678 12 18 s
2723 1667 45 29 6d.
2890 1667 3 36 •

2397 1751 106 37 Every'
2513 1749 133 34 Farmer/
2665 1748 113 33 Miner,-

2644 1794 54 29 and
2726 1794 134 27 Business
2886 1791 66 28 Man

2473 1849 106 30 Should
2606 1849 120 28 Procure
2748 1858 17 17 a
2792 1846 86 37 Copy.

2427 1928 59 30 Can
2511 1928 36 28 be
2573 1926 55 31 had
2653 1926 71 28 from
2752 1924 47 28 the
2813 1922 3 36 .
2825 1922 85 29 under-

2577 1965 159 30 mentioned
2738 1981 37 5 —

2435 2028 119 28 Macka*
2568 2027 95 33 Bros.,
2677 2023 157 38 Roxburgh

2434 2068 27 29 J.
2477 2067 80 30 Noon
2561 2075 44 26 an,
2621 2064 110 32 Ettriek

2434 2109 93 29 Johns
2541 2117 56 19 and
2611 2105 148 36 M'Combe,
2774 2103 105 29 Millers
2892 2101 63 30 Flat

2434 2150 29 28 J.
2477 2148 34 29 R.
2528 2147 92 35 Kemp,
2635 2147 69 27 Bald
2720 2145 55 28 Hill
2792 2143 63 30 Fhrt

2436 2188 31 30 L.
2483 2189 89 34 Ryan,
2585 2187 73 35 Jnr.,
2674 2184 159 31 Alexandra
2846 2182 90 30 South

2435 2230 33 28 B.
2482 2229 124 34 Naylor,
2622 2227 88 38 Clyde

2461 2312 79 28 ANY
2562 2311 99 29 Ladies
2684 2309 136 38 complain
2835 2308 60 27 that
2909 2307 47 27 the

2402 2346 55 20 ■*•*■*■
2498 2353 56 29 Tea
2566 2352 65 37 they
2645 2350 70 28 have
2726 2350 68 27 been
2811 2347 81 39 using
2906 2347 48 28 has

2400 2394 108 30 neither
2518 2393 129 38 strength
2659 2401 49 19 nor
2717 2390 113 29 flavour.
2853 2389 26 28 If
2890 2388 63 37 they

2400 2440 44 32 try
2459 2434 87 28 Kozie
2559 2433 56 27 Tea
2627 2432 67 37 tliey
2707 2430 54 28 will
2775 2430 34 27 be
2824 2429 129 28 satisfied.

2399 2476 92 29 Johns
2508 2474 25 29 &
2552 2472 149 36 M'Compe,
2717 2473 117 37 Agents,
2851 2469 104 29 Millers

2399 2516 72 29 Flat.

2568 2683 36 27 all
2627 2682 47 28 the
2700 2680 111 36 lending
2841 2677 112 35 Mulish

2475 2724 56 28 and
2545 2723 120 29 German
2679 2721 97 28 Makes
2790 2719 30 28 of
2837 2718 97 27 Pianos
2947 2727 5 17 :

2451 2775 176 24 BRINSM3AD,
2646 2772 139 22 COLLARD.
2805 2770 98 26 SA.MES,

2595 2799 167 26 EAVESTOFF,

2400 2841 204 26 SCHWECHTEN,
2616 2840 70 25 LIPP,
2696 2838 73 22 fiORS
2778 2838 17 20 k
2806 2834 148 27 KA.LLMAN,

2528 2879 166 25 GEHHARDT,
2710 2877 124 22 HANSEN.

2439 2952 122 40 Chas.
2585 2950 110 48 Begg
2717 2947 84 40 and
2825 2945 98 41 Co.'s

2402 3022 233 32 EXHIBITION
2665 3020 133 29 MODEL
2830 3017 127 41 PIANO,

2604 3074 57 28 £3B
2682 3080 75 20 NKTT.

2402 3155 121 32 STORY
2549 3154 24 31 &
2602 3152 162 32 CLARK'S
2794 3148 163 37 ORGANS,

2500 3206 177 32 KIMBALL
2698 3203 163 36 ORGANS,

2402 3263 82 28 From
2493 3262 57 28 £2O
2560 3265 28 24 to
2598 3255 79 36 £50..
2687 3258 89 29 .From
2787 3257 55 28 £2O
2853 3260 28 24 to
2891 3255 66 28 £SO.

2402 3341 148 32 BESSON
2578 3340 24 30 &
2633 3336 181 32 BOOSb-Y'S
2835 3333 122 32 BRASS

2538 3378 287 32 INSTRUMENTS.

2404 3465 98 29 Violin
2518 3465 67 27 Bow
2604 3463 153 28 Repairing
2770 3469 17 19 a
2802 3459 155 29 Specialty.

2442 3516 103 33 Violin,
2561 3515 65 28 Bow
2641 3512 54 30 and
2712 3511 100 30 Case...
2855 3507 67 40 30/-

2440 3556 186 34 Accordeons,
2640 3554 72 29 from
2785 3577 28 3 ...
2879 3548 43 41 </o'

2474 3637 110 30 CHAS.
2606 3634 102 30 BEGG
2733 3632 79 30 AND
2834 3631 56 30 CO.

2404 3688 80 29 Have
2505 3687 47 28 the
2576 3686 105 37 largest
2704 3683 55 29 and
2780 3686 73 24 most
2865 3680 94 30 varied

2404 3728 78 30 stock
2496 3727 30 29 of
2539 3726 91 28 Music
2641 3725 26 27 in
2679 3725 48 27 the
2738 3725 6 24 <
2752 3723 99 36 'olony.
2891 3720 68 30 New

2502 3768 161 38 Shipments
2679 3762 188 39 Fortnightly.

2590 3819 71 29 New
2682 3817 97 30 Songs.

2441 3862 81 28 Morn
2556 3860 29 29 of
2625 3860 123 27 Sorrows
2750 3855 211 28 —Snowfhikes

2404 3901 174 30 Fair—Gate
2592 3900 28 28 of
2639 3897 157 30 Life—For
2816 3896 46 29 the
2888 3894 60 29 Chil-

2405 3943 91 29 dren's
2511 3939 184 31 Sake—Wilt
2708 3938 77 28 Thou
2801 3937 33 28 be
2851 3935 111 29 iMine—

2407 3984 138 29 Sunshine
2578 3982 97 28 Above
2677 3980 96 28 —She
2807 3978 100 37 Stoops
2934 3981 28 23 to

2407 4025 129 38 Couquer
2536 4023 82 29 —No
2641 4022 44 28 for
2707 4031 35 17 an
2764 4017 198 31 Answer—No

2407 4066 89 29 Man's
2512 4064 86 29 Land.

2538 4116 100 30 Violin
2658 4123 56 20 and
2733 4113 97 27 Piano.

2444 4159 129 28 Andante
2596 4163 28 21 et
2648 4156 118 27 Scherzo
2790 4151 172 38 Capriccioso

2409 4199 113 38 (David)
2603 4195 100 30 Bach's
2747 4198 40 24 Ist
2828 4193 134 29 Concerto

2411 4240 150 36 (Alard)—
2561 4238 88 28 Three
2686 4236 94 28 Pieces
2807 4232 155 37 Classiques

2410 4282 7 36 (
2425 4277 270 41 Hfigghinnti)—Les
2702 4276 105 28 Echoes
2813 4273 20 36 (I
2840 4270 120 38 jeonard)

2407 4320 174 30 —Mazurka
2619 4318 34 28 de
2699 4318 118 28 Conceit
2865 4312 97 35 (Ovide

2408 4362 141 36 Musin)—
2552 4360 139 27 Romance
2727 4355 125 36 (Jausen)
2856 4356 106 25 —Sou-

2408 4403 77 28 venir
2499 4401 34 29 de
2547 4400 103 38 Haydn
2668 4399 7 35 (
2703 4395 126 38 eonard).

2450 4485 121 38 Chas.
2595 4482 110 46 Begg
2733 4478 81 38 and
2839 4476 75 40 Co.,

2424 4546 32 27 21
2499 4546 119 26 Princes
2655 4541 112 33 Street,
2803 4536 138 32 Duneuin,

2407 4595 114 38 Having
2546 4605 16 16 a
2588 4593 76 28 Most
2691 4589 126 29 Efficient
2842 4585 70 29 Staff
2932 4583 28 29 of

2409 4635 159 33 Workmen,
2578 4643 50 18 can
2640 4631 101 37 Kepair
2750 4628 54 27 and
2827 4628 3 40 l
2842 4635 53 19 une
2906 4633 52 27 any

2528 4672 117 30 Musical
2665 4669 171 30 Instrument

2461 4725 49 29 AT

2456 4788 33 21 To
2506 4792 27 16 be
2548 4788 127 19 Published
2690 4787 24 15 in
2725 4782 112 21 January,
2853 4777 55 19 1803.

2411 4833 169 32 QTONES'
2612 4828 125 34 OTAGO
2768 4827 23 28 &
2818 4823 119 31 SOUTH-

2409 4859 36 33 >3
2652 4869 105 30 LAND

2457 4929 152 19 COMMERCIAL,
2627 4923 134 21 MUNICIPAL,
2772 4920 16 18 6i
2803 4920 107 17 UENEItAL

2565 4962 239 43 DIRECTORY,

2658 5020 54 21 AND

2444 5068 89 31 NEW
2551 5062 182 33 ZEALAND
2748 5057 172 34 ANNUAL,

2630 5112 112 37 1898.

2428 5203 166 34 Fourteenth
2613 5200 74 30 Year
2705 5197 31 29 of
2754 5193 181 31 Publication.

2406 5287 89 35 Demy
2521 5283 53 28 Bvo
2599 5278 63 35 size,
2689 5273 160 36 containing
2871 5271 85 28 about

2423 5317 284 45 900pages,together
2716 5314 63 29 with
2790 5322 146 19 numerous

2460 5365 80 35 Maps
2564 5356 139 32 corrected
2724 5360 28 21 to
2766 5353 73 33 date,
2852 5351 47 28 the

2488 5400 86 33 whole
2587 5395 177 37 handsomely
2778 5390 95 31 bound

2515 5444 28 27 in
2556 5438 83 35 cloth,
2650 5433 194 42 gilt-lettered.

2411 5525 76 30 Price
2499 5527 29 25 to
2543 5517 186 34 Subscribers,
2744 5515 48 28 12s
2806 5513 54 35 6d;
2879 5511 58 30 Non-

2397 5551 4 50 j
2555 5557 186 34 Subscribers,
2752 5556 57 28 15s.

2456 5641 131 35 STOKE,
2618 5637 84 35 SON,
2734 5634 82 30 AND
2846 5633 67 37 CO.,

2597 5684 178 32 Publishers,

2468 5731 141 34 Crawford
2634 5729 102 38 Street,
2759 5726 138 32 Dunedin.

3364 179 79 22 dW

3212 239 100 22 SEE

3017 336 8 16 <
3098 312 91 41 THAT
3209 312 93 43 YOUR
3323 312 108 43 BOOTS
3459 341 23 18 v

3017 386 60 44 ARE
3100 384 152 44 BRANDED
3271 384 45 43 ON
3337 385 66 42 THE
3426 385 88 43 HEEL

3845 327 41 21 STJ

3850 352 34 14 MW

3197 468 120 57 t*o

3912 524 28 23 m

2634 557 3 2 ■

2655 566 31 19 w.

3509 573 4 14 i
3528 573 2 14 i

2594 585 59 17 SEsi

3562 603 2 18 :
3575 603 3 18 :

3329 686 33 29 %

2664 714 36 28 SB

2527 729 26 23 iffl

3906 752 1 12 :

3168 754 28 15 «s

3032 759 50 15 »',-*:•

2502 771 41 23 I'ifV:

3822 807 31 57 1

3869 812 19 20 &

2630 861 23 30 1

3794 905 40 28 l££

2817 986 159 29 SECOND.

2488 987 120 29 FIRST.
2817 986 159 29 SECOND.
3186 984 131 28 THIRD.
3518 982 166 29 FOURTH.
3885 982 123 27 FIFTH.

2390 1028 120 30 BOOTS
2543 1028 66 29 with
2648 1028 55 29 this
2743 1027 42 30 On
2800 1028 55 28 this
2878 1026 93 30 Brand
2990 1025 65 39 only
3095 1024 73 39 Only
3189 1025 47 28 the
3257 1034 67 28 very
3347 1024 62 29 best
3449 1023 135 35 Farmers,
3640 1022 114 36 Miners,
3793 1021 58 30 The
3859 1021 137 29 Standard
4003 1020 91 29 Brand

2390 1070 92 29 Brand
2492 1080 34 18 on
2536 1070 48 28 the
2592 1070 61 28 heel
2660 1079 45 19 are
2744 1069 47 29 the
2823 1079 66 28 very
2927 1068 63 29 best
3029 1066 28 29 of
3095 1065 29 30 of
3136 1065 140 30 Materials
3288 1075 44 19 are
3341 1065 67 28 used
3448 1065 52 28 and
3515 1064 35 29 all
3564 1064 61 29 who
3639 1067 73 24 want
3726 1067 28 24 to
3794 1063 83 28 Boots
3891 1061 54 30 and
3957 1061 86 30 Shoes
4051 1072 45 19 are

2390 1110 169 40 guaranteed
2566 1114 28 25 to
2601 1110 43 29 Fit
2652 1110 54 28 and
2746 1109 152 30 Workmen
2928 1118 47 20 are
3001 1119 55 17 em-
3096 1107 25 28 in
3159 1107 54 28 tVis
3256 1106 91 29 Brand
3382 1107 28 28 of
3448 1105 70 38 keep
3537 1105 74 29 their
3622 1103 58 31 feet
3692 1103 61 40 dry,
3792 1103 101 28 known
3912 1103 70 28 from
4003 1103 20 27 A
4030 1102 65 29 tick-

2465 1150 85 28 Wear
2562 1151 59 27 well
2848 1149 109 29 oloved.
3124 1147 84 29 Boots
3220 1147 56 28 and
3291 1146 95 29 Shoes.
3483 1149 44 29 try
3541 1146 55 28 this
3615 1145 101 28 Brand.
3794 1143 63 29 land
3871 1148 29 24 to
3913 1143 46 29 the
3973 1143 77 28 Bluff
4056 1143 40 28 for

2848 1149 109 40 ployed.

3483 1149 44 35 try
3541 1146 55 28 this
3615 1145 101 28 Brand.

2465 1150 85 30 Wear
2562 1151 70 29 well.
2848 1149 109 40 ployed.
3076 1143 3 46 |
3124 1147 84 29 Boots
3220 1147 56 28 and
3291 1146 95 29 Shoes,
3425 1143 2 46 j
3483 1149 44 35 try
3541 1146 55 28 this
3615 1145 101 28 Brand.
3772 1143 5 40 |
3794 1143 62 29 land
3871 1148 28 24 to
3913 1143 46 29 the
3973 1143 77 28 Bluff
4057 1143 39 28 for

3955 1184 111 38 quality.

2430 1232 74 29 ALL
2524 1232 119 30 BOOTS
2665 1232 170 29 BEARING
3165 1227 51 30 ON
3246 1229 5 10 r
3255 1228 68 28 IHE
3344 1227 102 29 HEKL
3478 1226 75 30 ARE
3580 1225 323 30 MANUFACTURED
3923 1224 41 29 IN
3985 1224 77 29 THE

2708 1271 252 31 CELEBRATED
3271 1268 132 28 BRAND
3424 1267 97 29 BOOL'
3542 1267 177 29 FACTORY
3739 1265 50 30 BY

2674 1335 370 64 SARGOOD,
3090 1333 131 55 SON
3260 1332 331 62 &EWEN,
3644 1357 197 33 dunbdw..

2444 1406 176 22 WHOLESALE
2647 1406 86 21 ONLY.

3179 1617 257 58 GOACII
3499 1614 405 67 BUILDERS,

3215 1719 332 33 WHEELWRIGHTS,
3587 1717 285 35 BLACKSMITHS,

3071 1844 303 32 AGRICULTURAL
3413 1843 229 29 IMPLEMENT
3680 1841 365 36 MANUFACTURERS,.

3177 1929 7 25 •;
3196 1924 5 8 %
3220 1935 13 12 ;•
3345 1918 72 30 Ross
3457 1918 99 35 Flack,
3594 1917 164 30 Lawkence.

3024 2013 74 29 ALL
3139 2009 122 32 KINDS
3301 2013 48 28 OF
3387 2010 147 31 MINING
3573 2009 235 30 MACHINERY
3846 2008 109 30 MADE
3993 2008 82 29 AND
4078 2010 9 13 J

3450 2062 204 29 REPAIRED.

3441 2156 111 28 Agents
3572 2163 49 20 for
3622 2171 35 4 —

2987 2226 230 39 Massey-Harris
3239 2225 120 39 Reapers
3381 2224 55 29 and
3466 2224 122 34 hinders,
3610 2223 177 34 Cultivators,
3814 2222 137 35 bcufflers,
3977 2221 122 38 Plough*

3449 2264 90 29 Horse
3553 2263 99 36 Rakes,

3292 2316 122 29 Peerless
3435 2315 52 35 Oil,
3509 2315 103 27 Binder
3631 2314 103 35 Twine,
3754 2314 49 28 &c.

3040 2401 47 28 All
3118 2400 88 28 Work
3238 2398 151 30 Entrusted
3412 2401 28 25 to
3466 2397 42 29 Us
3534 2396 55 29 will
3615 2396 116 28 Receive
3758 2395 114 38 Prompt
3898 2395 169 31 Attention.-.

3313 2478 132 22 CHARGES
3471 2476 134 23 STRICTLY
3633 2476 153 21 MODERATE

3244 2566 75 30 FOR
3358 2566 97 29 SALE
3472 2565 5 29 !

3622 2563 72 31 FOR
3735 2563 116 30 SALE!

3003 2654 16 25 4
3067 2647 219 32 STAUNCH
3319 2646 92 30 AND
3448 2645 253 31 HANDSOME
3739 2642 371 31 THOROUGHBRED

3448 2800 142 29 Produced
3617 2800 35 37 by

3156 2854 161 32 Yankee
3339 2852 240 31 enterprise
3599 2851 77 30 out
3695 2850 49 30 of
3765 2848 184 31 America.

3256 2895 46 38 Up
3315 2899 28 24 to
3356 2904 54 27 any
3424 2893 111 37 weight,
3549 2892 54 28 and
3616 2892 100 28 carries
3728 2901 16 17 a
3758 2890 87 37 Lady.

3062 2947 173 32 Guaranteed
3247 2946 168 40 thoroughly
3426 2945 86 30 sound
3525 2945 54 29 and
3588 2944 84 40 quiet.
3716 2942 61 31 Will
3788 2952 62 30 pass
3861 2941 113 31 traction

2987 2995 94 31 trams,
3097 2991 94 33 trains,
3206 2993 171 28 motor-cars,
3392 2986 98 29 forked
3505 2986 150 38 lightning,
3669 2995 31 18 or
3719 2983 137 39 anything
3877 2982 64 37 else,
3962 2982 128 37 barring;

2987 3031 63 38 lady
3066 3031 128 28 mounted
3210 3040 33 17 on
3259 3028 115 28 another
3398 3027 162 28 Newhaven
3581 3026 125 28 Bicycle.

3064 3108 182 31 FARMERS
3262 3107 143 40 requiring
3418 3106 82 28 Grain
3513 3106 94 35 Drills,
3620 3105 103 38 Turnip
3736 3104 53 28 and
3800 3105 115 27 Manure
3924 3102 93 35 Drills,
4029 3101 61 29 Com-

2991 3152 80 29 bined
3087 3151 93 36 Drills,
3194 3150 66 29 Disc
3274 3153 140 32 Uarrows,
3428 3147 132 39 Ploughs,
3577 3146 70 31 Seed
3662 3146 137 37 Cleaners,
3810 3157 30 18 or
3852 3156 52 26 any
3918 3144 79 29 other
4009 3142 84 40 Imple-

2987 3198 90 24 ments
3090 3204 31 17 or
3136 3192 140 29 Machines
3290 3190 96 29 should
3398 3189 66 29 send
3478 3189 43 28 for
3534 3200 50 17 our
3597 3188 151 35 catalogue.

3012 3234 57 21 THE
3083 3231 146 23 COLONIAL
3241 3229 150 24 COMBINED
3409 3228 100 22 DRILLS
3523 3229 61 21 AND
3598 3228 63 20 DISC
3675 3226 144 22 HARROWS
3833 3226 57 21 ARE
3902 3225 58 22 THE
3975 3223 65 23 BEST
4054 3222 32 22 IN

3435 3257 58 20 THE
3514 3256 124 20 MARKET.

3078 3330 308 58 Morrow*
3455 3325 261 50 Basaett
3786 3322 51 51 &
3897 3323 108 66 Co,

3241 3401 181 32 DUNbDIN
3460 3410 54 21 and
3554 3398 313 36 CHRISTCHURCH,

3304 3455 64 29 Sole
3382 3457 108 34 Agents
3502 3454 28 28 in
3546 3454 67 27 New
3626 3452 120 28 Zealand
3760 3452 43 28 for

3120 3498 79 30 THE
3219 3495 219 32 M'CORMICK
3459 3492 250 32 HARVESTING
3729 3490 182 31 MACHINE
3931 3490 57 31 CO.

3039 3594 388 61 COSSENS
3496 3591 172 57 AND
3741 3586 324 67 BLACK,

3117 3682 234 37 ENGINEERS,
3371 3679 285 35 BLACKSMITHS,
3677 3676 277 32 MILLWRIGHTS
3975 3676 23 29 &

3400 3720 313 35 IRONFOUNDEKS,

3267 3773 363 26 CRAWFORD-STREET,
3670 3771 172 22 DUNEDIN.

3309 3841 381 32 —MANUFACTURERS
3724 3840 85 28 OF

2994 3889 142 39 Pumping
3150 3887 54 29 and
3226 3885 138 38 Winding
3384 3883 170 38 Machinery,
3579 3879 229 31 HYDRAULIC
3831 3878 153 52 MINING,

3064 3928 158 41 (including
3238 3925 153 40 Hydraulic
3405 3924 120 36 Giants),
3540 3922 90 29 Sluice
3644 3921 109 35 Valves,
3768 3920 127 29 Elevator
3913 3918 137 38 Castings,

3301 3967 65 28 Iron
3381 3965 55 29 and
3452 3964 75 29 Steel
3541 3962 97 31 Flumii
3652 3974 28 27 g,
3695 3962 58 35 &c,
3768 3961 48 29 &c.

3105 4020 157 32 DREDGE
3289 4017 217 35 TUMhLERS,
3528 4014 183 35 BUCKETS,
3732 4012 127 35 LINKS,
3880 4011 59 36 &c,
3959 4010 46 30 &c.

2998 4063 207 35 Waterwheels,
3217 4060 145 34 Turbines,
3377 4057 83 30 Brick
3474 4057 54 28 and
3542 4056 85 30 Drain
3643 4055 66 37 Pipe
3725 4053 115 37 Making
3851 4052 53 28 and
3916 4051 89 29 Wood
4017 4050 75 30 Work-

3079 4107 46 35 ing
3143 4103 171 36 Machinery.
3354 4099 91 28 Horse
3460 4099 117 34 Powers,
3592 4095 190 34 Chaffeutters,
3796 4092 104 40 Turnip
3919 4091 123 39 Pulpers,

3243 4144 54 25 and
3311 4141 35 27 all
3361 4139 82 28 kinds
3457 4140 28 27 of
3499 4138 157 35 Machinery
3671 4136 52 26 and
3739 4134 127 36 bearing.

3110 4228 16 19 A
3156 4223 78 21 VERY
3264 4221 93 21 LARGE
3383 4219 88 21 STOCK
3497 4217 36 21 OF
3559 4215 142 22 PATTERNS
3727 4214 34 19 TO
3786 4212 102 21 SELECT
3916 4211 84 21 FROM.

2993 4293 214 33 ESTIMATES
3229 4289 130 31 GIVEN.

3530 4280 351 34 CORRESPONDENCE
3903 4278 208 32 SOLICITED.

3011 4376 114 38 Repairs
3140 4373 53 29 and
3208 4382 80 27 every
3303 4369 166 38 description
3484 4367 30 28 of
3527 4364 187 38 Engineering
3727 4362 53 28 and
3800 4359 193 31 Blacksmith's
4007 4359 86 30 Work

3396 4407 140 38 Promptly
3560 4404 146 29 Executed.

3321 4505 44 33 ON-
3390 4503 60 34 THE
3482 4501 86 35 HILLS
3598 4500 34 35 OF
3662 4498 101 36 SUNNY
3792 4496 123 36 CEYLON,

3111 4615 59 30 2W

3499 4761 115 31 KOZTE;

3388 4883 111 39 PURE
3519 4880 194 41 BLENDED

3314 4924 469 59 'HILI^ROI^NCEYLdir

2986 5117 130 72 W.
3162 5113 365 73 Bmwlm
3572 5112 66 71 &
3690 5113 121 68 ©a

3920 5134 188 31 DUNEDI.W

3422 5207 87 28 Local
3530 5207 145 26 Agknts—

3020 5266 36 29 D.
3072 5262 195 36 CORMACK,
3288 5260 172 38 Roxburgh;
3480 5258 124 29 JOHNS
3624 5258 24 30 &
3669 5258 182 35 M-COMBE,
3872 5258 107 31 Millers
3997 5256 72 29 Flat.

2985 5356 41 54 JT
3123 5358 33 37 J.
3236 5352 299 43 WILLIAMS,
3540 5346 2 64 1

3010 5428 201 23 HAIRDRESSER
3229 5427 63 21 AND
3311 5423 200 26 TOBACCONIST,
3541 5413 3 38 I

3182 5479 163 29 Lawrknck.

3024 5571 151 31 LADIES'
3206 5563 296 37 HAIECOMBINGS
3541 5563 4 51 ;

3070 5623 110 31 MADID
3200 5620 92 31 INTO
3312 5617 144 31 PLAITS.
3542 5617 4 56 j

2979 5696 1 55 j
2991 5710 101 30 Orders
3102 5710 36 38 by
3147 5711 63 37 poet
3219 5704 136 42 promptly
3362 5699 131 33 attended
3502 5696 44 42 to.j

3611 5340 87 28 OZIE
3713 5339 83 28 TEA.
3835 5339 25 28 A
3873 5339 174 37 stimulating
4056 5338 63 37 and;

3602 5389 5 4 ■
3646 5378 154 41 sustaining
3813 5389 53 28 cup
3879 5379 27 28 in
3920 5389 121 19 summer
4057 5379 56 29 and

3556 5423 105 27 winter.
3700 5421 35 27 D.
3751 5419 143 36 Co.iiMACK,
3908 5421 105 37 Agent,
4035 5419 57 29 Rox-

3557 5461 99 39 burgh.
