2520 3999
2054 143 79 24 NEW
2150 145 167 23 ZEALAND.

1967 199 28 22 To
2005 202 35 20 the
2047 201 87 22 Editort
2142 204 28 24 of
2179 205 36 20 tht
2229 206 82 26 Sydney
2318 207 89 21 Herald.

1923 234 153 26 Gentlemen,
2077 247 28 4 —
2106 237 10 20 I
2134 237 85 21 observe
2236 240 24 19 in
2275 240 35 20 the
2323 241 53 20 Free
2391 242 61 20 Prett
2461 249 12 13 a

1895 264 87 18 counter
1998 263 90 25 petition
2104 264 37 20 has
2158 265 52 21 beea
2228 268 36 23 got
2279 274 29 19 up
2318 270 21 17 to
2353 268 35 19 the
2402 275 73 20 prayer

1895 288 26 20 of
1931 289 35 20 the
1975 290 81 20 settlers
2066 294 22 16 at
2098 291 49 21 Port
2163 292 124 26 Nicholson,
2304 296 117 25 respecting
2438 297 37 19 th«

1895 315 90 21 conduct
1997 317 25 19 of
2040 317 87 26 Captain
2139 318 96 26 Hobaon,
2250 321 23 19 in
2290 321 35 20 the
2336 322 139 21 Government

1895 343 25 19 of
1931 342 51 21 New
1991 343 100 22 Zealand.

1921 373 44 24 Hie
1981 378 88 25 petition
2086 378 18 21 is
2117 380 105 26 evidently
2237 381 78 21 framed
2329 382 27 26 by
2371 389 13 13 *
2393 383 82 20 learned

1894 404 41 19 and
1951 404 91 20 talented
2058 405 81 22 Doctor
2155 408 45 19 who
2217 409 71 20 claims
2303 415 13 13 »
2332 410 143 20 considerable

1893 430 84 26 portion
1987 432 24 19 of
2023 432 48 20 land
2086 436 22 17 at
2123 434 35 20 the
2174 435 97 25 Thames,
2288 442 24 14 or
2321 442 22 14 as
2352 437 27 19 he
2390 437 49 20 calls
2449 437 24 24 it,

1970 458 63 21 Great
2048 460 53 20 Glen
2113 461 24 20 of
2153 461 51 21 New
2347 463 44 20 The
2402 465 72 19 doctor

1893 491 70 14 seems,
1968 489 23 16 to
2000 486 68 23 think,
2080 487 41 20 like
2132 491 54 17 most
2195 490 61 19 other
2265 491 81 26 people,
2363 491 46 20 that
2417 491 57 21 there

1892 512 19 19 is
1934 510 87 28 nothing
2045 514 43 19 like
2107 515 32 20 his
2164 516 85 24 leather,
2268 517 37 20 but
2324 524 57 13 gome
2399 519 75 25 people

1892 539 89 25 imagine
1991 540 45 20 that
2045 541 36 20 the
2092 542 94 26 pig-skin
2196 544 54 22 from
2262 544 34 20 the
2306 545 99 19 southern
2414 548 56 23 parts

1892 566 25 20 of
1929 564 50 23 New
1995 567 92 21 Zealand
2105 569 17 19 is
2139 571 105 26 generally
2259 578 23 12 as
2296 572 53 25 good
2359 578 22 14 aa
2389 573 34 20 the
2433 573 36 25 pig

1892 593 48 20 •kin
1950 594 24 19 of
1982 595 35 20 the
2026 594 64 21 Great
2101 596 61 20 Glen.

1918 627 10 20 I
1939 628 88 26 imagine
2036 630 58 19 there
2104 630 17 20 is
2129 630 53 21 little
2191 631 66 20 doubt
2267 632 45 20 that
2322 633 36 19 the
2368 632 107 21 Doctor*

1891 655 90 24 petition
2003 656 41 20 will
2062 656 26 21 be
2108 659 133 25 numerously
2258 660 71 25 signed
2346 660 25 19 in
2390 660 83 26 Sydney

1891 681 29 26 by
1937 688 62 20 many
2022 683 41 20 and
2087 684 72 26 highly
2185 686 117 21 influential
2323 687 132 20 landholders
2466 695 7 15 ;

1892 711 38 17 not
1939 709 27 24 by
1975 715 52 20 your
2035 711 70 25 paltry
2119 713 78 20 tellows
2215 714 50 19 with
2281 717 40 17 two
2337 714 96 20 hundred
2449 721 25 14 or

1891 735 58 20 three
1957 736 93 21 hundred
2059 744 64 18 acres,
2140 740 38 19 but
2191 740 31 26 by
2232 741 34 20 the
2276 744 57 22 great
2342 742 131 26 proprietors

1891 762 25 19 of
1927 763 91 20 millions
2033 766 41 19 and
2087 768 45 18 tens
2146 766 24 20 of
2189 768 93 20 millions
2299 768 25 20 of
2339 775 57 14 acres
2406 769 23 20 in
2438 769 35 20 the

1891 789 81 20 Britain
1982 791 25 19 of
2017 791 35 20 the
2063 792 104 22 Southern
2177 794 58 21 Seas.

1920 823 87 26 Captain
2025 825 88 21 Hobson
2129 828 75 25 having
2220 829 74 25 played
2308 836 22 13 as
2339 830 64 20 much
2414 836 22 13 as
2447 830 25 20 he

1891 851 69 24 could,
1972 852 44 20 that
2024 853 18 19 is
2059 860 23 13 as
2094 854 32 20 far
2137 861 21 13 as
2175 855 34 20 Sir
2226 856 79 25 George
2322 856 64 26 Gippa
2405 857 68 20 would

1890 877 31 20 let
1934 878 50 25 him,
2000 879 45 21 into
2060 881 37 19 the
2111 881 66 21 hands
2193 882 25 20 of
2236 884 35 19 the
2287 883 48 20 land
2355 884 84 23 sharks,
2456 885 17 18 it

1891 905 69 20 would
1967 906 24 20 be
2001 913 49 20 very
2066 907 40 21 bad
2122 909 80 24 indeed,
2222 910 20 19 if
2261 911 49 25 they
2327 911 35 20 did
2378 914 36 17 not
2435 917 39 19 pay

1891 932 55 20 their
1961 933 49 20 debt
2025 935 23 19 of
2068 936 111 23 gratitude,
2193 936 28 26 by
2235 937 70 26 giving
2323 938 45 20 him
2387 938 28 19 all
2439 939 35 19 the

1890 964 174 21 encouragement
2074 963 21 19 in
2106 963 54 20 their
2173 969 76 20 power.
2278 965 43 20 The
2338 966 81 19 settlers
2431 966 43 19 also

1891 989 22 17 at
1927 987 36 20 the
1972 988 88 21 Thames
2071 989 51 20 have
2132 997 28 12 no
2170 997 73 14 reason
2254 996 21 15 to
2286 992 102 26 complain
2400 993 23 19 of
2440 994 33 19 the

1890 1016 45 18 acts
1944 1015 24 19 of
1982 1015 87 26 Captain
2080 1016 95 21 Hobson.
2206 1018 22 19 If
2241 1020 25 18 he
2276 1019 35 20 has
2322 1020 53 19 done
2384 1020 88 25 nothing

1890 1042 113 24 particular
2012 1043 33 20 for
2060 1044 63 23 them,
2135 1045 26 19 he
2176 1046 38 19 has
2226 1046 54 19 done
2296 1047 88 25 nothing
2395 1050 78 21 against

1890 1069 65 19 them.
1986 1069 33 21 He
2029 1070 37 20 has
2075 1072 125 20 established
2217 1073 33 19 his
2266 1074 75 26 capital
2356 1074 65 21 there,
2433 1075 40 19 and

1890 1096 30 19 let
1931 1096 107 21 Auckland
2048 1099 95 20 nourish.
2174 1100 20 19 It
2203 1099 19 20 is
2235 1106 47 20 very
2294 1102 153 24 extraordinary
2458 1102 17 19 if

1891 1123 51 19 New
1953 1124 90 21 Zealand
2058 1126 42 19 will
2115 1127 50 25 only
2182 1131 87 22 support
2285 1134 38 13 one
2336 1128 57 26 large
2410 1130 61 18 town.

1891 1150 50 25 But,
1952 1154 48 17 next
2010 1158 68 15 comes
2086 1153 35 20 the
2130 1154 95 26 question
2233 1163 6 15 ;
2254 1155 17 20 is
2280 1155 87 26 Captain
2379 1156 92 24 Hobson,

1890 1177 28 25 by
1934 1178 66 21 virtue
2016 1180 24 19 of
2058 1180 33 19 his
2108 1183 56 23 great
2181 1188 70 19 power
2268 1183 40 19 and
2323 1183 110 23 influence,
2452 1190 21 13 as

1892 1204 114 26 Governor,
2017 1209 22 17 to
2050 1210 21 17 at
2082 1208 36 19 ack
2130 1209 34 18 the
2181 1209 135 20 foundations
2334 1211 25 18 of
2376 1217 12 13 a
2404 1217 69 19 young

1891 1233 124 25 settlement,
2033 1235 89 25 entirely
2142 1236 117 26 dependent
2279 1243 27 14 on
2323 1237 28 20 its
2374 1244 45 14 own
2440 1244 22 14 re

1892 1265 82 15 sources
1983 1261 8 19 ?
2021 1260 20 21 Is
2052 1262 33 24 he,
2097 1262 79 21 instead
2186 1263 25 20 of
2222 1264 114 26 importing
2350 1265 32 19 hia
2398 1265 75 20 labour

1891 1286 54 21 from
1961 1288 103 25 England,
2082 1290 41 19 and
2139 1290 86 26 thereby
2239 1292 93 25 entering
2347 1292 45 20 into
2405 1299 12 13 a
2434 1293 39 19 fair

1891 1314 41 19 and
1942 1321 53 19 open
2005 1317 135 25 competition
2149 1317 51 20 with
2210 1318 35 20 the
2256 1319 119 20 settlement
2389 1321 21 18 at
2424 1319 50 21 Port

1891 1342 123 24 Nicholson,
2022 1345 21 18 to
2054 1344 50 19 send
2115 1345 58 19 down
2183 1345 33 19 his
2227 1345 57 26 ships
2294 1346 54 20 from
2356 1347 114 23 Auckland,

1892 1370 85 25 offering
1988 1373 20 17 to
2019 1371 105 19 labourers
2134 1378 12 13 a
2156 1372 42 20 free
2207 1379 85 19 passage
2298 1376 22 16 to
2328 1380 26 18 go
2363 1380 50 19 awaj
2420 1389 4 8 ,
2433 1375 40 19 and

1892 1397 30 19 9s.
1934 1403 36 19 per
1980 1397 62 25 diem,
2052 1399 68 19 -which
2130 1399 25 19 he
2167 1401 48 24 only
2225 1400 83 20 intends
2324 1403 22 17 to
2417 1402 56 19 them

1890 1424 23 19 in
1923 1425 64 24 goods
1995 1425 7 18 ?
2031 1426 23 19 If
2066 1425 25 20 he
2101 1426 49 20 does
2165 1427 50 23 this,
2229 1428 82 19 readers
2311 1439 27 4 —
2340 1429 39 19 and
2395 1429 25 20 he
2436 1429 35 19 has

1891 1451 53 20 done
1960 1458 22 14 so
1985 1462 25 5 —
2012 1452 16 20 is
2043 1457 38 15 not
2097 1454 32 18 his
2145 1455 91 19 conduct
2254 1457 21 17 to
2294 1455 24 19 be
2334 1457 121 24 reprobated
2463 1457 8 18 ?

1891 1478 42 20 Are
1944 1479 34 20 the
1986 1480 83 20 settlers
2079 1483 20 17 at
2108 1481 34 19 the
2158 1481 95 24 Thames,
2271 1483 101 24 forsooth,
2390 1487 21 15 to
2427 1486 45 23 step

1890 1505 95 25 forward,
1995 1507 39 19 and
2047 1514 43 19 say,
2102 1509 14 10 4<
2125 1508 34 20 No
2169 1511 4 17 I
2188 1509 45 20 The
2243 1510 89 20 conduct
2342 1511 25 19 of
2386 1511 85 26 Captain

1892 1533 87 21 Hobson
1996 1535 18 19 is
2029 1535 99 24 talented,
2139 1537 162 24 statesmanlike,
2323 1538 41 19 and
2381 1538 90 26 displays

1891 1564 57 21 great
1957 1561 153 26 independence
2121 1563 23 19 of
2153 1564 112 20 character.
2295 1564 44 20 Our
2354 1566 118 19 settlement

1890 1588 18 19 is
1918 1589 31 19 far
1958 1589 51 20 finer
2020 1590 49 19 than
2080 1591 36 19 the
2126 1591 118 20 settlement
2255 1594 20 17 at
2287 1592 49 19 Port
2342 1592 114 20 Nicholson
2464 1600 6 16 ;

1891 1621 37 14 our
1944 1616 92 26 pig-skin
2047 1618 18 18 is
2076 1618 24 18 of
2113 1618 31 20 far
2160 1619 95 25 superior
2271 1620 86 24 quality,
2369 1620 102 20 therefore

1891 1642 88 27 Captain
1998 1643 87 21 Hobson
2101 1645 18 20 is
2135 1646 101 26 perfectly
2253 1646 55 24 right
2324 1648 23 19 in
2370 1648 100 25 crimping

1890 1676 52 19 your
1951 1671 119 25 emigrants,
2081 1672 45 19 who
2137 1676 45 17 cost
2193 1680 41 18 you
2249 1674 18 21 i.
2264 1675 6 6 J2OJ
2271 1676 25 17 20
2306 1681 37 19 per
2360 1674 50 20 head
2417 1683 5 15 ;
2438 1675 31 20 his

1889 1698 154 25 independence
2054 1699 24 20 of
2090 1700 106 20 character
2207 1702 17 19 is
2235 1701 68 20 shewn
2315 1703 26 24 by
2351 1705 37 16 not
2398 1702 71 26 caring

1890 1731 12 13 a
1911 1728 60 17 straw
1981 1726 32 19 for
2026 1733 52 19 your
2210 1738 28 4 —
2238 1729 44 19 The
2296 1730 88 24 petition
2396 1730 24 19 of
2433 1730 35 19 the

1889 1752 83 20 learned
1982 1753 80 20 Doctor
2070 1754 74 21 wishes
2154 1758 21 17 to
2186 1756 98 19 establish
2299 1759 40 17 two
2349 1757 103 25 positions
2461 1765 5 11 :

1916 1787 40 19 Ist.
1975 1787 54 20 That
2049 1787 50 21 Port
2118 1789 115 21 Nicholson
2250 1791 18 19 is
2283 1791 31 19 far
2331 1791 93 24 inferior,
2443 1791 22 20 in

1888 1815 98 24 position,
1998 1818 21 16 to
2030 1816 34 19 the
2075 1815 86 21 Thames
2169 1825 5 15 ;
2191 1818 49 23 and,

1917 1848 48 20 2nd.
1980 1849 54 20 That
2043 1850 58 20 there
2117 1857 41 13 wes
2169 1858 26 13 an
2210 1858 49 13 over
2272 1853 75 25 supply
2357 1853 24 19 of
2394 1852 72 20 labour

1889 1878 22 17 at
1922 1876 48 19 Port
1979 1876 123 25 Nicholson,
2115 1883 20 14 at
2152 1879 34 19 the
2201 1879 49 19 time
2264 1881 23 18 of
2303 1879 88 26 Captain
2409 1880 58 20 Hob-

1889 1904 57 19 son's
1956 1904 102 26 crimping
2068 1905 128 26 expedition.

1915 1938 27 19 As
1953 1939 140 25 comparisons
2102 1946 33 13 are
2146 1940 82 24 odious,
2240 1941 9 19 I
2261 1942 52 19 shall
2322 1944 34 24 try
2366 1944 21 18 to
2397 1942 67 20 refute

1888 1964 58 20 these
1956 1966 112 20 assertions
2079 1967 22 19 in
2109 1974 21 13 as
2141 1968 38 19 few
2189 1969 67 20 words
2270 1975 21 14 as
2301 1970 91 24 possible
2400 1978 5 11 :
2422 1970 16 19 it
2449 1971 16 18 ia

1888 1993 82 19 evident
1980 1996 21 16 to
2012 2000 42 19 any
2069 1994 103 25 observer,
2183 1996 29 26 by
2221 2003 12 12 a
2246 2003 55 13 mere
2311 1997 72 25 glance
2400 2001 22 16 at
2431 1998 35 18 the

1888 2025 54 20 map,
1953 2020 45 20 that
2012 2021 49 20 Port
2076 2022 117 21 Nicholson
2210 2024 18 19 is
2238 2024 91 19 situated
2346 2031 23 14 as
2384 2031 49 15 near
2449 2031 20 13 as

1888 2047 89 25 possible
1999 2048 22 19 in
2040 2048 36 20 the
2095 2052 69 17 centre
2185 2051 25 19 of
2227 2050 35 20 the
2278 2051 78 20 islands
2377 2052 23 19 of
2418 2052 51 19 New

1888 2072 98 25 Zealand,
2000 2076 42 17 aud
2065 2078 158 24 consequently,
2241 2083 22 13 as
2284 2078 34 19 the
2341 2079 79 18 Doctor
2436 2086 32 12 re-

1888 2101 77 24 marks,
1975 2102 18 19 it
2002 2102 19 19 is
2035 2104 22 17 at
2067 2102 35 19 the
2112 2104 111 25 extremity
2233 2104 23 19 of
2264 2104 35 19 the
2311 2104 68 21 North
2390 2105 78 20 Island.

1888 2128 23 19 It
1927 2128 17 20 is
1961 2131 37 17 not
2015 2130 129 19 surrounded
2161 2131 28 25 by
2202 2132 123 24 impassable
2342 2133 127 19 mountains.

1888 2155 19 20 A
1917 2156 53 24 good
1988 2156 41 19 line
2045 2157 37 19 has
2098 2158 51 19 been
2165 2158 127 24 discovered,
2310 2160 41 19 and
2369 2166 11 13 a
2397 2162 74 24 strong

1887 2186 61 22 party
1958 2184 23 19 of
1989 2184 103 20 workmen
2104 2191 34 14 are
2149 2186 91 25 clearing
2250 2192 56 20 away
2315 2193 13 13 a
2338 2188 56 23 road,
2402 2188 68 19 which

1877 2223 2 7 i
1888 2211 37 18 has
1940 2211 108 26 probably,
2059 2212 26 25 by
2100 2213 41 19 this
2157 2213 59 24 time,
2228 2214 79 24 opened
2323 2215 35 19 the
2373 2219 95 21 country,

1888 2238 33 19 for
1938 2245 12 12 a
1967 2239 61 19 horse
2046 2245 22 14 or
2084 2239 57 27 dray,
2159 2246 29 20 up
2205 2247 23 13 as
2243 2241 33 19 far
2292 2248 22 13 aa
2334 2242 109 24 Taranaki,
2459 2248 12 14 a

1877 2260 2 28 !
1888 2265 91 20 distance
1991 2266 24 19 of
2024 2269 39 17 two
2075 2267 92 20 hundred
2178 2268 41 19 and
2229 2268 47 26 fifty
2285 2269 66 19 miles.
2381 2269 87 26 Wanga-

1877 2292 2 19 !
1887 2293 36 19 nui
1934 2294 40 19 and
1983 2293 102 20 Taranaki
2092 2297 90 23 country
2189 2296 16 18 is
2213 2296 102 25 supposed
2323 2298 22 18 to
2353 2297 82 19 contain
2444 2297 27 25 by

1887 2319 31 20 far
1929 2321 34 19 the
1980 2321 77 25 largest
2067 2322 84 25 portion
2162 2322 24 20 of
2195 2323 52 19 level
2257 2323 40 19 and
2308 2324 97 20 available
2421 2325 49 19 land

1887 2347 22 19 in
1919 2347 51 20 New
1981 2348 99 24 Zealand,
2092 2356 26 12 an
2129 2353 71 16 extent
2210 2351 24 19 of
2242 2351 100 26 probably
2351 2352 38 18 five
2401 2358 23 14 or
2436 2353 34 19 six

1886 2375 92 20 millions
1989 2375 23 20 of
2028 2382 57 14 acres
2103 2377 22 19 of
2141 2377 99 21 available
2257 2379 54 24 land,
2323 2379 90 26 entirely
2434 2380 35 19 de-

1887 2403 90 25 pending
1994 2410 57 19 upon
2071 2403 49 21 Port
2135 2405 117 20 Nicholson
2268 2406 33 19 for
2316 2412 13 13 a
2346 2406 89 20 harbour
2447 2408 24 19 of

1887 2433 72 22 erport
1968 2431 41 19 and
2027 2431 84 26 import.
2148 2432 21 20 It
2186 2433 62 24 being
2265 2433 83 19 evident
2365 2434 102 20 therefore

1887 2457 45 19 that
1946 2458 57 20 there
2016 2458 18 20 is
2050 2462 89 22 country
2153 2460 83 25 enough
2254 2462 21 18 to
2291 2463 87 23 support
2393 2468 12 13 a
2421 2467 47 20 very

1887 2484 54 25 larjre
1953 2487 42 24 city
2003 2493 5 16 ;
2024 2486 17 19 it
2050 2486 19 20 is
2079 2487 92 19 needless
2183 2490 21 17 to
2216 2494 75 19 pursue
2299 2488 35 19 the
2342 2488 78 25 subject
2426 2495 41 19 any

1885 2511 87 21 further.
2002 2513 43 19 The
2055 2514 77 19 second
2146 2515 102 19 assertion
2266 2515 24 20 of
2305 2516 36 19 the
2358 2516 106 23 Doctor's,

1887 2540 46 19 that
1943 2540 35 20 the
1988 2540 75 26 supply
2074 2541 23 19 of
2111 2541 73 20 labour
2203 2548 41 13 was
2259 2544 23 18 in
2297 2549 70 14 excess
2383 2545 21 18 at
2421 2544 48 20 Port

1888 2567 122 22 Nicholson,
2023 2569 18 18 is
2058 2569 104 19 answered
2179 2569 28 25 by
2220 2570 35 19 the
2273 2570 73 26 simple
2362 2570 49 24 fact,
2423 2572 45 19 that

1888 2594 86 21 Colonel
1994 2595 115 20 Wakefield
2129 2596 107 26 employed
2256 2597 27 19 all
2302 2598 35 19 the
2362 2598 106 21 labourers

1885 2622 88 19 without
1983 2625 142 22 engagement,
2136 2627 21 16 at
2174 2624 35 19 the
2219 2627 70 23 pretty
2299 2625 50 25 high
2365 2631 64 19 wages
2446 2627 23 19 of

1885 2649 32 20 .£1
1929 2655 36 19 per
1982 2650 63 23 week,
2057 2650 40 19 and
2111 2651 35 18 the
2163 2652 59 19 usual
2239 2652 86 22 rations,
2343 2653 22 19 in
2381 2654 85 24 making

1885 2677 61 19 roads
1957 2677 39 20 and
2008 2677 89 25 bridges,
2108 2678 40 19 and
2159 2678 45 20 that
2214 2679 100 25 although
2321 2680 77 19 several
2407 2681 60 20 roa<ls

1885 2710 51 13 were
1946 2704 116 26 absolutely
2078 2711 116 19 necessary,
2206 2706 25 19 he
2249 2713 40 12 was
2305 2713 62 14 never
2383 2707 45 20 able
2445 2711 22 17 to

1885 2732 70 19 obtain
1966 2738 56 13 more
2034 2732 49 19 than
2095 2732 65 26 thirty
2170 2739 24 14 or
2203 2733 57 27 forty
2270 2740 47 14 men
2327 2734 40 20 and
2382 2735 51 26 boya
2443 2739 22 16 at

1885 2765 12 12 a
1908 2759 58 20 time.

1911 2793 82 26 Having
2003 2800 52 18 now,
2068 2794 10 20 I
2089 2794 60 27 hope,
2161 2795 28 26 by
2198 2795 115 27 advancing
2323 2796 60 25 facts,
2395 2800 70 23 pretty

1884 2821 46 19 well
1939 2821 80 19 refuted
2038 2821 33 20 the
2082 2821 100 21 Doctor's
2193 2827 114 21 argument,
2322 2823 10 20 I
2349 2824 57 21 leave
2416 2825 17 20 it
2443 2829 22 15 to

1885 2854 60 19 every
1961 2855 49 13 man
2027 2849 23 19 of
2069 2856 59 13 sense
2146 2850 41 19 and
2203 2850 89 26 honesty
2309 2851 25 19 of
2350 2852 77 25 feeling
2443 2855 23 17 to

1885 2875 76 24 decide,
1972 2876 92 19 whether
2073 2877 35 19 the
2118 2877 92 20 conduct
2220 2878 22 19 of
2251 2878 34 20 the
2297 2878 114 23 Governor,
2419 2880 45 19 who

1884 2905 97 23 attempts
1991 2904 91 25 unfairly
2092 2906 21 18 to
2125 2904 90 21 advance
2223 2911 39 14 one
2273 2908 47 23 part
2329 2906 24 19 of
2362 2907 34 19 the
2404 2907 60 20 terri-

1884 2933 46 22 tory
1942 2930 63 21 under
2016 2931 32 19 his
2060 2932 72 25 charge
2143 2934 22 17 at
2173 2933 35 18 the
2219 2939 88 20 expense
2318 2934 24 19 of
2351 2934 35 19 the
2397 2934 67 24 other,

1883 2958 19 19 is
1921 2960 21 17 to
1962 2958 26 19 be
2007 2958 122 26 reprobated
2149 2966 24 13 or
2193 2960 51 19 not?
2270 2967 23 13 or
2314 2961 90 20 whether
2428 2963 35 19 the

1883 2985 108 25 aggrieved
2007 2986 81 19 settlers
2104 2991 20 15 at
2141 2986 50 20 Port
2209 2987 115 20 Nicholson
2341 2989 67 19 would
2426 2991 37 17 not

1884 3012 83 21 deserve
1977 3015 21 18 to
2009 3013 26 19 be
2044 3014 86 19 scouted
2140 3021 23 12 as
2179 3015 107 25 poltroons
2304 3015 40 20 and
2362 3016 102 25 humbugs

1883 3040 19 19 if
1911 3040 48 25 they
1970 3040 26 20 sit
2007 3041 76 25 tamely
2093 3041 51 24 still,
2155 3041 41 20 and
2207 3042 85 20 allowed
2301 3043 51 19 such
2366 3043 97 25 injustice

1884 3069 22 18 to
1915 3073 47 20 pass
1973 3068 119 20 unnoticed.

2324 3097 85 21 HIKO.

1916 3148 53 23 Mr.
1984 3148 30 22 G.
2028 3148 37 23 W.
2080 3148 165 24 Robertson.
2247 3162 31 4 —
2282 3149 49 23 The
2339 3151 123 30 proprietor

1883 3181 26 22 of
1923 3181 45 23 this
1986 3188 69 24 paper
2074 3181 71 31 might
2163 3181 26 23 be
2209 3182 48 23 we'l
2278 3183 96 23 excused
2396 3184 18 22 if
2436 3184 27 23 he

1883 3221 56 15 were
1951 3219 22 17 to
1991 3222 53 23 pass
2064 3222 52 14 over
2135 3219 37 18 tne
2191 3215 161 30 impertinence
2371 3217 25 22 of
2417 3217 46 23 this

1882 3247 135 30 gentleman,
2031 3247 52 22 with
2095 3255 13 14 a
2120 3252 170 26 contemptuous
2309 3249 82 23 silence
2400 3259 5 19 ;
2424 3250 41 23 but

1883 3280 18 22 it
1912 3280 19 22 is
1939 3280 75 23 rather
2027 3285 35 18 too
2070 3280 50 23 bad.
2134 3281 56 23 after
2203 3282 30 22 all
2246 3282 35 22 the
2301 3282 55 31 deep
2376 3283 86 31 obliga-

1883 3318 58 18 tions
1958 3313 72 23 which
2050 3314 36 23 the
2109 3313 83 24 former
2213 3315 39 22 has
2274 3315 114 24 couferre-1
2400 3324 60 23 upon

1882 3345 62 29 him,.
1950 3346 47 23 that
2009 3346 27 23 he
2049 3346 80 23 should
2141 3351 50 19 turn
2206 3348 69 22 round
2292 3349 45 23 and
2353 3349 52 23 libel
2426 3350 35 23 liis

1883 3379 134 23 benefactor.
2061 3379 46 23 Mr.
2128 3379 129 24 Robertson
2275 3381 78 24 knows
2369 3382 48 23 that
2429 3383 34 22 his

1883 3412 99 23 editorial
2000 3412 166 31 performances
2184 3413 45 23 had
2247 3414 49 22 well
2316 3415 53 30 nigh
2381 3416 80 23 ruined

1882 3445 44 23 this
1935 3445 105 31 journal;
2054 3445 71 29 when,
2138 3446 119 28 therefore,
2269 3456 28 14 an
2308 3454 155 25 arrangement

1881 3486 45 15 was
1944 3478 64 24 made
2028 3478 34 23 for
2078 3478 35 23 his
2132 3480 122 29 secession,
2277 3482 19 21 it
2316 3489 45 15 was
2384 3482 79 30 hardly

1881 3511 70 30 likely
1963 3518 32 16 we
2008 3511 80 24 should
2098 3512 52 31 give
2165 3513 108 23 insertion
2292 3518 23 19 to
2332 3522 28 15 an
2377 3515 84 28 article,

1881 3544 71 23 which
1965 3544 42 23 had
2022 3544 35 24 the
2076 3545 65 23 effect
2154 3546 24 22 of
2200 3555 13 14 a
2224 3548 90 29 parting
2327 3548 48 22 stab
2387 3552 22 18 at
2421 3548 37 22 the

1881 3577 86 30 vitality
1979 3577 26 23 of
2020 3585 40 15 our
2073 3578 177 25 establishment.
2294 3580 50 23 The
2362 3580 98 23 reckless

1881 3610 89 30 writing
1981 3610 73 24 which
2066 3610 56 24 from
2135 3612 55 23 time
2202 3617 22 18 to
2238 3613 52 23 time
2301 3612 28 24 he
2341 3618 40 26 put
2393 3614 66 28 forth,

1881 3642 42 24 had
1931 3643 81 23 almost
2020 3643 136 25 annihilated
2164 3645 295 31 ouradvertisingcolumns,

1881 3675 42 24 and
1935 3676 18 23 it
1964 3676 91 24 became
2070 3685 126 24 necessary,
2214 3678 34 23 for
2260 3679 36 23 the
2308 3680 149 30 preservation

1881 3709 25 23 of
1915 3709 44 23 this
1967 3715 112 26 property,
2088 3710 47 24 that
2146 3711 46 23 Mr.
2205 3712 126 22 Robertson
2344 3711 78 24 should
2431 3712 26 22 be

1880 3742 109 24 removed.
2037 3743 57 23 This
2123 3744 73 30 might
2226 3744 54 23 have
2306 3744 66 23 taken
2396 3744 62 32 place

1880 3775 92 31 quietly,
1984 3776 44 22 and
2040 3777 69 22 under
2120 3780 102 27 pretence
2234 3776 29 31 of
2275 3776 28 24 ill
2313 3776 87 29 health;
2421 3777 41 23 but

1880 3808 36 23 the
1928 3808 136 30 ingratitude
2083 3810 43 23 and
2145 3810 112 23 insolence
2277 3810 24 22 of
2318 3809 33 23 his
2369 3814 90 26 present

1880 3840 101 30 conduct,
1992 3842 91 24 renders
2096 3844 16 21 it
2125 3843 129 30 imperative
2271 3850 28 15 on
2320 3843 57 23 Mr*;
2388 3843 70 23 Howe

1879 3878 22 18 to
1913 3874 70 31 speak
1996 3879 47 19 out.
2088 3875 42 23 We
2148 3876 65 30 hope,
2231 3875 56 24 after
2306 3877 52 26 thii,
2370 3879 22 19 to
2405 3875 52 24 hear

1879 3915 28 15 no
1920 3915 59 15 more
1992 3910 124 29 vapouring
2123 3909 68 23 abort*
2199 3908 35 24 Ms
2242 3908 82 31 having
2332 3917 4 13 :
2350 3907 73 25 Hired.
2424 3920 35 7 —

1879 3939 89 32 St/dmy
1981 3940 102 24 Gatette.
2163 3955 4 4 •

1288 137 30 16 on
1333 130 92 29 Sunday
1436 131 56 30 last;
1506 136 61 20 went
1582 125 125 33 about*Wo
1723 137 92 28 o'clock,
1826 139 45 22 and

1288 157 77 28 stayed
1374 157 33 23 ftll
1417 159 61 26 eight
1486 167 6 20 ;
1506 159 43 23 Mr.
1561 160 68 28 Selby
1636 169 44 16 was
1689 162 60 23 there
1756 172 6 19 ;
1779 164 52 28 they
1840 165 30 22 all

1288 185 67 21 dined
1376 185 107 26 together.
1518 187 52 22 Had
1589 187 68 23 about
1674 195 13 15 a
1706 194 74 23 porter
1801 191 69 22 bottle

1287 210 77 27 nearly
1379 209 42 25 full
1440 211 26 22 of
1477 219 50 16 rum
1533 221 6 19 ;
1561 213 89 23 witness
1666 215 70 22 drank
1753 224 43 14 one
1811 217 58 27 glass

1288 236 61 27 only.
1375 237 44 22 Mr.
1430 238 110 27 Spofforth
1554 247 45 14 was
1614 244 39 18 not
1668 245 24 18 at
1708 242 29 22 all
1751 243 83 27 drunk;
1850 244 19 22 is

1287 263 60 26 quite
1357 263 94 27 positive
1462 265 26 21 of
1495 266 54 22 that.
1577 266 33 22 To
1625 267 37 22 the
1671 268 49 21 best
1728 268 27 22 of
1761 270 107 23 witness's

1287 289 136 30 knowledge,
1447 298 30 14 no
1500 299 53 21 very
1572 293 95 22 obscene
1690 294 110 28 language
1824 303 44 16 was

1286 316 105 27 indulged
1408 324 25 14 in
1441 324 6 19 ;
1464 317 37 23 did
1514 322 41 19 not
1568 319 54 22 hear
1637 320 108 28 language
1761 322 58 23 unfit
1834 321 34 24 for

1288 343 36 20 the
1341 350 37 14 ear
1393 343 27 21 of
1432 343 75 23 ladies.
1544 345 130 24 Defendant
1690 355 42 14 was
1746 352 41 18 not
1801 352 23 19 at
1838 350 28 22 all

1286 369 89 27 riotous,
1386 373 26 18 6t
1425 371 119 28 unusually
1552 372 53 22 loud
1615 373 23 21 in
1648 373 34 22 his
1692 373 118 24 discourse.
1839 376 27 22 In

1286 395 37 21 the
1333 396 95 27 evening
1440 397 26 21 of
1471 397 36 22 the
1516 398 114 28 following
1643 399 49 28 day,
1703 401 99 27 plaintiff
1812 402 53 28 said,

1285 428 23 15 in
1324 421 36 22 the
1375 427 105 23 presence
1499 425 26 21 of
1543 425 88 22 witness
1646 427 44 21 and
1704 428 85 21 several
1803 428 64 22 other

1285 455 97 19 persona,
1397 449 49 21 that
1463 449 121 24 defendant
1598 451 44 23 had
1655 453 57 22 been
1729 454 81 27 drunk,
1822 447 45 37 an^

1285 475 48 21 that
1342 475 27 21 he.
1379 475 45 21 and
1433 476 42 22 Mr.
1483 477 64 26 Selby
1559 478 44 22 had
1612 479 64 22 made
1685 487 38 14 use
1730 481 26 20 of
1761 481 105 22 indecent

1285 501 45 21 and
1346 500 154 29 blasphemous
1515 504 125 28 language;
1661 506 27 22 he
1705 507 38 21 did
1762 512 39 17 not
1817 515 49 20 par-

1285 528 112 22 ticularize
1406 529 38 21 the
1453 529 110 29 language
1580 532 61 22 used.
1671 533 23 21 Is
1710 533 61 28 quite
1780 533 84 24 certain

1286 555 47 20 that
1342 555 122 23 defendant
1472 564 43 14 was
1525 561 40 18 not
1579 556 73 24 drunk
1668 559 80 28 during
1765 560 36 23 the
1812 562 53 21 time
1872 559 2 24 i

1285 580 28 22 he
1323 587 42 15 was
1377 582 52 21 with
1438 582 54 27 him,
1503 583 72 23 which
1584 592 43 14 was
1635 585 57 22 from
1701 590 42 18 two
1754 587 34 21 till
1798 587 75 24 about'

1286 607 60 27 eight
1359 608 93 22 o'clock.
1481 609 22 22 It
1516 617 45 15 was
1570 611 57 22 after
1636 611 121 23 defendant
1768 614 44 21 had
1826 615 40 22 left

1285 634 36 21 the
1336 635 71 23 vessel
1422 642 30 16 on
1466 635 36 23 the
1518 637 113 28 following
1645 639 49 26 day,
1712 639 48 22 that
1777 641 87 22 witness

1285 660 46 21 told
1342 660 46 22 him
1398 662 27 20 of
1436 662 37 22 the
1484 664 138 22 accusations
1631 667 87 24 against
1729 666 53 22 him.
1812 667 53 22 Was

1285 691 87 23 present
1382 689 117 28 yesterday
1506 695 22 16 at
1539 691 37 21 the
1586 695 87 18 assault.
1702 693 42 21 Mr.
1754 693 111 27 Spofforth

1285 717 57 18 went
1355 721 31 20 up
1402 718 24 18 to
1443 715 42 23 Mr.
1501 716 123 29 Pharazyn,
1640 718 44 22 and
1699 719 68 21 asked
1782 719 45 22 him
1843 724 22 18 to

1284 743 81 19 retract
1370 740 59 23 what
1436 742 29 22 he
1473 742 43 22 had
1524 744 46 20 said
1580 745 67 21 about
1654 744 52 23 him.
1735 745 131 24 Defendant

1285 766 45 23 said
1339 766 28 23 he
1377 768 73 22 would
1459 769 50 26 give
1520 770 45 21 him
1577 778 42 14 one
1628 771 85 23 minute
1725 776 23 18 to
1756 773 107 28 consider,

1284 794 50 26 and,
1346 794 20 21 if
1372 794 27 21 he
1412 795 36 21 did
1458 799 39 18 not
1507 795 52 23 then
1570 801 87 22 retract,
1668 798 28 21 he
1706 799 73 21 would
1789 799 75 23 thrash

1284 820 52 21 him.
1365 820 101 24 Plaintiff
1471 823 53 26 said,
1608 832 77 14 course
1699 825 10 22 I
1720 825 44 22 will
1775 830 87 23 retract,

1285 846 61 21 when
1361 854 13 13 a
1389 855 53 14 man
1459 856 73 14 comes
1546 851 75 21 armed
1638 851 51 21 with
1698 860 14 13 a

1284 874 48 21 Saw
1346 873 121 23 defendant
1483 876 67 21 strike
1569 877 43 21 Mr.
1628 877 123 28 Pharazyn,
1772 879 39 21 but
1826 883 39 18 not

1284 907 29 14 on
1330 899 34 22 the
1378 900 58 22 head
1445 910 5 18 ;
1466 902 28 21 he
1503 904 105 21 returned
1626 904 35 21 the
1676 904 63 27 blow,
1751 905 44 21 and
1810 905 54 23 then

1283 933 39 14 ran
1342 933 68 21 away,
1429 928 101 22 followed
1548 930 31 26 by
1597 930 131 27 defendant;
1745 935 41 17 not
1802 940 62 14 more

1285 953 51 21 than
1348 954 77 22 twelve
1439 955 66 21 blows
1522 963 57 15 were
1596 957 65 25 given
1670 966 5 17 ;
1692 958 120 21 defendant
1826 959 38 22 did

1284 983 39 18 not
1345 987 81 19 appear
1450 984 23 19 to
1494 986 62 18 exert
1579 983 29 21 all
1633 983 35 21 the
1688 985 59 21 force
1771 985 28 21 he
1821 993 42 14 was

1283 1006 113 26 possessed
1408 1007 27 21 of.
1466 1008 73 22 Never
1549 1009 70 22 heard
1628 1009 44 23 him
1685 1018 38 14 use
1734 1011 95 22 obscene
1839 1020 25 14 or

1284 1031 156 29 blasphemous
1449 1034 109 29 language
1576 1040 22 18 at
1611 1044 43 20 any
1664 1037 52 22 time
1731 1038 81 27 during
1826 1039 37 22 the

1284 1067 92 18 voyage.

1311 1087 31 26 By
1358 1087 43 21 Mr.
1420 1088 114 27 Strang.—
1534 1088 53 23 Was
1607 1091 25 20 16
1648 1097 63 20 years
1726 1090 26 22 of
1767 1098 40 21 age
1821 1092 43 22 last

1283 1112 65 22 June.
1378 1113 53 22 Was
1442 1116 99 26 engaged
1556 1116 52 22 with
1624 1117 120 22 defendant
1754 1119 56 21 from
1821 1123 42 17 two

1284 1140 31 20 till
1326 1139 61 27 eight
1401 1140 86 23 o'clock
1498 1150 29 14 on
1542 1143 103 27 Sunday;
1661 1144 66 22 dined
1742 1145 52 21 with
1809 1145 52 27 him,

1283 1166 44 21 and
1337 1168 120 21 continued
1467 1171 21 18 to
1499 1170 65 20 drink
1581 1170 32 21 till
1630 1171 33 21 six
1678 1171 91 21 o'clock.
1798 1172 66 22 Their

1283 1193 46 20 first
1339 1194 80 28 supply
1428 1201 43 15 was
1481 1196 128 27 exhausted,
1617 1197 43 21 and
1667 1197 93 22 another
1767 1199 94 21 refused.

1283 1220 160 23 Conversation
1460 1229 43 14 was
1518 1230 29 14 on
1565 1224 85 21 various
1665 1225 109 26 subjects;
1794 1226 69 21 recol-

1283 1246 53 21 lects
1346 1247 48 21 that
1403 1247 75 23 horses
1488 1257 43 13 was
1546 1257 42 14 one
1599 1251 25 20 of
1638 1250 67 22 them.
1734 1251 22 21 Is
1772 1252 92 27 positive

1283 1272 28 21 he
1320 1273 68 22 heard
1399 1275 93 27 nothing
1498 1276 22 21 in
1532 1276 37 22 the
1580 1277 63 21 cabin
1654 1278 67 21 about
1730 1277 99 23 bastards
1840 1286 24 14 or

1285 1300 36 21 the
1340 1301 93 26 Queen;
1453 1302 87 22 witness
1560 1307 58 17 went
1638 1308 37 18 out
1693 1308 43 18 two
1755 1312 25 14 or
1800 1305 62 23 three

1283 1326 67 23 times-
1360 1328 35 21 for
1413 1327 76 29 plates,
1507 1330 45 21 and
1568 1330 77 22 knives
1661 1331 43 21 and
1721 1332 67 22 forks.
1828 1333 34 21 He

1283 1352 52 28 only
1344 1353 72 22 drank
1426 1362 41 14 one
1478 1355 56 27 glass
1545 1357 26 20 of
1584 1357 71 27 spirits
1664 1366 5 18 ;
1685 1358 52 22 does
1748 1363 38 17 not
1796 1359 66 22 know

1282 1379 49 22 hw
1349 1387 68 21 many
1436 1382 42 21 Mr.
1504 1383 66 26 Selby
1593 1391 24 14 or
1641 1384 120 22 defendant
1784 1385 78 23 drank.

1283 1406 63 21 Can't
1361 1415 40 19 say
1412 1409 114 27 positively
1540 1410 49 20 how
1603 1410 64 22 much
1681 1412 36 20 the
1732 1412 70 22 bottle
1810 1420 53 15 con-

1283 1433 82 28 tained;
1377 1435 17 20 it
1401 1434 70 28 might
1481 1436 55 21 have
1547 1436 52 22 held
1609 1444 23 14 as
1641 1438 66 21 much
1715 1446 24 14 as
1746 1446 14 14 a
1767 1439 68 22 bottle
1842 1441 24 21 of

1283 1460 64 21 wine.
1380 1461 64 27 They
1460 1462 37 21 did
1507 1467 39 17 not
1556 1464 46 20 talk
1616 1464 24 21 in
1650 1471 12 14 a
1672 1465 41 21 low
1723 1469 53 18 tone
1786 1466 29 21 all
1827 1466 36 22 the

1281 1487 58 26 time,
1346 1487 44 22 still
1398 1488 51 28 they
1457 1496 56 15 were
1523 1495 40 16 not
1571 1490 84 27 talking
1662 1491 52 22 loud
1723 1496 23 17 at
1752 1500 43 20 any
1802 1493 60 22 time.

1283 1513 94 23 Witness
1393 1514 41 22 left
1451 1516 41 21 Mr.
1511 1517 64 27 Selby
1593 1518 44 21 and
1651 1517 122 23 defendant
1786 1520 23 21 in
1826 1521 36 21 the

1281 1540 62 21 cabin
1354 1541 100 22 between
1466 1543 59 25 eight
1535 1544 44 20 and
1589 1544 52 22 nine
1652 1545 92 22 o'clock.

1307 1566 170 25 Re-examined.
1478 1580 28 4 —
1509 1570 95 22 Witness
1628 1578 42 15 was
1693 1576 38 18 not
1748 1576 38 18 out
1801 1580 61 15 more

1281 1593 52 22 than
1343 1594 50 22 four
1411 1597 63 21 times
1480 1604 5 19 ;
1506 1604 41 14 nor
1563 1598 77 22 absent
1655 1606 61 14 more
1734 1599 51 22 than
1801 1600 61 22 three

1281 1620 95 22 minutes
1387 1622 55 22 each
1453 1624 62 25 time;
1532 1625 106 26 certainly
1648 1629 39 17 not
1701 1625 43 22 five
1758 1627 103 22 minutes.

1307 1647 57 22 John
1398 1649 72 27 Selby,
1502 1650 59 28 Esq.,
1591 1652 105 26 Surgeon,
1727 1660 45 14 was
1809 1653 52 23 then

1282 1674 124 26 examined,
1427 1677 45 21 and
1490 1677 154 22 corroborated
1664 1679 36 21 the
1716 1680 106 22 evidence
1840 1681 23 21 of

1281 1700 35 21 the
1327 1701 41 22 last
1377 1702 97 21 witness.

1306 1727 33 27 By
1367 1728 43 22 Mr.
1434 1730 116 28 Strang.—
1553 1731 142 23 Entertained
1724 1740 30 14 no
1782 1734 79 22 malice

1281 1755 85 25 against
1381 1756 101 27 plaintiff.
1512 1758 53 21 Had
1575 1758 128 22 threatened
1714 1760 107 27 privately
1831 1769 28 13 on

1280 1781 67 22 board
1358 1782 37 21 the
1405 1784 76 26 vessel,
1491 1791 60 15 some
1563 1785 51 21 time
1628 1786 66 27 since,
1706 1790 22 17 to
1739 1787 122 28 horsewhip

1279 1808 52 21 him.
1361 1810 47 21 Can
1419 1814 57 17 most
1487 1810 113 28 distinctly
1607 1816 54 18 state
1673 1813 46 21 that
1729 1821 29 14 no
1767 1815 93 21 obscene

1280 1841 23 14 or
1318 1834 156 29 blasphemous
1490 1837 110 28 language
1616 1846 42 15 was
1675 1840 54 21 used
1746 1841 22 21 in
1786 1841 75 21 defen-

1280 1861 71 22 dant's
1370 1864 64 21 cabin
1444 1872 4 18 ;
1473 1864 36 22 the
1529 1865 97 27 subjects
1644 1873 56 15 were
1725 1874 28 14 on
1777 1867 82 28 horses,

1263 1897 1 5 '
1280 1888 100 28 watches,
1392 1891 44 21 and
1451 1897 166 20 arrangements
1627 1892 32 22 for
1675 1900 13 14 a
1704 1893 103 28 shooting
1823 1902 38 14 ex-

1262 1914 3 26 j
1279 1916 85 21 cursion
1386 1924 27 14 on
1435 1918 36 20 the
1490 1918 113 26 following
1622 1919 48 27 day.
1707 1920 54 26 [Mr.
1782 1923 79 25 Strang

1262 1951 3 26 |
1278 1940 66 23 asked
1363 1944 87 21 witness
1467 1945 18 20 if
1497 1945 27 21 he
1542 1945 44 21 had
1603 1945 127 23 threatened
1749 1952 21 17 to
1786 1948 74 22 horse-

1262 1979 2 24 j
1279 1967 56 28 whip
1352 1970 98 26 plaintiff
1466 1972 35 20 the
1518 1973 103 26 previous
1637 1972 49 27 day.
1724 1974 48 22 The
1791 1975 67 21 Court

1278 1995 45 21 told
1333 1994 43 24 Mr.
1389 1997 66 28 Selby
1466 1998 26 21 he
1503 1999 57 21 need
1571 2003 39 17 not
1620 2007 83 15 answer
1713 2000 23 26 it,
1748 2002 74 21 unless
1831 2002 28 21 he

1278 2021 94 28 thought
1381 2031 86 20 proper,
1479 2025 44 21 and
1533 2026 43 21 Mr.
1587 2027 21 19 S.
1620 2026 118 28 declined.]

1299 2047 176 31 jRe-examiued.
1478 2062 26 4 —
1507 2052 52 21 Was
1574 2056 39 16 not
1627 2060 28 14 on
1671 2055 107 25 speaking
1793 2058 67 18 terms

1278 2076 50 20 with
1338 2076 100 27 plaintiff
1443 2085 28 14 on
1481 2078 69 22 board
1561 2078 36 22 the
1608 2079 76 22 vessel.
1705 2080 21 21 A
1737 2081 41 21 few
1788 2081 72 21 weeks

1278 2102 64 27 since,
1356 2104 87 21 witness
1462 2104 65 22 heard
1547 2106 47 20 that
1611 2106 51 22 Mrs.
1681 2107 115 26 Pharazyn
1815 2115 44 14 was

1278 2135 51 20 very
1340 2129 34 25 ill;
1391 2130 19 21 al
1415 2131 81 27 chough
1507 2132 104 22 confined
1628 2133 91 21 himself
1733 2139 21 17 to
1766 2135 32 21 his
1810 2135 47 26 bed,

1277 2154 27 21 he
1314 2156 151 28 immediately
1474 2163 67 17 wrote
1553 2166 12 14 a
1576 2163 51 18 note
1636 2159 23 21 in
1673 2161 72 25 pencil
1758 2165 21 17 to
1788 2161 71 26 plain-

1278 2182 38 26 tiff,
1333 2183 98 28 begging
1447 2184 45 22 him
1509 2189 23 17 to
1550 2186 69 20 throw
1636 2186 59 22 aside
1714 2187 57 22 their
1786 2188 73 21 differ-

1277 2215 70 19 ences,
1356 2210 44 21 and
1410 2211 117 28 tendering
1535 2212 34 22 his
1579 2213 142 26 professional
1733 2215 94 21 services
1838 2219 21 17 to

1260 2248 2 12 i
1278 2236 51 21 Mrs.
1342 2237 125 27 Pharazyn;
1485 2246 22 14 as
1518 2239 28 21 he
1557 2239 93 28 thought
1664 2241 57 21 from
1739 2241 36 21 the
1786 2241 73 21 differ-

1260 2263 3 34 j
1278 2269 63 16 ences
1351 2264 99 22 between
1462 2266 91 21 himself
1564 2267 44 20 and
1620 2267 100 27 plaintiff,
1732 2268 38 21 she
1786 2268 72 21 would

1276 2289 54 22 have
1341 2298 13 13 a
1363 2290 101 28 delicacy
1474 2293 21 20 in
1507 2293 127 27 requesting
1645 2293 66 23 them.

1304 2317 52 20 Mrs.
1392 2318 115 22 Elizabeth
1539 2319 78 28 Healy,
1646 2325 89 17 servant
1764 2325 21 18 to
1814 2323 41 20 Mr.

1260 2347 2 7 '
1278 2343 137 27 M'Donnell,
1429 2352 42 15 was
1490 2350 56 17 npxt
1564 2347 117 21 examined
1692 2356 5 13 :
1699 2360 28 3 —
1729 2349 48 21 Her
1795 2350 62 20 cabin

1260 2382 3 12 i
1277 2377 43 14 wa3
1337 2371 89 22 divided
1441 2372 57 22 from
1515 2373 37 21 the
1570 2373 138 23 defendant's
1728 2375 30 27 by
1774 2376 53 27 only
1846 2384 13 13 a

1276 2396 45 22 thin
1330 2398 113 30 partition.
1472 2400 35 20 On
1519 2400 90 27 Sunday
1617 2401 47 26 last,
1674 2402 39 21 she
1721 2410 44 13 was
1776 2410 12 13 a
1798 2407 61 22 great

1276 2423 46 22 deal
1333 2431 23 14 in
1372 2425 24 25 it,
1407 2425 41 21 but
1466 2426 35 21 did
1513 2430 40 18 not
1569 2427 53 21 hear
1631 2428 82 22 riotous
1725 2430 96 21 conduct
1836 2430 22 20 in

1275 2450 41 23 Mr.
1328 2451 110 27 Spoftorth
1442 2453 15 20 's
1467 2453 72 21 cabin.
1568 2453 66 22 Their
1648 2457 153 20 conversation
1814 2464 43 13 was

1276 2481 38 18 not
1325 2478 55 21 such
1398 2487 22 13 as
1437 2483 22 17 to
1476 2484 94 22 prevent
1587 2481 38 21 her
1641 2481 93 28 hearing
1748 2483 40 21 her
1802 2483 55 21 little

1275 2505 42 27 boy
1332 2504 28 22 its
1372 2506 125 22 catechism.
1527 2507 63 26 They
1607 2514 55 16 were
1678 2509 106 28 laughing
1801 2518 56 13 once

1259 2538 3 20 I
1275 2538 24 14 or
1313 2532 69 24 twice,
1401 2533 44 21 and
1462 2533 36 21 the
1518 2538 66 17 worst
1600 2535 57 21 word
1674 2536 39 21 she
1731 2536 67 22 heard
1814 2544 43 14 was

1259 2565 1 26 \
1275 2558 13 21 d
1344 2565 26 19 n;
1386 2560 42 20 Mr.
1443 2560 109 27 Spofforth
1563 2561 45 21 and
1620 2562 41 21 Mr.
1674 2563 66 26 Selby
1751 2563 52 21 used
1820 2563 37 22 the

1259 2585 1 24 \
1275 2586 58 21 word
1340 2594 4 16 ;
1357 2586 62 21 there
1427 2594 44 14 was
1481 2594 28 14 no
1517 2587 63 21 other
1588 2589 41 21 bad
1638 2589 107 27 language
1754 2598 4 18 ;
1771 2590 19 22 if
1796 2591 61 21 there

1258 2620 2 11 i
1274 2612 42 21 had
1337 2608 56 26 been
1405 2620 50 20 any,
1466 2614 39 21 she
1521 2619 59 16 must
1589 2615 56 21 have
1659 2615 68 23 heard
1737 2617 28 25 it;
1781 2617 44 21 and
1834 2625 23 13 as

1273 2639 36 21 the
1319 2640 88 21 mother
1416 2641 25 20 of
1448 2648 12 14 a
1471 2641 58 21 child
1540 2641 38 21 she
1590 2643 72 21 would
1672 2642 57 23 have
1741 2644 83 27 spoken
1834 2648 22 17 to

1274 2666 65 21 them.
1369 2666 43 22 She
1431 2674 42 14 was
1489 2667 22 21 in
1527 2668 41 21 her
1578 2669 63 21 cabin
1654 2669 40 22 five
1713 2678 24 13 or
1748 2671 32 21 six
1791 2670 65 22 hours

1273 2693 79 27 during
1368 2693 37 21 the
1420 2694 43 26 day
1469 2703 5 18 ;
1491 2695 37 21 the
1545 2699 63 23 party
1625 2695 66 23 dined
1702 2697 101 26 together
1819 2697 38 21 be-

1273 2723 69 18 tween
1362 2724 43 17 two
1425 2721 42 21 and
1487 2721 62 21 three
1570 2721 91 23 o'clock.
1699 2724 77 20 About
1795 2723 60 28 eight

1273 2746 90 26 o'clock,
1374 2746 38 22 she
1423 2751 58 18 went
1490 2748 48 22 into
1546 2748 42 22 Mr.
1598 2749 151 23 M'Donnell's
1759 2751 63 21 cabin
1834 2754 22 18 to

1273 2773 74 21 attend
1364 2781 86 20 payers.
1478 2775 48 21 The
1543 2776 126 25 gentlemen
1687 2784 57 14 were
1760 2777 53 21 then
1829 2777 23 22 in

1273 2800 138 21 defendant*
1432 2801 70 26 cabin,
1524 2802 44 22 and
1593 2803 35 21 the
1645 2805 153 21 conversation
1814 2812 43 14 was

1256 2824 3 35 j
1272 2827 65 21 about
1354 2826 75 23 horses
1448 2828 61 21 when
1527 2828 38 22 she
1582 2829 40 22 left
1638 2831 45 21 and
1694 2831 62 21 when
1767 2831 38 21 she
1822 2838 34 15 re-

1256 2864 2 14 i
1273 2854 83 21 turned.
1387 2854 43 22 She
1441 2862 43 14 was
1494 2855 80 21 absent
1583 2856 67 22 about
1660 2857 49 21 half
1716 2865 27 14 an
1754 2857 63 27 hour,
1829 2866 26 13 or

1271 2881 17 21 it
1298 2880 70 27 might
1376 2880 57 22 have
1447 2881 55 22 been
1516 2883 181 28 three-quarters.
1727 2885 130 21 Defendant

1272 2908 65 26 spoke
1354 2911 23 17 to
1396 2908 48 24 her,
1462 2909 85 21 outside
1564 2909 36 21 the
1621 2911 72 26 cabin,
1713 2912 67 21 about
1797 2912 60 26 eight

1271 2934 83 21 o'clock
1363 2942 5 18 ;
1385 2934 28 21 he
1428 2942 43 14 was
1481 2936 107 27 perfectly
1601 2937 63 21 sober
1672 2945 4 18 ;
1694 2937 62 23 there
1773 2946 43 14 was
1827 2946 28 14 no

1271 2961 116 21 alteration
1397 2961 56 22 from
1464 2961 33 22 his
1506 2963 91 26 general
1608 2963 108 28 affability
1723 2965 26 21 of
1755 2972 99 14 manner.

1271 2988 72 21 Never
1359 2988 64 21 knew
1439 2988 45 22 him
1501 2996 68 14 worse
1586 2990 34 21 fur
1638 2990 72 28 liquor
1723 2991 80 27 during
1818 2991 37 22 the

1271 3022 89 19 voyage,
1373 3022 25 14 or
1407 3022 39 14 use
1456 3015 113 28 improper
1579 3015 109 29 language
1705 3018 70 22 either
1784 3019 23 21 in
1823 3018 34 22 his

1272 3041 62 21 cabin
1346 3048 25 14 or
1381 3041 67 22 about
1456 3042 36 22 the
1504 3043 78 21 vessel.

1296 3068 52 21 This
1356 3068 75 22 closed
1441 3068 36 22 the
1488 3069 141 23 defendant's
1640 3078 55 15 case.

1297 3094 45 22 The
1362 3095 148 28 Magistrates,
1521 3096 86 27 having
1620 3098 116 22 consulted
1746 3099 33 21 for
1789 3099 68 22 about

1270 3124 36 18 ten
1326 3122 103 27 minutes,
1447 3123 60 21 fined
1521 3123 122 22 defendant
1660 3125 39 26 jgs,
1717 3125 46 21 and
1779 3125 76 22 bound

1269 3148 44 21 him
1325 3155 53 15 over
1387 3153 23 17 to
1419 3148 56 29 keep
1486 3149 37 22 the
1539 3157 66 20 peace
1616 3151 34 21 for
1662 3151 79 22 twelve
1757 3152 97 22 months.

1269 3175 45 21 The
1334 3175 83 21 assault
1433 3178 109 25 appeared
1560 3180 22 18 to
1600 3177 37 22 the
1659 3178 139 27 Magistrates
1814 3186 41 14 un-

1266 3202 123 27 justifiably
1400 3202 94 27 violent;
1513 3203 44 22 and
1567 3203 40 22 but
1617 3205 33 20 for
1661 3204 36 22 the
1715 3206 140 27 uncertainty

1269 3236 22 14 as
1302 3232 21 17 to
1333 3228 64 22 when
1408 3229 61 22 there
1480 3230 73 22 would
1564 3231 26 21 be
1600 3238 12 14 a
1622 3231 78 27 higher
1717 3232 96 21 tribunal
1831 3233 23 21 in

1269 3255 35 21 the
1324 3255 92 28 Colony,
1436 3255 52 28 they
1508 3264 57 14 were
1582 3257 95 22 induced
1697 3262 23 17 to
1740 3259 49 21 deal
1805 3259 50 21 thus

1270 3282 127 27 summarily
1409 3283 51 21 with
1470 3284 24 20 it.

1300 3341 147 26 Northern
1466 3344 193 24 Exploratory
1677 3344 175 25 Expedition.

1267 3388 32 4 —
1299 3375 43 23 We
1361 3381 75 25 regret
1452 3381 24 19 to
1498 3385 116 16 announce
1638 3378 37 23 the
1698 3379 157 23 unsuccessful

1267 3409 143 24 termination
1423 3410 24 23 of
1462 3410 48 23 Mr.
1525 3410 82 32 Eyre's
1626 3411 130 31 expedition
1774 3416 22 19 to
1816 3412 38 23 the

1267 3441 135 26 northward.
1445 3443 35 23 Of
1495 3443 38 24 the
1553 3444 158 31 indefatigable
1732 3446 120 27 exertions,

1267 3475 42 23 and
1321 3475 39 23 the
1370 3476 102 31 untiring
1483 3476 49 24 zeal
1544 3476 25 24 of
1585 3476 44 24 this
1641 3477 136 31 gentleman,
1791 3478 63 23 there

1267 3516 39 15 can
1318 3508 28 24 be
1358 3509 41 23 but
1410 3517 42 15 one
1467 3510 93 31 opinion
1570 3518 6 20 ;
1596 3509 44 24 and
1652 3510 109 32 although
1772 3511 29 23 he
1812 3511 41 23 has

1266 3541 66 24 failed
1343 3542 25 22 in
1379 3542 36 23 his
1428 3543 139 24 endeavours
1579 3547 22 19 to
1616 3548 116 26 penetrate
1750 3544 46 23 into
1815 3544 39 23 the

1266 3576 98 27 interior,
1377 3574 36 24 his
1426 3576 128 31 expedition
1567 3576 44 23 will
1623 3581 23 18 at
1657 3576 58 24 least
1724 3584 64 24 carry
1799 3577 54 24 with

1265 3608 18 23 it
1293 3608 46 23 this
1352 3616 42 15 one
1407 3608 132 31 advantage,
1556 3609 31 31 by
1599 3609 102 31 showing
1711 3610 74 23 where
1797 3610 56 23 such

1265 3645 106 26 attempts
1382 3649 38 15 are
1433 3642 71 28 futile,
1518 3643 17 22 it
1547 3650 51 22 may
1610 3642 70 24 direct
1692 3643 39 22 the
1743 3643 109 23 attention

1265 3673 25 24 of
1303 3673 37 24 the
1353 3674 76 24 future
1438 3675 106 23 traveller
1556 3679 23 18 to
1591 3683 61 15 some
1666 3675 65 23 other
1749 3676 64 30 point
1829 3677 23 22 in

1264 3706 71 24 which
1348 3708 57 23 such
1417 3716 14 15 a
1441 3715 80 16 course
1533 3716 52 23 may
1593 3708 28 23 be
1628 3708 70 24 found
1706 3709 144 30 practicable.

1262 3752 31 5 —
1297 3737 115 26 Southern
1423 3740 146 23 Australian.

1295 3772 44 25 We
1359 3781 38 16 are
1416 3774 74 31 happy
1509 3777 32 20 to-
1551 3781 115 17 announce
1687 3774 50 23 that
1754 3774 98 31 Captain

1264 3805 126 31 Montague
1407 3806 41 24 has
1466 3806 107 24 returned
1591 3810 22 20 to
1632 3807 38 23 the
1690 3806 87 31 Colony
1797 3808 23 22 in
1838 3816 14 14 a

1260 3838 89 32 perfect
1360 3844 57 18 state
1429 3840 25 22 of
1468 3838 85 25 health.
1589 3839 47 23 Mr.
1655 3839 94 24 Forster
1761 3840 91 23 recedes

1264 3876 22 18 to
1308 3871 38 24 the
1368 3871 69 24 Chief
1459 3872 79 23 Police
1561 3871 148 32 Magistracy,
1734 3873 45 23 and
1802 3873 48 24 Mr.

1256 3904 82 30 'Spode
1352 3908 21 20 to
1386 3904 36 25 bis
1434 3904 35 23 old
1482 3905 64 23 office
1563 3905 25 23 of
1603 3905 118 32 Principal
1741 3906 110 31 Superin-

1262 3936 280 24 tendant.—Launcetton
1555 3936 103 25 Couriers
1860 3940 2 16 i

72 398 41 23 had
123 397 55 21 been
188 397 102 25 disposed
300 399 27 21 of
327 409 22 5 —

58 183 6 8 '
98 179 106 27 Monday,
216 178 56 22 May
286 180 34 21 31.
321 190 29 5 —
351 179 104 23 Present:
471 180 99 24 Michael
585 182 63 23 Mur-

72 207 48 29 phy,
131 206 58 27 Esq.,
201 204 43 22 nfi'd
254 205 27 22 R.
293 206 27 21 D.
333 206 101 27 Hanson,
446 207 51 28 Esq.

97 229 86 27 Several
192 238 60 15 cases
262 231 26 22 of
294 232 154 22 drunkenness
457 241 58 15 were
525 234 69 22 heard
605 235 43 22 this

72 258 105 26 morning,
190 257 45 22 arid
251 258 38 21 the
303 260 82 26 parties
401 259 130 28 discharged
547 267 30 16 on
593 269 55 20 pay-

71 288 59 22 ment
138 285 25 21 of
169 283 36 22 the
215 284 63 21 usual
288 285 51 22 fine.

93 319 112 23 Tuesday,
215 316 61 24 June
292 319 18 21 1.
312 329 28 5 —
340 318 94 23 Present
442 327 5 14 :
462 319 28 22 R.
503 319 28 23 D.
542 319 104 28 Hanson,

70 347 49 25 Esq.

95 370 63 23 After
166 377 61 15 some
237 377 61 15 cases
307 372 26 21 of
345 371 154 23 drunkenness
509 373 45 22 and
563 374 84 21 assault

94 424 65 21 Adam
182 424 84 24 Brown,
289 425 78 26 (mate)
385 426 75 26 Henry
482 427 88 26 Bayley,
602 427 45 22 and

69 452 71 22 Edwin
157 451 109 26 Leathart,
286 458 58 15 were
368 451 96 28 charged
486 454 54 21 with
564 454 83 27 having

70 477 96 24 deserted
175 477 43 22 and
234 477 85 22 robbed
329 478 37 22 the
375 479 73 21 wreck
465 480 26 20 of
503 480 37 21 the
554 482 77 19 Jewess
638 491 8 12 ,•

70 505 41 23 and
125 505 83 20 Norton
222 501 87 28 Harris,
327 505 53 21 with
396 505 75 28 aiding
486 507 45 21 and
547 508 100 27 abetting

69 533 56 19 them
135 531 22 21 in
167 531 37 21 the
214 538 67 14 same,
288 538 18 13 v
317 545 3 4 -

145 557 80 26 Strang
239 557 112 28 appeared
365 557 34 23 for
409 559 79 21 Brown
497 567 5 19 ;
520 560 45 22 Mr.
575 561 60 22 Bran-

69 585 40 20 don
119 584 34 21 for
163 584 112 21 Leathart.-
277 590 6 4 *

94 611 22 21 F.
128 611 26 21 G.
167 610 84 27 Moore,
262 614 83 18 master
354 611 25 21 of
392 611 38 23 the
443 613 83 25 Jewess,
537 620 45 15 was
592 614 53 22 then

68 644 66 16 sworn
143 645 5 13 :
149 648 28 4 —
178 637 36 21 He
239 644 45 14 was
308 641 82 18 master
415 639 26 21 of
462 640 38 21 the
524 641 73 21 vessel
621 642 23 21 in

68 665 103 47 Suestion,
183 663 68 22 which
262 670 44 16 was
317 664 101 22 wrecked
425 672 28 15 on
465 667 37 21 the
512 668 49 20 21st
571 667 73 28 April.

82 694 18 18 >n
116 690 36 22 the
168 690 40 22 4th
225 690 25 21 of
271 691 61 26 May,
352 691 68 21 about
437 695 13 19 6
460 693 86 22 o'clock
564 693 24 22 in
608 694 37 22 the

67 717 97 26 evening,
175 717 123 21 constables
309 718 88 22 Garner
403 719 44 21 and
458 720 79 27 Sayers
549 727 62 15 came
622 726 23 16 to

67 744 48 25 him,
124 743 44 21 and
175 743 47 21 said
229 743 48 21 that
283 743 33 22 his
324 752 51 14 men
381 745 43 21 had
431 745 102 23 deserted
543 747 55 21 from
607 747 38 22 the

67 769 71 23 vessel.
168 770 21 21 A
206 771 93 21 number
314 771 24 21 of
354 778 90 20 persons
461 773 84 27 having
557 774 88 22 arrived

65 798 52 20 from
128 797 52 21 Port
189 796 121 22 Nicholson
323 801 22 17 to
361 798 79 22 render
450 799 45 22 him
513 800 128 25 assistance,

66 825 25 21 he
107 823 42 21 had
166 823 88 21 divided
273 823 62 22 them
352 824 47 22 into
419 829 42 18 two
479 827 94 26 parties;
599 829 45 20 and

65 851 82 25 Brown,
159 849 111 28 Leathart,
283 850 43 22 and
337 851 91 28 Bayley,
440 853 53 21 with
507 861 14 13 a
530 855 115 22 constable

65 877 40 21 had
114 876 56 22 been
180 876 40 22 left
229 877 22 21 in
263 876 80 28 charge
354 879 24 20 of
386 878 36 22 the
432 879 79 23 vessel.
541 881 36 21 He
586 886 59 17 went

65 904 60 21 down
135 906 22 18 to
168 902 37 22 the
220 904 78 26 vessel,
310 905 46 21 and
371 905 86 28 finding
466 907 60 21 what
543 907 37 21 the
591 916 50 13 con-

65 929 77 23 stables
151 929 44 22 had
210 929 47 23 said
272 938 45 14 was
334 934 53 23 true,
399 931 40 22 left
448 940 43 14 one
502 933 26 21 of
542 934 61 22 them
620 936 23 21 in

62 957 82 25 charge,
161 956 45 22 and
223 960 58 18 went
298 957 53 21 with
366 958 37 21 the
420 959 63 21 other
499 960 24 21 in
533 961 78 21 search
621 962 26 21 of

65 983 33 21 the
109 983 115 26 prisoners.
254 983 36 22 He
306 984 102 21 received
424 985 142 23 information
586 987 57 23 from

63 1016 55 15 some
133 1009 85 22 natives
236 1016 24 15 as
276 1013 22 18 to
315 1011 38 21 the
367 1011 54 21 road
436 1012 52 27 they
505 1013 45 21 had
567 1013 75 28 taken,

63 1037 47 26 and,
126 1036 82 26 having
222 1037 110 26 procured
349 1044 13 14 a
375 1038 74 21 native
465 1039 75 27 guide,
557 1041 86 21 walked

63 1063 63 22 about
137 1062 60 28 eight
210 1062 64 22 miles
289 1066 21 18 to
328 1063 36 21 the
381 1064 134 24 northward.
545 1065 98 24 Witness

63 1090 65 21 found
138 1090 79 21 Brown
227 1090 63 27 lying
299 1097 73 15 across
383 1098 13 14 a
406 1091 101 28 footpath
516 1093 91 28 leading
620 1098 23 18 to

62 1123 57 15 some
130 1116 49 22 huts
187 1124 5 18 ;
208 1116 28 21 he
246 1123 44 15 was
305 1117 67 21 much
382 1117 143 23 intoxicated.
556 1120 36 21 He
603 1121 40 21 left

63 1143 75 21 Brown
158 1143 52 21 with
225 1142 38 22 the
283 1144 120 26 constable,
424 1145 43 21 and
488 1149 59 19 went
564 1147 48 21 into
629 1156 14 14 a

61 1170 59 21 wood
133 1170 66 21 about
215 1170 43 21 five
269 1170 102 22 minutes'
383 1171 56 21 walk
453 1172 58 22 from
526 1173 73 22 where
614 1174 28 22 he

62 1197 66 21 found
150 1197 78 21 Brown
240 1204 5 19 ;
271 1197 27 21 he
323 1197 69 21 heard
415 1199 80 26 voices,
515 1200 74 22 which
613 1201 29 21 he

60 1223 103 27 instantly
170 1223 131 27 recognized
312 1231 24 14 as
346 1224 34 22 his
390 1232 55 14 crew
453 1234 5 18 ;
474 1226 52 25 and,
537 1228 106 27 creeping

61 1257 27 14 on
98 1250 32 21 his
140 1250 70 21 hands
219 1250 45 22 and
280 1251 76 26 knees,
367 1251 67 27 being
448 1253 83 26 guided
544 1255 53 26 only
612 1255 30 27 by

61 1277 53 21 their
123 1276 79 27 voices,
214 1284 62 14 came
291 1285 30 20 up
331 1281 22 18 to
364 1278 37 21 'he
411 1283 49 22 spot
471 1279 73 22 where
555 1281 85 28 Bayley

62 1303 40 21 and
119 1303 103 22 Leathart
238 1304 72 22 where
328 1305 125 22 concealed.
488 1307 23 21 It
528 1314 43 14 was
587 1308 54 22 then

61 1331 49 20 nine
121 1330 90 27 o'clock,
220 1331 45 21 and
276 1331 36 21 the
323 1331 64 27 night
397 1339 52 20 very
460 1333 61 22 dark.

86 1357 196 22 Cross-examined.
284 1370 28 3 —
312 1358 53 22 Two
376 1358 25 22 of
413 1359 37 21 the
466 1361 112 26 prisoners
587 1361 55 28 only

59 1391 53 14 were
122 1384 60 20 there
190 1391 4 18 ;
211 1384 80 22 Brown
302 1392 44 14 was
356 1389 40 17 not
405 1386 69 22 there.

87 1410 153 22 Examination
264 1412 109 22 resumed.
384 1424 28 3 —
422 1413 96 23 Witness
542 1415 39 22 did
602 1419 38 18 not

61 1437 61 21 know
132 1437 52 21 then
195 1437 47 22 that
253 1438 51 27 they
315 1439 43 21 had
368 1440 83 21 robbed
464 1441 38 21 the
512 1441 70 22 vessel
591 1451 5 18 ;
613 1443 27 21 he

60 1464 91 26 thought
167 1464 46 21 that
223 1464 53 28 they
286 1465 44 22 had
344 1467 83 26 merely
437 1467 101 23 deserted
549 1469 57 21 from
616 1469 23 22 it.

62 1491 33 21 He
109 1487 68 25 found
194 1491 83 22 several
295 1493 61 26 bags,
368 1493 69 21 which
448 1495 111 26 pi-isoners
569 1497 71 20 stated

60 1517 113 22 contained
184 1517 57 22 their
250 1526 48 14 own
310 1519 91 22 clothes.
429 1521 45 21 Did
485 1525 40 17 not
535 1529 56 20 open
603 1523 37 21 the

60 1545 56 25 bags,
128 1552 22 13 as
161 1544 36 22 the
207 1545 63 26 night
280 1553 44 15 was
342 1554 22 14 so
375 1547 61 22 dark.
466 1548 37 21 He
517 1549 47 21 told
578 1549 62 22 them

60 1571 49 26 they
125 1578 55 14 were
194 1573 116 26 prisoners,
329 1573 44 21 and
389 1573 40 22 left
445 1574 60 22 them
521 1576 23 21 in
559 1576 81 27 charge

60 1598 49 20 with
128 1605 60 15 some
207 1599 84 21 natives
304 1608 4 17 ;
335 1600 112 28 Warepori
469 1609 43 14 was
537 1608 103 23 amongst

60 1624 63 22 them.
158 1624 88 28 Shortly
265 1627 52 21 aftei
323 1627 69 21 wards
411 1628 27 21 he
458 1628 69 22 heard
546 1631 94 21 another

60 1651 64 27 voice,
136 1653 107 26 swearing
256 1653 27 22 he
300 1654 72 21 would
389 1654 63 22 shoot
467 1655 37 23 the
523 1656 48 22 first
586 1664 52 15 man

60 1678 46 20 who
116 1686 61 14 came
194 1686 53 14 near
261 1679 45 23 him
314 1689 5 17 ;
336 1680 27 22 he
377 1685 57 18 went
450 1683 47 21 into
513 1683 37 21 the
568 1685 70 26 wood,

59 1705 41 21 and
110 1705 68 21 found
189 1707 98 26 prisoner
295 1707 85 22 Harris.
411 1709 96 21 Witness
517 1710 44 21 had
571 1711 68 21 infor-

58 1732 79 20 mation
149 1732 73 22 before
232 1733 47 22 that
290 1734 37 22 the
337 1735 110 26 prisoners
462 1735 43 23 had
519 1737 56 21 been
586 1745 52 14 seen

58 1758 49 21 with
128 1759 88 27 Harris;
233 1760 44 22 and
297 1761 27 21 he
341 1761 67 22 asked
424 1762 47 22 h.m
486 1763 50 28 why
552 1764 27 21 he
596 1765 43 21 had

56 1785 119 26 persuaded
186 1786 32 22 his
228 1794 56 14 crew
295 1791 22 19 to
334 1789 73 21 desert
421 1789 53 22 him.
507 1791 77 21 Harris
601 1799 36 14 re-

57 1811 57 27 plied
129 1812 48 22 that
193 1813 27 21 he
230 1813 43 23 had
288 1818 52 23 not;
357 1815 52 26 they
425 1816 45 22 had
486 1817 41 22 left
544 1819 26 20 of
582 1818 57 22 their

57 1846 45 14 own
119 1839 45 21 free
183 1840 49 26 will,
249 1841 44 21 and
309 1849 55 14 were
380 1843 67 27 going
462 1847 22 18 to
502 1844 43 21 live
561 1846 23 20 in
605 1846 33 21 his

57 1865 71 22 house.
166 1866 95 23 Witness
280 1869 52 21 then
353 1869 47 21 said
419 1870 47 22 that
485 1870 28 22 he
531 1876 60 17 must
609 1879 29 19 go

57 1892 48 22 with
123 1893 43 21 him
178 1897 21 17 to
210 1894 37 22 the
265 1896 120 26 constable,
401 1896 62 22 when
478 1897 80 22 Harris
573 1900 64 26 again

56 1919 126 22 threatened
198 1924 22 18 to
236 1921 66 22 shoot
317 1922 53 26 him,
385 1923 44 21 and
444 1924 157 23 endeavoured
616 1930 22 17 to

56 1947 69 23 excjte
138 1947 36 21 the
189 1948 85 22 natives
291 1952 22 18 to
330 1953 45 18 acts
392 1951 25 20 of
431 1951 100 22 violence
552 1954 86 25 against

56 1973 91 26 witness,
158 1981 24 14 as
192 1974 53 27 they
260 1982 56 16 were
327 1977 97 26 running
434 1978 68 21 about
512 1979 46 21 him
569 1980 23 21 in
608 1980 29 21 all

56 1999 122 23 directions.
207 2001 71 26 Being
290 2003 71 24 alone,
377 2004 44 20 and
432 2006 115 25 unarmed,
559 2006 28 20 he
598 2006 40 21 left

56 2025 50 26 htm,
117 2027 78 25 saying
204 2025 28 22 he
243 2029 71 20 would
329 2029 50 21 take
387 2029 44 21 him
442 2031 22 20 in
476 2030 37 21 the
524 2032 111 26 morning,

56 2051 19 21 if
86 2052 26 20 he
125 2053 70 26 could,
210 2054 46 21 and
266 2054 53 22 then
331 2059 58 17 went
405 2059 22 17 to
441 2056 38 21 the
490 2057 62 27 place
564 2059 72 20 where

57 2078 35 21 the
107 2079 110 22 constable
234 2087 50 19 was,
300 2082 45 20 and
359 2088 57 20 gave
429 2083 38 21 the
483 2085 111 25 prisoners
612 2086 23 21 in

55 2105 33 21 his
102 2105 85 28 charge.
216 2106 71 22 There
304 2116 56 14 were
375 2109 49 21 four
439 2110 54 26 bags
508 2112 70 21 found
589 2112 48 22 that

56 2132 72 26 night;
144 2133 49 26 and,
204 2141 24 13 as
243 2134 52 27 they
305 2142 56 14 were
372 2135 78 28 heavy,
463 2137 53 28 they
526 2146 58 13 were
596 2140 41 21 left

55 2158 67 22 under
132 2159 36 21 the
179 2167 48 15 care
238 2161 26 21 of
271 2161 120 28 Warepori,
403 2167 22 17 at
440 2168 38 17 the
491 2165 52 26 pah.
573 2166 62 21 Next

53 2186 101 27 morning
163 2186 36 22 the
209 2188 53 26 bags
278 2196 57 13 were
345 2191 112 26 searched,
470 2191 45 21 and
526 2192 27 20 he
564 2192 72 22 found

55 2219 58 15 some
123 2213 24 20 of
154 2213 32 21 his
196 2221 48 15 own
260 2220 108 23 property,
379 2217 44 22 and
433 2226 13 13 a
460 2222 64 23 great
533 2220 103 27 quantity

56 2239 115 27 belonging
187 2244 21 18 to
227 2241 43 22 Mr.
291 2242 106 28 Churton,
414 2252 11 13 a
445 2252 129 21 passenger;
599 2246 37 22 the

56 2266 83 22 articles
157 2274 56 16 weie
237 2269 75 21 mixed
336 2278 30 24 up
390 2271 50 21 with
463 2271 37 22 the
524 2273 112 26 prisoners

56 2292 86 22 clothes.
172 2294 78 22 Brown
267 2296 94 22 claimed
376 2305 42 14 one
428 2299 25 20 of
462 2299 36 21 the
509 2299 61 26 bags,
583 2301 51 26 and,

56 2326 26 14 on
91 2320 27 21 its
127 2320 65 27 being
201 2323 92 25 opened,
306 2323 33 22 his
354 2331 49 15 own
413 2330 105 22 property
528 2326 52 27 only
591 2335 45 14 was

55 2346 73 22 found.
157 2347 94 23 Witness
260 2349 53 22 then
324 2351 107 27 proposed
438 2352 48 21 that
493 2352 54 27 they
555 2353 80 22 should

55 2380 26 18 go
91 2374 42 20 and
143 2375 49 21 take
204 2375 84 28 Harris,
301 2377 71 22 whom
388 2378 26 22 he
427 2379 102 22 believed
540 2387 44 14 was
597 2381 37 21 the

55 2400 102 27 principal
166 2401 22 22 in
199 2402 94 28 inciting
304 2403 36 23 the
351 2412 56 14 crew
417 2408 22 18 to
456 2405 39 22 rob
511 2406 45 22 and
570 2407 62 22 leave

55 2426 34 21 the
102 2427 75 27 vessel^
192 2429 51 26 and,
260 2431 150 28 accordingly,
425 2433 115 21 constable
555 2434 79 27 Sayers

56 2453 41 21 and
103 2461 11 14 a
124 2459 61 23 party
194 2458 157 26 accompanied
363 2459 43 21 him
415 2462 22 18 to
448 2459 99 22 Harris's
558 2460 74 27 house;

52 2480 26 20 he
88 2488 42 14 was
140 2483 95 26 secured,
247 2484 44 21 and
302 2492 13 14 a
324 2485 43 26 bag
384 2485 123 27 (produced
521 2488 24 20 in
559 2490 73 25 court)

55 2513 40 15 was
113 2508 67 22 found
196 2509 22 21 in
238 2510 36 22 the
290 2511 75 22 house.
395 2513 70 21 Could
484 2518 40 17 not
538 2514 95 28 identify

55 2540 39 30 pne
104 2534 41 27 bag
154 2535 55 23 from
224 2536 37 22 the
272 2538 70 27 other,
352 2546 24 14 as
386 2539 37 21 the
432 2540 65 27 night
509 2547 43 15 was
563 2542 55 21 dark
626 2551 5 17 ;

55 2560 36 22 but
105 2562 63 22 could
180 2563 94 28 identify
291 2565 42 21 Mr.
346 2565 98 22 Churton
479 2572 112 23 property,
608 2577 24 14 as

53 2587 26 20 he
97 2587 41 23 had
154 2589 36 22 the
203 2591 130 28 re-packing
348 2593 26 21 of
385 2593 23 21 it.
439 2594 57 25 (The
511 2594 53 28 bags
576 2603 56 14 were

55 2615 47 19 here
121 2616 89 27 opened,
230 2618 46 22 and
294 2619 88 22 witness
401 2620 114 22 identified
538 2629 13 14 a
569 2626 63 23 great

55 2645 95 24 quantity
166 2643 24 21 of
203 2643 38 23 the
255 2651 105 22 property
374 2654 24 14 as
413 2647 122 28 belonging
549 2652 22 18 to
589 2650 42 21 Mr.

79 2694 31 26 By
119 2695 37 22 the
167 2697 102 22 Court.—
270 2699 82 22 Where
364 2707 56 15 were
431 2701 38 22 the
479 2702 71 26 goods
559 2702 73 23 found

53 2727 26 14 on
90 2721 35 22 the
135 2723 108 27 prisoners
253 2726 66 21 taken
330 2728 71 21 from?

79 2747 127 25 Witness.—
209 2751 64 23 From
284 2753 102 22 different
396 2754 86 28 places;
498 2763 61 14 some
573 2757 58 22 from

54 2776 34 19 the
95 2776 68 27 shore,
172 2778 45 22 and
224 2786 60 15 some
292 2781 56 20 from
357 2788 28 13 on
395 2782 74 21 board.
495 2782 42 22 :he
545 2788 87 22 greater

53 2806 45 25 part
107 2810 56 15 were
172 2805 65 22 taken
249 2810 39 18 out
298 2807 25 21 of
333 2815 14 13 a
356 2808 49 21 bale
416 2809 25 21 of
455 2808 68 28 goods
539 2810 92 28 belong-

54 2834 34 20 ing
101 2832 21 18 to
139 2831 43 22 Mr.
195 2833 107 26 Churton,
319 2834 72 21 which
406 2842 44 15 was
463 2840 41 17 not
518 2843 57 19 open
594 2837 37 22 the

54 2856 38 25 day
102 2856 80 24 before.
210 2859 47 22 The
267 2860 50 21 bale
328 2868 43 14 was
380 2862 23 21 in
420 2862 37 21 the
475 2863 46 22 fore
538 2863 54 22 hold
609 2864 25 21 of

53 2883 33 19 the
96 2885 74 21 vessel.
199 2885 115 23 Prisoners
324 2894 57 15 were
391 2888 69 27 living
471 2897 29 14 on
518 2890 71 27 shore,
607 2892 22 20 in

52 2914 12 14 a
72 2911 51 25 tent,
135 2918 13 14 a
157 2911 41 21 few
208 2912 66 27 yards
283 2913 57 22 from
351 2914 37 21 the
400 2915 78 21 vessel.

77 2935 30 27 By
117 2937 36 21 the
164 2938 73 22 Court.
239 2950 27 5 —
267 2940 80 21 Brown
358 2948 43 14 was
411 2948 61 15 more
481 2942 24 21 in
517 2942 80 28 charge
608 2944 26 21 of

52 2961 33 21 the
101 2964 67 22 vessel
185 2965 52 21 than
258 2967 37 21 the
310 2967 65 21 other
394 2968 122 27 prisoners;
539 2970 29 21 he
587 2977 43 14 was

52 2992 60 24 niate,
130 2991 42 21 and
189 2991 43 23 had
250 2993 119 27 particular
384 2994 146 23 instructions
546 3000 23 17 to
578 2996 51 22 look

52 3016 50 21 after
110 3018 23 20 it.
161 3018 47 22 The
218 3026 56 15 crew
284 3023 23 18 at
317 3028 42 14 one
369 3021 53 21 time
432 3022 89 22 wanted
528 3026 23 17 to
558 3023 70 28 leave,

51 3043 58 21 when
119 3045 85 22 witness
212 3047 111 26 promised
331 3047 53 28 they
391 3048 79 22 should
477 3049 28 22 be
512 3050 52 27 paid
573 3050 57 22 their

50 3069 36 21 lull
96 3077 75 22 wages,
183 3073 44 21 and
236 3074 92 27 further,
340 3075 48 21 that
403 3075 20 21 if
434 3075 53 28 they
504 3077 125 22 conducted

51 3096 124 24 themselves
182 3099 22 21 in
212 3107 27 14 an
249 3101 88 27 orderly
345 3109 100 20 manner,
454 3103 28 21 he
491 3103 73 22 would
572 3104 57 22 him-

51 3124 40 19 self
102 3125 61 21 make
173 3125 59 23 them
244 3134 13 14 a
266 3134 95 21 present.
392 3130 53 26 Any
454 3137 44 14 one
513 3130 65 22 could
592 3137 37 21 get

51 3155 25 15 on
86 3149 64 24 board
162 3152 35 22 the
208 3156 68 20 vessel
287 3159 23 17 at
321 3155 42 22 low
380 3160 72 22 water,
471 3157 40 21 but
528 3158 36 21 the
580 3162 48 18 tent

51 3181 40 16 was
100 3184 21 14 in
131 3185 12 14 a
154 3179 101 23 situation
265 3181 35 22 for
310 3181 37 22 the
357 3182 111 27 prisoners
481 3187 23 18 to
514 3191 36 14 see
561 3192 66 20 every

50 3203 59 26 thing
117 3205 65 27 going
192 3214 36 14 on.
257 3209 21 20 A
290 3209 111 22 constable
412 3210 46 22 and
467 3218 43 14 one
520 3219 52 14 man
584 3212 43 22 had

51 3232 139 27 occasionally
200 3233 57 28 slept
266 3242 29 14 on
305 3235 75 22 board.

63 3256 42 30 .By
111 3257 41 23 Mr.
159 3259 114 29 Strang.—
275 3262 52 21 Had
333 3262 80 23 known
420 3264 80 22 Brown
508 3265 34 22 for
549 3266 78 27 nearly

50 3285 95 24 eighteen
156 3287 94 22 months.
290 3289 97 23 Witness
396 3290 44 22 had
448 3291 56 22 been
513 3299 29 14 an
550 3293 77 22 officer

50 3315 26 15 on
87 3312 63 22 board
166 3313 36 23 the
217 3316 82 26 Bengal
313 3317 118 27 Merchant,
449 3318 45 22 and
505 3319 80 22 Brown
598 3328 27 14 an

50 3342 112 23 emigrant;
178 3339 33 23 his
222 3344 97 21 conduct
328 3351 29 14 on
366 3344 68 22 board
443 3345 62 22 there
516 3353 45 15 was
572 3354 53 19 very

48 3365 137 28 satisfactory.
224 3369 80 23 Brown
323 3371 43 22 had
389 3372 55 21 been
471 3372 24 22 in
518 3372 108 24 witness's

49 3395 77 17 service
134 3393 58 26 eight
201 3402 25 15 or
236 3398 52 21 nine
297 3398 95 22 months.
422 3398 46 23 Did
478 3403 40 18 not
527 3400 48 22 find
581 3408 44 20 any

48 3420 30 16 sto
81 3420 4 17 '
88 3424 26 14 cn
124 3425 100 24 Property
234 3423 21 22 in
267 3424 37 21 the
315 3431 114 19 possesson
441 3426 25 21 of
482 3426 88 23 Brown.

73 3450 30 19 cy
116 3447 40 19 Mr.
167 3447 141 26 Brandon.—
310 3451 78 22 Found
397 3452 38 22 the
450 3457 106 23 property
572 3454 52 22 with

48 3471 99 22 lieathart
156 3473 43 23 and
210 3476 90 29 Bayley.
328 3478 48 22 The
392 3480 87 21 natives
498 3480 49 22 who
566 3486 59 17 went

48 3501 47 15 with
104 3501 64 24 them,
179 3501 27 21 lie
217 3504 78 25 picked
309 3512 29 20 up
349 3513 28 14 on
388 3506 36 22 the
438 3507 55 22 road
501 3515 5 19 ;
518 3508 52 26 they
581 3508 44 22 had

48 3527 26 16 no
83 3530 99 23 property
194 3529 50 22 then
253 3530 23 23 in
289 3531 56 22 (heir
354 3532 132 26 possession.
518 3534 22 22 It
545 3543 46 15 was
601 3543 23 14 so

47 3553 57 23 aark,
122 3553 62 21 could
203 3560 40 18 not
260 3565 70 16 swear
352 3559 108 22 Leathart
477 3560 46 23 had
542 3570 13 13 a
574 3563 48 25 bag.

48 3576 106 24 Prisoners
164 3587 56 17 were
229 3583 89 28 hiding;
338 3585 28 21 he
383 3590 39 22 put
438 3586 34 23 his
488 3587 61 23 hand
564 3596 59 21 upon

47 3604 56 20 them
122 3604 92 30 through
233 3617 13 14 a
262 3611 64 26 bush,
344 3612 43 21 and
403 3613 38 21 the
458 3620 105 21 property
580 3624 44 14 was

46 3631 66 20 tound
117 3638 52 16 near
175 3635 66 23 them.
269 3638 62 21 After
340 3638 36 21 the
383 3639 54 27 bags
444 3647 58 15 were
509 3642 113 26 searched,

46 3660 49 17 aoes
110 3662 38 17 not
162 3663 104 22 recollect
282 3664 91 27 making
389 3664 37 23 the
443 3666 141 25 observation
602 3673 22 17 to

46 3685 106 38 l^athart,
260 3690 19 21 is
289 3690 94 27 nothing
391 3691 60 27 here,
459 3700 28 20 go
494 3701 29 15 on

46 3717 21 12 is
77 3717 88 18 positive
175 3717 36 19 the
222 3717 71 21 words
302 3725 57 14 were
369 3725 68 14 never
446 3720 61 22 used.

71 3739 187 25 Cross-examined
270 3744 31 26 by
316 3744 119 27 Bayley.—
435 3744 48 23 The
500 3746 54 27 bags
567 3756 57 15 were

45 3765 67 19 tound
121 3765 55 23 close
187 3771 22 18 to
219 3776 43 19 you
269 3778 5 17 ;
291 3770 74 22 before
375 3770 9 22 I
391 3770 45 23 had
443 3772 58 22 done
507 3774 115 26 speaking,

47 3787 48 28 they
104 3797 55 16 were
168 3793 96 30 brought
273 3800 45 19 out.
601 3787 21 15 bl

70 3817 77 22 Jiarns
161 3821 47 22 s,aid
222 3821 27 23 he
265 3823 37 22 did
319 3826 39 19 not
375 3823 65 22 know
458 3824 49 23 how
524 3826 37 23 the
581 3827 43 25 ban

44 3847 59 16 came
117 3847 45 19 into
179 3846 36 23 the
229 3849 52 27 hut;
299 3849 37 23 the
346 3849 40 23 hut
396 3857 43 15 was
451 3856 39 17 not
500 3852 40 27 his,
552 3854 18 21 it
585 3854 39 22 be-

43 3872 78 22 longed
140 3875 21 17 to
178 3874 97 29 natives;
295 3875 29 23 he
340 3877 53 27 only
408 3877 57 27 slept
481 3877 63 24 there
560 3887 63 16 occa-

44 3897 99 27 sionally.

69 3921 124 26 Constables
200 3927 79 28 Saycrs
286 3929 45 22 and
339 3929 71 27 Floyd
417 3930 160 24 corroborated
585 3932 37 23 the

676 124 106 24 evidence
793 126 27 22 of
830 126 62 28 Capt.
902 127 87 27 Moore,
999 135 24 15 as
1032 131 23 19 to
1065 127 74 25 where
1152 129 39 23 the
1206 130 54 28 bags,

676 151 45 22 and
730 152 111 28 prisoners
852 160 57 15 were
918 154 78 22 found.

705 177 42 23 Mr.
759 179 98 22 Churton
867 180 115 22 identified
992 188 13 14 a
1013 180 62 29 large
1088 183 89 26 portion
1187 183 26 22 of
1224 183 36 22 the

676 209 103 23 property
796 206 111 27 produced
923 207 23 21 in
963 207 75 27 Court,
1054 215 24 15 aa
1099 208 121 29 belonging
1238 213 22 19 to

675 230 47 22 him
730 239 5 19 ;
760 230 41 23 but
815 232 65 22 could
895 236 40 18 not
951 240 69 15 swear
1034 237 22 18 to
1072 234 39 22 the
1131 235 86 22 article?
1237 237 22 21 in

676 256 97 23 Harris's
783 258 50 26 bag.
862 259 61 27 Capt.
933 260 84 26 Moore,
1029 262 106 26 however,
1146 259 114 25 identified

676 289 12 14 a
697 284 48 26 pair
756 284 26 21 of
792 289 100 18 trowsers
902 286 70 21 found
980 287 25 21 in
1017 286 96 23 Harris's
1126 287 43 28 bag
1184 296 23 14 as
1222 289 37 22 the

676 314 104 23 property
791 311 26 21 of
828 312 42 21 Mr.
881 312 107 22 Churton.

702 336 47 21 The
759 336 110 28 prisoners
879 345 57 15 were
952 338 56 28 fully
1018 340 129 22 committed
1157 341 35 22 for
1201 341 56 28 trial,

675 362 41 21 but
725 362 92 23 allowed
828 369 38 17 out
876 371 28 15 on
913 364 53 23 bail.

702 395 153 28 Wednesday,
880 398 61 22 June
964 399 22 22 2,
992 409 28 6 —
1027 399 108 24 Present:
1160 402 98 22 Michael

676 421 106 28 Murphy,
791 423 59 28 Esq.,
862 425 27 21 R.
900 425 28 21 D.
940 425 102 27 Hanson,
1053 427 52 25 Esq.

704 456 85 21 Charles
802 458 92 20 Johnson
913 460 121 26 Pharazyn,
1052 467 20 14 v.
1082 461 96 21 Edward
1194 463 63 26 Spof-

667 483 73 25 forth.
777 484 21 22 A
814 492 48 14 case
879 485 26 21 of
916 487 89 21 assault.
1006 498 30 4 —
1038 487 41 22 Mr.
1096 488 105 23 Brandon
1220 490 38 21 de-

674 510 83 21 fended
768 511 42 22 Mr.
820 512 116 26 Spofforth,
947 513 45 22 and
1006 514 44 22 Mr.
1059 514 81 27 Strang
1149 517 109 26 appeared

674 536 34 22 for
727 536 43 23 Mr.
791 537 124 27 Pharazyn.
952 539 49 22 The
1019 541 81 27 parties
1119 541 55 22 both
1195 550 62 14 came

673 570 130 20 passengers
813 564 22 21 in
846 564 37 21 the
897 565 59 27 Jane,
970 566 56 22 from
1038 567 94 22 London
1139 576 5 19 ;
1161 569 45 21 and
1220 569 37 21 the

674 596 49 14 case
734 591 109 26 appeared
855 594 21 18 to
887 592 72 21 excite
968 597 63 22 great
1040 594 99 22 interest.

701 616 103 22 Plaintiff
817 618 71 21 stated
909 619 47 21 that
975 620 68 21 about
1065 623 42 19 two
1122 622 86 21 o'clock
1227 630 29 14 on

672 642 103 28 Tuesday
795 644 123 25 afternoon,
937 645 29 21 he
984 653 44 15 was
1047 647 106 27 standing
1171 656 28 14 on
1220 649 37 22 the

672 668 78 27 beach,
761 677 54 14 near
826 671 104 22 Barrett's
944 672 67 26 hotel,
1020 673 63 22 when
1095 674 42 22 Mr.
1147 675 110 27 Spofforth

673 702 62 15 came
745 703 30 20 up
786 701 22 16 to
818 697 46 22 him
874 698 52 21 with
937 705 13 14 a
961 698 60 23 thick
1031 700 64 27 stick,
1104 701 45 21 and
1158 705 99 25 request-

673 722 27 21 ed
712 722 26 22 he
749 723 72 22 would
838 724 151 29 immediately
1000 729 81 19 retract
1096 728 58 21 what
1169 728 27 22 he
1213 728 44 22 had

672 749 47 21 said
733 754 22 16 to
766 750 44 21 Mr.
822 750 33 21 W.
868 751 121 28 Swainson,
998 753 57 26 jun.,
1067 754 68 21 about
1144 754 34 22 his
1191 755 66 27 being

672 775 73 22 drunk
759 783 30 15 on
804 776 35 23 the
857 778 96 22 Sabbath
965 779 49 27 day,
1026 780 44 22 and
1086 782 67 26 using
1163 782 93 22 obscene

672 802 44 21 and
731 803 155 27 blasphemous
903 805 110 27 language
1031 806 23 22 in
1072 807 37 22 the
1125 808 94 27 hearing
1234 809 25 21 of

671 829 119 27 plaintiff's
810 830 56 23 wife.
909 832 37 21 He
969 834 90 26 replied,
1079 834 96 31 perhaps
1196 836 24 20 in
1244 843 13 13 a

672 856 96 21 satirical
778 864 101 21 manner,
889 859 72 21 which
970 867 56 19 gave
1036 860 70 22 wrath
1116 864 22 18 to
1154 862 33 20 nis
1196 869 58 20 rage,

670 893 29 5 —
723 882 31 22 Of
768 891 77 15 course
855 885 11 21 I
876 885 44 22 will
929 889 88 24 retract,
1031 887 64 22 when
1107 888 11 21 I
1133 895 37 14 see
1181 895 13 14 a
1203 896 52 14 man

671 910 76 21 armed
758 910 52 21 with
820 919 14 13 a
973 913 12 20 1
993 912 34 23 his
1036 914 38 21 did
1090 917 38 19 not
1144 922 80 20 appear
1233 919 24 17 to

671 936 75 27 satisfy
756 937 43 21 Mr.
807 938 116 27 SpofForth,
930 939 49 22 who
987 940 91 21 insisted
1089 941 48 21 that
1144 941 28 22 he
1177 941 80 22 should

671 966 81 18 retract
763 963 59 22 word
836 964 35 21 for
887 966 67 21 word.
982 966 131 22 Defendant
1128 968 62 21 stood
1205 968 23 21 in
1243 976 14 14 a

671 989 142 27 threatening
823 992 99 26 attitude,
933 992 75 26 lifting
1019 1000 12 13 a
1040 994 57 21 stick
1109 997 23 18 to
1142 994 53 27 him,
1206 1003 50 19 say-

670 1016 46 26 ing,
761 1016 11 21 I
789 1016 43 21 will
848 1022 40 16 not
902 1019 50 26 give
968 1026 46 19 you
1030 1027 13 14 a
1057 1024 101 18 moment
1172 1026 21 16 to
1203 1029 54 14 con-

782 1043 78 22 Before
880 1044 27 21 he
927 1046 66 21 could
1012 1053 92 20 answer,
1119 1047 29 21 he
1166 1055 44 14 was
1224 1053 32 17 at-

671 1068 80 22 tacked
759 1069 25 21 in
795 1077 13 13 a
817 1070 72 21 brutal
900 1071 44 21 and
959 1073 109 27 cowardly
1079 1081 101 14 manner.
1208 1075 47 21 The

670 1095 68 21 blows
749 1103 56 14 were
816 1096 72 22 aimed
899 1101 22 18 at
931 1098 37 21 the
979 1098 63 28 head,
1054 1100 46 21 and
1110 1100 27 21 he
1146 1100 110 24 defended

671 1121 92 22 himself
771 1123 51 21 with
832 1123 33 21 his
876 1123 39 22 left
924 1131 47 14 arm
982 1126 23 20 in
1017 1125 36 22 the
1066 1127 49 21 best
1125 1135 94 14 manner
1227 1129 28 21 he

670 1149 72 21 could.
773 1149 101 22 Plaintiff
880 1151 101 22 received
989 1153 84 21 several
1084 1161 75 14 severe
1175 1155 79 27 blows;

670 1182 43 14 one
730 1176 22 21 in
770 1176 125 27 particular,
906 1185 55 14 near
975 1178 37 22 the
1028 1180 65 26 wrist,
1106 1187 43 15 was
1165 1182 26 20 of
1201 1182 54 21 such

670 1202 108 27 violence,
795 1203 48 21 that
856 1203 27 22 he
893 1204 94 27 thought
1001 1206 33 21 his
1044 1213 46 15 arm
1105 1214 43 14 was
1162 1208 92 22 broken.

670 1229 25 21 If
702 1229 17 21 it
728 1229 45 22 had
784 1230 66 21 fallen
861 1238 29 13 on
906 1230 34 23 his
951 1232 64 27 head,
1026 1233 87 22 instead
1123 1234 26 21 of
1156 1234 33 22 his
1199 1243 54 19 arm,

670 1255 28 21 he
714 1256 99 21 believed
829 1257 17 21 it
861 1258 73 21 would
951 1258 57 23 have
1027 1261 81 21 caused
1126 1260 35 22 hi-,
1180 1261 74 23 death.

670 1282 103 22 Plaintiff
784 1283 52 22 then
848 1291 40 14 ran
902 1286 95 21 towards
1015 1286 104 22 Barrett's
1128 1288 67 27 hotel,
1212 1290 44 20 and

669 1309 85 22 several
773 1317 91 20 persons
888 1319 64 14 came
976 1317 39 18 out
1024 1321 6 19 ;
1055 1313 124 24 defendant
1201 1316 53 21 then

670 1335 103 21 desisted.

697 1363 33 27 By
741 1364 37 20 the
789 1364 74 21 Court.
864 1375 28 5 —
895 1365 19 21 A
930 1365 71 22 dozen
1015 1366 70 22 blows
1095 1375 56 14 were
1162 1369 76 21 struck
1248 1378 5 18 ;

669 1396 29 15 no
709 1397 80 20 person
798 1391 126 27 interfered,
945 1392 107 28 although
1066 1394 44 21 Mr.
1128 1394 33 22 W.
1173 1396 81 21 Swain-

669 1423 47 19 son,
739 1417 58 27 jun.,
814 1418 45 21 and
872 1419 43 21 Mr.
932 1419 67 27 Selby
1016 1427 56 14 were
1092 1421 104 28 standing
1217 1423 35 27 by.

669 1441 130 24 Defendant
815 1446 96 26 pursued
928 1445 46 22 him
991 1446 52 23 with
1052 1454 14 14 a
1076 1448 68 26 stick;
1163 1449 43 21 and
1217 1450 37 21 did

669 1474 39 17 not
719 1471 68 21 desist
796 1472 56 21 until
860 1479 91 19 persons
962 1480 62 15 came
1035 1477 39 18 out
1090 1474 26 21 of
1132 1475 36 22 the
1186 1475 66 23 hotel.

669 1497 111 22 Received
790 1505 43 14 one
849 1498 56 23 blow
922 1507 29 13 on
967 1500 37 22 the
1023 1500 40 21 left
1081 1508 54 20 arm,
1155 1504 98 26 opposite

669 1523 108 23 Barrett's
787 1524 58 23 hotel
853 1533 6 18 ;
870 1526 34 21 his
913 1533 46 14 arm
970 1534 45 14 was
1024 1527 66 22 much
1102 1528 88 23 swollen
1199 1538 6 18 ;
1217 1530 36 22 did

668 1554 39 17 not
716 1558 29 19 go
756 1555 21 17 to
789 1559 12 14 a
810 1552 95 22 medical
915 1560 53 14 man
976 1562 6 18 ;
993 1554 38 21 did
1046 1558 40 17 not
1096 1562 39 14 use
1145 1556 108 28 irritating

667 1577 111 27 language
791 1580 102 25 previous
904 1584 22 17 to
942 1580 37 21 the
999 1582 88 21 assault.
1128 1582 125 23 Defendant

667 1604 45 21 had
721 1604 130 23 threatened
860 1610 23 17 to
893 1607 82 21 assault
985 1607 46 22 him
1041 1615 29 14 on
1085 1608 76 22 board.
1190 1610 63 28 They

667 1638 57 14 were
733 1631 73 22 fellow
817 1640 106 20 voyagers
932 1634 102 26 together
1046 1636 25 21 in
1087 1636 37 21 the
1137 1637 60 24 Jane,
1209 1638 43 21 and

667 1657 28 22 he
708 1658 44 21 had
761 1662 41 18 not
811 1660 56 21 been
881 1667 28 14 on
920 1661 107 27 speaking
1036 1665 68 19 terms
1114 1663 52 21 with
1177 1664 75 21 defen-

667 1684 56 21 dant
733 1685 61 22 since
805 1686 52 27 they
866 1686 39 22 left
915 1687 50 22 Rio.

695 1711 33 27 By
742 1712 43 21 Mr.
801 1713 112 22 Brandon.
916 1725 28 4 —
944 1714 47 22 The
1000 1715 69 22 blows
1079 1723 57 15 were
1147 1718 72 21 aimed
1230 1722 23 18 at

668 1738 36 21 the
719 1739 65 27 head,
801 1740 40 21 but
855 1740 33 21 his
906 1748 47 15 arm
970 1742 68 21 saved
1046 1743 18 20 it
1071 1751 4 18 ;
1093 1751 28 14 no
1132 1744 66 21 blood
1209 1752 43 14 was

667 1765 74 21 drawn
763 1773 40 14 nor
820 1767 70 22 bones
908 1768 92 22 broken.
1042 1770 90 21 Admits
1154 1771 47 21 that
1224 1771 28 22 he

667 1792 68 26 spoke
745 1792 38 22 the
794 1794 70 21 words
895 1795 107 27 certainly
1015 1796 10 21 I
1036 1800 86 24 retract,
1135 1797 19 21 if
1171 1805 12 13 a
1199 1806 51 14 man

667 1825 73 16 comes
752 1820 77 21 armed
839 1822 20 19 in
871 1822 54 21 such
942 1829 12 14 a
1104 1831 24 14 or
1144 1825 69 21 words
1229 1830 22 16 to

667 1845 47 21 that
724 1846 71 27 effect,
811 1848 21 20 in
849 1855 13 13 a
880 1848 96 22 satirical
992 1857 101 15 manner.
1123 1851 128 23 Defendant

667 1872 51 21 then
731 1874 67 21 asked
808 1874 34 21 for
851 1881 28 14 an
897 1876 135 26 unqualified
1047 1878 119 21 retraction
1177 1879 26 21 of
1215 1879 35 21 the

667 1898 91 28 charges
769 1900 43 22 and
828 1901 91 22 without
935 1904 168 25 prevarication.
1140 1905 35 21 He
1191 1905 59 22 hesi-

669 1924 66 28 tated,
748 1928 44 21 and
810 1927 36 22 the
863 1929 82 21 assault
961 1931 155 27 commenced;
1135 1935 39 17 not
1189 1940 61 14 more

666 1952 53 23 than
730 1958 37 17 ten
778 1959 108 17 moments
897 1957 106 20 occurred
1017 1957 99 22 between
1133 1958 37 22 the
1186 1966 64 20 ques-

666 1980 57 21 tions
733 1980 45 21 and
792 1981 37 21 the
839 1982 57 21 blow
904 1991 5 18 ;
926 1982 37 21 did
979 1987 39 18 not
1033 1984 73 22 refuse
1123 1989 22 17 to
1159 1989 89 24 retract,

665 2007 85 32 merely
770 2007 115 22 hesitated.
925 2010 102 21 Accused
1036 2011 45 21 Mr.
1099 2012 110 26 Spofforth
1226 2013 23 22 in

665 2032 53 21 Mrs.
730 2031 133 23 Swainson's
874 2035 71 25 c&bin,
961 2036 21 20 in
995 2036 36 21 the
1046 2043 105 19 presence
1168 2039 25 20 of
1206 2040 42 21 Mr.

667 2058 31 21 W.
711 2060 121 26 Swainson,
846 2060 58 28 jun.,
923 2062 46 21 Mrs
992 2063 121 27 Swainson,
1132 2065 43 21 and
1196 2057 52 31 Mrs!

667 2085 122 27 Pharazyn.
819 2086 52 23 Had
886 2095 67 14 never
968 2089 74 22 before
1058 2098 52 13 seen
1129 2091 121 24 defendant

665 2113 91 21 commit
778 2114 94 21 himself.
914 2115 48 22 The
986 2117 80 26 parties
1090 2125 56 14 were
1172 2118 78 28 dining

664 2139 102 27 together
773 2141 23 20 in
806 2141 42 21 Mr.
861 2142 128 26 Spoftbrth's
999 2144 72 26 cabin,
1083 2144 71 22 which
1162 2146 86 27 adjoins

665 2165 39 27 his,
716 2173 29 15 on
757 2168 89 27 Sunday
856 2168 48 22 last.
940 2170 21 21 A
978 2170 57 26 good
1052 2171 49 21 deal
1119 2172 25 21 of
1155 2173 94 21 obscene

664 2192 109 28 language
790 2202 42 13 was
849 2195 61 22 used.
944 2196 62 28 They
1023 2197 43 21 had
1084 2206 60 14 some
1161 2206 48 15 rum
1226 2201 21 21 in

664 2219 22 21 in
698 2221 36 20 the
746 2221 70 25 cabin,
832 2222 44 21 and
893 2222 56 22 after
963 2223 80 22 dinner
1060 2224 53 28 they
1130 2226 71 22 called
1214 2227 35 22 for

663 2247 94 21 another
766 2247 74 28 bottle,
853 2249 69 22 which
935 2257 42 14 was
987 2251 85 22 refused
1082 2260 4 17 ;
1099 2252 43 21 had
1153 2260 27 14 no
1192 2253 56 22 hesi-

664 2274 69 21 tation
744 2274 22 21 in
778 2276 78 26 saying
872 2276 120 22 defendant
1006 2285 43 14 was
1067 2278 79 22 drunk.
1182 2281 67 21 Their

664 2302 154 21 conversation
838 2303 104 27 annoyed
958 2303 90 23 himself
1066 2306 43 20 and
1126 2307 55 26 wife,
1199 2307 49 22 who

663 2334 56 15 were
730 2328 92 27 reading
835 2329 23 21 in
876 2329 36 21 the
932 2330 114 28 adjoining
1066 2332 72 22 cabin.
1177 2334 70 22 When

663 2353 122 23 defendant
792 2356 67 21 asked
869 2356 46 22 him
925 2360 22 19 to
958 2361 85 23 retract,
1059 2358 28 22 he
1102 2360 43 20 had
1159 2367 30 15 no
1201 2361 45 22 real

662 2380 110 23 intention
782 2383 26 20 of
819 2382 67 28 doing
896 2391 24 14 so
929 2392 5 18 ;
952 2384 28 21 he
988 2385 47 21 said
1045 2385 27 21 he
1084 2387 73 21 would
1166 2391 83 19 retract

663 2407 95 28 through
768 2409 52 26 fear,
832 2410 39 21 but
879 2411 18 20 it
906 2417 44 15 was
956 2411 57 22 done
1021 2412 126 28 satirically.
1165 2413 83 23 Knows

663 2434 47 21 that
728 2435 122 22 defendant
867 2437 44 21 had
930 2445 70 14 sworn
1019 2446 126 20 vengeance
1161 2441 87 26 against

662 2460 53 23 him.
748 2462 46 22 The
805 2464 154 22 conversation
970 2465 89 22 alluded
1070 2470 22 17 to
1103 2469 143 21 commenced

662 2488 99 22 between
772 2491 13 20 5
800 2490 44 21 and
859 2492 12 20 6
886 2491 85 22 o'clock
989 2499 27 14 on
1036 2493 92 28 Sunday
1144 2495 101 27 evening,

662 2515 43 21 and
716 2516 78 22 ceased
805 2517 62 22 when
878 2518 42 21 Mr.
933 2519 120 26 Swainson,
1069 2527 56 20 sen,,
1140 2528 61 15 came
1217 2530 28 14 on

661 2542 75 27 board,
748 2544 72 21 which
834 2551 43 14 was
893 2544 68 22 about
979 2547 24 20 10
1018 2546 93 22 o'clock.
1147 2549 44 21 Did
1208 2554 39 16 not

660 2572 89 24 request
760 2570 59 22 them
831 2575 22 18 to
864 2572 76 21 discon
942 2577 6 9 f
951 2572 52 22 inue
1014 2574 57 20 their
1081 2575 163 28 conversation,

661 2602 23 15 as
695 2596 36 21 the
742 2604 80 20 proper
831 2599 54 20 time
896 2603 21 17 to
928 2600 68 24 speak
1006 2603 21 18 to
1038 2607 14 13 a
1062 2608 51 14 man
1129 2608 42 14 was
1182 2602 63 22 when

660 2622 28 21 he
699 2629 44 16 was
758 2624 70 22 sober.
860 2625 23 22 If
898 2625 28 22 he
941 2626 43 21 had
1001 2627 84 26 spoken
1106 2631 22 18 to
1145 2628 67 26 them,
1229 2630 17 21 it
1253 2627 2 25 \

662 2650 71 21 would
743 2650 56 22 have
808 2659 64 14 cause
883 2659 12 14 a
906 2652 140 23 disturbance
1057 2661 28 15 on
1095 2655 77 21 board.
1202 2656 43 22 His

660 2683 46 14 arm
718 2684 44 15 was
772 2678 43 21 still
826 2678 92 26 painful.

686 2703 97 23 Thomas
791 2705 26 21 V.
829 2706 66 26 Hine,
905 2707 60 27 Esq.,
977 2708 125 21 examined.
1104 2720 28 3 —
1132 2709 54 21 Was
1195 2717 49 19 pre-

659 2735 50 16 sent
719 2732 117 26 yesterday
846 2733 124 27 afternoon,
986 2734 64 22 when
1062 2735 36 21 the
1110 2736 81 22 assault
1201 2744 44 14 was

660 2758 129 21 committed
798 2767 4 13 :
818 2759 44 22 had
871 2760 57 21 been
939 2760 78 27 dining
1024 2765 22 17 at
1054 2761 37 22 the
1099 2762 67 22 hotel.
1196 2763 49 22 Saw

660 2782 120 24 defendant
790 2786 67 21 strike
865 2786 100 28 plaintiff
970 2794 55 15 once
1032 2788 53 22 with
1095 2796 13 14 a
1118 2789 59 26 large
1189 2791 55 21 stick

660 2817 23 14 or
693 2810 110 28 bludgeon
813 2821 5 17 ;
834 2813 19 20 if
865 2813 37 21 the
919 2814 58 21 blow
993 2814 44 22 had
1053 2815 68 22 fallen
1141 2817 71 21 where
1227 2818 18 20 it
1253 2818 2 29 j

660 2839 108 24 appeared
780 2842 21 17 to
812 2836 55 25 have
878 2840 57 22 been
945 2840 104 28 directed,
1066 2843 17 20 it
1099 2843 73 21 would
1188 2843 56 23 have
1253 2836 2 23 '

658 2863 68 22 fallen
738 2872 28 14 on
777 2866 36 21 the
822 2866 68 26 head;
907 2868 116 26 plaintiff's
1038 2868 42 21 left
1093 2876 47 15 arm
1156 2871 87 21 warded

660 2890 14 19 it
685 2891 29 20 off
715 2890 3 6 1
722 2899 4 17 ;
751 2892 67 21 heard
836 2892 36 22 the
888 2894 61 20 word
1110 2896 72 22 called
1197 2901 45 19 out.

664 2916 41 21 I'he
716 2918 57 21 blow
784 2927 42 13 was
837 2927 13 13 a
859 2927 75 15 severe
944 2928 49 19 one,
1005 2921 40 21 but
1055 2922 66 22 could
1130 2927 38 17 not
1175 2931 69 15 swear

659 2943 16 21 it
686 2951 42 14 was
740 2945 72 22 aimed
822 2949 22 18 at
854 2946 36 21 the
900 2947 64 20 head.

687 2970 87 27 George
792 2973 89 21 Samuel
902 2974 81 26 Evans,
1008 2974 60 29 Esq.,
1089 2977 154 23 examined.—

658 2997 75 22 About
750 2998 60 22 three
825 3000 83 21 o'clock
924 3001 116 27 yesterday
1057 3003 124 28 afternoon,
1199 3013 44 14 saw

658 3024 122 23 defendant
798 3026 90 26 beating
906 3026 38 22 the
958 3028 100 27 plaintiff
1073 3029 53 22 with
1142 3038 12 14 a
1170 3031 73 28 heavy

658 3050 86 27 cudgel.
774 3052 88 22 Several
881 3053 68 23 blows
968 3062 57 15 were
1042 3057 82 26 struck,
1144 3059 44 21 and
1205 3067 38 20 ap-

658 3078 80 24 peared
749 3082 21 17 to
780 3079 27 22 be
817 3080 66 26 given
894 3080 53 22 with
958 3089 22 14 as
991 3082 67 22 much
1066 3082 59 23 force
1134 3092 24 14 as
1166 3085 76 23 defen-

658 3104 53 21 dant
721 3106 65 21 could
795 3106 97 27 possibly
902 3111 70 19 exert.
1001 3109 49 21 Saw
1062 3111 24 19 12
1097 3117 25 15 or
1135 3113 24 20 15
1174 3112 68 22 blows

657 3132 81 21 struck.
768 3133 128 22 Defendant
911 3136 110 26 appeared
1038 3139 22 17 to
1077 3137 27 21 be
1117 3139 93 27 striking
1220 3142 22 19 at

658 3157 37 21 the
705 3158 65 28 head,
781 3160 44 21 and
836 3160 94 27 plaintiff
944 3165 40 23 put
994 3170 29 20 up
1032 3162 35 22 his
1081 3170 47 16 arm
1146 3168 21 18 to
1183 3167 58 21 ward

657 3184 59 22 them
729 3186 35 21 off.
792 3188 50 20 Saw
852 3188 36 21 the
897 3195 46 15 arm
951 3188 127 23 afterwards
1086 3198 6 18 ;
1107 3191 18 21 it
1132 3193 109 26 appeared

657 3214 21 18 to
696 3211 47 23 him
753 3215 22 19 to
791 3214 27 21 be
838 3214 66 21 much
915 3215 90 22 swollen
1023 3216 45 21 and
1083 3217 40 21 red
1140 3226 53 14 near
1205 3219 35 22 the

657 3238 64 22 wrist.
753 3239 52 22 Was
814 3243 39 18 not
861 3240 61 22 there
933 3245 23 17 at
966 3242 36 21 the
1013 3250 195 18 commencement
1219 3247 24 21 of

655 3264 37 22 the
709 3266 89 22 assault.
828 3268 129 21 Defendant
973 3269 129 28 repeatedly
1115 3272 46 22 said
1198 3273 43 22 Re-

655 3295 62 24 tract,
730 3293 40 27 Sir,
897 3295 45 21 and
952 3303 44 14 was
1006 3296 114 29 following
1129 3306 30 20 up
1170 3299 70 28 plain-

655 3318 33 22 tiff
696 3327 6 18 ;
723 3318 68 23 heard
806 3328 29 14 no
852 3328 86 16 answer
954 3325 21 19 to
992 3322 49 23 that
1050 3331 5 18 ;
1071 3323 18 22 it
1106 3332 43 15 was
1164 3334 14 14 a
1187 3334 53 14 con-

655 3345 78 22 tinued
743 3347 81 20 attack.

681 3372 34 27 By
726 3373 44 22 Mr.
780 3374 106 22 Brandon
895 3386 28 5 —
925 3376 45 21 Can
981 3383 69 15 swear
1057 3381 59 18 most
1125 3378 113 29 distinctly

655 3399 78 22 twelve
752 3407 24 14 or
791 3400 76 22 fifteen
885 3402 68 22 blows
970 3410 56 14 were
1046 3405 83 21 struck.
1158 3405 80 28 Really

654 3426 97 22 believes
761 3427 48 22 that
818 3428 37 21 the
866 3428 68 22 blows
944 3436 57 15 were
1010 3431 67 26 given
1090 3431 54 23 with
1157 3433 30 21 all
1202 3433 36 22 the

655 3452 58 23 force
729 3453 121 23 defendant
859 3456 66 21 could
936 3460 62 18 exert
1005 3465 5 18 ;
1026 3464 70 16 never
1111 3466 42 14 saw
1164 3468 14 13 a
1187 3467 51 15 msin

654 3479 51 22 beat
724 3480 94 22 another
836 3489 24 14 so
879 3483 116 27 violently.
1030 3484 48 22 The
1097 3485 68 22 blows
1183 3494 55 15 were

653 3507 115 28 generally
777 3508 73 22 aimed
867 3511 23 19 at
900 3509 36 22 the
947 3509 57 23 head
1018 3518 25 14 or
1053 3511 115 23 shoulders
1177 3520 5 19 ;
1198 3513 40 23 but

654 3541 24 14 so
697 3541 69 20 many
782 3542 56 14 were
854 3536 82 27 struck,
956 3536 47 23 that
1017 3545 62 15 some
1095 3539 73 26 might
1182 3540 56 23 have

653 3560 56 22 been
721 3561 73 22 aimed
803 3565 24 18 at
836 3562 63 22 other
910 3563 81 27 places.

679 3587 55 23 This
744 3595 43 14 was
798 3588 36 22 the
845 3589 118 27 plaintiff's
973 3598 58 14 case.

679 3615 44 21 Mr.
735 3615 111 27 Brandon,
861 3616 35 22 for
913 3616 37 22 the
965 3617 101 28 defence,
1077 3619 48 22 said
1141 3619 48 23 that
1203 3620 35 23 his

653 3641 69 22 client
731 3642 93 28 entirely
834 3643 130 27 repudiated
975 3645 37 21 the
1026 3645 98 23 conduct
1137 3647 101 27 imputed

653 3670 22 19 to
692 3668 53 22 him.
775 3669 37 22 He
831 3670 130 22 considered
978 3671 48 22 that
1042 3672 95 28 nothing
1152 3680 45 15 was
1213 3682 24 14 so

652 3694 122 29 degrading
783 3699 22 19 to
815 3704 14 14 a
837 3697 128 26 gentleman
973 3705 24 15 as
1008 3702 22 18 to
1041 3706 38 16 use
1088 3703 95 19 obscene
1193 3701 45 22 and

651 3720 157 29 blasphemous
817 3723 110 28 language
940 3724 23 22 in
974 3725 37 21 the
1020 3725 94 28 hearing
1125 3727 25 22 of
1160 3727 76 23 ladies.

652 3747 47 22 Tlie
724 3748 91 28 charges
844 3757 58 15 were
930 3751 54 21 false
1013 3752 46 22 and
1090 3753 146 28 calumnious,

652 3774 73 22 which
738 3775 37 22 the
787 3777 68 21 Court
864 3777 73 22 would
947 3777 47 22 find
1003 3778 30 27 by
1044 3778 37 23 the
1092 3779 106 23 evidence
1208 3781 28 21 he

653 3801 72 22 would
735 3802 104 26 produce.
863 3822 6 10 v
867 3803 47 22 The
931 3804 102 28 plaintiff,
1046 3806 23 20 in
1086 3805 35 23 his
1137 3806 98 27 opinion,

653 3827 70 27 richly
733 3830 105 20 deserved
846 3829 37 22 the
894 3830 121 27 thrashing,
1026 3831 44 22 and
1079 3832 38 22 the
1128 3839 108 20 exposure

651 3853 28 22 he
698 3854 46 22 had
761 3856 102 21 received
881 3860 23 17 to
923 3856 38 22 the
980 3857 111 23 Colonists
1113 3859 122 27 generally.

651 3880 43 21 Mr.
705 3880 106 23 Brandon
822 3882 52 22 then
886 3882 72 23 called
958 3894 29 5 —
1162 3880 17 24 P

677 3906 44 22 Mr.
733 3904 34 24 W.
778 3908 122 26 Swainson,
915 3910 58 26 jun.,
991 3909 50 21 who
1058 3910 72 22 stated
1144 3911 49 22 that
1208 3911 28 23 he

651 3938 44 16 was
710 3932 25 22 in
749 3940 110 20 company
867 3934 53 23 with
935 3934 129 29 defendant,
1074 3937 25 22 in
1114 3937 35 22 hi«
1162 3937 71 27 cabin,

525 38 103 35 THE
648 38 110 36 NEW
775 41 230 36 ZEALAND
1024 27 161 65 G^^
1735 55 294 43 SMCTATOR:

136 120 115 25 BENCH
264 120 45 25 OF
326 121 256 29 MAGISTRATES.
