2520 3999
1868 721 221 23 WHOLESALE
2119 721 135 23 PRICES
2277 721 177 24 CURRENT.

1940 757 133 13 CORRECTED
2088 759 29 11 UP
2130 759 29 11 TO
2173 758 85 12 FRIDAY
2273 758 110 12 EVENING.

1897 3391 40 16 The
1947 3391 49 16 New
2006 3392 99 17 Zealand
2116 3393 91 17 Gazette
2218 3393 42 20 will,
2271 3394 28 16 for
2309 3395 32 15 the
2351 3395 78 19 present,
2439 3394 22 15 be

1874 3412 97 20 published
1978 3413 73 20 weekly,
2059 3417 54 16 every
2120 3414 87 21 Saturday
2215 3414 89 21 morning.
2326 3416 23 15 So
2354 3419 42 12 soon
2403 3419 19 12 as
2427 3414 14 16 it
2445 3414 16 16 is

1876 3433 108 20 sufficiently
1991 3434 102 20 supported,
2104 3434 15 16 it
2124 3434 38 16 will
2171 3435 23 17 be
2199 3435 63 17 issued
2269 3436 127 20 semi-weekly.
2417 3435 45 17 Sub-

1873 3453 64 20 joined
1942 3458 31 11 are
1980 3454 31 16 the
2017 3456 57 14 terms
2079 3459 5 11 :
2085 3462 24 4 —

1897 3474 64 16 Price
1967 3478 25 12 of
1998 3478 41 12 the
2046 3475 97 16 Paper.—
2143 3475 53 21 Forty
2203 3476 83 21 shillings
2293 3481 32 16 per
2335 3481 73 15 annum,
2419 3480 45 17 pay-

1875 3494 41 17 able
1921 3494 20 17 in
1947 3495 81 16 advance
2032 3500 5 14 ;
2048 3499 21 12 or
2075 3499 35 12 one
2116 3496 75 20 shilling
2197 3496 28 17 for
2232 3496 58 21 single
2297 3498 90 16 numbers.

1896 3515 244 19 ABVEBTisEMENTs.-zSix
2149 3516 46 17 lines
2205 3518 38 16 and
2252 3518 64 19 under,
2328 3519 26 16 3s.
2361 3518 28 17 6d.
2394 3518 28 16 for
2429 3516 31 17 the

1874 3536 41 15 first
1924 3536 94 19 insertion,
2031 3535 167 23 anaM)iK&shilHng
2203 3538 29 16 for
2238 3538 48 18 eachl
2288 3539 110 20 subsequent
2402 3538 59 17 Inser-

1874 3556 50 19 tion;
1935 3556 47 16 from
1988 3556 30 17 six
2025 3558 19 15 to
2050 3558 31 15 ten
2088 3556 54 21 lines,
2191 3558 84 21 shillings
2286 3560 28 16 for
2324 3560 32 16 the
2365 3560 45 18 first,
2422 3558 36 16 and

1874 3581 35 11 one
1920 3576 76 21 shilling
2004 3577 38 16 and
2053 3577 86 21 sixpence
2145 3578 31 17 for
2187 3579 44 17 each
2241 3581 112 20 subsequent
2362 3579 86 17 insertion
2453 3583 7 14 ;

1874 3597 58 16 above
1941 3598 32 16 ten
1982 3597 54 20 lines,
2047 3598 36 16 five
2093 3598 84 22 shillings
2188 3600 29 16 for
2227 3600 30 17 ths
2267 3602 40 15 first
2318 3602 31 15 ten
2359 3601 52 18 lines,
2422 3599 37 17 and

1874 3617 97 21 fourpence
1978 3622 32 16 per
2015 3618 38 17 line
2060 3619 28 17 for
2094 3619 31 17 the
2132 3624 63 12 excess
2202 3621 22 16 of
2231 3621 40 16 that
2278 3623 84 18 number;
2373 3621 36 17 and
2415 3621 44 16 two-

1874 3642 58 17 pence
1938 3643 32 16 per
1975 3638 38 18 line
2018 3640 30 16 for
2054 3640 45 16 each
2106 3640 112 21 subsequent
2224 3642 92 17 insertion.

1897 3659 155 18 Advertisements
2058 3661 38 16 will
2103 3663 32 14 not
2142 3666 64 16 appear
2217 3662 19 16 in
2246 3663 32 16 the
2289 3661 78 21 ensuing
2377 3661 82 18 number,

1874 3679 18 16 if
1899 3679 187 25 recei^eaOaterJthan
2096 3682 71 21 Friday,
2179 3683 20 16 10
2211 3682 72 21 o'clock,
2295 3687 42 12 a.m.
2358 3682 102 17 Advertise-

1874 3703 63 13 ments
1942 3700 171 24 wfll;b£cohtinued
2119 3704 37 15 and
2162 3703 78 20 charged
2243 3704 49 16 until
2296 3702 162 18 counter-ordered;

1870 3722 51 15 ■such
1928 3721 52 16 order
1984 3723 53 16 must
2043 3723 22 16 be
2072 3724 41 15 sent
2119 3725 19 15 to
2145 3723 30 17 the
2180 3725 55 16 Office
2241 3724 52 17 three
2300 3725 42 20 days
2349 3723 59 17 before
2415 3723 45 20 pub-

1873 3741 83 19 lication,
1963 3743 37 15 and
2005 3745 52 15 must
2062 3744 23 16 be
2091 3744 21 16 in
2119 3744 78 21 writing.
2218 3743 154 19 Advertisements
2377 3743 82 17 received

1875 3762 55 20 after
1935 3763 22 16 10
1963 3762 68 19 o'clock
2037 3768 23 13 on
2071 3764 66 21 Friday
2146 3765 85 21 morning
2240 3765 38 17 will
2288 3765 21 17 be
2321 3765 75 20 charged
2407 3763 52 18 twice

1875 3783 32 16 the
1914 3783 54 17 usual
1973 3786 54 14 rates.

1897 3803 32 16 All
1935 3800 71 24 orders/
2011 3805 157 20 advertisements,
2179 3806 38 17 and
2227 3805 160 18 communications
2398 3806 19 15 to
2429 3804 30 17 the

1876 3824 69 20 Editor,
1952 3829 31 12 are
1988 3826 97 21 requested
2091 3828 19 15 to
2116 3827 23 17 be
2145 3827 96 17 addressed
2248 3828 19 15 to
2273 3827 37 16 this
2318 3827 60 17 Office.

1877 3875 75 17 Printed
1957 3876 36 16 and
1997 3876 96 20 published
2100 3881 54 16 every
2160 3877 87 20 Saturday
2253 3877 89 20 morning,
2349 3877 24 20 by
2379 3877 81 15 Samuel

1867 3908 3 3 .
1898 3896 89 19 11evan8,
2000 3897 18 16 at
2030 3897 31 16 the
2073 3897 54 16 Office
2138 3896 25 17 of
2168 3897 32 17 the
2210 3896 50 18 New
2266 3897 98 18 Zealand
2370 3897 90 16 Gazette

1867 3917 3 5 '
1898 3920 42 19 Aprs
1947 3917 137 22 WzXiLiyoTov
2091 3917 120 20 Spectator,
2218 3915 151 24 ItaanaU-ylaetf,
2377 3916 83 20 Welling-

1898 3939 39 18 ton-,
1942 3937 46 18 Fort
1995 3933 105 25 XMhaYsm,
2110 3936 46 19 KeY
2161 3937 85 18 ZeitMsC.

494 51 104 33 TH&
602 45 605 39 jNBWiZmtiAITO'g<«BCT»
1224 43 102 48 &$P
1343 39 336 51 W^lffg^Qfe
1696 36 294 43 S£ECT4T&R.

2209 778 17 18 £
2248 783 14 12 s.
2288 778 17 17 A.
2324 795 4 4 ,
2360 778 22 17 £.
2397 781 18 13 a.
2439 779 20 16 a.

1870 798 65 22 Alb:
1950 797 29 22 In
2079 798 113 28 perdoz..
2211 801 15 20 0
2240 800 26 21 IS
2295 801 14 20 0
2325 813 19 6 ..
2363 801 14 20 0
2397 800 21 20 .0
2444 801 16 20 0

1952 824 103 27 Taylor's
2209 826 14 21 5
2237 827 28 20 10
2292 828 13 19 0
2322 839 19 8 ..
2359 826 61 21 6/10.
2441 827 17 20 0

1872 850 112 22 Arrack:
2000 850 43 23 Per
2052 851 75 26 gallon
2151 866 45 7 ....
2215 854 14 19 0
2254 854 14 19 3
2296 853 35 20 6.
2339 853 79 21 .0/0
2444 856 16 20 0

1870 877 95 22 Bread:
1980 877 43 22 Per
2031 877 45 23 2lb.
2088 878 51 21 loaf
2151 892 45 7 ....
2215 880 14 20 0
2255 880 14 20 0
2296 880 18 20 8.
2324 892 21 8 ..
2362 880 15 21 0
2403 880 15 20 0
2444 880 16 19 0

1871 903 74 22 Beef:
1961 903 77 28 Fresh,
2058 911 89 16 carcase
2161 911 40 21 per

1988 930 23 22 lb
2212 933 15 20 0
2253 932 11 20 1
2293 933 14 20 0
2324 945 20 8 ..
2361 934 14 19 0
2403 932 12 20 1
2442 932 16 21 2

1870 957 96 22 Butter
1972 964 6 14 :
1994 957 65 27 Irish,
2068 965 41 20 per
2116 957 31 23 lb.
2177 972 7 7 .
2190 972 7 7 .
2215 960 15 19 0
2257 959 10 20 1
2297 959 13 20 9
2326 972 7 6 .
2340 972 7 6 .
2363 960 15 19 0
2404 959 21 21 0.
2445 959 16 20 0

1993 983 204 22 Fre5h..........
2216 986 14 20 0
2255 985 14 20 5
2297 986 13 20 0
2327 998 20 7 ..
2364 986 14 21 0
2404 985 16 21 0
2445 986 16 20 0

1871 1010 110 22 Brandt:
1997 1010 59 22 First
2062 1010 92 28 quality,
2162 1018 40 21 per

2020 1037 76 27 gallon
2214 1040 15 19 0
2255 1038 14 22 7
2296 1039 14 20 0
2326 1051 19 8 ..
2363 1040 14 19 0
2404 1038 14 20 9
2436 1038 24 20 '0

1871 1064 88 21 Brown
1978 1064 87 22 Stout:
2088 1071 40 21 per
2142 1064 53 22 hhd.
2210 1065 14 20 5
2239 1066 27 21 10
2293 1066 14 20 0
2323 1078 20 7 ..
2361 1066 14 20 6
2402 1065 15 20 0
2444 1066 15 19 0

1872 1091 99 21 Cigars:
1982 1091 104 27 Manilla,
2093 1098 40 21 per
2139 1093 59 25 1000,
2214 1092 55 21 310
2295 1093 49 20 0..
2361 1092 16 21 4
2403 1092 15 19 0
2444 1092 16 19 0

1980 1117 97 22 Inferior
2213 1119 15 20 2
2253 1120 15 19 0
2295 1120 13 19 0
2325 1132 20 7 ..
2363 1118 13 21 0
2403 1118 14 20 0
2444 1119 16 20 0

1980 1144 136 28 Havannah,
2121 1152 40 20 per
2167 1145 31 22 lb.
2206 1146 61 20 .012
2281 1146 27 23 ,0
2324 1158 20 7 ..
2362 1146 14 20 0
2403 1145 15 20 0
2444 1146 16 19 0

1980 1171 126 22 Chinsurah
2215 1172 11 21 1
2241 1172 26 20 15
2296 1173 13 20 0
2326 1185 19 6 ..
2363 1172 55 21 0.0
2444 1172 16 20 0

1979 1197 156 22 Alexandrian
2148 1212 44 7 ....
2213 1199 11 20 1
2239 1199 28 20 10
2294 1200 13 19 0
2324 1199 24 19 .i'
2362 1199 13 20 0
2401 1198 16 20 0
2444 1199 16 20 0

1871 1224 89 22 Coffee
1967 1231 4 14 :
1983 1224 65 27 Java,
2058 1232 40 20 per
2106 1224 22 22 lb
2214 1226 13 20 0
2255 1226 11 20 1
2296 1226 13 20 0
2326 1233 6 12 ;
2339 1238 6 6 .
2363 1226 21 19 0.
2404 1225 12 20 1
2444 1225 16 20 3

1872 1251 103 22 Cheese:
1990 1251 106 22 Cheshire
2214 1252 13 21 0
2254 1252 12 21 1
2295 1252 13 21 3
2326 1265 19 6 ..
2363 1252 14 20 0
2405 1252 56 20 110

1989 1277 56 22 Pine
2055 1277 73 29 Apple
2150 1292 45 7 ....
2214 1279 14 20 0
2255 1279 12 20 1
2295 1278 14 21 4
2325 1292 20 6 ..
2363 1280 14 19 0
2404 1278 12 21 1
2444 1279 16 20 6

1988 1304 77 22 Dutch
2215 1306 14 20 0
2255 1306 14 20 0
2283 1305 26 21 10
2326 1318 19 7 ..
2363 1306 14 20 0
2404 1304 12 21 1
2444 1306 16 19 0

1872 1330 106 23 Candles
1985 1338 5 14 :
1997 1331 94 26 English
2099 1338 57 20 wax,
2161 1338 41 20 per

2015 1357 24 22 lb
2215 1359 14 20 0
2255 1359 13 20 3
2297 1359 12 20 0
2327 1371 19 7 ..
2364 1360 13 19 0
2404 1358 14 21 3
2445 1359 16 20 6

2003 1384 81 22 Mould
2214 1386 14 20 0
2256 1386 11 19 1
2297 1386 12 19 0
2327 1398 18 7 ..
2364 1386 13 20 0
2406 1385 11 20 1
2444 1386 17 19 4

2003 1411 40 27 Dip
2043 1411 151 27 5....:;....
2214 1413 13 20 0
2253 1413 14 20 0
2281 1412 27 21 10
2325 1425 20 7 ..
2363 1413 13 20 0
2404 1412 12 21 1
2444 1413 16 20 0

1874 1437 92 22 Flour:
1976 1437 131 28 lstquality,
2118 1445 41 20 per
2162 1440 39 19 ton

1996 1464 26 21 of
2031 1466 55 20 2000
2096 1464 34 21 lbs
2197 1466 30 20 30
2253 1466 14 20 0
2295 1466 13 21 0
2324 1465 51 21 ..35
2403 1465 14 20 0
2444 1466 16 19 0

1972 1491 46 21 2nd
2027 1491 57 22 ditto
2200 1492 28 21 28
2255 1493 14 20 0
2296 1493 13 20 0
2326 1505 19 7 ..
2364 1494 13 19 0
2404 1492 14 20 0
2445 1493 16 20 0

1874 1517 61 22 Gin:
1955 1517 53 22 Pale
2215 1520 14 19 0
2254 1518 14 21 5
2297 1520 12 20 0
2326 1532 19 6 ..
2363 1520 14 19 0
2404 1519 14 19 6
2445 1520 15 19 0

1956 1544 60 27 Case,
2031 1545 15 20 4
2056 1545 91 26 gallons
2155 1546 44 20 4-5.
2217 1546 10 20 1
2256 1546 13 20 3
2298 1547 12 19 0
2328 1559 6 6 .
2341 1558 6 7 .
2366 1546 11 21 1
2405 1545 13 20 8
2446 1546 16 20 0

1873 1570 83 22 Hams:
1971 1570 129 29 Yorkshire,
2114 1571 85 28 perlb.
2215 1573 14 19 0
2257 1573 11 20 1
2297 1574 13 19 0
2328 1586 18 6 ..
2364 1574 14 19 0
2406 1572 11 20 1
2446 1573 14 20 2

1873 1597 116 22 Mustard
1996 1605 5 14 :
2016 1597 44 22 Per
2068 1598 72 22 dozen
2152 1600 75 20 ....1
2256 1600 13 20 8
2298 1600 80 20 0..0
2406 1599 14 20 0
2447 1600 14 19 0

1873 1624 102 21 Mutton
1982 1632 6 14 :
2009 1625 94 22 Carcase
2112 1632 40 20 per
2161 1625 22 21 lb
2194 1641 5 6 .
2216 1627 13 19 0
2257 1627 10 20 1
2297 1627 13 20 0
2327 1640 6 5 .
2340 1640 6 5 .
2364 1627 14 20 0
2384 1635 3 4 •
2406 1626 11 20 1
2445 1626 15 20 2

1873 1651 123 21 Muskets:
2011 1651 94 22 Walnut
2110 1651 93 23 stocked
2217 1654 13 19 0
2256 1654 14 19 0
2298 1654 12 19 0
2328 1666 19 7 ..
2366 1653 11 20 1
2405 1653 14 20 0
2446 1654 15 19 0

1873 1677 79 22 Milk:
1968 1677 43 22 Per
2016 1679 51 26 pint
2216 1680 13 20 0
2256 1681 13 20 0
2297 1679 12 20 5
2328 1693 19 6 ..
2364 1681 14 19 0
2405 1680 15 19 0
2446 1680 14 20 6

1874 1704 43 22 Oil
1926 1712 5 14 :
1947 1704 103 27 Linseed,
2060 1712 41 20 per
2109 1705 75 27 gallon
2194 1707 35 20 .0
2255 1706 14 21 5
2297 1708 13 19 0
2328 1720 6 6 .
2341 1719 6 7 .
2365 1708 13 19 0
2406 1705 14 22 7
2448 1708 14 19 0

1905 1738 5 5 -
1947 1728 78 30 Black,
2030 1732 24 21 in
2058 1732 172 27 cask,pertonl6
2257 1734 14 20 0
2298 1734 50 19 0..
2365 1734 13 20 0
2406 1734 14 19 0
2447 1734 15 19 0

1873 1757 77 22 Pork:
1966 1758 77 28 Fresh,
2060 1766 89 15 carcase
2163 1766 40 20 per

1990 1785 23 21 lb
2216 1787 13 20 0
2256 1788 14 19 0
2297 1786 13 21 5
2328 1800 19 6 ..
2365 1788 13 19 0
2406 1787 14 20 0
2446 1788 16 19 0

1873 1811 65 21 Pork
1945 1818 6 14 :
1967 1811 65 27 Irish,
2044 1819 39 19 per
2092 1812 74 22 barrel
2178 1813 92 21 ..410
2298 1814 13 20 0
2328 1826 6 7 .
2341 1826 6 7 .
2365 1814 13 20 0
2406 1814 13 19 0
2447 1814 15 20 0

1874 1837 130 22 Potatoes:
2025 1840 57 20 New
2095 1839 107 27 Zealand,

2050 1872 40 20 per
2098 1868 39 19 ton
2217 1867 13 20 0
2257 1868 13 19 0
2298 1868 81 19 0..6
2406 1868 14 19 0
2447 1868 15 19 0

1874 1891 94 22 Porter
1977 1898 5 14 :
2011 1891 103 28 Dunbar,
2124 1893 26 21 in
2156 1893 46 21 bot.

2043 1925 40 21 per
2093 1919 41 21 doz
2218 1921 13 20 0
2245 1920 26 21 13
2299 1921 81 20 0..0
2406 1922 16 19 0
2448 1921 15 20 0

1874 1944 99 22 Pickles
1983 1952 6 14 :
2020 1945 116 28 Assorted,
2158 1953 48 20 >per

2046 1972 58 26 doz.,
2128 1976 75 24 quarts
2219 1974 11 21 1
2257 1974 15 20 4
2300 1975 12 20 0
2330 1987 20 8 ..
2367 1975 13 20 0
2407 1975 15 20 0
2448 1974 16 20 0

1874 1997 74 23 Pitch
1962 2005 5 15 :
1999 1999 137 27 Stockholm,
2165 2007 41 20 per

2022 2025 73 22 barrel
2211 2028 18 19 -1
2258 2028 13 20 0
2299 2028 13 20 0
2329 2041 19 6 ..
2367 2028 11 20 1
2394 2028 26 20 18
2448 2028 16 19 O

1874 2050 82 21 Plank
1964 2058 5 13 :
1985 2061 4 4 -
1997 2050 60 22 Port-
2072 2051 131 28 Nicholson,

2023 2084 40 20 per
2072 2079 40 21 100
2121 2079 45 21 feet
2179 2093 18 6 ..
2217 2080 53 20 019
2299 2080 13 20 0
2329 2093 6 6 .
2342 2093 6 6 .
2366 2080 52 20 11
2448 2080 14 20 0

1874 2102 71 22 Rice:
1958 2103 109 22 Common
2076 2112 40 20 per
2121 2108 48 18 cwt.
2180 2120 19 6 ..
2218 2106 54 20 014
2299 2108 13 18 0
2330 2120 18 6 ..
2368 2107 9 20 1
2406 2107 15 20 0
2448 2108 15 19 0

1957 2130 66 22 Good
2218 2133 11 20 1
2257 2133 14 20 4
2299 2134 13 19 0
2329 2147 18 6 ..
2366 2134 11 19 1
2393 2133 27 21 10
2448 2134 14 19 0

1872 2156 70 22 Hum:
1960 2157 23 21 P.
1994 2157 26 21 B.
2032 2157 33 27 P:,
2080 2165 39 20 per
2128 2159 76 26 gallon
2218 2160 14 20 0
2258 2159 12 21 5
2300 2160 12 20 6
2330 2173 19 6 ..
2367 2161 14 19 0
2407 2159 14 22 7
2448 2161 16 19 O

1875 2183 89 21 Sugar:
1980 2183 119 23 Mauritius
2108 2192 41 21 per
2155 2189 48 18 cwt.
2219 2187 11 20 1
2245 2187 27 20 10
2300 2187 12 20 0
2330 2200 19 6 ..
2366 2187 13 20 2
2406 2188 14 19 0
2448 2188 17 19 O

1983 2210 82 22 Brown
2217 2214 14 20 0
2258 2214 13 20 0
2299 2214 78 20 0..1
2406 2214 14 20 8
2448 2214 14 20 0

1983 2237 98 23 Refined
2096 2239 53 27 loaf,
2165 2246 41 21 per

2009 2264 24 22 lb
2218 2268 14 19 0
2258 2266 55 21 0~7
2309 2286 4 7 s
2330 2280 19 6 ..
2367 2268 14 19 0
2408 2268 13 20 0
2448 2267 14 20 8

1984 2291 97 22 Manilla
2219 2294 10 20 I
2244 2294 26 20 13
2299 2294 13 20 0
2330 2307 19 7 ..
2366 2294 24 20 2-
2406 2294 14 20 5
2448 2295 15 20 0

1876 2317 73 21 Salt:
1965 2317 125 29 Liverpool,
2101 2326 41 20 per
2150 2322 39 19 ton
2197 2336 6 5 .
2218 2320 14 21 2
2246 2320 26 21 10
2300 2322 13 19 0
2331 2334 18 7 ..
2368 2324 12 17 3
2387 2319 35 23 'lo
2449 2322 15 19 0

1876 2343 60 22 Soap
1944 2352 6 13 :
1977 2344 102 23 Hawes's
2102 2346 102 27 London,
2213 2354 9 7 -■■

2001 2375 86 22 perton
2203 2374 28 21 40
2258 2375 13 19 0
2299 2375 20 23 0,
2329 2374 50 21 ..45
2407 2376 14 19 0
2449 2375 13 20 0

1876 2397 104 22 Starch:
1996 2398 74 22 Perlb
2220 2402 13 19 0
2261 2402 9 19 1
2298 2402 52 19 0..
2368 2402 14 20 0
2410 2402 10 20 1
2449 2402 14 19 3

1876 2424 143 22 Scantling:
2036 2425 43 22 Per
2086 2428 39 20 100
2134 2427 67 22 feet..
2220 2428 54 20 019
2302 2429 12 20 0
2331 2442 19 6 ..
2369 2428 11 21 1
2410 2429 10 20 1
2450 2429 14 19 0

1873 2451 35 49 t
1910 2458 93 15 ingles:
2019 2452 44 22 Per
2070 2454 60 27 1000,
2140 2454 29 21 N.
2177 2454 27 21 Z.
2220 2455 10 20 1
2260 2456 14 19 0
2301 2456 49 19 0..
2369 2456 13 20 0
2409 2456 14 20 0
2450 2456 16 19 O

2007 2479 72 28 Ditto,
2100 2480 28 21 V.
2140 2481 28 21 D.
2179 2481 26 21 L.
2222 2482 10 20 1
2248 2481 25 21 15
2302 2482 14 20 0
2333 2496 5 5 .
2345 2496 7 6 .
2369 2482 14 21 2
2409 2482 14 21 5
2451 2482 14 20 0

1875 2505 63 22 Tar:
1956 2505 53 22 Coal
2220 2509 10 20 1
2246 2509 27 20 10
2301 2510 14 19 0
2331 2522 20 7 ..
2370 2510 13 19 0
2410 2510 14 20 0
2451 2509 13 19 0

1959 2532 128 23 Stockholm
2217 2536 15 28 ,1
2248 2536 28 20 10
2302 2536 14 20 0
2333 2550 19 6 ..
2369 2536 14 20 2
2410 2537 14 20 0
2451 2536 16 19 O

1876 2558 63 22 Tea:
1957 2559 88 27 Hyson,
2055 2567 40 20 per
2105 2561 62 21 chest
2183 2563 51 23 ..^0
2261 2563 14 20 0
2302 2563 14 20 0
2333 2563 48 20 ..11
2397 2563 25 20 11
2451 2562 16 20 0

1876 2585 118 22 Tobacco:
2008 2586 142 29 Negrohead,
2168 2592 50 23 per*

2034 2613 24 21 lb
2221 2616 13 20 0
2260 2616 14 20 0
2290 2616 26 20 10
2332 2629 19 6 ..
2369 2616 14 21 0
2410 2617 11 19 1
2451 2616 13 20 3

1876 2638 163 23 Turpentine:
2055 2640 43 21 Per
2103 2640 98 27 gallon..
2220 2644 14 19 0
2260 2644 14 19 8
2302 2643 14 19 0
2332 2656 20 6 ..
2370 2643 14 20 0
2410 2644 14 19 0
2450 2644 14 19 0

1876 2665 170 23 Whalebone:*
2054 2666 46 22 Per
2106 2670 39 19 ton
2156 2670 78 19 ....90
2260 2670 14 19 0
2301 2670 14 19 0
2332 2670 64 20 ..100
2410 2670 14 20 0
2450 2670 15 19 0

1876 2691 83 23 Wine:
1975 2692 88 28 Sherry,
2074 2700 40 20 per
2121 2694 51 27 pipe
2183 2696 50 20 ..28
2260 2696 14 20 0
2302 2696 14 21 0
2332 2697 52 20 ..40
2409 2698 15 19 0
2450 2697 16 19 O

1984 2719 72 27 Ditto,
2072 2727 40 20 per
2125 2720 79 23 dozen.
2221 2722 10 21 1
2258 2722 16 21 4
2301 2723 14 20 0
2331 2736 20 6 ..
2368 2723 14 20 2
2409 2724 15 20 0
2451 2724 13 19 0

1870 2771 129 23 'Poultry:
2013 2772 80 28 Fowls,
2100 2781 41 20 per
2147 2774 48 27 pair
2201 2790 6 6 .
2222 2776 14 20 0
2262 2776 14 20 8
2303 2776 13 20 0
2333 2790 19 5 ..
2370 2777 14 20 0
2397 2776 28 21 16
2451 2777 16 20 O

2012 2799 85 28 Ducks,
2109 2800 54 22 ditto
2183 2816 6 6 .
2196 2816 6 6 .
2221 2802 53 21 015
2302 2803 14 20 0
2333 2816 6 6 .
2345 2816 7 6 .
2371 2803 10 20 1
2410 2803 13 20 5
2451 2804 16 19 0

2014 2827 79 27 Geese,
2105 2827 56 22 ditto
2184 2842 5 6 .
2196 2842 6 6 .
2222 2829 10 20 1
2248 2830 28 19 10
2302 2830 14 19 0
2333 2843 6 6 .
2346 2843 6 6 .
2370 2831 14 19 0
2410 2831 16 19 O
2451 2830 14 20 0

2012 2853 102 28 Turkeys
2221 2862 60 15 none
2290 2855 23 22 in
2323 2855 38 22 the
2371 2856 94 21 market.

2013 2879 104 28 Pigeons,
2127 2881 78 28 (wild,)
2258 2895 5 3 -
2284 2893 3 5 •

2039 2914 42 20 per
2088 2907 50 28 pair
2222 2910 14 20 0
2262 2910 14 19 3
2303 2910 82 21 0..0
2411 2911 14 20 0
2451 2910 16 19 0

2013 2933 85 28 Ducks,
2107 2934 36 22 do.
2153 2935 51 22 do..
2223 2937 13 20 0
2262 2936 14 20 5
2304 2936 13 21 0
2335 2950 19 5 ..
2371 2938 14 19 0
2411 2938 14 19 0
2451 2937 15 20 0

1878 2959 62 23 Eggs
1948 2967 6 14 :
1968 2960 44 22 Per
2022 2960 76 23 dozen-
2222 2964 15 19 0
2263 2964 15 19 6
2304 2964 81 21 0..0
2411 2964 14 20 0
2451 2964 16 19 0

1879 3013 77 23 Cows:
1969 3013 74 22 Milch
2208 3016 28 21 25
2263 3017 14 20 0
2303 3017 14 20 0
2334 3018 51 20 ..30
2410 3018 14 19 0
2451 3017 13 19 0

1878 3040 97 22 Mares:
1990 3041 76 21 Brood
2206 3044 29 20 50
2261 3044 14 20 0
2302 3044 14 20 0
2333 3044 51 21 ..90
2410 3044 14 20 0
2450 3044 15 19 0

1878 3066 117 23 Working
2011 3067 119 23 Bullocks
2138 3076 5 13 :
2165 3069 45 21 Per

1905 3093 49 27 pair
2208 3097 29 20 40
2262 3098 15 19 0
2303 3097 14 20 0
2334 3098 51 20 ..60
2411 3098 14 20 0
2451 3097 16 20 0

1878 3119 64 23 Hire
1954 3127 26 15 of
1990 3127 68 15 ditto
2065 3128 5 14 :
2086 3121 44 22 Per
2136 3122 51 27 day,
2196 3129 43 21 ass

1906 3150 60 18 team
1975 3146 127 23 and'driver
2223 3143 53 28 I*o
2303 3150 81 21 0..2
2411 3151 14 20 0
2451 3150 14 20 0

1878 3173 88 22 Sheep:
1981 3173 62 21 Each
2206 3175 66 28 1151
2302 3178 14 19 0
2333 3190 19 7 ..
2370 3178 14 19 0
2410 3178 14 20 0
2450 3177 14 20 0

1877 3199 64 23 Boat
1952 3199 74 23 Hire:
2040 3200 44 22 Per
2088 3201 51 27 day,

2068 3230 41 19 out
2116 3227 72 23 hands
2197 3244 7 6 .
2220 3230 54 21 010
2302 3231 14 20 0
2332 3244 6 6 .
2345 3244 7 7 .
2370 3231 10 20 1
2410 3232 14 20 0
2450 3230 14 20 0

1877 3279 99 23 Wages:
2004 3280 139 29 Mechanics,
2169 3290 41 20 per

2024 3308 90 22 'week-
2191 3324 12 10 
2215 3307 62 24 &14
2302 3312 15 19 0
2333 3324 20 7 ..
2370 3312 14 20 3
2410 3312 14 19 6
2450 3311 15 20 0

2013 3333 127 24 Labourers
2157 3350 5 6 .
2168 3350 6 6 .
2196 3332 5 24 1
2221 3338 54 20 110
2302 3338 14 21 0
2333 3335 19 22 .'.
2371 3338 52 21 116
2449 3338 15 19 0

1960 118 119 21 Thomas
2093 117 56 21 and
2161 117 109 21 Samuel
2284 117 80 22 Cook

1967 153 23 19 to
1999 150 83 21 inform
2088 149 42 23 iha
2138 149 89 28 public,;
2231 148 49 23 that
2294 149 92 29 having.
2390 155 70 22 cpm-J

1861 172 157 35 UpFipleted
2035 176 58 23 their
2114 175 341 25 extensive-weather-boarded

1862 200 75 32 'Store,
1947 203 54 28 they
2002 202 79 26 .hayel,
2084 207 75 23 eyeryj
2164 202 154 26 .convenience
2323 216 5 4 -
2326 202 53 28 4for;
2383 210 70 18 ware-;

1865 230 98 27 housing
1969 229 77 28 goods,
2057 232 24 19 at
2089 237 20 15 a,
2111 225 179 31 very/moderate
2293 228 99 28 icharg.e,.

1861 268 16 29 ';,
1915 267 3 5 °
1931 266 301 39 'T(o',Lap^pymerß)'an
2232 269 32 32 >d'7
2265 269 115 31 Agents.
2397 272 2 4 '
2414 272 51 29 "_"';

2058 306 31 28 by
2098 301 39 27 the
2153 305 66 23 Land
2233 305 149 28 Association,
2388 309 70 27 .town,

1879 328 43 28 VY
1930 330 3 20 i
1950 338 66 18 acres,
2020 333 28 24 in;
2056 332 129 23 favourable
2185 330 135 30 nsituationß,
2330 333 48 22 and
2385 329 68 28 terini

1867 358 19 24 if
1893 359 132 22 reasonable
2034 358 116 23 will'meet
2156 355 127 26 immediate
2302 356 116 27 attention;
2461 359 3 8 '

1862 390 5 11 '
1880 390 4 3 '
2233 399 4 8 ,
2257 401 3 5 .

1957 409 56 24 ***GC
2022 411 73 27 Scott,'
2129 414 3 5 •
2162 414 18 27 V
2191 411 112 23 Trustees.

1975 438 36 23 W.
2017 439 31 21 A.
2058 433 126 32 CooperJ,
2189 454 8 6 T
2262 439 4 3 '
2270 440 2 6 '
2286 438 3 6 '

1861 477 23 18 ;.
2046 465 4 5 '
2111 465 32 21 HI
2153 465 147 26 Bottomley^
2307 466 120 25 Secretary.

1976 508 86 27 SALE,
2082 515 14 14 a
2114 508 65 22 small
2196 507 157 28 quantity'of"
2358 510 107 25 superior.

1862 531 52 26 'JDt
1942 534 78 23 SEED
2034 534 127 23 WHEAT..
2186 535 77 27 Apply
2278 539 24 18 to
2317 535 47 22 Mr.
2378 536 85 23 Jameß-

1868 561 70 27 Watt,
1946 561 147 27 Wellington.
2369 561 8 11 •'
2415 565 3 16 i
2448 563 4 3 '

1996 600 14 32 7
2022 627 8 6 s
2050 606 81 21 Bank
2145 602 131 30 Cheques!
2293 604 7 3 ~

1870 639 76 49 ON
1952 639 80 22 SALE
2042 642 23 19 at
2074 639 39 22 the
2209 639 27 22 of
2248 638 49 23 this,
2301 646 76 21 paper.
2406 639 49 22 Ga-

1933 669 59 18 zette
2002 665 71 27 office,
2085 666 67 27 April
2159 667 94 26 9,1841.
2269 683 12 11 »

264 138 41 22 a.
306 136 116 23 card:.,
443 153 2 4 .
534 156 7 4 .

213 172 52 21 Mr.
279 172 39 20 At
327 170 140 25 tudlam,-

90 205 86 22 LAND
196 203 164 23 SURVEYOR
378 202 67 23 AND
467 197 122 28 AGENTS
622 197 6 19 :

44 236 363 29 Willia-streeyJitne^'lSjU.'"
407 237 4 10 1
414 235 5 7 '

263 282 53 21 For
330 280 79 26 Sale*.
425 284 5 17 ;
539 296 3 5 ,

44 309 52 47 A
104 308 91 22 TOWN
208 306 89 28 ACRE,
314 307 96 22 situated
424 310 29 19 oh
466 306 32 23 Te
506 306 52 22 >Aro
566 304 52 27 flat,
625 320 3 7 ■

122 334 44 22 will
174 335 28 21 be
212 334 139 23 sub-divided
367 334 35 22 for
418 333 37 22 the
472 332 156 23 convenience-

44 361 26 21 of
85 360 134 28 purchasers.
237 371 25 9 ••
280 371 4 3 ■
346 371 32 10 «.
388 371 3 5 •
431 372 6 4 -
491 372 14 9 .•
525 379 4 6 

71 387 53 22 Also
134 390 23 19 to
166 387 38 27 let,
216 386 83 23 several
306 390 139 26 ,town,acres,
454 393 32 16 .or
494 386 96 28 portions
598 385 27 22 of

44 420 69 20 acres,
122 414 24 21 in
155 413 30 22 all
193 416 60 24 parts
263 413 26 22 of
298 413 154 27 Wellington.,

70 440 45 21 For
122 439 63 28 plans
194 439 45 22 and
247 439 136 28 particulars,
394 439 67 28 apply
470 438 38 28 tp\

444 466 30 21 A.
489 465 104 22 LUDLAM.

70 492 154 27 Willis-street,
236 492 60 22 June
304 493 21 25 4,
337 493 60 20 1841.
503 513 3 4 ,
522 493 3 4 '
540 496 5 2 '
569 513 3 4 .
598 489 31 30 .f*

42 536 122 47 NOW
186 536 210 28 LANDING,
418 542 29 15 ex
459 536 137 21 Arachne:-^

123 562 131 26 Patnarice,
574 569 16 11 «

96 588 76 23 Finest
181 589 119 22 American
310 588 63 28 flour,

96 614 85 23 Prunes
195 616 59 26 (new
263 615 69 27 fruit,)
354 617 3 6 '

97 642 110 27 Currants,

82 677 2 5 '
96 668 112 27 Blankets,
252 679 5 3 -
548 684 7 10 ■,

96 694 99 22 Ribbons
205 694 44 23 and
258 694 86 28 shawls,

96 721 69 26 Slops,
544 722 8 10 v

97 748 65 25 Soda,

97 773 87 22 Thumb
193 773 60 23 blue.

344 816 5 5 .
364 801 82 22 Waitt
456 801 45 22 and
512 801 81 23 Tyser.

70 825 142 29 Wellington,
224 827 60 22 June
292 828 21 26 4,
325 828 60 21 1841.
502 850 3 4 ,

209 872 26 20 J.
249 871 107 22 Taine's
372 872 84 21 Store.
517 876 2 12 '
537 876 27 13 <•<•

50 896 86 23 TUST
149 897 164 28 RECEIVED,
331 905 63 20 camp
411 904 75 20 ovens,
502 898 50 22 iron
564 901 62 24 pots,-

43 920 27 25 O
107 930 126 21 saucepans,
245 928 36 18 tea
291 924 85 27 kettles,
389 924 44 22 and
442 925 68 22 coffee
520 928 55 24 pots.

71 949 129 29 Umbrellas,
217 954 95 24 pattens,
329 951 86 22 French
433 951 45 22 and
494 951 129 22 Brunswick

44 975 67 28 clogs,
122 983 43 15 saw
174 977 155 32 irons^lamps,
339 978 41 21 &c.

72 1003 22 20 A
104 1003 84 28 variety
204 1004 26 21 of
240 1004 69 21 scales
324 1004 46 21 and
383 1004 99 28 weights,
498 1004 45 22 also
558 1004 65 23 steel-

44 1028 73 34 yards^
326 1032 3 6 '
464 1038 24 10 >'

44 1074 131 21 Notice.—
176 1074 42 22 Ex
254 1075 73 21 Lord
336 1075 121 21 William

47 1100 91 47 ONE
160 1100 64 22 small
242 1101 56 26 bale,
318 1102 98 22 directed
526 1102 97 22 Richard

122 1126 146 28 Fairbrother,
288 1128 55 23 Port
524 1128 40 22 lies
580 1136 43 14 un-

45 1152 94 23 claimed
148 1157 23 19 at
179 1154 37 21 the
226 1154 74 22 Stores
310 1155 27 21 of
342 1175 6 3 .
388 1175 3 9 ,

214 1181 131 27 Ridoways,
355 1181 105 27 Guyton,
472 1182 44 22 and
524 1182 71 22 Earp.

280 1225 106 22 Notice.
599 1226 18 16 fc

45 1251 51 47 A
110 1250 81 22 BALE
200 1251 26 22 of
233 1251 82 28 Goods,
327 1259 28 15 ex
364 1254 60 25 Lady
433 1254 91 25 Nvgtnt,
532 1253 91 22 marked

122 1277 76 23 TWW
390 1284 4 4 '
629 1287 2 9 i

149 1304 22 22 jj
222 1291 41 23 lies
277 1292 129 23 unclaimed
419 1296 24 19 at
456 1293 38 23 the
512 1294 73 21 Stores
600 1294 26 21 of

45 1329 37 23 the
94 1330 154 28 undersigned.

362 1375 5 5 -
387 1359 81 23 Waitt
483 1361 44 22 and
539 1361 82 22 Ttser.

71 1383 56 28 May
135 1385 34 26 28,
180 1386 60 21 1841.

46 1428 156 48 MESSRS.
224 1429 84 22 JOHN
324 1430 45 23 and
384 1431 69 22 GEO.
470 1431 93 22 WADE
578 1432 45 22 will

136 1455 44 22 Sell
197 1456 30 27 by
245 1457 105 27 Auction,
367 1460 23 19 at
405 1457 58 22 their
477 1465 49 15 new
542 1459 79 26 Stores,

45 1481 72 22 THIS
126 1481 65 22 DAY
204 1483 135 29 (Saturday,)
350 1488 24 18 at
383 1485 26 20 12
416 1484 84 22 o'clock
508 1485 113 27 precisely,

44 1507 38 22 the
92 1508 70 22 whole
176 1509 26 21 of
217 1509 37 22 the
270 1510 141 26 SURPLUS;
418 1510 111 23 STORES
545 1512 25 21 of
585 1512 37 22 the

44 1535 60 20 Lord
112 1536 90 20 William
211 1538 103 20 Bentinck
327 1537 46 22 and
386 1538 60 26 Lady
463 1540 90 25 Nugent,
571 1546 52 15 con-

45 1562 78 27 sisting
132 1563 35 21 of:
169 1574 27 4 —

73 1590 11 20 1
96 1588 69 22 dozen
174 1589 73 22 hawse
255 1590 99 28 buckets,

71 1616 15 20 2
96 1615 70 22 dozen
177 1616 73 27 gallon
260 1618 54 27 jars,
432 1624 24 20 \~

73 1643 10 20 1
95 1641 70 23 dozen
175 1643 94 28 baskets,

71 1668 53 22 Best
133 1669 93 22 London
237 1678 60 20 soap,
373 1676 13 15 v

71 1695 58 22 Seed
137 1695 72 22 wheat
224 1696 121 28 (English,)

72 1721 141 28 Champagne
223 1723 66 28 cider,
374 1724 9 11 *

71 1747 55 23 Fine
137 1749 48 26 salt,
409 1752 18 14 *

71 1775 60 27 Soup
141 1776 44 21 and
193 1774 84 30 bouilli,
295 1778 4 7 '

71 1801 103 28 Pudding
181 1803 84 27 raisins,

70 1828 23 21 A
103 1829 101 28 quantity
214 1830 26 21 of
249 1830 92 28 leather,
351 1831 64 22 boots
425 1832 44 22 and
478 1832 69 27 shoes,

72 1856 10 19 1
94 1862 74 21 pump,
174 1857 100 26 together
282 1857 53 22 with
342 1858 37 22 the
386 1858 71 23 whole
464 1860 26 21 of
496 1860 36 21 the
539 1860 84 28 fittings

45 1881 25 21 of
80 1880 38 22 the
127 1882 69 22 above
205 1884 90 21 vessels.

249 1917 74 16 TERMS
324 1922 27 5 —
352 1919 63 15 CASH.

270 1956 22 21 A
306 1956 92 22 CARD.

207 1982 51 21 Mr.
273 1982 34 21 K.
321 1984 29 20 B.
365 1984 97 26 Relph,

144 2015 103 17 BURGEO.N
261 2016 156 21 ACCOUCHEUR,
432 2018 90 15 PETONI.

212 2052 189 22 PROSPECTUS
415 2054 40 20 OF

70 2076 54 21 The
140 2077 170 27 Wellington
326 2079 107 27 Baking
447 2081 147 26 Company.

44 2102 106 28 Capital,
165 2104 85 27 £1200;
273 2112 25 14 in
312 2107 41 20 600
367 2113 85 15 shares
466 2114 28 14 of
507 2108 34 21 £2
555 2116 66 14 each.

44 2156 90 36 rpHE
147 2156 53 28 high
211 2158 60 27 price
279 2158 70 22 bread
356 2159 65 22 bears
430 2159 24 22 in
463 2161 126 26 proportion
599 2164 22 19 to

50 2181 30 22 JL
117 2182 56 23 flour
181 2184 40 22 has
230 2184 57 22 been
297 2189 58 18 most
360 2186 101 26 severely
466 2189 44 19 and
517 2188 105 27 seriously

43 2208 41 22 felt
92 2208 29 28 by
128 2210 38 21 the
177 2211 136 28 community
327 2215 23 19 at
363 2212 55 22 Port
432 2213 129 28 Nicholson,
578 2215 45 22 and

43 2243 61 14 more
115 2237 115 27 especially
239 2245 24 14 so
271 2238 31 27 by
311 2238 37 22 the
354 2239 102 27 working
463 2240 85 22 classes.
574 2241 48 23 The

42 2269 76 15 causes
125 2264 26 20 of
157 2263 36 22 the
200 2265 113 22 sustained
317 2265 55 28 high
377 2266 71 27 prices
454 2274 38 15 are
498 2271 22 18 to
527 2267 28 23 be
562 2269 61 21 attri-

42 2288 69 23 buted
119 2291 23 21 in
153 2291 36 21 the
198 2291 49 23 first
254 2292 64 27 place
327 2296 22 18 to
358 2292 39 22 the
407 2297 91 19 amount
506 2295 26 21 of
543 2295 80 28 capital

41 2317 102 27 required
150 2321 22 19 to
180 2319 89 22 embark
276 2319 25 21 in
308 2319 55 22 such
370 2327 13 14 a
390 2319 69 28 trade,
468 2321 44 21 and
518 2322 105 28 secondly

41 2346 23 19 to
75 2343 37 22 the
121 2344 42 22 few
171 2352 90 20 persons
269 2346 26 21 of
301 2347 263 28 competentknowledge
572 2352 59 24 p'os-j«

41 2370 84 28 sessing
132 2371 37 21 the
174 2372 103 27 required
284 2373 87 26 capital.
400 2373 75 28 Every
481 2375 77 27 family
564 2375 67 23 musF

42 2396 44 22 feel
95 2396 37 23 the
141 2398 136 27 importance
291 2400 26 20 of
327 2399 38 22 the
374 2400 60 27 price
444 2401 26 21 of
480 2401 68 22 bread
557 2402 66 28 being

42 2422 115 28 regulated
164 2425 39 27 by,
208 2425 49 21 that
271 2425 27 22 of
313 2426 71 27 flour;
405 2427 45 22 and
462 2435 29 15 no
584 2436 39 15 ex-

42 2450 90 27 pedient
141 2453 23 19 to
174 2452 75 22 obtain
259 2452 42 22 this
311 2453 73 26 object
393 2453 65 23 offers
472 2455 60 21 itself
548 2459 21 18 to
585 2456 37 22 the

42 2476 63 22 mind
115 2478 24 21 of
150 2477 37 23 the
194 2479 74 26 public
278 2479 54 22 than
343 2478 135 30 forming%y
494 2481 37 22 the
546 2489 77 20 aggre-

40 2506 51 23 gate
101 2504 80 27 capital
194 2505 26 21 of
237 2512 74 21 many,
329 2513 14 15 a
356 2506 116 32 Company
489 2508 95 22 efficient
598 2510 25 21 in

40 2530 63 21 itself
114 2533 22 19 to
145 2538 62 20 carry
217 2532 46 22 into
280 2533 65 21 effect
360 2533 38 22 the
414 2533 83 28 baking
512 2535 26 21 of
555 2535 68 29 cheap

41 2556 70 23 bread
120 2560 23 19 at
151 2565 14 14 a
174 2559 165 28 remunerating
348 2560 68 26 price.

68 2583 49 22 The
124 2584 118 22 formation
253 2586 25 21 of
290 2586 42 22 this
341 2587 115 32 Company
463 2588 19 21 is
488 2588 68 22 based
562 2596 61 21 upon

42 2608 49 23 that
110 2611 25 21 of
151 2611 38 21 the
207 2612 87 27 Baking
313 2613 44 21 and
378 2611 67 25 Flour
465 2615 113 28 Company
600 2620 24 18 at

41 2636 87 28 Bristol,
139 2638 71 21 which
219 2638 19 22 is
247 2646 57 20 now,
320 2639 44 22 and
379 2640 41 22 has
435 2641 57 22 been
505 2643 35 21 for
555 2650 68 21 many

41 2670 71 20 years,
123 2665 23 21 in
155 2664 40 22 full
205 2666 121 27 operation,
338 2667 45 21 and
393 2667 170 28 acknowledged
568 2672 22 19 to
593 2669 29 23 be

43 2697 42 14 one
96 2690 24 22 of
130 2690 37 23 the
177 2695 58 18 most
244 2693 72 21 useful
332 2693 44 22 and
390 2694 114 27 profitable
520 2696 103 22 Associa-

42 2716 59 23 tions
111 2717 25 22 of
146 2717 37 22 the
193 2725 48 20 age.

69 2743 48 22 The
133 2744 93 22 benefits
242 2749 23 18 to
284 2746 28 22 be
331 2746 91 23 derived
437 2748 58 22 from
517 2749 54 22 such
593 2757 30 15 an

43 2769 139 24 Association
189 2779 37 14 are
232 2772 98 23 obvious.
350 2774 33 21 Its
391 2774 118 22 command
515 2776 25 21 of
543 2777 80 26 capital

42 2796 45 21 will
97 2798 77 21 enable
184 2798 37 22 the
231 2799 115 28 Company
354 2801 140 26 to.puichase
506 2802 85 29 largely
600 2805 27 21 of

42 2822 64 28 flour,
117 2824 45 21 and
170 2824 51 22 thus
229 2826 81 22 render
318 2826 37 22 the
364 2827 61 27 price
434 2828 27 21 of
469 2828 69 23 bread
546 2830 77 27 totally

42 2849 150 28 independent
201 2852 26 21 of
237 2859 44 21 any
292 2853 73 22 casual
376 2860 24 15 or
413 2859 78 23 scanty
506 2856 79 27 supply
600 2857 26 22 of

42 2876 58 23 flour
106 2876 22 23 in
137 2877 37 22 the
181 2878 85 22 market
273 2880 25 21 of
310 2880 53 22 Port
369 2880 130 23 Nicholson.
527 2884 23 20 It
559 2883 64 22 offers

42 2902 97 28 peculiar
148 2904 134 28 advantages
292 2909 22 19 to
324 2906 37 22 the
376 2907 119 28 labouring
508 2916 59 20 man,
583 2914 40 18 not

44 2929 53 27 only
106 2930 30 28 by
150 2930 107 28 affording
266 2932 47 22 him
329 2940 14 14 a
360 2933 115 27 profitable
489 2935 135 23 investment

43 2956 35 21 for
93 2956 34 23 his
143 2958 94 26 savings,
257 2959 41 21 but
316 2960 45 20 also
380 2960 30 27 by
427 2961 77 27 giving
520 2961 46 22 him
585 2963 38 21 the

41 2983 106 27 privilege
163 2984 32 26 (as
202 2992 14 13 a
222 2985 152 27 shareholder)
386 2986 26 22 of
417 2987 133 28 purchasing
555 2989 69 23 bread

43 3013 23 18 at
74 3010 44 22 less
126 3013 48 19 cost
182 3011 54 22 than
245 3011 39 22 the
292 3012 83 28 public.

70 3063 23 22 A
102 3063 74 32 public
184 3059 98 33 meeting
292 3066 44 21 will
345 3066 27 22 be
381 3065 54 23 held
444 3074 28 14 on
482 3067 141 30 Wednesday

44 3097 95 20 evening
153 3095 60 23 next,
231 3092 145 31 ajj^half-past
391 3094 34 20 six
442 3094 90 27 o'clock,
550 3099 22 18 at
585 3095 37 22 the

43 3116 101 23 Durham
160 3118 75 28 Arms,
249 3118 65 22 when
330 3119 37 22 the
383 3119 85 28 Report
477 3121 24 21 of
512 3121 37 21 the
559 3122 64 22 Com-

42 3142 76 23 mittee
131 3144 46 21 will
188 3144 29 22 be
232 3145 126 29 submitted,
376 3146 45 22 and
439 3147 38 22 the
493 3147 67 23 Share
575 3149 48 22 List

44 3170 86 26 opened
139 3170 34 22 for
179 3171 129 27 signatures.

45 3214 90 36 rpHE
144 3215 126 27 Emigrants
284 3217 27 21 of
321 3215 43 23 the'
374 3217 84 29 barque
472 3219 95 26 Olympus
579 3221 44 26 beg

52 3239 29 22 J-
105 3244 22 18 to
147 3241 53 22 offer
222 3243 58 21 their
302 3243 86 22 sincere
411 3244 80 23 thanks
513 3249 23 18 to
545 3250 4 5 '
560 3247 61 27 Capt.

45 3266 81 28 Whyte
136 3267 45 22 and
190 3268 85 22 officers
284 3269 35 22 for
333 3269 38 22 the
385 3269 55 23 kind
448 3272 45 21 and
501 3272 121 23 handsome

45 3295 119 20 treatment
184 3294 54 28 they
260 3296 104 22 received
386 3297 37 21 the
446 3298 71 22 whole
541 3300 25 21 of
585 3300 37 25 the

45 3326 92 21 voyage,
157 3321 44 21 and
224 3322 97 30 observe,
341 3323 49 21 that
412 3323 58 23 their
492 3326 95 22 conduct
603 3327 20 22 is

45 3346 85 27 worthy
139 3346 38 22 the
191 3349 101 26 example
308 3349 25 23 of
348 3350 30 20 all
391 3349 50 23 who
456 3350 50 23 take
517 3351 36 23 the
564 3360 59 15 com-

44 3373 70 21 mand
122 3373 26 21 of
159 3374 115 27 Emigrant
283 3375 67 29 ships.
378 3377 84 26 Signed
471 3385 28 15 on
512 3379 78 22 behalf
600 3380 26 21 of

45 3398 38 23 the
94 3399 131 29 Emigrants,

72 3425 97 22 William
181 3426 75 28 Neale,
341 3429 5 21 I
402 3430 61 22 John
473 3431 99 28 M'Kain,

73 3452 89 22 Samuel
171 3452 102 29 Vennell,
341 3455 4 28 |
402 3457 86 22 Robert
497 3458 63 27 Lyle.

45 3497 56 21 The
118 3497 89 21 Union
223 3499 89 21 Steam
327 3501 62 20 Saw
404 3502 55 21 and
468 3503 83 21 Flour
561 3504 62 21 Mill

230 3538 6 4 •

47 3549 278 26 SHAREHOLDERS.
331 3553 23 21 in
370 3554 38 21 the
423 3555 70 22 above
509 3556 114 28 Company

46 3574 35 24 O
97 3584 36 14 are
143 3577 142 27 respectfully
293 3578 111 24 informed
419 3581 48 21 that
482 3581 37 22 the
528 3582 64 23 Deed
601 3584 26 21 of

45 3603 132 22 Settlement
198 3610 50 16 now
268 3604 40 22 lies
331 3608 22 18 at
368 3614 39 14 mv
423 3607 69 28 office,
507 3608 116 24 planners-

46 3633 73 23 street,
129 3630 35 22 for
174 3630 110 27 signature
294 3639 6 18 ;
316 3632 44 21 and
369 3633 45 22 will
426 3634 86 23 remain
522 3643 56 20 open
588 3636 35 22 for

46 3657 27 20 14
82 3656 55 27 days
145 3657 57 21 from
211 3661 38 18 tne
259 3657 51 23 date
318 3657 84 24 hereof.
421 3671 12 14 *,

40 3691 4 4 -
73 3683 75 22 Dated
154 3683 39 22 4th
202 3683 68 27 June,
278 3685 61 21 1841.

197 3710 34 22 W.
244 3710 27 22 V.
282 3711 108 26 Brewer,
400 3712 204 29 barrister-at-law..

105 3765 6 5 -
144 3755 81 20 Chart
240 3755 31 21 of
285 3755 66 21 Port
365 3755 157 24 Nicholson.
555 3756 3 7 '

46 3779 93 48 JUST
161 3781 182 26 PUBLISHED,
366 3781 46 22 and
435 3790 28 15 on
484 3784 43 22 sale
545 3788 22 19 at
585 3786 38 23 the

110 3807 69 22 Oflice
188 3808 27 21 of
225 3808 44 22 this
277 3815 74 21 paper,
367 3815 14 14 a
395 3808 146 30 lithographic
558 3812 66 23 Chart

46 3832 27 22 of
83 3832 52 23 Port
143 3833 128 29 Nicholson,
285 3835 60 22 from
357 3835 38 21 th~e
411 3843 80 21 survey
507 3838 27 21 of
548 3838 25 22 E.
589 3839 33 22 M.

47 3859 109 28 Chaffers,.
168 3861 59 28 Esq.,
244 3861 67 28 R.N.,
328 3861 143 23 commander
484 3863 26 22 of
522 3864 37 22 the
567 3865 56 22 New

47 3885 99 23 Zealand
156 3887 132 29 Company's
297 3888 49 28 ship
356 3889 62 26 Tory.
419 3899 28 5 —
447 3889 63 23 Price
519 3892 32 21 2s.
560 3891 35 23 6d.

97 3912 92 24 Gaeett*
223 3914 78 27 Office,
312 3915 55 27 May
376 3916 35 26 27,
421 3916 60 22 184
558 3911 77 31 L

1249 141 4 4 .
1357 124 71 21 New
1441 122 123 23 Zealand
1580 122 149 25 Company.

1251 152 94 34 Capital,
1360 149 118 34 £100,000,'
1491 155 26 21 in
1525 156 57 21 4000
1590 153 82 23 Shares
1681 153 27 22 of
1716 153 48 22 £25
1775 151 64 28 each?

1404 203 3 5 ,
1428 202 4 3 .
1474 181 32 25 all
1514 180 54 28 paid
1576 186 40 23 jup.
1618 196 5 19 f
1639 200 3 3 .
1758 183 6 4 '
1793 181 3 11 '

1247 230 3 8 ,
1320 227 25 10 .
1385 216 100 19 Governor.:
1500 213 224 26 JosjBPHjSoMKSj.Eig.,...
1755 209 4 4 '
1762 213 24 23 J'

1315 244 180 21 Dejutjr-flovernor..;
1507 240 128 18 Hon.Franci8
1634 255 9 8 rt
1642 233 133 31 ßßringi,M^P^
1778 233 19 18 fe;
1823 233 5 12 '

1477 282 2 5 ,
1484 272 113 14 BIBBCTOBt
1602 272 6 12 :

1247 305 4 6 •
1268 312 3 6 ,
1335 298 34 17 Vit
1369 298 55 16 count
1430 296 89 21 Ingettre,
1526 295 54 20 M.P:,

1337 319 48 16 Lord
1391 318 58 18 Petre,

1336 339 65 20 Henry
1406 338 22 19 A,
1435 336 93 21 Aglionby,
1538 336 49 20 Eiq.,
1595 335 54 20 M.P.,

1246 359 3 10 1
1336 356 301 22 John>EUarlterJ3anlcott»Esq;,,

1248 381 20 15 <:'
1298 378 12 19 f
1336 380 50 16 John
1392 378 80 17 William
1476 377 77 20 Buckle,
1558 377 51 20 Esq.,
1665 389 3 9 ,
1730 377 112 23 ■,>,''

1246 411 7 5 ,
1275 404 4 5 '
1337 399 74 18 RusseU
1417 397 62 21 EUice',
1487 398 50 20 Esq.,
1547 414 7 6 ,
1627 396 3 4 '
1814 397 4 3 '
1839 398 5 4 w

1250 430 3 3 -
1283 421 3 3 '
1300 430 3 3 -
1336 421 63 16 James
1405 419 146 19 Robert-GTowen,
1557 418 54 21 Eiq>,
1616 428 9 5 ,.
1650 421 11 13 -i
1707 430 3 3 .
1736 432 3 3 .
1764 423 3 4 •
1808 423 14 13 r

1250 439 3 10 1
1260 437 3 10 '
1336 440 49 18 John
1392 440 53 19 Hine,
1453 440 48 20 Esq.*
1507 447 5 8 ■.
1631 441 3 4 '
1670 446 2 5 •

1247 465 4 7 <
1338 461 80 17 William
1425 461 52 19 Hutt,
1484 460 50 20 Esq.,
1547 459 53 20 M.P.,

1337 480 210 21 Stewart-Majbribanks,
1555 480 54 21 .Esq.,
1652 489 3 4 ■
1783 490 57 5 ...

1336 501 103 19 Alexander
1441 501 67 19 (Nairn,
1517 501 64 20 Esq.,-
1602 503 4 3 '

1336 523 51 17 John
1392 522 52 19 Pine,
1453 522 48 20 Esq.,
1508 521 107 19 Alderman,

1258 552 5 2 -
1338 543 28 17 Sir
1373 542 66 20 George
1446 541 82 20 Sinclair,
1536 541 56 20 Bart.,
1601 541 54 20 M.P.,

1258 567 11 9 ■<
1338 560 191 21 Sir'W.Molesworth,
1538 562 55 19 Bart.',
1601 562 54 19 M.P.,
1673 570 18 6 ••

1336 584 51 16 John
1393 583 44 17 Abel
1442 583 66 19 Smith,
1516 583 50 20 Esq.,
1576 583 64 19 M.P.,-
1649 584 6 15 '•
1679 591 10 9 >.

1249 602 2 6 '
1259 614 4 10 r
1338 604 47 17 Wm.
1395 604 115 21 Thompson,,
1519 603 49 20 Esq.,
1583 603 105 18 Alderman,
1702 601 60 21 M*P.,.

1337 625 54 17 Hon.'
1394 624 94 17 Frederick
1494 624 39 16 Jas.
1540 623 120 20 Tollemache,
1670 622 53 20 M.P.,
1729 638 2 5 ,

1338 644 75 18 Edward
1421 645 21 16 G.
1449 644 149 21 Wakefield,'Esq
1604 654 7 10 ,

1329 665 3 5 '
1338 667 29 16 Sir
1374 666 62 19 Henry
1442 665 63 19 Webb,
1514 665 56 20 Bart.,

1337 687 69 16 Arthur
1412 686 64 19 Willis,
1484 686 50 19 Esq.,

1339 708 68 19 George
1413 706 97 17 Frederick
1517 706 72 20 Young,
1598 706 43 20 Esq.

1387 738 5 4 *
1401 733 90 21 Secretary
1496 738 5 12 :
1512 733 54 16 John
1573 733 71 19 Wjlbd,
1652 732 44 21 Esq.

1248 761 99 22 TIIHE
1355 761 60 22 main
1425 761 97 20 features
1527 761 30 24 .of
1561 760 130 27 the.system
1699 759 25 21 of
1730 759 112 23 colonizar

1255 781 48 35 ij,.
1329 788 49 21 tion
1388 786 94 28 adopted
1490 787 32 26 by
1531 787 38 21 the
1583 787 123 26 Company,
1721 792 46 19 are,
1769 797 26 4 —
1795 787 44 25 rlst,

1247 815 2 10 1
1256 814 37 23 the
1302 814 46 23 sale
1358 814 27 21 of
1393 813 72 27 lands,
1477 816 30 20 at;
1515 820 31 15 an
1558 813 101 21 uniform
1672 812 45 22 and
1731 811 112 24 sufficient

1254 842 82 27 price;.
1344 841 46 21 and
1403 837 74 29 2iidly,
1494 839 39 21 the
1548 839 154 27 employment
1715 839 27 21 of
1754 846 14 14 a
1780 838 62 27 large

1247 886 3 4 .
1256 868 87 27 portion
1352 868 26 21 of
1384 867 37 22 the
1430 865 210 28 puTchase-money,
1651 872 26 15 as
1685 872 32 15 an
1724 865 118 26 Immigra-

1256 895 45 21 tion
1312 894 73 22 Fund.
1412 893 29 22 In
1451 893 63 21 these
1522 895 106 24 respects,
1644 891 38 22 the
1691 891 119 30 principles
1820 891 26 22 of

1255 921 71 22 South
1330 920 11 22 '
1341 920 115 22 Australia;
1461 919 62 23 .have
1538 919 58 21 been
1611 917 103 23 followed
1726 925 26 15 as
1754 934 4 9 ;
1765 918 78 27 nearly

1255 955 24 14 as
1297 948 172 21 circumstances
1482 945 82 28 would,
1583 945 26 22 in
1623 945 38 21 the
1679 947 91 25 present
1784 952 57 20 case,

1255 974 88 28 permit.

1280 1007 49 21 The
1343 1006 78 28 grand-
1430 1006 73 27 object
1518 1005 27 22 of
1557 1005 41 22 the
1613 1012 55 20 new,
1683 1011 29 16 or,
1717 1004 124 28 improved,

1254 1037 84 23 system
1349 1034 26 21 of
1385 1034 36 21 the
1432 1032 97 28 disposal
1536 1032 40 22 'of'
1587 1031 96 23 colonial
1696 1031 72 27 lands,
1775 1048 3 3 .
1784 1032 20 21 is
1819 1035 23 18 to

1254 1060 100 27 regulate
1369 1060 37 21 the
1420 1059 80 27 supply
1515 1059 28 22 of
1557 1066 56 15 new.
1622 1058 61 26 land,
1700 1058 30 27 by
1744 1055 38 25 the
1787 1058 57 22 .real

1255 1090 71 18 wants
1338 1086 26 22 of
1377 1086 36 22 the
1429 1086 118 26 Colonists,
1562 1093 26 14 so
1602 1084 50 23 that
1665 1081 42 26 the
1717 1085 56 22 land
1786 1084 58 23 shall

1256 1121 68 14 never
1340 1114 29 21 be
1388 1113 69 22 either
1475 1112 191 28 superabundant,
1688 1119 24 14 or
1731 1112 110 26 deficient,

1255 1140 72 22 either
1341 1143 39 18 too
1396 1140 76 30 cheap,
1489 1146 26 14 or
1533 1143 38 18 too
1590 1139 59 22 dear.
1688 1138 22 22 It
1726 1138 42 22 has
1785 1139 57 21 been

1254 1166 78 22 shown
1341 1166 50 22 that
1400 1166 36 21 the
1446 1165 43 22 due
1501 1166 131 27 proportion
1646 1166 103 21 between
1763 1166 79 26 people

1255 1193 46 22 and
1307 1193 55 22 land
1367 1200 52 20 may
1423 1193 29 21 be
1459 1192 129 28 constantly
1593 1192 94 22 secured
1691 1192 31 27 by
1728 1192 114 22 abandon-

1255 1220 40 27 ing
1303 1220 38 21 the
1352 1220 38 21 old
1399 1223 85 23 system'
1491 1218 28 22 of
1528 1226 98 19 grants,
1637 1218 45 23 and
1690 1219 114 27 requiring
1813 1226 29 15 an

1254 1247 101 22 uniform
1362 1247 61 27 price
1432 1253 40 21 per
1480 1253 59 19 acre,
1553 1245 35 22 for
1598 1246 30 21 all
1636 1253 52 14 new
1695 1245 78 27 lands,'
1778 1246 65 21 with-

1258 1274 170 26 outexception.
1457 1272 25 21 If
1493 1272 38 21 the
1540 1272 63 28 price
1614 1272 28 21 be
1656 1275 40 18 not
1708 1275 38 18 too
1760 1271 50 27 low,
1825 1272 19 21 it

1256 1300 74 22 deters
1337 1299 135 31 speculators
1481 1299 60 21 from
1555 1298 117 28 obtaining
1684 1298 63 28 land,
1762 1298 53 22 with
1830 1307 14 14 a

1248 1327 65 21 -view
1319 1330 24 18 to
1349 1326 92 26 leaving
1451 1326 61 21 their-
1517 1328 107 29 property
1632 1325 24 21 in
1666 1332 15 14 a
1690 1324 76 23 desert
1776 1328 65 24 state,

1256 1353 46 22 and
1314 1353 52 22 thus
1379 1355 103 25 prevents
1491 1352 111 26 injurious
1613 1352 122 27 dispersion
1741 1360 6 18 ;
1761 1352 19 21 it
1788 1352 53 27 also,

1258 1380 28 27 fay
1296 1376 134 31 compelling
1437 1386 68 20 every
1510 1378 108 22 labourer
1623 1381 23 18 to
1653 1378 61 22 work
1720 1378 37 22 for
1763 1385 79 21 wages,

1247 1406 68 23 aintil
1323 1406 29 22 he
1361 1406 41 21 has
1409 1405 68 22 saved
1491 1405 38 21 the
1541 1406 53 26 only
1604 1412 78 15 means
1692 1405 25 22 of
1729 1405 115 27 obtaining

1246 1427 71 35 pand,
1327 1434 85 21 insures
1428 1439 13 14 a
1454 1432 82 27 supply
1551 1432 26 21 of
1587 1432 80 21 labour
1680 1432 34 21 for
1728 1432 56 21 hire.
1813 1432 29 27 If,

1257 1467 29 14 on
1296 1460 38 21 the
1344 1459 63 22 other
1414 1458 68 27 hand,
1499 1458 39 22 the
1547 1458 62 27 price
1618 1458 27 22 be
1655 1462 41 18 not
1704 1462 37 18 too
1750 1458 61 28 high,
1826 1459 18 21 it

1257 1486 86 22 neither
1352 1486 99 21 confines
1460 1484 38 22 the
1508 1483 89 24 settlers
1612 1484 76 23 within
1703 1493 13 14 a
1730 1493 65 19 space
1809 1485 35 22 in-

1257 1513 157 27 conveniently
1430 1519 94 19 narrow,
1541 1519 42 14 nor
1598 1511 53 22 does
1665 1512 19 21 it
1698 1515 95 24 prevent
1806 1512 38 22 the

1257 1540 79 27 thrifty
1348 1540 104 21 labourer
1465 1538 59 22 from
1537 1538 121 27 becoming
1671 1546 15 14 a
1696 1538 147 28 land-owner,

1257 1567 58 22 after
1323 1566 102 26 working
1434 1573 61 14 some
1505 1565 54 22 time
1569 1566 37 21 for
1615 1572 80 20 wages.

1286 1601 21 21 A
1324 1600 117 26 sufficient,
1457 1600 43 20 but
1517 1602 47 28 not^
1576 1606 62 14 more
1658 1599 54 22 than
1733 1599 112 22 sufficient

1256 1627 61 27 price
1327 1627 36 21 for
1375 1626 30 22 all
1416 1634 51 14 new
1479 1626 64 27 land,
1557 1625 21 23 is
1592 1625 38 22 the
1646 1627 61 21 main
1721 1627 87 21 feature
1823 1626 25 22 of

1258 1653 37 22 the
1314 1660 49 15 new
1378 1656 82 25 system
1475 1653 26 21 of
1517 1652 158 22 colonization.
1708 1653 23 21 It
1745 1653 100 21 obviates

1257 1687 68 20 every
1336 1687 84 20 species
1434 1679 27 22 of
1472 1679 104 27 bondage
1582 1687 6 18 ;
1607 1679 31 27 by
1652 1679 119 28 providing
1785 1687 60 14 com-

1257 1707 90 21 binable
1355 1707 84 26 labour,
1450 1706 19 21 it
1475 1706 93 22 renders
1577 1705 104 28 industry
1687 1714 53 19 very
1750 1706 94 27 produc-

1258 1733 52 27 tive,
1320 1733 47 22 and
1374 1733 120 22 maintains
1502 1732 55 22 both
1566 1732 57 27 high
1637 1740 78 20 wages,
1733 1733 45 21 and
1790 1733 55 27 high

1257 1761 77 26 profits
1341 1768 5 19 ;
1367 1760 20 22 it
1401 1759 75 22 makes
1495 1759 38 21 the
1552 1759 81 28 colony
1649 1766 23 15 as
1689 1759 116 22 attractive
1821 1767 23 15 as

1257 1787 104 28 possible,
1374 1786 56 22 both
1444 1789 24 19 to
1482 1786 122 27 capitalists
1620 1786 45 21 and
1679 1789 23 19 to
1715 1786 129 27 labourers';

1258 1813 45 22 and
1313 1817 41 18 not
1361 1813 84 27 merely
1454 1815 23 19 to
1486 1812 70 27 these,
1569 1813 43 21 but
1620 1813 53 26 also,
1681 1811 33 29 by
1722 1813 124 26 bestowing

1258 1848 29 14 on
1301 1840 39 22 the
1351 1840 87 26 colony,
1454 1839 38 21 the
1501 1839 75 21 better
1590 1839 117 22 attributes
1721 1839 27 22 of
1764 1847 29 14 an
1809 1840 37 22 old

1257 1867 91 27 society,
1360 1869 22 19 to
1390 1866 63 22 those
1459 1865 51 22 who
1516 1865 58 25 haye
1582 1873 13 14 a
1602 1865 91 22 distaste
1700 1866 35 22 for
1740 1866 61 22 what
1805 1866 41 22 has

1258 1894 125 22 heretofore
1392 1893 58 22 been
1458 1892 39 22 the
1510 1893 114 27 primitive
1634 1893 115 21 condition
1759 1893 26 22 of

1258 1920 108 22 colonies.
1388 1931 6 2 -

1249 1954 23 22 S
1284 1954 49 21 The
1341 1956 64 25 great
1413 1953 73 27 object
1496 1952 26 22 of
1531 1952 39 22 the
1579 1952 61 28 price
1648 1952 20 23 is
1681 1956 22 19 to
1716 1961 78 14 secure
1808 1953 38 22 the

1249 1984 69 18 Tnost
1326 1980 108 22 desirable
1442 1980 142 27 proportions
1592 1980 102 21 between
1707 1980 79 28 people
1801 1980 45 22 and

1258 2007 66 27 land:;
1339 2008 41 21 but
1389 2006 38 22 the
1435 2006 54 28 plan
1498 2006 42 21 has
1548 2006 39 21 the
1594 2006 163 23 further.result
1763 2007 25 21 of
1794 2015 52 19 pro-

1251 2034 91 26 .ducing
1352 2041 14 14 a
1374 2040 103 18 revenue,
1481 2039 5 6 v
1494 2032 74 22 which
1583 2033 45 22 will
1642 2036 41 18 not
1698 2033 54 27 only
1766 2034 80 26 supply

1258 2060 38 21 the
1308 2059 105 27 requisite
1427 2058 67 28 profit
1507 2062 23 17 to
1545 2058 38 21 the
1598 2058 154 22 shareholders
1767 2058 25 22 of
1808 2058 37 22 the

1260 2087 116 26 Company
1376 2102 7 15 ?
1406 2085 40 22 but
1468 2084 112 23 furnishes
1602 2084 38 22 the
1663 2092 77 15 means
1759 2085 34 22 for
1816 2093 29 14 an

1260 2112 154 28 Immigration
1424 2111 95 27 Fund,—
1520 2119 25 14 -a
1551 2111 58 22 fund
1616 2112 125 27 constantly
1749 2112 97 27 applica-

1258 2140 38 21 ble
1312 2143 23 18 to
1350 2139 38 21 the
1404 2145 94 21 purpose
1515 2138 27 21 of
1553 2138 107 27 bringing
1672 2138 80 22 labour
1768 2142 23 18 to
1808 2138 37 22 the

1259 2166 81 32 colony
1341 2178 31 4 —
1373 2165 54 22 that'
1434 2165 26 27 is,
1475 2165 26 21 in
1518 2165 93 26 causing
1627 2165 38 21 the
1681 2165 50 22 best
1748 2173 56 14 sort
1823 2165 26 22 of

1260 2193 148 22 colonization
1418 2195 23 18 to
1450 2191 97 33 proceed
1555 2195 24 18 at
1589 2192 38 21 the
1639 2195 98 23 greatest
1749 2192 96 27 possible

1258 2223 56 18 rate.
1341 2219 57 22 And
1403 2218 44 22 this
1453 2225 19 15 is
1478 2218 39 22 the
1524 2218 85 22 second
1617 2218 85 22 feature
1713 2218 25 22 of
1750 2218 37 23 the
1797 2226 49 15 new

1285 2280 48 22 The
1343 2279 152 28 employment
1505 2279 26 21 of
1545 2278 39 22 the
1597 2278 210 28 purchase-money,
1823 2286 25 14 or

1259 2306 38 22 the
1306 2306 108 28 principal
1424 2309 50 24 part
1482 2305 27 22 of
1519 2305 24 26 it,
1554 2305 24 22 in
1588 2305 126 28 conveying
1723 2305 86 23 settlers
1823 2309 23 18 to

1258 2333 38 21 the
1307 2333 89 27 colony,
1406 2332 39 22 has
1454 2332 38 22 the
1501 2332 117 27 following
1627 2332 83 22 effects.
1738 2332 24 22 It
1771 2332 76 22 makes

1258 2359 38 22 the
1311 2359 131 28 purchasers
1457 2359 25 21 of
1497 2359 56 21 land
1566 2366 37 14 see
1618 2359 92 28 plainly,
1725 2359 51 22 that
1789 2355 59 26 their

1259 2394 83 19 money
1406 2386 27 21 be
1441 2385 109 23 returned
1557 2385 25 22 in
1595 2385 39 22 the
1647 2385 68 29 shape
1729 2386 26 22 of
1768 2385 80 23 labour
1854 2401 3 5 .

1259 2413 46 21 and
1314 2412 137 29 population.
1479 2413 23 21 It
1510 2412 73 27 tends,
1598 2413 25 21 in
1632 2413 52 26 fact,
1700 2416 22 18 to
1731 2412 69 22 lower
1809 2412 38 22 the

1249 2446 6 17 i'
1258 2446 120 25 necessary
1397 2439 104 23 standard
1521 2439 26 21 of
1561 2439 69 27 price,
1645 2439 102 28 because,
1766 2439 54 22 with
1834 2447 14 14 a

1454 2465 25 22 of
1489 2465 80 28 people
1579 2469 23 19 to
1612 2467 37 20 the
1660 2466 88 27 colony,
1757 2465 37 23 the
1804 2466 43 22 due

1250 2514 6 7 t
1258 2491 235 33 propoftionbetween
1500 2498 80 22 people
1587 2492 45 22 and
1638 2493 55 21 land
1700 2500 52 20 may
1758 2493 28 21 be
1794 2493 54 28 kept

1249 2514 40 33 lup
1299 2520 30 31 by
1340 2527 13 14 a
1361 2519 68 23 lower
1437 2519 67 27 price,
1517 2519 55 21 than
1581 2519 21 21 if
1613 2519 63 22 there
1686 2527 56 14 were
1752 2527 30 14 no
1792 2519 55 23 such

1260 2547 149 26 immigration
1414 2561 6 6 .
1439 2546 24 21 It
1472 2545 111 22 therefore
1589 2545 130 23 diminishes
1726 2546 38 22 the
1771 2546 77 27 period

1260 2573 81 27 during
1350 2572 73 22 which
1431 2572 38 22 the
1476 2573 107 21 labourer
1595 2576 61 18 must
1667 2573 62 21 work
1742 2573 36 21 for
1790 2573 56 27 hire,

1260 2599 45 22 and
1314 2600 30 27 by
1354 2599 38 22 the
1405 2599 63 27 rapid
1481 2606 103 20 progress
1599 2596 73 24 which
1686 2600 18 22 it
1717 2600 93 27 imparts
1825 2603 22 18 to

1260 2627 38 21 the
1305 2627 52 21 best
1365 2629 45 19 sort
1418 2626 26 21 of
1456 2626 157 26 colonization,
1626 2625 20 22 it
1661 2626 101 27 explains
1776 2629 24 19 to
1809 2626 38 22 the

1261 2653 117 26 labouring
1387 2652 55 22 class
1453 2652 24 22 of
1482 2652 150 27 immigrants,
1642 2652 49 22 that
1701 2660 67 19 every
1775 2660 43 14 one
1826 2653 26 21 of

1261 2679 61 23 them
1334 2679 50 22 who
1401 2679 17 21 is
1432 2679 138 21 industrious
1587 2679 45 21 and
1648 2679 86 27 thrifty,
1751 2686 53 21 may
1819 2679 29 22 be

1260 2714 50 14 sure
1320 2709 21 19 to
1351 2707 96 21 become,
1455 2709 41 18 not
1509 2705 86 28 merely
1611 2713 29 13 an
1656 2713 75 14 owner
1745 2706 27 21 of
1787 2706 60 26 land,

1260 2733 41 22 but
1317 2733 46 21 also
1378 2733 26 21 in
1420 2732 36 22 his
1474 2735 60 23 turn,
1555 2739 30 14 an
1606 2732 114 27 employer
1738 2732 28 22 of
1783 2732 67 23 hired

1261 2760 120 26 labourers,
1394 2762 102 20 a.master
1498 2778 7 12 ?
1506 2759 27 21 of
1543 2762 109 18 servants.

1288 2793 67 21 From
1364 2793 62 20 these
1435 2787 185 35 considerations,
1633 2792 39 21 the
1683 2793 116 27 Company
1808 2793 40 21 has

1260 2819 99 28 adopted
1376 2819 37 21 the
1430 2826 60 14 same
1508 2822 82 24 system
1609 2819 25 21 of
1650 2819 114 27 disposing
1779 2819 26 22 of
1820 2820 29 21 its

1261 2850 67 18 waste
1340 2846 77 27 lands,,
1428 2853 23 14 as
1467 2845 50 22 has-
1522 2845 92 28 already
1627 2846 84 27 proved
1724 2845 80 28 highly
1815 2846 34 23 fa-

1261 2873 106 21 vourable
1416 2872 39 21 the
1468 2872 184 27 productiveness
1667 2873 31 21 of«
1707 2873 104 27 industry
1824 2873 24 21 in

1249 2908 3 9 >
1260 2899 72 22 South
1341 2899 120 22 Australia.
1490 2899 29 21 In
1528 2906 15 14 a
1553 2898 50 23 hew
1615 2899 87 27 colony,
1715 2899 96 32 planted,
1823 2900 25 21 in

1260 2933 14 14 a
1282 2926 74 21 fertile
1366 2925 44 22 and
1425 2925 115 22 extensive
1554 2926 111 27 territory,
1682 2926 19 21 it
1713 2933 20 14 is
1748 2926 100 28 obvious,

1261 2952 49 22 that
1327 2953 39 20 the
1381 2952 169 22 establishment
1564 2953 27 20 of
1607 2951 56 23 such
1677 2960 13 14 a
1705 2956 83 24 system
1801 2953 21 22 is
1835 2961 14 14 a

1261 2982 80 19 matter
1358 2979 26 21 of
1401 2979 36 21 the
1454 2979 98 28 deepest,
1562 2982 103 19 moment
1681 2983 22 18 to
1720 2979 39 22 the
1774 2980 75 21 future

1249 3027 4 11 ;
1261 3006 88 21 welfare
1361 3005 26 22 of
1400 3005 89 30 society.
1542 3006 68 21 From
1623 3006 20 21 it
1656 3005 45 23 the*
1708 3007 51 21 best
1774 3007 75 22 effects

1261 3040 52 20 may
1320 3031 54 22 with
1385 3032 129 21 confidence
1522 3033 30 21 be
1560 3033 139 27 anticipated
1705 3040 5 14 :
1725 3041 13 14 a
1745 3036 105 19 constant

1261 3057 44 24 and
1314 3059 89 27 regular
1411 3059 80 27 supply
1501 3059 26 21 of
1538 3066 50 15 new
1597 3059 56 22 land
1661 3060 25 21 in
1700 3059 43 22 due
1757 3067 92 21 propor-

1259 3086 48 21 tion
1316 3088 23 19 to
1348 3085 39 22 the
1405 3088 69 19 wants
1483 3086 27 21 of
1521 3093 12 14 &
1541 3086 131 27 population
1684 3087 127 27 increasing
1819 3087 32 27 by

1258 3113 71 21 births
1339 3112 46 22 and
1398 3112 150 27 immigration
1555 3120 4 19 ;
1579 3113 31 21 all
1615 3114 4 10 :
1624 3113 38 21 the
1677 3113 136 27 advantages
1827 3114 22 21 to

1249 3139 84 22 '■which
1341 3139 101 21 facilities
1452 3139 25 21 of
1487 3142 114 25 transport
1608 3139 46 22 and
1660 3140 189 21 communication

1249 3170 3 6 1
1259 3172 38 15 are
1307 3165 104 22 essential
1417 3173 6 18 ;
1439 3166 111 26 certainty
1562 3166 28 21 of
1600 3166 76 27 limits,
1692 3167 46 20 and.
1752 3167 98 27 security

1258 3193 27 21 of
1296 3192 49 22 title
1355 3195 23 19 to
1387 3195 104 28 property
1500 3193 24 21 in
1535 3187 59 27 land
1599 3200 5 19 ;
1620 3193 38 21 the
1667 3196 100 24 greatest
1777 3193 72 22 facili-

1258 3219 42 21 ties
1311 3226 28 14 on
1349 3219 116 27 acquiring
1473 3219 38 21 the
1523 3219 43 21 due
1576 3220 114 27 quantity;
1705 3219 38 22 the
1753 3222 98 25 greatest

1258 3248 189 24 encouragement
1460 3249 22 18 to
1490 3245 154 28 immigration
1655 3247 46 20 and
1708 3247 129 21 settlement
1842 3255 6 19 ;

1253 3272 52 22 •and
1319 3271 109 26 thejmost
1441 3272 64 27 rapid
1520 3280 104 21 progress
1638 3273 26 21 of
1679 3273 38 21 the
1730 3273 80 28 people
1824 3274 24 21 in

1259 3296 206 24 materiarebmfort
1473 3299 46 21 and
1528 3299 69 22 social

1260 3342 72 51 QN
1346 3342 84 27 SALE,
1439 3346 23 17 at
1469 3342 38 22 the
1652 3343 78 27 Office,
1741 3344 75 27 copies
1827 3344 26 21 of

1336 3368 38 22 the
1388 3368 113 28 following
1510 3370 72 21 works
1588 3377 39 15 :—.

1284 3395 49 22 The
1343 3395 97 22 Poetical
1455 3395 83 22 Works
1554 3396 26 22 of
1594 3396 91 27 Milton,
1702 3393 55 32 wit)i
1771 3404 14 14 a
1801 3404 47 15 me-

1250 3419 66 24 moir
1338 3422 46 21 and
1409 3429 66 16 seven
1501 3422 192 23 embellishments
1714 3423 32 28 by
1765 3424 81 26 Fuseli,

1391 3448 44 22 and
1456 3448 95 23 Martin.
1594 3450 63 26 Also,
1683 3457 29 14 an
1736 3450 112 22 excellent

1251 3475 108 27 .portrait,
1368 3475 27 21 of
1407 3475 89 27 Milton,
1519 3476 118 27 engraved,
1646 3476 32 28 by
1693 3476 22 22 J.
1736 3476 110 27 Cochran,

1258 3501 60 22 from
1332 3509 14 14 a
1354 3502 118 26 minature,
1483 3502 120 28 originally
1613 3503 24 22 in
1646 3502 38 22 the
1690 3503 126 27 possession
1825 3504 26 21 of

1258 3528 77 24 Oliver
1345 3528 123 22 Cromwell.
1503 3530 12 20 1
1526 3529 44 24 vol.
1581 3531 58 25 Bvo.,
1660 3529 76 22 bound
1744 3530 25 21 in
1779 3529 67 27 cloth,

1258 3555 62 27 price
1329 3555 45 20 15s.

1285 3581 48 23 The
1343 3581 63 27 Holy
1413 3581 71 27 Bible,
1496 3582 132 27 containing
1635 3581 37 22 the
1684 3581 44 22 Old
1736 3582 45 22 and
1790 3582 57 22 New

1258 3608 162 27 Testaments,;,
1429 3605 62 24 with'
1506 3611 72 24 notes,
1603 3609 32 27 by
1653 3608 38 21 the
1710 3608 56 22 Rev.
1785 3608 62 22 John

1258 3634 89 22 Hobart
1357 3634 103 27 Caunter,
1470 3634 67 28 8.D.,
1549 3635 81 22 author
1646 3635 26 20 of
1683 3634 38 21 the
1764 3635 83 27 Poetry

1295 3661 38 21 the
1522 3661 44 22 and
1578 3661 146 22 embellished
1733 3657 55 26 with
1798 3661 50 22 four

1258 3694 63 21 maps
1337 3687 46 22 and
1399 3688 40 20 144
1456 3688 134 27 engravings
1608 3687 60 22 from
1686 3687 114 28 paintings
1817 3688 31 27 by

1258 3713 94 22 Westall
1366 3713 45 22 and
1420 3713 92 28 Martin,
1524 3715 49 20 Bvo.
1585 3713 68 28 cloth,
1664 3713 33 22 £1
1709 3715 20 20 8.
1792 3724 6 11 >
1801 3727 7 12 4,-<4
1809 3729 18 8 ,-<

1284 3741 49 21 The
1342 3741 131 26 Beginner's
1482 3740 89 22 French
1581 3740 72 26 Book,
1664 3739 46 23 and
1724 3740 38 22 the
1779 3740 69 23 Scho-

1257 3765 53 23 lar's
1320 3767 87 22 French
1423 3766 70 27 Book,
1507 3767 31 27 by
1554 3767 64 21 Rene
1635 3765 75 28 Aliva,
1728 3766 81 23 author
1825 3768 26 21 of

1258 3793 38 22 the
1619 3795 31 20 6s.
1661 3793 36 22 6d.
1708 3793 62 22 each.

1285 3821 131 21 Montacute
1424 3828 6 14 :
1444 3827 27 15 or
1483 3827 15 15 a
1510 3819 58 23 New
1576 3820 97 22 home*—
1673 3819 73 23 who'll
1757 3820 75 22 follow
1839 3821 16 22 I.

1258 3847 35 27 By
1302 3847 56 22 Mrs.
1368 3847 66 27 Mary
1443 3847 98 21 Clavers.
1568 3848 15 20 2
1592 3843 57 28 yofs.
1660 3849 57 25 8v6.,
1728 3847 73 22 £1.35.
1810 3847 47 22 6d5

1284 3873 111 28 Voyages,
1406 3873 149 27 Adventures,
1571 3873 47 22 and
1632 3873 102 26 Escapes'
1745 3870 32 26 of*
1783 3873 63 29 Capt.

1257 3900 99 22 Richard
1362 3900 116 28 Falconer,
1489 3900 89 23 written
1587 3900 32 28 by
1626 3899 99 24 himself*
1761 3901 12 21 1
1794 3901 52 27 vol.,

1256 3927 14 21 5
1284 3927 108 25 shilling*.
1661 3931 9 18 ?

651 137 18 25 1
680 129 74 33 /WiV
758 145 6 12 r
764 131 108 23 REAMS
885 119 79 41 llpfe,
969 129 120 22 Printing.
1099 127 131 23 PAPER.for.

765 157 52 27 sale*
835 155 166 29 jusMreceived
1013 156 93 26 per,£or
1106 155 15 21 d
1129 155 96 21 William

711 185 2 29 \
726 197 17 12 ry
741 203 2 1 .
764 185 109 25 Bentinck,
882 183 59 22 from
951 181 102 23 London!.
1068 192 8 7 •-

639 236 9 4 _
653 230 17 14 n
673 211 162 28 Conveniently
837 209 93 29 ,packed
934 209 23 22 in
966 215 60 16 cases
1032 208 29 22 of
1065 208 83 28 twenty
1152 214 73 17 reams

726 254 5 5 ,
886 239 10 8 '
1026 255 2 4 ,
1054 247 8 6 -
1187 258 2 3 .
1207 245 21 14 *,

821 262 78 27 Office,
910 262 56 27 May
974 263 35 26 26,
1020 263 61 21 1841.

647 308 38 21 To
707 308 47 20 the
772 306 166 25 Merchants;
959 305 194 28 Ship-owners,
1170 305 55 21 and

644 345 52 12 ,o
741 333 92 22 others
851 333 31 20 of
893 333 66 20 Port
971 329 159 24 NicHblson.

640 367 33 24 .Tt
679 364 125 33 /fIES,SR;s.
811 381 8 13 ,
825 364 108 23 PRATT'
944 356 171 32 and;'BEVAN
1124 358 108 33 '.hegtrcP'

649 388 63 26 JA-L'
736 392 118 28 spectfully
880 395 38 19 to,
925 391 92 23 inform,
1029 390 44 23 the,
1083 390 141 28 .merchants,

643 419 156 27 ;ship-owners,
816 417 54 23 and'
877 418 81 26 others,
973 416 118 29 that.they,
1103 417 123 23 havefnow

644 445 147 26 .commenced
806 444 52 24 the.
864 444 155 23 manufacture
1040 444 26 21 of
1070 451 64 20 .rope
1134 460 7 15 ?
1145 461 6 4 .
1159 443 65 25 lines,
1228 447 7 12 s

643 472 70 22 ■twine
727 471 26 22 of
759 471 31 22 all
802 471 152 27 descriptions,
963 468 62 27 imats
1037 470 30 22 of<
1077 470 30 22 all
1122 468 105 29 BizesV.oil

642 498 82 27 .'cloths,
732 498 51 23 -Ac.
791 505 6 13 :
803 513 3 4 .
811 496 83 28 fishing
909 500 50 19 nets
964 515 3 4 .
973 496 66 23 made
1045 515 2 6 ,
1054 496 48 22 and
1107 515 3 4 .
1117 496 108 28 repaired,

648 521 46 26 and!
708 531 67 21 every
785 524 134 27 description
937 523 29 29 of,
978 522 76 23 article
1068 523 25 22 in
1108 522 39 23 the
1156 522 78 25 above,,

642 550 57 28 .line,
716 550 30 23 all
760 550 58 22 from
833 549 71 24 New.,
904 549 100 24 Zealand
1018 549 52 27 flax,
1087 549 44 22 and
1145 556 30 15 on
1187 548 40 23 the

647 576 194 29 mostOreajßpnable
851 576 99 27 charges.
978 575 75 28 Apply
1063 579 23 20 to

641 621 4 17 ;
655 623 12 18 _j_
705 604 31 17 ''J
747 620 3 5 •
862 609 91 23 Messrs.
968 609 78 22 Pratt
1061 609 44 22 and
1119 609 87 27 Sevan,

637 644 54 23 <?No.
688 642 5 16 ;
708 645 19 26 1,
750 642 231 28 Molesworth-street;
1007 642 144 28 Wellington,
1174 642 58 22 Port'

642 682 4 8 -
687 675 4 5 '
708 675 3 5 '
762 675 4 5 '
801 680 3 3 •
833 671 5 3 "'"
849 677 2 6 '
867 668 136 23 *Nichols»n.

648 713 74 51 EX<
734 715 42 21 the.
781 716 73 25 J3a//ey
853 730 3 8 ;
859 723 7 13 ;
866 724 29 6 —
895 714 53 22 Two
957 721 62 15 cases
1027 714 104 22 metallic,
1134 714 94 22 window

724 741 82 28 sashes,
814 741 92 28 glared;
922 740 94 22 suitable
1025 740 35 22 for
1068 743 106 24 cottages.
1188 750 4 4 -

790 774 122 27 Wallace,
922 773 91 28 Whits',
1025 773 44 22 and
1077 773 124 22 Wallace.

649 819 87 48 ¥OR
758 818 90 28 SALE,,
863 826 14 15 a
894 818 103 28 quantity
1013 818 25 22 of
1059 818 53 22 OIL
1126 817 111 25 BUTTS..

720 845 75 28 Apply
805 849 23 18 to

714 875 8 9 *
816 872 131 26 Ridoways;
960 871 104 26 Guyton,
1075 870 125 23 and.EARP.

649 917 39 20 To
704 917 161 21 Gentlemen
881 917 91 26 going,
981 918 30 20 to
1025 916 155 27 Wanganui
1199 922 29 15 or
1228 915 4 10 1

645 964 2 4 ,
684 961 2 5 .
867 943 45 21 the
926 942 81 22 Btish.
1119 957 3 5 ■
1212 939 22 31 ~\

649 975 88 48 FOR
750 975 84 27 SALE,
850 979 24 19 at
890 976 39 22 the
948 976 75 22 Stores
1039 976 27 22 of
1085 975 40 29 the,
1141 976 87 21 Under-

721 1002 83 27 signed,
815 1009 14 14 a
837 1002 62 27 large
906 1023 2 4 ,
913 1003 103 28 quantity
1031 1003 27 21 of
1068 1002 54 28 first,
1138 1003 89 27 second,

649 1028 45 22 and
717 1028 59 22 third
797 1028 85 29 quality
889 1045 3 7 ,
900 1029 99 27 biscuit,,,
1007 1029 124 22 warranted
1155 1029 73 28 newly

649 1055 78 27 baked,
739 1055 46 22 and
793 1059 23 18 at
823 1057 114 20 moderate
946 1056 79 27 prices.

675 1089 55 31 Any
738 1088 128 27 gentleman
876 1096 42 14 can
927 1089 57 22 have
993 1089 34 22 his
1037 1096 50 16 own
1093 1089 58 22 flour
1155 1089 74 22 baked

649 1115 47 22 into
705 1114 85 29 biscuit,
800 1115 21 22 if
830 1115 110 28 required.

652 1154 2 5 '
914 1150 142 22 Archabald
1067 1150 133 22 Anderson.

716 1194 177 21 Commercial
908 1195 61 25 Inn,
984 1194 176 28 Wellington.
1199 1202 5 6 -
1223 1208 12 11 «

650 1227 51 48 R
729 1227 113 22 BROWN
860 1228 55 26 begs
928 1231 22 18 to
966 1227 82 22 inform
1062 1228 38 22 the
1115 1229 75 27 public
1206 1229 26 22 of

705 1264 10 11 •
746 1253 53 22 Port
807 1254 123 22 Nicholson
940 1254 48 21 that
998 1255 35 20 the
1045 1255 69 21 above
1126 1255 70 22 house
1209 1256 20 21 is

650 1279 86 28 opened
745 1280 52 22 with
806 1288 13 14 a
830 1281 75 21 choice
915 1281 105 22 selection
1029 1281 26 21 of
1065 1281 75 27 wines,
1149 1282 79 28 spirits,

649 1306 85 23 bottled
743 1307 34 22 ale
787 1307 45 22 and
840 1311 66 24 stout,
917 1307 116 22 combined
1049 1308 53 22 with
1116 1309 112 22 moderate
1232 1325 5 9 4

650 1333 98 27 charges.
1209 1330 30 26 S%

677 1366 65 23 Good
750 1367 198 28 accommodation,
959 1368 45 21 and
1014 1375 28 14 an
1053 1368 105 28 ordinary
1170 1368 66 28 daily

650 1396 23 18 at
681 1396 43 19 two
734 1394 91 21 o'clock.

725 1438 128 21 Barrett's
868 1439 91 25 Hotel,
974 1439 179 27 Wellington.

651 1470 167 48 UHUNT
842 1472 54 26 begs
906 1474 22 19 to
938 1479 117 15 announce
1065 1475 24 18 to
1103 1472 35 22 his
1147 1473 88 22 friends.

709 1509 10 10 •
750 1498 44 21 and
804 1497 37 22 the
851 1498 82 27 public,
951 1498 49 22 that
1009 1498 28 22 he
1051 1499 41 21 has
1107 1498 123 23 succeeded
1230 1496 9 13 5

651 1524 43 21 Mr.
706 1524 27 22 R.
744 1524 87 22 Barrett
839 1524 24 22 in
873 1524 37 22 the
920 1525 70 22 above
1000 1525 173 26 establishment,
1184 1526 45 22 and

650 1554 66 19 trusts
726 1550 48 22 that
782 1551 30 27 by
820 1552 109 21 attention
939 1556 23 17 to
971 1559 75 14 secure
1056 1559 14 14 a
1079 1552 76 22 liberal
1166 1552 63 23 share

651 1577 25 21 of
687 1580 90 25 support
785 1578 57 21 from
852 1578 62 21 those
922 1578 48 22 who
978 1585 51 20 may
1035 1578 79 23 favour
1120 1578 48 23 him

650 1603 58 22 their
715 1608 127 24 patronage.

676 1637 83 28 Wines,
779 1639 80 28 spirits,
877 1639 41 28 ale,
929 1639 45 23 and
983 1643 80 24 porter,
1084 1640 26 22 of
1125 1640 39 22 the
1181 1640 50 22 best
1237 1647 2 4 '

650 1665 107 26 qualities.
1213 1668 23 20 •*?

677 1698 37 21 An
725 1698 102 28 ordinary
837 1702 23 18 at
869 1701 12 20 2
892 1699 85 22 o'clock
993 1700 66 27 daily.
1088 1719 3 3 .
1097 1701 56 22 Cold
1163 1702 77 22 colla-

650 1724 58 22 tions
717 1724 80 28 always
811 1726 75 27 ready.
915 1726 78 22 Public
1010 1726 90 23 dinners
1115 1728 114 27 provide~d.
1230 1749 5 9 (

677 1758 65 22 Good
753 1758 61 27 beds,
830 1759 45 21 and
889 1760 85 27 private
991 1764 135 23 apartments
1143 1761 35 22 for
1190 1758 40 32 tlfe

649 1792 40 14 use
698 1785 26 21 of
734 1785 101 22 families.
1198 1799 2 5 ■
1206 1795 1 3 -
1207 1787 7 12 :~:
1211 1799 7 4 ~

662 1830 185 21 Freemason's
857 1831 113 25 Tavern,
986 1832 135 21 Lambt«n
1131 1826 106 36 Qiiay,^

651 1864 53 34 f±
727 1862 29 22 D.
772 1863 167 22 MONTEITH
946 1864 56 27 begs
1011 1868 22 18 to
1049 1865 44 21 call
1105 1865 38 22 the
1158 1870 72 18 atten-

651 1886 66 24 KJTt
734 1890 47 20 tion
792 1890 24 21 of
827 1890 38 21 the
873 1890 110 22 Colonists
993 1895 23 17 to
1024 1891 34 22 his
1068 1899 54 20 very
1131 1894 101 26 superior

649 1916 63 21 stock
721 1916 26 21 of
757 1916 75 27 wines,
843 1917 79 27 spirits,
939 1917 46 21 and
1000 1918 85 22 bottled
1100 1919 42 26 ale,
1158 1920 72 22 which

649 1949 38 15 are
696 1943 123 21 unrivalled
829 1947 24 17 at
862 1950 44 21 any
917 1944 64 22 other
990 1945 173 23 establishment.

677 1969 66 22 Good
752 1970 199 22 accommodation.

663 2013 55 21 The
734 2014 77 26 Hope
827 2015 89 21 Coffee
933 2016 53 20 and
1000 2017 101 26 Eating
1113 2017 104 22 House.

651 2046 33 47 S
717 2046 172 22 MARSHALL
903 2048 54 26 begs
973 2048 63 22 leave
1055 2052 24 19 to
1095 2050 84 21 inform
1197 2050 35 22 his

691 2083 10 10 •
730 2072 83 23 friends
823 2073 47 22 and
878 2073 37 22 the
925 2074 75 27 public
1009 2075 28 22 in-
1042 2076 97 26 general,
1148 2076 49 22 that
1202 2076 29 22 he

649 2098 40 21 has
698 2099 87 27 opened
792 2099 37 22 the
839 2100 71 21 above
919 2100 75 28 house,
1003 2102 44 21 and
1053 2102 69 31 hopes
1130 2102 30 26 by
1170 2104 63 20 strict

649 2126 109 21 attention
767 2129 23 18 to
800 2133 109 21 economy
918 2127 44 22 and
971 2128 92 28 quality,
1080 2129 49 22 that
1143 2130 30 21 he
1187 2128 45 24 will

649 2152 86 22 receive
745 2159 13 14 a
767 2152 64 23 share
840 2154 28 21 of
877 2153 58 22 their
944 2158 98 24 support.

675 2178 49 22 Hot
734 2179 149 28 joints-ready
896 2180 58 22 from
968 2183 27 20 12
1004 2182 34 21 till
1046 2184 21 19 2.
1096 2182 56 22 Cold
1160 2183 72 27 joints

649 2204 82 28 always
739 2206 75 26 ready^

656 2251 135 22 TOSHUA
800 2252 142 27 SCHOLES,
951 2253 62 22 Boot
1020 2253 44 22 and
1068 2255 61 21 Shoe
1135 2255 95 27 Maker,

649 2280 26 20 tf
713 2278 186 28 Lambton-quay,
912 2279 54 27 begs
981 2283 23 18 to
1019 2280 81 22 inform
1115 2281 38 23 the
1167 2282 65 22 inha-

649 2304 82 22 bitants
796 2305 137 28 Wellington
955 2307 47 21 and
1019 2307 28 21 its
1069 2307 164 28 neighbouring

650 2330 101 28 districts,
762 2331 48 22 that
819 2331 29 22 he
857 2332 19 22 is
886 2340 50 14 now
945 2333 69 27 ready
1023 2337 23 18 to
1053 2335 87 21 receive
1148 2335 82 27 orders,

649 2357 72 22 which
731 2358 44 21 will
784 2362 58 18 meet
854 2359 54 21 with
923 2360 106 26 punctual
1046 2355 119 34 despatch';
1186 2362 46 22 and

649 2387 66 18 trusts
724 2384 58 22 from
790 2385 35 21 his
835 2385 131 28 experience
980 2387 26 21 in
1020 2387 63 22 trade
1098 2382 106 31 tol|merit
1219 2396 13 14 a

639 2408 5 10 '
650 2410 63 22 thare
723 2411 26 21 of
758 2412 75 26 public
841 2416 129 23 patronage.

651 2455 165 48 RSEED,
828 2457 58 21 Boot
893 2457 45 22 and
948 2458 58 21 Shoe
1012 2458 86 27 Maker,
1110 2459 24 22 in
1143 2450 99 37 return^

705 2493 10 11 •
735 2498 3 4 ■
758 2483 40 26 ing
819 2483 83 22 thanks
925 2487 23 19 to
967 2485 38 21 the
1028 2486 134 22 Gentlemen
1186 2486 56 23 andl

650 2507 76 23 Public
736 2509 36 22 for
781 2507 56 25 their
846 2514 121 24 patronage
983 2511 43 22 and
1037 2516 96 28 support,
1145 2514 54 25 begs
1207 2512 35 23 £6*

649 2534 82 23 inform
740 2536 61 22 them
811 2537 49 22 that
875 2537 29 22 he
913 2538 40 21 has
966 2539 49 27 just
1027 2539 104 22 received
1145 2547 14 14 a
1172 2540 60 22 fresh

649 2562 80 27 supply
739 2563 25 21 of
771 2563 102 23 Leather.

686 2596 67 23 Boots
764 2597 44 22 and
818 2598 69 21 Shoes
897 2598 76 28 neatly
981 2599 102 28 repaired
1091 2607 22 15 as
1123 2599 71 23 usual.

677 2630 187 29 Lambton-quay,
875 2632 66 27 April
949 2634 34 25 30,
995 2634 60 21 1841.

651 2674 148 28 /BLOCKS,
814 2676 113 29 Watches,
944 2677 45 22 and
1006 2678 117 28 Jewellery
1140 2679 94 23 cleaned

651 2703 41 20 V^
721 2702 46 22 and
775 2703 101 27 repaired
888 2704 32 27 by
933 2704 84 22 Robert
1026 2706 121 27 Sturgeon,
1164 2713 68 21 many

649 2735 64 20 years
721 2728 25 22 in
755 2737 15 14 a
779 2729 94 23 London
884 2730 116 28 jewellery
1009 2732 107 22 business.

676 2761 124 23 Residence
809 2766 24 18 at
841 2767 92 27 present
933 2775 27 4 —
960 2768 25 18 at
993 2765 37 22 the
1039 2765 59 22 back
1104 2766 26 21 of
1141 2767 91 22 Messrs.

650 2787 86 23 Waters
746 2789 45 21 and
800 2790 92 22 Smith's
902 2791 81 21 Stores.
1129 2808 4 4 .
1157 2799 26 22 f^

650 2832 229 47 JM'GREGOR
892 2834 53 27 begs
960 2836 143 28 respectfully
1117 2840 23 19 to
1152 2838 81 21 inform

689 2869 11 11 •
717 2858 37 23 the
764 2864 79 23 gentry
853 2860 45 22 and
906 2861 137 23 inhabitants
1049 2863 25 21 of
1082 2864 52 21 Port
1141 2864 93 22 Nichol-

650 2892 40 15 son
700 2885 48 22 that
755 2886 30 22 he
794 2886 40 22 has
845 2894 29 14 on
883 2887 53 27 sale,
952 2892 22 17 at
990 2888 35 22 his
1040 2892 127 26 temporary
1180 2892 54 21 resi-

650 2912 76 28 dence,
745 2913 24 21 in
788 2913 36 22 the
842 2921 51 14 rear
910 2915 26 20 of
953 2915 40 22 Dr.
1011 2915 93 29 Knox's,
1124 2925 56 14 near
1195 2918 39 21 the

649 2939 71 27 Bank,
744 2947 30 14 an
792 2944 134 18 assortment
945 2942 25 21 of
989 2942 49 22 best
1061 2943 172 25 Lo»don-made

649 2965 103 28 watches,
762 2966 77 22 Dutch
849 2967 82 27 clocks,
941 2968 40 22 &c.

676 2992 175 28 Chronometers,
864 2994 80 27 flocks,
960 2995 104 27 watches,
1080 2996 45 23 and
1140 2998 94 22 musical

649 3018 68 23 boxes
727 3019 106 28 carefully
844 3020 94 22 cleaned
947 3022 46 21 and
1001 3023 108 26 repaired.

649 3064 36 47 J
720 3064 153 28 CANNING,
898 3066 99 27 Cabinet,
1023 3066 72 29 Chair,
1119 3069 44 21 and
1181 3069 53 22 Sofa

689 3101 10 11 •
729 3090 175 30 Manufacturer,
921 3092 187 30 Lambton-quay,
1119 3095 115 28 adjoining

649 3116 69 23 Durie
727 3118 47 21 and
783 3118 58 22 Co.'s
854 3119 82 21 Stores.

805 3153 130 14 FURNITURE
953 3154 122 15 REPAIRED.

649 3189 275 47 RBRADFIELD,
949 3191 93 23 Saddler
1065 3193 45 21 and
1132 3193 101 23 Harness

705 3226 10 10 •
746 3216 86 22 Maker.
861 3213 98 30 Repairs,
966 3218 76 27 neatly
1056 3218 65 23 done.
1150 3221 83 21 Orders

649 3242 102 22 received
760 3245 24 19 at
792 3243 128 22 Marshall's
931 3244 162 23 Coffee-house.

650 3287 49 47 A
726 3287 132 27 HEWITT,
870 3288 158 26 Fishmonger,
1040 3288 111 25 Lambton
1159 3292 71 26 Quay,

704 3324 10 10 •
731 3313 144 28 Wellington,
882 3317 88 19 returns
979 3314 35 22 his
1023 3315 85 23 sincere
1119 3316 81 23 thanks
1209 3322 23 17 to

650 3339 37 22 the
705 3339 136 23 inhabitants
859 3341 26 21 of
905 3341 44 22 this
967 3341 86 28 Colony
1070 3342 34 22 for
1122 3343 38 23 the
1178 3351 54 21 very

649 3365 77 23 liberal
745 3370 90 24 support
850 3367 29 22 he
893 3367 41 21 has
949 3367 98 24 hitherto
1061 3370 108 28 received,
1187 3371 47 22 and

649 3392 54 27 begs
712 3396 22 18 to
743 3394 81 21 inform
835 3394 61 21 them
906 3394 48 21 that
967 3394 28 22 he
1005 3389 41 28 has
1053 3396 66 22 made
1128 3404 104 21 arrange-

649 3422 73 19 ments
737 3419 35 22 for
790 3427 13 14 a
811 3424 110 18 .constant
936 3421 80 27 supply
1033 3422 27 21 of
1079 3422 37 22 the
1134 3424 99 22 choicest

649 3445 101 31 varieties
759 3446 27 22 of
795 3446 49 27 fish,
861 3447 74 22 which
950 3448 29 21 he
995 3448 136 29 confidently
1147 3458 85 15 recom-

649 3471 78 23 mends
736 3475 22 19 to
769 3473 39 25 the.
814 3473 76 26 public
899 3481 25 14 as
930 3474 67 27 being
1005 3475 24 21 of
1039 3475 38 22 the
1084 3476 49 22 best
1138 3478 92 29 quality.

677 3498 124 22 Orders»for
810 3497 105 30 shipping
922 3501 108 27 received,
1046 3502 46 22 and
1100 3501 132 27 punctually

650 3525 105 22 attended
764 3528 30 20 to.
825 3534 10 3 -
922 3544 2 4 .

802 3560 99 15 OYSTERS
915 3561 72 14 FRESH
1002 3561 76 16 DAILY.

676 3584 63 28 Also,
750 3593 14 14 a
773 3586 79 27 supply
861 3586 27 22 of
901 3587 127 27 vegetables
1044 3588 61 23 fresh
1118 3590 59 22 from
1192 3591 39 22 the

650 3612 83 28 garden
743 3612 66 27 daily.

705 3656 126 22 OTICE.—
830 3657 47 21 The
886 3657 57 23 Rev.
951 3658 44 22 Mr.
1005 3659 145 29 Macfarlane,
1162 3662 25 21 of
1193 3661 39 22 the
1233 3648 4 16 ;

731 3683 78 22 Scotch
833 3682 96 29 Church,
953 3685 46 22 will
1025 3687 96 25 perform
1148 3688 84 22 Divine

650 3709 109 28 Worship,
778 3709 23 23 in
824 3710 82 26 future,
926 3711 24 22 in
969 3711 46 23 the-
1023 3712 111 30 Morning,
1155 3718 23 17 at
1194 3715 38 22 the

651 3735 80 23 Native
747 3735 90 28 Chapel,
852 3737 35 22 T£
895 3738 42 27 Aro
937 3738 70 27 Flat,
1017 3734 55 27 at^ll
1084 3740 92 27 o'clock,
1187 3741 45 22 and

649 3762 24 22 in
687 3763 37 21 the
734 3763 125 22 Afternoon
873 3767 23 19 at
909 3764 37 22 the
962 3763 70 25 Court
1046 3765 83 29 House,
1145 3767 87 23 Thorn-

650 3788 43 22 don
703 3789 56 28 Flat,
770 3793 23 19 at
802 3798 13 14 a
824 3793 90 21 quarter
924 3794 48 24 past
981 3799 44 15 one
1034 3793 93 22 o'clock.
1184 3805 3 5 <
1185 3807 12 12 w

677 3815 141 28 Wellington,
830 3816 55 29 May
896 3819 33 25 12,
940 3819 62 27 184|-.

796 3861 69 21 Bills
880 3861 32 21 of
927 3862 155 28 Exchange.

651 3893 161 48 PRINTED
826 3894 105 23 FORMS
945 3896 61 22 FOR
1020 3896 78 24 SALE
1112 3897 41 23 AT
1167 3898 65 23 THE

722 3920 109 23 OFFICE
845 3921 39 23 OP
898 3921 76 24 THIS.
985 3922 108 24 PAPER.
