3392 6160
168 2181 130 74 The
341 2181 217 74 Lyell
601 2181 261 74 Times.

169 2327 249 40 SATURDAY,
438 2328 251 33 NOVEMBER
705 2330 49 37 14,
773 2331 89 32 1885.

181 2437 69 34 The
266 2438 113 43 plntes,
399 2437 130 45 ripplas,
553 2438 64 32 and
640 2437 137 36 berdans
795 2444 33 29 at
844 2440 53 33 the

141 2494 117 44 Alpine
276 2495 136 43 battery,
432 2506 79 32 gave
533 2496 117 34 7370zs
666 2496 35 34 of
720 2496 177 42 amalgam,

139 2557 36 28 at
198 2552 54 32 the
277 2552 117 42 partial
421 2552 211 45 cleaning-up
658 2555 96 32 made
777 2561 103 36 yester-

141 2607 73 44 day.
261 2608 71 34 The
350 2614 149 39 quantity
517 2611 33 32 of
566 2615 90 29 stone
677 2617 57 39 put
747 2611 150 44 through,

142 2677 68 21 was
232 2667 60 31 290
309 2672 83 31 tons,
418 2669 63 29 and
505 2669 54 31 the
584 2669 77 31 time
686 2669 153 41 occupied
862 2669 33 32 in

142 2723 154 41 crushing
318 2723 87 34 since
430 2724 54 34 the
501 2724 61 34 last
581 2726 132 42 general
736 2725 143 41 cleaning-

142 2790 53 34 up,
212 2780 89 44 eight
319 2780 89 44 days.

183 2837 68 32 The
279 2837 80 33 Rev.
389 2838 51 31 Mr
465 2839 236 41 Spencer,—en
732 2847 91 25 route
851 2841 48 33 for

143 2895 133 40 Nelson,
289 2895 107 33 where
409 2895 54 34 the
477 2902 141 39 meeting
632 2899 34 31 of
675 2898 52 33 the
738 2898 159 34 Diocesan

144 2951 111 43 Synod
277 2950 27 34 is
329 2952 96 41 being
449 2952 85 41 held,
560 2955 111 41 passed
697 2955 138 41 through
856 2968 39 20 on

144 3008 171 43 Thursday
352 3009 70 32 last.
470 3010 104 32 When
613 3023 40 20 on
689 3012 48 32 his
776 3022 120 27 return.

146 3064 117 33 Divine
280 3065 125 33 Service
422 3067 65 31 will
512 3069 34 31 be
564 3068 75 32 held
656 3069 75 33 here
755 3081 39 21 on
814 3072 60 31 Sun-

144 3121 63 40 day
230 3123 137 39 evening
391 3123 54 31 the
466 3123 85 33 22nd
574 3124 132 37 instant,
732 3138 39 19 an
786 3128 6 28 1
820 3138 74 20 next

142 3177 137 40 evening
312 3177 168 43 (Monday)
520 3180 54 32 the
611 3192 66 21 rev.
710 3182 184 37 gentleman

145 3232 64 34 will
226 3233 122 34 deliver
365 3246 18 21 a
406 3236 120 33 lecture
551 3249 33 20 as
607 3238 27 31 is
657 3239 191 33 announced
865 3242 30 30 in

145 3300 59 23 our
218 3290 201 43 advertising
434 3294 160 34 columns.

185 3349 45 30 As
247 3349 63 31 will
328 3349 37 32 be
382 3361 75 20 seen
476 3351 41 39 by
541 3361 265 25 announcement
822 3356 59 31 else-

145 3404 116 41 where,
280 3405 63 35 this
359 3419 102 31 paper
484 3408 121 42 having
624 3410 77 34 been
721 3412 179 43 purchased

146 3462 42 44 by
205 3462 52 34 Mr
273 3462 124 35 Walter
408 3464 112 39 Atkin,
534 3468 153 43 formerly
699 3469 145 33 foreman
858 3482 41 21 on

145 3519 54 34 the
287 3521 197 41 Inangahua
713 3527 84 35 staff,
846 3528 53 33 the

147 3575 197 45 publication
376 3589 111 32 passes
511 3581 69 34 into
605 3581 50 35 his
681 3582 105 35 hands
815 3584 84 35 from

144 3633 123 42 to-day.
315 3635 116 32 Under
447 3636 54 32 the
518 3649 70 21 new
600 3640 212 45 proprietary,
826 3653 61 21 con

145 3689 158 34 siderable
331 3691 189 35 alterations
553 3696 61 31 and
645 3697 256 42 improvements

145 3756 53 23 are
230 3751 32 28 to
291 3746 39 34 be
360 3748 94 34 made
485 3749 35 33 in
548 3750 170 39 it,—some
748 3755 35 32 of
809 3755 89 33 them

147 3803 105 45 being,
269 3805 55 34 the
340 3806 184 46 increasing
539 3809 35 33 of
589 3810 50 32 its'
658 3811 64 32 size
739 3817 33 28 to
788 3814 112 43 nearly

148 3860 115 34 doubli
279 3863 88 33 what
383 3865 24 31 it
421 3865 28 32 is
465 3870 34 28 at
510 3871 151 37 present;
678 3869 129 42 regular
816 3871 63 32 min-

148 3916 54 43 ing
217 3923 133 39 reports,
370 3919 181 46 (including
566 3922 55 34 the
639 3924 100 34 Owen
761 3925 137 45 district)

146 3974 236 36 contributions
405 3977 43 44 by
469 3979 129 35 outside
621 3984 280 43 correspondents,

146 4032 66 33 and
228 4033 53 34 the
297 4034 147 34 addition
459 4037 37 33 of
504 4049 19 22 a
534 4038 209 44 supplement
755 4043 127 32 contain-

148 4090 54 41 ing
218 4102 18 22 a
259 4092 84 43 good
366 4093 126 44 variety
509 4094 35 35 of
555 4096 191 46 interesting
767 4099 136 45 reading

148 4152 127 28 matter.

186 4206 44 34 At
259 4205 54 36 the
341 4205 64 37 last
431 4207 131 47 sittings
587 4210 37 35 of
646 4210 55 36 the
732 4212 172 38 Warden's

146 4262 114 41 Oou.t,
292 4263 54 34 the
375 4264 165 44 following
569 4267 146 36 business
745 4281 66 23 was
841 4271 46 34 dis-

145 4319 97 42 posed
257 4321 233 34 of:—Croesus
513 4325 322 45 Coy,—application
854 4329 49 33 for

150 4376 203 45 registration
395 4381 36 33 of
468 4383 137 40 tunnel;
650 4384 157 44 granted:
852 4388 52 35 W.

150 4433 349 39 burns,—water-race
520 4443 34 27 at
572 4439 195 34 Irishman's
783 4444 122 40 Creek;

148 4490 135 41 granted
300 4501 6 23 :
332 4491 35 33 T.
400 4492 248 42 Buddie,—two
678 4503 201 31 water-races
897 4513 7 29 ;

148 4546 134 39 granted
298 4557 6 23 :
330 4548 35 33 C.
390 4548 146 43 Weekes,
560 4553 180 42 protection
757 4556 36 33 of
809 4558 96 33 claim

150 4605 47 33 for
223 4618 60 21 one
315 4607 135 40 month;
475 4611 135 40 granted
625 4621 6 23 :
664 4613 146 35 Dillman
841 4618 65 33 and

151 4665 355 40 party,—water-race;
540 4668 156 37 granted:
732 4671 45 31 H.
809 4673 96 44 Kelly

151 4717 63 32 and
243 4718 39 30 A.
310 4718 203 43 M'Cloy,—s
544 4732 72 23 acre
641 4725 119 42 special
785 4727 59 34 site
873 4734 32 29 at

155 4773 97 44 Eight
270 4774 76 34 Mile
364 4776 111 40 Creek,
492 4779 136 40 granted
644 4781 124 44 subject
785 4789 32 29 to
837 4798 50 22 sur-

149 4842 72 32 vey,
252 4830 28 35 if
304 4844 183 32 necessary.
547 4836 357 47 Same,—water-right

146 4891 58 30 out
221 4887 35 33 of
267 4899 89 23 same
374 4889 105 42 creek,
495 4893 135 42 granted
644 4904 8 23 :
670 4895 44 34 H.
732 4897 173 45 Cosgrove,

150 4945 219 34 —Residence
400 4959 74 21 area
506 4953 32 28 at
571 4951 90 41 Lyell
692 4954 124 41 Creek;
852 4959 36 31 ad-

144 5002 141 41 journed
322 5002 49 35 for
409 5004 283 38 Commissioner's
730 5014 176 41 approval:

150 5060 117 43 Alpine
299 5061 324 42 Coy.,—water-race
653 5071 57 29 out
739 5069 36 32 of
806 5070 100 34 Irish-

150 5115 113 42 Creek,
296 5118 63 32 and
391 5117 75 34 dam
499 5120 59 33 site
588 5120 34 35 in
654 5122 92 44 Lyell
787 5126 119 36 Creek:

152 5175 147 40 granted.
344 5177 38 32 A.
409 5176 141 36 Duthett
572 5181 65 32 and
664 5182 44 33 H.
737 5183 171 43 Shaw,—3

153 5230 132 36 months
301 5235 179 40 protection
497 5235 94 35 creek
607 5237 108 35 claim.
749 5240 156 38 Granted.

153 5287 49 33 W.
223 5289 33 31 P.
277 5291 106 31 Smith
397 5292 63 31 and
475 5292 40 32 N.
533 5294 374 46 Cacace,—application

153 5346 48 31 tor
217 5343 73 44 gold
308 5345 127 45 mining
452 5347 82 35 lease
552 5349 36 34 of
597 5351 58 36 KH
671 5364 88 23 acres
769 5355 139 37 situated

155 5402 33 31 at
210 5400 115 44 Alpine
350 5402 123 44 Range,
503 5406 48 33 for
579 5407 210 37 Commotion
814 5413 69 34 Com-

153 5468 98 32 pany.
290 5460 152 41 Objected
458 5466 32 29 to
506 5463 44 42 by
565 5465 44 33 H.
622 5466 160 41 Cosgrove
794 5481 41 22 on
852 5472 56 33 the

155 5514 141 37 grounds
312 5515 71 35 that
399 5518 142 44 objector
557 5521 64 34 had
642 5524 129 43 applied
789 5526 49 34 for
853 5528 55 34 the

155 5577 124 31 greater
304 5574 128 42 portion
459 5577 36 32 of
513 5578 72 33 that
613 5579 152 36 included
791 5583 34 35 in
853 5587 55 33 the

157 5628 206 37 Commotion
400 5634 295 43 application,—on
733 5641 55 34 the
832 5644 74 35 10th

157 5684 101 44 April,
288 5689 88 40 1882,
404 5689 48 36 for
478 5691 55 36 the
566 5694 175 38 Stonewall
768 5700 140 37 Jackson

158 5745 6 25 <
186 5754 73 30 omp
273 5757 53 28 my
341 5757 7 27 ;
366 5748 70 32 that
453 5751 78 30 such
546 5754 197 40 application
755 5757 63 33 had
828 5759 79 33 been

155 5795 101 36 heard
271 5797 105 38 before
395 5801 51 36 Mr
470 5804 139 38 Warden
630 5809 118 42 Baker,
772 5813 73 35 who
861 5827 30 22 re-

157 5856 210 36 commended
384 5860 25 34 it
421 5860 48 34 for
482 5874 134 34 survey;
636 5867 70 35 that
723 5869 53 34 the
791 5883 117 34 survey

155 5910 64 34 had
245 5924 96 23 never
362 5921 55 38 yet
443 5917 79 35 been
551 5923 93 34 made
659 5935 7 29 ;
690 5928 128 33 neither
843 5929 65 35 had

153 5967 56 34 the
226 5969 192 44 application
438 5975 78 34 been
534 5979 113 45 finally
663 5983 87 35 dealt
765 5987 90 39 with,
868 6001 38 21 or

922 230 17 19 a
957 216 83 34 lease
1057 215 145 43 granted.
1249 214 52 34 Mr
1319 214 178 45 Moynihan
1516 217 159 43 appeared

922 274 48 32 for
998 274 54 32 the
1075 272 191 43 applicants,
1291 274 62 31 and
1378 274 68 32 said
1471 275 53 31 the
1551 275 124 42 ground

922 330 131 42 applied
1078 332 48 30 lor
1148 329 40 44 by
1214 330 48 32 his
1284 330 113 32 clients
1420 342 66 20 was
1510 338 53 26 not
1589 333 87 41 quite

923 386 152 34 identical
1102 387 77 32 with
1209 386 70 34 that
1306 386 136 34 claimed
1472 385 41 46 by
1544 388 54 32 the
1624 388 34 32 ob-

918 444 119 41 jector.
1083 443 38 31 In
1147 453 65 31 any
1235 453 82 28 case,
1336 443 158 34 however,
1519 455 75 20 over
1616 449 62 26 two

924 510 97 32 years
1037 498 64 33 had
1118 498 80 33 been
1215 499 133 32 allowed
1367 505 31 26 to
1417 500 85 42 lapse
1520 500 86 33 since
1625 501 52 32 the

925 554 174 35 Stonewall
1124 555 142 34 Jackson
1290 555 196 44 application
1512 556 62 33 had
1600 557 77 35 been

925 612 106 39 made,
1049 613 64 31 and
1131 613 80 38 that,
1228 613 40 31 he
1286 613 149 42 thought,
1452 615 174 33 amounted
1647 622 32 26 to

925 669 185 42 negligence
1119 669 160 34 sufficient
1289 676 31 26 to
1330 670 172 33 constitute
1512 670 143 36 abandon-

927 732 100 25 ment.
1068 726 47 31 YY.
1128 726 33 32 P.
1176 726 117 38 Smith,
1306 737 60 21 one
1380 726 35 33 of
1421 726 55 33 the
1484 728 194 43 applicants,

926 783 103 32 steted
1055 781 71 34 that
1148 783 33 32 in
1206 783 139 42 pegging
1372 784 53 32 the
1458 792 124 35 ground
1607 797 72 23 now

927 839 124 42 applied
1069 838 58 41 for,
1152 841 78 42 on'y
1247 851 60 21 one
1330 850 62 33 peg
1416 852 64 21 was
1496 851 74 22 seen
1586 851 6 30 ;
1617 844 62 31 and

927 896 53 33 the
1005 896 148 34 trenches
1185 898 158 42 appeared
1372 897 158 45 tilled-up.
1576 900 103 34 There

930 964 79 21 were
1026 964 41 21 no
1085 959 101 27 traces
1202 966 35 19 as
1253 960 32 27 to
1303 956 53 30 the
1370 966 77 30 pegs
1461 956 123 42 having
1600 958 78 32 been

927 1009 211 34 maintained.
1185 1009 62 34 His
1270 1017 96 38 party
1396 1011 63 32 had
1483 1024 18 20 a
1524 1023 78 22 man
1625 1025 36 21 en-

926 1066 102 40 gaged
1052 1066 146 41 working
1222 1078 41 22 on
1288 1067 54 32 the
1364 1068 95 32 lease.
1505 1069 97 32 From
1628 1070 53 34 the

927 1122 153 32 evidence
1096 1134 106 31 given,
1220 1135 34 21 as
1272 1128 32 28 to
1322 1124 53 32 the
1399 1124 128 43 locality
1546 1126 64 32 and
1628 1127 52 32 the

927 1177 197 36 boundaries
1148 1180 33 33 of
1202 1180 54 33 the
1282 1180 124 44 ground
1424 1182 32 32 in
1480 1183 161 44 question,
1657 1185 25 33 it

927 1236 161 41 appeared
1105 1237 71 32 that
1192 1237 54 32 the
1271 1241 208 30 Commotion
1505 1241 106 30 would
1628 1253 35 19 en-

927 1292 116 34 croach
1059 1304 77 33 very
1147 1294 225 44 considerably
1385 1306 41 22 on
1441 1295 53 35 the
1509 1298 171 34 Stonewall

927 1349 153 33 Jackson.
1141 1351 44 31 H.
1224 1350 171 43 Cosgrove,
1433 1352 54 32 the
1532 1354 150 42 objector,

927 1404 106 34 stated
1058 1406 47 32 his
1129 1406 138 38 original
1291 1408 195 43 application
1510 1409 64 34 had
1601 1411 80 33 been

928 1462 177 43 adjourned
1132 1464 48 34 for
1202 1475 127 34 survey,
1360 1466 106 34 which
1496 1467 63 34 had
1586 1480 98 24 never

927 1526 61 33 yet.
1006 1520 78 31 been
1109 1521 94 30 made
1219 1531 7 29 ;
1253 1523 64 30 had
1341 1521 77 33 been
1443 1525 182 42 frequently
1643 1538 40 19 on

929 1575 54 33 the
1014 1577 137 40 ground,
1183 1578 63 32 and
1278 1580 203 33 maintained
1512 1582 54 32 the
1595 1594 87 31 pegs.

929 1632 103 33 There
1063 1644 82 22 were
1176 1634 53 33 old
1259 1645 79 33 pegs
1375 1637 34 32 in
1440 1637 120 34 almost
1589 1650 95 33 every

928 1688 156 33 direction
1109 1690 98 33 about
1230 1692 54 32 the
1308 1692 131 45 locality
1465 1695 34 31 in
1524 1696 158 42 question.

931 1747 66 32 The
1018 1747 30 32 \\
1059 1747 99 34 arden
1176 1749 69 32 said
1263 1750 70 33 that
1350 1763 17 20 a
1383 1763 78 30 very
1484 1752 75 41 long
1575 1755 109 40 period

932 1801 64 35 had
1027 1803 130 44 elapsed
1188 1806 88 32 since
1313 1806 55 34 the
1399 1807 135 46 hearing
1563 1811 35 32 of
1632 1811 52 34 the

929 1860 172 42 objector's
1120 1863 219 42 application;
1364 1866 61 31 and
1444 1867 25 31 it
1491 1879 66 20 was
1581 1880 80 22 some-

931 1920 89 31 what
1036 1918 215 41 remarkable,
1268 1919 26 33 if
1307 1920 40 33 he
1370 1921 112 44 placed
1503 1934 64 32 any
1591 1925 93 36 value

918 1972 1 52 i
931 1986 40 20 on
988 1975 37 38 it,
1044 1975 73 33 that
1132 1987 41 19 no
1199 1984 86 35 step*
1302 1984 31 26 to
1352 1979 113 31 hasten
1492 1982 53 30 the
1569 1993 115 31 survey

918 2031 1 52 I
930 2031 63 32 had
1035 2031 77 33 been
1153 2033 92 32 made
1278 2032 41 45 by
1350 2034 79 33 him.
1479 2036 50 33 He
1562 2050 64 21 was
1656 2041 30 31 of

918 2087 1 49 ;
931 2087 131 43 opinion
1087 2088 72 34 that
1186 2091 162 42 Cosgrove
1373 2090 66 35 had
1472 2093 135 43 delayed
1634 2102 52 27 too

932 2145 86 45 long,
1043 2146 64 33 and
1130 2147 71 33 that
1223 2148 136 43 priority
1383 2149 33 34 of
1437 2151 139 44 peggiug
1592 2153 94 34 could

930 2202 117 44 hardly
1070 2203 37 33 be
1124 2204 164 34 advanced
1312 2217 36 21 as
1364 2219 18 20 a
1398 2208 97 32 claim
1520 2213 32 28 to
1576 2222 16 19 a
1616 2211 69 32 title

931 2259 34 34 in
991 2260 56 33 the
1077 2267 132 39 present
1231 2274 83 23 case.
1359 2264 69 34 The
1452 2266 101 34 Court
1579 2267 107 34 would

932 2317 73 34 take
1023 2318 77 33 time
1117 2323 32 28 to
1169 2320 148 33 consider
1329 2320 54 33 the
1407 2327 129 33 matter,
1552 2323 76 41 and,
1653 2325 31 33 in

931 2374 54 34 the
1001 2377 187 37 meantime,
1212 2377 55 33 the
1292 2389 116 32 survey
1432 2379 106 33 would
1562 2379 37 34 be
1616 2392 52 32 pro-

932 2431 116 33 ceeded
1065 2433 90 31 with.

1107 2509 65 22 thk
1347 2512 29 23 is
1407 2512 66 23 the

933 2545 212 34 CLAKKK'S
1177 2547 335 36 WORLD-FAMED
1538 2552 149 34 BLOOD

934 2590 208 33 MIXTi'KF
1171 2607 19 16 ;.-
1218 2595 182 32 warranted
1428 2603 32 24 to
1484 2597 126 33 cleanse
1634 2599 54 32 the

933 2635 91 36 blufii
1044 2637 80 35 from
1151 2639 41 33 ali
1219 2641 180 42 impurities
1419 2643 81 33 from
1526 2644 163 35 whatever

932 2695 93 21 cause
1039 2687 25 44 :■;
1077 2687 90 35 is.ng.
1218 2687 58 31 For
1288 2689 155 35 Scrofula,
1458 2691 134 40 Scurvy.
1608 2691 76 32 Skin

932 2742 60 21 an-;
1009 2731 98 33 Blood
1128 2736 5 27 i
1145 2740 5 19 ;
1157 2731 4 46 ;
1185 2745 97 23 ease-,
1296 2733 63 34 and
1374 2736 94 32 Sores
1481 2737 36 33 of
1525 2737 42 33 all
1581 2737 106 40 kinds,

933 2782 38 28 its
988 2779 107 31 feilc-cts
1113 2790 51 20 are
1186 2780 206 32 marvellous.
1439 2783 192 32 Thousands
1655 2784 35 33 of

933 2826 224 30 testimonials,
1208 2826 49 31 Sol
1277 2826 3 39 I
1308 2827 28 30 in
1359 2827 125 38 bottles,
1503 2834 33 26 2s
1561 2832 38 29 (id
1625 2831 63 31 and

938 2871 49 30 IB*
1005 2883 22 15 f,;
1046 2871 35 30 i-h
1101 2876 32 29 i\
1154 2871 161 33 Chemists
1325 2872 65 33 and
1400 2873 119 34 Patent
1531 2876 157 34 Medicine

938 2920 10 22 •,
962 2923 117 24 emiovs
1101 2917 216 42 everywhere.
1373 2921 73 31 Sole
1479 2921 208 42 Proprietors,

931 2962 16 30 'i
961 2971 41 22 in-;
1056 2973 127 21 .iNeo'.N
1218 2973 63 22 and
1323 2965 158 33 Midland
1521 2969 167 33 Counties

936 3015 5 23 l
954 3013 74 27 hiva
1075 3020 40 23 0.,
1141 3010 130 32 Lincian
1296 3011 146 39 Imgiund

1027 3116 177 50 THE
1263 3116 326 50 MINES.

1141 3225 61 21 on:-;
1247 3216 23 32 \f
1404 3220 192 35 ri;-:poj.r!'i:u.
1607 3216 4 39 l

1244 3314 5 26 !
1270 3312 26 37 i::
1306 3312 70 37 i>av.
1400 3312 182 36 November
1599 3317 47 32 13.

977 3363 62 31 LN«
1039 3363 2 45 r
1046 3373 64 22 TM>
1179 3375 106 21 i.p;:-;;:.
1301 3386 16 3 -
1342 3368 58 31 The
1436 3370 62 31 last-
1536 3372 153 36 crushing

933 3421 82 31 from
1036 3425 39 28 -ili
1096 3422 33 32 (if.
1150 3422 54 34 ilie»
1228 3434 105 33 slopes
1358 3426 100 34 nbove
1483 3428 58 32 No.
1561 3431 17 31 6
1598 3429 90 41 level,

934 3479 142 49 conjoin-.
1089 3495 29 15 !•.
1136 3491 80 31 gave
1234 3493 13 19 n
1268 3479 35 49 s}»
1308 3479 108 49 ieiiciid
1438 3488 252 40 average,—o4o

936 3542 71 24 tons
1036 3536 178 41 produc.ng
1239 3540 116 30 67iozr,
1380 3542 34 29 of
1436 3544 139 30 retorleil
1604 3545 84 38 gold.

934 3590 26 34 0
992 3591 74 40 this,
1084 3603 76 31 very
1177 3592 81 35 little
1276 3596 34 31 of
1325 3596 53 33 tlie
1395 3604 91 27 stone
1510 3610 65 23 was
1592 3600 97 35 taken

934 3647 81 32 from
1034 3648 54 31 the
1106 3659 71 21 new
1197 3662 38 18 m;
1252 3651 38 32 ke
1305 3664 30 19 in
1367 3654 38 32 he
1420 3656 95 32 north
1528 3658 62 31 end
1603 3668 6 29 ;
1627 3660 62 31 and

934 3704 108 32 which
1058 3704 27 32 is
1101 3704 119 34 known
1233 3714 32 26 to
1282 3709 26 30 b,
1335 3711 35 31 of
1383 3714 157 31 excellent
1554 3716 135 42 quality.

935 3761 110 33 Inside
1063 3761 54 33 the
1134 3773 32 22 in
1185 3775 49 28 ne,
1253 3765 99 33 about
1370 3767 54 32 the
1442 3768 91 33 usual
1552 3771 137 34 number

935 3819 36 33 of
988 3829 50 24 sto
1042 3832 54 32 pes
1123 3834 53 21 are
1192 3824 118 41 going;
1336 3832 90 26 stone
1450 3828 26 31 is
1500 3827 96 44 being
1620 3838 71 26 sent

934 3880 34 29 to
981 3888 90 28 grass
1084 3879 94 42 freel}
1178 3891 7 8 T
1189 3905 6 12 ,
1214 3892 17 20 a
1247 3881 181 34 noticeable
1445 3885 123 34 feature
1584 3886 106 43 being,

936 3932 54 33 the
1006 3933 144 34 easiness
1173 3935 79 34 with
1269 3937 106 34 which
1395 3938 25 34 it
1437 3951 60 22 can
1515 3941 37 34 be
1570 3942 120 36 broken

936 3996 66 28 out.
1049 3991 102 34 There
1168 3993 26 32 is
1211 4006 18 20 a
1244 3995 212 45 particularly
1478 3999 63 34 fine
1558 4001 85 45 body
1660 4006 31 32 of

936 4053 116 36 quartz
1069 4048 34 33 in
1119 4050 55 32 the
1192 4056 90 37 stope
1294 4053 69 40 just
1380 4054 101 34 above
1494 4057 55 32 the
1564 4059 128 34 leading

936 4114 73 30 one,
1032 4105 98 43 going
1154 4107 107 40 south,
1287 4109 54 34 the
1368 4111 100 34 width
1492 4112 96 45 being
1610 4116 79 45 fully

936 4163 41 30 30
1005 4162 74 32 feet.
1125 4163 40 32 In
1197 4165 54 33 the
1282 4166 130 41 highest
1442 4175 99 37 stope,
1571 4173 33 32 in
1635 4175 56 32 the

936 4218 98 35 north
1057 4219 75 41 end,
1154 4234 20 21 a
1198 4221 102 36 better
1318 4236 201 33 appearance
1543 4229 27 34 is
1594 4231 95 44 being

938 4281 57 39 put
1011 4288 42 21 on
1068 4277 56 34 the
1140 4289 71 23 new
1228 4279 193 45 body,—the
1446 4288 90 31 stone
1561 4291 110 32 extend-

937 4335 56 40 ing
1007 4335 89 42 light
1111 4347 109 22 across
1238 4337 54 33 the
1309 4339 79 39 face,
1406 4341 106 33 which
1531 4344 26 32 is
1575 4347 38 31 25
1630 4347 63 34 feet

938 4390 92 41 wide,
1049 4392 64 34 and
1129 4393 78 35 with
1232 4407 42 21 no
1291 4408 77 32 very
1387 4396 85 45 large
1495 4403 151 43 quantity
1661 4406 34 32 of

938 4448 142 32 mullock
1109 4450 227 43 interspersed.
1391 4454 69 33 The
1491 4456 200 37 suddenness

939 4504 77 33 with
1033 4506 106 33 which
1155 4507 66 32 this
1234 4513 92 29 stone
1341 4510 58 34 has
1412 4512 159 42 widened,
1587 4519 105 32 would

940 4572 87 22 seem
1052 4567 32 28 to
1107 4563 141 35 indicate
1272 4565 73 35 that
1371 4567 25 33 it
1419 4568 108 42 might
1549 4573 144 45 possibly

940 4619 80 31 exist
1043 4620 126 34 further
1192 4624 139 32 towards
1350 4624 55 33 the
1428 4627 108 33 north.
1583 4631 90 35 Cross-

941 4680 127 38 cutting
1084 4678 184 41 operations
1286 4680 82 34 from
1386 4683 54 32 the
1459 4685 88 33 main
1560 4688 72 39 rise,
1645 4690 48 33 for

941 4730 53 33 the
1011 4732 96 33 north
1126 4732 104 42 block,
1248 4747 53 21 are
1321 4737 65 33 still
1401 4739 33 32 in
1451 4751 160 33 progress,
1629 4746 64 33 and

939 4788 195 35 indications
1147 4791 65 33 and
1225 4803 216 32 appearances
1452 4809 53 22 are
1521 4800 83 34 alike
1618 4814 75 34 very

940 4844 197 35 favourable.
1185 4848 18 31 \
1213 4860 54 28 ery
1284 4850 82 34 little
1382 4852 59 33 has
1457 4854 80 34 been
1561 4857 83 35 done
1662 4867 31 28 at

939 4901 27 34 it
980 4902 36 34 of
1027 4902 74 42 Ute,
1119 4906 108 43 owing
1242 4911 32 30 to
1291 4907 55 35 the
1362 4908 106 36 hands
1481 4911 95 47 being
1590 4928 81 25 some-

940 4960 107 33 where
1063 4962 74 31 else.

981 5016 214 35 Labnach—
1197 5020 114 36 Active
1321 5026 185 41 operations
1519 5028 82 37 have
1613 5032 80 37 been

941 5076 211 33 commenced
1182 5077 43 43 by
1248 5079 66 34 this
1344 5093 171 35 company,
1544 5089 63 33 and
1639 5092 54 34 the

941 5136 157 30 cross-cut
1113 5133 83 35 from
1220 5135 55 35 the
1295 5137 117 46 Alpine
1438 5142 60 35 No.
1515 5145 19 33 6
1552 5144 92 45 level,
1668 5150 26 35 is

941 5189 96 43 being
1051 5197 59 36 put
1125 5192 46 40 in,
1188 5194 33 32 in
1238 5195 85 34 their
1338 5208 72 23 own
1426 5203 137 38 ground,
1578 5206 40 31 20
1632 5207 61 35 feet

941 5246 82 35 from
1040 5247 54 34 the
1110 5247 118 45 Alpine
1245 5251 94 35 south
1359 5252 169 48 boundary
1541 5258 75 36 line.
1663 5265 31 33 It

941 5304 26 32 is
983 5304 97 42 being
1095 5309 206 31 constructed
1317 5321 35 21 so
1369 5311 71 32 that
1459 5314 54 33 the
1530 5316 80 33 floor
1631 5322 63 32 will

940 5360 39 34 be
996 5360 98 35 about
1109 5374 79 22 even
1205 5364 78 33 with
1300 5365 54 35 the
1370 5368 82 35 level
1476 5382 87 33 caps,
1580 5376 65 33 and
1660 5379 34 33 in

943 5418 71 33 that
1029 5430 83 32 way,
1129 5430 42 22 no
1187 5420 120 43 points,
1328 5426 205 41 turn-tables,
1551 5441 35 22 or
1602 5432 92 37 other

942 5476 195 33 hindrances
1153 5488 53 22 are
1218 5479 95 33 made
1324 5491 180 35 necessary.
1552 5488 66 32 The
1631 5490 62 34 line

942 5535 35 31 of
994 5533 70 33 reef
1075 5533 27 33 is
1124 5535 154 42 expected
1294 5540 33 30 to
1344 5537 38 34 be
1404 5542 137 34 reached
1566 5544 31 33 in
1621 5556 54 26 con-

942 5590 161 42 siderably
1124 5591 104 33 under
1251 5594 60 33 100
1326 5595 74 38 feet,
1423 5597 58 34 but
1504 5608 91 35 apart
1613 5603 81 35 from

942 5647 82 39 that,
1049 5647 25 34 it
1096 5648 28 33 is
1147 5648 42 35 all
1212 5649 99 45 likely
1334 5662 148 35 country,
1513 5658 63 33 and
1602 5660 93 36 other

943 5709 90 31 stone
1051 5717 76 32 may
1143 5704 38 36 be
1199 5712 53 28 cut
1268 5714 32 28 at
1317 5721 66 33 any
1399 5719 157 30 moment.

985 5763 302 34 Crcesus.—There
1317 5766 27 30 is
1374 5777 18 22 a
1422 5769 83 32 little
1536 5771 138 42 improve-

943 5822 90 31 ment
1049 5819 33 33 in
1101 5818 53 35 the
1179 5831 200 31 appearance
1395 5824 35 34 of
1448 5825 110 45 things
1583 5829 30 33 in
1634 5831 61 36 this

942 5878 98 38 mine,
1057 5876 58 35 but
1136 5877 55 34 the
1209 5876 162 36 tributer's
1389 5890 255 38 arrangements,
1661 5896 34 28 at

941 5940 141 40 present,
1099 5946 53 22 are
1169 5940 57 28 not
1242 5935 34 34 of
1291 5936 82 34 well
1392 5951 17 19 a
1426 5945 126 34 nature,
1578 5956 33 20 as
1628 5948 65 33 will

939 5992 118 43 permit
1075 5994 33 31 of
1122 5992 96 33 much
1240 5992 158 46 headway
1411 5996 95 43 being
1519 6000 104 39 made,
1636 6014 58 23 nor

1706 216 33 34 of
1769 214 68 35 that
1868 225 146 34 progress
2046 215 104 33 which
2180 214 104 45 might
2308 214 72 42 give
2407 214 53 34 the
2474 213 3 46 1

1706 273 87 31 mine
1807 284 16 20 a
1837 272 120 33 chance
1969 273 31 32 of
2007 272 193 43 developing
2208 273 127 32 herself.
2364 273 71 32 How-

1710 341 83 26 ever,
1818 329 90 32 there
1934 329 25 31 is
1976 342 17 20 a
2014 329 103 33 better
2140 336 146 37 prospect
2311 329 30 33 in
2368 329 92 39 view,

1708 385 62 35 and
1791 385 53 33 the
1861 385 94 33 claim
1976 397 75 31 may
2070 386 35 34 lie
2124 385 98 33 heard
2239 386 35 32 of
2287 385 107 43 again,
2409 397 51 21 ere
2476 385 1 43 ;

1708 444 85 36 loug.
1841 443 135 42 Stoping
1999 444 108 32 north,
2131 444 100 30 above
2258 443 58 31 No.
2343 445 17 29 2
2377 443 82 30 level

1708 506 31 25 at
1764 512 16 19 a
1799 498 91 43 point
1913 499 98 33 about
2037 500 57 32 100
2118 499 60 32 feet
2202 497 82 35 back
2308 498 80 33 from
2414 497 49 34 far

1709 554 62 34 end
1800 555 35 32 of
1858 555 92 33 level.
1999 555 83 43 Very
2110 555 178 42 promising
2312 554 94 31 make
2434 555 34 30 of

1709 618 102 33 stone,
1837 613 225 41 over-lapping
2085 611 51 33 old
2159 610 102 40 block,
2286 611 64 31 and
2374 611 91 41 lying

1710 671 32 33 in
1760 683 15 19 a
1795 670 125 44 regular
1931 667 185 42 formation,
2133 668 76 33 with
2223 666 127 35 smooth
2361 666 102 40 walls,

1712 738 15 21 a
1745 726 83 40 good
1847 726 96 32 width
1963 732 102 35 apart.

1755 784 146 32 Maruia.
1907 783 107 31 —The
2059 781 173 40 workings,
2280 780 86 35 here,
2412 790 53 21 are

1712 839 95 39 being
1833 844 53 35 got
1911 841 67 29 into
2004 836 110 44 shape,
2141 835 64 33 and
2236 835 87 33 there
2353 835 37 38 is,
2422 835 28 32 al-

1711 896 109 44 ready,
1845 908 17 20 a
1878 896 115 32 decent
2018 894 81 34 little
2123 894 104 43 parcel
2251 893 35 33 of
2306 892 98 34 about
2428 894 40 31 60

1712 962 71 25 tons
1807 954 34 31 of
1861 961 91 24 stone
1976 957 31 28 to
2038 964 100 29 grass.
2186 952 96 31 Some
2307 963 76 29 very
2407 950 61 32 fair

1712 1016 90 28 stone
1820 1009 58 33 has
1901 1009 80 33 been
1999 1013 52 37 got
2068 1008 155 42 recently,
2248 1007 83 33 close
2357 1011 31 28 to
2412 1006 54 33 the

1713 1075 53 35 top
1783 1068 35 33 of
1831 1068 54 32 the
1909 1069 102 30 winze
2028 1066 82 32 sunk
2134 1067 80 31 from
2238 1065 227 33 intermediate

1712 1125 92 32 level.
1851 1128 24 29 A
1903 1129 156 28 cross-cut
2082 1124 82 32 from
2184 1122 54 34 the
2258 1122 61 32 low
2336 1121 82 33 level
2440 1120 27 33 is

1713 1187 32 29 to
1768 1181 37 34 be
1831 1181 123 43 shortly
1972 1180 133 41 started,
2129 1180 78 33 wich
2232 1179 55 32 the
2311 1178 103 43 object
2437 1179 34 32 of

1712 1241 125 38 getting
1867 1241 54 31 the
1946 1240 89 31 main
2063 1239 127 37 leader;
2216 1238 63 31 and
2308 1238 64 32 this
2404 1236 65 32 will

1713 1298 71 42 give
1815 1309 18 21 a
1862 1296 46 34 lot
1932 1296 35 33 of
1991 1295 107 34 backs.
2144 1294 144 40 Outside,
2319 1304 130 34 arrange-

1716 1359 106 28 ments
1846 1366 52 20 are
1924 1354 94 40 being
2040 1354 94 31 made
2159 1352 48 33 for
2229 1356 125 36 getting
2377 1357 91 27 stone

1714 1411 93 32 down
1840 1416 32 27 to
1896 1410 55 33 the
1974 1422 72 21 new
2068 1410 89 32 road.
2209 1410 28 31 A
2261 1408 89 33 short
2376 1408 94 33 shoot

1715 1466 66 36 will
1797 1467 38 35 be
1852 1467 204 34 constructed
2072 1466 81 34 frem
2173 1466 54 34 the
2242 1465 113 35 mouth
2371 1465 34 34 of
2415 1465 53 33 the

1714 1525 112 31 lowest
1842 1524 94 37 level,
1954 1536 34 18 as
2004 1524 49 31 far
2068 1536 35 18 as
2120 1524 53 30 the
2188 1524 104 35 brace,
2307 1524 63 30 and
2387 1524 82 30 from

1715 1580 90 33 there
1837 1586 31 27 to
1898 1580 54 33 the
1983 1580 88 38 road,
2104 1578 53 35 the
2194 1583 113 40 quartz
2339 1579 63 34 will
2432 1580 38 33 be

1715 1639 137 32 lowered
1871 1638 41 42 by
1931 1649 113 21 means
2062 1637 35 33 of
2109 1648 17 22 a
2144 1637 261 33 double-incline.

1757 1695 69 33 Tyr
1843 1695 167 33 Coxxell.
2015 1694 109 34 —The
2136 1694 87 32 work
2235 1694 35 34 of
2279 1695 193 42 ventilating

1716 1752 53 33 the
1787 1753 88 32 mine
1892 1753 26 32 is
1936 1764 68 21 now
2022 1753 33 32 in
2073 1752 99 39 hand,
2197 1752 64 33 and
2277 1752 191 34 connection

1715 1809 143 33 between
1883 1810 61 31 No.
1969 1811 17 30 5
2004 1808 91 39 level,
2114 1808 63 33 and
2195 1809 54 32 the
2273 1820 61 21 one
2358 1808 112 40 above,

1715 1867 42 42 by
1788 1879 112 21 means
1927 1867 35 33 of
1983 1879 16 19 a
2032 1876 155 24 cross-cut
2214 1867 65 32 and
2307 1867 102 33 winze
2440 1867 27 32 is

1716 1923 95 43 being
1827 1923 94 33 made
1938 1923 81 40 good
2033 1923 40 43 by
2085 1924 120 42 repairs
2223 1923 62 33 and
2295 1923 173 41 renewing.

1717 1983 26 29 A
1761 1987 166 31 cross-cut,
1947 1987 88 33 west,
2053 1993 65 19 was
2136 1982 141 42 recently
2300 1986 58 37 put
2381 1981 33 32 in
2438 1986 34 27 at

1717 2050 16 20 a
1750 2038 92 42 point
1859 2039 40 30 40
1915 2037 61 34 feet
1993 2036 79 34 back
2091 2039 81 30 from
2187 2037 53 34 the
2254 2044 141 27 extreme
2411 2036 61 35 end

1705 2094 1 40 ;
1717 2094 35 32 of
1771 2094 61 33 No.
1861 2097 18 30 5
1902 2094 93 37 level,
2019 2094 65 34 and
2106 2100 33 28 at
2164 2095 37 32 12
2224 2095 74 39 feet,
2322 2094 109 33 struck
2454 2105 19 23 a

1717 2152 107 33 leader
1848 2151 107 34 which
1986 2151 59 33 has
2074 2151 81 34 been
2185 2152 87 33 risen
2301 2163 44 22 on
2369 2164 18 21 a
2413 2152 60 33 few

1717 2209 82 38 feet;
1821 2208 28 33 it
1880 2208 105 34 shows
2016 2220 18 21 a
2064 2209 82 32 little
2176 2209 75 42 gold
2274 2208 59 33 but
2361 2210 27 31 is
2417 2213 57 28 not

1719 2265 137 45 payable
1872 2278 35 22 as
1924 2271 66 39 yet.
2033 2265 149 35 Another
2202 2270 168 35 cross-cut,
2394 2270 80 35 east,

1718 2336 67 22 was
1802 2328 57 40 put
1882 2324 33 33 in
1935 2330 34 28 at
1985 2336 17 21 a
2026 2325 81 33 little
2124 2336 75 22 over
2221 2326 61 31 100
2303 2325 64 33 feet
2391 2325 84 31 from

1719 2382 55 33 the
1798 2384 67 31 face
1888 2382 36 32 of
1944 2382 65 33 this
2033 2382 92 39 level,
2146 2382 64 33 and
2227 2382 34 33 in
2284 2382 92 33 three
2399 2386 75 35 sets,

1705 2438 1 39 i
1719 2438 187 33 diseovered
1924 2439 53 32 the
1994 2440 225 31 continuation
2235 2439 36 32 of
2284 2438 54 33 the
2355 2438 119 39 leader,

1705 2476 1 16 i

1719 2494 145 43 recently
1892 2493 131 33 worked
2038 2504 6 29 ;
2070 2495 75 31 thus
2173 2495 138 42 proving
2340 2494 52 32 its'
2423 2506 34 20 ex-

1718 2552 122 32 istence
1876 2551 126 33 further
2039 2551 97 43 along
2169 2552 56 32 the
2262 2551 93 41 level,
2394 2551 78 33 than

1705 2606 1 40 ,
1719 2608 106 31 where
1842 2606 132 34 Mocked
1992 2612 43 34 to,
2049 2608 115 33 before.

1761 2668 112 31 Lyell
1891 2667 115 32 Creek
2030 2667 273 42 Extd.—Steady
2326 2679 148 31 progress

1720 2723 98 42 being
1835 2723 94 33 made
1945 2725 33 32 in
1996 2723 54 34 the
2068 2723 82 34 level
2168 2723 95 42 here;
2287 2723 65 34 and
2368 2724 106 44 layers

1722 2785 29 28 oi
1791 2787 138 37 country
1959 2781 34 32 of
2020 2781 148 32 different
2199 2782 187 38 formation,
2424 2793 53 22 are

1722 2840 94 36 being
1831 2840 139 37 crossed,
1988 2840 204 41 alternately.

1762 2895 136 33 United
1919 2895 182 33 Italy.—A.
2117 2901 146 28 contract
2283 2895 49 35 for
2347 2896 111 33 extend-

1721 2953 55 43 ing
1807 2954 54 32 the
1893 2953 120 33 branch
2044 2953 83 33 from
2167 2955 137 33 Potter's
2333 2954 95 38 level,
2456 2966 18 21 a

1720 3010 145 33 distance
1890 3010 35 32 of
1945 3012 39 31 50
2000 3010 72 40 feet,
2097 3011 107 37 north,
2231 3012 57 32 has
2305 3012 71 42 just
2397 3010 79 34 been

1722 3068 54 31 let.
1823 3067 104 32 There
1950 3067 27 32 is
1993 3073 112 37 quartz
2128 3067 33 34 in
2180 3068 54 33 the
2256 3068 81 40 face,
2354 3068 65 33 and
2435 3069 43 32 all

1724 3124 54 32 the
1809 3124 195 32 indications
2040 3135 54 21 are
2124 3135 78 31 very
2236 3125 164 32 favorable
2430 3126 48 32 for

1722 3191 87 22 more
1841 3189 102 23 stone.
2008 3181 167 37 Air-blast,
2208 3185 172 36 tramway,
2411 3180 65 33 and

1721 3236 169 33 head-race
1906 3236 97 44 being
2021 3236 156 43 repaired,
2192 3238 63 31 and
2267 3237 42 32 all
2320 3237 152 41 damages

1720 3294 94 33 made
1830 3293 92 42 good.

1742 3399 237 36 CHAMPION
2000 3401 269 36 WRESTLING
2287 3402 168 36 MATCH.

1785 3494 133 35 Miller
1934 3504 65 24 and
2016 3493 197 44 Whistler,
2230 3505 63 25 for
2310 3496 97 35 £2OO.

1923 3552 203 40 (Melbourne
2148 3553 129 41 Argus.)

1764 3610 49 33 On
1828 3608 190 44 September
2030 3610 50 39 26,
2093 3613 34 30 at
2136 3608 55 35 the
2205 3610 139 34 Theatre
2362 3610 116 43 Royal,

1723 3665 154 33 Clarence
1910 3665 165 39 Whistler,
2106 3665 36 34 of
2175 3666 140 40 Kansas,
2354 3666 124 33 United

1725 3723 117 36 States,
1860 3723 150 31 wrestled
2026 3723 145 32 William
2190 3723 119 39 Miller,
2326 3723 54 33 the
2396 3725 60 31 Aus-

1722 3779 119 33 tralian
1863 3779 187 43 champion,
2077 3779 34 33 in
2142 3779 55 34 the
2221 3780 258 33 Grasco-Roman

1724 3838 93 41 style,
1834 3836 49 34 for
1900 3838 96 39 .£2OO,
2013 3838 35 32 in
2064 3837 55 34 the
2140 3849 152 32 presence
2307 3838 37 34 of
2357 3850 19 21 a
2390 3838 89 43 large

1724 3893 166 33 audience.
1935 3893 69 33 The
2014 3905 75 21 men
2102 3893 64 33 had
2175 3906 99 21 never
2283 3900 68 27 met
2359 3894 118 39 before,

1724 3951 158 43 although
1900 3951 109 33 Miller
2024 3951 116 34 visited
2156 3951 150 34 America
2323 3951 64 34 and
2401 3963 74 23 won

1723 4009 55 34 the
1807 4008 261 34 Graeco-Roman
2098 4008 265 45 championship,
2389 4008 90 35 since

1723 4066 106 33 which
1846 4067 80 31 time
1943 4066 155 33 Whistler
2113 4066 60 33 has
2196 4078 70 21 won
2282 4066 51 33 his
2349 4070 110 39 reputa-

1723 4123 69 33 tion
1815 4133 35 23 as
1872 4133 61 23 one
1958 4121 35 35 of
2012 4121 55 35 the
2089 4121 71 35 best
2182 4121 160 35 wrestlers
2364 4121 36 35 of
2423 4122 57 35 the

1724 4180 73 42 day.
1842 4180 28 32 A
1886 4182 92 39 great
1994 4179 72 33 deal
2082 4180 35 33 of
2129 4180 136 34 interest
2281 4180 150 34 attached
2446 4183 34 30 to

1724 4239 54 34 the
1808 4238 121 39 match,
1961 4250 34 22 as
2025 4237 78 36 both
2134 4250 77 22 men
2248 4236 137 36 claimed
2423 4236 56 36 the

1726 4295 257 34 Graeco-Roman
2013 4295 262 44 championship,
2305 4295 66 34 and
2397 4305 82 24 were

1724 4353 135 33 anxious
1869 4356 32 30 to
1912 4356 53 39 try
1973 4352 217 34 conclusions.
2214 4353 69 33 The
2296 4353 184 33 conditions

1724 4423 83 21 were
1832 4415 63 28 two
1923 4410 72 33 falls
2023 4414 57 30 out
2102 4410 38 34 of
2159 4410 90 34 three
2272 4415 33 30 to
2333 4410 65 34 win
2424 4410 56 35 the

1723 4466 123 38 match,
1865 4465 105 32 which
1987 4476 66 23 was
2070 4469 32 30 to
2118 4466 83 33 have
2218 4466 212 33 commenced
2447 4469 32 30 at

1724 4523 89 33 three
1837 4523 133 37 o'clock,
1987 4523 58 32 but
2067 4523 26 32 it
2109 4534 66 21 was
2199 4534 89 22 more
2305 4523 82 33 than
2409 4523 72 33 half

1724 4591 41 23 an
1797 4579 82 34 hour
1910 4579 81 34 later
2022 4578 106 35 before
2165 4579 55 35 the
2259 4579 111 35 choice
2400 4579 36 35 of
2463 4592 18 22 a

1724 4638 121 33 referee
1868 4649 66 21 was
1957 4637 132 33 decided
2106 4637 43 43 by
2171 4638 55 33 the
2248 4638 166 40 selection,
2438 4638 43 43 by

1724 4695 127 32 mutual
1867 4699 146 34 consent,
2030 4694 36 31 of
2078 4694 137 42 Captain
2234 4695 130 33 Cowen.
2410 4696 69 32 The

1724 4751 70 33 first
1818 4750 79 34 bout
1923 4761 67 22 was
2021 4749 143 44 severely
2195 4751 176 33 contested.
2418 4753 63 33 For

1724 4808 112 44 nearly
1852 4820 42 22 an
1917 4808 83 33 hour
2015 4807 25 35 it
2055 4819 67 22 was
2144 4810 175 32 continued
2335 4810 126 34 uninter-

1725 4866 150 42 ruptedly
1891 4865 138 32 without
2044 4876 18 21 a
2079 4865 139 33 decisive
2234 4865 67 40 fall,
2324 4866 158 35 Whistler

1726 4922 203 43 astonishing
1955 4922 55 33 the
2034 4925 178 40 spectators
2235 4922 42 45 by
2300 4923 51 34 his
2378 4929 85 29 extra-

1726 4979 152 40 ordinary
1907 4978 115 42 agility
2048 4979 65 31 and
2140 4979 85 40 skill,
2253 4981 96 33 while
2373 4982 109 33 Miller

1724 5047 67 23 was
1806 5033 128 44 relying
1957 5045 86 33 upon
2061 5035 50 33 his
2128 5040 126 37 greater
2273 5037 122 45 weight
2416 5040 65 33 and

1724 5091 158 43 strength,
1893 5091 138 34 without
2042 5092 99 42 doing
2153 5094 98 32 much
2265 5096 103 31 active
2381 5095 98 34 work.

1726 5149 41 34 At
1783 5147 112 45 length
1912 5146 55 35 the
1983 5148 119 35 referee
2126 5150 157 45 appealed
2300 5151 48 35 for
2371 5151 110 37 fifteen

1726 5209 143 31 minutes
1884 5210 65 28 rest
1964 5207 50 32 for
2026 5208 55 33 the
2096 5210 220 42 competitors,
2330 5212 64 33 and
2403 5212 78 42 they

1725 5263 128 35 retired.
1898 5262 86 34 Soon
2008 5263 82 34 after
2112 5264 86 35 their
2221 5272 112 29 return
2361 5273 32 29 to
2425 5269 56 34 the

1723 5325 103 36 stage,
1837 5318 157 34 Whistler
2006 5322 175 32 succeeded
2195 5324 34 32 in
2242 5324 127 41 scoring
2382 5336 17 21 a
2413 5326 66 32 fall.

1726 5377 146 34 Another
1903 5375 139 35 interval
2073 5377 36 34 of
2135 5390 17 22 a
2180 5385 134 38 quarter
2338 5381 38 36 of
2398 5382 83 35 hour

1724 5447 66 21 was
1821 5433 109 38 taken,
1958 5433 65 33 and
2050 5435 55 33 the
2136 5440 203 42 resumption
2366 5440 36 34 of
2427 5442 54 33 the

1726 5496 125 29 contest
1874 5490 188 34 afterwards
2081 5503 66 21 was
2163 5496 146 43 speedily
2331 5498 149 34 followed

1725 5548 43 43 by
1792 5548 41 33 its
1865 5546 222 34 termination.
2132 5548 157 37 Whistler
2313 5564 81 23 soon
2417 5554 65 35 had

1726 5605 50 32 his
1799 5614 88 23 more
1917 5603 140 43 weighty
2084 5612 165 36 opponent
2276 5611 108 42 partly
2411 5623 54 32 pro-

1726 5666 109 34 strate,
1860 5659 64 34 and
1948 5664 32 29 to
2004 5661 156 42 complete
2189 5664 53 33 the
2266 5666 54 33 fall
2346 5667 64 34 had
2436 5681 30 22 re-

1726 5729 111 25 course
1854 5722 32 30 to
1904 5717 53 34 the
1973 5718 171 44 expedient
2161 5721 35 34 of
2208 5723 144 46 twisting
2373 5738 61 22 one
2452 5728 33 34 of

1729 5776 132 30 Miller's
1889 5785 87 20 arms
2006 5775 33 31 in
2070 5777 79 32 such
2171 5790 19 20 a
2221 5790 138 23 manner
2385 5795 35 20 as
2451 5791 31 25 to

1727 5830 89 45 place
1835 5830 68 34 him
1920 5833 33 30 at
1969 5830 49 33 his
2037 5843 122 32 mercy,
2176 5836 63 32 and
2258 5843 31 27 to
2305 5837 89 35 leave
2413 5840 68 33 him

1727 5889 76 42 only
1834 5888 54 32 the
1920 5892 63 29 two
2011 5889 208 37 alternatives
2250 5894 36 34 of
2314 5898 170 43 accepting

1728 5948 105 31 defeat
1848 5957 35 21 or
1906 5946 193 44 submitting
2115 5953 32 28 to
2164 5962 19 21 a
2206 5951 122 35 violent
2343 5953 139 34 fracture

1728 6004 34 32 of
1776 6003 49 32 his
1843 6014 79 20 arm-
1970 6002 117 40 Miller,
2100 6005 102 33 under
2215 6008 54 34 the
2279 6012 202 39 compulsion

2494 212 34 32 of
2555 210 185 40 something
2770 210 74 32 akin
2878 217 30 24 to
2942 216 132 27 torture,
3100 207 145 33 declared

2496 267 152 33 Whistler
2675 267 51 33 the
2752 268 122 30 winner
2897 267 34 30 of
2959 266 50 31 (lie
3038 264 116 34 second
3180 262 68 39 fall,

2495 323 62 33 and
2581 328 30 28 ot
2637 323 54 34 the
2716 322 121 38 match,
2863 320 103 33 which
2990 332 65 21 was
3081 327 29 25 to
3136 320 37 33 he
3197 319 33 34 de-

2496 381 88 33 cided
2604 381 40 42 by
2663 386 61 25 two
2739 383 52 27 out
2808 377 34 32 of
2852 377 88 31 three
2957 378 79 30 rails.
3085 377 163 35 Whistler,

2496 444 89 34 ap'-ut
2616 437 80 31 from
2724 436 94 36 being
2844 446 16 19 a
2887 433 251 41 phenomenally
3170 435 81 39 agile

2497 492 63 33 and
2578 491 106 33 skilful
2712 488 153 36 wrestler,
2882 498 138 34 appears
3035 493 33 27 to
3093 487 36 34 be
3154 488 79 43 parti-

2497 550 110 39 cular}'
2640 555 110 34 expert
2781 546 61 31 and
2881 544 200 33 determined
3121 546 66 29 also
3219 546 31 31 in

2498 605 130 43 placing
2646 605 53 31 the
2717 601 95 35 limbs
2829 603 34 31 of
2876 601 49 33 his
2942 605 164 40 opponent
3124 602 30 32 in
3172 601 81 43 peril

2498 673 35 21 as
2550 672 17 23 a
2586 662 61 33 last
2664 665 109 29 resort.
2824 659 25 34 It
2867 659 24 33 is
2910 659 204 44 noteworthy
3129 658 72 34 that
3217 659 32 32 in

2500 722 49 28 his
2581 720 70 31 first
2682 723 122 26 contest
2839 719 31 30 in
2909 718 187 31 Melbourne
3129 718 128 40 against

2500 775 87 34 John
2613 774 153 40 Thomas,
2791 774 53 33 the
2871 774 95 33 Litter
2991 785 79 29 gave
3098 784 71 33 way
3196 774 61 34 lest;

2501 833 49 32 his
2569 843 70 21 arm
2656 831 116 32 should
2791 831 36 31 be
2847 830 117 34 broken
2986 841 6 22 ;
3016 831 31 32 in
3068 831 52 32 the
3138 833 118 31 second

2501 890 121 38 match,
2649 889 130 33 Donald
2810 888 119 34 Dinnie
2958 889 116 32 retired
3101 889 155 41 disabled,

2501 948 75 37 and,
2607 947 35 34 in
2672 948 55 32 the
2752 947 96 36 third,
2882 946 115 40 Miller,
3025 959 34 20 as
3087 948 59 32 has
3176 948 81 33 been

2501 1004 116 38 stated,
2642 1003 253 42 acknowledged
2920 1004 134 32 himself
3077 1003 115 33 beaten
3223 1009 33 28 to

2502 1075 74 21 save
2590 1063 54 33 the
2656 1063 191 32 dislocation
2863 1063 35 33 of
2912 1075 30 20 in
2955 1075 80 20 arm.
3074 1062 184 35 Whistler's

2501 1120 94 32 mode
2620 1120 34 32 of
2675 1119 172 43 wrestling,
2872 1119 151 34 however
3046 1118 157 42 affective,
3220 1122 38 36 is,

2501 1177 243 43 consequently,
2759 1183 33 27 at
2807 1177 105 37 times,
2928 1176 180 34 calculated
3120 1183 30 27 to
3161 1189 97 32 prove

2501 1236 159 41 repulsive
2677 1242 31 26 to
2726 1247 19 21 a
2761 1235 220 33 considerable
2999 1238 121 30 section
3138 1237 34 31 of
3192 1249 65 30 any

2502 1291 164 34 audience.
2720 1289 39 48 [A
2785 1292 189 33 Melbourne
3002 1292 196 44 cablegram,
3222 1292 34 34 in

2502 1362 17 21 a
2544 1355 109 27 recent
2668 1351 165 39 exchange
2850 1361 190 22 announces
3063 1351 54 32 the
3135 1351 124 32 sudd'-n

2502 1417 88 21 news
2628 1407 71 32 that
2731 1407 155 32 Whistler
2933 1407 72 32 died
3044 1418 40 21 on
3116 1407 54 33 the
3204 1408 55 34 6th

2502 1463 31 34 in
2539 1461 51 48 St.]

2666 1578 435 43 MISCELLANEOUS

2553 1685 137 37 Soudan
2716 1685 210 51 journalists
2962 1701 58 23 are
3046 1690 158 47 erecting
3240 1705 18 22 a

2507 1739 173 37 memorial
2705 1750 33 26 to
2768 1743 87 33 their
2876 1740 195 44 colleagues
3101 1743 74 36 who
3196 1745 57 38 fell

2507 1805 30 21 ui
2561 1792 57 33 the
2634 1793 150 34 Soudan.
2840 1792 50 36 Of
2904 1793 57 34 the
2979 1797 207 45 {wentyssix
3200 1811 39 24 en-

2505 1844 106 48 gaged
2632 1856 42 23 on
2699 1847 57 34 'he
2777 1842 88 46 field,
2884 1856 52 25 S'X
2958 1844 6 37 I
2979 1851 45 31 >st
3046 1847 91 37 their
3158 1848 64 41 iive
3229 1866 10 13 j

2506 1908 54 23 me
2579 1896 106 45 uriing
2714 1902 66 29 two
2816 1896 183 48 Irishmen,

2505 1950 64 35 and
2593 1946 121 39 Power

2552 2000 111 35 Tueiv
2691 2002 26 33 is
2738 2014 42 23 no
2805 2002 143 48 Sunday
2970 2004 31 34 in
3031 2004 87 38 Peru
3184 2007 69 40 The

2506 2053 103 45 shops
2639 2066 56 23 are
2723 2068 87 31 open
2841 2067 40 24 on
2905 2064 72 27 tnat
3006 2059 63 46 day
3090 2073 36 21 as
3147 2063 110 43 usuai,

2507 2105 64 35 arid
2591 2104 34 36 in
2647 2104 55 36 the
2726 2109 183 34 afternoon
2933 2104 206 53 bull-fights,
3158 2113 78 35 cock-

2508 2158 114 44 fights,
2648 2159 64 34 and
2742 2159 132 36 similar
2912 2161 115 45 public
3057 2166 180 38 entertain-

2508 2215 113 29 ments
2648 2223 58 23 ate
2735 2211 87 35 held.
2874 2211 72 36 The
2975 2226 131 26 women
3133 2215 126 42 always

2508 2275 18 27 H
2537 2275 12 23 j
2578 2266 35 31 to
2639 2262 130 39 church
2791 2276 32 24 m
2846 2264 57 37 the
2932 2265 170 51 morning,
3128 2272 65 35 and
3215 2273 42 36 do

2510 2327 44 33 up
2575 2315 56 36 the
2659 2317 145 46 religi.m
2827 2319 50 33 for
2904 2320 59 33 the
2989 2329 113 28 entire
3131 2325 129 45 family,

2508 2381 36 21 as
2564 2380 80 37 very
2665 2372 60 34 few
2757 2382 75 24 men
2860 2381 58 25 aie
2937 2384 80 23 ever
3044 2385 81 26 seen
3145 2374 33 39 in
3199 2376 60 37 tha

2509 2420 177 36 ehutches.

2557 2474 159 34 Another
2736 2474 116 36 victim
2875 2477 35 32 to
2930 2474 55 36 the
3013 2478 247 40 seducements

2509 2525 31 33 of
2564 2524 59 37 the
2651 2524 150 38 Monaco
2827 2527 179 49 gambling
3027 2529 113 40 tables
3159 2533 28 36 is
3208 2547 35 24 re-

2512 2578 120 40 ported
2662 2579 86 34 from
2778 2580 98 40 Nice,
2909 2579 125 37 Prince
3061 2585 202 37 xi'exander

2511 2627 175 46 tiagatine
2708 2629 124 50 having
2852 2634 194 46 attempted
3065 2644 35 29 to
3118 2637 145 38 corrmit

2511 2683 130 35 suicide
2663 2685 40 46 by
2728 2684 164 45 shooting
2914 2685 134 37 himself
3066 2689 32 36 in
3118 2704 19 22 a
3157 2691 103 37 hotel.

2515 2733 52 36 He
2591 2748 73 24 row
2686 2739 60 33 hes
2767 2736 32 37 in
2817 2750 16 22 a
2852 2736 200 47 precarious
3066 2741 191 41 condition.

2517 2787 76 34 This
2614 2789 26 35 is
2657 2789 112 36 stated
2788 2797 33 28 to
2840 2790 39 34 be
2900 2790 54 35 the
2966 2792 83 36 29th
3067 2796 143 45 suicide,
3224 2809 39 25 or

2511 2842 193 46 attempted
2748 2842 143 44 suicide,
2935 2844 87 35 from
3067 2849 58 34 the
3169 2861 93 24 same

2511 2904 113 34 cause,
2669 2893 93 36 since
2798 2894 55 35 the
2893 2895 188 52 beginning
3122 2900 39 36 of*
3200 2900 60 38 the

2514 2957 89 23 vear.

2559 2995 71 39 The
2662 2998 122 39 Prince
2810 3003 31 32 oi
2873 2999 120 39 Wales
3020 3003 27 38 is
3081 3006 111 38 stated
3224 3014 35 32 to

2514 3051 85 38 have
2627 3053 85 35 been
2740 3063 65 26 one
2832 3053 34 35 of
2893 3052 60 37 the
2982 3064 89 29 most
3097 3061 165 47 frequent

2513 3102 137 37 visitors
2671 3112 34 27 to
2734 3105 59 35 the
2820 3103 207 40 Inventions
3056 3110 203 39 Exhibition

2511 3155 33 34 in
2577 3154 159 44 Loudon,
2767 3156 67 33 and
2862 3162 34 26 to
2925 3157 85 37 have
3036 3164 163 40 explored
3233 3171 27 28 it

2514 3218 93 22 more
2621 3205 209 46 thoroughly
2849 3205 82 36 than
2944 3219 136 37 anyone
3095 3212 81 36 else.
3206 3213 56 38 He

2513 3256 95 36 often
2629 3256 178 47 inspected
2836 3257 27 34 it
2883 3257 35 36 in
2947 3259 58 36 the
3024 3263 94 47 early
3140 3276 99 24 morn-

2514 3321 70 36 ing,
2611 3309 65 36 and
2697 3316 36 30 at
2754 3309 101 47 night
2876 3312 53 34 for
2954 3324 42 24 an
3015 3312 88 40 hour
3129 3328 39 24 or
3193 3321 70 34 two

2512 3366 91 31 after
2638 3363 58 34 the
2730 3363 138 45 general
2916 3366 116 43 public
3075 3368 65 35 had
3174 3383 90 30 gone

2512 3427 106 33 away.

2566 3468 208 36 Bismarck's
2793 3482 122 24 nerves
2935 3473 65 35 feel
3018 3474 57 36 the
3092 3488 91 25 wear
3196 3479 68 36 and

2514 3525 75 32 tear
2614 3523 32 33 ot
2676 3519 52 38 his
2756 3521 243 41 multifareous
3019 3527 124 38 duties.
3197 3530 44 39 Re-

2514 3573 115 47 cently
2646 3585 19 23 a
2679 3573 197 46 delegation
2893 3576 38 35 of
2947 3577 144 38 Lubeck
3107 3581 157 45 citizens,

2513 3625 33 35 in
2552 3638 26 23 v:
2588 3626 55 34 ted
2675 3626 43 47 by
2746 3625 66 36 him
2843 3635 36 28 to
2905 3641 20 22 a
2951 3632 219 45 conference,
3196 3635 67 36 and

2513 3677 220 47 subsequent
2759 3677 136 44 dinner,
2923 3693 89 24 were
3039 3684 155 38 received
3220 3687 44 47 by

2519 3728 157 36 Princess
2709 3728 165 47 Bismark,
2909 3733 84 43 who,
3023 3737 92 34 after
3149 3738 115 47 vainly

2516 3780 139 45 waiting
2688 3791 42 25 an
2765 3785 115 35 entire
2917 3783 86 39 hour
3032 3786 53 37 for
3116 3788 58 38 the
3204 3802 39 36 ap-

2514 3845 169 35 pearance
2704 3832 34 37 of
2758 3831 61 39 her
2839 3835 87 49 liege
2946 3838 86 46 lord,
3049 3841 145 38 entered
3212 3841 52 39 his

2514 3885 103 46 study
2645 3898 44 23 on
2718 3884 137 47 lip-toe,
2880 3889 67 36 and
2968 3892 106 36 found
3099 3894 68 36 him
3193 3893 69 37 fast

2512 3936 115 46 asleep
2646 3942 34 30 at
2700 3935 20 37 h
2726 3936 6 25 ;
2738 3949 14 22 s
2773 3938 239 47 writing-desk

2559 3987 122 39 Mdtne
2726 3987 110 41 Sarah
2881 3992 197 41 Bernhardt
3123 3997 28 37 is
3186 4010 77 26 now

2514 4039 183 48 forty-five
2723 4056 101 34 years
2850 4046 68 46 old,
2944 4048 66 36 and
3038 4049 27 37 it
3083 4063 29 24 is
3130 4050 73 38 said
3222 4051 37 38 in

2515 4092 145 36 London
2690 4095 75 36 that
2793 4097 60 37 she
2871 4098 99 37 looks
2997 4100 61 38 her
3076 4114 73 36 age.
3203 4103 57 37 On

2514 4143 59 38 the
2606 4152 98 41 stage
2739 4147 60 39 her
2832 4150 74 38 face
2949 4154 27 35 is
3013 4156 246 46 unpleasantly

2513 4196 153 50 painted,
2696 4200 168 49 although
2899 4204 96 45 paint
3025 4207 66 35 and
3125 4208 139 43 powder

2515 4249 76 37 hide
2612 4251 57 38 the
2690 4254 163 37 wrinkles
2915 4256 71 38 Yet
3006 4259 68 37 this
3102 4262 137 38 remark-

2512 4300 77 38 able
2624 4311 130 31 actress
2788 4307 66 38 and
2884 4323 131 25 woman
3049 4313 61 37 has
3139 4314 73 36 still
3246 4329 18 23 a

2513 4362 121 39 strong
2655 4357 77 35 hold
2753 4371 45 24 on
2819 4363 147 46 popular
2986 4364 132 47 favour,
3138 4369 65 37 and
3231 4370 28 36 it

2513 4406 28 36 is
2565 4408 152 38 believed
2738 4411 76 39 that
2835 4416 58 36 her
2908 4416 187 40 American
3114 4434 150 34 engage,

2516 4465 94 28 merit
2629 4468 83 28 next
2731 4474 84 35 year
2831 4465 64 36 wili
2916 4468 40 36 be
2972 4469 187 52 brilliantly
3180 4486 82 25 sue

2514 4511 127 36 cestui

2562 4563 162 43 Scotland
2757 4574 95 46 (sa;s
2880 4572 59 38 the
2964 4574 100 50 Daily
3093 4577 122 48 News)
3234 4579 29 38 is

2514 4629 162 41 overrun,
2719 4627 254 47 overcrowded,
3015 4632 248 45 overforested,

2514 4680 275 37 over-preserved.
2844 4679 80 38 You
2960 4695 57 22 are
3055 4685 126 36 turned
3219 4686 49 37 off

2515 4721 59 38 the
2603 4725 112 38 heath:
2730 4742 15 22 r
2772 4731 74 37 into
2874 4732 59 37 the
2968 4733 79 48 high
3076 4737 92 44 road,
3197 4740 67 35 and

2610 4792 61 24 can
2700 4782 82 50 only
2810 4783 85 40 have
2923 4799 85 25 you*-
3033 4793 106 34 meals
3167 4790 99 39 when

2516 4827 58 38 the
2624 4834 153 49 haughty
2831 4837 155 40 landlord
3046 4843 119 38 thinks
3215 4846 47 36 fit.

2523 4879 10 33 1
2545 4881 113 50 hough
2679 4895 192 38 extremely
2893 4890 138 39 Liberal
3060 4907 33 23 in
3115 4898 149 43 politics,

2514 4930 164 43 Scotland
2715 4939 29 37 is
2773 4947 72 39 not,
2879 4948 35 29 to
2944 4945 57 37 the
3032 4949 140 43 tourist,
3206 4949 60 37 the

2515 4985 77 37 land
2628 4992 34 32 ot
2699 4992 165 45 free-cm,
2904 4997 131 42 though
3072 5001 27 33 it
3133 5001 26 35 is
3194 5014 47 25 un-

2514 5038 189 52 doubtedly
2727 5044 57 36 the
2806 5046 77 37 land
2904 5049 35 34 of
2952 5050 103 36 cakes

769 79 138 47 THE
977 78 217 47 LYELL
1259 77 221 49 TIMES,
1548 74 370 54 SATURDAY,
1988 74 372 47 NOVEMBER
2430 89 61 43 14,
2572 74 125 57 1885.

2541 5142 245 46 [Continuation
2805 5149 34 34 of
2855 5152 104 40 News,
2977 5166 51 22 see
3051 5157 58 34 4th
3126 5157 109 45 Page.]

320 218 379 49 LECTURE.

139 354 130 35 mHE
310 354 80 34 Rev.
425 355 34 30 F.
496 353 42 32 11.
578 349 215 41 SPENCER,
823 348 65 33 will

245 416 204 33 DELIVEIi
480 428 17 19 a
532 414 205 33 LECTURE
772 414 33 31 in
835 413 54 32 the

140 477 107 35 [jYELL
296 479 247 34 School-room,
605 487 42 23 on
701 473 187 35 MONDAY

142 539 215 41 EVENING,
375 539 78 34 23rd
473 536 260 38 NOVEMBER,
760 538 89 30 1885.

170 668 147 32 Subject
337 676 6 23 :

177 790 47 31 To
249 800 188 21 commence
463 795 33 26 at
519 790 18 30 8
558 787 131 36 o'clock,
713 786 108 42 sharp.
866 786 27 31 A

137 851 169 32 collection
330 851 33 32 in
387 851 51 32 aid
457 850 35 33 of
505 850 53 32 the
584 847 129 35 Church
740 847 154 42 Building

139 912 93 35 Fund
249 914 65 33 will
329 914 37 33 be
384 913 104 34 made.

445 974 117 33 JOHN
588 974 176 37 BROWN,

669 1037 179 42 Secretary.

183 1099 109 44 Lyell,
311 1099 73 33 13th
404 1098 194 40 November,
616 1100 89 32 1885.

363 1200 293 34 NOTICE.

139 1316 128 50 rpHE
288 1315 158 37 business,
470 1315 102 43 plant,
596 1314 65 33 and
684 1314 163 43 good-will
864 1314 34 33 of

248 1378 56 33 the
343 1378 111 32 Lyell
491 1377 106 32 Times
635 1386 65 22 and
738 1376 155 33 Central

139 1437 140 33 Duller
296 1435 168 40 Gazette,
482 1434 122 38 bavins:
618 1433 80 34 been
713 1432 179 45 purchased

139 1495 42 40 by
204 1495 124 30 Walter
350 1493 111 36 Atkin,
481 1493 154 40 formerly
657 1493 36 30 of
713 1491 148 37 Reefton,
877 1491 16 31 I

140 1548 59 42 beg
222 1554 32 29 to
280 1547 109 35 advise
415 1559 55 31 my
495 1546 63 34 late
581 1551 131 39 patrons
734 1545 65 35 and
823 1544 53 35 sub-

137 1606 147 38 scribers,
303 1606 70 31 that
391 1606 83 31 fro!n
494 1604 63 33 and
574 1604 80 32 after
671 1604 63 31 this
748 1605 75 39 day,
840 1604 54 31 the

140 1660 196 42 publication
361 1661 66 32 will
451 1661 36 32 be
511 1659 176 33 continued
720 1659 102 32 uuder
844 1659 51 32 his

139 1717 124 34 control
280 1717 64 34 and
362 1722 241 38 management.

177 1775 16 31 I
226 1775 67 32 also
323 1774 60 42 beg
413 1778 32 28 to
477 1775 112 31 tender
621 1774 90 32 them
739 1785 56 30 my
826 1773 70 33 best

141 1832 124 35 thanks
283 1833 49 34 for
350 1832 81 35 their
454 1836 135 39 support
605 1830 34 35 in
662 1830 55 36 the
732 1839 84 37 past,
833 1831 64 35 and

141 1889 108 34 solicit
267 1901 18 22 a
309 1891 213 32 continuance
540 1891 33 30 of
594 1888 54 33 the
671 1899 89 22 same
783 1893 33 28 to
841 1900 55 32 my

142 1958 173 22 successor.

499 2016 30 32 J.
554 2016 37 34 F.
615 2016 159 40 CLARK,

188 2071 102 40 Lycll,
309 2072 74 33 14th
402 2072 195 36 November,
616 2075 87 32 1885.

2516 5252 174 36 UNITED
2721 5257 134 35 ITALY
2885 5261 176 42 QUARTZ
3096 5265 168 38 MINING

2659 5318 222 40 COMPANY,
2909 5325 205 37 LIMITED.

2533 5442 34 42 /V
2589 5444 55 32 LL
2673 5445 175 37 SHARES
2878 5452 180 36 numbered
3085 5456 83 36 from
3195 5461 14 32 1
3238 5463 31 32 to

2629 5508 124 38 24,000,
2771 5509 260 39 FORFEITED
3041 5516 50 36 for
3101 5519 144 48 Nonpay-

2516 5572 91 32 ment
2622 5569 36 34 of
2669 5583 65 31 any
2751 5571 81 41 Call,
2846 5574 64 35 will
2922 5576 37 35 be
2974 5578 113 36 SOLD
3101 5581 42 46 by
3158 5585 110 34 Public

2516 5632 140 35 Auction
2673 5639 33 29 at
2728 5635 87 35 John
2843 5637 146 39 Mmiro's
3014 5644 139 36 Auction
3175 5647 93 40 Mart,

2516 5694 207 37 Palmerston
2741 5699 114 41 Street,
2877 5703 171 47 Westport,
3068 5713 33 28 at
3116 5711 18 31 3
3150 5711 120 37 o'clock

2516 5770 91 29 p.m.,
2633 5772 40 21 on
2697 5764 181 36 FRIDAY,
2904 5767 75 33 27th
3005 5770 265 44 NOVEMBER,

2519 5819 88 40 1885,
2626 5823 106 33 unless
2750 5828 182 40 previously
2951 5830 181 38 redeemed.

2803 5899 146 39 JAMES
2981 5904 167 46 INGLfS,

3065 5970 164 47 Manager.

2559 6018 103 42 Lyell,
2683 6023 74 33 14th
2776 6026 93 33 Nov..
2890 6031 85 33 1882.
