3392 6160
160 294 135 35 Charles
313 297 151 43 Bowden,
476 299 169 35 examined
662 310 49 22 :

164 352 48 43 By
239 355 49 31 Mr
316 352 177 46 Mbynihan
512 352 4 46 :
544 359 14 31 I
584 359 64 31 will
664 370 101 20 swear
786 359 8 31 I
821 358 54 33 did

121 413 58 29 Lot
196 411 137 43 promise
351 417 33 28 to
400 412 88 34 leave
506 427 17 20 a
540 414 132 44 shilling
688 427 41 22 on
742 415 54 34 the
810 416 66 34 safe

123 465 46 33 for
185 465 79 33 him.
313 467 55 33 We
393 468 54 32 did
470 470 98 43 speak
592 470 97 32 about
712 471 35 39 it,
772 471 57 33 but
852 479 23 25 it

125 531 66 25 was
214 524 55 33 not
294 520 62 38 don
372 538 15 21 •.
433 525 14 34 I
466 526 53 34 did
541 533 57 28 not
619 528 79 33 offer
721 528 67 34 him
813 541 63 30 any

124 580 122 31 reward
285 578 35 35 of
353 591 18 22 a
402 582 109 41 pound
544 583 48 32 for
628 594 18 22 a
683 585 193 41 conviction,

125 633 125 33 neither
278 635 52 33 did
364 631 15 37 t
407 638 71 30 lend
507 637 67 33 him
608 644 32 27 to
671 648 136 34 Suppose
838 642 40 32 he

127 689 104 33 would
254 698 51 31 get
329 692 55 33 the
407 693 152 43 ordinary
582 698 136 36 reward,
742 698 35 32 of
795 698 81 33 from

128 745 42 32 A'l
194 751 33 27 to
246 746 54 32 Mi).
347 747 15 31 I
381 748 64 32 told
469 748 68 34 him
560 750 38 32 he
622 757 87 28 must
732 758 56 29 not
806 753 72 34 look

127 806 31 29 to
175 814 51 21 me
242 802 48 34 for
305 812 168 34 payment.
519 808 15 31 I
551 820 80 28 gave
648 808 70 34 him
734 813 34 28 '2s
785 812 41 30 Gd
837 823 42 19 on

127 856 53 33 the
198 858 94 41 night
306 859 36 32 of
355 859 99 39 19th.,
479 860 56 34 but
551 862 49 35 for
624 863 52 34 the
692 874 139 33 purpose
849 865 33 33 of

130 916 155 41 repaying
308 915 53 34 the
386 915 134 46 shilling
547 919 39 33 he
612 920 64 33 had
704 921 175 34 borrowed.

129 971 52 32 He
197 972 155 32 returned
374 974 199 41 afterwards,
598 978 115 42 saying
728 979 40 32 he
785 980 95 31 could

128 1030 52 40 get
207 1037 41 23 no
276 1038 88 24 more
394 1028 105 35 drink.
546 1032 85 45 Only
655 1033 225 37 half-a-crown

130 1077 146 48 changed
293 1086 106 33 hands
414 1088 142 33 between
575 1102 36 20 us
628 1091 72 33 that
716 1093 101 42 night*
863 1095 17 29 I

128 1150 80 34 gave
226 1140 69 35 him
312 1142 54 33 the
383 1143 71 33 coin
470 1146 169 44 privately.

169 1199 69 33 The
255 1201 120 33 Court:
399 1202 72 33 You
490 1203 61 33 had
568 1216 19 21 a
602 1207 121 41 perfect
738 1206 89 40 right
850 1213 31 27 to

128 1257 71 38 give
231 1257 68 33 him
331 1258 237 43 half-a-crown,
599 1262 26 33 if
647 1274 66 31 you
742 1263 140 46 thought

127 1313 48 33 lit.

170 1370 34 34 C.
236 1371 153 42 Bowden,
424 1376 193 33 continued:
643 1377 16 33 I
689 1377 81 34 have
801 1378 79 34 been

130 1426 137 45 keeping
283 1422 80 47 him,
381 1442 34 21 as
433 1430 53 35 the
502 1433 103 41 youth
620 1445 63 21 was
695 1434 163 34 destitute.

170 1485 50 43 By
245 1486 53 33 the
325 1487 118 34 Court:
468 1484 63 38 Am
558 1490 135 43 positive
722 1492 39 32 lie
792 1504 88 22 came

127 1541 71 34 first
214 1547 31 28 to
264 1554 54 33 my
335 1543 89 35 office
442 1545 69 33 that
523 1545 103 44 night.
673 1548 15 32 I
702 1548 64 34 will
779 1561 101 22 swear

131 1598 12 31 I
160 1597 54 34 did
231 1606 57 26 not
310 1600 109 34 advise
435 1601 66 34 him
523 1611 30 24 to
577 1609 50 38 try
645 1612 63 25 and
726 1606 88 33 work
837 1618 42 32 up

127 1665 19 21 a
177 1665 82 30 case*
290 1655 57 35 but
377 1657 16 32 I
421 1657 53 34 did
502 1659 55 32 tell
585 1659 69 34 him
678 1666 33 29 to
741 1663 89 32 leave
855 1663 26 34 it

126 1711 105 33 alone.
276 1712 15 33 I
310 1714 173 34 submitted
502 1717 54 32 the
574 1718 103 33 whole
695 1731 71 20 case
781 1728 31 24 to
824 1732 56 31 my

128 1766 168 45 Inspector
306 1769 104 35 before
422 1771 113 43 taking
548 1780 117 28 action.
713 1776 124 45 Inspect
846 1789 34 22 or

127 1824 160 36 Emerson
323 1826 177 38 instructed
538 1843 52 22 me
636 1841 32 26 to
706 1834 72 33 take
817 1836 63 33 tin*

126 1883 120 33 action.

168 1939 52 32 Mr
237 1940 182 43 Moynihau
443 1943 173 35 addressed
640 1947 53 33 the
717 1949 99 32 Court
832 1950 49 32 for

124 1994 55 34 the
206 1996 186 36 defendant.
440 2000 51 34 He
521 2002 179 35 submitted
724 2005 69 34 that
825 2007 54 32 the

126 2051 142 40 witness,
286 2054 175 36 Keswick's
477 2059 165 39 evidence,
660 2061 120 46 clearly
794 2072 85 26 went

126 2114 31 29 to
179 2113 89 31 show
293 2111 69 35 that
385 2125 42 22 no
450 2126 121 34 money
595 2119 126 42 passed.
764 2122 45 32 As
832 2123 49 32 for

126 2164 54 35 the
203 2166 93 35 other
319 2170 140 41 witness*
480 2171 128 43 Pearce*
632 2175 74 34 who
729 2188 101 23 swore
847 2183 32 30 to

126 2222 54 35 the
199 2232 161 38 contrary,
383 2229 25 33 it
430 2237 87 26 must
541 2232 36 33 be
840 2237 39 33 he

124 2290 68 24 was
215 2282 54 33 the
291 2285 189 35 informant.
524 2289 69 33 The
624 2290 174 44 Licensing
821 2297 60 29 Act

124 2347 67 24 was
202 2350 18 21 a
232 2341 96 42 penal
344 2348 126 35 statute,
484 2345 63 33 and
561 2346 158 36 therefore
732 2352 148 41 required

124 2407 19 20 a
159 2394 113 36 liberal
289 2407 229 28 construction.
564 2404 32 33 It
614 2406 104 42 might
734 2417 121 25 contem-

124 2452 86 43 plate
226 2465 20 21 a
262 2454 76 41 sale,
357 2468 35 20 so
407 2457 49 32 far
471 2470 35 21 as
519 2458 106 35 barter
637 2462 28 33 is
678 2467 180 32 concerned
871 2478 7 29 ;

124 2505 57 37 Mt
217 2510 72 34 that
318 2519 123 34 meant,
480 2516 72 34 that
588 2524 149 39 money's
775 2524 102 31 Worth

124 2565 116 35 should
273 2578 84 35 pass,
388 2571 65 33 and
482 2584 89 24 some
598 2575 79 34 kind
704 2578 34 33 of
766 2591 16 22 a
813 2582 65 33 sale

123 2623 119 36 should
259 2627 73 35 take
346 2628 101 44 place.
492 2632 53 33 lie
557 2646 64 21 saw
634 2647 41 22 no
689 2635 188 38 distinction

124 2679 143 36 between
286 2684 205 36 defendant's
513 2689 103 41 place,
640 2692 64 32 and
720 2705 18 20 a
754 2695 124 41 private

122 2736 115 44 house,
250 2740 107 36 where
372 2742 122 38 friends
507 2748 94 34 could
616 2749 36 34 be
665 2752 212 36 entertained.

123 2796 170 35 Admitted
315 2799 56 35 the
393 2801 106 45 liquor
515 2813 65 25 was
608 2809 189 40 consumed,
824 2811 56 33 hut

124 2853 80 33 then
220 2855 55 33 the
291 2856 190 42 informant,
495 2861 129 40 Pearce,
639 2873 66 23 Was
718 2877 18 20 a
749 2877 131 23 servant

125 2909 146 46 working
286 2911 48 35 for
350 2912 186 45 defendant,
549 2919 64 33 and
624 2923 143 43 actually
778 2923 101 43 living

122 2963 33 35 in
171 2966 54 34 the
242 2968 118 35 house-:
385 2972 34 31 in
435 2967 146 40 addition
599 2982 31 27 to
649 2978 83 40 that,
748 2980 26 33 it
783 2982 95 33 could

122 3022 38 36 be
185 3023 121 46 proved
335 3027 25 35 it
390 3039 66 24 was
482 3032 93 33 usual
598 3033 48 34 for
668 3034 70 35 him
766 3041 32 29 to
825 3044 54 39 get

122 3078 106 45 liquor
244 3084 139 33 without
399 3093 166 37 payment.
610 3092 116 39 Again,
744 3096 25 30 it
791 3103 87 26 must

122 3136 39 35 be
204 3140 223 36 remembered
465 3144 73 35 that
581 3147 56 34 the
681 3149 198 47 anticipated

123 3197 123 33 reward
276 3199 107 33 would
411 3204 165 42 naturally
602 3206 83 32 have
712 3219 90 22 some
832 3210 30 32 in-

120 3248 126 39 fluence
266 3260 42 28 on
333 3255 55 35 the
411 3257 92 34 mind
526 3260 36 32 of
579 3261 53 34 the
656 3262 166 43 informer,
846 3268 32 31 in

121 3309 114 44 giving
258 3310 50 34 his
334 3312 166 35 evidence.
545 3317 52 33 He
628 3319 98 33 relied
758 3332 41 22 on
825 3323 54 33 the

123 3363 100 36 Court
246 3368 132 42 placing
403 3382 18 20 a
450 3371 110 34 liberal
588 3378 221 32 construction
837 3391 42 20 on

122 3420 56 35 the
193 3421 72 43 Act,
280 3422 27 35 it
326 3423 96 47 being
437 3438 18 22 a
471 3430 96 42 penal
583 3436 131 31 statute.

164 3479 144 33 Antonio
345 3483 165 41 Accolino,
549 3486 140 45 deposed
707 3499 50 22 :
773 3492 106 34 Know

123 3533 142 47 nothing
280 3538 35 33 of
329 3537 53 36 the
405 3548 128 37 present
555 3557 84 23 case.
686 3547 56 45 My
759 3551 69 33 wile
852 3551 27 33 is

124 3590 56 35 the
218 3604 60 23 one
315 3599 204 34 summoned.
578 3603 62 33 Am
684 3604 141 46 keeping
860 3622 19 20 a

122 3648 127 44 private
265 3650 113 35 house.
421 3654 163 36 Recollect
607 3659 118 36 Pearce

124 3706 141 44 through
297 3709 56 35 the
383 3712 132 42 parlour
543 3716 80 34 door
646 3730 44 22 on
721 3721 93 41 night
844 3723 35 32 in

123 3765 159 40 question.
328 3766 52 34 He
407 3770 129 34 wanted
563 3773 136 45 whisky,
729 3777 65 34 and
820 3785 59 28 not

124 3820 212 42 t'mger-bfeer.
382 3819 17 38 I
423 3830 71 30 sent
518 3827 69 36 him
609 3831 69 34 into
700 3833 54 35 the
777 3834 102 37 dance

123 3882 91 27 ro'om
241 3879 107 35 where
376 3883 54 34 the
456 3885 78 33 Mrs.
563 3899 76 22 was.
682 3886 105 39 There
813 3905 65 21 was

120 3941 83 38 •oniy
226 3947 61 23 one
310 3936 103 37 bottle
436 3941 35 34 of
484 3941 123 48 brandy
632 3947 33 33 in
689 3948 54 35 the
767 3949 110 37 house.

127 3991 58 43 My
207 3992 131 35 brother
360 3996 59 33 has
442 3998 80 34 been
545 4002 174 42 invalided,
736 4007 64 33 and
825 4009 54 33 the

125 4048 106 45 liquor
245 4062 66 24 was
329 4053 121 46 bought
465 4057 33 34 in
515 4059 53 34 the
584 4064 163 43 township
763 4067 48 32 for
821 4079 59 21 our

122 4116 74 23 own
227 4118 67 23 use.
340 4111 116 36 Pearce
485 4116 67 33 and
585 4118 148 37 Beswick
764 4123 116 45 helped

124 4163 207 37 themselves.
378 4169 16 32 I
411 4172 149 34 watched
576 4174 139 47 through
730 4191 58 22 our
804 4180 55 35 bed-

126 4233 92 24 room
240 4222 230 48 door—being
493 4234 178 42 suspicious
694 4238 35 32 of
748 4235 130 46 Pearce,

126 4278 108 34 whom
263 4281 17 32 I
307 4282 66 34 had
399 4296 74 23 seen
506 4288 126 44 talking
660 4297 32 29 to
723 4294 154 36 J3o*vden.

127 4335 91 45 They
229 4344 54 36 got
291 4342 137 43 arguing
437 4343 99 36 about
546 4358 18 21 a
575 4348 134 45 shilling
718 4355 162 41 supposed

123 4397 36 30 to
180 4393 40 37 be
242 4394 111 48 laying
376 4411 40 23 on
447 4402 53 35 the
526 4405 107 42 table;
660 4407 57 35 but
743 4410 96 35 when
868 4413 11 32 L

126 4457 86 28 went
228 4459 66 34 out,
317 4455 24 32 it
359 4468 65 22 was
447 4466 57 26 not
527 4462 100 33 there.
674 4466 117 34 Pearce
814 4479 66 23 was

127 4508 146 43 working
287 4511 49 33 for
354 4524 51 22 me
420 4525 7 28 ;
451 4513 64 36 and
531 4518 87 34 often
641 4530 55 31 got
712 4522 105 45 liquor
832 4527 48 32 for

126 4564 149 46 nothing.
320 4568 68 34 The
406 4572 109 42 pound
531 4574 77 45 kept
631 4576 91 41 back,
740 4591 66 24 uas
823 4592 57 25 not

126 4619 49 35 for
197 4622 109 35 -drink.
352 4627 92 44 They
472 4641 84 23 were
586 4634 166 45 disputing
782 4639 98 34 about

209 4680 143 46 shilling,
375 4685 95 35 when
498 4688 16 33 I
529 4694 102 31 Went
658 4704 41 33 up
724 4697 62 31 and
811 4699 68 33 said

127 4735 89 37 there
232 4750 66 24 was
315 4748 56 28 not
383 4754 65 25 one
466 4746 99 35 there.

164 4793 285 40 •Cross-examined
467 4798 41 48 by
524 4806 175 36 Constable
718 4811 69 33 :—I
810 4820 71 27 sent

124 4848 93 37 them
235 4856 32 30 to
283 4853 55 36 the
357 4856 76 35 Mrs.
480 4861 68 33 The
566 4862 99 36 bottle
682 4879 66 21 was
764 4878 57 34 put
839 4881 40 23 on

123 4905 58 36 the
213 4909 95 41 table,
339 4915 64 33 and
433 4917 78 45 they
541 4919 117 47 helped
684 4924 197 39 themselves

124 4965 95 33 \vhen
238 4967 56 35 she
311 4970 63 33 had
390 4972 69 35 left.
505 4977 97 34 Later
618 4991 52 27 on,
689 4983 70 33 that
774 4985 105 42 night,

127 5019 17 36 I
160 5033 66 25 saw
240 5036 65 32 you
322 5029 91 34 catch
440 5030 77 38 hold
527 5036 40 33 «f
578 5034 118 39 Peartse
720 5044 64 31 and
801 5044 80 44 drag

122 5078 73 35 him
209 5080 71 36 into
298 5084 52 34 the
369 5087 112 46 Camp.
527 5091 107 36 When
653 5095 76 46 they
747 5110 83 23 were
846 5101 33 34 in

126 5147 57 34 my
198 5139 102 44 place,
318 5143 15 32 I
352 5145 66 33 told
435 5147 91 34 them
543 5157 32 27 to
593 5153 85 34 clear
693 5162 66 28 out.
808 5159 71 35 Saw

122 5198 68 39 .you
214 5196 84 36 close
322 5204 32 30 to
379 5214 54 32 my
456 5204 101 38 house
588 5215 32 29 at
645 5213 36 31 11
706 5225 77 31 p.m.
809 5217 72 34 that

124 5251 106 44 night.
275 5255 71 36 You
362 5260 106 43 might
480 5262 83 37 have
574 5265 80 37 been
666 5270 32 33 in
711 5271 55 35 the
780 5272 99 37 house

123 5307 96 33 •itself.

162 5360 87 41 tfane
285 5369 162 44 Accolino,
486 5375 141 48 deposed
640 5392 54 25 •:-
717 5385 163 41 Recollect

124 5421 97 44 tagbt
245 5425 35 33 oi-
301 5430 74 32 19th
408 5433 200 43 September.
654 5442 77 35 Was
760 5448 34 31 in
825 5449 55 32 the

127 5498 101 17 ~
244 5493 101 34 room,
362 5488 94 37 when
478 5493 128 45 iWce,
623 5500 73 36 who
713 5515 65 24 was
801 5507 78 36 with

129 5535 158 45 1-eswrck,
325 5546 101 33 called
464 5561 51 22 me
552 5562 56 26 out
639 5559 63 33 and
733 5563 69 32 said
839 5565 40 33 he

126 5594 130 69 Ranted
280 5609 18 21 a
317 5598 98 37 drink
431 5604 38 33 of
489 5606 134 46 brandy.
665 5616 165 36 Attended
848 5628 31 26 to

124 5647 93 35 them
248 5656 32 28 at
305 5665 87 26 once,
422 5662 60 32 ;md
508 5672 85 28 went
625 5669 90 36 back.
760 5672 119 40 iWce

130 5715 65 23 was
218 5717 33 24 »
275 5709 53 35 the
352 5712 89 37 habit
465 5720 34 31 of
515 5726 124 42 getting
662 5728 105 43 drink,
786 5733 75 34 bein-

123 5759 67 35 hke
207 5774 60 23 one
284 5766 35 32 of
332 5772 162 34 ourselves
513 5777 28 33 in
561 5779 53 36 the
632 5782 109 39 house.

169 5820 280 42 Cross-examined
488 5832 41 44 by
571 5838 172 38 Constable
762 5849 115 33 :-Did

120 5877 63 31 *ot
210 5888 50 22 see
283 5891 65 30 you
371 5882 70 36 tluu
467 5889 113 44 mght;
605 5906 64 23 was
701 5899 101 37 better
825 5917 52 22 en-

949 191 48 44 By
1009 192 54 33 the
1078 193 160 34 Court-;
1239 195 130 36 Believe
1384 198 15 32 T
1412 200 118 41 poured
1541 206 56 29 out
1607 202 55 34 the

908 247 135 44 braudy,
1061 249 57 35 hat
1132 262 55 22 am
1211 259 58 27 not
1284 265 83 22 sure.
1414 255 87 42 Keep
1526 270 18 19 a
1561 260 100 31 dunce

909 314 100 29 room,
1028 304 62 34 ami
1108 305 59 34 sell
1177 310 51 30 tea
1240 308 62 33 and
1322 308 97 35 coffee
1433 310 64 35 arid
1510 313 76 44 pies.
1617 315 46 34 Do

911 369 56 24 nut
1003 361 80 43 keep
1116 362 106 42 liquor
1261 364 45 31 for
1343 366 74 31 sale.
1464 368 68 32 The
1571 369 92 33 drink

910 418 118 33 Fearce
1054 418 75 39 had,
1159 432 65 21 was
1249 434 18 20 a
1290 423 68 38 sift,
1386 424 63 33 and
1478 437 40 21 no
1546 439 118 33 money

911 474 123 43 passed;
1081 474 95 34 Otir's
1200 488 24 20 is
1248 481 57 30 not
1331 489 17 22 a
1372 478 98 36 board

912 531 53 35 the
989 543 75 22 men
1088 533 145 44 working
1255 535 33 33 in
1313 536 53 33 the
1386 538 85 33 mine
1497 545 71 38 stop
1587 543 77 31 with

912 598 46 22 us.

953 644 35 33 C.
1007 644 157 40 Beswick,
1189 648 136 34 recalled
1344 660 5 22 :
1375 649 62 35 Did
1458 657 54 29 not
1537 665 49 22 sec
1612 654 52 34 the

915 700 243 43 brandy-bottle
1173 714 6 21 :
1205 715 65 22 was
1286 708 112 40 sitting
1416 708 38 42 by
1473 710 52 32 the
1543 712 68 31 fire.

955 756 67 33 The
1049 757 188 42 Magistrate
1261 761 70 33 said
1355 761 71 36 that
1449 762 32 36 in
1499 776 18 21 a
1541 776 71 24 case
1636 767 34 34 of

913 813 54 31 the
1005 814 80 31 kind
1115 817 25 29 it
1170 828 65 20 was
1262 818 161 41 judicious
1452 827 33 25 to
1515 823 74 31 look
1625 834 41 32 up

914 870 149 42 previous
1078 870 241 44 informations,
1337 874 64 34 and
1419 875 38 34 he
1480 877 99 33 found
1597 878 71 36 that

915 927 186 40 defendant,
1126 929 96 34 when
1246 931 39 33 he
1310 932 55 33 did
1390 934 81 33 have
1496 947 17 21 a
1536 936 130 35 license,

915 983 64 32 had
995 982 79 34 been
1093 987 92 31 twice
1209 987 139 43 charged
1366 990 78 32 with
1471 990 149 35 breaches
1637 994 34 32 of

916 1027 53 35 the
1009 1028 171 48 Licensing
1216 1034 71 32 Act.
1347 1034 91 46 They
1478 1037 64 33 had
1588 1038 76 34 beeu

915 1076 118 40 proved
1050 1083 41 32 to,
1109 1078 56 31 but
1183 1079 52 31 the
1254 1081 98 31 Court
1376 1093 64 21 was
1457 1084 161 33 reluctant
1635 1093 31 24 to

915 1121 126 31 enforce
1059 1126 52 27 the
1128 1133 107 22 severe
1254 1126 129 40 penalty
1402 1127 163 42 provided.
1612 1130 51 32 He

916 1164 65 35 had
997 1175 56 25 not
1069 1168 84 34 lived
1170 1169 40 35 20
1224 1181 95 32 years
1335 1185 40 21 on
1395 1174 52 33 the
1466 1175 89 33 West
1572 1176 96 34 Coast

915 1213 136 33 without
1074 1215 154 40 knowing
1248 1218 73 33 how
1344 1219 225 36 dance-rooms
1590 1234 78 22 were

915 1258 121 34 carried
1052 1272 53 24 on,
1123 1262 64 32 and
1204 1262 70 34 that
1287 1264 125 34 besides
1425 1268 242 41 refreshments,

914 1305 94 32 other
1025 1306 104 42 liquor
1139 1309 94 32 could
1247 1309 66 34 also
1329 1311 34 32 be
1379 1312 63 33 had
1454 1314 99 33 there.
1599 1316 68 32 The

915 1351 152 33 evidence
1085 1364 65 21 was
1173 1356 107 41 ample
1297 1363 32 26 to
1353 1358 90 32 show
1468 1359 200 35 defendant's

915 1396 90 41 place
1029 1409 66 21 was
1118 1411 18 20 a
1160 1401 138 43 dane.ug
1323 1403 122 38 saloon,
1471 1405 71 34 that
1564 1406 106 44 liquor

915 1453 64 21 was
1003 1444 68 32 sold
1096 1445 99 41 there,
1212 1448 63 31 and
1292 1450 32 31 in
1346 1451 117 41 justice
1490 1458 40 32 to,
1549 1454 63 31 and
1637 1454 29 32 in

915 1490 177 40 protection
1117 1493 34 30 of
1165 1492 164 41 licensees,
1355 1497 72 31 who
1445 1509 61 31 pay
1525 1499 141 42 heavily,

916 1545 16 21 a
951 1536 181 32 conviction
1149 1547 88 24 must
1252 1540 117 33 follow.

956 1581 79 32 Fme
1059 1584 35 31 of
1115 1584 75 40 £lO,
1215 1587 63 31 and
1295 1593 84 27 costs
1397 1599 6 29 ;
1428 1601 34 21 or
1478 1589 31 33 in
1536 1591 129 42 default,

916 1634 61 24 two
994 1629 133 31 months
1143 1636 33 26 at
1194 1631 130 32 Nelson.

956 1733 301 47 Notwithstanding
1288 1738 54 33 the
1373 1740 184 44 depression
1598 1745 71 35 that

915 1778 57 34 Ims
990 1781 173 42 prevailed,
1182 1783 53 33 the
1260 1785 111 42 profits
1394 1788 34 32 of
1448 1788 52 33 the
1519 1790 94 35 Bank
1637 1794 35 33 of

917 1827 76 33 New
1030 1827 143 34 Zealand
1209 1831 48 32 for
1295 1832 52 32 the
1386 1832 62 36 last
1485 1836 36 32 In
1530 1837 24 32 If
1591 1851 74 31 year

914 1872 175 34 amounted
1113 1879 31 28 to
1162 1886 40 21 no
1220 1877 62 32 less
1305 1879 78 32 than
1404 1881 149 35 £76.930.
1587 1874 80 45 'The

914 1919 92 32 usual
1023 1926 53 26 ten
1094 1931 56 31 per
1172 1929 72 25 cent
1268 1924 152 35 dividend
1445 1929 63 31 and
1532 1929 62 33 live
1612 1942 56 32 per

914 1971 72 26 cent
1011 1965 101 33 bonus
1138 1976 80 24 were
1249 1968 157 41 declared,
1432 1974 68 32 also
1528 1976 141 39 £27,000

914 2021 64 21 was
1008 2012 123 33 carried
1162 2018 31 28 to
1224 2014 55 34 the
1310 2017 102 33 credit
1441 2019 36 32 of
1504 2021 53 33 the
1594 2034 71 23 new

914 2063 148 27 account.
1106 2058 70 34 The
1192 2061 115 42 speech
1323 2063 37 32 of
1369 2063 56 33 the
1442 2065 178 38 Chairman
1637 2070 35 33 of

914 2103 164 33 Directors
1101 2116 66 22 was
1190 2119 40 21 an
1248 2110 180 42 extremely
1452 2110 131 45 hopeful
1606 2127 61 22 one

913 2160 34 20 as
970 2152 34 29 to
1027 2150 54 32 the
1103 2152 108 32 future
1234 2155 182 43 prosperity
1438 2162 31 27 ot
1493 2159 80 32 New
1590 2161 57 33 Zea-

914 2195 86 33 land.
1044 2196 33 34 It
1100 2197 26 33 is
1150 2197 144 36 believed
1325 2200 41 44 by
1394 2214 99 33 many
1519 2204 70 37 that
1612 2207 55 34 the

914 2241 110 34 lowest
1046 2249 92 36 point
1161 2245 34 33 of
1216 2247 54 31 the
1294 2247 185 43 depression
1505 2251 59 32 has
1588 2253 80 33 been

912 2287 150 42 reached,
1079 2289 65 33 aud
1162 2290 70 33 that
1256 2292 54 34 the
1327 2294 122 44 Colony
1467 2296 26 33 is
1518 2298 98 34 about
1634 2308 30 25 to

912 2334 186 42 experience
1115 2348 18 21 a
1148 2348 89 23 wave
1255 2338 36 33 of
1307 2344 360 41 prosperity.—Nelson

914 2380 154 34 Colonist.

913 2487 189 48 MINING
1134 2487 347 48 REGULATIONS
1513 2487 157 48 UNDER

1085 2535 172 47 MINES
1291 2535 138 47 ACT,

953 2582 73 35 Ally
1044 2592 116 33 person
1177 2583 206 46 discovering
1393 2598 69 24 new
1479 2590 74 40 grdd
1564 2592 82 35 work-

912 2639 66 28 ing,
1002 2629 64 32 an,l
1090 2629 96 44 being
1209 2631 144 36 desirous
1378 2632 34 35 of
1431 2633 172 49 obtaining
1626 2653 42 21 an

912 2674 166 32 increased
1101 2688 75 19 area
1198 2678 135 32 thsreon
1364 2681 83 32 slia.ll
1472 2684 89 32 mark
1585 2686 45 31 off
1651 2698 17 21 a

913 2721 206 42 prospecting
1134 2721 107 40 claim,
1260 2735 34 22 as
1310 2726 156 42 provided
1482 2728 34 35 in
1531 2729 116 44 Regula-

915 2767 64 30 tion
998 2767 46 34 11,
1062 2768 63 32 and
1139 2769 83 32 shall
1233 2773 225 43 immediately
1468 2784 108 34 report
1588 2781 79 30 such

914 2812 164 44 discovery
1117 2815 77 32 with
1226 2817 58 32 full
1315 2819 191 41 particulars
1543 2829 33 27 to
1613 2825 55 33 the

917 2858 148 38 Warden,
1090 2860 64 31 aiid
1181 2861 55 32 the
1259 2864 126 37 ground
1399 2876 45 21 ,s©
1468 2868 134 33 marked
1626 2870 47 32 off

915 2902 80 33 shall
1012 2903 36 33 be
1068 2906 162 41 protected
1246 2909 83 33 until
1347 2909 55 34 the
1585 2916 85 34 shall

913 2949 80 32 have
1010 2949 114 42 finally
1139 2952 127 33 refused
1283 2966 35 20 or
1333 2958 137 38 granted
1481 2960 55 32 the
1550 2962 96 32 claim
1661 2974 5 27 ;

912 2993 56 33 but
998 2996 54 31 the
1085 2996 141 34 Warden
1251 3010 88 32 may,
1369 3001 28 33 if
1424 3003 39 32 he
1494 3005 96 34 think
1620 2989 48 59 fit',

912 3041 118 33 refrain
1059 3041 83 35 from
1167 3045 153 41 granting
1350 3057 35 23 or
1413 3060 31 21 r«
1451 3049 109 44 fusing
1590 3067 55 22 suc
1647 3035 21 53 ]j

910 3088 97 31 Claim
1037 3090 83 30 until
1144 3090 55 32 the
1223 3093 124 37 ground
1371 3095 85 32 shall
1480 3098 82 32 hare
1589 3100 81 34 been

913 3132 115 34 visited
1045 3133 41 44 by
1104 3135 133 34 himself
1249 3149 35 21 or
1295 3137 41 41 by
1349 3151 126 26 anyone
1493 3148 173 30 annointH

914 3179 40 43 by
971 3180 80 32 him.

955 3237 130 34 Notices
1096 3239 36 32 of
1139 3240 42 33 all
1194 3244 204 42 prospecting
1409 3241 114 41 claims
1534 3253 136 38 granted

914 3283 76 32 with
1018 3284 56 33 full
1098 3288 193 40 particulars
1308 3291 35 32 of
1363 3293 140 43 'ocality,
1528 3297 87 41 yield
1639 3303 31 28 of

914 3329 84 42 gold,
1016 3330 63 33 and
1091 3331 195 46 description
1299 3337 36 31 of
1348 3332 271 50 workings,'shall
1631 3344 38 34 be

912 3375 112 41 posted
1049 3376 41 40 by
1115 3377 53 33 the
1190 3380 137 33 Wnrden
1344 3395 41 20 oa
1408 3385 55 33 the
1486 3388 127 34 outside
1639 3391 30 32 of

913 3419 49 34 his
980 3420 90 34 offiee
1087 3422 49 35 for
1152 3426 107 41 public
1281 3428 222 37 information.

955 3468 32 30 It
1004 3468 82 32 shall
1103 3476 57 26 not
1178 3472 37 31 be
1230 3473 111 32 lawful
1354 3476 46 31 for
1413 3478 55 31 the
1483 3479 142 34 Warden
1638 3487 32 27 to

913 3517 95 38 grant
1037 3524 18 22 a
1082 3517 203 43 prospecting
1307 3519 97 35 claim
1430 3522 50 34 for
1503 3536 66 34 any
1598 3537 70 25 ntw

914 3560 167 43 discovery
1111 3568 32 26 at
1174 3576 18 20 a
1222 3565 62 33 less
1319 3567 144 35 distance
1495 3572 78 33 than
1606 3580 63 28 two

912 3606 94 32 miles
1021 3606 84 33 from
1122 3620 65 31 any
1204 3612 184 43 previously
1411 3616 139 44 existing
1566 3622 81 32 work-

912 3651 71 41 ings
1013 3652 31 31 in
1074 3653 132 35 alluvial
1230 3658 136 40 ground,
1384 3671 60 22 nor
1466 3666 30 30 tc
1526 3671 96 32 grant
1652 3680 18 21 a

914 3698 204 44 prospecting
1141 3702 94 33 claim
1254 3704 48 33 for
1324 3718 66 31 any
1406 3720 73 22 now
1503 3712 167 45 discovery

912 3744 36 32 of
970 3755 18 20 a
1013 3751 113 36 quartz
1150 3749 70 31 reef
1233 3754 33 28 at
1289 3762 19 21 a
1330 3752 62 32 less
1418 3754 146 35 distance
1590 3758 79 36 than

913 3789 70 34 half
1002 3802 19 21 a
1041 3792 75 33 mile
1133 3799 83 28 Irom
1233 3805 65 35 any
1319 3798 189 47 previously
1531 3805 139 44 existing

912 3843 112 38 quartz
1041 3839 174 44 workings.

953 3895 110 43 Every
1093 3901 207 39 prospecting
1329 3901 96 35 claim
1455 3900 95 46 shall,
1589 3909 81 35 after

912 3939 97 46 feeing
1036 3942 144 38 marked,
1205 3945 38 35 he
1268 3946 75 35 held
1366 3948 43 37 by
1432 3963 61 22 one
1516 3965 79 23 man
1622 3968 30 23 re-

913 3988 149 43 maining
1085 4002 41 20 on
1152 3991 53 32 the
1233 3993 122 41 ground
1382 3996 118 43 during
1524 4001 146 33 workiu*

913 4033 98 34 hours
1034 4036 83 33 until
1135 4036 52 35 the
1211 4039 197 44 application
1425 4044 26 32 is
1469 4045 87 33 dealt

913 4080 74 36 and,
1005 4082 27 31 if
1044 4084 146 39 granted,
1208 4086 55 32 the
1280 4087 96 32 claim
1392 4094 100 35 must,
1505 4093 109 33 unless
1627 4095 42 41 by

913 4126 117 42 special
1048 4130 193 40 permission
1258 4132 35 33 of
1305 4132 55 34 the
1374 4133 153 44 Warden,
1540 4138 36 34 he
1589 4140 80 40 fully

912 4173 154 42 occupied
1082 4175 116 33 within
1215 4189 94 21 seven
1328 4179 80 45 days
1423 4180 84 36 from
1524 4184 54 33 the
1596 4186 73 34 date

913 4219 35 32 of
960 4225 105 33 grant.

954 4265 67 32 The
1038 4266 140 33 Warden
1197 4280 87 32 may,
1302 4272 26 31 if
1341 4272 40 32 he
1399 4274 92 33 think
1508 4276 47 40 At,
1574 4285 96 33 grant

913 4321 18 21 a
941 4311 206 43 prospecting
1155 4313 97 35 claim
1266 4321 32 29 to
1309 4316 53 35 the
1370 4320 107 34 actual
1488 4322 182 38 discoverer

912 4356 35 32 of
970 4368 79 22 new-
1073 4360 75 39 gold
1179 4362 161 41 workings
1371 4367 181 45 conjointly
1590 4372 78 33 with

914 4413 132 33 persons
1071 4405 74 34 who
1168 4407 83 34 have
1268 4410 136 35 assisted
1428 4413 89 35 them
1540 4419 34 32 in
1598 4431 53 31 pro-

914 4451 146 40 specting
1095 4453 105 32 either
1235 4455 79 33 with
1353 4460 237 37 contributions
1634 4476 36 23 or

912 4495 183 42 otherwise,
1113 4510 35 22 or
1164 4499 77 34 with
1255 4502 94 33 other
1361 4516 134 30 persons
1509 4509 71 33 who
1594 4522 76 32 may

912 4541 38 32 be
976 4544 189 32 nominated
1190 4545 42 43 by
1248 4547 54 33 the
1326 4551 108 32 actual
1458 4552 210 46 discoverers,

914 4586 155 46 although
1094 4589 54 35 the
1166 4591 68 34 said
1258 4604 132 32 persons
1407 4608 76 32 may
1506 4605 58 29 not
1587 4603 82 35 have

913 4633 77 33 been
1016 4645 41 22 on
1075 4636 54 33 the
1145 4641 127 39 ground
1288 4641 87 42 prior
1391 4647 32 30 to
1440 4644 55 34 the
1518 4650 152 41 granting

912 4680 134 33 thereof.

960 4727 63 33 lhe
1043 4728 141 36 Warden
1202 4743 87 33 may,
1310 4746 85 33 upon
1407 4738 53 34 the
1472 4741 197 43 application

914 4774 35 31 of
961 4785 64 31 any
1041 4786 133 31 persons
1189 4778 144 42 forming
1352 4793 18 23 a
1387 4791 94 35 party
1496 4788 35 33 of
1540 4793 57 29 not
1608 4790 62 35 less

914 4819 78 33 than
1015 4820 82 41 four,
1121 4828 95 37 grant
1232 4831 181 37 protection
1429 4830 49 35 for
1500 4839 59 28 not
1580 4847 90 24 more

916 4866 79 32 (ban
1012 4867 89 33 three
1124 4871 134 32 months
1275 4873 47 33 for
1338 4887 18 20 a
1373 4879 207 45 prospecting
1597 4893 73 24 area

914 4917 33 28 at
970 4923 18 22 a
1011 4912 143 36 distance
1178 4922 31 28 ol
1224 4923 57 29 not
1302 4920 60 33 less
1386 4922 80 35 than
1491 4908 180 57 two°miles

914 4958 82 33 from
1025 4971 64 32 any
1114 4964 139 41 existing
1279 4967 164 43 workings
1472 4971 35 34 in
1538 4974 132 35 alluvial

915 5005 135 44 ground,
1068 5018 35 21 or
1119 5007 34 34 in
1169 5008 55 35 the
1241 5021 72 25 case
1330 5013 35 34 of
1378 5020 112 38 quartz
1508 5019 162 46 workings

914 5053 35 31 of
974 5056 58 29 not
1063 5054 63 32 less
1149 5055 81 33 than
1256 5058 72 31 half
1347 5072 17 19 a
1390 5063 76 31 mile
1491 5065 82 32 from
1606 5079 64 27 any

914 5096 140 44 existing
1070 5103 112 40 quartz
1199 5103 183 47 workings:
1408 5108 160 38 Provided
1582 5112 33 35 in
1629 5126 41 22 no

914 5156 71 22 case
1009 5146 84 34 shall
1117 5159 65 32 any
1198 5151 79 32 such
1305 5157 204 44 prospecting
1535 5171 75 22 area
1631 5162 39 33 he

914 5192 134 37 granted
1071 5193 116 34 within
1211 5195 68 34 halt
1295 5209 18 21 a
1336 5195 76 39 mile
1436 5204 35 31 of
1491 5216 65 23 any
1579 5207 93 35 other

914 5237 79 31 such
1010 5241 206 41 prospecting
1239 5253 84 24 area.
1370 5242 168 41 Provided*
1546 5251 125 37 further

912 5282 73 35 that
1008 5284 77 35 such
1112 5289 180 40 protection
1310 5291 82 35 shall
1416 5296 77 42 only
1517 5300 153 34 continue

914 5339 33 21 in
964 5329 84 32 force
1063 5332 84 31 until
1163 5334 75 39 gold
1254 5336 27 30 is
1296 5338 120 40 struck,
1429 5341 33 31 in
1478 5343 107 33 which
1598 5357 72 21 case

914 5373 55 35 the
993 5374 170 47 discovery
1186 5378 84 37 shall
1286 5381 38 36 be
1349 5388 160 41 reported,
1528 5401 35 23 or
1587 5394 83 33 until

914 5421 54 33 the
985 5422 129 35 holders
1130 5437 52 21 are
1200 5430 148 40 required
1365 5432 42 40 by
1418 5434 54 33 the
1486 5437 141 34 Warden
1638 5444 32 29 to

913 5467 95 34 mark
1037 5480 19 23 a
1082 5473 208 47 prospecting
1312 5476 108 45 claim,
1444 5481 32 34 in
1507 5484 103 36 either
1639 5486 35 35 of

915 5515 103 35 winch
1035 5529 89 23 cases
1141 5532 18 21 a
1175 5525 209 44 prospecting
1407 5529 96 34 claim
1526 5533 84 33 shall
1632 5534 38 34 be

914 5562 134 33 marked
1074 5566 65 31 and
1164 5568 128 43 applied
1316 5571 50 33 for
1391 5585 35 21 as
1453 5578 156 40 provided
1637 5582 33 31 in

914 5608 194 40 Regulation
1139 5611 48 35 11.
1218 5616 66 32 and
1310 5618 51 38 V.,
1393 5620 65 34 and
1491 5627 179 39 protection

912 5656 83 32 shall
1011 5656 180 46 thereupon
1209 5672 90 23 cease
1317 5675 34 21 as
1368 5669 33 30 to
1418 5667 54 35 the
1486 5671 185 36 remainder

912 5701 35 33 of
959 5703 78 32 such
1055 5707 207 42 prospecting
1279 5721 83 22 area.

954 5748 31 31 It
1011 5749 82 33 shall
1122 5751 37 32 be
1182 5752 112 35 lawful
1315 5755 49 33 for
1387 5757 53 34 the
1469 5761 141 35 Warden
1638 5768 32 29 to

913 5805 104 24 renew
1041 5796 85 35 from
1152 5801 78 32 time
1253 5806 33 28 to
1310 5803 78 34 time
1409 5804 56 37 the
1489 5812 181 38 protection

912 5839 48 33 for
989 5852 18 20 a
1038 5847 209 39 prospecting
1282 5859 83 22 area.
1412 5852 156 34 Prrvided
1599 5856 72 33 that

912 5885 78 33 such
1028 5890 148 33 renewed
1210 5896 180 39 protection
1423 5898 83 33 shall
1538 5905 57 29 not
1634 5902 36 34 be

912 5933 135 39 granted
1074 5935 47 33 for
1145 5948 89 23 more
1253 5940 80 33 than
1358 5942 89 34 three
1477 5946 135 36 months
1634 5956 36 26 te

912 5987 64 31 any
993 5982 88 30 twe,

711 53 136 52 THE
915 53 218 55 LYELL
1198 61 218 59 TIMES,
1485 67 362 59 SATURDAY,
1918 71 372 54 NOVEMBER
2361 93 50 47 14

215 176 87 41 fi.M.
329 180 436 48 COUttT.—(CrtNtiNUED.)

2503 5887 133 36 Printed
2654 5894 63 32 and
2736 5896 173 43 published
2934 5900 49 35 for
3002 5903 54 35 the
3082 5905 186 47 Propriety

2561 5947 43 54 L
2653 5964 49 37 uV
2702 5940 59 35 Ck
2830 5951 33 26 :lt
2881 5945 56 34 the
3168 5956 99 38 Ofl|«i

2542 5982 94 34 otthe
3032 5998 119 43 Street,
3159 5999 108 39 LwlL

2540 6027 134 49 <fea»(jy
2691 6031 35 34 of
2739 6032 121 46 BdUec,
2880 6038 128 48 Gelaqy
3024 6043 37 36 #f
3069 6045 36 29 ~V.
3119 6045 32 40 &

1846 216 225 44 3ANDSR
2098 219 30 43 &
2158 218 147 45 SONS'

1696 262 400 48 EUCALYPTI
2145 267 308 48 SXTiiACr.

1740 364 176 40 (Deutsche
1952 364 83 33 Mh\.
2069 364 261 37 Wocheiiscdn'iffc
2363 372 90 32 1879s

1702 409 127 40 Mosier,
1850 410 100 40 M.D.,
1968 411 166 35 Professor
2150 420 32 27 at
2198 414 52 33 the
2267 415 190 43 University

1699 455 201 38 Greifswald,
1947 456 177 44 Germany,
2172 467 124 35 reports
2314 470 50 22 :
2388 462 68 32 The

1698 500 172 45 Eucalypti
1900 501 131 35 Extract
2063 505 120 43 proved
2206 507 251 43 magnificently

1699 548 174 33 successful
1910 550 33 31 in
1983 561 77 31 very
2106 563 109 22 severe
2253 555 201 39 contusions,

1701 593 129 39 bruises,
1843 594 139 43 sprains,
1994 597 144 38 woumL,
2148 598 175 41 scalding,
2332 601 124 34 broken

1700 639 72 37 ribs,
1785 641 61 30 an!
1862 641 106 31 limbs.
2010 641 31 33 It
2052 642 187 46 effectually
2251 651 91 39 Rtays
2352 648 45 33 ail
2406 648 32 33 in-

1700 684 202 35 flammation
1922 687 61 32 and
2003 688 156 41 swelling.
2208 691 85 39 Also,
2320 694 54 31 the
2392 707 47 19 ser-

1702 740 82 21 vices
1801 730 130 32 derived
1948 733 82 31 from
2044 735 24 29 it
2079 746 31 19 m
2129 736 41 30 ail
2181 736 162 33 disorders
2357 739 34 31 of
2401 740 54 31 the

1700 775 191 46 respiratory
1906 789 127 31 organs,
2048 791 35 22 as
2094 790 109 35 croup,
2218 781 173 46 diptheria,
2408 787 30 33 in-

1700 820 203 34 flammation
1936 825 34 30 of
1992 826 54 29 the
2074 826 170 34 bronchial
2269 830 92 32 tubes
2392 833 63 30 and

1700 863 105 44 lungs,
1823 868 131 33 chronic
1980 870 141 41 citirrh,
2140 871 190 43 bronchitis,
2356 877 99 40 colds,

1701 912 64 40 &c,
1783 925 52 21 are
1854 920 56 27 not
1935 921 29 26 to
1982 915 37 34 be
2036 919 150 42 equalled
2211 921 40 43 by
2275 933 63 33 any
2363 927 94 30 other

1702 958 231 36 medicament.

1735 1015 156 45 Sander
1924 1018 82 44 and
2044 1018 114 48 Son's
2199 1023 220 55 Eucalypti

1992 1077 183 40 Hixtract.

1884 1121 78 31 Mj])
1967 1142 18 19 m
2009 1125 175 39 Professor,
2218 1127 64 39 &c,
2309 1128 146 42 London,

1701 1166 54 33 the
1773 1166 146 43 Leading
1942 1180 139 33 surgeon
2098 1173 35 31 of
2148 1173 52 34 the
2219 1182 130 35 present
2366 1178 89 40 time,

1702 1213 104 32 stated
1822 1220 33 26 at
1871 1213 54 34 the
1942 1215 62 33 last
2026 1220 145 39 meeting
2187 1223 34 29 of
2241 1222 54 32 the
2319 1223 138 34 Clinical

1703 1258 136 44 Society,
1852 1259 146 42 London,
2009 1274 34 21 as
2059 1264 170 43 published
2239 1269 31 31 in
2283 1269 174 35 Gaillard's

1702 1305 139 33 Medical
1863 1305 105 35 Journ
1981 1309 30 37 d,
2030 1310 70 32 that
2118 1312 52 32 the
2196 1314 173 43 Eucalypti
2392 1317 42 32 Ex-

1702 1357 81 26 tract
1799 1352 25 31 is
1841 1352 54 31 the
1914 1352 68 34 best
1997 1354 119 35 known
2140 1359 172 43 antiseptic
2331 1363 126 41 (means

1702 1397 32 32 of
1748 1404 191 37 preventing
1955 1403 241 43 putrefaction).

1724 1451 156 47 Sander
1920 1456 81 45 and
2048 1458 115 47 Son's
2213 1462 221 60 Eucalypti

1983 1511 182 46 Extract.

1744 1560 183 43 (American
1947 1563 139 34 Medical
2098 1566 148 43 Journal,
2262 1571 193 39 November,

1703 1608 89 39 1381)
1809 1608 82 31 —ln
1909 1608 139 35 diseases
2065 1613 34 31 of
2119 1614 54 32 the
2196 1615 132 44 kidney,
2353 1618 105 34 either

1702 1651 102 33 active
1822 1656 185 37 congestion
2023 1668 35 20 or
2069 1662 207 38 suppression
2295 1664 158 43 (uraemia)

1702 1698 41 31 all
1759 1697 228 42 albuminuria,
2006 1702 118 43 dropsy
2127 1724 8 18 s
2152 1704 150 43 lithiasis,
2321 1710 136 40 nothing

1702 1743 64 32 will
1783 1745 94 40 equal
1894 1756 32 21 m
1947 1747 38 31 its
1997 1748 106 34 action
2123 1750 175 46 Eucalypti
2312 1756 143 34 Extract.

1704 1789 111 37 Doses,
1847 1790 62 33 live
1939 1796 32 28 to
2002 1794 88 40 eight
2124 1796 96 43 drops
2248 1801 35 31 in
2319 1813 19 21 a
2375 1802 81 33 little

1702 1836 181 33 sweetened
1914 1844 99 29 water
2043 1845 91 29 twice
2168 1855 35 22 or
2233 1845 88 36 three
2363 1849 92 34 limes

1702 1881 96 42 daily.
2046 1881 4 42 '
2467 1881 1 42 ,

1724 1938 157 45 Sander
1922 1942 82 44 and
2057 1944 116 47 Son's
2213 1948 221 58 Eucalypti

1989 1995 184 48 Extract.

1743 2043 112 42 (From
1869 2045 173 36 American
2056 2051 139 34 Medical
2205 2053 149 42 Journal,
2368 2057 89 40 Jan.*

1703 2090 146 42 1882).
1850 2090 121 44 Pitzer,
2006 2095 79 35 M.D
2087 2118 21 18 M
2134 2097 166 37 Professor
2328 2103 130 43 Theory

1702 2136 64 30 and
1783 2135 147 35 Practice
1944 2140 36 32 of
1994 2141 169 38 Medicine,
2176 2146 175 34 American
2367 2150 67 32 Med-

1700 2180 62 33 ical
1779 2180 143 44 College,
1940 2196 75 32 says
2028 2187 86 34 :—lt
2128 2188 28 34 is
2169 2190 54 35 the
2239 2191 71 36 best
2323 2196 135 43 remedy

1702 2227 119 33 known
1843 2228 33 34 in
1903 2232 267 44 typhomalarial,
2194 2239 137 42 typhoid
2357 2242 100 40 fever,

1701 2273 186 43 erysipelas,
1899 2276 196 45 diphtheria,
2109 2283 115 33 scarlet
2237 2285 97 40 fever,
2348 2288 91 33 small-

1702 2330 71 31 pox,
1791 2319 65 42 &c,;
1881 2322 25 32 it
1929 2323 187 44 effectually
2131 2329 125 34 retards
2279 2332 56 33 the
2359 2333 82 34 disin-

1701 2366 161 42 tegration
1899 2370 35 31 of
1959 2370 56 34 the
2045 2373 124 35 animal
2204 2375 108 41 fluids,
2350 2380 108 34 which

1703 2412 105 41 might
1823 2414 101 33 result
1940 2416 33 31 in
1994 2429 17 19 a
2034 2421 129 36 general
2187 2422 217 46 breaking-up
2428 2429 35 31 of

1701 2457 54 32 the
1774 2458 94 32 blood
1886 2461 64 32 and
1966 2462 33 32 in
2016 2462 110 35 death.

1725 2514 156 45 Sander
1929 2516 82 46 and
2053 2520 116 47 Son's
2218 2525 219 59 Eucalypti

1981 2572 182 48 Extract.

1744 2621 112 37 (From
1900 2620 45 38 St.
1992 2626 97 34 Louis
2133 2631 141 35 Electric
2319 2633 141 37 Medical

1701 2667 147 39 Journal,
1888 2669 90 39 Lee,
2018 2674 103 39 1881).
2133 2694 40 4 —
2184 2678 123 33 Cancer
2336 2682 35 31 of
2404 2682 55 32 the

1702 2712 417 46 Tongue—Patient,-Mrs.
2290 2750 7 16 ,
2313 2726 39 34 35
2364 2739 96 31 years

1702 2759 62 32 old.
1824 2761 166 35 Evidence
2020 2766 35 31 of
2081 2769 179 34 scrofulous
2291 2772 167 35 diathesis.

1702 2805 186 34 Prescribed
1912 2808 72 33 four
2012 2810 96 44 drops
2125 2819 32 27 to
2180 2810 38 38 be
2242 2817 98 33 taken
2368 2820 92 33 three

1703 2851 94 31 times
1825 2852 89 40 daily
1932 2864 6 28 ;
1963 2855 78 40 also,
2070 2864 119 35 tongue
2221 2864 118 31 wetted
2368 2865 91 33 three

1703 2900 94 28 tunes
1849 2897 79 34 with
1978 2900 56 34 the
2082 2903 178 47 Eucalypti
2310 2909 147 36 Extract*

1703 2943 136 32 Treated
1863 2956 35 20 as
1922 2946 100 33 above
2053 2949 49 32 for
2131 2951 73 32 four
2233 2954 118 40 weeks,
2379 2956 81 33 then

1703 2987 190 42 discharged
1910 2992 107 32 cured.

1746 3043 42 45 (J.
1830 3041 41 39 H.
1911 3047 145 46 Rnttley,
2103 3047 101 46 M.D.,
2250 3055 99 43 Prof.,
2394 3060 65 39 &c,

1702 3091 407 45 Philadelphia).—Since,
2125 3100 34 30 in
2184 3101 53 32 the
2257 3113 73 23 case
2352 3105 37 32 of
2409 3106 52 32 Mr

1705 3136 132 41 Mercer,
1855 3137 36 33 of
1907 3139 141 44 Kerang,
2065 3143 73 34 who
2154 3145 65 34 had
2229 3146 82 36 been
2327 3150 133 36 advised

1702 3182 41 41 by
1772 3184 54 33 the
1860 3185 141 35 Medical
2023 3190 124 34 officers
2174 3193 35 32 of
2227 3194 54 34 the
2312 3197 147 35 Bendi<yo

1703 3229 152 41 Hospital
1873 3234 32 28 to
1922 3232 83 33 have
2023 3234 50 33 his
2090 3241 120 35 tongue
2220 3242 165 39 removed,
2395 3243 65 34 like

1702 3274 150 42 splendid
1868 3278 117 32 results
2003 3279 82 34 have
2096 3283 144 33 attained
2250 3286 140 44 through
2403 3290 56 33 the

1702 3320 198 42 application
1917 3323 35 33 of
1964 3323 54 35 the
2034 3326 178 46 Eucalypti
2229 3330 147 37 Extract.

1727 3376 156 45 Sander
1923 3380 82 42 and
2055 3381 115 47 Son's
2218 3386 221 61 Eucalvpti

1984 3432 182 48 Extract.

1744 3480 99 33 From
1866 3483 55 32 the
1946 3484 137 35 Clinical
2107 3488 136 42 Record,
2267 3494 36 32 of
2320 3495 139 44 August,

1704 3527 104 43 1881).
1883 3530 147 43 Surgical
2067 3533 103 37 Clinic
2215 3537 36 35 of
2293 3539 169 40 Professor

1705 3574 174 43 M'lntyre,
1917 3577 129 44 College
2083 3582 35 31 of
2157 3582 195 44 Physicians
2396 3592 64 32 and

1704 3619 173 43 Surgeons,
1893 3621 47 33 St.
1955 3623 295 39 Louis—Scirrhus
2260 3633 36 30 of
2303 3633 158 35 Breast-

1702 3665 156 34 Excision
1872 3676 7 23 :
1896 3668 177 46 Eucalypti
2088 3671 138 38 Extract
2241 3678 174 45 employed
2426 3694 34 23 as

1702 3723 109 32 spray,
1842 3715 64 31 and
1936 3715 158 45 dressing.
2138 3720 104 42 Eight
2268 3724 80 42 days
2379 3729 83 33 after

1702 3763 168 37 operation
1890 3758 181 37 Professors
2086 3762 110 36 Bauer
2210 3767 66 34 and
2293 3769 167 47 M'lntyre

1702 3804 97 33 noted
1843 3803 56 36 the
1943 3806 166 46 following
2151 3812 168 37 condition
2337 3826 50 24 :
2410 3820 28 33 H
2453 3803 15 50 0

1702 3849 156 43 swelling,
1875 3851 77 34 heat
1966 3864 38 22 or
2018 3853 241 44 discoloration,
2276 3873 80 23 near
2375 3876 36 23 or
2427 3868 35 32 in

1702 3895 55 33 the
1780 3897 131 40 wound,
1935 3897 106 35 wkicli
2065 3900 59 34 has
2141 3903 113 34 united
2277 3908 103 43 fully;
2404 3912 56 34 the

1702 3943 125 43 patient
1842 3943 136 36 allowed
1994 3949 32 31 to
2043 3949 113 34 attend
2166 3954 33 31 to
2212 3950 58 36 her
2279 3952 181 41 household

1703 3989 105 32 duties
1825 3991 106 38 again.

1727 4034 155 47 Sander
1931 4034 82 49 and
2055 4040 115 47 Son's
2218 4045 221 59 Eucalypti

1982 4091 183 48 Extract.

1745 4152 150 42 (Clinical
1925 4153 137 42 Record,
2095 4158 88 43 Sept,
2216 4163 245 41 1880).—The

1702 4197 173 34 American
1910 4199 140 37 medical
2087 4207 181 40 profession
2307 4222 83 30 uses,
2427 4214 35 34 in

1702 4245 204 42 gouorrhaei,
1931 4259 35 19 as
1982 4259 41 21 an
2046 4250 169 41 injection,
2233 4266 42 21 an
2298 4259 164 32 emulsion

1702 4289 34 33 of
1761 4298 62 25 one
1847 4301 103 23 ounce
1973 4303 78 32 gum
2078 4296 129 41 Arabic,
2234 4300 35 32 in
2296 4303 41 32 30
2364 4315 37 22 or
2422 4306 42 32 40

1703 4347 119 22 ounces
1837 4336 35 33 of
1886 4344 108 32 water,
2011 4341 129 41 applied
2157 4343 75 34 four
2248 4348 97 34 times
2362 4349 98 46 daily.

1703 4377 100 47 Eight
1826 4383 96 43 drops
1944 4384 97 44 given
2058 4387 172 45 inwardly,
2255 4404 80 26 once
2361 4397 101 45 daily,

1703 4435 150 35 prevents
1869 4430 186 43 effectually
2071 4440 262 34 contamination
2352 4445 35 30 of
2406 4446 56 32 the

1701 4473 98 35 blood
1815 4475 34 33 in
1864 4475 69 34 foul
1950 4476 136 37 disease.

1910 4567 346 42 CAUTION.

1726 4623 157 45 Sander
1931 4627 82 43 and
2055 4628 116 47 Son's
2220 4634 221 61 Eucalypti

1996 4680 184 49 Extract.

1745 4731 59 42 (St.
1829 4731 87 33 Lous
1940 4732 137 36 Clinical
2095 4737 135 39 Record,
2255 4743 75 34 Jan.
2357 4747 92 41 1882)

1702 4778 186 38 —Hazard,
1915 4779 89 32 M.D.
2029 4781 79 33 Prof
2138 4785 38 31 of
2194 4786 183 49 Pathology
2400 4795 66 33 and

1704 4822 149 34 Diseases
1877 4823 37 33 of
1933 4824 53 33 the
2013 4826 103 42 Mind,
2149 4839 120 28 states:
2296 4835 61 37 We
2381 4839 83 36 have

1702 4868 173 33 examined
1898 4870 71 32 half
1987 4882 18 21 a
2022 4873 102 34 dozen
2142 4881 184 39 specimens
2342 4884 36 33 of
2397 4887 44 33 Eu-

1702 4914 121 45 calypti
1835 4915 146 35 Extract,
2012 4919 154 38 Sander's
2176 4936 118 34 prepar
2303 4929 82 36 ition
2400 4945 65 24 was

1703 4961 54 32 the
1802 4963 77 39 only
1922 4974 61 21 one
2020 4967 110 33 which
2175 4978 214 40 corresponds
2433 4985 32 29 to

1703 5006 157 34 scientific
1876 5012 90 29 tests.

1743 5052 68 33 Our
1837 5057 210 39 preparation
2077 5061 27 31 is
2135 5063 55 33 the
2220 5067 80 43 only
2326 5071 123 34 existin-

1704 5098 129 35 volatile
1857 5106 136 36 extract,
2018 5103 63 36 free
2100 5108 34 33 of
2154 5110 40 33 all
2219 5114 150 37 resinous

1701 5146 102 32 tides.
1856 5148 54 31 All
1946 5150 95 33 other
2077 5161 228 37 preparations
2342 5165 35 32 of
2410 5166 55 33 the

1703 5192 215 43 Eucalyptus,
1945 5205 42 22 no
2014 5205 120 27 matter
2166 5214 107 25 wnere
2298 5213 146 33 manufac-

1703 5237 94 32 tured
1834 5249 54 21 are
1904 5239 110 40 crude,
2032 5246 148 34 resinous
2204 5251 72 39 oils,
2301 5253 166 37 irritating

1703 5283 64 34 and
1793 5284 180 44 blistering,
1996 5289 113 35 rather
2124 5297 136 41 causing

1704 5335 67 27 tion
1795 5330 82 31 than
1901 5336 133 37 staying
2056 5336 35 37 it,
2109 5339 66 31 and
2198 5341 36 32 of
2253 5345 65 30 real
2344 5345 123 38 dancer

1702 5374 28 34 if
1749 5375 193 45 eiTcnously
1965 5378 131 45 applied
2119 5383 33 34 in
2176 5385 110 38 throat
2312 5390 142 40 diseases

1698 5423 58 32 «&c.

1745 5468 50 32 No
1824 5467 118 36 bottles
1965 5472 142 40 genuine
2128 5483 114 41 except
2265 5482 94 38 those
2385 5487 81 37 with

1703 5517 100 31 laoels
1832 5517 135 41 bearing
1993 5531 60 22 our
2079 5523 168 41 signature
2279 5533 65 33 attd
2375 5538 90 32 trade

1705 5561 104 39 mark,
1839 5563 66 31 and
1929 5566 134 31 secured
2088 5573 127 32 outside
2239 5576 78 34 trith
2343 5591 19 20 a
2388 5583 79 36 pink

1707 5618 143 32 wrapper
1888 5609 66 32 and
1990 5621 98 28 green
2135 5615 97 43 ba«d,
2279 5623 54 34 the
2371 5627 97 36 latter

1702 5653 137 43 •bearing
1856 5664 59 22 our
1931 5655 139 34 location
2089 5661 63 33 and
2171 5664 178 44 signature.

1746 5710 186 34 Directions
1950 5720 47 26 tor
2012 5726 56 22 use
2084 5717 79 34 with
2182 5725 78 31 each
2279 5726 111 36 bottle.

1726 5802 289 36 SANDER
2065 5809 28 33 A
2118 5811 27 31 N
2172 5813 30 33 D
2253 5818 21 31 S
2299 5821 79 32 0X
2402 5823 42 28 *T

1900 5851 196 43 Sandhurst,
2115 5856 155 40 Victoria.

1759 5940 30 34 33
1816 5941 131 36 UNC
1975 5947 25 31 A
2025 5946 27 34 N
2121 5950 154 38 M<LE
2300 5959 79 31 AX
2399 5987 6 14 ,

1909 6002 120 43 Agent,
2045 6006 215 42 GreyunoiUk

2597 251 58 34 T.I
2674 253 21 31 K
2724 252 49 33 >.f
2792 252 94 35 \M\>
2929 257 69 30 U'i
3004 251 4 36 1

2970 273 2 24 -
2993 273 5 15 '
3013 286 5 11 ,
3056 273 54 20 L-/
3120 275 19 19 i)

2495 364 53 45 p
2572 364 50 34 KT
2641 365 37 35 IT
2706 367 46 33 \Y

2829 383 7 19 :
2853 382 174 24 paris:«ro»
3029 386 5 7 ,
3039 386 13 19 s
3072 376 65 36 and
3154 383 5 29 I
3172 391 83 27 runs

2491 480 201 38 '•omp-in-.-H
2727 476 66 32 iii.d
2831 487 46 19 Mh
2895 485 102 27 le.iies
3031 491 57 25 are
3121 485 132 38 warned

2491 534 129 27 .U-'UI.S!
2657 541 15 14 »'
2684 538 93 22 \\.Vlr
2791 542 55 25 :;.L{
2880 542 58 22 yjJV
2987 532 3 41 i
3001 538 51 28 est
3064 542 14 26 I'
3085 548 100 23 i.HHeil
3194 543 59 30 toi

2491 588 69 23 s:oe
2581 589 38 20 it
2641 585 153 29 transfer
2818 593 41 22 un
2882 595 52 21 e>s
2953 583 60 36 tlit?
3028 597 101 24 iiatui*
3147 593 32 32 of
3201 592 58 35 the

2494 639 4 41 i
2506 642 43 19 iul
2551 639 4 41 '
2560 640 10 21 (
2594 642 25 18 i;l
2628 639 3 41 '
2634 642 49 19 vr
2720 643 6 16 r
3039 649 26 22 h
3102 645 155 35 inserted

2667 691 28 25 ;..'
2740 697 38 20 or
2813 688 2 44 I
2834 699 17 22 c
2858 692 73 30 l.--re
2971 692 56 32 lilt*
3068 703 187 29 execution

2662 745 14 22 :i
2703 736 186 35 >i.:t,i«iium
2927 740 143 45 penalty
3092 750 32 29 oj
3159 746 100 38 £IOO

2494 791 105 29 un-ler
2650 788 131 37 *eeihni
2834 792 71 34 hi..:.
3092 798 93 37 ir:eui
3198 806 56 30 red

2493 839 155 43 W»e«T».y.
2703 839 78 47 Am?
2801 858 5 13 ••
2820 844 64 33 u«-h
2901 854 229 40 instrument,
3147 862 96 27 more

2493 897 92 32 «»Vrr,
2608 902 174 29 sosiui.Utl
2806 908 26 21 is
2864 900 201 46 fiii.-oiufeiy
3090 904 76 36 void
3188 907 68 35 and

2494 943 226 43 mnperalive.
2755 948 65 35 ;jnd
2851 949 83 34 does
2964 959 61 29 not
3046 955 114 38 dived
3198 968 7 25 l
3215 958 42 36 he

2495 1003 61 25 ir.u
2708 1005 29 26 oi
2778 999 49 34 his
2847 1010 144 27 interest
3017 1006 151 40 therein,
3189 1013 67 34 and

2495 1046 38 36 he
2554 1049 148 35 icmain*
2726 1053 269 38 iuble.thereon
3018 1072 35 19 as
3076 1066 20 28 it
3131 1061 39 34 he
3193 1063 62 39 had

2495 1112 102 19 n.-vw
2618 1105 87 40 <iuj)i
2726 1108 56 28 s*.jj
2805 1111 29 27 (ji
2874 1114 5 22 ;
2893 1105 4 45 |
2904 1119 27 20 ie
2954 1120 103 23 same.
3129 1110 30 36 Il
3199 1115 56 35 |he

2493 1152 195 36 Iransieror
2725 1155 38 35 be
2785 1169 16 22 a
2837 1157 153 39 licensed

2495 1204 49 33 hts
2565 1205 128 35 !ite?jse
2731 1207 26 36 is
2792 1212 164 35 forfeited
2991 1227 41 22 on
3056 1218 198 40 eoiiviefif.n

2493 1258 63 31 and
2580 1256 185 39 thnvaitef
2802 1264 39 33 he.
2862 1276 27 22 is
2919 1265 219 50 disqualified
3172 1272 88 39 from

2493 1323 24 19 a,
2524 1315 4 52 *
2536 1319 20 22 t;
2570 1325 58 42 -;'_
2643 1325 36 21 as
2754 1315 127 35 broker
2902 1332 36 20 or
2973 1323 85 34 huua
3098 1323 121 39 havi»«>
3245 1343 6 21 i

2495 1362 3 47 •
2510 1362 75 35 r«-s!i
2610 1362 128 39 iieense
2754 1366 113 38 issued
2893 1377 34 28 to
2945 1372 77 37 him.

2592 1493 150 38 Poßl'
2761 1501 28 32 A
2810 1498 27 37 Q
2869 1500 21 36 G
2946 1504 217 42 RATES.

2719 1642 105 26 TOWN
2857 1645 171 29 LETTERS.

2545 1677 126 40 Posted
2705 1690 37 29 at
2771 1697 65 33 any
2877 1687 79 37 Post
2991 1691 109 38 Office
3137 1696 122 40 witbin

2495 1740 55 36 il»e
2572 1742 121 50 colony
2717 1747 50 35 for
2789 1748 149 51 delivery
2961 1761 32 28 a
3015 1766 37 25 or
3065 1755 90 40 from
3171 1761 87 38 such

2496 1802 44 21 L>„
2557 1812 16 11 .*
2602 1801 63 22 t\A*.

2498 1873 17 33 N
2516 1872 5 10 T
2528 1885 35 25 »it
2581 1879 192 47 exceeding
2796 1881 68 38 hall
2884 1899 42 22 an
2947 1899 114 28 ounce
3126 1923 35 8 ...
3220 1893 40 40 id

2498 1926 198 47 Exceeding
2715 1931 74 38 half
2804 1947 42 23 an
2867 1948 124 35 ounce,
3023 1942 63 37 but
3104 1952 63 28 not

2539 1983 192 44 exceeding
2752 1998 66 24 one
2838 2001 114 26 ounce
3126 2029 34 6 ...
3217 2002 44 36 2d

2498 2030 33 37 Pi
2547 2046 15 21 r
2580 2046 106 37 every
2710 2036 72 36 half
2799 2053 112 24 ounce
2930 2056 81 25 over
3032 2055 66 29 one
3130 2078 33 12 ~.
3219 2053 43 38 lj

2690 2116 175 31 COUNTRY
2884 2123 174 31 LETTERS.

2545 2154 124 37 Posted
2691 2166 35 26 at
2746 2172 65 32 any
2844 2168 80 38 post
2942 2164 98 40 office
3061 2171 119 38 within
3203 2173 60 41 the

2495 2218 122 48 colony
2656 2224 52 33 for
2746 2223 156 50 delivery
2935 2235 36 30 at
3003 2244 39 23 or
3075 2234 88 38 from
3196 2251 67 37 any

2493 2281 103 36 other
2611 2291 75 39 post
2703 2284 98 39 office
2824 2288 119 40 within
2967 2293 58 37 the
3044 2300 125 48 colony
3184 2317 55 21 :

2498 2349 69 37 Not
2587 2354 193 48 exceeding
2800 2356 74 38 half
2890 2373 41 24 an
2954 2376 114 27 ounce
3128 2400 21 8 ..
3217 2374 34 36 2(

2498 2403 197 50 Exceeding
2717 2408 68 36 half
2804 2423 42 23 an
2868 2423 124 38 ounce,
3012 2419 62 36 but
3105 2427 63 31 not

2538 2460 193 47 exceeding
2748 2474 66 24 one
2832 2476 115 28 ounce

2498 2507 65 35 For
2598 2523 102 34 every
2742 2514 66 36 n'f
2839 2528 114 29 ounce
2982 2533 86 26 over
3102 2537 68 26 one

2541 2574 114 26 ounce
2749 2597 35 8 ...
2938 2603 36 8 ...
3126 2607 47 12 _
3211 2583 49 38 2d

2645 2658 238 30 AUSTRALIAN
2911 2664 195 31 COLONIES.

2497 2713 73 39 Not
2587 2720 191 47 exceeding
2800 2722 74 40 half
2897 2737 41 26 an
2960 2741 112 27 ounce
3126 2766 36 9 ...
3215 2738 46 39 2d

2498 2768 198 51 Exceeding
2714 2773 75 37 half
2816 2791 42 22 an
2879 2792 123 34 ounce,
3025 2785 63 36 but
3105 2793 65 33 not

2540 2827 192 43 exceeding
2752 2840 66 24 one
2838 2843 113 26 ounce
3127 2869 35 9 ...
3215 2841 49 40 4d

2497 2872 67 36 For
2597 2888 101 37 every
2733 2877 74 39 haif
2838 2894 113 26 ounce
2987 2898 84 27 over
3102 2903 67 26 one

2541 2940 114 25 eunce

2521 3015 172 28 ENGLAND
2721 3017 76 29 AND
2824 3021 169 31 FOREIGN
3011 3027 225 34 COUNTRIES*

2708 3092 69 39 Per
2796 3093 93 40 Half
2918 3099 139 40 Ounce.

2500 3141 130 41 United
2658 3145 189 51 Kingdom,
2881 3152 52 38 via
2963 3158 66 35 San
3060 3156 110 40 Fran-

2542 3210 92 23 Cisco
2655 3201 66 35 atrd
2750 3205 89 34 Suez
3129 3235 9 10 ,
3143 3234 10 12 %
3160 3238 8 8 .
3220 3201 4 46 (

2502 3248 128 37 United
2669 3253 117 37 State*
2822 3255 39 36 of
2902 3257 176 50 America,
3119 3264 55 38 via

2542 3302 67 35 San
2633 3303 194 40 Francisco
3220 3302 4 47 ,

2497 3354 182 39 Sandwich
2700 3357 153 48 Islands,
2884 3362 51 37 via
2971 3364 68 37 San
3060 3366 89 39 Fran-

2542 3417 45 25 en
2596 3420 40 23 co
2940 3447 21 8 ..
3220 3417 4 42 ,

2497 3458 180 38 Canadian
2725 3462 222 50 Dominions,
2993 3471 53 35 via
3104 3473 70 38 San

2543 3509 195 42 Francisco
2942 3553 33 8 ...
3220 3530 22 38 g
3246 3547 5 21 (

2500 3563 130 37 British
2653 3567 188 40 Columbia
2942 3603 34 9 ....
3132 3559 34 60 [][
3234 3584 10 17 i

2500 3615 101 38 West
2622 3617 122 39 Indies

2498 3667 152 48 Mexico,
2670 3671 53 37 via
2740 3672 66 39 San
2832 3673 192 46 Francisco
3127 3717 22 8 ..
3229 3669 11 57 \

2497 3723 146 35 Central
2668 3726 164 38 America
3229 3743 14 21 i

2497 3773 110 39 South
2627 3774 175 51 America,
2821 3780 53 39 via
2890 3784 68 36 San
2978 3785 190 44 Francisco
3229 3768 38 63 ll

2753 3860 260 33 NEWSPAPERS.

2502 3910 125 39 Posted
2663 3927 19 24 a
2731 3929 67 25 an?
2831 3918 100 40 office
2963 3923 125 42 within
3117 3931 62 36 tbe

2542 3966 123 49 colouj
2686 3977 55 28 lor
2761 3972 154 39 deliver?
2936 3982 36 30 at
3001 3979 59 36 the
3078 3993 97 27 same

2502 4069 21 18 D
2542 4014 100 41 office
2971 4061 5 3 •
3129 4059 40 12 ...
3221 4037 46 47 u

2502 4072 124 34 Posted
2659 4081 36 27 at
2726 4087 67 36 any
2827 4076 100 39 office
2959 4083 125 37 within
3112 4087 63 37 tke

2542 4122 123 49 colony
2688 4127 53 34 for
2761 4127 153 49 delivery
2935 4139 36 29 at
2987 4147 67 35 any
3071 4136 106 39 other

2544 4173 97 38 office
2660 4177 120 37 within
2802 4181 59 35 the
2879 4184 128 47 colony
3033 4175 8 7 *
3132 4221 36 8 ...
3223 4195 21 23 i
3248 4208 7 20 (
3256 4193 13 39 \

2498 4226 205 39 Australian
2723 4232 168 38 Colonies
3135 4222 33 60 ..'
3226 4246 43 39 n

2500 4276 131 38 United
2658 4280 181 48 Kingdom
3224 4297 44 40 ]^

2690 4361 63 37 Vi\
2775 4367 65 33 San
2873 4366 205 43 Francisco.

2500 4422 131 39 United
2655 4427 119 37 States
2795 4431 30 33 of
2850 4432 165 39 America
3133 4470 35 8 ...
3224 4444 45 36 Id

2499 4475 183 40 Sandwich
2702 4478 142 40 Islands
3225 4497 43 19 ij

2500 4527 177 39 Canadian
2700 4532 214 40 Dominions
3165 4577 5 7 .
3223 4549 44 36 26

2505 4578 128 39 British
2658 4583 189 42 Columbia
3223 4600 45 39 %$

2505 4632 97 36 West
2623 4633 125 42 indies
3222 4656 44 36 2d

2501 4683 143 40 M>>ico
3165 4683 3 40 *
3222 4709 47 14 oi

2501 4737 25 21 n
2580 4721 4 37 ,
2637 4740 7 18 i
2678 4744 8 14 i
3135 4721 134 26 ...40

2501 4748 145 29 Lcntral
2669 4748 162 35 America
3225 4762 41 35 2d

2500 4791 113 36 South
2637 4796 184 42 Arnerrica
3224 4810 42 40 2J

2737 4877 101 31 book
2865 4882 168 33 jackets

2505 4935 126 42 Posted
2664 4953 35 24 at
2730 4958 66 34 any
2831 4949 97 37 office
2962 4955 121 35 within
3121 4957 60 36 the

2546 4992 126 51 colony
2694 4995 55 36 for
2768 4999 155 50 delivery
2943 5010 34 30 at
3000 5005 59 38 the
3074 5019 108 37 same,

2549 5046 120 37 within
2709 5050 62 35 the
2806 5054 51 34 col
2877 5068 67 33 my,
2983 5058 60 34 the
3089 5061 25 35 A
3126 5074 36 23 us-

2547 5098 126 38 trihan
2698 5101 167 52 -oloniej,
2884 5122 38 23 or
2954 5108 60 42 tU
3047 5111 137 46 United

2553 5149 178 44 Kingdom
2836 5190 35 7 ...
2977 5166 14 34 \
3000 5177 39 24 O?J
3142 5200 35 7 _
3234 5171 41 38 y

2597 5204 55 36 Do
2836 5243 33 7 ••■
2973 5219 64 35 2oz
3141 5251 35 8 ...
3231 5225 35 35 2<j

2599 5256 53 38 Do
2836 5297 34 7 •••
2977 5270 59 43 fib
3140 5306 35 8 ...
3231 5279 35 36 4c

2507 5357 21 21 u
2597 5309 30 35 D
2634 5325 19 20 °
2686 5363 45 15 ~.
2837 5348 33 30 ;•■
2979 5322 57 36 »b
3141 5358 34 6 ...
3231 5331 35 33 8<

2507 5369 110 40 amy
2653 5363 196 43 additional
2880 5374 132 46 pound,
3032 5388 39 26 or
3092 5376 74 43 frac-

2548 5417 114 35 tional
2674 5428 43 38 pi
2726 5428 30 28 rt
2778 5424 33 34 of
2832 5437 18 23 a
2872 5430 121 41 pound
3144 5463 33 6 ...
3232 5433 46 38 «d

2708 5504 15 34 \
2744 5501 28 38 ia
2792 5503 67 40 San
2884 5504 204 44 Francisco.

2503 5567 133 40 Ucited
2676 5577 130 39 States,
2839 5593 105 33 every
2984 5581 57 44 Jib
3144 5618 35 7 ...
3233 5589 45 39 4J

2503 5622 183 39 Sandwich
2712 5629 136 37 Ish.nds
2994 5662 18 16 ~
3233 5639 45 40 4,|

2503 5673 178 43 Canadian
2708 5680 210 41 Dominions
2992 5717 22 14 ~
3144 5723 21 8 ..
3234 5698 44 36 ($^

2508 5725 128 36 Bn't'sh
2662 5732 25 25 r
2692 5746 19 19 0
2716 5732 69 36 lnn,
2796 5725 4 49 I
2819 5749 31 22 vn
3233 5748 22 26 ft
3264 5746 12 16 i

2538 5785 70 29 >st
2629 5784 125 34 indies
3249 5801 23 17 it
