2540 4010
33 100 483 130 NEW
554 64 914 178 ZEALAND
1575 72 854 145 GAZETTE

1211 245 98 32 AND

22 277 1214 166 WELLINGTON
1357 277 1092 166 SPECTATOR

571 482 213 40 PUBLISHED
830 478 130 39 EVERY
1004 471 258 42 WEDNESDAY
1306 469 87 38 AND
1439 463 226 43 SATURDAY
1711 463 204 40 MORNING.

2241 577 97 40 [Vol.
2361 573 62 33 111.

570 586 124 52 P<j)RT
718 593 282 37 NICHOLSON,
1025 583 257 39 SATURDAY
1305 583 239 37 MORNING,
1567 582 228 33 JANUARY
1817 584 29 34 7,
1872 580 86 31 1843,

63 616 61 29 No.
140 611 87 38 209.]

162 704 53 20 For
243 699 116 21 liondon
389 695 93 23 direct,
606 705 4 10 i

182 737 28 19 To
220 734 41 21 sail
270 739 10 14 c
293 734 33 24 rly
337 732 22 19 in
369 731 101 22 January.

186 772 44 24 HP
235 770 43 21 HE
303 767 47 22 well
372 767 76 20 known
474 762 43 21 fast
537 760 75 26 sailing

66 787 97 37 $t*f^
193 787 28 32 X
275 796 81 25 barque
391 790 110 28 Clydeside,
538 788 73 21 Alfred

36 811 143 37 /iJlrNNft.
200 823 85 22 Adams
296 819 146 25 commandei,
451 818 41 20 will
504 814 39 22 s-iil
556 814 54 24 early

34 840 145 36 -flMfc^ptfg
199 852 22 20 j.,
231 850 106 25 January.
366 847 34 21 As
409 847 58 19 mo*t
473 843 26 22 of
504 842 39 21 her
551 846 61 21 cargo

33 868 146 36 igfflga|^g
201 878 17 21 is
242 875 106 28 engaged,
374 872 117 25 intending
518 870 94 24 shippers

199 903 44 22 will
261 902 86 27 require
367 905 26 17 ta-
407 898 64 22 make
488 895 124 22 immedii'e

36 933 140 27 application.
206 928 140 27 Passengers'
357 934 37 14 are
414 925 44 22 also
477 923 107 27 require*
591 924 22 16 to
622 930 3 4 •

34 968 77 15 secure
122 960 36 21 the
175 957 79 22 berths,
267 964 23 13 as
300 955 51 26 only
369 961 12 13 a
398 953 39 21 few
454 959 37 13 are
510 956 48 15 now
574 951 40 18 dis-

36 987 107 26 engaged.
173 985 47 21 The
242 983 104 26 Clydeside
359 980 50 25 will,
429 978 150 25 immediately
586 981 26 14 on

37 1012 140 27 discharging
191 1012 40 20 her
248 1018 65 16 cargo
329 1010 23 20 in
370 1007 100 24 London,
485 1010 93 21 prepare
593 1005 22 17 to

36 1045 76 17 return
132 1042 23 17 to
174 1038 56 20 New
245 1035 106 22 Zealand.
383 1035 41 19 She
450 1032 41 21 will
510 1030 105 22 therefore

37 1066 67 23 afford
122 1072 26 14 an
167 1063 111 22 excellent
295 1059 140 30 opportunity
446 1059 32 21 for
498 1058 69 27 goods
583 1062 33 13 re-

37 1092 76 27 quired
131 1095 22 17 at
169 1089 38 22 the
228 1089 87 21 earliest
333 1086 75 27 period
430 1086 28 26 by
470 1091 80 20 parties
562 1084 54 21 lure,

38 1120 48 21 who
97 1126 37 14 are
143 1116 117 28 requested
271 1119 20 17 to
301 1115 93 21 instruct
411 1112 57 20 their
484 1115 78 21 agmts
578 1111 38 18 and

36 1146 85 23 friends
131 1148 22 18 at
163 1143 67 22 home
240 1146 22 18 to
273 1142 49 25 give
335 1141 42 20 tins
390 1138 98 22 Colonial
502 1136 73 22 trader
582 1136 36 19 the

38 1173 128 29 preference
196 1170 44 22 For
250 1167 79 27 freight
339 1174 24 14 or
372 1172 99 21 passage,
483 1164 66 26 apply
561 1167 19 16 to

355 1198 81 21 Waitt
451 1195 45 23 and
510 1195 80 21 Tyser.

66 1237 145 27 Wellington,
221 1234 127 24 December
359 1234 33 23 16,
404 1233 26 20 18
436 1232 28 20 12.

226 1282 53 20 For
294 1277 145 23 Taranaki,

99 1319 29 19 To
137 1317 42 20 sail
188 1322 26 14 on
228 1314 132 25 Wednesday,
373 1313 34 20 the
419 1312 22 19 11
445 1311 22 20 tk
482 1310 85 21 instant,

198 1348 91 22 nnHE
311 1348 45 21 fine
376 1346 41 21 fast
440 1343 79 24 sailing
543 1342 80 24 barque

78 1369 99 34 gjMpK
205 1367 29 31 X
271 1376 72 24 Esses,
361 1374 31 21 ('a
408 1371 44 22 tain
470 1369 98 25 Oakley;
584 1367 40 21 has

54 1400 142 27 JWPP%k
210 1410 62 15 room
284 1404 32 19 ior
326 1409 13 13 a
351 1401 40 20 few
401 1403 48 17 tons
459 1397 26 21 of
496 1395 73 28 g«od<,
581 1394 43 21 and

50 1422 147 34 jjHiffl^Mgl
211 1428 57 28 good
299 1425 190 25 accommodation
520 1423 33 21 fur
577 1428 49 19 pis-

49 1456 148 28 *S2g3g&?
213 1462 94 17 senders.
338 1454 43 21 For
395 1451 76 25 freight
491 1457 24 13 or
531 1454 94 21 p;i<=sige,

210 1482 65 29 apply
286 1487 21 16 to
318 1479 93 29 Captain
423 1477 84 26 Oakley
517 1475 109 24 onboard,

47 1523 23 15 or
80 1519 23 17 to
347 1524 3 4 '
361 1533 82 21 Waitt
459 1530 44 22 and
518 1529 82 22 Tyser.

200 1585 52 20 For
263 1581 106 26 Sydney
384 1578 92 23 direct,

204 1619 67 27 npH
278 1619 15 20 E
303 1618 82 26 barque
395 1615 75 24 Bright
478 1613 54 21 Plan
541 1613 16 22 t,
569 1609 59 23 John

79 1639 96 35 Igp^fijß
211 1638 28 30 X
278 1644 108 23 Morrison
397 1646 83 17 mas-ter.
503 1640 39 21 For
550 1638 81 26 freight

51 1663 144 46 /jSgjß!j§»
218 1681 24 13 »r
252 1679 90 19 passage
353 1670 64 28 apply
427 1672 20 17 to
454 1668 38 21 the
503 1665 89 28 Captain
602 1671 27 14 on

77 1764 124 23 December
215 1764 33 23 19,
259 1762 61 21 1542.
478 1756 4 34 \

224 1808 55 20 For
294 1802 170 28 Valparaiso,

156 1844 28 20 To
193 1843 40 20 sail
243 1842 20 19 in
275 1842 33 18 Ihe
317 1845 71 15 course
397 1837 26 23 of
433 1840 34 16 ten
476 1835 56 26 days.

209 1872 92 30 rpHE
320 1870 73 22 SHIP.
406 1869 97 24 Bombay,
518 1868 42 20 400
576 1868 56 20 tons,

89 1888 81 38 fatodjtL
216 1888 29 34 X
270 1899 21 22 J.
310 1898 84 24 Moore,
416 1893 158 25 Commander;
590 1891 43 21 will

56 1917 145 36 jMl&Bis&k.
222 1926 38 22 sail
273 1927 31 20 for
315 1924 36 21 the
362 1924 69 21 above
439 1926 46 20 port
496 1919 50 23 with
555 1919 78 21 imnre-

223 1953 57 22 dirtte
299 1950 107 28 dispatch.
444 1948 43 21 For
506 1946 80 25 freight
610 1952 25 14 or

53 1972 149 41 ijsSEigigp
222 1986 96 20 passage,
330 1977 65 27 apply
411 1980 20 17 to
448 1975 36 21 the
494 1973 92 28 Captain
605 1978 29 14 on

69 2016 5 4 -
182 2020 5 1 -
222 2008 74 21 l>oitvH,
308 2011 25 14 or
344 2009 21 14 to

385 2028 36 20 W.
437 2027 170 21 FITZHERBEKT.

132 2078 107 23 Barque
393 2070 30 21 of

61 2107 109 109 a
180 2107 218 31 /CONSIGNEES
415 2105 25 21 of
458 2104 73 22 Goods
550 2103 31 27 by
599 2102 38 22 the

180 2141 41 19 V^/
250 2138 75 19 Prince
337 2135 22 25 of
374 2134 72 23 Wales,
466 2138 34 15 are
519 2129 117 28 requested

193 2170 22 16 to
223 2171 48 19 pass
279 2162 56 22 their
342 2161 79 22 entries
428 2159 49 21 with
487 2158 33 22 the
528 2158 108 24 Customs,

193 2191 44 22 and
247 2195 21 17 to
279 2190 48 21 take
336 2188 59 28 early
402 2187 102 25 deliver)',
514 2188 22 18 to
545 2187 93 24 prevent

191 2220 140 23 demurrage.

296 2243 87 21 WitLis
398 2240 42 22 and
457 2240 42 26 Co.,
517 2239 94 26 Agents.

83 2278 190 25 Lamhton-qiiay,
284 2275 100 26 January
394 2274 19 23 5,
425 2273 59 21 1843.

286 2320 43 20 On
344 2318 68 24 Sale,

57 2356 91 27 npHE
178 2354 72 22 NEW
277 2350 148 25 ZEALAND
452 2347 186 25 PORTFOLIO,

31 2377 2 7 '
66 2375 25 31 X
131 2380 126 24 condiicted
275 2381 28 26 by
325 2380 32 21 HT
372 2379 21 21 S.
412 2378 119 24 Chapman,
553 2375 35 26 (of
597 2375 43 21 the

58 2410 85 23 Middle
151 2408 112 28 Temple,)
276 2407 113 22 Barrister-
393 2404 89 22 at-Law.

84 2437 43 23 No.
143 2438 45 20 I.—
193 2437 21 20 A
231 2435 75 21 Letter
321 2436 22 19 to
362 2432 36 21 the
417 2430 63 25 Right
498 2429 63 22 Hon.
580 2429 60 21 Lord

60 2464 97 26 Stanley,
178 2464 116 24 Secretary
313 2460 26 22 of
355 2460 59 22 State
433 2458 35 21 for
483 2456 37 22 the
541 2456 99 21 Colonial

59 2492 153 26 Department,
224 2496 28 14 on
263 2488 36 22 the
317 2484 183 25 Administration
517 2483 24 22 of
556 2483 84 21 Justice

57 2519 35 21 for
103 2518 53 20 New
167 2515 108 23 Zealand.
304 2514 71 26 Price,
387 2513 35 22 6d.

88 2552 84 19 Gazette
186 2549 79 25 Gfficp,
278 2547 108 26 January,
398 2546 59 21 1543.

60 2597 63 25 Ship
138 2594 83 22 Hotel
237 2594 20 19 &
273 2593 113 22 Tavern,
402 2590 129 21 Manners
546 2587 96 24 Street,

209 2627 40 22 BY
264 2625 82 23 JOHN
362 2623 129 25 FULLER,

60 2663 78 19 WINES,
151 2662 95 19 SPIRITS,
258 2660 45 15 AND
313 2659 61 15 MALT
384 2658 94 16 LIQUORS
490 2656 27 14 OF
529 2653 113 17 SUPERIOR

298 2685 106 17 QUALITY.

134 2707 155 23 Commodious
299 2713 73 14 rooms
384 2704 48 22 with
443 2702 54 28 good
507 2701 62 22 beds.

89 2738 91 20 Dinners
197 2737 36 24 got
254 2734 63 25 ready
337 2739 25 14 on
383 2733 34 19 the
430 2731 88 20 shortest
540 2728 74 21 notice.

143 2770 29 14 AN
184 2768 117 15 ORDINARY
313 2766 68 15 DULY
393 2766 28 13 AT
431 2759 12 19 2
461 2757 102 21 O'CLOCK.

258 2805 71 20 Flax
342 2801 105 22 School.

63 2844 49 48 A
127 2839 123 25 SCHOOL
261 2838 32 20 for
303 2836 102 22 teaching
417 2834 35 21 the
463 2833 99 22 children
572 2832 24 20 of
604 2838 44 20 any

141 2869 26 21 of
178 2867 38 21 the
231 2864 93 24 settlers,
335 2862 36 21 the
390 2861 79 22 Native
484 2859 64 22 mode
564 2858 25 21 of
600 2865 49 19 pre-

61 2896 79 27 paring
150 2894 37 22 the
200 2892 53 22 New
263 2889 97 23 Zealand
373 2889 61 25 Fhx,
445 2888 19 21 is
474 2885 87 28 opened
570 2886 22 21 in
606 2892 42 14 one

63 2924 26 21 of
101 2923 35 20 the
148 2919 130 26 emigration
289 2917 86 25 houses,
386 2914 120 22 Thorndon
518 2912 57 23 Flat.

63 2956 73 19 Hours
139 2952 62 26 from
212 2954 33 17 ten
256 2952 21 18 to
286 2949 77 26 twelve,
374 2947 42 21 and
424 2947 60 25 from
499 2947 39 19 two
550 2945 34 20 till
586 2944 62 26 four.

91 2980 121 23 December
224 2979 33 22 31,
271 2977 60 21 1842.

235 3022 77 21 Meat
333 3020 146 24 Company.

66 3057 91 50 THE
177 3052 236 27 UNDERSIGNED,
433 3051 82 27 having
534 3051 56 21 been
612 3057 38 20 ap-

140 3083 91 29 pointed
247 3082 108 25 Manager
365 3079 25 21 of
404 3078 36 21 the
454 3079 63 21 Meat
526 3078 123 26 Company,

65 3112 56 26 begs
130 3115 22 17 to
163 3116 117 15 announce
289 3107 49 21 that
352 3114 12 13 a
375 3105 86 27 regular
470 3104 77 28 supply
558 3105 22 19 of
591 3104 58 24 beef,

67 3142 96 21 mutton,
184 3136 44 21 and
245 3134 55 28 pork
317 3140 50 19 may
388 3133 80 25 always
486 3131 28 21 be
534 3130 117 28 depended

68 3172 61 19 upon
140 3168 23 17 at
173 3163 43 21 this
228 3159 171 23 establishment.

96 3193 33 20 As
153 3190 43 21 this
219 3189 115 25 Company
353 3191 105 22 purposes
476 3184 79 26 selling
573 3187 23 18 at
614 3184 37 21 the

66 3219 78 21 lowest
153 3216 72 29 prices
237 3218 22 18 at
275 3212 70 23 which
355 3214 17 19 it
386 3211 18 21 is
414 3210 68 22 found
492 3210 37 21 the
539 3213 59 18 meat
611 3217 40 14 can

67 3246 29 21 be
108 3243 106 26 afforded,
226 3241 37 22 the
273 3238 148 28 undesigned
430 3238 17 20 is
461 3237 52 27 only
524 3237 127 21 authorized

68 3277 23 16 to
103 3272 48 26 give
158 3277 53 20 very
217 3267 85 23 limited
313 3267 77 24 credit,
398 3264 44 22 and
449 3264 40 21 has
496 3265 54 20 been
560 3264 92 21 ordered

68 3304 22 17 to
108 3305 48 20 stop
171 3297 30 22 all
215 3297 104 21 accounts
334 3293 71 22 which
420 3299 36 15 are
472 3295 41 17 not
528 3290 51 28 paid
593 3297 59 21 upon

68 3325 103 22 demand.
199 3341 3 4 .
544 3344 7 5 .

96 3352 47 21 The
154 3350 100 22 business
264 3348 25 22 of
297 3347 36 22 the
344 3346 112 27 Company
465 3352 20 14 is
495 3346 85 20 carried
590 3351 28 14 on
628 3351 23 14 m

68 3378 59 22 iheir
141 3385 49 14 new
207 3375 106 26 building,
325 3373 86 23 erected
430 3373 100 21 between
550 3370 103 22 France's

70 3405 68 23 Hotel
158 3404 44 21 and
221 3403 37 21 the
277 3401 56 22 head
351 3401 25 20 of
390 3400 37 21 the
442 3399 56 27 Bay,
516 3398 46 22 and
576 3398 76 26 nearly

70 3440 51 18 oppi
129 3432 40 21 site
180 3435 23 17 to
213 3430 44 22 Mr.
268 3427 82 29 Lyon's
360 3428 69 20 Store.

341 3454 36 21 W.
391 3453 100 26 Flyger,
509 3452 116 27 Manager.

98 3483 130 25 November
237 3483 34 25 23,
282 3483 59 20 1842.

310 3531 107 21 Cheese.

71 3571 61 48 A,
137 3570 3 13 :
259 3563 100 24 received
367 3564 83 27 weekly
458 3564 25 22 of
491 3563 54 22 New
553 3561 99 23 Zealand

145 3594 70 23 aoftde
226 3593 90 24 Cheese,
324 3591 55 21 from
391 3590 36 22 the
435 3592 139 25 Cowpasture
582 3589 69 26 dairy,

69 3624 46 22 and
125 3623 33 21 for
166 3621 46 22 sale
222 3624 25 18 at
261 3620 36 21 the
307 3617 106 29 premises
423 3617 23 22 of
461 3617 36 22 the
513 3617 65 22 Meat
587 3617 65 21 Com-

69 3657 67 21 pany.
245 3667 4 4 .

349 3671 35 22 W.
396 3671 99 26 Flyger,
507 3671 117 26 Manager.

98 3702 158 23 Willis-street,
266 3698 126 24 December
400 3699 35 26 20,
445 3699 61 20 1842.

259 3744 85 22 Fresh
358 3744 105 24 Butter,

71 3780 162 49 ALWAYS
249 3785 31 16 oa
292 3779 51 21 Sale
358 3780 24 19 at
398 3776 37 23 the
444 3776 64 22 Meat
519 3775 135 29 Company's

126 3823 4 3 .
150 3806 116 29 premises;
336 3824 3 3 .
367 3824 3 3 .

235 3833 3 4 '
263 3834 3 7 '
339 3830 155 27 WvFlyger,
503 3829 123 29 'Manager:

97 3859 160 28 Willis-street,
267 3859 55 29 Dec,
333 3860 21 24 2,
365 3859 62 24 1842,
450 3882 4 4 ,
468 3879 3 6 ,
590 3867 17 5 -

70 3899 139 59 BLAN&
220 3916 2 12 i
222 3916 2 12 ;
233 3902 150 26 PRINTED,
388 3898 216 30 JNDENTtfRES;
625 3885 33 40 on!

145 3938 70 22 paper
219 3930 5 7 1
233 3931 53 22 arid'
296 3929 142 30 pardiinettt;
451 3926 38 26 for
498 3926 99 26 'flaunt
617 3927 41 24 the!

56 3958 7 11 L
66 3953 122 29 ~G#ett»
217 3958 82 22 Office/
304 3967 9 4 -
379 3956 86 16 *•'-•■«
496 3966 10 6 »
536 3962 26 10 >-'
565 3959 5 13 1
653 3953 3 15 !

724 687 53 20 For
786 684 59 21 Sale
855 684 36 24 by
901 681 107 22 Private
1020 677 127 28 Bargain.

644 720 92 51 THE
746 720 70 21 Lease
827 717 25 21 of
865 715 151 24 Prelimenary
1029 711 88 23 Section
1129 711 25 20 of
1167 708 63 23 Land

720 746 34 23 No
772 746 35 23 45,
822 742 94 22 MMiaced
927 742 22 21 in
962 739 132 23 Robinson's
1105 738 55 26 Bay,
1173 743 59 15 com-

644 774 75 24 monly
738 771 71 23 called
829 769 79 26 Okiwi,
927 768 52 21 Port
996 765 126 25 Nicholson,
1144 771 25 14 as
1184 769 48 21 pre-

643 802 72 24 sently
732 797 114 29 possessed
865 797 29 26 by
910 794 97 24 William
1026 792 83 24 Deans,
1127 791 52 20 with
1195 791 37 19 the

645 828 95 24 Houses,
752 826 75 26 Crops,
839 823 49 25 &c,
903 829 27 14 on
943 821 36 21 the
989 826 69 15 same.
1087 819 48 20 The
1146 819 58 19 lease
1214 823 19 13 is

640 858 37 18 for
689 854 36 21 the
738 858 54 16 term
805 851 25 21 of
835 851 24 20 14
870 856 69 20 years,
948 847 44 22 and
1001 844 147 24 commenced
1157 851 28 14 on
1196 844 37 20 the

643 881 53 22 25th
715 880 107 25 January,
841 877 60 25 1841,
922 879 23 17 at
961 874 36 21 the
1018 870 76 29 yeaily
1111 875 51 17 rent
1181 870 24 20 of
1221 875 11 14 a

645 915 67 19 peper
722 913 52 16 corn
783 906 34 20 for
827 905 38 20 the
875 903 46 21 first
929 901 61 21 three
1001 906 71 21 years,
1085 899 43 19 and
1138 899 48 19 £60
1195 902 39 21 per

645 941 82 15 annum
741 934 31 20 for
785 932 37 21 the
832 929 125 25 remaining
967 928 79 20 eleven
1057 932 72 20 years.

671 961 73 21 Theie
764 960 19 21 is
802 965 13 14 a
839 955 150 24 considerable
1014 956 103 25 quantity
1135 952 25 19 of
1181 952 53 19 land

646 988 90 25 already
751 985 87 22 cleaved
858 983 43 22 and
920 982 23 21 in
959 988 59 19 crop.
1056 979 48 21 The
1120 978 115 22 dwelling-

647 1015 68 22 house
731 1014 17 21 is
765 1021 13 14 a
793 1015 56 18 most
866 1008 150 24 comfortable,
1037 1005 138 24 substantial,
1192 1005 42 18 and

647 1040 151 24 commodious
812 1037 96 23 erection
917 1044 5 17 ;
938 1034 44 22 and
993 1034 37 21 the
1039 1032 63 28 place
1113 1032 122 30 altogether

647 1070 18 20 is
681 1072 56 17 most
750 1065 124 25 admirably
885 1061 122 23 calculated
1018 1060 34 21 for
1068 1059 38 21 the
1122 1056 113 23 residence

648 1096 25 20 of
685 1102 14 14 a
709 1092 136 28 respectable
855 1090 84 26 flunily,
957 1089 42 21 and
1010 1086 42 22 will
1069 1088 44 18 suit
1124 1084 49 21 welt
1183 1084 52 20 both

649 1129 23 14 as
684 1131 12 11 *
704 1121 61 25 dairy
771 1119 45 20 and
826 1117 61 22 stock
895 1115 88 23 station.
1012 1113 48 21 The
1071 1112 119 26 purchaser
1195 1116 40 15 can

649 1148 57 21 have
717 1155 12 13 a
741 1148 59 24 large
811 1145 84 26 quality
905 1143 25 20 of
937 1141 88 27 poultry
1037 1140 14 20 if
1061 1140 30 19 he
1102 1140 84 19 choses.

677 1174 45 21 For
732 1173 84 21 further
826 1169 129 28 particular
962 1166 65 28 apply
1034 1170 21 16 to
1066 1166 50 20 Mr.
1126 1166 109 19 William

651 1202 34 21 Lv
695 1207 29 19 >N,
739 1198 122 25 Merchant,
873 1195 145 26 Wellington,
1030 1200 24 13 or
1063 1195 23 18 to
1096 1192 49 21 Mr.
1158 1191 79 21 Deans

652 1235 28 15 tn
693 1227 37 21 the
739 1225 113 28 premises.

680 1258 127 22 December
816 1257 33 23 14,
863 1255 60 20 1842.
1099 1265 3 3 •

654 1306 52 20 For
717 1303 69 23 Sale,
799 1302 44 20 the
854 1305 82 21 cargo
950 1298 29 21 of
992 1298 45 19 the

639 1334 1 21 i
659 1339 102 21 OAA
780 1333 80 22 TONS
881 1330 74 23 BEST
974 1327 136 23 CHILIAN
1129 1324 110 25 FLOUR,

656 1361 31 27 O
692 1351 32 37 U
730 1351 31 35 U
791 1360 57 21 fresh
859 1357 86 28 ground
956 1356 72 22 direct
1037 1355 56 21 from
1101 1353 137 27 Valparaiso,

765 1390 23 19 at
798 1387 46 22 £20
855 1392 38 21 per
906 1390 46 20 ton,
964 1382 60 22 cash.

1009 1415 84 22 Waitt
1103 1413 45 22 and
1157 1413 83 21 Tyser.

658 1449 146 26 Wellington,
815 1445 128 23 November
952 1445 20 25 4,
985 1444 61 21 1842.
1192 1472 52 8 __^

659 1504 53 20 For
725 1501 68 23 Sale,
805 1500 44 19 the
867 1501 81 22 cargo
966 1495 31 21 of
1009 1494 44 21 the

668 1535 14 24 1
703 1535 24 24 £
732 1533 33 26 i\
793 1531 80 22 TONS
898 1529 26 21 of
943 1528 36 22 the
1004 1527 48 21 best
1073 1525 61 22 fresh
1159 1522 85 28 ground

666 1549 99 32 AOU
782 1558 86 21 Chilian
886 1556 62 26 flour,
964 1562 50 14 now
1031 1552 89 27 landing
1136 1551 56 22 from
1209 1549 35 21 the

783 1585 103 26 Cheerful,
903 1583 70 21 direct
988 1581 57 21 from
1065 1578 158 28 Valparaiso—
1224 1580 20 17 at

661 1615 47 21 £20
718 1620 39 21 per
769 1617 43 17 ton.
976 1635 28 7 ,„
1134 1632 19 10 m

976 1635 83 21 Waitt
1073 1640 47 14 and
1134 1632 86 22 Tyser.

690 1668 49 21 Oct.
750 1668 33 25 23,
796 1667 59 20 1842.
1242 1685 2 4 .

841 1711 44 20 Ex

647 1746 87 49 3f\
750 1744 80 22 TONS
844 1743 48 21 first
908 1741 58 22 fresh
981 1738 85 29 ground
1085 1736 91 29 Sydney
1187 1734 57 23 flour

701 1770 33 24 If
767 1773 28 22 15.
807 1771 72 21 cheats
889 1769 70 27 hyson
970 1773 42 19 tea,

752 1800 40 20 100
807 1798 72 20 chests
890 1802 65 20 green
966 1798 43 22 tea,

768 1827 26 20 10
809 1825 52 26 bi>gs
872 1822 74 26 coffee,

779 1853 13 19 5
809 1851 52 26 bags
873 1856 86 21 pepper,

981 1874 83 21 Waitt
1079 1872 45 22 and
1138 1872 84 21 Tyser.

694 1906 98 22 October
802 1905 33 25 25,
848 1905 59 21 1842.
1190 1904 3 4 '

917 1947 88 21 Seeds.

667 1985 72 47 ON
750 1984 86 26 SALE,
847 1986 23 18 at
880 1982 36 22 the
927 1982 84 20 Gazette
1017 1980 80 23 Office,
1103 1979 21 22 in
1129 1976 115 33 JW&ntjtig

745 2016 23 15 to
775 2011 44 19 suit
830 2009 136 26 purchasers,
976 2007 38 21 the
1025 2006 111 25 following
1146 2005 98 20 seeds:-

695 2037 76 21 Sword
780 2035 109 26 long-pod
898 2035 64 25 bean,

697 2061 118 28 Loi>g-p<id
828 2062 63 23 bean,

696 2089 109 26 Speckled
815 2088 73 21 dwaif
896 2086 82 28 kidney
987 2086 65 26 bean,

696 2116 73 22 Bread
781 2115 64 26 bean,

698 2143 72 21 Horse
781 2142 64 26 bean,

698 2170 85 21 Scarlet
792 2176 91 18 runner,

698 2196 66 27 Eaily
777 2195 107 21 Warwick
892 2202 48 20 pea,

698 2224 67 26 Early
776 2223 115 21 Mazarine
901 2229 48 20 pea,
1153 2223 15 24 /

698 2251 104 21 Prussian
813 2249 51 21 blue
875 2256 47 20 pea,

699 2276 107 22 Nonsuch
816 2282 49 21 pea,

699 2304 54 22 Blue
765 2303 100 28 imperial
876 2309 48 20 pea,

699 2330 94 28 Spanish
805 2330 68 21 dwarf
883 2336 46 20 pea,

699 2359 72 26 Large
782 2357 97 26 cabbage
891 2356 86 26 lettuce,

699 2384 132 22 Drumhead
842 2383 97 26 cabbage
948 2383 90 26 lettuce,

700 2412 72 22 Battei
778 2418 36 15 sea
825 2411 104 26 cabbage,

699 2438 131 23 Drumhead
840 2437 105 26 cabbage,

701 2466 49 22 Red
760 2465 75 22 Dutch
846 2464 105 26 cabbage,

702 2493 93 21 Puller's
806 2491 59 27 early
876 2491 105 27 cabbage,

701 2520 105 22 Prussian
816 2519 66 21 white
892 2522 79 22 turnip,

702 2547 84 22 Yellow
799 2545 78 23 Swede
889 2544 79 28 turnip,

703 2574 80 27 Purple
794 2578 36 22 top
841 2571 77 23 Swede
927 2571 80 28 turnip,

702 2601 74 21 White
786 2604 64 17 stone
863 2599 80 27 turnip,

703 2627 74 22 White
788 2627 54 21 horn
854 2626 80 26 turnip,

703 2655 71 21 Silver
783 2653 78 22 leaved
873 2653 56 26 beet,

703 2682 49 21 Red
763 2682 56 25 beet,

704 2708 110 27 Mangold
826 2706 94 26 wurtsel,

704 2735 141 25 Altrin^ham
856 2737 80 22 carrot,

705 2762 66 27 Early
781 2762 56 21 horn
849 2765 78 21 carrot,

707 2790 63 25 Long
780 2795 81 20 orange
873 2789 77 24 carrot,
1006 2787 3 8 '

705 2815 74 21 White
791 2814 106 27 mustard,

707 2842 79 21 Curled
797 2848 66 19 cress,

707 2869 64 26 Long
781 2868 78 22 scarlet
869 2867 80 26 radish,
971 2888 5 3 .

708 2895 73 21 White
791 2894 74 27 turnip
875 2893 79 27 radish,

707 2922 48 22 Red
765 2921 75 26 turnip
851 2920 79 27 radish,

708 2949 132 26 Strasburgh
850 2947 75 26 onion,
936 2973 4 5 _

708 2977 78 21 Brown
799 2974 96 29 Spanish
905 2973 72 28 onion,

708 3003 38 22 Pat
752 3004 55 26 snip,

708 3030 82 22 Curled
802 3028 92 28 parsley,

709 3057 73 22 Green
795 3055 75 23 curled
884 3054 84 28 endive,

709 3084 107 22 Batavian
827 3083 86 26 endive,

710 3111 67 26 Leek,

709 3139 135 27 Asparagus,

710 3166 42 21 Sea
763 3165 51 25 kail,

711 3192 71 22 Globe
793 3198 86 20 savoys,

712 3219 78 22 Curled
803 3218 89 24 brocoli,

710 3246 49 22 Red
768 3245 57 22 solid
835 3245 73 26 celery
918 3244 45 22 and
972 3243 67 22 white
1049 3242 82 28 celery,

710 3274 102 26 Cabbage
826 3272 90 26 lettuce,

712 3301 102 21 Summer
824 3306 86 20 savory,

709 3327 89 21 Wititer
808 3333 85 20 savory,

712 3355 62 26 Sage,

712 3381 73 22 White
795 3380 58 27 beet,

710 3408 94 28 Thyme,
1028 3418 9 9 /

712 3435 98 22 Brussels
820 3436 94 26 sprouts,

711 3462 94 27 Borage,

711 3490 117 26 Angelica,

712 3515 74 22 White
797 3516 78 21 selena
883 3514 89 25 lettuce,

712 3542 80 23 Brown
804 3542 44 23 and
857 3541 66 24 white
932 3547 50 21 goss
991 3539 91 27 lettuce,

712 3570 93 27 Salsafy,

712 3596 72 22 Vanal
794 3596 104 27 cabbage,

696 3624 92 25 'Sorell,

711 3650 94 26 Fennel,

712 3678 122 26 Lavender,

712 3704 65 27 Long
787 3702 85 29 prickly
882 3701 130 27 cucumber,.

713 3732 72 21 Sweet
794 3730 55 23 basil
859 3730 44 22 and
912 3728 57 23 bush
978 3726 64 28 basil,
1261 3748 8 9 t

713 3758 98 28 Hyssop,

673 3798 3 5 ■
713 3785 68 27 Early
791 3783 141 23 cauliflower.
974 3797 6 2 -
1065 3786 3 3 '
1178 3794 4 5 -

674 3819 2 16 i
714 3812 55 22 Also
778 3816 14 17 a
809 3810 86 28 variety
903 3810 26 21 of
935 3808 76 25 flojwer
1022 3810 72 23 seeds,
1103 3806 63 23 both/
1171 3806 102 21 Colonial

674 3860 5 4 .
686 3839 46 22 and
741 3837 102 29 English.
957 3859 3 5 ,
1120 3855 4 9 ,
1143 3848 3 4 •
1192 3850 3 12 t

708 3871 133 23 .December
851 3871 13 20 8
866 3885 9 11 t
883 3869 62 23 1842,
989 3880 13 7 ..
1049 3885 20 8 ..
1082 3891 2 2 .
1135 3889 4 3 .
1159 3886 2 5 .
1252 3886 2 4 ,
1268 3885 3 15 ,

686 3915 102 27 •-fUST*
794 3913 135 25 OPENED,
935 3910 44 23 arid
989 3917 32 15 on
1025 3909 55 22 .Sale
1089 3912 24 18 at
1122 3908 38 22 the
1171 3907 104 23 Officeiof

677 3940 3 20 ;
683 3959 6 9 v
686 3934 29 35 t|
722 3954 7 14 ;
737 3938 196 30 .;ta»ißrPaper,,ii»k
934 3960 4 5 v
943 3935 207 30 ßjandß,o£x»riouß
1160 3941 63 17 mks.
1235 3950 14 13 .
1267 3939 4 17 l

1503 669 106 21 Notice.

1263 705 89 48 ALL
1368 705 83 27 parties
1461 710 50 15 now
1526 701 94 28 grazing
1635 700 68 22 cattle
1719 699 47 22 and
1781 699 67 27 sheep

1340 739 27 16 on
1380 731 36 21 the
1427 730 79 22 Heads
1522 729 25 21 of
1564 727 78 23 Watt's
1659 726 140 26 Peninsular,
1811 732 37 14 are

1263 758 115 27 requested
1385 762 22 17 to
1415 764 90 15 remove
1510 755 37 22 the
1555 762 60 14 same
1621 761 63 20 away
1688 752 160 27 immediately.

1560 788 26 22 F.
1601 788 29 22 A.
1646 787 173 22 MoLESWORTH.

1291 825 144 27 Wellington,
1447 824 103 25 January
1559 823 21 25 3,
1592 822 61 22 1843.

1447 868 36 22 W.
1498 868 33 22 M.
1547 866 107 26 SMITH,

1265 910 55 14 LATE
1333 908 234 16 SURVEYOR-GENERAL
1578 907 28 14 TO
1618 906 45 15 THE
1679 905 50 14 NEW
1744 905 105 14 ZEALAND

1501 932 114 21 COMPANY,

1293 962 142 24 Surveyor,
1450 959 211 26 Draughtsman,
1675 957 55 21 and
1744 956 78 21 Land

1510 986 99 26 Agent.

1267 1019 176 26 Tinakori-road,
1454 1018 99 26 January
1567 1019 20 24 4,
1601 1018 60 20 1843.
1685 1039 2 3 .
1797 1043 2 2 ,

1497 1063 41 20 On
1553 1062 67 20 Sale.

1268 1098 69 48 AT
1347 1097 36 22 the
1394 1097 73 21 Stores
1476 1094 25 22 of
1511 1094 90 21 Messrs.
1613 1092 64 27 Hort,
1689 1092 109 26 Mocatta,
1809 1091 46 21 and

1346 1125 47 24 Co.,
1404 1125 23 18 at
1436 1122 89 21 reduced
1529 1121 78 25 prices,
1621 1120 36 21 the
1668 1126 66 19 cargo
1741 1119 26 20 of
1775 1119 76 26 Sugar,

1268 1152 61 26 Rice,
1340 1151 45 21 and
1396 1150 82 26 Coffee,
1490 1155 28 15 ex
1526 1148 66 20 Anita
1602 1147 58 21 from
1671 1145 103 22 Manilla.

1295 1185 100 26 January
1403 1185 22 25 3,
1437 1184 61 21 1843.

1313 1228 39 20 To
1366 1228 34 19 be
1414 1228 50 19 Let
1480 1232 35 14 on
1529 1223 157 31 improving
1700 1222 109 24 Leases,

1272 1262 78 48 NO.
1365 1262 28 21 47
1407 1260 42 22 ON
1464 1259 65 23 THE
1545 1257 90 27 HUTT,
1654 1256 44 22 and
1717 1256 44 21 No.
1771 1256 41 20 312
1828 1261 29 15 en

1337 1289 37 21 the
1393 1288 145 24 Manawato,
1556 1289 22 17 to
1594 1286 27 19 be
1637 1284 31 21 let
1687 1290 29 14 on
1732 1281 126 27 improving

1270 1316 78 26 leases,
1359 1315 24 21 in
1394 1315 68 21 farms
1473 1313 24 21 of
1510 1313 53 21 from
1574 1312 12 21 5
1597 1315 23 17 to
1630 1312 26 20 20
1667 1316 69 15 acres.

1300 1343 44 22 For
1353 1341 87 23 further
1449 1339 131 28 particulars
1590 1338 67 27 apply
1667 1340 22 18 to

1567 1369 111 22 William
1689 1368 169 22 Fitzherbeut.

1273 1402 99 26 January
1381 1401 21 25 3,
1415 1400 61 21 1843.
1616 1401 6 29 [

1274 1447 50 47 A
1359 1442 139 26 HURLEY,
1510 1442 79 21 Bhead
1604 1448 46 15 and
1665 1440 96 21 Biscuit
1773 1439 87 26 Baker,

1331 1484 9 10 •
1391 1472 89 21 Pastry
1506 1469 69 24 Cook,
1602 1475 45 14 and
1676 1467 185 25 Confectioner,

1274 1504 87 17 returns
1371 1498 35 21 his
1416 1498 85 21 sincere
1512 1495 80 22 thanks
1602 1497 23 18 to
1636 1494 32 21 his
1676 1493 84 21 friends
1771 1493 43 20 and
1825 1492 36 21 the

1275 1526 73 27 public
1363 1525 37 22 for
1416 1524 36 21 the
1468 1522 78 23 lib°rdl
1562 1525 91 24 support
1668 1520 27 22 he
1710 1520 40 21 has
1761 1519 102 21 received

1276 1553 61 21 since
1347 1552 34 22 his
1393 1553 193 20 commencement
1596 1549 22 20 in
1629 1548 36 21 the
1675 1547 70 22 above
1755 1547 53 26 line,
1820 1546 43 21 and

1276 1580 53 26 begs
1339 1583 21 17 to
1370 1579 80 21 inform
1460 1577 60 22 them
1531 1576 49 21 that
1588 1575 28 22 he
1627 1574 40 22 has
1674 1573 86 28 opened
1771 1573 34 21 his
1814 1580 49 14 new

1275 1607 106 27 premises
1392 1613 28 14 on
1433 1604 189 25 Lambton-quay,
1634 1601 43 22 and
1692 1604 74 23 trusts,
1778 1600 47 21 that
1834 1600 29 27 by

1276 1634 81 26 selling
1366 1632 68 27 goods
1446 1631 24 22 of
1482 1638 12 13 a
1503 1630 105 21 first-rate
1623 1628 91 28 quality,
1724 1628 30 21 he
1764 1627 56 21 shall
1829 1634 36 13 re-

1277 1661 61 21 ceive
1349 1660 51 21 that
1408 1660 89 26 support
1513 1657 18 22 it
1540 1656 57 23 shall
1613 1663 52 14 ever
1674 1655 28 22 be
1712 1654 35 22 his
1764 1654 66 26 study
1841 1658 22 17 to

1279 1684 81 24 merit.?

1291 1714 98 22 Families
1406 1713 43 20 and
1468 1712 101 25 Shipping
1587 1710 95 26 supplied
1700 1715 25 14 on
1745 1709 36 20 the
1799 1709 52 19 most

1472 1739 118 20 reasonable
1601 1740 69 18 terms.

1277 1788 69 28 ~*\T
1379 1786 107 25 SEEAR,
1502 1785 139 21 Carpenter
1655 1782 42 22 and
1713 1782 112 25 Builder,
1831 1787 36 15 re-

1293 1814 15 23 >
1314 1806 20 29 V
1352 1825 9 10 •
1393 1813 117 26 spectfully
1519 1817 128 16 announces
1654 1813 21 17 to
1682 1809 38 21 the
1729 1807 138 22 inhabitants

1280 1842 26 21 of
1322 1841 54 22 Port
1393 1839 128 25 Nicholson,
1541 1838 48 22 that
1603 1837 29 21 he
1641 1836 41 22 has
1692 1834 126 28 completed
1833 1834 34 21 his

1280 1876 48 14 new
1347 1867 134 27 workshops,
1493 1865 43 22 and
1548 1865 19 21 is
1585 1871 48 15 now
1652 1863 68 27 ready
1737 1865 22 18 to
1777 1862 50 27 give
1842 1861 25 21 in

1280 1895 100 22 Tenders
1390 1894 33 21 for
1433 1893 38 21 ihe
1482 1892 96 22 erection
1589 1891 25 21 of
1623 1889 121 27 Buildings.

1308 1928 191 24 Manners-street,
1510 1924 31 21 Te
1552 1924 52 26 Aro,
1618 1923 57 20 Nov.
1686 1923 21 20 9.

1299 1982 52 26 »-jx
1397 1978 54 19 For
1467 1976 68 24 Sale,
1551 1980 36 15 ex

1283 2008 109 51 PALE
1407 2007 96 22 INDIA
1519 2006 61 21 ALE
1594 2006 25 21 in
1635 2004 77 27 bottle,
1723 2004 86 26 Bryant
1824 2002 44 23 and

1357 2034 97 26 Davis's,

1312 2064 69 24 Stout,
1393 2061 86 27 Bryant
1489 2059 43 21 nnd
1542 2059 95 26 Davis's,

1311 2088 62 24 Bhss'
1385 2088 84 22 Burton
1481 2086 41 26 ale,

1311 2116 54 22 Pale
1385 2114 78 26 sherry
1482 2113 44 22 and
1543 2112 109 26 Madeira,
1672 2110 137 23 Rutherford
1825 2110 44 21 and

1284 2141 94 29 Dniry's
1388 2140 79 27 brand,

1313 2170 61 27 Very
1383 2168 37 22 old
1430 2167 110 25 Madeira,
1551 2169 50 23 port
1616 2166 42 21 and
1674 2166 76 26 sherry
1760 2173 23 14 in
1799 2166 70 24 wood,

1286 2195 135 24 Rutherford
1431 2194 44 22 and
1487 2194 91 26 Dnny's
1588 2192 79 26 brand,

1314 2223 45 23 Old
1368 2229 86 20 cognac
1464 2220 84 28 brandy
1559 2221 22 21 in
1593 2220 74 26 bottle,

1313 2251 84 24 Cherry
1408 2248 85 27 brandy
1504 2248 21 21 in
1536 2255 68 20 cases,

1314 2276 118 28 Sparkling
1442 2275 143 28 champagne,

1314 2303 142 23 Maraschion
1468 2302 44 22 and
1519 2302 75 27 punch
1605 2307 96 19 essence,

1315 2331 48 23 Eau
1374 2331 28 21 de
1416 2330 104 26 Cologne,

1315 2360 11 20 1
1338 2366 50 15 case
1399 2357 87 22 French
1496 2363 59 20 rugs.

1315 2385 108 23 Assorted
1433 2384 103 24 anchors,

1316 2412 70 22 Chain
1398 2413 80 24 cables,
1489 2412 89 22 various
1587 2409 64 27 sizes,

1316 2439 80 22 Patent
1406 2444 93 23 carpets,

1317 2467 96 26 Glasses,

1316 2493 124 27 Tumblers,

1318 2520 71 27 Pickle
1389 2520 24 27 3,

1317 2548 79 22 Butter
1404 2549 23 20 in
1435 2547 54 27 jars,

1318 2575 55 22 Pine
1383 2574 86 27 cheese,
1484 2575 39 21 &c.
1535 2574 39 21 &c.

1602 2599 83 21 Waitt
1700 2596 45 23 and
1763 2597 85 21 Tyser.

1319 2634 144 28 Wellington,
1475 2633 129 28 September
1614 2634 33 23 30,
1661 2632 60 21 1842.

1319 2681 40 20 To
1371 2679 199 27 Ship-builders
1585 2678 55 21 and
1655 2677 193 25 Ship-owners.

1296 2713 70 48 ON
1382 2712 78 22 SALIi
1475 2712 29 26 by
1515 2711 36 21 the
1562 2709 159 27 undersigned:
1724 2719 27 4 —

1359 2739 103 22 Anchors
1474 2738 26 21 of
1511 2738 30 21 all
1550 2738 63 25 sizes,

1322 2766 71 22 Chain
1404 2765 73 22 cables
1488 2764 43 23 and
1546 2764 60 21 short
1621 2762 76 22 linked
1713 2762 84 25 chains,
1808 2761 66 21 tested

1294 2795 30 26 by
1335 2801 12 14 a
1358 2792 133 28 hydrostatic
1501 2792 86 26 engine,
1597 2789 97 23 assorted
1705 2789 56 21 sizes
1770 2787 44 22 and
1825 2794 49 14 war-

1295 2821 85 26 ranted,

1324 2846 105 23 Bitheads
1439 2846 45 22 and
1493 2852 62 21 spare
1566 2844 107 25 shackles,

1272 2879 4 13 f
1323 2874 113 22 Windlass
1446 2874 66 21 metal
1522 2872 23 21 in
1557 2870 107 28 complete
1674 2872 59 23 setts,

1324 2901 112 22 Mariners
1446 2906 129 20 compasses,

1324 2929 45 21 Sail
1380 2934 93 16 canvass
1482 2926 44 21 and
1537 2926 71 25 twine,

1325 2954 72 27 Pitch,
1408 2959 40 22 tar,
1460 2954 40 21 &c.
1512 2954 39 20 &c.

1660 2978 87 19 Willis
1757 2982 46 15 and
1814 2978 39 18 Lo.

1299 3008 98 23 October
1407 3010 32 24 11,
1451 3008 60 21 1842.

1351 3054 55 20 For
1425 3052 61 21 Sale
1508 3052 29 20 at
1560 3050 43 21 the
1619 3048 107 21 Nelson
1745 3047 83 25 Dairy

1577 3078 29 19 at

1477 3104 104 21 Nelson
1595 3103 103 21 Haven.

1301 3144 68 21 O/k
1383 3138 85 22 COWS
1483 3137 34 21 IN
1533 3135 86 27 C.VLF,

1297 3163 72 29 O\J
1397 3167 26 20 30
1432 3164 83 22 heifers
1524 3163 23 21 in
1557 3161 50 28 calf,

1396 3194 27 19 50
1432 3198 77 20 young
1517 3190 89 26 heifers,

1318 3220 22 21 -4
1349 3218 115 23 hair-bred
1474 3217 102 22 Durham
1588 3215 66 27 bulls,

1326 3248 24 21 11
1361 3250 76 22 steers,

1352 3275 14 20 6
1376 3272 100 26 working
1484 3269 110 28 bullocks,

1286 3297 3 26 '.
1352 3301 14 20 4
1376 3298 64 23 stock
1447 3298 84 27 horses,

1353 3329 8 19 1
1367 3328 28 21 00
1404 3333 64 19 ewes,

1352 3355 31 20 50'
1390 3353 102 26 wethers,

1326 3381 48 22 The
1389 3380 71 21 above
1474 3386 37 15 are
1526 3378 55 22 from
1597 3377 40 21 Dr.
1650 3374 72 27 Imlay
1732 3381 10 15 s
1760 3374 124 22 celebrated

1299 3408 62 23 stock
1371 3412 23 17 at
1404 3406 101 23 Twofold
1517 3406 42 26 Baj
1566 3420 6 6 .
1601 3403 48 22 The
1660 3401 65 23 cattle
1741 3408 37 14 are
1789 3399 36 22 the
1837 3399 48 21 best

1301 3435 52 22 bred
1371 3434 57 22 have
1441 3434 55 21 been
1507 3431 84 23 landed
1600 3431 23 22 in
1636 3429 38 22 the
1685 3429 65 21 finest
1761 3427 70 25 order,

1300 3463 57 20 form
1367 3462 39 21 the
1419 3462 50 21 best
1478 3459 105 22 selection
1591 3458 26 22 of
1624 3464 41 21 any
1673 3457 32 21 lot
1714 3459 38 23 yet
1760 3453 96 27 brought
1865 3456 21 18 to

1300 3488 56 23 New
1366 3487 108 23 Zealand.
1503 3486 44 22 For
1552 3484 136 29 particulars,
1700 3481 66 29 apply
1776 3485 22 18 to

1490 3521 22 22 S.
1527 3521 101 23 REVAiirs,
1644 3517 144 27 Wellington,
1799 3521 26 16 or

1491 3547 28 23 D.
1530 3547 145 24 DrumMond,
1688 3544 85 22 Nelson
1784 3542 88 28 H^ven.

1327 3577 55 26 July
1393 3577 20 22 7.
1424 3577 61 21 1842.

1475 3627 108 21 Heifers
1597 3626 31 21 in
1642 3624 68 22 Calf.

1302 3659 90 51 FOR
1405 3659 86 26 SALE,
1501 3659 69 21 about
1583 3659 29 20 50
1621 3656 100 29 superior
1729 3653 59 23 bred
1800 3653 87 26 heifers,

1360 3690 61 19 most
1436 3686 26 22 of
1473 3686 61 21 them
1548 3685 74 26 heavy
1635 3685 23 20 in
1677 3681 50 28 calf,
1745 3681 46 22 and
1805 3679 84 28 having

1303 3715 56 22 been
1378 3721 62 15 some
1455 3713 53 21 time
1522 3712 24 21 in
1560 3711 38 22 the
1618 3710 92 26 Colony,
1727 3711 41 19 not
1782 3707 67 23 liable
1867 3711 22 17 to

1293 3753 3 10 ,
1302 3742 67 21 suffer
1378 3741 56 22 from
1444 3740 38 23 the
1492 3739 76 22 effects
1578 3738 25 21 of
1614 3737 47 27 the^
1668 3736 63 22 Toot.
1759 3734 49 22 The
1820 3734 70 22 above

1303 3767 67 23 cattle
1386 3774 42 15 can
1443 3766 29 22 be
1488 3765 99 27 strongly
1601 3761 181 27 recommended,
1800 3768 23 15 as
1837 3763 53 24 they

1303 3794 57 23 have
1376 3794 57 22 been
1451 3791 97 24 selected
1563 3791 58 22 from
1636 3791 40 21 the
1690 3794 121 17 numerous
1825 3787 66 22 cattle

1303 3821 60 27 ships
1374 3820 71 23 which
1454 3819 58 21 have
1529 3817 88 23 arrived
1630 3817 61 22 here.
1719 3814 78 34 Apply
1809 3817 24 19 to
1845 3813 46 22 Mr.

1304 3848 98 26 Revdns,
1415 3847 88 20 Gazette
1511 3845 70 26 office,
1594 3840 294 31 orto'Mr.'Hulke,,Evans;

1298 3889 6 32 1
1468 3885 125 36 .'well-bred
1602 3890 167 31 raareain^foal,
1780 3891 113 29 to.impo'r-

1299 3929 44 27 .ted
1341 3930 4 8 1
1352 3925 87 27 Hordes;
1457 3924 13 5 ''
1512 3925 6 30 \
1599 3924 5 4 "'"
1615 3925 4 4 '
1632 3923 19 9 *'
1664 3922 44 29 *r
1726 3923 39 34 \'
1760 3947 4 8 f
1787 3948 3 4 .
1849 3947 5 4 ,
1884 3942 3 6 •

1999 666 43 20 Ex.
2300 667 44 20 &c.

1884 701 66 33 Qi~|
1966 700 141 22 BARRELS
2122 700 57 22 Irish
2191 701 72 26 prime
2275 708 57 14 mess
2343 699 61 29 pork,

1879 727 71 22 tJ\J
1978 727 28 21 30
2022 727 81 21 barrels
2114 727 120 22 American
2249 727 70 27 prime
2331 734 59 15 mess
2398 725 58 30 pork,

1980 753 135 27 Westphalia
2126 753 68 27 hams,

1907 778 28 20 45
1945 779 77 23 firkins
2032 780 59 21 Cork
2099 780 79 27 butter,

1910 803 62 29 Rice,

1908 832 28 19 38
1946 833 53 26 bags
2010 832 76 26 coffee,
2436 842 5 9 *

1910 858 27 20 19
1946 858 70 23 boxes
2027 859 75 21 mould
2112 858 95 28 candles,

1910 884 12 20 5
1933 892 62 15 cases
2004 885 76 22 Dutch
2090 886 83 27 cheese,

1910 910 108 26 Tobacco,
2030 913 67 26 pipes,

1912 938 26 21 10
1948 943 49 17 tons
2008 939 118 21 Mauritius
2135 945 73 20 sugar,

1912 965 40 21 140
1960 965 55 27 bags
2026 965 93 21 Manilla
2127 971 72 21 sugar,

1910 992 28 20 30
1948 999 62 14 cases
2020 991 78 27 cherry
2109 992 92 26 brandy,

1912 1016 78 23 Wines
2009 1019 26 20 of
2051 1025 65 20 every
2134 1018 132 27 description
2290 1018 24 21 in
2335 1016 64 24 wood
2419 1017 44 23 and

1884 1043 77 28 bottle,

1913 1072 27 20 10
1950 1077 60 15 cases
2020 1070 93 28 English
2121 1071 64 21 boots
2195 1071 46 21 and
2251 1070 73 28 shoes,
2467 1085 5 7 .

1913 1098 53 27 Slop
1976 1098 105 26 c'othing,
2094 1098 79 21 beaver
2181 1098 58 25 hats,
2251 1098 39 21 &c.
2302 1098 40 21 &c.

2199 1129 23 22 J.
2237 1130 34 22 M.
2286 1129 103 28 Taylor,

2339 1157 32 21 Te
2387 1157 49 21 Aro.

1914 1182 127 23 December
2050 1184 34 26 26,
2096 1184 59 21 1842.

2118 1237 41 19 On
2174 1235 68 21 Sale.

1891 1268 135 49 SILVER
2040 1268 122 22 PLATED
2178 1268 112 26 GOODS,

1955 1296 72 26 Kings
2045 1300 86 22 pattern
2153 1296 58 21 table
2232 1303 87 19 spoons,
2339 1294 68 27 fork',
2423 1294 44 22 fish

1890 1321 71 27 slices,
1971 1329 64 14 sauce
2047 1322 73 26 ladles,
2131 1326 60 17 meat
2206 1322 103 26 skewers,
2321 1321 82 22 dessert
2413 1322 56 21 forks

1891 1348 44 21 and
1951 1356 86 20 spoons,
2049 1353 36 17 tea
2102 1355 85 21 spoons,
2203 1355 66 20 sugar
2284 1352 70 22 tongs,
2365 1353 36 17 tea
2415 1352 54 24 pots,

1892 1376 72 21 butter
1988 1376 91 26 coolers,
2105 1383 64 19 sugar
2192 1375 89 25 basons,
2301 1375 95 25 waiters,
2416 1375 54 21 cake

1892 1402 94 26 baskets,
2008 1402 134 27 christening
2166 1402 73 26 bowls,
2262 1402 105 21 decanter
2390 1400 79 28 starids,

1892 1433 62 17 cruet
1969 1429 44 21 and
2028 1429 86 27 liqueur
2128 1430 89 25 frames,
2234 1429 59 22 table
2310 1428 44 23 and
2371 1428 101 21 chamber

1893 1456 155 25 candlesticks,
2060 1456 78 26 lamps,
2150 1456 40 21 &c.

1920 1482 124 22 Rosewood
2053 1482 43 21 and
2103 1482 125 27 mahogany
2234 1482 60 22 work
2304 1482 76 26 boxes,
2390 1480 82 28 writing

1894 1508 70 28 desks,
1974 1510 100 26 dressing
2082 1517 67 19 cases,

1921 1536 86 21 Bronze
2018 1536 96 27 pedestal
2124 1536 44 21 and
2178 1536 131 26 suspension
2319 1534 79 28 lamps,
2406 1535 35 22 &c.
2449 1537 24 19 at

2150 1569 22 21 J.
2188 1568 35 22 M.
2238 1568 103 27 Taylor,

2206 1595 124 21 Wholesale
2340 1595 69 26 Store,

2353 1621 32 23 Te
2396 1623 50 20 Arc

1923 1650 126 22 December
2056 1651 35 24 26,
2103 1651 59 20 1842.

1901 1692 292 48 WFINNIMORE
2222 1692 52 25 begs
2296 1695 23 18 to
2341 1691 78 22 inform
2440 1691 36 21 his

1969 1731 10 10 •
1996 1719 85 21 friends
2091 1719 42 22 and
2148 1719 36 21 the
2199 1718 75 27 public
2284 1719 22 20 in
2323 1718 94 27 general,
2427 1717 49 22 that

1898 1747 73 20 Baron
1991 1746 114 21 Alzdorf's
2124 1745 111 22 excellent
2256 1745 54 21 Port
2331 1745 54 28 and,'
2401 1744 76 27 Sherry

1898 1773 77 21 Wines
1993 1781 36 13 are
2049 1772 163 22 henceforward
2236 1776 20 17 to
2282 1772 27 21 be
2332 1771 45 22 had
2399 1774 20 18 at
2439 1771 38 22 the

1899 1800 158 21 Wellington
2072 1800 94 21 Tavern
2183 1799 61 27 only,
2261 1799 71 21 either
2347 1798 24 22 in
2382 1805 57 15 cases
2453 1805 26 15 or

1899 1827 89 21 smaller
1999 1827 125 27 quantities.

1987 1868 80 14 PRICES
2083 1868 122 14 MODERATE
2237 1868 75 14 TERMS
2328 1868 66 14 CASH.

1898 1896 21 19 A
1927 1896 94 25 spacious
2030 1896 42 19 and
2081 1896 38 25 dry
2128 1896 73 19 skittle
2209 1896 84 25 grouud
2304 1901 46 14 now
2359 1901 50 20 open
2416 1896 21 19 at
2446 1894 34 21 the

2117 1924 58 19 above
2185 1926 82 17 tavern.

2034 1969 87 20 Towi:
2137 1969 31 20 of
2180 1969 169 20 Manewatu.

1901 2002 92 49 THE
2015 2002 214 21 PROPRIETORS
2252 2002 25 19 of
2302 2002 38 20 the
2361 2001 57 21 three
2432 2002 48 20 first

1988 2028 88 21 choices
2092 2023 22 33 at)
2123 2030 36 19 the
2178 2027 44 21 last
2236 2027 106 21 selection
2353 2027 25 21 of
2392 2031 87 24 country

1901 2056 68 26 lands,
1984 2055 83 26 having
2086 2054 20 21 di
2115 2054 107 21 termined
2236 2061 60 19 upon
2314 2053 38 22 the
2368 2054 39 21 site
2419 2054 33 21 for
2467 2061 13 14 a

1914 2089 92 21 TOWN
2023 2088 42 22 ON
2080 2088 63 22 THE
2160 2087 188 22 MANEWATU
2363 2087 102 27 RIVER,
2477 2084 6 6 *

1901 2117 55 21 after
1961 2117 78 19 several
2048 2116 57 19 visits
2115 2119 21 17 to
2146 2115 36 21 the
2191 2114 187 27 neighbouroood,
2390 2114 43 22 and
2442 2114 37 22 the

1901 2147 56 18 most
1976 2142 85 22 careful
2079 2142 43 21 and
2142 2141 83 21 minute
2244 2142 151 20 examination
2409 2142 23 20 of
2444 2141 36 22 the

1902 2176 70 16 entire
1988 2169 91 26 district,
2096 2168 63 21 aided
2177 2168 28 26 by
2215 2168 37 21 the
2268 2168 143 27 professional
2422 2167 57 28 skill,

1903 2196 135 27 knowledge,
2058 2195 44 21 and
2115 2195 131 27 experience
2261 2194 26 21 of
2298 2194 37 22 the
2352 2198 59 18 most
2421 2202 60 14 com-

1904 2228 74 23 petent
1985 2223 88 28 judges,
2090 2229 90 20 propose
2197 2225 23 17 to
2236 2221 54 21 offer
2300 2222 33 20 for
2350 2221 98 28 disposal,
2459 2225 23 18 at

2052 2249 37 21 the
2103 2252 87 24 present
2199 2249 60 25 time,
2272 2248 66 21 about
2482 2261 2 6 ■■

1903 2281 218 23 TWENTY-FIVE
2155 2279 105 26 ACRES,
2300 2279 35 22 IN
2373 2279 109 22 ALLOT-

1905 2309 112 25 MENTS,
2033 2307 84 23 EACH
2138 2307 38 21 OF
2201 2306 64 22 ONE
2286 2306 143 23 QUARTER.
2443 2307 39 21 OF

2120 2334 42 21 AN
2180 2333 90 21 ACRE.

1931 2362 47 23 The
1987 2365 49 25 spot
2046 2362 50 21 thus
2105 2360 95 23 selected
2211 2366 111 21 possesses
2331 2359 37 22 the
2377 2363 54 19 most
2446 2367 37 15 ex-

1905 2390 84 22 tensive
2003 2390 101 26 frontage
2118 2390 22 18 to
2157 2387 56 27 deep
2226 2392 67 16 water
2309 2386 24 22 of
2345 2394 51 20 any,
2404 2394 24 14 on
2446 2387 37 21 the

1905 2418 64 21 river.
1999 2417 21 20 It
2037 2416 19 21 is
2075 2414 95 23 situated
2184 2415 48 26 just
2245 2416 22 19 at
2284 2413 47 22 that
2350 2415 62 25 point
2425 2413 58 22 from

1968 2442 72 23 which
2049 2449 14 14 a
2074 2441 50 22 road
2136 2441 72 21 would
2220 2441 82 21 branch
2313 2440 34 22 off*
2352 2444 22 18 to
2385 2440 33 22 the

1907 2478 93 15 WOODED
2023 2477 47 14 AND
2092 2476 95 13 FERTILE
2208 2475 116 14 DISTRICTS
2346 2474 72 14 ALONO
2439 2474 45 15 THE

2076 2503 54 14 BASE
2145 2502 27 14 OF
2186 2502 46 14 THE
2248 2502 74 18 HILLS,

1907 2524 43 22 and
1962 2524 71 21 above
2044 2523 71 21 which
2126 2522 36 21 the
2176 2521 129 26 navigation
2319 2521 35 21 for
2363 2521 76 21 vessels
2448 2521 38 21 be-

1908 2558 74 15 comes
1992 2550 85 25 tedious,
2088 2550 23 25 if
2115 2551 37 19 not
2161 2549 94 26 difficult.
2284 2548 23 21 It
2313 2548 18 21 is
2338 2547 103 22 therefore
2449 2547 37 22 the

2105 2576 62 28 point
2176 2576 72 21 where
2259 2575 36 21 the

1910 2611 87 23 LAND
2012 2611 67 21 AND
2096 2610 110 21 WATER
2222 2608 162 22 CARRIAGE
2398 2607 87 23 MEET,

1909 2639 43 21 and
1963 2639 72 21 where
2046 2644 12 15 a
2068 2637 68 21 Town
2154 2643 58 15 must
2228 2643 27 14 be
2271 2643 90 13 formed
2379 2635 59 21 when
2449 2636 37 20 the

1910 2666 84 21 district
2009 2665 19 21 is
2038 2665 85 21 settled.
2154 2663 20 21 It
2183 2670 45 14 was
2238 2662 95 22 selected
2351 2662 29 27 by
2390 2662 32 21 the
2436 2662 52 21 Sur-

1910 2693 80 27 veying
2000 2692 58 21 Staff
2070 2699 25 13 as
2105 2691 35 21 the
2150 2690 137 21 rendezvous
2295 2689 36 21 for
2347 2689 56 21 their
2416 2688 56 27 body
2481 2695 5 20 ;

1911 2720 41 21 and
1964 2720 39 20 has
2013 2719 56 21 been
2080 2725 49 14 now
2143 2716 76 27 found,
2230 2718 57 20 after
2297 2716 86 21 several
2400 2715 88 22 months'

1910 2747 103 25 location,
2027 2751 20 16 to
2062 2746 27 21 be
2098 2745 36 21 the
2146 2749 56 17 most
2216 2743 166 27 advantageous
2392 2743 96 27 position,

1912 2775 56 20 from
1984 2774 27 20 its
2027 2772 96 27 peculiar
2143 2771 85 26 iacility
2245 2770 25 21 of
2282 2770 111 27 approach
2404 2768 47 22 both
2462 2769 28 27 by

1912 2800 52 22 land
1974 2800 44 21 and
2028 2804 74 17 water.

1940 2828 27 20 In
1978 2826 152 22 confirmation
2141 2824 26 22 of
2172 2824 37 22 the
2220 2822 130 29 superiority
2361 2823 26 21 of
2395 2822 38 22 this
2442 2824 49 25 spot

1912 2861 52 14 over
1974 2860 44 20 any
2028 2853 63 21 other
2098 2857 38 23 yet
2145 2852 89 25 known,
2246 2850 37 21 the
2294 2851 90 20 Messrs.
2394 2848 95 26 Kebbell,

1912 2881 57 21 after
1987 2880 38 22 the
2044 2879 149 22 examination
2209 2877 27 21 of
2252 2877 37 21 the
2307 2876 59 22 river
2381 2876 53 21 from
2452 2875 37 22 the

1914 2907 88 22 Paneiri
2012 2907 47 21 Pah
2069 2910 22 18 to
2100 2906 28 21 its
2137 2904 86 26 mouth,
2234 2902 139 22 determined
2387 2909 27 15 on
2422 2906 68 18 erect-

2150 2931 37 26 ing
2201 2931 57 21 their

1914 2966 67 23 SAW
1995 2965 80 24 MILL
2096 2962 228 24 IMMEDIATELY
2338 2961 153 23 OPPOSITE,

1919 2995 42 21 ihe
1978 2993 72 22 works
2068 2992 25 21 of
2108 2991 47 21 that
2174 2989 168 22 establishment
2359 2995 37 15 are
2414 2992 20 18 at
2449 2988 43 22 this

1915 3024 99 20 moment
2032 3020 23 21 in
2070 3018 62 28 rapid
2147 3024 106 21 progress,
2271 3015 44 22 and
2334 3015 37 22 the
2389 3015 103 28 proposed

1914 3050 69 21 Town
1994 3046 43 23 will
2047 3046 130 25 necessarily
2183 3044 92 27 partake
2282 3043 25 21 of
2313 3042 43 22 this
2366 3042 126 27 advantage.

1941 3076 49 21 The
2010 3073 92 22 nucleus
2116 3072 24 21 of
2156 3079 13 13 a
2187 3071 68 22 Town
2271 3070 25 27 is,
2307 3069 23 21 in
2345 3071 52 24 iact,
2408 3069 85 27 already

1915 3101 96 25 created,
2022 3101 28 27 by
2061 3100 37 21 the
2108 3097 164 23 concentration
2288 3096 26 22 of
2328 3096 36 22 the
2375 3096 119 27 Surveying

1916 3129 57 22 Staff
1980 3135 29 14 on
2020 3127 47 22 that
2077 3130 54 24 spot,
2143 3133 23 13 as
2175 3128 38 17 tlie
2224 3128 73 17 centre
2314 3123 25 21 of
2350 3122 143 22 communica-

1917 3158 45 19 tion
1973 3159 22 18 to
2006 3156 37 20 the
2053 3152 146 26 surrounding
2209 3151 98 26 district;
2324 3149 36 22 the
2370 3150 92 21 erection
2472 3149 26 22 of

1917 3184 90 21 Messrs.
2019 3179 114 24 Kebbell's
2149 3180 47 21 Saw
2214 3178 63 21 Mills
2293 3176 97 29 opposite
2398 3184 5 19 ;
2418 3176 25 27 by
2457 3175 37 23 the

1916 3212 165 24 arrangements
2095 3207 33 21 for
2143 3213 28 14 an
2188 3206 114 20 extensive
2314 3203 95 22 (ieneral
2419 3203 60 21 Store
2486 3210 7 19 ;

1905 3240 2 10 1
1917 3236 44 22 and
1973 3238 27 25 by
2009 3236 37 21 the
2055 3234 44 21 late
2109 3232 132 28 application
2248 3232 34 21 for
2290 3238 13 14 a
2310 3229 105 24 Licensed
2420 3230 74 21 House

1917 3271 28 14 on
1955 3263 37 22 the
2001 3265 50 25 part
2060 3261 26 21 of
2097 3267 27 14 an
2135 3258 122 23 individual
2272 3258 49 21 who
2335 3258 47 26 has,
2393 3257 55 21 since
2458 3256 37 22 the

1918 3292 117 20 formation
2053 3288 26 21 of
2093 3286 36 23 the
2145 3286 92 26 Colony,
2253 3285 96 27 pursued
2364 3291 14 14 a
2397 3283 99 22 lucrative

1919 3318 62 20 trade
1992 3316 52 21 with
2053 3315 38 21 the
2102 3314 90 25 natives,
2204 3312 46 21 and
2262 3311 71 22 whose
2345 3311 123 25 knowledge
2475 3309 25 23 of

1919 3345 36 21 the
1966 3343 136 25 advantages
2111 3341 24 21 of
2143 3340 39 21 the
2191 3340 100 27 position,
2300 3338 114 28 prompted
2421 3337 44 21 him
2475 3339 23 19 at

1919 3377 56 15 once
1986 3375 22 17 to
2016 3372 74 26 preter
2099 3368 48 22 that
2158 3366 142 28 application.

1945 3398 49 23 The
2004 3396 93 22 Natives
2112 3396 28 26 By
2150 3398 73 17 whom
2238 3393 44 21 this
2292 3391 53 22 land
2356 3398 45 15 was
2409 3391 89 21 claimed

1919 3432 36 15 are
1967 3425 60 27 quite
2039 3421 106 29 prepared
2154 3426 22 16 to
2185 3420 51 27 give
2242 3426 30 21 up
2278 3418 130 29 possession,
2415 3417 41 22 and
2460 3424 38 14 are

1919 3451 146 27 exceedingly
2075 3455 93 16 anxious
2181 3452 21 17 to
2218 3446 57 22 have
2285 3453 13 14 a
2308 3445 113 27 European
2429 3451 69 20 popu-

1921 3479 66 22 'ation
1997 3483 82 21 among
2091 3476 64 26 them*
2168 3474 83 26 having
2268 3473 56 22 been
2332 3479 60 21 upon
2402 3471 32 22 the
2443 3473 57 20 most

1919 3505 96 28 friendly
2022 3504 85 26 footing
2118 3502 51 21 with
2178 3502 39 21 the
2229 3500 125 27 Surveying
2363 3497 52 23 Staff
2420 3497 80 27 during

1919 3534 36 22 the
1965 3533 51 21 tocv
2025 3539 24 14 or
2058 3532 44 20 five
2107 3528 92 23 .months
2207 3527 53 26 they
2281 3526 57 22 have
2354 3524 148 23 beenlooated

1918 3561 70 22 there.
2332 3579 4 5 .
2354 3566 5 9 '
2425 3560 19 24 '-,

1947 3587 33 23 As
1990 3586 37 22 the
2035 3585 136 26 Proprietors
2180 3587 94 21 purpose
2283 3582 23 19 to
2316 3581 86 24 dispose
2410 3581 19 19 ot
2439 3581 40 19 but
2486 3585 14 14 a

1921 3613 83 23 limited
2019 3610 88 28 portion
2124 3609 26 22 of
2159 3608 38 21 the
2212 3606 70 24 Town
2297 3610 24 17 at
2337 3607 92 26 present,
2448 3605 54 27 they

1920 3640 82 27 pledge
2009 3631 132 34 themselves
2149 3635 53 26 that,
2215 3638 22 17 at
2246 3640 30 15 no
2294 3632 73 22 future
2376 3631 60 28 sales,
2443 3631 62 30 fih#i

1922 3668 37 22 the
1970 3667 128 22 allotments
2105 3664 28 21 be
2143 3665 40 24 put
2187 3668 31 20 up
2227 3663 25 18 at
2259 3667 15 15 a
2284 3659 45 21 Jess
2337 3666 51 14 sum
2396 3659 50 21 than
2454 3665 50 18 no.w

1949 3723 22 23 A
1976 3701 12 15 e
1990 3720 137 26 Prospectu3.
2140 3714 45 23 and
2202 3714 56 23 Plan
2269 3712 37 25 .of
2319 3711 38 22 the
2370 3711 135 29 /Eom.will

1922 3748 86 25 shortly
2016 3747 29 21 be
2054 3744 67 27 ready
2129 3742 35 23 for
2173 3739 123 28 inspection
2304 3741 31 25 >t
2347 3739 42 29 the,
2396 3739 78 22 Offices
2482 3739 27 22 of

1911 3787 7 14 t
1924 3777 91 22 Messrs.
2026 3771 69 23 Waitt
2103 3769 45 24 and
2155 3766 183 30 Ty^-Te^ro.
2349 3782 38 19 r>^
2406 3768 4 21 ;
2422 3782 3 5 ,
2465 3782 3 5 ,

1913 3815 6 6 *
2107 3801 64 25 April
2180 3802 35 24 22,
2225 3800 68 24 1845!.,
2312 3817 6 5 
2343 3808 35 19 ./^
2385 3803 24 19 1/
2418 3804 26 20 .V
2453 3804 61 25 Sji.^

1913 3849 56 34 l^i
2063 3848 112 28 ./..'just
2372 3869 12 7 .,
2394 3844 31 31 ,-,
2435 3844 26 31 7
2469 3847 44 33 >-t._

1926 3888 134 26 TfcLANS-
2075 3886 27 23 of
2121 3885 38 22 the
2181 3884 78 25 Tow.
2272 3880 207 26 oX-.Wfcx/ff&aiicw,
2476 3888 5 8 1
2481 3890 3 5 -
2493 3881 12 15 •'

1926 3904 43 38 jf
1997 3916 70 23 Plans
2075 3906 431 33 ofithe«Hatboar,of'To&rt»Nijeh(ili6n.
