2540 4010
848 953 108 16 LATEST
970 953 98 16 DATES.

678 986 77 17 London
847 986 52 20 Sept.
923 986 17 16 2.
952 986 5 20 j
970 986 72 15 Nelson
1163 986 44 15 Dec
1216 986 27 16 31.

676 1006 101 19 Auckland
844 1006 52 21 Sept.
916 1007 24 17 17.
971 1005 46 17 New
1025 1005 123 22 Plymouth..
1163 1005 46 22 July
1216 1006 26 17 26.

675 1029 76 21 Sydney
842 1027 46 18 Dae.
915 1028 26 16 13.
972 1026 65 22 Jiayo.
1053 1027 95 17 Islands..
1163 1027 43 18 Oct.
1226 1027 17 18 6.

677 1051 39 16 Van
744 1049 98 18 Uieman's
974 1048 45 17 l-ort
1029 1047 71 22 Phillip
1124 1059 5 5 .
1136 1060 15 5 ..
1167 1049 77 20 A.ug.3o.

696 1070 53 18 Land
842 1070 52 22 Sept.
916 1070 27 16 30.
973 1069 90 18 Adelaiue
1152 1071 52 20 Sept.
1218 1071 26 15 13.

765 1115 112 17 AGENTS
893 1115 57 17 FOR
970 1115 69 17 THIS
1056 1115 97 17 PAPER.

686 1148 38 17 Mr.
737 1148 124 16 nUKCHAM
957 1148 73 15 Petoni.

687 1168 37 17 Air.
736 1168 21 17 C.
771 1167 110 20 ELLIOTT,
894 1167 103 17 Examiner
1003 1166 65 20 Office,
1076 1166 72 18 Nelson
1158 1166 74 19 Haven.

687 1189 37 17 Mr.
736 1189 17 17 J.
762 1189 21 17 B.
793 1188 91 17 BA.INES
960 1188 44 17 New
1014 1188 108 20 Plymouth,
1133 1189 99 16 laiauaki.

687 1210 37 17 Mr.
738 1210 22 17 11.
772 1208 121 18 GtiUKION
961 1208 113 23 Wanganui.

688 1231 35 17 Mr.
737 1231 27 16 W.
777 1229 98 18 WILSON
959 1229 38 21 Bay
1005 1234 20 12 o;
1036 1229 86 17 Islands.

687 1278 38 16 The
733 1278 96 16 following
837 1281 31 13 are
877 1278 33 16 the
917 1278 78 16 quarter
1006 1278 48 16 days
1061 1278 23 16 of
1091 1278 42 16 this
1141 1282 58 12 paper
1206 1284 25 10 :—

771 1301 67 15 March
1098 1301 50 15 31st.

769 1319 52 18 June
1098 1319 54 18 30th.

769 1340 134 21 September..
951 1353 15 5 ..
1024 1353 5 5 .
1079 1341 73 17 ..30th.

769 1361 108 18 December
1098 1362 50 18 81st.

686 1383 81 18 Persons
774 1382 109 23 previously
890 1385 20 15 to
922 1382 148 23 discontinuing
1079 1383 54 18 their
1140 1387 69 18 paper?
1215 1384 35 17 ami

666 1404 166 20 advertisements,
839 1405 53 16 must
898 1405 57 17 settle
962 1407 34 15 t.ie
1006 1406 94 16 accounts
1107 1405 38 17 due
1154 1409 24 17 up
1190 1406 21 16 to
1221 1405 29 18 the

666 1426 49 17 date.

880 1470 163 15 FREIGHTS.

668 1509 96 22 London
1159 1511 14 19 6
1199 1511 14 20 0
1240 1512 10 20 0

666 1540 56 23 New
737 1541 77 21 South
831 1540 84 22 Wales
929 1548 47 14 and
987 1540 28 22 V.
1028 1540 27 21 D.
1068 1540 25 21 L.
1122 1542 51 20 ..2
1199 1543 14 20 0
1239 1544 11 19 0

666 1572 94 22 Neison
1157 1573 15 21 2
1199 1575 13 19 0
1239 1575 11 19 0

666 1605 121 21 Taranaki
799 1612 45 14 and
852 1605 73 22 Coast
1157 1606 15 20 2
1199 1607 14 20 0
1239 1608 11 19 0

666 1638 128 20 Auckland
1186 1638 37 20 nil.

1237 1662 12 11 ft

661 2320 94 66 New
786 2320 219 66 Zealand
1036 2320 218 66 Gazette

706 2386 67 23 AND
788 2386 214 28 WELLINGTON
1023 2387 188 23 SPECTATOR.

773 2441 131 24 Saturday,
920 2440 110 25 January
1046 2441 19 26 7,
1078 2442 60 22 1843.

224 3048 120 15 CUSTOM
362 3048 105 15 HOUSE.

1889 123 150 21 characterize
2063 123 63 22 those
2149 123 64 27 laws,
2237 123 39 22 the
2302 124 128 29 provisions
2453 123 22 24 of

1889 154 72 22 which
1973 161 38 15 are
2023 153 38 23 the
2073 154 46 24 sole
2131 163 70 15 cause
2212 155 27 23 of
2253 154 49 24 that
2314 163 106 23 pressure
2430 156 44 24 and

1889 185 47 25 that
1959 186 101 29 distress,
2080 187 37 23 the
2139 187 126 24 loathsome
2286 193 79 18 nature
2386 189 27 22 of
2438 188 36 23 the

1889 219 86 30 picture
1987 219 74 23 would
2083 227 29 23 go
2131 221 33 22 far
2183 226 70 18 towar
2263 221 18 22 's
2300 221 118 31 removing
2437 221 38 23 the

1889 251 96 31 original
2006 252 26 22 of
2058 251 71 24 which
2153 253 36 23 his
2214 253 67 24 could
2304 253 53 31 only
2381 253 28 24 be
2437 254 38 23 the

1889 284 99 30 etching.
2027 283 51 24 One
2091 285 59 22 word
2163 293 62 16 more
2238 286 44 23 and
2294 294 31 16 we
2339 286 55 23 have
2408 286 66 25 done.

1890 316 49 24 Our
1952 323 170 24 contemporary
2136 318 99 24 reminds
2256 327 27 16 us
2295 320 24 23 of
2334 328 14 15 a
2366 319 37 23 lad
2418 320 57 29 who,

1891 350 62 22 when
1967 349 35 23 his
2014 355 80 25 parent
2106 351 108 30 reproved
2227 352 45 23 him
2286 352 33 24 for
2335 352 37 23 his
2389 352 86 31 cruelty

1891 383 20 21 iv
1922 382 87 31 pulling
2016 382 35 22 off
2060 382 37 23 the
2110 383 70 29 wings
2190 384 26 22 of
2224 393 13 14 a
2248 385 38 30 fly,
2297 385 92 31 replied,
2424 386 36 24 Oh
2468 387 6 23 !

1892 415 34 22 it's
1940 422 28 15 no
1980 415 71 26 harm,
2065 415 18 22 it
2095 415 40 23 has
2147 421 39 25 got
2206 416 47 30 legs
2273 423 23 18 to
2317 418 59 23 walk
2389 419 53 24 with
2444 432 31 4 —

1892 455 41 31 you
1947 447 65 23 could
2025 453 38 17 not
2076 448 55 23 have
2150 449 49 22 said
2216 457 61 15 more
2290 451 19 22 if
2323 450 13 24 I
2350 451 43 23 had
2407 451 68 25 killed

1978 480 31 23 So
2029 488 51 22 says
2099 488 41 16 our
2160 487 170 26 contemporary
2333 497 30 3 —
2366 484 38 23 the
2422 493 53 23 poor

1893 513 69 24 devils
1974 521 37 15 are
2025 514 51 29 only
2089 512 106 32 deprived
2215 514 25 23 of
2255 514 38 24 the
2305 523 77 16 means
2395 517 25 23 of
2436 526 39 16 ex-

1893 547 90 26 istence,
1996 545 44 23 and
2052 546 81 23 should
2146 546 27 24 be
2194 552 94 19 content
2299 552 23 19 to
2333 549 37 23 die
2381 551 94 31 quietly,

1894 578 84 25 instead
1992 578 24 23 of
2032 578 129 32 disturbing
2173 580 38 23 the
2230 588 68 23 peace
2316 581 45 23 and
2382 584 93 24 comfort

1893 611 21 24 of
1931 611 65 23 those
2009 611 47 23 who
2070 612 87 22 neither
2177 618 59 18 want
2257 613 57 24 their
2331 615 107 29 services,
2451 624 24 15 or

1894 651 49 17 care
1954 644 58 23 what
2024 644 104 23 becomes
2140 645 26 23 of
2175 645 70 24 them.
2284 646 121 31 However,
2418 649 57 23 what

1895 684 37 16 can
1947 677 26 23 be
1986 676 109 32 expected
2106 677 57 23 from
2180 684 114 19 creatures
2305 688 25 16 so
2342 681 133 31 profoundly

1895 711 102 30 ignorant
2006 711 6 22 !
2049 710 65 31 They
2129 716 61 18 must
2201 711 28 24 be
2248 712 64 25 made
2332 722 28 15 an
2373 716 102 30 example

1896 744 28 23 of.
1960 742 46 24 But
2017 751 33 15 we
2062 743 53 23 dare
2132 749 39 18 not
2190 752 39 23 say
2244 750 21 18 to
2279 746 71 24 whom
2364 747 38 24 the
2421 754 54 18 term

1896 777 102 30 ignorant
2010 776 73 23 would
2096 782 58 17 most
2166 778 165 32 appropriately
2344 781 78 31 apply.

1929 828 93 22 Police
2035 828 202 24 Intelligence.
2240 841 33 5 —
2274 829 43 24 We
2338 832 90 23 confess
2446 840 33 16 we

1895 859 54 24 have
1962 860 54 23 been
2029 860 116 30 negligent
2156 862 23 21 in
2194 862 98 31 keeping
2303 871 30 23 up
2350 872 42 15 our
2405 871 74 25 report

1895 900 28 16 on
1943 892 43 25 this
1999 893 63 28 head,
2083 893 44 23 and
2147 901 32 16 we
2191 902 38 16 are
2250 904 64 23 sorry
2326 902 23 17 to
2366 897 45 23 find
2432 899 48 23 that

1896 926 37 23 the
1950 926 120 30 frequency
2090 926 24 23 of
2135 928 115 23 robberies
2269 930 130 23 committed
2419 931 60 29 here,

1896 958 55 24 have
1969 958 91 24 become
2079 959 37 23 the
2140 960 96 31 subject'
2253 962 26 22 of
2298 962 181 25 animadversion

1896 999 58 23 upon
1971 991 29 31 by
2013 998 41 17 our
2077 992 85 23 Nelson
2175 999 179 26 contemporary,
2367 996 45 23 and
2430 1005 48 21 our,

1897 1025 83 29 having
1992 1025 91 23 become
2127 1033 70 16 worse
2217 1027 53 23 than
2437 1031 42 22 Al-

1896 1057 84 31 though
1992 1065 31 16 we
2041 1058 58 31 truly
2112 1058 85 24 lament
2216 1060 37 23 the
2267 1060 61 23 truth
2341 1062 25 23 of
2382 1062 36 24 his
2431 1070 50 16 cor-

1896 1091 133 31 respondent
2049 1099 28 15 on
2099 1091 48 24 that
2167 1093 73 30 point,
2263 1095 43 22 an!
2330 1102 41 16 can
2396 1097 85 30 readily

1896 1132 63 22 agree
1971 1125 21 22 in
2008 1124 36 23 the
2056 1125 131 23 conclusion
2201 1126 28 23 he
2241 1127 84 23 arrives
2337 1133 31 23 at,
2382 1129 97 31 namely,

1896 1157 47 23 that
1956 1165 29 15 we
1997 1165 37 15 are
2074 1165 69 15 worse
2157 1158 54 23 than
2348 1161 20 23 if
2378 1169 33 16 we
2424 1162 56 24 have

1896 1196 39 17 not
1946 1198 39 22 any
1999 1198 78 15 reason
2091 1196 22 17 to
2125 1190 83 31 rejoice
2220 1192 23 23 in
2255 1199 40 16 our
2307 1194 136 32 superiority
2451 1203 30 16 on

1896 1223 49 23 that
1961 1231 70 20 score,
2056 1231 32 15 we
2107 1231 51 22 may
2178 1224 59 23 draw
2258 1232 61 16 some
2341 1228 140 24 consolation

1895 1264 56 15 even
1964 1257 54 22 from
2037 1255 56 24 such
2111 1264 13 15 a
2140 1262 59 18 state
2211 1257 25 23 of
2253 1258 84 31 things.
2375 1260 106 32 Namely,

1896 1289 49 23 that
2030 1290 76 22 where
2128 1289 37 24 the
2185 1292 88 22 carrion
2291 1292 49 28 lies,
2364 1292 63 25 there
2444 1295 37 23 the

1896 1323 65 23 Crow
2082 1323 32 23 So
2126 1322 74 24 where
2220 1323 38 24 the
2271 1330 59 18 most
2340 1332 106 26 property
2459 1328 20 23 is

1896 1356 81 23 known
1995 1360 22 18 to
2030 1355 35 29 be,
2085 1356 62 23 there
2161 1357 44 22 will
2225 1357 38 23 the
2276 1358 80 24 robber
2375 1359 52 24 look
2445 1361 36 23 for

1895 1394 59 18 raoit
1967 1389 64 30 booty
2077 1389 41 23 We
2131 1389 57 24 have
2201 1395 22 18 fo
2236 1391 76 23 record
2326 1399 28 16 no
2367 1392 45 25 less
2425 1393 55 25 than

1895 1423 50 22 four
1966 1427 83 26 lepirts
2069 1421 64 25 made
2152 1428 23 18 to
2196 1423 38 24 thi
2254 1424 165 31 Police-office,
2436 1427 46 24 this

1895 1455 71 28 week,
1980 1455 22 24 of
2018 1455 113 23 robberies
2143 1464 28 15 an
2182 1457 5 22 I
2199 1462 108 26 attempts
2319 1460 25 21 of
2356 1460 124 25 robberies.

1929 1489 37 23 On
1984 1488 34 23 thi
2036 1489 66 30 ni^lr
2115 1489 25 23 of
2156 1489 107 32 Tuj.-(hy
2282 1491 50 29 last,
2353 1492 37 24 the
2412 1493 69 24 Post-

1895 1522 64 23 office
1969 1529 42 16 was
2020 1521 14 23 b
2048 1522 59 23 oken
2119 1523 23 23 in
2154 1530 21 21 o,
2188 1532 15 15 a
2218 1523 38 24 da
2265 1525 167 31 writing-desk,
2444 1526 39 25 the

1896 1560 103 26 property
2010 1556 25 22 of
2054 1555 35 23 W.
2105 1555 28 24 li.
2155 1556 58 24 Man
2224 1557 29 28 el,
2273 1557 67 31 Esq.,
2361 1559 38 23 the
2412 1560 69 24 Post-

1896 1593 90 24 master,
2004 1588 85 24 car.ied
2108 1588 37 30 off,
2167 1597 42 16 con
2221 1591 78 31 aining
2314 1599 84 24 among
2418 1593 65 24 other

1896 1621 77 31 things
1984 1622 52 23 £10
2048 1622 23 23 in
2084 1622 68 23 s.lver
2164 1623 44 24 and
2222 1630 70 17 notes.

1930 1655 38 23 On
1980 1655 36 23 the
2028 1656 96 31 evening
2134 1656 25 23 of
2171 1656 150 31 Wednesday,
2335 1657 39 24 the
2387 1663 59 20 store
2459 1660 24 23 of

1897 1688 46 23 Mr.
1969 1688 127 24 M'Donald
2120 1695 23 18 at
2170 1689 46 24 Kia
2239 1697 71 16 warra
2333 1699 79 22 warra,
2437 1700 44 16 was

1896 1721 87 23 broken
1996 1730 64 23 open.
2072 1723 4 3 '

1929 1755 58 23 Also
1998 1756 35 22 the
2045 1760 60 18 store
2113 1755 25 23 of
2148 1755 48 24 Mr.
2207 1756 130 31 Pharazyn,
2346 1763 23 18 at
2378 1758 37 24 the
2428 1758 50 25 Pah

1896 1788 98 31 Pipitea.

1930 1822 52 23 And
1997 1821 35 24 the
2043 1827 60 18 store
2116 1822 25 24 of
2151 1822 48 24 Mr.
2213 1823 134 25 Machattie.

1930 1855 58 23 This
2000 1855 19 23 L
2030 1864 28 14 no
2069 1855 69 24 doubt
2150 1864 14 15 a
2175 1857 44 23 bad
2231 1863 57 17 state
2301 1859 25 22 of
2342 1859 83 30 things,
2438 1860 44 23 and

1896 1888 54 23 calls
1964 1888 33 23 for
2010 1889 113 24 increased
2136 1890 120 31 vigilance.
2293 1891 48 23 But
2352 1892 18 22 it
2384 1899 59 17 must
2455 1902 27 14 oe

1896 1921 69 23 borne
1984 1922 24 23 in
2028 1922 60 24 mind
2109 1923 47 23 that
2174 1924 62 23 there
2248 1932 37 15 are
2307 1930 23 17 at
2343 1925 37 24 the
2392 1932 91 24 present

1896 1954 61 28 time,
1976 1963 14 14 a
2009 1963 61 15 more
2089 1955 54 24 than
2163 1957 104 30 ordinary
2287 1958 96 24 number
2399 1960 25 22 of
2439 1960 44 24 idle

1896 1994 50 14 men
1961 1987 92 26 thrown,
2071 1987 37 28 (as
2121 1989 17 20 it
2151 1989 72 21 would
2237 1991 95 27 appear)
2345 1991 139 27 exclusively

1896 2025 28 15 on
1939 2017 57 23 Port
2009 2018 130 27 Nicholson,
2154 2019 28 29 by
2197 2020 36 21 the
2246 2020 111 30 breaking
2370 2028 29 22 up
2412 2021 25 22 of
2446 2020 37 24 the

1886 2048 2 24 I
1896 2049 99 31 whaling
2008 2050 101 22 stations.
2147 2050 113 23 Previous
2277 2057 22 17 to
2312 2052 38 22 the
2363 2053 118 24 formation

1896 2083 26 22 of
1931 2082 45 23 this
1989 2082 43 23 and
2045 2083 62 23 other
2119 2083 143 23 settlements
2274 2085 25 22 of
2308 2085 95 31 wealthy
2417 2086 66 32 Eng-

1896 2116 44 23 lish
1960 2116 117 28 residents,
2098 2116 45 23 this
2166 2116 59 23 class
2243 2117 24 23 of
2285 2125 53 16 men
2359 2120 125 31 consisting

1897 2149 80 30 chiefly
1992 2149 24 23 of
2034 2156 104 23 runaway
2157 2151 100 22 convicts
2277 2152 45 22 and
2340 2152 87 29 sailors,
2448 2161 36 16 re-

1898 2183 89 22 mained
2000 2184 22 21 in
2035 2182 37 24 the
2083 2182 192 32 neighbourhood-
2283 2184 25 23 of
2318 2184 59 24 their
2389 2194 95 23 occupa-

1898 2217 66 28 tions,
1977 2216 43 23 and
2030 2215 57 25 lived
2094 2224 84 23 among
2185 2217 44 23 and
2238 2225 57 23 upon
2305 2219 37 23 the
2350 2219 133 33 hospitality

1898 2250 25 23 of
1933 2250 36 22 the
1983 2250 92 28 natives,
2088 2249 49 24 who
2150 2250 58 24 from
2221 2250 37 24 the
2270 2252 98 24 absence
2380 2254 26 22 of
2419 2261 13 15 a
2444 2253 39 24 de-

1899 2283 65 23 mand
1976 2283 35 23 for
2023 2283 56 23 their
2092 2285 93 29 surplus
2197 2285 98 30 produce
2307 2286 84 30 readily
2404 2287 80 24 shared

1899 2317 17 22 it
1928 2317 53 22 with
2002 2316 56 23 their
2077 2316 66 23 white
2162 2318 86 23 friends
2265 2318 45 23 and
2330 2320 136 30 neighbours
2477 2330 6 19 ;

1898 2350 108 27 whereas,
2025 2351 61 22 since
2100 2358 41 15 our
2154 2351 129 24 settlement
2302 2352 62 29 here,
2382 2358 39 18 not
2432 2354 52 31 only

1900 2384 56 23 have
1968 2384 62 23 these
2043 2391 50 16 men
2105 2384 85 31 sought
2200 2393 27 15 us
2239 2390 45 24 out,
2298 2384 41 31 (no
2351 2386 69 24 doubt
2433 2388 51 22 with

1898 2425 63 15 some
1983 2418 141 30 exceptions)
2147 2417 52 25 with
2224 2426 28 16 no
2272 2419 65 23 other
2356 2421 54 22 view
2430 2421 54 23 than

1899 2450 103 32 plunder,
2015 2450 43 25 and
2068 2450 70 24 which
2151 2452 56 23 from
2219 2452 38 23 the
2268 2454 129 30 straggling
2406 2460 78 18 nature

1900 2485 24 22 of
1935 2492 40 16 our
1989 2485 133 28 residences,
2135 2484 66 24 holds
2215 2490 42 18 out'
2265 2492 66 24 great
2343 2488 141 30 temptations

1899 2518 44 23 and
1959 2518 104 23 facilities
2074 2518 35 23 for
2128 2518 115 31 effecting.
2279 2519 49 24 But
2348 2520 38 24 the
2399 2522 85 23 natives

1899 2552 88 31 finding
1999 2552 48 22 that
2058 2551 52 32 they
2123 2552 58 24 have
2195 2561 13 15 a
2220 2553 67 30 ready
2300 2554 90 23 market
2402 2555 82 30 opened

1900 2591 22 17 to
1931 2585 59 23 them
2001 2586 34 22 for
2045 2586 56 22 their
2110 2586 93 31 surplus
2213 2587 106 30 produce,
2331 2587 56 23 have
2396 2588 88 24 become

1900 2619 45 23 less
1957 2619 103 31 disposed
2081 2624 21 18 to
2114 2619 52 31 give
2178 2627 71 23 away,
2269 2621 43 22 and
2326 2621 52 23 thus
2393 2622 91 30 stopped

1900 2652 63 23 those
1983 2652 99 31 supplies
2095 2652 73 24 which
2187 2652 64 24 these
2270 2661 51 16 men
2341 2654 56 23 have
2415 2663 30 23 up
2464 2661 20 18 to

1900 2686 45 23 this
1968 2687 54 22 timj
2046 2685 82 31 mainly
2147 2686 70 24 relied
2237 2695 36 21 on,
2298 2692 23 18 to
2343 2696 63 24 carry
2425 2690 59 23 them

1900 2719 106 31 through,
2026 2719 58 24 what
2103 2720 37 23 the
2153 2719 108 32 Lawyers
2274 2721 74 23 would
2361 2722 49 29 call,
2430 2722 54 24 their

1900 2753 54 30 long
1965 2754 110 23 varation.

1934 2786 51 24 Our
1994 2792 172 26 contemporary
2178 2787 22 23 in
2211 2788 110 31 referring
2329 2793 22 19 to
2359 2796 41 17 our
2410 2789 74 24 article

1899 2828 59 22 upon
1973 2820 45 23 this
2030 2820 96 31 subject,
2146 2822 22 22 in
2181 2829 14 15 a
2207 2821 83 24 former
2303 2822 102 29 number,
2425 2831 59 23 says,

1926 2853 21 24 It
1958 2854 72 29 might
2043 2854 26 23 be
2081 2854 113 29 supposed
2209 2854 48 23 that
2267 2863 96 21 persoiia
2371 2857 48 23 who
2429 2864 55 16 were

1900 2886 82 23 robbed
1995 2894 56 15 were
2062 2886 90 22 further
2164 2891 42 26 put
2218 2892 21 17 to
2253 2887 72 30 hea%*y
2337 2896 112 22 expenses
2460 2891 23 22 in

1900 2920 112 30 retaining
2030 2927 13 14 a
2062 2918 108 24 Solicitor
2192 2924 21 18 to
2231 2925 119 25 prosecute
2369 2920 38 24 the
2425 2921 59 29 thief,

1899 2953 43 23 and
1954 2953 49 23 that
2016 2952 44 23 this
2070 2960 46 14 was
2126 2951 73 25 added
2211 2957 22 18 to
2243 2952 35 24 the
2292 2953 46 23 loss
2348 2954 25 23 of
2384 2955 53 22 time
2445 2955 39 24 and

1900 2986 87 23 trouble
1996 2986 69 23 which
2078 2986 28 23 he
2119 2990 62 19 must
2190 2990 24 19 at
2225 2986 28 23 all
2263 2987 178 24 circumstances
2448 2996 36 16 ex-

1899 3024 50 26 pect
1962 3024 21 18 to
2123 3019 44 24 We
2178 3019 108 32 certainly
2297 3020 57 24 have
2367 3021 55 24 been
2434 3023 50 22 mis-

1899 3052 144 29 understood,
2063 3052 44 24 and
2128 3060 33 16 we
2181 3054 89 23 confess
2291 3062 61 23 upon
2373 3054 110 24 reference

1899 3091 22 19 to
1935 3086 36 24 the
1983 3087 90 23 articles
2089 3087 23 23 in
2124 3088 115 30 question,
2257 3087 50 24 that
2319 3089 17 22 it
2352 3088 72 23 would
2437 3089 47 23 bear

1899 3120 48 23 that
1959 3121 179 30 interpretation,
2158 3120 147 31 particularly
2319 3122 63 23 when
2396 3122 51 23 read
2459 3122 25 31 by

1898 3162 13 15 a
1923 3153 104 31 Lawyer,
2048 3155 43 22 and
2105 3155 17 22 it
2135 3155 20 22 is
2168 3153 89 24 evident
2269 3162 41 16 our
2326 3155 46 24 real
2385 3157 99 29 meaning

1900 3187 39 24 has
1959 3188 56 23 been
2029 3188 44 23 lost
2084 3187 63 32 sight
2159 3187 30 29 of,
2203 3188 105 31 perhaps,
2321 3189 75 30 owing
2413 3193 23 19 to
2448 3196 36 16 our

1900 3226 60 19 want
1973 3222 24 23 of
2016 3221 148 32 perspicuity.
2201 3220 50 24 Our
2263 3221 75 31 object
2356 3229 44 16 was
2413 3226 23 19 to
2447 3223 37 22 im-

1900 3263 62 23 press
1980 3263 59 24 upon
2060 3254 145 28 individuals,
2227 3254 49 23 that
2296 3254 152 32 independent
2467 3255 17 23 of

1900 3289 57 23 their
1969 3297 49 14 own
2030 3289 47 22 loss
2089 3295 61 23 upon
2164 3287 63 24 these
2240 3289 126 28 occasions,
2382 3289 43 24 and
2437 3296 47 24 per-

1900 3322 55 32 haps
1975 3322 38 24 the
2032 3320 170 32 comparitively
2222 3321 87 32 trifling
2325 3322 67 24 value
2412 3323 25 23 of
2451 3322 33 24 the

1900 3362 104 25 property
2016 3355 81 28 stolen,
2111 3354 53 31 they
2176 3354 45 24 had
2234 3363 12 15 a
2259 3355 55 31 duty
2323 3360 24 19 to
2358 3357 97 31 perform
2464 3362 19 17 to

1899 3390 84 31 society
1996 3394 24 18 at
2038 3388 70 31 large,
2128 3388 45 24 and
2192 3388 48 24 that
2258 3388 103 24 however
2373 3390 111 24 vexatious

1900 3423 37 24 the
1949 3423 47 23 loss
2006 3423 26 22 of
2041 3423 53 22 time
2107 3426 44 19 and
2163 3421 87 25 trouble
2262 3430 122 24 necessary
2392 3429 22 18 to
2425 3425 59 29 bring

1900 3456 36 24 the
1957 3456 112 24 offenders
2082 3461 22 18 to
2120 3455 94 31 justice,
2235 3456 17 24 it
2264 3464 46 16 was
2322 3457 58 23 their
2397 3457 55 30 duty
2463 3463 21 16 as

1900 3490 49 23 well
1968 3498 25 15 as
2012 3490 93 23 interest
2124 3494 23 19 to
2169 3489 28 24 do
2218 3498 33 20 so,
2276 3495 24 18 at
2322 3498 44 23 any
2384 3487 100 35 personal

1900 3524 109 23 sacrifice.

1933 3574 51 24 Oar
2004 3573 75 24 fellow
2098 3574 97 24 colonist
2215 3574 47 24 Mr.
2288 3574 141 24 Greenwood
2447 3573 37 24 has

1900 3607 99 32 recently
2010 3607 88 24 arrived
2112 3607 57 25 from
2184 3608 57 24 East
2257 3607 71 32 Cape.
2373 3607 38 24 He
2432 3607 52 31 hap-

1901 3642 45 31 pily
1971 3641 95 24 relieves
2086 3649 27 16 us
2130 3641 59 24 from
2208 3642 38 23 the
2267 3640 167 33 apprehension
2457 3647 28 16 we

1901 3676 71 30 began
1997 3680 22 19 to
2043 3676 120 28 entertain,
2184 3675 48 23 that
2250 3682 64 16 some
2332 3674 13 23 d
2356 3679 72 19 saster
2446 3672 39 25 had

1900 3708 108 24 occurred
2020 3714 22 18 to
2053 3708 38 24 the
2107 3708 158 23 Government
2285 3708 59 31 brig,
2366 3707 71 24 which
2458 3713 27 16 we

1902 3743 41 23 had
1958 3743 55 23 been
2026 3743 67 31 given
2107 3747 23 18 to
2149 3741 137 24 understand
2306 3740 43 24 had
2368 3740 70 24 sailed
2458 3740 27 23 for
2495 3760 2 7 ,

1902 3776 45 23 this
1959 3780 59 27 port,
2032 3776 44 23 and
2092 3774 83 30 which,
2194 3774 96 32 making
2307 3780 67 25 every
2392 3772 91 33 possible

1902 3809 122 24 allowance
2035 3809 35 24 for
2082 3814 107 26 contrary
2207 3807 80 31 wiuds,
2305 3814 47 18 was
2370 3807 55 33 long
2440 3811 43 20 over

1902 3843 53 23 due.

1936 3875 25 25 It
1972 3882 105 26 appears,
2088 3875 115 30 however,
2215 3874 49 27 that
2276 3882 29 17 on
2316 3871 46 30 her.
2370 3873 81 26 arrival
2468 3874 17 22 at

1903 3909 61 25 East
1975 3910 71 33 Cape,
2058 3908 38 26 his
2107 3908 141 33 Excellency
2259 3908 180 31 fouridjrafctters
2449 3903 35 28 had

1903 3941 108 27 assumed
2037 3951 16 17 a
2061 3942 6 4 *
2079 3943 91 25 serious
2192 3946 85 29 aspect,
2302 3942 75 31 o-wiog
2404 3945 23 20 to
2455 3938 29 25 thi

289 3106 110 15 IMPORTS.

78 3133 30 20 In
127 3139 47 20 THjE
322 3139 28 14 of
496 3140 62 15 from
575 3135 61 21 Lon-

51 3167 47 14 don
115 3162 33 19 via
164 3160 133 21 tlelson.—
303 3162 66 19 Wilds
388 3162 40 19 and
447 3162 42 21 Co..
509 3164 126 24 Ayeizts.—i

50 3194 58 15 cases
129 3188 161 23 manufactures,
311 3189 25 19 15
357 3189 73 20 tierces
449 3190 65 19 salted
534 3191 52 21 beet',
609 3192 27 19 20

50 3216 79 20 barrels
149 3215 65 20 salted
233 3216 59 25 pork,
310 3217 26 19 'Si
353 3217 59 19 casks
430 3216 80 21 bottled
528 3218 60 23 wine,
609 3219 24 19 21

50 3244 60 19 casks
129 3244 60 22 flour,
206 3244 25 19 7tt
250 3244 65 22 hams,
335 3244 23 19 19
377 3244 59 19 ca.-ks
456 3244 78 20 bottled
552 3246 40 21 ale.
610 3247 25 19 12

50 3277 57 14 cases
114 3271 13 20 8
138 3275 78 15 trusses
225 3271 10 19 I
247 3270 63 20 tierce
316 3271 12 18 2
338 3271 58 20 ca>ks
407 3271 8 20 1
426 3271 40 26 keg
473 3272 161 26 manufactures,

49 3299 28 19 46
87 3298 78 20 barrels
175 3298 62 22 flour,
249 3298 10 19 1
277 3298 48 19 cask
337 3299 59 21 nails,
412 3299 13 19 4
437 3302 78 17 trusses
531 3300 104 22 blankets.

51 3325 12 20 6
73 3325 65 22 deals,
148 3325 27 20 2G
186 3325 50 26 kegs
246 3325 159 23 manufactures,
416 3327 14 19 4
446 3326 59 26 pipes
515 3327 12 19 6
538 3328 60 20 casks
608 3329 26 20 35

50 3352 65 21 boxes
125 3353 40 19 285
182 3353 52 24 kegs
245 3352 77 20 British
340 3353 71 25 goods.
425 3354 27 19 40
470 3355 61 19 boxes
548 3362 57 19 soap,
625 3357 9 19 1

50 3386 47 14 case
117 3381 60 22 wine,
195 3381 26 19 88
232 3380 60 19 casks
310 3380 77 20 bottled
398 3381 39 23 ale,
456 3381 25 20 12
506 3388 58 14 cases
581 3383 55 21 olive

51 3407 36 24 oil,
101 3409 9 18 1
122 3414 31 20 qr.
165 3407 47 20 cask
225 3407 60 20 wire,
298 3407 70 21 l'hhd.
381 3407 54 22 beer.
445 3409 13 19 2
473 3415 56 14 cases
540 3416 70 20 paper,
622 3412 12 19 2

50 3441 58 14 cases
124 3435 104 23 saw-mill,
242 3435 36 19 HI
296 3435 99 25 packages
407 3442 119 19 passengcis
542 3438 93 25 lu^age.

51 3462 131 26 Passengers,
191 3462 65 20 Cubin
259 3472 24 4 —
287 3462 52 20 Miss
352 3462 90 21 Walker.
451 3463 52 20 Miss
515 3464 57 23 Birr,
582 3466 53 19 Miss

51 3489 91 24 Hutton,
161 3489 52 21 Mrs.
235 3489 17 19 U
261 3489 48 26 illey
326 3490 38 19 and
381 3490 63 23 child,
465 3491 40 20 Mr.
524 3492 41 20 and
581 3492 54 21 Mrs.

51 3517 96 21 Johr.s'on
158 3517 40 20 and
210 3520 39 17 two
258 3517 100 22 children,
371 3517 41 20 Mr.
423 3518 40 20 and
476 3518 51 20 Mrs.
538 3518 97 22 Johnson

49 3545 41 19 and
101 3545 59 20 three
177 3545 101 22 children,
291 3545 41 19 Mr.
350 3545 40 19 and
402 3545 52 20 IVrs.
473 3545 54 20 Hott
540 3547 40 19 and
597 3548 39 19 live

49 3572 118 26 daughters,
195 3572 87 20 Messrs.
308 3572 94 26 Heiphy,
431 3572 86 27 Jveph,
546 3574 88 24 Kussell,

51 3599 108 24 Marshall,
176 3599 109 26 Skip^itb,
303 3599 76 24 Birnie,
398 3599 103 26 Itidgway,
519 3600 115 25 Crummer,

51 3626 100 26 Mooatta,
174 3627 42 20 and
237 3626 104 21 O'Ferrul.
372 3626 23 20 In
399 3628 77 19 termed
485 3631 34 17 ate
520 3639 27 4 —
548 3628 86 22 Messrs.

50 3654 112 24 Saunders,
172 3654 148 23 Thombrown,
332 3653 76 27 Gould,
419 3655 41 20 and
473 3655 57 20 Barr.
631 3671 2 9 ,

79 3681 28 20 In
124 3687 46 14 the
336 3687 63 14 from
416 3682 130 21 London.—
548 3684 87 25 Agents,

52 3708 69 20 Waitt
144 3708 42 21 and
209 3709 99 25 Tyser.—
310 3709 26 20 3B
360 3708 78 21 barrels
460 3710 61 25 flour,
542 3712 13 19 2
575 3713 60 19 casks

237 3737 30 21 H.
279 3737 179 25 JMartineuu.~2>
482 3738 49 26 kegs
553 3739 10 20 1
585 3740 49 20 ca«k

49 3764 163 23 manufactures,
247 3764 67 21 -.Rot**.
316 3775 27 5 —
344 3764 16 20 2.
366 3770 57 15 cases
430 3765 12 20 7
454 3766 101 26 packages
565 3772 69 18 crane,

49 3791 31 20 N.
91 3791 25 20 Z.
134 3790 143 26 Company.;—
276 3792 13 20 i
299 3797 57 15 cases
374 3798 19 13 ra
400 3792 129 21 umfacturei
545 3795 25 19 24
583 3794 51 27 kegs

48 3818 63 25 nails,
120 3819 14 20 5
144 3824 58 15 cases
209 3819 62 21 wine.
283 3819 72 21 Order,
355 3828 29 5 —
384 3820 13 19 4
405 3826 32 20 qr.
448 3819 60 21 casks
515 3826 49 21 pore
574 3823 60 24 wine,

48 3846 29 20 30
87 3852 57 14 cases
154 3846 35 20 do.
200 3846 122 33 ao^Waitt
332 3846 42 21 and
385 3847 99 25 Tyser.—
486 3848 10 20 l
507 3848 50 21 cask
567 3849 10 20 1
589 3856 46 14 case

47 3873 64 25 wine,
135 3872 69 27 Cap*..
211 3888 3 4 .
223 3873 90 26 Sharp?-,
328 3889 3 4 ,
339 3873 151 27 Passengers—
491 3875 26 21 A.
541 3877 42 20 and
609 3878 25 21 C.

48 3901 93 27 Aubrey,
148 3900 32 21 JR..
305 3903 281 28 surgeonjs'uperinteadant,
593 3905 43 21 and

49 3928 42 21 115
101 3934 22 14 :a
133 3928 36 21 the
179 3930 92 24 sietrifs
280 3928 35 22 for
384 3929 120 28 Plymouth.

725 2494 65 23 Time
811 2493 45 23 and
876 2494 44 22 tide
943 2495 52 22 wait
1014 2494 34 23 for
1070 2502 28 16 no
1214 2495 45 24 but'

666 2527 54 24 both
733 2535 37 16 are
783 2527 136 31 continually
933 2527 92 31 fraught
1037 2528 53 23 with
1112 2534 81 18 matter
1206 2530 47 23 cal-

667 2561 87 23 culated
767 2567 22 16 to
802 2561 94 22 demand
915 2569 42 14 our
978 2563 118 26 attention,
1110 2562 45 23 and
1175 2569 22 17 to
1209 2563 44 23 call

667 2595 59 22 forth
738 2594 95 30 feelings
846 2593 141 31 pleasurable
1006 2602 24 15 as
1053 2595 50 23 well
1119 2603 25 14 as
1157 2597 94 22 serious.

668 2628 42 23 We
729 2635 38 15 are
786 2627 46 23 fast
853 2627 152 31 approaching
1027 2628 37 24 the
1082 2628 125 24 revolution
1228 2631 25 21 of

668 2662 52 22 time
734 2661 72 22 which
820 2660 43 23 will
878 2661 65 29 bring
953 2661 53 22 with
1028 2661 18 22 it
1067 2669 13 16 a
1101 2663 57 22 train
1178 2663 24 22 of
1218 2671 36 15 re-

666 2694 103 23 flections
781 2694 48 23 well
842 2694 124 23 calculated
988 2699 21 18 to
1030 2699 73 19 create
1116 2703 13 15 a
1141 2696 63 31 rapid
1216 2697 35 22 di-

666 2729 84 29 versity
760 2727 26 24 of
795 2727 110 23 emotions
919 2728 22 22 in
953 2728 37 22 the
1003 2727 75 24 breast
1086 2729 21 22 of
1120 2736 55 16 even
1188 2729 64 24 those

667 2762 48 22 who
728 2769 38 15 are
779 2761 38 23 the
830 2760 57 24 least
906 2761 67 30 given
991 2767 21 16 to
1026 2761 155 32 philosophize
1193 2770 60 24 upon

667 2795 37 22 the
717 2799 57 26 past,
788 2794 37 23 the
838 2800 98 24 present,
949 2802 25 15 or
987 2794 36 23 the
1035 2795 75 23 future

701 2827 49 23 The
763 2828 63 23 22nd
840 2828 25 22 of
880 2828 45 22 this
946 2828 78 22 month
1038 2828 43 23 will
1096 2830 26 22 be
1134 2829 39 23 the
1190 2829 60 24 third

666 2862 146 29 anniversary
823 2861 26 22 of
865 2861 36 22 the
913 2861 80 22 arrival
1007 2861 26 23 of
1048 2862 38 23 the
1098 2862 50 23 first
1160 2863 57 31 body
1231 2864 26 23 of

666 2895 89 22 settlers
769 2900 23 17 at
812 2894 56 24 Port
890 2894 133 29 Nicholson,
1037 2895 43 23 and
1093 2895 34 23 for
1139 2897 114 23 ourselves

666 2933 22 17 at
699 2927 65 29 least,
778 2928 41 23 and
834 2935 32 15 we
879 2927 64 23 think
957 2928 33 22 for
1002 2936 56 15 even
1077 2929 66 23 those
1155 2929 47 23 who
1215 2938 38 16 are

666 2966 39 18 not
717 2961 103 31 disposed
835 2967 22 16 to
879 2960 52 23 look
953 2966 23 18 at
995 2961 78 31 things
1093 2962 24 23 in
1138 2962 38 24 the
1195 2970 59 18 most

666 2995 130 22 favourable
809 2995 62 29 point
883 2995 23 22 of
924 2995 64 27 view,
1000 3002 33 16 we
1054 3003 52 23 may
1120 2995 74 31 justly
1213 3005 39 23 say

666 3028 63 22 there
741 3028 21 22 is
775 3036 29 14 no
817 3035 77 15 reason
908 3028 51 29 why
973 3035 31 15 we
1016 3028 82 23 should
1116 3034 39 18 not
1167 3030 42 23 hail
1224 3031 29 23 its

665 3061 136 31 completion
815 3061 52 23 with
887 3068 67 23 every
965 3061 86 31 feeling
1063 3063 26 22 of
1104 3063 147 30 satisfaction,

665 3094 44 23 and
729 3093 87 25 mutual
839 3094 192 31 congratulations
1051 3096 25 22 of
1099 3103 41 16 our
1162 3104 91 23 present

665 3133 58 18 state
741 3136 26 14 as
786 3127 50 24 well
856 3136 24 14 as
899 3129 75 21 future
992 3134 127 25 prospects.
1166 3130 26 23 In
1216 3131 36 24 old

665 3161 80 23 settled
757 3161 114 23 countries
883 3162 17 21 it
912 3162 19 21 is
950 3167 39 17 uot
1004 3162 97 23 unusual
1115 3167 22 19 to
1150 3162 52 24 hear
1215 3165 37 23 the

666 3194 153 32 misanthrope
839 3195 43 22 and
901 3195 65 23 those
984 3195 49 23 who
1053 3204 38 15 are
1115 3197 136 31 continually

666 3228 93 30 looking
773 3228 81 23 behind
868 3228 67 28 them,
949 3228 43 23 and
1013 3237 42 15 one
1074 3229 48 23 side
1143 3233 19 20 ol
1183 3231 68 29 them,

665 3268 26 16 or
705 3269 28 23 up
745 3261 23 23 in
782 3261 37 23 the
839 3261 41 28 air,
893 3268 26 16 or
939 3261 70 23 under
1029 3261 59 24 their
1106 3264 53 27 Jeer,
1172 3263 22 23 in
1207 3265 46 24 fact

665 3301 42 23 any
722 3302 57 15 were
793 3295 39 23 but
853 3294 37 23 the
910 3294 68 31 right,
990 3295 80 32 giving
1082 3302 52 17 vent
1154 3302 20 18 to
1195 3298 58 24 their

665 3328 128 23 discontent
805 3328 27 30 by
847 3328 91 30 longing
952 3329 33 22 for
1005 3329 38 23 the
1056 3335 77 18 return
1147 3330 24 23 of
1188 3331 65 24 those

664 3360 58 31 good
743 3361 38 23 old
801 3362 73 28 times,
887 3361 73 24 which
980 3369 63 16 some
1061 3370 40 16 are
1119 3371 26 15 so
1157 3365 96 23 anxious

665 3396 34 22 for
711 3394 37 24 the
760 3399 79 19 return
852 3395 28 28 of,
887 3395 88 31 though
985 3395 17 23 it
1014 3395 73 24 would
1100 3397 80 31 puzzle
1192 3399 61 23 them

664 3428 72 30 sadly,
750 3428 19 23 if
785 3428 71 23 called
878 3435 68 24 upon,
960 3435 23 16 to
1001 3430 65 29 point
1087 3435 40 17 out
1141 3431 58 23 what
1211 3432 42 31 bye

663 3469 59 22 gone
746 3462 78 30 period
848 3464 51 27 t>ey
921 3462 71 23 would
1013 3463 31 23 fix
1065 3470 29 16 on
1117 3471 26 15 as
1164 3466 90 30 coming

665 3501 88 17 nearest
767 3501 22 17 to
802 3495 59 23 their
874 3494 100 32 Ulopian
996 3496 62 23 ideas
1075 3498 26 22 of
1115 3496 84 25 human
1213 3506 47 18 en-j

661 3527 112 30 joyraeut.
812 3527 70 30 Here,
897 3529 110 28 however,
1021 3537 33 15 we
1067 3530 71 23 doubt
1156 3531 19 23 if
1191 3531 62 25 there

665 3562 19 21 is
696 3569 55 15 even
765 3569 42 15 one
819 3569 25 15 so
857 3562 136 23 enamoured
1006 3562 24 24 of
1046 3563 38 23 the
1096 3564 101 24 beauties
1209 3567 43 22 and

665 3593 101 24 luxuries
779 3594 25 23 of
819 3595 63 23 those
894 3595 59 31 gocd
973 3595 37 23 old
1030 3597 68 22 times
1114 3598 63 23 when
1190 3599 64 30 poles

664 3628 43 23 and
721 3627 96 24 bundles
829 3629 25 22 of
870 3633 85 18 toe-toe
975 3629 73 23 where
1061 3630 92 24 deemed
1166 3639 14 15 a
1191 3639 62 17 com-

665 3661 51 28 fort,
729 3661 44 23 and
786 3661 20 23 if
822 3667 22 17 to
858 3661 61 25 these
940 3669 57 16 were
1016 3663 141 31 superadded
1178 3673 28 18 a..
1211 3666 47 28 few,

665 3694 92 23 baskets
776 3694 26 24 of
816 3694 74 24 tiwa's
907 3698 44 21 and
967 3703 13 16 a
997 3702 70 22 spare
1084 3698 50 24 rib^
1138 3698 25 24 of
1179 3699 84 28 native

664 3727 58 31 pork
742 3732 22 19 to
783 3735 68 24 grace
873 3730 39 22 the
930 3729 81 23 festive
1037 3729 92 30 baard;;.
1143 3731 110 33 bwgjiuge

665 3768 44 15 was
732 3765 39 20 too
793 3769 56 23 poor
876 3761 131 27 .wherewith
1037 3767 23 19 to
1089 3771 94 24 express
1210 3767 43 23 'our

664 3793 96 32 delight.
948 3789 4 10 '
1187 3793 47 35 ;.•'•.
1251 3814 4 6 >
1262 3807 2 11 :

654 3830 2 16 i
699 3827 42 24 We
761 3826 45 25 had
825 3828 88 25 written
933 3828 52 25 thus
1004 3829 42 30 far,
1061 3829 66 26 when
1144 3839 34 16 we
1194 3839 60 22 ■wjere

663 3861 96 32 stopped
778 3861 64 25 short
861 3862 30 31 by
913 3862 39 24 the
971 3870 182 19 announcement
1162 3889 3 3 .
1175 3866 37 23 of.
1216 3867 47 27 the.

663 3894 72 25 result
754 3895 27 24 of
796 3903 14 16 a
826 3895 78 32 public?
916 3896 109 33 meeting,
1037 3896 81 31 which,
1190 3899 65 32 place

664 3932 23 18 ».t
706 3928 113 24 Barrett's
841 3928 80 31 Hotel,
934 3936 23 18 to
968 3930 63 25 take'
1035 3938 118 19 measures
1163 3932 37 25 fox
1215 3932 43 24 the

1277 125 136 24 celebration
1425 125 26 24 of
1467 124 37 23 the
1524 124 72 23 Third
1613 124 157 29 Anniversary
1784 124 25 22 of
1825 123 37 24 the

1278 158 131 24 foundation
1421 157 27 23 of
1457 157 44 23 this
1514 157 94 30 Colony,
1622 157 105 29 forming,
1736 164 25 14 as
1774 156 17 22 it
1799 156 61 29 does,

1279 191 38 22 the
1329 197 70 16 first
1411 190 45 23 and
1469 189 115 30 Principal
1741 188 71 23 under
1824 189 38 22 the

1280 224 103 29 auspices
1392 223 24 23 of
1427 222 38 23 the
1478 222 56 23 New
1545 221 99 23 Zealand
1658 222 128 30 Company.
1823 221 38 23 On

1280 256 38 23 the
1329 256 84 22 motion
1427 255 26 22 of
1471 254 46 24 Mr.
1533 254 99 29 Hunter,
1644 253 111 24 seconded
1771 255 28 29 by
1815 253 45 24 Mr.

1280 284 76 28 James
1369 288 70 28 Watt,
1454 286 93 24 Colonel
1562 286 126 24 Wakefield
1700 294 45 15 was
1757 287 105 23 unanim-

1281 320 62 31 ously
1357 320 73 23 called
1442 325 21 17 to
1478 319 38 24 the
1528 319 69 24 chair.

1314 352 38 24 On
1365 353 81 30 taking
1457 352 38 23 the
1507 352 69 29 chair,
1588 352 28 23 ho
1637 351 171 31 congratulated
1826 350 37 25 the

1281 386 99 29 meeting
1400 392 28 16 on
1449 384 37 24 the
1507 386 101 22 occasion
1628 385 73 23 which
1726 385 43 23 had
1792 383 70 24 called

1282 418 60 23 them
1360 418 110 30 together,
1483 418 44 23 and
1539 418 52 23 read
1602 426 14 15 a
1632 418 41 23 list
1684 418 24 22 of
1724 418 37 23 the
1774 417 89 22 various

1282 451 124 23 diversions
1426 451 110 30 proposed
1556 457 22 17 to
1601 450 54 24 take
1677 451 62 30 place
1763 457 27 16 on
1815 450 49 22 that

1282 483 111 29 occasion,
1402 483 44 23 and
1459 483 71 24 stated
1540 483 47 23 that
1597 483 61 24 there
1670 491 56 16 were
1735 483 128 31 gentlemen

1282 522 90 26 present
1392 516 50 23 who
1463 524 56 16 were
1540 516 108 31 prepared
1667 522 22 18 to
1712 523 96 24 propose
1827 515 36 23 the

1282 556 77 15 names
1370 549 27 22 of
1413 549 62 22 those
1488 549 48 23 who
1555 549 42 23 hud
1609 549 120 23 consented
1743 556 23 15 to
1783 556 80 22 super-

1281 581 78 23 intend
1380 582 37 22 the
1429 582 89 23 various
1531 587 74 26 sports
1617 582 44 23 and
1678 585 152 20 amusements
1842 580 25 24 of

1284 615 38 22 the
1334 615 52 29 day.

1317 646 46 23 Mr.
1377 646 21 25 J.
1411 646 66 25 Watt
1488 648 109 31 proposed
1611 648 56 28 that,
1679 648 103 30 previous
1793 651 22 18 to
1828 646 37 23 the

1282 679 136 25 Committee
1439 680 68 31 being
1526 680 86 29 named,
1636 688 14 16 a
1668 679 150 32 subscription
1838 679 27 23 be

1282 713 90 23 entered
1383 712 46 23 into
1437 713 22 22 in
1471 713 37 23 the
1517 719 68 21 room,
1597 713 71 24 which
1680 714 66 30 being
1755 712 110 23 seconded

1283 746 29 31 by
1324 745 47 24 Mr.
1385 745 92 28 Sutton,
1491 754 44 15 was
1547 747 93 22 carried.

1317 778 26 23 In
1357 786 12 15 a
1382 785 53 24 very
1447 778 63 24 short
1523 780 52 23 time
1588 779 102 31 upwards
1707 778 24 24 of
1746 779 55 24 £50
1820 785 45 16 was

1282 811 139 28 subscribed,
1434 813 56 22 a'ter
1502 811 79 28 which,
1595 820 28 15 on
1636 812 38 23 the
1686 812 82 23 motion
1782 811 25 23 of
1818 811 46 23 Mr.

1282 844 104 30 Guyton,
1396 845 112 22 seconded
1526 845 27 31 by
1572 845 46 24 Mr.
1640 845 95 28 Barnes,
1760 852 13 15 a
1796 844 69 23 Com-

1282 878 76 22 mittee
1378 884 45 16 was
1440 878 120 31 appointed
1578 883 23 17 to
1620 878 80 23 collect
1717 877 45 23 and
1780 878 86 22 receive

1282 909 172 31 subscriptions.

1315 942 50 23 The
1378 942 116 31 following
1504 944 127 29 gentlemen
1651 951 57 15 were
1726 943 139 23 nominated.

1283 975 96 24 Messrs.
1394 975 101 29 Rhodes,
1510 976 88 29 Virtue,
1618 977 91 28 Dorset,
1730 975 135 30 Wakefield,

1282 1008 63 28 Jun.,
1378 1008 97 27 Hunter,
1504 1009 36 23 St.
1571 1009 59 29 Hill,
1661 1009 77 28 Duke,
1764 1009 101 30 Guyton,

1283 1041 156 28 Molesworth,
1452 1041 108 31 Murphy.

1314 1074 25 23 A
1356 1079 51 18 vote
1425 1074 26 23 of
1474 1074 83 24 thanks
1578 1079 23 19 to
1620 1074 99 25 Coloned
1737 1074 130 25 Wakefield

1281 1107 85 30 having
1390 1107 58 23 been
1476 1109 157 30 unanimously
1657 1108 80 31 agreed
1768 1113 30 23 to,
1829 1109 38 23 the

1282 1139 103 29 Colonel,
1397 1140 58 23 after
1464 1140 187 33 acknowledging
1663 1141 37 24 the
1712 1141 154 31 compliment,

1281 1173 87 31 quitted
1378 1173 38 23 the
1429 1173 69 25 chair.

1409 1210 229 22 ANNIVERSARY
1654 1210 82 26 FETE,

1281 1236 33 23 to
1329 1243 27 14 be
1373 1243 59 14 held
1453 1244 29 14 on
1500 1237 101 22 monday
1601 1244 1 4 1
1604 1253 5 9 ,
1625 1238 110 21 january
1750 1239 33 24 23,
1806 1239 59 25 1843,

1309 1270 29 15 at
1347 1262 33 21 Tb
1397 1263 53 22 Aro
1465 1264 70 21 Flat.
1570 1264 159 22 Amusements
1749 1271 27 15 to
1796 1272 70 14 begin

1308 1297 29 14 at
1348 1290 23 20 11
1383 1289 101 26 o'clock,

1308 1318 39 20 Ist.
1350 1326 28 5 —
1379 1317 20 20 A
1409 1316 81 27 sailing
1498 1317 82 25 match,
1593 1320 22 19 to
1625 1321 55 18 start
1689 1321 21 18 at
1722 1318 25 21 11
1759 1318 92 22 o'clock.

1307 1342 53 22 2nd.
1362 1353 27 5 —
1391 1343 19 22 A
1422 1344 84 26 rowing
1516 1344 80 27 match,
1612 1349 22 16 to
1650 1349 54 17 start
1719 1349 23 17 at
1760 1344 107 28 half-pust

1282 1370 76 21 eleven
1370 1370 100 24 o'clock*.

1307 1396 40 22 3rd
1355 1391 125 32 —Popular
1489 1400 153 23 amusements,
1662 1405 52 19 soap
1733 1398 68 22 tailed
1820 1399 45 27 pig,

1282 1422 106 26 climbing
1398 1431 11 13 a
1418 1430 78 20 greasy
1508 1424 54 26 pole,
1577 1425 104 27 jumping
1693 1426 22 20 in
1731 1425 71 25 sacks,
1821 1426 45 20 foot

1282 1457 58 18 race,
1350 1448 108 28 wheeling
1469 1451 93 21 barmw>
1568 1450 143 26 blindfolded,
1722 1452 33 21 &c
1765 1467 6 11 ,
1782 1455 22 18 to
1815 1452 51 22 tike

1281 1476 61 27 place
1360 1476 97 22 between
1474 1476 36 23 the
1521 1478 83 25 ending
1614 1479 21 20 of
1651 1477 37 22 the
1696 1478 86 27 rowing
1792 1480 73 20 match

1281 1502 43 22 and
1335 1502 124 28 beginning
1469 1504 26 21 of
1506 1504 37 21 the
1554 1504 76 22 hurdle
1642 1511 56 15 race.

1305 1529 46 22 4th.
1354 1540 26 4 —
1383 1530 87 22 Hurdle
1488 1537 57 19 race,
1565 1530 46 23 first
1626 1530 53 23 heat
1693 1534 22 18 to
1731 1531 66 27 begin
1814 1536 23 17 at
1852 1533 13 21 2

1281 1556 92 22 o'clock.

1306 1583 45 22 sth.
1354 1594 25 4 —
1382 1582 59 23 Rifle
1453 1582 83 29 Match,
1548 1587 21 18 to
1579 1583 66 27 begin
1657 1587 22 18 at
1688 1586 13 19 4
1712 1584 92 23 o'clock.

1306 1610 46 22 6:h.
1354 1621 23 5 —
1382 1610 74 21 Canoe
1468 1610 66 26 Race,
1547 1615 21 17 to
1578 1610 66 27 begin
1655 1615 22 16 at
1687 1613 12 20 3
1710 1611 93 23 o'clock.

1307 1636 47 22 The
1364 1636 113 23 chairman
1489 1637 26 21 of
1526 1636 53 23 each
1596 1638 26 20 of
1633 1638 37 21 the
1686 1639 141 22 Committees
1844 1644 23 18 to

1280 1669 58 16 meet
1349 1671 27 14 on
1389 1671 13 14 a
1411 1664 63 25 night
1486 1664 85 26 (fixed,)
1583 1664 43 21 and
1634 1667 72 19 award
1719 1665 36 22 the
1761 1666 74 22 stakes
1844 1672 22 16 to

1281 1690 26 21 be
1317 1690 65 27 given
1394 1694 22 17 to
1432 1690 54 22 each
1501 1695 138 18 amusement
1653 1692 119 27 according
1789 1697 22 17 to
1829 1694 37 21 the

1278 1717 165 28 subscriptions.

1314 1750 43 24 We
1368 1751 57 30 hope
1444 1751 75 23 before
1538 1751 93 24 another
1650 1753 145 31 opportunity
1813 1762 52 23 pre-

1279 1789 62 18 sents
1354 1784 64 24 itself
1427 1785 33 22 for
1468 1785 137 31 celebrating
1615 1785 44 23 this
1668 1786 152 31 anniversary,
1834 1796 31 15 we

1280 1817 56 23 shall
1350 1817 47 23 find
1409 1817 114 24 ourselves
1545 1819 21 22 in
1584 1826 13 15 a
1615 1819 97 30 positiou
1735 1824 21 19 to
1781 1821 83 23 extend

1281 1857 40 16 our
1331 1850 87 31 objects
1431 1850 23 24 of
1470 1852 125 28 attraction,
1606 1852 29 30 by
1646 1852 36 23 the
1695 1852 172 26 establishment

1281 1883 24 23 of
1321 1891 26 15 an
1362 1884 155 30 Agricultural
1529 1885 69 28 show,
1622 1885 45 24 and
1686 1894 33 15 we
1739 1887 66 23 think
1825 1895 40 16 our

1281 1921 89 25 present
1392 1925 112 23 progress,
1528 1918 53 23 both
1602 1926 25 15 as
1648 1923 22 19 to
1691 1927 41 15 our
1748 1920 118 31 gradually

1281 1950 206 31 increasing.herds
1500 1951 25 23 of
1540 1951 66 23 cattle
1615 1951 44 23 and
1676 1953 77 31 sheep,
1773 1961 24 15 as
1818 1954 47 23 well

1276 1987 27 18 'as
1317 1984 124 30 extending
1449 1984 145 28 agricultural
1602 1986 128 28 operations
1742 1986 52 27 will,
1806 1991 23 17 at
1838 1994 27 14 no

1281 2013 149 32 very'distant
1441 2016 83 29 period,
1538 2015 70 23 afford
1621 2024 26 14 us
1665 2017 37 22 the
1719 2019 146 28 opportunity

1281 2048 24 23 of
1340 2048 127 30 exhibiting
1502 2048 125 30 specimens
1656 2048 25 23 of
1707 2056 40 15 our
1776 2057 91 16 success

1282 2080 73 23 which
1369 2081 44 23 will
1427 2082 51 22 bear
1491 2081 139 31 comparison
1645 2081 51 23 with
1710 2090 65 22 many
1790 2083 24 23 of
1830 2084 37 22 the

1281 2114 144 30 productions
1446 2114 26 23 of
1493 2121 40 16 our
1562 2115 166 30 neighbouring
1752 2116 113 28 Colonies,

1281 2147 43 23 and
1337 2148 48 22 that
1404 2155 40 15 our
1456 2147 67 23 funds
1536 2147 106 23 collected
1664 2154 22 17 to
1698 2149 88 23 further
1805 2149 62 24 these

1281 2180 93 31 objects,
1390 2180 42 24 will
1453 2181 64 22 allow
1529 2181 25 23 of
1570 2189 41 15 our
1622 2181 97 31 offering
1737 2182 73 30 prizes
1830 2189 37 18 not

1282 2215 52 29 oniy
1353 2214 35 22 for
1406 2214 37 22 the
1466 2214 49 23 best
1535 2214 97 29 articles,
1656 2215 37 23 but
1710 2216 32 22 for
1762 2216 37 23 the
1818 2216 51 24 best

1282 2252 90 17 treatise
1385 2255 28 15 on
1427 2247 36 23 the
1475 2252 78 19 nature
1566 2248 26 23 of
1600 2247 37 24 the
1650 2248 49 28 soil,
1712 2248 99 29 climate,
1824 2250 44 23 and

1282 2280 38 23 the
1341 2288 81 23 proper
1433 2288 93 16 seasons
1538 2281 24 23 of
1578 2280 38 24 the
1635 2289 52 22 year
1699 2282 35 23 for
1751 2282 118 32 following

1282 2319 40 17 out
1332 2321 41 17 our
1385 2315 101 26 pursuits
1498 2314 25 23 of
1533 2314 62 23 those
1608 2314 96 27 objects.

1316 2363 43 23 We
1371 2363 56 23 have
1446 2364 106 31 carefully
1567 2365 95 30 perused
1681 2373 41 15 our
1742 2366 127 23 extraordi-

1282 2404 64 22 nary,
1357 2397 42 22 and
1414 2405 23 14 as
1451 2405 40 15 our
1503 2403 169 26 contemporary
1681 2399 69 30 styles
1764 2400 25 28 it,
1829 2406 41 18 nut

1283 2437 51 23 very
1353 2430 121 24 creditable
1493 2430 76 24 article
1612 2432 25 22 of
1661 2432 44 23 this
1725 2432 41 30 day
1787 2433 62 24 week
1862 2443 6 19 ;

1281 2463 43 23 and
1346 2469 60 18 must
1427 2464 88 23 confess
1536 2464 55 29 that,
1606 2464 52 24 with
1677 2465 37 24 the
1733 2466 36 23 aid
1789 2467 25 23 of
1829 2475 41 15 our

1281 2496 96 31 glasses,
1387 2497 44 23 and
1443 2498 86 31 setting
1540 2497 59 24 them
1614 2503 21 18 to
1649 2498 36 24 the
1698 2507 61 15 same
1771 2508 98 16 concen-

1282 2530 84 30 trating
1380 2530 62 23 focus
1454 2539 25 14 as
1492 2530 36 24 his
1545 2539 57 21 own,
1616 2539 32 16 we
1667 2538 82 18 cannot
1768 2533 102 25 discover

1282 2570 60 23 upon
1364 2563 59 24 what
1446 2565 87 29 portion
1557 2565 26 23 of
1609 2565 17 23 it
1649 2565 27 23 he
1700 2567 100 28 grounds
1832 2567 33 24 his

1282 2596 95 32 charge*
1398 2597 22 23 of
1438 2605 41 15 our
1497 2598 133 31 advocating
1648 2605 24 17 or
1689 2599 124 32 justifying
1832 2600 37 24 the

1281 2629 139 25 destruction
1451 2631 26 22 of
1503 2636 114 27 property,
1642 2632 44 24 and
1713 2641 37 15 are
1779 2634 91 32 equally

1282 2664 67 31 ready
1364 2664 52 23 with
1437 2663 93 24 himself
1545 2670 22 17 to
1587 2666 108 23 maintain
1794 2673 22 17 to
1829 2668 40 24 de-

1282 2703 61 24 stroy
1357 2697 81 31 capital
1452 2705 40 15 can
1514 2706 67 16 never
1599 2699 99 24 advance
1719 2699 36 24 the
1768 2708 67 17 cause
1848 2703 25 22 of

1282 2730 112 31 industry,
1408 2730 42 23 and
1464 2730 48 25 that
1531 2731 37 24 the
1580 2732 105 24 interests
1698 2733 26 24 of
1739 2733 38 24 the
1795 2743 39 15 woi
1841 2734 28 24 Ic-

1282 2765 40 30 ing
1343 2764 85 24 clashes
1445 2770 83 18 cannot
1548 2765 27 23 be
1595 2767 93 23 secured
1710 2768 28 29 by
1752 2767 119 31 depriving

1283 2796 61 24 thtm
1364 2798 26 22 of
1411 2798 37 23 the
1468 2805 78 16 means
1565 2798 24 24 of
1827 2802 43 24 We

1282 2838 37 16 are
1333 2831 67 30 ready
1413 2837 21 17 to
1447 2831 69 23 admit
1529 2831 61 24 there
1612 2841 39 15 are
1670 2834 105 23 different
1792 2835 78 24 modes

1281 2864 26 22 of
1322 2866 136 29 expressing
1469 2864 38 24 the
1518 2873 62 16 same
1592 2866 61 24 ideas
1657 2879 31 4 —
1690 2866 37 24 the
1740 2868 71 24 direct
1824 2870 45 22 and

1281 2897 104 24 indirect.
1423 2897 41 25 We
1478 2899 88 23 confess
1588 2907 32 16 we
1640 2900 74 31 prefer
1726 2901 37 23 the
1776 2902 93 28 former,

1281 2931 19 22 it
1311 2931 20 22 is
1343 2932 115 30 generally
1472 2932 36 23 the
1526 2932 99 25 shortest
1636 2933 42 24 and
1697 2934 57 23 least
1766 2934 68 24 liable
1847 2940 22 18 to

1282 2964 27 23 be
1322 2964 181 24 misunderstood
1512 2974 6 19 ;
1538 2965 65 25 while
1616 2967 37 23 the
1665 2967 66 23 latter
1743 2967 84 23 affords
1839 2976 30 15 an

1281 2998 99 31 opening
1397 3004 21 17 to
1437 3004 91 23 retract,
1541 3004 22 19 to
1583 2999 93 31 modify,
1688 3007 25 16 or
1731 3000 100 31 explain,
1844 3009 25 15 as

1281 3031 104 23 occasion
1408 3039 50 24 may
1478 3032 161 31 subsequently
1653 3033 95 31 require.
1785 3033 45 24 Let
1842 3042 28 16 us

1281 3064 54 23 hear
1348 3065 59 23 what
1418 3073 42 15 our
1478 3071 170 25 contemporary
1660 3074 54 23 says
1715 3079 33 4 —
1774 3067 42 24 We
1829 3068 40 23 ad-

1281 3098 41 22 mit
1335 3097 48 25 that
1396 3098 37 23 the
1445 3098 95 24 distress
1554 3099 70 23 which
1639 3099 51 32 they
1702 3098 51 33 (the
1766 3101 104 31 working

1280 3131 97 31 classes)
1391 3132 56 22 have
1459 3132 107 30 endured,
1579 3133 86 31 arising
1677 3141 25 16 as
1715 3134 16 22 it
1744 3134 54 24 does
1811 3135 57 23 from

1280 3164 75 31 unjust
1376 3164 44 24 and
1442 3166 105 30 practical
1571 3167 137 30 legislation,
1721 3168 74 31 might
1818 3169 51 23 well

1279 3198 63 23 drive
1368 3198 37 23 the
1434 3205 58 18 most
1522 3200 113 23 moderate
1663 3200 49 24 into

1281 3233 6 9 l
1291 3237 5 5 *
1305 3231 77 23 There
1394 3231 71 32 ought
1477 3238 22 18 to
1521 3233 26 23 be
1565 3240 28 16 no
1615 3239 94 25 country
1722 3242 28 16 on
1771 3235 37 23 the
1822 3237 47 22 face

1281 3265 25 22 of
1322 3265 38 23 the
1371 3266 62 23 earth
1446 3273 61 16 more
1517 3266 113 23 abundant
1637 3275 16 23 y
1663 3268 107 30 provided
1781 3269 21 23 in
1816 3277 53 24 pro-

1281 3299 88 30 portiou
1383 3304 22 18 to
1418 3299 28 23 its
1460 3307 84 16 masses
1559 3299 52 24 with
1623 3308 67 24 eveiy
1702 3302 79 23 article
1793 3304 21 21 ol
1829 3310 39 17 ne-

1281 3332 92 30 cessity,
1387 3332 43 23 and
1444 3333 51 23 with
1509 3333 59 24 what
1579 3341 53 16 ever
1644 3335 73 30 might
1731 3336 102 24 minister
1847 3342 22 18 to

1281 3365 39 23 the
1338 3366 108 23 comforts
1465 3366 24 23 of
1512 3367 28 23 its
1553 3367 147 24 inhabitants.
1738 3369 48 23 But
1806 3369 63 30 laws,

1282 3398 71 24 which
1368 3406 31 16 we
1411 3399 55 23 dare
1477 3402 38 21 not
1527 3406 58 17 trust
1604 3402 115 23 ourselves
1741 3407 22 18 to
1776 3403 93 24 churac-

1282 3432 77 29 teiize,
1381 3433 113 31 interpose
1514 3433 99 24 between
1633 3435 36 23 the
1689 3436 181 25 manufacturers

1281 3466 25 23 of
1322 3465 107 31 England
1449 3466 45 23 and
1514 3466 36 24 the
1571 3475 54 16 corn
1644 3475 99 23 growers
1764 3470 26 22 of
1805 3471 65 23 other

1281 3500 122 27 countries,
1416 3499 44 23 and
1474 3499 51 24 thus
1538 3508 97 23 exposes
1646 3502 60 23 them
1717 3508 23 17 to
1749 3504 120 30 periodical

1281 3532 121 24 distresses
1423 3532 74 24 which
1517 3535 52 22 with
1590 3542 65 23 every
1675 3543 133 17 recurrence
1830 3538 39 23 be-

1282 3573 63 16 came
1369 3574 61 15 more
1454 3574 76 16 severe
1552 3569 44 21 and
1627 3575 61 17 more

1282 3600 53 23 And
1350 3599 49 31 why
1412 3600 54 23 does
1477 3607 41 16 our
1529 3606 159 26 contemporay
1699 3601 53 25 daie
1764 3609 39 18 not
1815 3604 54 24 cha-

1283 3634 109 22 racterize
1413 3633 63 24 these
1496 3633 55 24 laws
1561 3634 10 24 ?
1618 3634 103 25 Because
1745 3636 29 24 he
1797 3638 74 23 would

1282 3665 44 24 fed
1350 3666 94 24 himself
1468 3666 89 32 obliged
1581 3672 23 19 to
1627 3676 67 23 agree
1720 3670 52 23 with
1802 3679 68 24 every

1283 3699 60 24 word
1362 3699 72 23 which
1454 3707 32 16 we
1505 3701 56 23 have
1579 3701 88 24 uttered
1686 3703 22 23 in
1733 3704 137 24 condemna-

1283 3734 46 23 tion
1353 3733 26 24 of
1399 3732 38 24 the
1460 3741 51 16 men
1536 3734 49 23 who
1609 3736 121 31 outraging
1752 3736 120 33 humanity

1283 3766 81 30 would,
1399 3766 77 24 rather
1510 3767 54 24 than
1599 3774 90 18 remove
1723 3769 39 24 the
1794 3778 78 22 cause,

1276 3814 2 4 •
1283 3799 58 24 have
1374 3807 107 17 recourse
1512 3805 23 19 to
1569 3800 39 25 the
1642 3802 100 30 bayonet
1776 3807 24 19 to
1830 3811 43 25 put

1284 3833 67 25 down
1415 3833 39 24 the
1480 3841 105 17 excesses
1641 3835 74 24 which
1746 3843 41 17 our
1818 3845 55 17 con-

1276 3866 137 33 temporary
1433 3866 83 26 admits
1562 3868 40 24 the
1620 3875 108 25 pressure
1743 3870 27 24 of
1790 3870 83 30 almqst

1281 3899 109 32 hopeless
1509 3901 43 25 has
1570 3901 79 25 driven
1670 3903 65 24 those
1752 3903 121 35 labouring

1284 3933 72 24 under
1368 3934 20 23 it
1402 3938 25 20 to
1446 3935 109 28 commit;
1572 3935 102 25 whereas
1684 3936 23 25 if
1720 3936 30 25 he
1770 3937 72 26 dared
1851 3944 22 19 to

559 45 95 45 &IK
679 42 116 46 tfeto
821 42 207 41 Ztaimb
1049 41 197 45 VSrmm
1268 39 91 41 mb
1385 29 575 52 W&tllin&ttm&pmktQX.

146 586 286 19 METEOROLOGICAL
445 586 104 19 TABLE.

74 620 41 21 for
124 620 36 20 the
169 620 54 19 week
231 619 74 24 ending
318 619 114 23 IVmrsday,
441 619 63 17 Deer.
517 619 35 18 29,
565 619 60 17 1842.

116 1722 166 23 SHIPPING
302 1722 268 22 INTELLIGENCE.

274 1771 140 21 ARRIVED.

80 1800 92 26 January
188 1800 21 23 4,
219 1800 103 19 schooner
340 1800 50 19 New
407 1798 121 25 Zcalander,
539 1800 26 19 27
578 1801 53 22 tons,

53 1828 99 25 Croseby,
162 1827 53 20 from
226 1827 82 25 Cloudy
318 1826 50 25 Bay.

81 1855 60 20 Same
154 1855 46 25 day,
211 1855 102 19 schooner
329 1854 60 23 K«te,
402 1854 26 19 62
438 1857 56 20 tons,
506 1854 125 24 M'Farlane,

53 1883 51 20 from
115 1883 35 19 the
160 1882 51 20 East
221 1883 71 19 Coast.
416 1887 5 14 l

80 1910 60 20 Same
156 1909 47 26 day,
221 1909 78 26 barque
316 1909 72 23 Essex,
407 1909 41 20 329
468 1911 56 22 tons,
547 1908 84 26 Oakley,

53 1937 53 21 from
117 1936 97 21 London.

78 1963 90 27 January
181 1965 21 23 5,
221 1963 116 26 brigantine
354 1964 98 24 Hannih,
472 1964 26 20 90
515 1966 56 22 tons,
583 1963 48 24 Bell,

53 1992 51 20 from
115 1992 36 18 the
160 1991 103 19 Chatham
277 1991 88 18 Islands.

289 2042 113 17 SAILED.
425 2053 3 11 ,

80 2067 92 27 January
182 2068 21 23 4,
216 2067 102 20 schooner
331 2067 71 25 Ocean,
414 2067 26 32 2)0
455 2070 57 17 tons.
523 2067 108 26 Ferguson,

52 2094 31 21 for
93 2095 37 20 the
140 2098 65 17 coast.
423 2088 6 38 |

77 2121 92 27 January
185 2123 21 23 5,
218 2122 103 20 schooner
337 2123 50 19 New
404 2122 121 25 mialander,
536 2123 26 20 27
578 2125 53 24 tons,

52 2149 100 22 Croseby,
162 2149 34 21 for
206 2149 82 22 Cloudy
301 2150 47 21 Bay.

278 2193 30 19 IN
327 2193 83 20 PORT.

80 2223 80 24 Barque
177 2220 119 27 Cydeside,
315 2221 40 19 25b'
372 2223 58 21 tons,
447 2220 87 25 Adams,
553 2221 82 26 loading

52 2250 31 21 for
93 2249 98 20 London.
221 2248 68 20 Waitt
298 2247 41 20 and
348 2247 75 26 Tyser,
432 2248 89 26 Agents.

77 2276 83 27 Barque
167 2276 129 25 Indemnity,
305 2276 40 19 450
363 2280 58 20 tons,
436 2276 44 20 Ada
484 2282 38 19 ins,
535 2276 100 26 refitting.

52 2306 87 24 Agents,
150 2304 68 20 Waitt
226 2304 42 19 and
278 2304 76 25 Tyser.

78 2333 108 20 Schooner
210 2332 56 24 Ann,
292 2333 27 18 22
344 2334 57 22 tons,
426 2332 84 24 Brown,
533 2332 43 21 laid
600 2339 35 20 up.

52 2360 76 26 Agent,
139 2359 67 20 Waitt
216 2359 41 20 and
266 2359 75 27 Tyser.

78 2389 110 19 Schooner
198 2388 80 22 Maori,
292 2388 24 19 15
328 2391 56 16 tons.

78 2415 108 20 Schooner
198 2415 106 20 Governor
320 2415 91 21 Hobson.
421 2416 26 19 40
459 2418 56 22 tons,
527 2415 108 25 Crumner,

52 2444 89 25 Agents,
153 2440 56 22 Hort
219 2443 41 19 and
271 2442 39 21 Co.
341 2443 33 19 On
385 2444 36 18 the
432 2443 47 26 slip,
490 2443 111 26 repairing.

78 2471 109 20 Schooner
206 2468 61 26 Jane,
288 2471 23 19 15
334 2473 55 23 tons,
410 2470 83 26 Vei»'Jy.
523 2471 20 21 J.
564 2471 71 20 Wade.

52 2499 76 26 AgeDt.
237 2513 6 12 ,

78 2527 108 19 Schooner
198 2525 74 23 Ganet,
289 2526 26 20 40
331 2529 55 18 tons.
398 2525 51 26 Pop]
457 2525 74 21 ljwell.
560 2527 75 24 Agent,

52 2553 138 21 Hornbtook.
221 2553 33 20 On
265 2553 36 19 the
312 2553 47 26 slip,
371 2553 111 26 repairing.

78 2582 83 25 Barque
180 2581 78 24 Bright
278 2581 82 24 Planet,
381 2581 40 21 187
442 2584 55 21 tons,
522 2580 113 22 Morrison.

52 2602 75 33 Agent,
139 2608 25 20 C.
176 2608 32 20 M.
220 2608 78 20 Evans.

52 2646 2 10 i
78 2636 109 20 Schooner
203 2636 74 23 Anita,
294 2636 40 20 219
355 2637 54 22 tons,
427 2635 64 27 King.
527 2636 108 27 Ridgways

52 2664 41 21 and
104 2663 47 24 Co.,
163 2664 87 25 Agents.

79 2691 107 20 Schooner
197 2690 35 20 Sir
242 2690 55 20 John
305 2690 104 26 Frank/in,
421 2692 26 19 52
458 2694 56 22 tons,
522 2691 113 27 Campbell.

52 2718 87 26 Agents,
151 2718 56 20 Hort
218 2718 40 19 and
269 2718 39 20 Co.

79 2746 52 25 Ship
147 2746 98 24 Bombay,
264 2746 41 19 40'J
317 2748 53 21 tons,
389 2746 81 21 Moore.
501 2746 134 25 Fitzherbert,

52 2773 78 26 Agent.

78 2800 82 27 Barque
170 2801 79 20 Prince
263 2800 28 24 of
303 2801 73 24 Wales,
388 2801 40 20 582
446 2804 56 20 tons,
513 2801 122 22 Alexander.

53 2827 87 27 Agents,
154 2828 19 18 W
181 2828 40 20 illis
231 2828 42 20 and
285 2827 36 21 Co.
606 2847 5 7 (

80 2856 107 19 Schooner
202 2856 63 26 Kate,
285 2856 25 19 62
325 2858 54 23 tons,
397 2855 129 21 M'Farlane.
560 2857 75 26 Agent,

52 2882 124 21 Machattie.

78 2910 84 26 Barque
181 2910 73 22 Essex,
275 2911 40 19 329
339 2913 54 22 tous,
419 2910 89 27 Oakley.
548 2911 87 26 Agents,

52 2937 66 20 Waitt
129 2937 40 20 and
179 2937 73 27 Tyser.

77 2965 123 25 Brigantine
216 2965 102 24 Hannah,
330 2965 25 21 90
368 2967 55 22 tons,
435 2965 53 20 Bell.
517 2965 69 21 Willis
596 2967 39 20 and

52 2991 48 25 Co.,
108 2993 87 25 Agents.

813 130 140 20 Inwards—
955 128 147 21 Coastwisb.

694 163 28 20 In
731 169 48 14 the
951 165 62 15 from
1023 159 104 20 Nelson.
1128 168 29 5 —
1160 158 91 20 Wallace

666 191 42 19 and
719 190 41 23 Co.,
772 190 112 23 Agents.—
887 188 13 20 l
900 188 26 20 44
938 187 69 22 adzes,
1023 187 26 19 62
1060 185 80 26 spades,
1152 185 28 20 49
1195 185 56 25 dung

666 217 65 23 forks,
752 217 8 19 1
779 215 77 26 wedge,
873 215 13 19 3
902 215 62 22 vices,
985 213 25 20 10
1027 213 47 20 iron
1092 212 55 22 bars,
1158 212 26 20 29
1203 211 48 22 bags

667 244 59 25 nails,
739 244 9 19 1
761 249 46 14 case
817 243 44 22 do.,
872 242 26 19 51
908 241 50 25 kegs
967 241 67 25 paint,
1048 240 9 19 1
1069 239 48 20 cask
1133 238 81 22 chains,
1226 239 25 19 Iti

667 271 59 20 casks
746 270 53 23 beef,
820 270 13 19 3
851 274 57 15 cases
924 268 113 22 hardware,
1054 267 13 19 2
1084 271 58 14 cases
1159 265 61 23 nailn,
1241 265 9 20 1

667 303 46 14 case
729 297 66 22 locks,
807 297 28 19 43
852 302 56 17 axes,
924 295 7 19 1
938 295 8 19 1
965 294 145 23 cfeaff-cutters
1135 293 13 19 2
1166 292 86 20 bundles

667 324 71 26 scythe
746 324 79 22 blades,
835 324 12 19 4
857 328 57 14 cases
923 321 112 23 hardware,
1046 321 25 19 16
1080 324 60 16 caseb
1148 319 103 23 window's,

666 352 26 19 20
710 351 50 26 bags
776 350 72 23 coffee,
868 350 12 20 2
898 355 56 14 cases
974 349 61 22 wine,
1050 349 6 18 1
1079 352 47 14 case
1140 345 66 26 pipes,
1228 347 24 19 10

667 378 88 20 bundles
765 377 136 20 drawknives.
914 377 10 19 1
935 375 45 20 coal
997 375 83 22 scuttle,
1092 373 8 19 1
1112 373 48 20 iron
1178 372 74 25 boiler,

666 406 13 19 3
689 405 61 19 casks
760 404 70 22 bread,
844 404 9 19 1
866 403 44 20 bale
920 405 72 17 cotton
1004 402 58 20 hose.

696 431 28 20 In
741 437 46 14 the
952 434 62 15 from
1025 428 125 20 .Hawkk's
1166 426 87 21 Bay.—

667 458 122 23 Maehaltie,
800 458 101 24 Agent.—
907 457 13 19 s
931 458 48 18 tons
988 455 41 20 salt
1039 455 60 25 pork.
1117 453 42 20 300
1171 453 82 20 bushels

667 486 72 22 maize,
765 485 12 22 i
797 488 36 16 ton
854 483 51 23 lard,
927 483 62 25 2,000
1009 483 42 18 feet
1070 481 83 23 timber,
1174 481 12 19 2
1206 483 47 17 tons

667 515 90 23 potatos,
777 512 24 19 15
824 510 53 26 pigs,
894 509 124 20 Machattie.
1020 518 26 5 —
1049 509 24 18 15
1086 511 48 17 tons
1150 510 107 23 potatoes,'

665 539 64 24 4,000
739 539 42 19 feet
790 538 83 21 timber,
884 537 26 19 20
921 536 52 25 pigs,
987 535 97 24 Horsley.

695 566 27 19 In
733 571 46 14 the
797 564 80 20 '-New
1079 567 63 15 from
1156 561 95 21 Cloddy

668 593 59 20 Bay.
728 602 27 5 —
760 591 66 21 Waitt
841 591 41 20 and
894 591 71 25 Tyser,
981 590 128 25 Ayenl».—4
1127 594 51 14 cans
1194 589 60 26 paint

667 620 37 20 oil.

813 677 138 18 outwards
963 676 143 15 coastwise.

696 705 28 21 In
733 711 47 14 the
980 709 45 14 for
1040 703 109 20 Poverty
1166 702 88 20 Bay.—

668 733 103 20 Simmtms
785 731 43 21 and
843 731 102 26 Haggard
959 731 111 25 Agents.—
1077 730 9 19 1
1103 735 48 14 case
1161 729 64 27 slops,
1242 730 10 19 1

667 760 68 20 barrel
745 759 42 23 do.,
798 760 13 18 2
823 759 57 19 bales
889 759 64 25 slops.

698 788 28 19 In
739 792 46 14 thk
959 791 46 14 for
1021 784 98 20 Cloudy
1136 782 51 21 Bay
1206 789 47 14 and

666 820 47 14 the
724 818 78 16 coast.
804 824 28 4 —
837 813 90 19 Wallace
937 812 42 20 and
991 812 42 23 Co.,
1047 811 115 23 Agents.—
1167 811 9 19 l
1188 810 66 21 barrel

667 841 69 23 bread,
747 841 39 19 100
796 840 86 20 bushels
889 840 71 22 maize,
971 839 12 19 4
992 839 48 23 bags
1049 838 62 22 flour,
1118 838 13 19 4
1141 836 34 21 do.
1185 843 66 19 sus-ar,

669 868 79 20 1051bs.
760 867 97 24 tobacco,
869 867 65 20 lllbs.
949 869 42 21 tea,
1002 864 66 21 201bs.
1080 865 72 23 coffee,
1171 865 12 19 2
1194 864 59 21 casks

668 895 53 20 beef.

75 703 53 19 1842.'

160 683 50 17 Time
217 683 20 16 of

156 704 84 16 Observa-

176 725 43 16 tion.

271 693 54 15 Baro-

266 715 62 14 meter.

346 692 84 16 Thermo-

357 715 62 14 meter.

457 737 57 20 o»*sS

556 700 60 17 Wind.

56 781 81 21 Friday-

54 843 31 17 Sat

55 904 82 20 Sunday..

55 966 82 20 Monday.

177 782 10 15 9

177 802 52 21 Ip.m.

177 844 9 15 9

177 864 45 20 lp.m

177 905 9 15 9

177 925 52 20 lp.m.

176 947 10 15 4

176 966 10 16 9

177 988 52 18 lp.m.

176 1028 10 16 9

175 1049 53 19 lp.m.

175 1070 11 15 4

175 1089 9 16 9

175 1110 53 20 lpm.

175 1132 10 16 4

175 1153 9 15 9

175 1173 51 19 lp.m.

174 1194 10 15 4

269 781 59 16 29.92.1

269 802 58 16 29.920

269 822 59 16 29.910

269 844 59 15 29.890

269 863 58 16 29.860

268 884 22 16 29
296 884 32 16 801)

268 966 21 15 30
296 966 32 16 040

269 987 20 15 3D
296 987 31 15 08j

269 1008 10 15 3
290 1007 37 16 .020

271 1028 57 16 •JO.UO

269 1049 19 16 30
298 1048 29 17 120

268 1070 20 16 30
297 1069 30 17 110

268 1091 20 16 20
295 1091 30 16 20'

269 1112 19 16 30
296 1112 31 16 ISO

267 1133 58 15 30160

267 1153 20 16 30
295 1154 30 15 123

370 781 27 16 fi).

372 801 25 17 70.

372 823 25 15 65.

370 853 27 26 64.'

370 966 26 16 61.

370 987 26 15 66.

369 1007 27 16 66.

369 1028 27 15 62.

370 1047 26 17 70.

369 1068 27 16 71.

369 1088 31 17 71.'.

368 1109 27 16 74.

368 1129 27 19 72-

367 1153 26 15 68.

455 802 58 18 None.

455 864 56 17 None.

464 926 38 16 0.04

455 987 56 17 None.

535 780 75 19 N.N.W.

534 801 75 18 N.N.W.

535 821 16 16 N
560 823 14 17 N
586 823 24 16 W.

534 842 63 18 North.

536 863 74 17 N..s.W.

536 884 74 17 -V.N.W.

535 904 50 18 s.w.

536 924 48 18 .<w.

534 946 38 16 S.K.

534 966 57 18 SS.E.

533 987 61 17 SSE.-

535 1008 42 17 N.E.

534 1029 38 16 j.E.

534 1049 56 18 i.SE.

534 1070 61 17 South.

535 1091 59 16 juuth.

537 1111 56 17 iouth.

538 1132 55 16 ioiith.

538 1152 56 17 >.'orth.

532 1172 62 17 No.th.

528 1194 67 16 ■.north.

55 1027 78 21 Tuesday

455 1049 56 17 None.

54 1087 43 18 Wed

454 1110 55 18 None.

54 1150 57 17 Thun
116 1161 18 7 ...

452 1172 56 17 None.

386 1239 31 10 IVb
423 1239 85 10 VI/WIIYO.

61 1248 69 21 ?ritlay..

61 1311 24 17 >at

61 1372 75 21 Sunday..

61 1433 75 21 ilonday.

175 1254 11 14 9

176 1274 52 19 Ip.m.

175 1294 12 17 4

176 1316 10 15 0

176 1337 5 14 I
186 1339 43 16 p.m.

175 1357 10 16 4

175 1378 11 15 2

177 1398 52 20 Ip.m.

175 1419 11 15 4

175 1440 10 15 0

176 1460 53 20 Ip.m.

175 1481 12 16 4

176 1502 10 15 9

177 1523 53 18 Ip.m.

175 1543 11 15 4

176 1564 10 15 9

177 1585 53 19 Ip.m.

175 1626 11 15 0

175 1647 55 19 Ip.m.

175 1667 11 16 4

255 1252 66 21 Strong
328 1253 61 16 breeze
396 1253 35 16 and
440 1253 40 16 fine.

256 1274 65 20 Strong
328 1274 61 16 breeze
398 1273 34 17 and
440 1275 85 16 overcast.

299 1294 31 16 Do.
375 1295 24 15 Do
449 1294 31 16 Do.

258 1314 89 18 Moderate
354 1315 61 17 breeze
421 1315 35 16 and
463 1317 87 15 overcast.

258 1336 55 15 Fresh
374 1336 30 16 Do.
449 1336 31 16 10.

256 1357 66 19 Stiong
374 1357 31 15 Do.
450 1356 33 16 Do.

257 1377 90 16 Moderate
354 1378 60 15 breeze
422 1377 34 16 and
463 1381 41 16 very
512 1376 40 17 fine.

301 1398 31 16 Do.
375 1398 33 17 Do.
452 1398 31 16 Do.

299 1418 33 17 Do.
375 1419 31 16 Do.
450 1418 32 16 Do.

255 1438 54 21 Light
317 1440 60 15 breeze
386 1439 34 16 and
429 1443 41 16 very
477 1438 41 18 flue.

255 1459 56 16 Fre.ih
320 1461 60 15 breeze
388 1460 34 16 and
429 1460 41 16 fine.

250 1477 97 20 iModerate
355 1481 60 15 breeze
421 1480 36 16 and
464 1480 41 17 fine.

255 1500 49 17 Calm
313 1501 35 16 and
356 1503 86 14 overcast.

250 1517 4 25 I
299 1521 32 17 Do.
375 1522 32 16 Do.
449 1521 40 17 fine.

255 1541 54 20 Light
317 1543 61 16 breeze
384 1542 35 16 and
428 1546 41 17 very
476 1542 42 16 fine.

256 1562 51 16 Calm
314 1562 35 17 and
356 1563 40 15 fine.

257 1582 90 18 Moderate
355 1584 60 15 breeze
422 1583 35 16 and
466 1587 41 17 very
515 1583 41 16 fine.

299 1604 31 16 Dj.
374 1605 31 15 Do.
450 1604 31 15 Do.

255 1625 54 20 Light
316 1625 61 16 breeze
385 1625 34 16 and
428 1628 41 16 very
477 1624 40 16 fine.

298 1645 32 17 Do.
374 1646 31 16 Do.
448 1645 21 16 D.
475 1656 5 5 .

299 1666 32 16 Do.
375 1667 32 16 Do.
450 1666 33 16 Du.

61 1496 73 20 fuchda}

61 1557 35 17 Ifei

69 1619 34 17 hur
117 1630 19 7 ...

784 1691 100 18 Notice
900 1691 27 18 to
943 1691 183 18 Subscribers.

666 1725 78 25 Papers
758 1724 46 19 will
814 1725 37 18 not
866 1724 23 19 be
902 1725 46 19 sent
966 1724 21 19 to
1000 1729 89 20 persons
1101 1725 68 25 living
1185 1727 35 18 out
1229 1727 24 19 o!

692 1756 52 21 Fort
755 1756 120 24 Nicholson,
892 1756 69 19 unless
976 1760 159 21 arrangements
1148 1763 37 14 are
1193 1759 60 20 made

689 1789 37 23 for
736 1789 34 19 the
776 1791 99 24 payment
886 1789 26 25 of
918 1789 35 20 the
963 1794 62 21 same,
1039 1790 92 25 through
1143 1796 26 14 an
1183 1791 68 26 Agent

692 1823 22 18 at
728 1822 135 25 Wellington.

692 1878 90 22 Notice
807 1885 28 14 to
860 1880 160 21 Subscribers.
1022 1890 29 4 —
1051 1880 47 21 The
1126 1881 85 20 settlers
1230 1885 22 17 at

666 1904 123 27 Wtinganui
801 1905 109 27 complain
920 1904 51 22 that
988 1905 52 28 they
1059 1906 28 21 do
1105 1910 36 17 not
1160 1911 38 23 get
1213 1914 40 15 our

666 1938 76 20 papers
752 1932 111 26 regularly
865 1942 28 5 —
894 1931 42 22 and
946 1931 65 28 plead
1022 1933 55 26 that,
1089 1940 24 14 as
1129 1941 27 13 an
1173 1941 79 14 excuse

666 1958 32 21 for
709 1961 38 18 not
757 1959 83 26 paying
857 1958 56 22 their
929 1963 115 18 accounts.
1084 1959 41 22 We
1142 1967 41 15 can
1200 1961 54 27 only'

666 1989 38 22 put
723 1984 56 21 their
799 1992 78 20 papers
894 1986 19 19 in
932 1986 36 19 the
985 1989 55 22 post,
1059 1986 44 21 nnd
1122 1991 84 17 cannot
1225 1987 29 21 be,

666 2010 135 27 responsible
813 2012 33 19 f'tr
861 2010 57 22 their
934 2010 47 22 safe
998 2011 88 22 arrival.
1128 2013 63 21 From
1209 2010 45 24 tlris^

666 2037 49 21 d-ite
725 2044 32 14 we
767 2042 48 22 stop
826 2037 37 22 the
873 2045 77 19 papers
961 2038 26 21 of
1003 2038 29 21 all
1048 2045 92 20 persons
1155 2039 97 28 residing

666 2069 21 16 at
710 2064 124 25 Wang.mui
856 2064 51 21 with
927 2071 43 14 one
989 2064 125 28 excep:iin.
1159 2066 24 21 If
1200 2067 54 26 they.'

666 2090 54 22 need
730 2098 78 20 papers
820 2092 51 24 they
881 2098 40 15 can
932 2090 58 22 have
998 2091 60 22 them
1072 2099 57 19 it|>on
1141 2092 76 28 giving
1227 2100 24 14 us

675 2117 27 22 he
712 2121 107 23 giiran'ee
831 2118 25 21 t.f
867 2125 60 14 some
938 2118 135 27 respectable
1091 2126 77 19 person
1184 2120 69 21 raid-

666 2144 37 26 ing
713 2145 57 25 here,
782 2144 47 22 that
840 2149 103 21 pavnifin
954 2144 55 22 shull
1019 2145 27 21 be
1053 2146 65 21 inside
1131 2146 59 21 when
1202 2146 49 22 due.

667 2171 38 21 We
717 2177 89 20 stisj-ect
815 2178 32 15 we
857 2171 55 22 shall
923 2179 52 18 very
987 2178 52 15 soon
1051 2172 46 21 find
1115 2177 10 16 t
1137 2179 114 21 necessary

666 2201 22 18 ti>
698 2198 66 27 adopt
776 2198 38 21 the
824 2205 61 14 same
895 2205 77 14 course
982 2198 22 21 in
1015 2198 94 23 relation
1121 2203 22 18 to
1157 2200 28 21 all
1202 2200 51 22 sub-

666 2224 93 22 scribers
767 2229 40 17 not
818 2224 95 27 residing
923 2224 22 22 in

694 2256 141 24 Wellington,
847 2255 100 25 January
960 2257 19 23 1,
992 2257 60 21 1842.

229 138 65 20 Just
313 137 155 22 Publishad,

63 172 90 49 THE
177 169 208 23 WELLINGTON
409 166 177 24 ALMANACK
603 165 33 22 for

136 199 66 21 1843:

289 228 122 16 CONTENTS.

88 256 104 23 Weather
214 255 78 27 Table,
313 255 76 27 Cycles
409 253 42 23 and
477 251 159 23 Astrononvcal

61 284 117 25 Numbers,
192 282 115 26 Calendar,
325 281 133 22 Gardener's
473 279 42 21 and
534 279 102 21 F«rmer's

60 310 113 25 Calend.tr,
186 308 179 27 Meteorol.igictl
385 307 61 22 Table
457 305 32 22 fo.-
508 307 58 23 1840,
580 305 56 25 1841,

60 337 43 21 and
115 338 57 24 1842,
187 336 94 26 Kclipses
292 335 25 21 of
325 335 37 21 ihs
371 335 45 20 Sun
426 332 46 22 and
489 332 78 24 Moon,
585 331 51 21 New

60 363 98 22 Zealand
174 363 121 25 Company^
307 361 53 22 Post
375 359 68 21 Office
456 357 140 28 Regulations
607 357 29 21 for

60 389 55 21 New
124 388 107 25 Zealand,
244 387 56 22 Civil
316 385 182 26 Ejrnblishmem,
513 384 53 22 Fees
577 383 59 21 Land

60 415 88 21 Claims'
174 414 77 26 Office,
278 414 50 20 Post
352 412 96 22 Om'ce—
449 410 98 22 Col-nial
578 409 58 25 Law,

60 441 73 22 Police
160 441 96 21 OlHce—
259 440 65 25 Petty
347 439 105 25 Sessions,
484 436 109 27 Holidays
617 439 19 18 at

60 467 77 23 Public
148 466 87 26 Offices,
248 466 107 22 Discount
367 465 66 25 Days.

259 498 80 26 Price,
355 499 29 20 Is.
400 497 34 21 61.

87 531 86 20 Gazette
183 530 75 25 Office,
270 530 98 25 January
379 530 19 23 1,
410 529 58 21 1812.
