2540 4010
1900 123 220 25 WHOLESALE
2148 124 128 24 PRICES
2309 125 175 25 CURRENT.

1999 162 132 16 CORRECTED
2147 162 32 16 UP
2190 163 28 14 TO
2234 163 55 14 LAST
2305 164 80 14 NIGHT.

2130 3054 120 18 DUL'IES.

1895 3074 99 21 British
2005 3075 91 22 Spirits
2310 3080 32 21 4s.
2352 3086 41 21 per
2401 3081 81 26 gallon.

1895 3101 104 21 Foreign
2012 3102 55 21 ditto
2309 3107 32 21 ss.
2353 3114 38 19 per
2400 3108 82 26 gallon.

1895 3127 13 21 '1
1915 3135 84 14 obacco
2010 3129 176 28 manufactured,
2192 3145 101 8 ........
2313 3134 29 20 Is.
2353 3140 39 21 per
2401 3140 31 17 ib.

2011 3155 204 25 Unmanufactured
2309 3161 36 21 9d.
2358 3168 39 19 per
2405 3161 31 22 ib.

1896 3181 74 21 Snuff
2165 3189 7 16 :
2311 3189 30 19 2s.
2351 3194 41 20 per
2400 3190 30 20 Ib.

1895 3208 87 21 Cioaus
2312 3215 30 19 2s.
2354 3216 79 24 perlb.

1897 3236 80 20 Wines
2303 3240 24 20 15
2342 3247 39 20 per
2391 3244 57 20 cent.

1898 3262 51 26 lea,
1965 3263 85 26 Sugar,
2067 3264 86 26 Flour,
2173 3264 96 28 Wheat,
2283 3271 3 16 I

1912 3289 46 21 and
1967 3290 64 21 other
2042 3291 86 26 Grain,
2139 3293 13 19 5
2162 3298 39 20 per
2211 3298 57 16 cent.
2281 3286 5 28 I
2331 3307 8 7 ,
2380 3309 6 9 ,

1895 3315 38 21 All
1944 3316 62 21 other
2017 3317 104 21 Foreiun
2128 3321 141 24 productions
2280 3308 13 43 f
2313 3308 28 21 ad
2352 3309 106 23 valorem,

1909 3342 43 22 and
1959 3346 166 20 manufactures
2135 3347 23 19 10
2165 3352 38 21 per
2212 3352 55 16 cent.
2279 3338 7 30 I

2097 3371 186 26 EXCHANGE.

1896 3409 67 23 Bank
1973 3409 49 23 bills
2032 3418 29 15 on
2072 3412 94 23 London
2199 3405 11 30 ■!
2222 3403 28 20 30
2265 3405 28 19 da
2293 3411 27 19 y«
2334 3404 66 28 sight,
2419 3408 13 20 2
2446 3414 36 21 pet

1898 3449 16 6 „
1942 3451 12 6 „
1980 3451 4 4 .
2206 3432 10 21 I
2255 3436 59 16 cent,
2326 3439 116 19 premium.

1897 3449 34 22 On
1941 3451 140 28 Sydney...,
2317 3458 29 21 Oi
2349 3464 31 16 Uo
2382 3474 6 6 .

1897 3477 87 22 Private
1996 3480 48 20 bills
2293 3484 113 19 Nominal.

1916 3536 39 16 The
1967 3537 47 15 Nsw
2025 3538 99 16 Zealand
2135 3540 133 18 CJAZETTBand
2282 3542 133 19 Wellington-
2429 3547 59 16 Sfec-

1894 3560 65 12 tatou
1965 3562 15 11 is
1987 3559 96 18 publisiiea
2089 3564 60 16 every.
2154 3561 109 22 Wednesday
2273 3564 37 15 aud
2321 3566 94 18 Saturday.
2438 3569 46 15 Sul«

1893 3580 61 17 jimieu
1961 3582 31 12 are
2000 3581 30 13 tue
2037 3582 88 14 terms-—

1917 3598 63 17 Pkicb
1986 3603 25 12 ov
2017 3604 41 12 the
2066 3603 96 15 fAPEß.—
2163 3603 54 20 Forty
2221 3604 86 21 ishillings
2312 3609 31 16 per
2354 3610 76 17 annum,
2442 3613 36 14 pay

1895 3619 40 16 able
1941 3624 18 10 in
1968 3620 80 16 advance
2053 3626 4 14 ;
2068 3626 20 12 or
2094 3627 35 12 oue
2136 3624 76 20 sltilliug
2218 3624 26 17 for
2251 3628 59 18 single
2316 3627 86 17 uumbers

1916 3641 156 17 Advertisements
2081 3643 35 16 will
2123 3648 32 12 not
2160 3648 67 17 appear
2237 3646 18 15 in
2267 3649 30 13 me
2307 3652 80 16 ensuing
2397 3651 79 16 number

1896 3660 16 16 if
1921 3662 81 15 received
2009 3662 46 17 later
2061 3664 44 15 than
2119 3665 18 15 lv
2145 3664 72 20 o'clock,
2225 3670 47 15 a.m.,
2279 3671 24 12 on
2311 3669 30 15 the
2349 3673 93 13 mjimn.'i
2451 3673 30 15 be-

1896 3681 37 16 lore
1946 3683 118 18 publication.
2086 3685 156 18 Advertisements
2256 3688 36 16 will
2305 3689 19 15 be
2335 3690 100 17 continued
2442 3693 36 15 and

1895 3704 77 18 charged
1985 3705 47 15 until
2041 3707 165 19 counter-ordered;
2218 3708 44 15 such
2269 3708 52 17 order
2328 3713 50 13 must
2385 3712 21 14 be
2415 3715 40 13 sent
2463 3717 18 12 to

1896 3723 31 16 tile
1936 3724 54 16 OUice
2004 3728 35 14 two
2058 3726 43 20 days
2121 3726 59 17 betore
2190 3728 117 20 publication*
2318 3730 36 16 aud
2366 3735 50 13 must
2427 3733 21 16 be
2460 3735 18 14 in

1896 3746 77 18 writing.
1997 3746 157 17 Advertisements
2167 3749 79 16 received
2265 3749 52 22 after
2335 3752 20 16 10
2371 3751 68 18 o'clock
2456 3758 23 12 on

1898 3764 80 21 luesday
1990 3766 38 16 and
2039 3766 64 21 Friday
2115 3772 93 17 mornings
2219 3770 37 16 will
2267 3770 21 17 be
2298 3771 78 20 charged
2388 3775 52 14 twice
2449 3775 32 17 the

1916 3805 31 17 All
1953 3805 70 21 orders,'
2031 3807 157 22 advertisements,
2199 3810 36 17 and
2246 3812 164 19 communications
2422 3817 19 15 to
2452 3816 32 17 the

1898 3826 68 19 Editor,
1971 3830 33 13 are
2009 3830 95 18 requested
2111 3833 18 13 to
2138 3833 20 14 ue
2164 3831 98 17 addressed
2268 3835 18 13 to
2292 3834 39 16 this
2337 3834 62 17 Ufflce.

1896 3870 75 19 Printed
1983 3873 46 17 mikT
2034 3874 97 20 published
2148 3881 53 17 every
2219 3877 119 22 Wednesday-
2347 3881 37 16 and
2394 3881 90 19 Saturday

1915 3894 92 20 mornitag,
2020 3894 24 21 by
2061 3895 188 24 BA»iwßi.,ttßViLN«,
2265 3901 21 15 at
2300 3900 31 18 the
2347 3901 55 17 Office
2418 3894 64 26 oitui

1917 3914 50 18 New
1979 3916 98 17 Zbaxa-vd
2077 3918 104 17 iGazbitjb
2188 3923 46 14 jlvd
2247 3920 135 19 Wblwkotoji
2397 3923 87 17 Spbota-

1917 3934 211 40 I^Maonerwlrot,
2137 3939 116 21 WMUngtoH,
2263 3940 44 18 Port
2314 3942 112 21 jNfcholi&A;
2438 3944 45 17 New

564 35 106 48 €#?
690 28 117 50 itffcto
833 35 207 42 SStaianh
1067 35 188 47 <&wttc
1279 36 91 39 ants
1395 34 296 48 WltUmQton
1717 32 241 50 %pumot

2239 196 16 10 *>
2278 196 15 10 ».
2317 196 19 10 v.
2379 196 28 14 .i,
2430 196 15 12 «.
2471 196 19 11 a.

1900 216 50 21 Ale
1957 223 6 14 :
1976 223 42 20 per
2026 215 48 22 hhd
2240 219 13 21 7
2282 220 13 19 0
2323 220 81 21 0..7
2434 221 12 21 7
2475 222 14 19 0

2075 251 39 19 per
2121 246 70 21 barrel
2201 260 5 5 .
2213 260 5 6 .
2225 264 2 2 .
2237 246 14 20 5
2281 247 12 18 0
2321 247 38 19 0.
2366 258 5 7 .
2390 248 13 19 0
2433 249 12 18 0
2474 249 14 19 0

2073 277 40 20 per
2123 270 39 22 doz
2239 274 14 19 0
2268 272 25 21 13
2322 273 14 20 0
2354 286 17 5 ..
2390 274 14 19 0
2432 275 13 18 0
2473 275 17 20 0

1899 295 112 22 Arrack:
2028 296 42 21 Per
2079 296 44 26 gal.
2133 298 23 21 in
2168 298 59 22 bond
2241 301 14 19 0
2284 299 9 20 1
2323 300 14 19 9
2355 312 18 6 ..
2391 300 14 19 0
2433 301 13 20 2
2474 305 14 18 0

1900 322 90 21 Bread:
2009 322 41 21 Per
2058 322 45 22 2lb.
2116 323 49 22 loaf
2178 339 45 6 ....
2242 327 14 20 0
2283 327 13 20 0
2323 326 14 20 6
2356 338 17 7 ..
2392 327 13 19 0
2434 328 12 19 0
2475 328 14 19 0

1898 348 73 22 Beep:
1987 348 77 27 Fresh,
2084 356 89 15 carcase
2189 359 39 19 per

2015 375 22 22 lb
2237 380 14 20 0
2279 380 12 19 0
2307 380 27 20 10
2352 392 18 7 ..
2389 381 14 19 0
2431 380 14 19 0
2472 380 14 20 0

2006 402 53 25 Salt,
2070 409 40 21 per
2125 403 67 22 tierce
2204 418 18 6 ..
2263 412 58 15 none
2352 408 137 19 ..000

2007 428 42 21 Do.
2060 436 40 19 per
2115 429 71 22 barrel
2204 444 19 7 ..
2263 439 56 15 none
2352 435 50 18 ..0
2431 434 13 19 0
2472 434 15 19 0

1900 455 104 21 Butter:
2023 455 64 27 Irish,
2099 463 38 19 per
2147 456 29 21 lb.
2202 459 51 19 ..0
2282 460 10 18 1
2321 460 14 19 9
2353 473 17 6 ..
2389 461 14 19 0
2432 460 12 19 2
2474 462 15 18 0

2021 481 67 22 Fresh
2242 485 14 19 0
2283 486 13 20 2
2324 487 49 19 6..
2392 488 13 19 0
2433 488 13 19 0
2475 488 16 19 G

1900 514 107 15 dranuv:
2023 508 59 21 First
2088 509 93 27 quality,
2190 517 39 19 per

2046 536 75 26 gallon
2132 536 22 21 in
2168 536 57 21 bond
2241 538 14 19 0
2282 538 14 19 6
2323 540 13 18 0
2354 552 17 7 ..
2390 542 14 18 0
2432 540 14 20 8
2474 543 16 17 O

1900 561 83 21 Brown
2003 562 87 21 Stout:
2115 570 39 20 per
2169 562 52 23 hhd.
2237 564 14 19 6
2266 564 26 21 10
2319 566 14 19 0
2351 579 17 6 ..
2389 566 14 21 7
2430 566 13 21 0
2472 568 15 19 0

1898 589 99 20 Cigars:
2011 588 101 27 Manilla,
2122 597 37 19 per
2165 591 60 25 1000,
2240 590 13 20 3
2281 592 14 19 0
2323 592 12 19 0
2353 604 18 7 ..
2390 594 13 19 0
2431 594 13 19 0
2473 595 15 18 O

2008 615 95 21 Inferior
2241 617 11 20 1
2270 618 25 21 13
2323 619 12 19 0
2354 631 17 6 ..
2390 620 14 19 2
2432 621 12 18 0
2473 622 15 19 0

2009 641 133 28 Havaunah,
2150 651 38 18 per
2196 643 29 22 lb.
2261 651 58 14 none
2352 646 91 19 ..00
2472 648 13 18 0

2006 668 123 21 Chiinmrali
2136 676 39 19 per
2182 671 69 20 10001
2269 672 25 19 10
2323 672 12 20 0
2352 684 19 7 ..
2390 673 13 19 0
2431 673 13 18 0
2472 674 14 19 0

2006 695 153 22 Alexandrian
2174 698 118 21 ....11(J
2321 699 81 20 0..0
2430 699 14 19 0
2472 700 14 19 0

1897 721 99 22 Coffee:
2008 721 64 26 Java,
2084 722 70 27 perlb
2239 727 13 18 0
2279 726 14 19 0
2309 725 26 20 10
2352 739 17 6 ..
2389 728 13 18 0
2430 726 20 20 0,
2472 727 14 19 0

1898 749 101 20 Cuef.se:
2016 748 106 23 Cheshire
2239 753 14 19 0
2281 752 10 19 1
2321 754 13 18 (i
2353 766 17 5 ..
2390 754 13 19 0
2431 754 13 17 0
2473 754 15 19 0

2016 775 54 21 Pine
2081 776 73 27 Apple
2175 791 46 6 ....
2239 780 14 19 0
2280 782 13 17 0
2321 780 13 19 0
2352 792 23 8 ...
2389 781 13 18 0
2432 778 10 19 1
2472 780 14 20 2

2014 801 75 22 Dutch
2241 806 13 19 0
2281 807 13 18 0
2323 806 12 19 0
2352 819 18 6 ..
2390 807 13 20 0
2432 806 11 19 1

1897 828 105 21 Candles
2011 835 4 13 :
2024 828 92 25 English
2126 837 54 19 wax,
2189 838 38 18 per

2042 855 21 21 lb
2239 860 14 19 0
2280 859 12 19 3
2322 860 13 17 0
2352 872 5 6 .
2365 872 5 6 .
2389 860 14 19 0
2431 861 14 18 0
2472 862 15 18 U

2028 881 79 22 Mould
2238 886 13 19 0
2281 885 10 19 1
2321 886 13 19 3
2352 899 5 6 .
2364 899 5 6 .
2389 888 14 18 0
2431 887 13 19 0
2473 888 13 19 0

2028 909 56 26 Dips
2237 914 14 18 0
2280 912 11 19 1
2321 914 12 17 0
2351 926 18 5 ..
2389 914 13 19 0
2430 915 14 17 0
2472 914 14 19 0

1898 935 90 21 Flour:
1999 935 35 21 Ist
2039 935 91 28 quality,
2143 944 39 19 per
2187 942 36 16 ton

2018 961 134 22 of2ooJlbs
2223 964 25 20 1.5
2277 966 14 19 0
2319 966 12 19 0
2350 965 51 20 ..20
2429 966 13 19 0
2471 968 13 19 0

1995 988 46 22 2nd
2050 989 56 21 ditto
2239 992 13 19 0
2279 993 13 18 0
2320 992 13 19 0
2351 992 52 20 ..12
2430 993 13 18 0
2471 994 14 19 0

1897 1015 60 21 Gin:
1979 1015 52 21 Pale
2048 1017 22 19 in
2083 1016 68 21 b0nd.
2159 1031 5 5 .
2173 1031 5 5 .
2187 1031 5 5 .
2201 1032 5 5 .
2213 1032 6 5 .
2237 1018 14 20 0
2277 1018 14 21 3
2319 1018 13 21 0
2350 1032 18 6 ..
2387 1020 13 20 0
2427 1018 15 21 4
2470 1020 14 20 0

1946 1042 62 25 Case,
2016 1044 14 18 4
2037 1043 35 25 gal
2082 1044 37 19 4-5
2129 1044 22 19 in
2164 1044 58 21 bond
2238 1045 10 19 1
2278 1046 12 20 8
2319 1048 12 17 0
2350 1059 17 6 ..
2389 1046 9 19 1
2416 1046 26 20 lj
2471 1050 13 16 0

1899 1067 79 23 tuns:
1996 1068 126 28 Yorkshire,
2139 1070 83 27 perlb.
2239 1074 13 17 0
2279 1073 13 19 0
2321 1073 12 19 0
2351 1086 18 6 ..
2389 1077 12 16 tl
2430 1074 57 19 0.0

1898 1095 124 21 Mustard:
2041 1096 40 20 Per
2091 1096 70 22 dozen
2175 1111 45 6 ....
2238 1100 13 19 0
2268 1099 24 20 13
2321 1100 13 19 0
2352 1112 17 7 ..
2389 1102 13 19 0
2430 1101 55 18 00

1898 1121 112 22 Mutton:
2032 1123 92 21 Carcase
2136 1131 39 19 per
2184 1124 22 21 lb
2217 1140 5 5 .
2237 1126 15 19 0
2279 1127 13 18 0
2320 1126 13 19 0
2351 1140 17 5 ..
2388 1128 13 19 0
2429 1129 14 18 0
2458 1126 25 20 11

1897 1148 121 22 Muskets:
2036 1149 91 22 Walnut
2133 1150 92 22 stocked
2239 1153 14 19 0
2279 1153 14 19 0
2321 1153 13 19 0
2351 1166 18 6 ..
2389 1155 12 18 0
2418 1152 25 21 1}
2474 1157 14 17 0

1897 1175 76 21 Milk.
1991 1175 42 21 Per
2040 1176 49 26 pint
2238 1180 14 19 0
2279 1180 13 19 0
2320 1180 13 19 3
2351 1193 18 6 ..
2389 1182 12 18 0
2429 1182 14 19 0
2470 1181 15 20 4

1896 1202 56 21 Oil:
1969 1201 104 26 Linseed,
2084 1210 38 19 per
2130 1203 76 26 gallon
2217 1220 6 5 .
2238 1206 14 19 0
2281 1206 12 19 0
2321 1207 49 18 0..
2403 1213 66 14 none.

1970 1229 283 27 Black,incask,pertonl7
2282 1233 13 19 0
2323 1234 13 18 0
2353 1246 18 6 ..
2390 1236 13 18 0
2430 1237 15 17 U
2472 1236 14 19 0

2006 1256 78 23 Sperm
2221 1260 27 19 (50
2276 1258 12 19 0
2317 1260 11 18 0
2347 1261 50 19 ..05
2427 1262 12 17 0
2469 1262 13 17 0

1898 1281 74 22 Pork:
1988 1282 77 26 Fresh,
2083 1290 88 15 carcase
2189 1291 37 20 per

2013 1308 22 22 lb
2237 1313 13 19 0
2277 1314 14 18 0
2319 1312 12 21 5
2350 1326 18 7 ..
2387 1315 12 18 0
2428 1316 13 18 0
2470 1316 13 19 0

1896 1335 63 21 Pork
1968 1342 4 14 :
1989 1335 65 27 Irish,
2066 1343 40 20 per
2116 1337 72 21 barrel
2200 1352 5 6 .
2213 1352 5 6 .
2237 1340 14 19 0
2278 1340 13 19 0
2320 1340 13 19 0
2350 1354 6 5 .
2363 1354 5 5 .
2387 1340 13 20 5
2427 1341 14 20 5
2471 1343 14 19 0

1896 1362 129 22 Potatoes:
2047 1363 55 21 New
2117 1363 106 28 Zealand,

2072 1396 39 20 per
2120 1395 37 16 ton
2172 1392 77 19 ....5
2277 1394 13 19 0
2319 1394 80 21 0..8
2427 1396 14 19 0
2469 1397 15 19 O

1896 1415 92 22 Porter
1998 1423 5 13 :
2033 1415 102 28 Dunbar,
2147 1417 22 22 in
2179 1418 43 21 bot.

2062 1450 13 20 T
2078 1450 24 14 er
2141 1451 11 13 2
2236 1444 54 22 013
2317 1448 81 20 0..0
2427 1450 14 19 0
2469 1451 14 18 0

2004 1469 73 27 Bryan
2081 1476 8 14 i
2099 1471 44 20 and
2154 1472 68 21 Davis
2237 1475 12 18 0
2265 1474 24 19 13
2318 1476 13 18 0
2349 1488 5 5 .
2361 1487 6 6 .
2386 1477 13 18 0
2427 1477 14 19 0
2469 1478 14 18 0

1896 1495 96 22 Pickles
2004 1503 5 14 :
2041 1497 115 27 Assoi'ed,
2187 1505 38 20 per

2067 1523 56 26 doz.,
2149 1531 74 21 quarts
2239 1527 10 20 1
2280 1527 10 20 1
2320 1528 14 19 0
2350 1541 19 6 ..
2387 1530 14 19 0
2429 1530 15 19 0
2472 1530 13 18 0

1896 1549 72 21 Pitch
1981 1556 5 14 :
2018 1549 137 28 Stockholm,
2187 1559 38 19 per

2044 1577 71 22 barrel
2239 1582 13 20 0
2278 1582 13 20 0
2319 1582 14 19 0
2350 1594 18 7 ..
2389 1582 10 19 1
2429 1582 14 20 5
2474 1584 14 19 0

1896 1603 79 21 Plank
1983 1610 5 14 :
2018 1603 53 22 Port
2093 1603 130 30 Nicholson,

2043 1638 39 19 per
2093 1632 38 21 100
2141 1632 46 21 feet
2200 1636 51 19 ..0
2277 1636 14 19 0
2318 1636 14 19 0
2349 1648 19 6 ..
2387 1636 10 19 1
2429 1636 11 19 1
2470 1638 14 19 0

1895 1656 69 22 Rice:
1977 1657 108 22 Common
2096 1664 93 21 percivt.
2200 1674 18 6 ..
2238 1663 14 18 0
2279 1664 12 17 0
2319 1663 14 18 0
2350 1675 18 6 ..
2387 1664 14 19 0
2428 1665 14 18 0
2470 1665 14 19 0

1976 1683 65 22 Good
2238 1688 10 19 1
2277 1689 15 20 4
2319 1690 14 18 o
2350 1702 18 6 ..
2387 1692 13 18 0
2428 1691 14 19 0
2470 1692 14 19 t>

1895 1710 53 21 Rum
1956 1717 5 13 :
1979 1711 24 21 P.
2015 1711 24 21 li.
2052 1711 32 25 P.,
2102 1719 36 19 per
2148 1713 75 26 gallon

2015 1737 22 21 in
2055 1738 59 21 bond
2237 1742 13 19 0
2277 1742 14 21 4
2318 1742 81 21 0..0
2427 1743 13 20 5
2469 1745 14 19 0

1894 1763 88 22 Sugar:
2001 1764 117 22 Mauritius
2129 1773 39 19 per
2176 1772 47 16 cwt.
2239 1770 14 18 0
2279 1770 14 19 0
2320 1770 14 19 0
2351 1782 18 7 ..
2404 1776 57 15 none

2002 1791 80 21 liro\vn
2098 1792 54 21 ditto
2170 1808 45 6 ....
2235 1795 10 20 1
2274 1796 14 20 2
2316 1797 13 19 0
2346 1810 5 5 .
2358 1810 6 5 .
2384 1796 10 21 1
2424 1798 15 19 8
2467 1798 15 20 0

2004 1813 96 26 Refined
2114 1820 53 26 loaf,
2186 1828 37 19 per

2030 1845 21 20 lb
2237 1851 14 20 0
2278 1850 13 19 0
2319 1850 14 20 9
2350 1864 18 5 ..
2387 1852 13 19 0
2428 1852 14 19 0
2470 1853 14 18 0

2004 1871 96 22 Manilla
2118 1880 39 20 per
2171 1879 47 18 cwt.
2236 1878 12 19 0
2276 1878 13 18 0
2317 1879 50 18 0..
2387 1876 66 23 None

1893 1897 73 22 Salt:
1982 1898 126 28 Liverpool,
2119 1908 40 19 per
2169 1906 37 17 ton
2215 1918 5 5 .
2236 1904 13 20 3
2277 1904 13 19 0
2317 1905 14 19 0
2349 1916 18 7 ..
2386 1905 14 20 4
2427 1907 14 18 0
2470 1906 16 19 O

1893 1924 60 22 Soap
1961 1932 6 14 :
1995 1925 102 22 Hawes's
2120 1928 102 27 .London,

2020 1959 39 20 per
2066 1958 39 16 ton
2221 1957 27 20 35
2276 1958 13 19 0
2317 1959 14 19 0
2349 1971 17 6 ..
2387 1958 11 19 0
2428 1959 14 20 0
2470 1961 14 18 0

2011 1978 118 27 Liverpool
2221 1984 27 19 26
2276 1986 12 17 0
2317 1984 14 19 0
2347 1997 5 6 .
2359 1997 6 5 .
2385 1987 12 18 0
2427 1986 12 18 0
2469 1988 14 17 0

1892 2003 104 20 Starch:
2014 2004 72 20 Perlb
2237 2010 13 18 0
2277 2010 13 17 0
2318 2010 13 17 9
2349 2021 19 6 ..
2387 2011 13 17 0
2428 2012 14 16 O
2470 2011 14 18 0

1892 2029 143 20 Scantling:
2052 2029 42 21 Per
2103 2032 38 19 100
2152 2033 66 19 feet..
2237 2034 54 20 013
2319 2036 14 17 0
2350 2048 18 5 ..
2389 2035 10 18 1
2429 2038 13 17 0
2470 2037 14 18 0

1892 2055 128 21 Shingles:
2037 2055 110 28 PerlMO,
2157 2058 28 20 N.
2195 2059 25 20 Z.
2237 2059 11 20 1
2278 2060 10 19 1
2318 2061 13 19 0
2349 2074 18 5 ..
2388 2062 10 19 1
2427 2062 14 19 5
2470 2064 13 18 0

2023 2082 70 27 Ditto,
2117 2083 26 21 V.
2155 2085 28 20 D.
2194 2086 26 20 L.
2235 2087 13 19 2
2276 2089 13 18 0
2317 2088 14 19 0
2349 2101 5 6 .
2361 2100 5 6 .
2386 2092 13 17 0
2427 2091 14 18 0
2469 2092 14 17 0

1891 2107 63 22 Tau.
1971 2108 53 21 Coal
2237 2113 10 19 1
2277 2114 10 19 1
2317 2114 14 19 0
2349 2127 17 6 ..
2386 2117 14 19 0
2427 2118 15 17 O
2469 2118 15 18 O

1975 2135 128 22 Stockholm
2238 2140 50 20 II
2317 2142 14 19 0
2348 2154 18 6 ..
2385 2144 14 18 0
2427 2144 14 18 0
2469 2144 15 19 0

1891 2161 49 22 Tea
1949 2169 5 14 :
1964 2162 80 27 Hyson
2049 2163 56 26 skin,
2112 2170 38 21 per
2161 2165 62 21 chest
2235 2168 15 20 4
2276 2169 13 20 0
2317 2168 13 19 0
2347 2180 18 7 ..
2385 2169 14 21 7
2427 2170 14 20 7
2469 2171 13 18 o

1968 2190 92 25 Congou
2225 2194 26 21 10
2277 2196 13 19 0
2317 2195 49 20 0..
2385 2198 13 18 0
2426 2197 14 20 0
2468 2198 14 19 0

1891 2215 120 22 Tobacco:
2025 2216 142 29 Negrohead,
2185 2226 39 19 per

2051 2243 30 21 lb.
2095 2244 23 21 in
2135 2245 59 22 bond
2236 2249 14 20 0
2277 2249 8 20 1
2317 2250 48 19 0..
2384 2251 14 20 0
2425 2251 15 20 0
2468 2252 15 20 0

1891 2269 165 22 Turpentine:
2074 2271 41 21 Per
2119 2273 99 25 gallon..
2237 2277 14 18 0
2277 2279 12 17 8
2319 2278 12 18 0
2349 2289 18 6 ..
2386 2278 14 19 0
2427 2279 14 19 0
2469 2280 15 19 O

1896 2295 159 23 WiiALiiBONE:
2072 2297 42 22 Per
2123 2304 39 16 ton
2173 2314 4 4 .
2185 2314 5 5 .
2199 2314 5 6 .
2212 2314 5 6 .
2223 2302 28 21 90
2277 2304 13 19 0
2317 2304 14 19 0
2348 2304 50 20 ..95
2426 2306 14 19 0
2468 2307 15 19 0

1894 2322 81 22 Wine:
1991 2325 88 26 Sherry,
2090 2332 39 20 per
2138 2326 51 27 pipe
2199 2330 51 19 ..28
2277 2330 12 20 0
2318 2331 81 20 0..40
2426 2333 14 18 0
2468 2333 15 19 O

2001 2351 71 26 Ditto,
2089 2359 39 18 per
2141 2352 79 23 dozen.
2237 2356 9 20 1
2276 2358 12 18 4
2316 2358 14 18 0
2347 2370 5 6 .
2360 2370 5 5 .
2384 2359 13 18 2
2426 2360 13 18 0
2468 2360 13 19 0

2002 2377 60 28 Port,
2073 2386 39 19 per
2122 2379 51 28 pipe
2181 2395 34 10 ...
2221 2382 27 21 28
2275 2384 13 19 0
2315 2384 14 19 0
2345 2397 5 6 .
2359 2397 5 6 .
2370 2386 27 19 60
2425 2386 14 19 0
2467 2387 14 19 0

2071 2412 38 20 per
2119 2411 49 16 uo/c.
2197 2422 5 5 .
2210 2422 5 5 .
2237 2411 9 19 1
2275 2412 12 18 8
2316 2411 13 19 0
2346 2424 4 5 .
2359 2424 5 5 .
2383 2412 13 19 2
2424 2414 13 17 8
2466 2414 15 19 0

2001 2431 150 28 Champagne,
2166 2433 55 22 ditto
2236 2438 12 19 2
2275 2437 12 20 5
2316 2438 13 19 0
2347 2451 17 6 ..
2383 2440 14 19 B
2415 2439 24 20 10
2467 2440 16 19 0

1894 2457 121 23 Poultry:
2030 2459 79 27 Fowls,
2117 2467 40 20 per
2163 2468 60 19 pair.
2238 2466 13 18 0
2279 2466 12 18 8
2319 2467 13 17 U
2349 2478 18 5 ..
2387 2467 13 18 0
2417 2467 25 18 Ili
2470 2469 13 17 0

2029 2486 83 27 Ducks,
2124 2487 55 21 ditto
2199 2503 18 5 ..
2237 2494 12 17 0
2265 2491 25 20 10
2318 2493 13 18 0
2348 2504 18 6 ..
2385 2494 13 17 0
2427 2495 14 18 0
2469 2495 14 18 0

2030 2513 34 21 CJe
2067 2520 42 19 esc,
2121 2515 55 20 each
2199 2518 48 19 ..1
2276 2520 13 18 0
2317 2519 13 19 0
2347 2532 18 5 ..
2384 2520 15 19 0
2427 2521 14 18 0
2469 2523 13 17 0

2028 2539 108 28 Turkeys,
2148 2541 55 22 each
2241 2544 7 20 1
2277 2546 14 19 0
2319 2546 48 19 0..
2386 2547 14 18 0
2429 2548 13 19 0
2470 2548 13 19 0

2029 2567 104 26 Pigeons,
2143 2570 77 26 (wild,)

2056 2601 40 20 per
2105 2596 47 25 pair
2238 2599 13 19 0
2277 2599 14 19 0
2319 2599 82 21 0..0
2428 2600 13 20 2
2471 2601 14 20 0

2028 2620 84 27 Ducks,
2121 2622 36 21 do.
2169 2622 50 21 do..
2239 2626 12 19 0
2277 2626 13 19 5
2319 2626 13 19 0
2350 2639 18 6 ..
2387 2628 14 19 0
2429 2630 13 17 0
2471 2630 12 17 U

1893 2645 72 22 Eggs:
1983 2647 44 20 Per
2036 2647 72 22 dozen
2239 2653 13 18 0
2279 2652 14 21 2
2320 2653 13 20 0
2350 2666 18 6 ..
2387 2654 15 19 0
2430 2655 13 19 0
2471 2655 13 19 0

99 138 4 5 •
253 140 3 10 :
285 124 138 22 Notice!!!

64 158 90 48 ALL
165 156 134 23 PERSONS
310 156 84 26 having
407 162 45 21 any
463 154 92 23 demand
565 161 28 14 on
610 153 35 22 the

142 183 152 26 undersigned,
303 189 38 15 are
355 182 117 27 requested
486 184 22 18 to
518 181 53 21 send
585 181 59 21 them

62 210 25 23 in
98 209 149 28 immediately
256 209 34 22 for
300 209 130 27 liquidation
437 216 5 19 ;
466 207 43 23 and
519 207 29 22 all
557 213 89 22 persons

62 236 106 23 indebted
178 240 22 17 to
217 235 37 22 the
264 235 159 26 undersigned,
440 242 36 14 are
491 233 114 28 requested
623 237 22 17 to

61 264 64 21 settle
134 263 58 22 their
200 266 108 19 accounts
317 269 29 15 on
356 269 25 15 or
396 261 75 23 before
481 260 36 22 the
526 261 48 21 31st
588 259 56 23 lust.

427 295 25 21 C.
463 294 33 22 M.
507 294 83 21 Evans.

90 322 124 24 December
224 324 33 25 19,
268 323 60 21 1842.

166 371 196 30 SUFFOLK
390 369 148 26 HOTEL,

337 404 30 14 BY

268 424 33 22 H.
320 424 54 20 Gar
377 423 58 24 rod,

113 464 127 16 THORNDON
343 461 62 16 NEAR
426 460 92 16 PIPITEA
537 459 53 16 PA.H.

317 492 28 5 —
346 488 41 13 O—

63 512 76 25 Wines,
161 511 85 26 Spirits,
267 509 36 25 See
322 508 28 26 of
365 509 35 20 the
413 509 54 25 first
485 507 89 26 quality,
591 511 53 22 upon

252 536 120 21 reasonable
383 537 72 18 terms.

251 589 25 20 J.
291 588 38 21 M.
345 586 110 26 Taylor,

76 622 150 23 LICENSED
250 619 239 24 CUSTOM-HOUSE
513 618 113 26 AGENT,

306 655 27 14 TE
349 654 50 14 ARO.

62 694 174 29 /CHARTER
244 691 175 27 PARTIES,for
429 691 44 22 sale
484 694 22 18 at
511 689 37 23 the
558 690 86 20 Gazette

62 714 41 29 V>>
120 720 76 23 Office.
463 739 3 3 .

62 766 39 21 To
116 765 45 21 the
176 764 138 22 Creditors
326 763 31 21 of
369 762 108 27 Wright
487 761 54 22 and
551 760 91 21 Clark.

60 800 50 47 A
125 797 159 24 DIVIDEND
293 797 26 21 of
324 797 44 22 five
379 795 100 26 shillings
485 795 23 21 in
520 794 36 22 the
567 793 75 25 pound

138 825 45 22 will
200 825 28 22 be
243 823 52 28 paid
311 827 21 18 to
348 823 38 22 the
400 822 105 22 creditors
518 821 25 21 of
553 819 89 26 Wright

61 852 42 22 and
123 851 72 28 Clark,
216 858 28 15 on
263 851 50 22 and.
325 850 58 22 after
402 848 106 27 Monday,
529 847 37 22 the
590 846 51 22 28th

57 879 92 26 instant,
161 882 23 18 at
193 877 38 22 the
247 877 74 22 offices
339 877 26 21 of
385 876 89 22 Messrs.
496 874 79 22 Waitt
596 880 45 16 and

61 905 75 22 Tyser

87 921 144 37 Wellington,
246 931 50 21 Oct.
307 930 34 25 92,
354 930 60 20 1842.

227 974 74 22 Villa
314 973 161 22 Residence.

61 1008 66 48 TO
142 1007 39 23 BE
195 1006 85 26 SOLD,
298 1005 52 21 with
366 1004 126 22 immediate
511 1002 130 35 possession,

134 1042 13 14 a
156 1026 87 35 gentei-1
254 1032 59 22 Villa
330 1031 132 26 Residence,
475 1026 52 26 with
544 1029 98 27 Garden,

60 1061 94 21 suitable
163 1065 23 17 to
195 1067 15 15 a
219 1059 61 23 small
289 1059 88 26 family.

87 1085 132 24 Commands
234 1094 13 13 a
257 1086 49 21 fine
317 1086 56 20 view
384 1084 25 22 of
419 1084 40 22 the
476 1083 111 25 Harbour,
599 1082 42 22 and

58 1113 76 23 within
143 1114 60 21 three
215 1113 95 21 minutes
318 1112 57 21 walk
386 1112 26 21 of
418 1111 38 22 the
465 1110 177 22 Custom-house.

85 1141 44 23 For
137 1139 138 28 particulars,
287 1139 68 27 apply
365 1143 23 17 to

392 1164 36 22 W.
445 1164 170 22 FITZHERBERT.

85 1193 129 23 November
224 1195 34 25 29,
271 1193 62 21 1542.

113 1239 66 21 Port
191 1238 153 21 Nicholson
360 1237 54 21 and
424 1235 164 28 Wanganui.

62 1271 164 50 SEVERAL
239 1271 67 22 Town
323 1270 44 22 and
385 1270 97 25 Country
503 1270 97 21 Sections
618 1268 23 22 in

125 1299 61 21 these
196 1298 94 22 districts
299 1302 23 17 to
333 1298 27 21 be
370 1296 49 23 sold
429 1303 24 14 or
468 1296 37 23 let.
535 1296 44 22 For
591 1303 49 21 par-

59 1325 90 23 ticulars
158 1326 46 21 and
212 1329 74 23 terms,
297 1324 66 28 apply
375 1329 22 16 to

362 1358 95 22 Robert
471 1357 28 22 R.
515 1357 99 22 Strang.

87 1386 88 27 August
183 1387 20 25 4,
216 1387 59 20 1842.

61 1430 85 21 Town
169 1431 55 20 and
247 1430 122 26 Country
389 1430 76 20 Land
486 1430 28 20 to
536 1430 50 20 Let
606 1434 35 15 on

247 1457 79 27 Long
346 1459 108 18 Leases.

60 1490 97 50 NOS.
175 1491 26 21 of
216 1491 36 21 the
271 1494 59 18 town
351 1498 61 14 acres
431 1498 28 14 on
476 1489 37 23 the
533 1491 109 26 Surveyor

257 1517 117 22 General's
384 1517 64 27 Plan,

167 1545 41 21 224
332 1545 42 21 510
494 1545 40 21 263

61 1570 43 22 For
113 1569 136 28 particulars,
261 1570 66 28 apply
337 1574 22 17 to

221 1604 122 26 Wallace,
355 1603 93 27 White,
459 1604 45 21 and
518 1603 122 22 Wallace.

87 1637 56 28 May
151 1639 33 24 31,
196 1639 61 21 1842.

61 1682 66 49 TO
146 1682 38 22 BE
205 1682 85 25 SOLD,
305 1682 23 21 in
344 1682 43 22 lots
401 1686 23 17 to
444 1682 43 21 suit
504 1682 135 27 purchasers,

125 1709 37 21 the
177 1709 70 22 whole
264 1710 26 21 of
301 1712 58 19 town
376 1717 50 14 acre
442 1709 43 22 No.
497 1711 45 24 131,
560 1715 26 15 on
603 1708 37 21 the

58 1735 52 27 plan
122 1736 24 21 of
149 1735 37 22 the
191 1736 65 21 Town
264 1736 25 21 of
293 1735 142 28 Wellington,
442 1736 82 26 having
529 1736 112 27 frontages

59 1765 22 18 to
90 1762 188 22 Taranaki-street
289 1762 45 22 and
344 1763 192 27 Ingestrie-street.
565 1764 76 21 Terms

57 1787 84 24 liberal.
170 1789 74 28 Apply
254 1792 22 18 to

393 1816 36 23 W.
440 1816 28 22 V.
480 1816 106 28 Brewer,

450 1844 189 24 Manners-street.

86 1870 100 26 J:ael7,
199 1872 58 20 1842.

59 1914 169 28 Wellington
249 1916 54 20 and
322 1915 182 28 Wanganui—
504 1917 91 21 Lands
610 1918 28 20 to

295 1943 34 19 be
344 1943 57 20 Let.

57 1974 121 22 fTIOWN
204 1975 209 22 ALLOTMENTS
428 1976 31 24 tin
484 1976 28 21 all
535 1980 60 24 parts
618 1977 22 21 of

66 1997 28 26 X.
132 2001 134 27 Wellington
285 2002 44 21 and
341 2002 130 27 Wanganui,
483 2002 44 21 and
543 2004 97 26 Country

57 2027 97 21 Sections
169 2027 23 22 in
208 2028 53 21 both
277 2027 103 27 districts,
397 2032 23 17 to
435 2028 26 21 be
476 2028 31 22 let
516 2036 28 14 on
562 2029 76 22 leases.

59 2053 42 22 For
110 2053 62 28 plans
182 2055 45 20 and
236 2055 138 27 particulars,
386 2055 65 27 apply
462 2059 20 17 to

388 2088 85 22 Henry
490 2090 35 21 St.
543 2089 68 22 Hill.

86 2113 54 28 July
149 2115 90 24 1,1842.
376 2136 1 2 .

222 2160 89 21 Beach
329 2161 144 26 Frontage.

56 2193 68 48 TO
139 2193 38 22 BE
193 2193 64 25 LET,
273 2193 70 22 beach
353 2193 101 25 frontage
469 2194 42 21 lots
521 2194 22 21 in
555 2197 83 19 section

106 2240 2 2 .
130 2221 41 20 490
181 2227 29 14 on
226 2220 37 21 the
275 2219 54 22 Plan
341 2220 26 21 of
374 2219 37 22 the
421 2220 66 22 Town
503 2221 24 20 of
535 2221 105 25 Welling-

56 2249 47 23 ton,
114 2246 114 27 adjoining
238 2246 42 21 Mr.
289 2246 89 22 Taine's
386 2250 67 22 store;
469 2247 43 21 and
522 2247 22 22 in
556 2248 82 22 section

57 2274 46 25 616,
113 2272 98 23 between
221 2273 73 27 Major
303 2273 92 22 Baker's
404 2274 43 21 and
457 2274 42 21 Mr.
508 2274 132 23 Svvainson's

57 2298 87 23 houses.

84 2326 55 22 Also
149 2325 37 22 the
195 2326 113 27 following
317 2326 97 23 sections
424 2334 27 15 on
463 2326 36 23 the
507 2328 55 22 Plan
570 2329 26 21 of
602 2328 37 22 the

57 2352 77 28 Town,
144 2352 76 22 viz:—
560 2352 4 9 '

159 2380 27 20 55
322 2381 41 20 319
511 2382 40 21 922

146 2407 42 20 240
323 2407 41 22 718
498 2409 53 20 1079

84 2432 74 28 Apply
173 2436 23 19 to

233 2459 25 22 E.
275 2459 21 22 J.
312 2459 149 28 Wakefield,
477 2468 25 15 or

230 2486 35 20 W.
282 2486 28 22 V.
326 2486 107 26 Brewer,
449 2488 189 22 Manners-street.

270 2531 40 21 To
325 2531 33 21 be
374 2532 57 24 Let,

59 2563 173 50 SUITABLE
244 2564 58 28 plots
320 2564 25 22 of
357 2565 85 26 ground
454 2566 31 21 for
496 2566 105 28 Building
611 2575 27 14 on

122 2590 134 27 Wellington
276 2592 100 26 Terrace,
398 2592 74 21 within
487 2599 40 15 one
541 2594 96 22 minutes

57 2617 57 21 walk
120 2617 25 21 of
152 2617 37 22 the
197 2618 81 22 Beach.
306 2618 56 22 Also
369 2626 10 13 a
387 2618 56 27 good
451 2627 187 16 wooden-house.

59 2643 43 22 For
111 2648 74 23 terms,
198 2644 63 28 apply
273 2649 20 17 to
310 2645 45 22 Mr.
365 2646 104 21 Brandon
481 2653 23 14 or
516 2646 44 23 Mr.
572 2647 66 23 Park.

86 2677 128 22 November
223 2679 31 25 I],
268 2679 59 21 J842.

277 2724 54 20 For
345 2724 70 25 Sale,

59 2756 51 47 A
123 2756 58 26 good
200 2756 132 21 substantial
351 2756 49 22 well
423 2757 57 21 built
503 2757 68 23 house
595 2759 44 22 and

137 2782 111 27 premises,
274 2782 53 22 with
351 2790 13 14 a
390 2783 123 23 Publican's
543 2785 97 23 General

59 2808 92 22 License
168 2809 109 27 attached,
296 2809 24 22 in
341 2817 13 14 a
374 2811 155 27 commanding
546 2813 42 21 and
607 2813 33 22 in-

59 2835 99 26 creasing
183 2835 181 27 neighbourhood
386 2836 24 22 in
437 2837 139 28 Wellington,
597 2841 43 21 and

59 2861 49 21 well
118 2862 85 27 worthy
217 2862 37 21 the
272 2863 107 21 attention
395 2864 26 20 of
436 2865 61 21 small
513 2865 125 28 c.ipitalisis.

59 2887 47 22 The
120 2891 69 19 terms
203 2889 120 27 moderate,
343 2890 45 21 and
408 2898 50 20 may
473 2891 28 22 be
515 2891 81 23 known
613 2894 27 27 by

58 2914 105 28 applying
173 2919 23 18 to

219 2942 22 22 J.
256 2943 130 27 Zillwood,
397 2944 216 24 Wiltshire-Tavern.

85 2967 142 24 Hawkstone-
233 2972 73 23 sheet,
318 2970 88 27 August
416 2972 31 24 19,
459 2973 58 20 1542.

93 3015 1 2 '
113 3008 2 3 '
191 3010 4 3 '
205 3012 38 20 To
257 3012 34 20 be
307 3013 65 20 Sold
393 3018 30 15 or
437 3014 55 20 Let.

58 3041 10 14 r
75 3041 76 34 |HvO
163 3041 99 22 Wooden
275 3042 94 27 Houses,
381 3050 28 15 on
418 3043 222 31 theTinakore-road,

69 3065 25 23 JL
136 3067 37 25 the
193 3069 82 21 second
292 3076 51 14 acre
363 3070 56 21 from
440 3071 91 27 Captain
549 3072 93 24 Smith's

104 3094 128 27 containing
245 3094 50 22 four
304 3102 74 16 rooms
388 3097 44 21 and
447 3105 13 14 a
473 3105 101 21 passage,,
586 3102 54 21 each

59 3120 53 22 with
130 3121 51 22 zinc
198 3121 66 25 roofs,
289 3122 45 22 and
359 3123 21 21 in
405 3131 65 20 every
488 3131 87 21 respect
593 3128 47 22 well

58 3146 102 32 finished.
188 3147 105 22 Terms—
294 3148 24 22 lf
325 3149 54 26 sold,
391 3150 59 22 £150
461 3151 33 22 for
501 3153 52 21 each
560 3153 80 24 house-

58 3173 21 21 if
89 3173 38 28 let,
137 3174 32 22 £1
182 3181 39 20 per
230 3175 60 21 week
300 3176 36 22 for
344 3176 55 22 each
409 3177 76 23 house.
512 3179 73 28 Apply
597 3184 22 19 to

70 3233 19 4 _
90 3234 9 6 T
111 3233 23 7 .
197 3231 2 2 .
222 3226 1 1 •
447 3212 74 22 James
536 3213 78 24 Watt.

70 3233 144 27 Wellington,
223 3234 58 22 Nov.
290 3235 35 25 27,
334 3238 60 21 1841.

284 3279 54 21 For
353 3281 69 24 Sale,

61 3311 90 36 rpHE
167 3312 143 23 COTTAGE
326 3313 93 24 situated
430 3316 21 22 in
469 3318 98 22 Oriental
584 3321 56 26 Bay.

134 3339 45 20 ami
193 3339 68 27 lately
271 3340 105 27 occupied
391 3342 29 27 by
431 3344 36 21 the
485 3345 156 29 undersigned.

59 3367 22 20 A
95 3369 53 22 long
165 3367 59 20 lease
242 3367 27 20 of
284 3367 38 20 the
337 3368 83 22 section
435 3377 57 20 upon
511 3373 72 22 which
603 3375 37 21 the

59 3391 70 22 house
138 3391 75 22 stands
224 3392 42 21 will
276 3392 28 21 be
313 3395 103 24 granted.

86 3418 69 21 Town
164 3418 55 21 land
228 3419 43 21 will
280 3419 28 22 be
318 3419 66 22 taken
395 3422 22 21 in
428 3423 119 29 exchange.

88 3445 43 22 For
139 3444 84 22 further
230 3446 136 27 particulars,
378 3448 64 27 apply
453 3453 22 18 to

380 3479 95 23 George
490 3481 87 28 Duppa,
592 3492 25 14 or

66 3528 7 4 
380 3505 34 21 W.
431 3506 30 22 V,
474 3507 99 25 Brewer

247 3547 94 21 House
356 3550 29 19 to
397 3550 57 22 Let.

61 3580 51 48 A
132 3580 87 22 GOOD
237 3580 132 23 substantial
388 3582 74 28 house,
484 3586 50 21 with
553 3587 90 23 kitchen

139 3607 44 22 and
194 3606 135 27 out-houses,
342 3612 21 17 to
374 3608 31 23 let
413 3609 22 22 in
447 3611 196 25 Manner'srsireet.

62 3633 44 20 For
114 3634 135 25 particulars,
261 3634 66 27 apply
339 3639 21 16 to
374 3636 42 21 Mr.
428 3636 118 24 Brewer's
566 3641 69 22 Office

87 3678 18 17 -'
123 3693 1 2 .
155 3688 1 1 •
309 3677 91 22 Seeds.

54 3707 167 23 ..A;LWAYS
240 3709 111 25 READY
367 3714 22 18 to
407 3713 106 26 purchase
534 3715 68 22 Seeds
621 3717 26 21 of

62 3735 51 19 Jlx.
140 3735 30 21 all
181 3735 150 32 deserxpjions,
340 3744 77 20 grown
428 3739 21 21 in
461 3739 104 28 England
574 3750 23 14 or
607 3744 37 21 the

61 3761 101 21 Colonies
170 3764 64 19 -.bvic
238 3761 16 22 S
261 3764 92 22 marked
367 3765 130 27 preference
506 3768 45 21 will
563 3769 82 22 always

47 3796 2 4 ■
62 3791 28 17 be
99 3793 66 20 given
173 3787 36 22 for
216 3788 43 22 lots
268 3790 26 21 of
300 3791 53 22 seed
368 3791 112 28 produced
489 3794 23 21 in
522 3794 37 23 the
567 3796 77 23 settle-

51 3818 72 16 .ment
132 3820 25 15 or
162 3813 61 23 iNe«r
228 3814 109 26 Zealand.
623 3820 1 18 :

48 3863 2 3 .
80 3863 2 3 .
90 3845 138 39 VGazette^
238 3847 78 27 Office,
328 3848 60 25 Nov.
399 3852 34 26 19,,
444 3852 60 22 1842,
640 3845 4 8 l

55 3882 60 53 O'
112 3888 23 23 V
145 3881 39 46 'J&
184 3890 23 22 L
207 3890 34 40 \
248 3894 27 34 *!,
280 3890 25 24 th
306 3890 21 40 )i
337 3893 56 34 °%c»%
390 3902 13 15 e
403 3911 6 11 »
419 3895 45 23 Ur
464 3897 23 22 n*
498 3898 56 23 Bim
568 3900 76 24 Books

162 3916 94 23 GuMlte
290 3918 72 29 offioa,
374 3920 54 24 Deo,
438 3923 20 21 4.
620 3933 3 4 ■

677 122 89 22 'TIHE
788 123 79 20 Nelson
889 123 117 19 Examiner
1029 122 42 20 and
1091 122 54 20 New
1166 121 90 23 Zealanlt

684 144 26 26 X.
748 149 110 21 Chronicle
873 148 125 28 (published
1008 151 23 18 at
1040 147 101 27 Nelson,)
1158 148 18 22 is
1194 156 62 20 regu-

675 175 55 27 larly
749 176 138 21 transmitted
905 179 21 17 to
943 174 142 28 Wellington,
1106 174 43 22 and
1165 182 52 20 may
1232 176 24 21 be

675 202 41 22 had
728 205 23 19 at
760 202 37 22 the
807 202 63 21 oth'ce
880 201 25 22 of
916 202 43 21 this
968 209 74 20 paper.

701 225 47 25 The
759 230 81 19 Nelson
845 230 115 19 Examiner
975 228 44 21 will
1030 228 26 21 be
1066 227 70 22 found
1146 234 28 15 an
1185 228 71 22 excel-

675 255 46 22 lent
729 256 98 22 medium
839 256 33 21 for
882 255 138 22 advertisers.

700 282 77 22 Terms
788 282 34 22 for
831 282 37 22 the
878 289 72 21 paper,
963 285 35 18 ten
1007 280 101 28 shillings
1121 287 39 20 per
1169 284 87 24 quarter

673 309 93 27 payable
775 309 23 22 in
809 308 107 22 advance.

700 336 82 21 Orders
805 335 34 21 for
858 336 37 20 the
918 341 68 21 paper
1007 334 45 21 and
1075 332 181 23 adveitisements

674 361 100 22 received
785 364 22 18 at
818 362 36 20 the
865 361 69 21 Office
946 361 25 20 of
984 360 43 21 this
1037 367 73 19 paper.

909 407 39 19 To
963 407 59 22 Let,

677 440 85 49 FOR
776 440 54 21 such
842 447 12 14 a
865 443 53 18 term
929 440 27 21 of
961 446 64 21 years
1035 445 23 15 as
1075 445 52 18 may
1136 438 28 21 be
1177 438 79 26 agreed

746 473 35 18 on,
793 468 33 21 six
837 473 61 15 acres
914 466 66 26 along
997 466 38 23 the
1045 464 45 23 Kai
1106 464 149 29 Warra-road,

673 500 28 15 on
711 494 87 23 Section
809 495 42 21 No.
861 495 21 24 4,
897 493 23 22 in
936 501 43 16 one
996 499 25 16 or
1039 499 59 15 more
1115 494 49 21 lots.
1197 494 14 19 A
1218 493 36 26 Iso,

672 522 87 21 wanted
778 529 20 13 a.
811 524 123 19 contractor
951 521 36 21 for
1005 519 107 30 building^
1124 528 14 13 a
1152 520 104 22 weather-

673 547 96 23 boarded
784 548 75 26 house,
878 546 52 23 with
948 548 62 21 brick
1030 544 116 31 chimnies,
1161 554 29 15 on
1210 548 46 21 said

672 575 92 22 section.
794 575 75 27 Apply
879 578 22 18 to

863 607 47 20 Mr.
925 606 153 25 Macdonald,
1090 605 45 23 Kai
1145 606 84 22 Warra.

699 632 44 21 Kai
754 631 85 25 Warra,
851 632 54 27 July
917 634 18 24 8,
950 635 58 19 1842.

672 677 121 26 Country
807 677 124 21 Sections
951 678 42 20 for
1012 678 60 20 Sale
1094 684 37 14 on
1149 678 105 21 Liberal

916 705 102 20 Terms.

673 734 164 49 SEVERAL
871 736 101 21 Sections
999 736 26 21 of
1058 736 98 28 Country
1185 736 69 27 Land,

736 761 90 28 already
837 762 80 21 chosen
927 762 23 22 in
961 762 38 22 the
1015 763 90 22 Porirua
1120 763 91 27 district,
1223 764 32 21 for

673 788 57 27 Sale,
741 795 75 15 terms
825 796 105 15 liberal.
959 790 76 27 Apply
1045 793 22 18 to

767 822 23 21 F.
807 822 28 22 A.
851 822 170 24 Molesworth,
1038 822 183 28 Murphy-street,
1231 830 23 15 or

768 848 33 21 W.
818 849 27 21 V.
862 849 104 26 Brewer,
979 849 192 21 Manners-street.

794 899 39 21 To
849 899 85 21 Cover
949 899 55 21 this
1024 899 109 21 Season.

673 932 42 22 T>
724 932 232 23 IDDLRSWORTH
967 932 28 27 by
1006 932 100 27 Emilius,
1121 936 39 18 out
1169 934 26 21 of
1202 934 53 21 Bee-

673 954 51 27 XV
750 959 148 22 in-a-Bonnet
907 959 28 27 by
943 955 125 30 Blacklock,
1078 964 39 17 out
1125 960 25 21 of
1156 960 96 27 Maniac,

672 986 41 21 &p.
724 986 39 21 &c.

698 1011 46 22 Ten
757 1012 91 25 guineas
858 1019 12 14 a
880 1019 68 20 mare,
960 1012 43 21 five
1014 1012 99 27 shillings
1124 1013 36 22 the
1171 1021 82 19 groom.

698 1038 163 22 Riddlesworth
870 1039 18 21 is
899 1046 12 14 a
921 1039 55 21 dark
986 1039 82 26 brown,
1078 1042 24 19 16
1112 1040 71 21 hand*
1193 1040 59 27 hiirh,

672 1064 51 22 with
733 1071 61 20 great
805 1073 72 20 power
886 1065 45 22 and
941 1065 80 28 beauty
1030 1073 5 19 ;
1054 1073 42 14 was
1106 1066 53 23 bred
1171 1068 28 26 by
1210 1067 42 23 Mr.

671 1091 115 22 Thoruhill
797 1093 22 20 in
831 1093 60 21 1837.

699 1118 92 22 Emilius
815 1122 39 23 got
873 1119 80 24 Priam,
972 1119 98 27 Plenipo,
1090 1120 102 28 Oxygen,
1211 1121 43 22 and

672 1145 92 26 Mango.
793 1145 44 22 His
852 1153 51 14 sons
921 1146 43 21 and
980 1146 123 26 grandsons
1120 1146 58 23 have
1197 1155 55 19 won,

672 1171 78 28 during
761 1172 36 21 the
806 1171 41 22 last
859 1173 47 20 four
915 1179 71 20 years,
997 1173 102 26 .€66,330.

698 1198 161 22 Riddlesworth
868 1200 17 20 is
892 1206 49 14 now
948 1206 27 14 on
981 1199 35 21 his
1028 1206 44 20 way
1080 1200 56 21 from
1146 1200 106 27 England,

671 1224 68 28 being
748 1225 95 27 brought
852 1230 39 16 out
901 1226 28 26 by
940 1225 45 22 Mr.
997 1226 71 27 Petre,
1076 1226 45 22 ami
1131 1227 45 22 will
1185 1230 69 20 arrive

672 1251 59 27 early
743 1253 21 20 in
776 1252 37 21 the
824 1259 86 14 season.

698 1278 47 22 The
763 1280 52 20 New
835 1280 100 25 Sporting
955 1280 115 26 Magazine,
1092 1280 25 21 of
1133 1280 119 28 February,

672 1306 59 24 1842,
749 1306 43 21 will
811 1306 104 22 convince
934 1313 45 21 any
994 1313 43 15 one
1053 1306 25 21 of
1094 1307 38 22 the
1148 1307 70 22 worth
1232 1309 24 21 of

671 1331 113 22 Emilius's
793 1333 70 21 stock.

726 1384 38 20 To
781 1385 82 20 stand
878 1387 29 18 to
922 1390 82 16 cover
1023 1385 54 21 this
1091 1392 108 19 season,

830 1420 30 19 At
870 1420 141 25 Berhampore
1021 1421 70 25 Faim,

673 1444 90 24 rpHE
790 1445 50 22 well
867 1446 79 22 known
976 1446 106 28 thorough
1107 1447 55 21 bred
1190 1447 64 22 horse

678 1468 30 25 JL
726 1471 105 27 -Figaro,
844 1472 36 21 the
891 1477 103 23 property
1004 1474 26 20 of
1036 1474 77 22 James
1124 1474 66 26 Watt,
1201 1475 50 27 Esq.

697 1502 81 27 Figaro
787 1510 44 14 was
841 1503 73 23 foaled
924 1505 22 21 in
958 1505 131 26 December,
1105 1507 60 22 1837,
1176 1512 38 21 got
1225 1507 28 27 by

672 1529 114 27 Operator,
799 1529 50 23 dam
864 1531 107 21 Adelaide
980 1531 31 26 by
1020 1532 102 22 Teorum.

698 1556 106 27 Oppratoi
818 1564 44 14 was
872 1558 73 21 foaled
955 1558 23 21 in
994 1555 23 28 is
1017 1555 35 28 32,
1063 1564 40 21 got
1113 1559 29 27 by
1152 1559 100 27 Emilius,

672 1582 50 22 dam
732 1583 123 22 Worthless
865 1585 29 26 by
906 1585 96 27 Walton,
1014 1589 38 18 out
1060 1586 25 21 of
1094 1586 120 22 Altisidora
1225 1588 29 26 by

671 1609 58 21 Dick
741 1610 115 22 Andrews.

699 1641 72 27 Every
779 1642 106 21 attention
896 1642 45 22 will
954 1643 29 22 be
998 1644 52 27 paid
1060 1647 21 18 to
1091 1651 72 14 mares
1173 1648 49 19 sent
1231 1649 22 17 to

671 1667 53 22 him.

698 1694 104 27 Charges,
829 1695 51 22 with
903 1700 127 23 guarantee,
1056 1705 67 14 seven
1139 1691 99 33 guineas
1246 1707 6 19 ;

672 1720 90 23 without
778 1727 127 22 guarantee,
924 1723 43 22 five
983 1724 99 27 guineas,
1092 1731 119 21 groomage
1220 1726 31 21 in-

671 1748 86 22 cluded.

696 1782 143 27 Wellington,
851 1784 97 22 October
957 1786 33 25 25,
1004 1787 57 20 1832.
1249 1800 7 14 v

853 1837 114 19 Gazette
982 1835 88 23 Office.

670 1869 197 22 STATIONERY
883 1870 194 23 WHOLESALE
1092 1872 21 21 &
1129 1872 123 23 RETAIL.

669 1903 86 48 WE
779 1903 44 28 beg
845 1907 21 18 to
891 1911 115 15 announce
1025 1905 36 21 the
1083 1906 88 27 arrival,
1196 1907 56 21 from

764 1930 109 27 England,
885 1931 26 21 of
918 1931 37 21 the
972 1931 47 21 first
1028 1937 47 21 part
1085 1932 26 21 of
1121 1940 39 14 our
1176 1938 77 17 exten-

669 1956 45 22 sive
724 1957 75 21 orders
807 1957 23 21 in
842 1958 43 21 this
894 1958 142 27 department
1045 1959 25 21 <-f
1078 1959 106 23 business.
1207 1961 47 21 Our

669 1983 63 23 stock
741 1983 89 27 already
840 1985 92 22 consists
947 1985 25 21 of
985 1992 66 24 every
1059 1986 77 22 article
1152 1987 100 26 required

668 2011 35 19 for
717 2010 97 26 Schools,
830 2010 81 27 Banks,
929 2011 85 25 Courts,
1032 2011 53 21 Law
1102 2011 87 25 Oliices,
1208 2013 44 21 and

670 2035 87 27 Artists,
769 2037 39 21 &c.
818 2044 5 19 ;
840 2037 71 21 whilst
922 2037 35 22 the
974 2039 137 19 ornamental
1123 2038 42 22 and
1183 2039 69 21 draw-

668 2065 37 23 ing
718 2070 61 14 room
797 2063 118 27 stationery
934 2063 38 22 has
987 2068 39 16 not
1040 2065 56 21 been
1112 2065 139 22 overlooked.

668 2089 47 23 The
726 2089 125 23 difficulties
862 2090 114 27 attending
985 2090 38 21 the
1033 2091 46 21 first
1087 2091 167 23 establishment

668 2117 80 26 having
758 2118 57 20 been
831 2124 122 19 overcome,
965 2117 44 21 aud
1020 2124 65 21 every
1101 2119 80 21 arrival
1197 2119 54 22 from

669 2143 102 27 England
791 2143 82 26 adding
890 2144 57 21 fresh
965 2143 109 23 additions
1089 2149 23 17 to
1127 2152 40 15 our
1181 2146 69 26 stock,

669 2171 42 21 will
730 2170 76 22 enable
823 2178 25 13 us
857 2174 23 17 to
896 2171 80 21 reduce
994 2178 39 14 our
1048 2171 92 28 charges
1150 2180 29 14 on
1195 2178 57 17 most

668 2198 87 22 articles
764 2202 24 16 at
797 2197 55 21 least
861 2199 27 19 50
896 2204 39 20 per
945 2203 58 16 cent.

696 2225 153 26 Storekeepers
868 2224 40 21 and
931 2223 115 23 wholesale
1065 2224 85 23 dealers
1169 2233 40 15 can
1224 2227 28 21 be

668 2251 100 28 supplied
784 2255 21 16 to
822 2258 43 19 any
875 2255 83 20 extent,
977 2251 42 21 and
1037 2259 26 13 on
1082 2257 67 17 terms
1165 2254 86 27 equally

668 2279 163 24 advantageous
842 2281 22 17 to
874 2284 43 21 any
925 2277 105 23 obtained
1040 2278 21 22 in
1073 2279 96 28 Sydney,

696 2304 94 27 Writing
798 2311 73 20 papei,

696 2330 112 29 Imperial,

696 2357 78 29 Royal,

696 2385 113 26 Foolscap,
821 2385 87 22 various
917 2385 108 28 qualities,

696 2412 70 26 Large
776 2411 59 21 thick
845 2415 55 29 post,
912 2420 62 14 wove
983 2415 45 20 and
1038 2413 53 27 laid,

695 2439 56 21 Thin
762 2442 56 23 post,
828 2437 63 26 ditto,

696 2465 54 22 Fine
760 2465 53 21 bath
824 2470 55 21 post,
891 2465 46 27 gilt.

694 2491 90 23 Double
799 2491 110 27 elephant,
926 2493 148 28 antiquarian,
1089 2494 107 29 imperial,
1207 2496 44 22 and

668 2519 61 26 royal
741 2519 97 26 drawing
846 2526 74 21 paper,

697 2546 89 27 Oblong
796 2545 89 26 clasped
896 2547 165 21 memorandum
1074 2548 75 27 books,

696 2573 83 21 French
791 2572 84 27 tracing
884 2580 74 19 paper,

696 2599 88 23 Ladies'
793 2599 43 22 and
847 2599 147 27 gentlemen's
1004 2600 51 22 card
1065 2608 68 19 cases,

696 2626 62 22 Ditto
796 2648 2 3 .
828 2625 35 22 do.
919 2627 71 21 tinted
1001 2627 44 21 and
1056 2628 116 23 embossed
1179 2630 71 27 cards,

695 2654 95 26 Sponge,
801 2651 77 23 wafers
888 2653 20 21 in
919 2655 13 19 2
942 2660 34 14 oz.
987 2654 74 25 boxes,

696 2680 68 22 Bluck
781 2680 54 27 edge
855 2680 44 21 and
918 2679 115 29 bordered,
1053 2681 66 23 letter
1137 2683 44 21 and
1200 2688 52 18 note

668 2714 75 21 paper.

696 2733 90 22 Invoice
797 2733 74 27 books,
883 2733 50 21 with
946 2733 98 27 indexes,
1056 2735 87 22 various
1154 2737 62 28 sizes,

696 2759 57 23 Oash
760 2760 78 26 books,
847 2759 63 23 ruled
921 2760 88 27 double,
1021 2761 87 23 various
1117 2764 63 26 sizes,

696 2787 130 26 Envelopes,
968 2802 3 7 ,

696 2814 85 22 Pewter
788 2813 122 26 inkstands,

696 2841 80 26 Ebony
785 2840 121 27 inkstands,
917 2840 53 22 with
980 2841 101 28 drawers,

696 2867 72 22 Broad
781 2867 42 21 and
835 2874 82 14 narrow
928 2875 67 19 green
1005 2869 40 21 silk
1058 2869 86 28 ribbon,

697 2895 64 21 Brief
769 2893 43 22 and
823 2893 56 23 deed
889 2901 74 20 paper,

696 2921 73 21 Ruled
779 2928 67 20 paper
857 2921 32 21 for
899 2921 39 21 bill
949 2921 74 25 heads,

697 2947 70 27 Royal
786 2947 65 26 hand,
865 2947 80 22 double
963 2947 60 23 hand
1038 2949 84 28 brown,
1139 2951 46 22 and
1192 2954 61 26 royal

670 2975 73 21 brown
755 2974 113 27 wrapping
877 2982 74 20 paper,

697 3000 98 27 Ledgers
805 3001 43 21 and
859 3006 95 16 account
964 3001 75 26 books,
1051 3003 87 22 various
1149 3004 61 28 sizes,

697 3027 82 21 Pocket
788 3027 87 26 ledgers
885 3027 42 22 and
938 3029 168 22 memorandum
1117 3031 76 27 books,

697 3053 119 26 Engraved
826 3061 55 20 copy
889 3055 52 26 slips
951 3055 46 21 and
1008 3055 74 27 hooks,

699 3081 51 21 Best
759 3079 78 23 Welch
847 3076 66 26 slati*
931 3082 61 26 large
999 3082 43 22 and
1051 3083 73 28 small,

697 3107 74 21 Blank
781 3106 69 22 music
861 3107 56 22 bo.ik

697 3134 104 26 Message
811 3133 70 26 cards,

697 3160 110 22 Coloured
819 3168 78 20 papers

698 3187 70 26 Sugar
778 3194 85 20 papers,

699 3213 59 22 Note
769 3221 84 20 papers,

697 3241 93 26 Playing
800 3240 70 27 cards,
881 3242 105 22 coloured
995 3243 43 22 and
1044 3243 54 28 gold
1106 3245 75 29 backs,

698 3268 60 26 Copy
769 3267 75 27 books,
898 3289 1 3 .
1075 3278 2 3 ■

698 3293 69 23 Black
778 3294 48 22 lead
835 3294 90 27 pencils,

699 3321 64 21 India
772 3321 87 26 rubber,
873 3321 68 22 bottle
951 3323 44 21 and
1009 3326 84 25 patent,

698 3347 67 28 Ivory
776 3347 80 22 folders
866 3348 45 21 and
922 3349 84 28 knives,

698 3374 46 22 Pen
757 3373 83 26 knives,

697 3400 87 24 Rulers,
795 3401 82 26 pocket
885 3401 77 27 books,

699 3427 72 22 Blank
781 3427 50 21 bills
841 3427 25 21 of
874 3428 123 29 exchange,

699 3454 76 22 Letter
783 3453 45 22 and
838 3454 38 21 bill
889 3455 55 26 files,

699 3480 42 22 Ink
751 3480 44 22 and
803 3480 39 22 ink
852 3481 105 27 powders,

697 3506 77 22 Bibles
783 3507 42 21 and
837 3511 134 23 testaments,

698 3533 99 27 Spelling
806 3533 74 27 books,
891 3535 94 28 various,

699 3559 101 28 Primers,

699 3586 124 22 Children's
833 3586 69 23 books
913 3587 21 22 in
945 3592 62 23 great
1016 3591 92 28 variety,

699 3613 73 21 Blank
783 3613 168 24 Custom-house
967 3616 73 27 forms,
1058 3618 36 21 for
1110 3620 137 25 auctioneers

672 3639 46 22 and
727 3639 28 21 all
766 3639 37 22 the
819 3640 63 22 other
892 3642 170 23 Custom-house
1072 3645 68 22 forms
1150 3646 33 23 for
1193 3649 60 22 Mer-

672 3666 85 21 chants.
902 3685 4 2 .

666 3714 2 3 .
700 3693 112 24 Seatnen's
821 3693 99 23 advance
932 3697 70 20 notes.

699 3720 94 20 Seamen
798 3719 16 21 's
824 3720 86 22 articles
919 3721 27 21 of
951 3728 117 21 agreement.n
1073 3728 15 18 t.

701 3746 136 26 Log-books.

699 3772 150 26 Blank/writs,
1131 3787 3 3 •
1158 3786 6 6 ,

663 3806 18 9 •••
699 3798 146 22 Parchments
852 3798 36 23 for
914 3798 75 26 deeds.

668 3825 111 28 ...QuilJ?.
798 3847 3 2 .
831 3848 4 3 .
870 3846 3 4 .
916 3849 2 4 .
1000 3833 4 4 '
1029 3845 2 2 ■
1094 3823 54 34 ,:.',.
1252 3823 2 4 '

699 3852 59 23 Ever
767 3852 89 28 pointed
865 3853 73 27 pencU
947 3861 62 18 cases
1016 3855 24 24 in
1047 3859 100 28 superior
1156 3859 99 26 German

672 3878 79 24 Silver.
932 3897 3 4 .
951 3884 4 14 :
1072 3878 12 11 *
1091 3882 22 23 /•■
1202 3898 3 3 .
1235 3887 4 20 ;

665 3913 7 3 -
692 3905 98 23 -Lucifer
797 3905 75 23 boxes.
1015 3916 84 8 ..■..-.
1113 3904 48 24 ■_>..'/
1234 3903 5 26 ,'
1252 3918 2 4 ,

699 3932 77 25 Wafer
785 3935 89 26 •temps.

1289 120 66 49 TO
1376 120 39 23 BE
1430 120 86 27 SOLD,
1538 120 35 22 the
1592 120 102 23 valuable
1717 122 71 22 Lease
1813 121 26 22 of
1859 128 13 14 a

1362 147 65 22 Brick
1438 148 62 21 Stove
1507 147 41 22 and
1563 147 109 32 Dwelling
1684 148 83 26 House,
1775 148 96 22 situated

1287 174 22 21 in
1334 173 79 22 Willis-
1417 177 74 23 street,
1511 173 88 29 already
1621 175 68 26 doing
1707 182 28 14 an
1759 175 117 22 excellent-

1288 200 104 22 business.
1490 202 25 20 14
1529 207 70 20 years,
1609 200 53 23 held
1672 205 22 18 at
1704 208 13 14 a
1726 201 86 27 ground
1821 205 50 18 rent

1287 226 25 22 of
1312 227 42 23 j£B,
1362 233 39 21 per
1411 234 59 19 year.

1313 254 74 26 Apply
1396 258 22 17 to
1426 253 35 21 W.
1473 252 90 28 Waring
1572 253 89 27 Taylor,
1669 261 28 14 on
1708 254 37 21 the
1756 254 105 27 premises

1287 285 144 27 Wellington,
1444 285 125 23 November
1578 288 33 23 29,
1623 288 61 21 1842.

1385 338 41 20 To
1446 338 168 26 Proprietors
1631 339 30 21 of
1673 341 91 20 Stock.

1287 372 49 47 A
1361 371 195 22 GENTLEMAN
1578 372 46 22 who
1644 372 40 23 has
1704 373 57 22 been
1781 372 87 22 several

1365 405 62 19 years
1435 398 21 21 in
1468 397 78 27 charge
1557 399 26 21 of
1593 399 63 22 st«<ck
1667 400 22 21 in
1701 399 112 27 England,
1824 399 44 22 and

1288 424 46 22 who
1350 424 39 21 has
1399 424 57 22 been
1477 432 59 13 more
1557 424 52 23 than
1630 426 78 21 twelve
1728 426 96 21 months'
1845 426 22 21 in

1286 451 80 26 charge
1376 451 26 20 of
1419 458 41 14 one
1479 451 24 21 of
1522 452 35 21 the
1576 452 81 25 largest
1676 452 81 22 dairies
1772 453 22 21 in
1819 452 49 21 Port

1287 477 127 27 Nicholson,
1425 477 40 22 has
1477 477 133 23 determined
1621 483 22 18 to
1654 478 103 23 establish
1773 487 12 13 a
1801 479 67 27 sheep

1286 505 41 20 and
1338 504 66 21 cattle
1414 504 87 26 station,
1514 505 95 22 between
1624 505 138 22 Puriruaand
1771 505 97 27 Wanga-

1287 531 44 26 iiui,
1353 530 52 22 wiih
1420 531 36 21 the
1473 531 108 22 intention
1600 532 25 21 of
1642 532 77 26 taking
1736 532 68 27 sheep
1823 532 45 21 and

1286 558 66 20 cattle
1363 564 26 14 on
1401 557 81 26 shares,
1494 565 24 14 or
1525 558 121 27 otherwise,
1658 567 24 13 as
1689 566 51 19 may
1749 559 27 21 be
1785 559 83 26 agreed

1285 591 66 20 upon.
1380 584 46 21 The
1444 591 46 14 new
1503 585 69 21 North
1584 586 69 23 Road,
1666 593 48 14 now
1724 586 24 21 in
1759 592 106 21 progress,

1287 611 43 20 will
1340 610 49 27 give
1401 610 37 21 the
1450 616 55 15 most
1514 613 85 25 perfect
1609 612 82 27 facility
1709 612 25 21 of
1747 613 121 20 communi-

1286 638 73 25 cating
1369 637 28 27 by
1409 637 52 21 land
1472 638 50 21 with
1533 638 36 21 the
1585 638 90 27 grazing
1688 638 95 22 districts
1798 639 23 22 in
1832 640 35 20 the

1285 664 70 21 above
1378 663 111 22 indicated
1513 664 112 23 direction.
1673 666 43 21 For
1738 666 130 26 particulars

1286 690 64 27 apply
1359 696 20 16 to
1391 691 36 20 the
1440 691 85 21 Gazette
1534 691 70 23 office.

1311 722 128 21 November
1448 724 33 24 25,
1494 724 58 21 1812.

1285 771 93 48 JUST
1392 771 157 24 'RECEIVED
1560 779 22 16 at
1590 774 37 21 the
1636 774 69 21 Office
1712 774 25 21 of
1745 773 35 22 the
1814 775 53 21 New

1348 798 96 23 Zealand
1583 807 12 14 a
1607 800 40 21 few
1663 800 73 27 copies
1746 800 25 21 of
1779 800 37 23 the
1828 802 40 20 fol-

1286 825 79 26 lowing
1378 827 77 25 works,
1468 826 25 21 of
1501 827 42 21 last
1553 826 71 27 year's
1635 828 138 26 publication,
1785 828 45 22 and
1844 830 22 21 in

1284 851 111 22 excellent
1406 854 109 22 condition
1523 861 4 14 :
1533 865 23 4 —

1310 878 48 21 The
1373 880 97 23 Poetical
1487 880 77 22 Works
1581 880 25 21 of
1621 880 87 25 "<'ilton,
1722 880 51 22 wilh
1789 889 13 14 a
1821 890 46 14 me-

1285 906 62 25 moir,
1367 907 43 22 nnd
1433 915 65 14 seven
1524 907 188 22 embellishments
1735 908 30 26 by
1787 908 78 27 Fuseli,

1287 931 94 29 VVestal],
1407 934 43 21 and
1476 934 91 21 Martin.
1613 935 62 25 Also,
1700 941 27 14 an
1757 936 111 21 excellent

1285 958 89 23 portrait
1395 961 26 20 of
1437 961 87 25 Milion,
1546 961 112 27 engraved
1673 962 27 25 by
1716 961 22 22 J.
1759 962 106 27 Coehran,

1285 985 55 22 from
1351 992 13 14 a
1373 987 124 26 miniature,
1509 987 114 28 origin.illy
1635 988 21 21 in
1669 988 36 22 the
1713 990 119 24 possession
1845 991 22 20 of

1285 1012 74 23 Oliver
1367 1014 122 22 Cromwell.
1519 1014 8 21 I
1541 1015 43 22 vol.
1592 1017 55 22 B\o.,
1657 1015 75 22 bound
1743 1014 21 22 in
1772 1015 67 22 cloth.

1311 1039 49 23 Life
1376 1040 24 21 of
1418 1040 36 21 the
1473 1041 64 22 Duke
1555 1042 25 20 of
1595 1041 141 27 Wellington,
1758 1042 109 27 compiled

1284 1066 56 21 from
1365 1067 34 21 his
1423 1067 90 22 Grace's
1537 1068 143 26 Despatches,
1705 1067 116 28 published
1844 1070 23 21 in

1286 1094 57 25 1810,
1357 1094 28 26 by
1397 1094 87 27 George
1493 1096 78 25 Soane,
1583 1095 56 21 A.B.
1668 1097 13 20 2
1692 1095 53 22 vols.
1755 1095 59 22 cloth
1823 1096 43 21 and

1286 1120 96 21 lettered.

1310 1146 47 23 The
1368 1147 61 27 Holy
1440 1148 69 26 Bible,
1520 1148 126 27 containing
1657 1148 36 21 the
1702 1148 45 22 Old
1757 1148 43 23 and
1813 1149 54 22 New

1283 1173 144 27 TestHments,
1453 1174 52 23 with
1529 1180 68 22 notes,
1618 1175 29 27 by
1672 1181 5 15 I
1682 1176 26 20 lie
1729 1175 54 22 Rev.
1806 1176 59 22 John

1286 1200 20 21 II
1317 1202 54 21 >bnrt
1386 1202 104 25 Caunter,
1508 1203 58 25 8.C.,
1581 1204 79 20 author
1674 1202 25 21 of
1707 1202 36 21 the

1284 1227 25 20 of
1319 1228 38 21 the
1543 1230 43 21 and
1596 1228 145 23 embellished
1752 1229 52 22 with
1817 1230 50 21 four

1284 1261 62 21 m.-ips
1360 1255 44 21 and
1419 1256 39 21 144
1473 1258 136 26 engravings,
1631 1257 56 20 from
1706 1256 112 27 paintings
1839 1257 28 29 by

1284 1280 90 23 Westall
1386 1282 44 21 and
1442 1282 89 26 Martin,
1543 1286 47 19 Svo.
1600 1282 67 23 cloth.

1310 1308 47 22 The
1369 1309 129 27 Beginner's
1509 1310 84 22 French
1610 1310 70 26 Book,
1693 1310 43 21 and
1750 1310 37 21 the
1798 1310 69 21 Scho-

1284 1333 51 23 lar's
1354 1335 85 22 French
1457 1336 67 26 Book,
1543 1337 26 26 by
1583 1337 59 21 Rene
1661 1337 74 25 Aliva,
1747 1336 79 23 author
1844 1338 26 21 of

1284 1361 36 22 the
1356 1363 163 27 Anti-Spelling

1310 1388 143 23 Mnntacttte:
1470 1397 23 14 or
1503 1397 12 14 a
1525 1390 55 21 New
1597 1390 66 21 horne
1664 1402 27 3 —
1693 1389 72 22 who'll
1778 1390 89 22 follow?

1284 1414 31 28 By
1328 1415 53 22 Mrs.
1395 1415 62 28 Mary
1462 1414 102 24 Cavers.
1592 1418 13 20 2
1613 1416 52 23 vols.
1677 1419 48 20 Bvo.

1310 1442 110 26 Scripture
1435 1443 133 28 Biography,
1583 1446 33 19 for
1628 1444 37 21 the
1681 1444 88 27 Young,
1781 1444 73 22 embel
1862 1456 4 5 •

1283 1467 70 24 lislied
1364 1469 50 21 with
1425 1470 77 26 plates.

1310 1495 110 28 Voyages,
1433 1496 145 27 Adventures,
1585 1497 55 21 'and
1656 1497 93 26 F.scapes
1765 1497 25 21 of
1803 1498 62 28 Capt.

1284 1521 95 24 Richard
1392 1523 113 25 Falconer,
1517 1524 82 21 written
1611 1524 29 26 by
1651 1523 95 25 himself,
1759 1526 8 19 1
1781 1525 42 21 vol.

1310 1548 95 23 Fisher's
1416 1550 103 21 Juvenile
1530 1552 66 26 Scrap
1607 1550 69 26 Book,
1687 1550 35 21 for
1733 1552 57 20 1842.

1310 1576 48 21 Life
1378 1576 45 21 and
1443 1577 69 25 Reign
1533 1577 25 20 of
1571 1576 96 22 William
1682 1576 37 22 the
1737 1577 88 27 Fourth,
1837 1578 29 26 by

1282 1601 37 22 the
1331 1604 54 20 Rev.
1398 1604 28 21 G.
1439 1604 27 20 N.
1478 1604 93 27 Wright,
1585 1604 69 25 M.A.,
1667 1606 12 19 2
1691 1604 52 21 vols.

1311 1630 48 21 Life
1367 1630 43 21 and
1423 1630 132 28 Campaigns
1566 1631 24 20 of
1603 1630 36 22 the
1651 1630 65 21 Duke
1726 1631 24 20 of
1760 1631 106 28 Welling-

1283 1660 43 21 ton,
1337 1657 28 27 by
1377 1656 37 21 the
1424 1665 60 14 same
1494 1657 93 22 Author.
1614 1659 15 20 4
1640 1658 53 20 vols.

1310 1679 48 26 Life
1373 1684 43 21 and
1432 1684 92 21 services
1543 1684 24 21 of
1583 1684 90 21 Horaiio
1688 1684 107 22 Viscount
1812 1685 54 22 Nel-

1282 1717 47 19 son,
1350 1712 54 20 from
1419 1710 34 23 his
1472 1710 114 28 lordship's
1607 1710 151 28 manuscripts,
1781 1712 28 26 by
1828 1713 37 20 the

1284 1737 54 21 Rev.
1349 1738 20 21 J.
1382 1738 22 21 S.
1416 1737 85 27 Clarke,
1512 1737 87 26 F.R.S.,
1611 1737 45 22 and
1666 1737 60 22 John
1737 1738 127 27 M'Arthur,

1283 1763 59 27 Esq.,
1353 1764 86 21 L.L.D.
1467 1766 13 19 3
1491 1764 53 21 vols.
1877 1767 1 20 j

1308 1790 48 22 The
1373 1790 80 26 Rhine,
1465 1790 64 27 Italy,
1541 1788 44 24 and
1603 1791 85 21 Greece
1698 1791 131 25 illustrated,
1842 1792 21 21 in

1281 1824 13 14 a
1305 1817 66 22 series
1382 1818 24 21 of
1414 1818 108 25 drawings
1541 1817 52 22 from
1611 1823 85 22 nature,
1710 1818 49 21 with
1777 1818 88 22 histori-

1282 1844 33 21 cal
1327 1844 42 21 and
1383 1844 118 27 legendary
1511 1844 149 28 descriptions.

1308 1870 156 28 Shakspeare's
1473 1871 113 22 Dramatic
1599 1871 85 27 Works,
1696 1871 51 22 with
1759 1870 78 28 plates.
1854 1874 9 20 1
1877 1878 1 17 i

1282 1897 44 20 V<|l.

1308 1924 143 21 Buchanan's
1461 1924 82 27 history
1554 1924 26 21 of
1586 1924 112 22 Scotland.
1729 1926 9 20 1
1750 1924 44 22 vol.

1309 1950 92 28 History
1413 1952 24 19 of
1450 1950 105 26 England,
1568 1955 21 16 to
1606 1952 36 20 the
1658 1950 66 23 death
1739 1953 25 20 of
1776 1952 87 26 George

1282 1976 37 21 the
1331 1978 93 25 Second,
1435 1978 28 27 by
1474 1978 74 21 Oliver
1559 1978 137 25 Goldsmith;
1712 1978 120 21 continued
1842 1984 21 15 to

1282 2003 37 20 tho
1329 2004 126 20 coronation
1466 2005 25 18 of
1505 2005 75 22 Queen
1593 2004 105 25 Victoria,
1715 2005 27 24 by
1755 2004 35 20 the
1807 2004 56 21 Rev.

1283 2029 27 20 G.
1325 2029 27 21 N.
1365 2029 95 27 Wright,
1471 2030 30 21 M-
1507 2031 26 19 A.

1308 2055 108 26 Wesley's
1440 2058 108 23 Sermons,
1567 2055 51 21 with
1638 2062 13 13 a
1670 2055 97 26 memoir,
1793 2056 28 26 by
1841 2056 22 21 S.

1281 2081 72 26 Drew,
1370 2082 62 21 M.A.

1310 2109 95 20 Memoir
1414 2109 26 20 of
1446 2109 55 20 Rev.
1512 2108 106 21 Rowland
1635 2108 53 25 Hill,
1700 2108 29 27 by
1740 2108 33 21 W.
1785 2108 76 27 Jones,

1282 2135 87 21 Author
1393 2136 26 20 of
1464 2135 165 27 Testamentary
1654 2134 113 27 Counsels,
1819 2136 45 21 2nd

1281 2161 89 22 edition.
1400 2163 7 19 1
1425 2161 40 22 vol.

1308 2189 24 20 M
1337 2189 91 26 agnail's
1439 2189 129 26 Questions;
1583 2188 100 27 pictorial
1695 2188 90 21 edition.

1308 2215 103 21 Barton's
1423 2215 80 27 Gospel
1512 2215 81 27 history
1604 2216 24 20 of
1635 2215 80 21 Chiist.
1743 2216 11 21 1
1764 2215 45 22 vol.

1307 2242 46 21 The
1364 2242 78 21 Easier
1454 2242 52 21 Gilt,
1520 2242 26 27 by
1558 2242 81 21 L.E.1..
1670 2243 9 20 1
1692 2241 42 22 vol.

1307 2269 47 21 The
1366 2269 99 21 Parents'
1477 2269 85 26 Friend,
1573 2270 26 25 by
1608 2269 60 21 John
1680 2269 106 26 Morison,
1795 2269 66 26 D.D.,

1280 2295 88 22 Author
1378 2297 24 20 of
1550 2300 21 16 to
1581 2303 12 13 a
1607 2295 176 27 newly-wedded

1308 2322 110 28 Scripture
1437 2322 89 27 History
1540 2322 34 21 for
1590 2322 84 21 Youth.
1703 2324 13 20 2
1733 2322 61 27 vols.,
1812 2322 52 22 with

1280 2355 63 21 maps
1353 2349 44 21 and
1409 2349 73 27 plates.

1308 2375 47 22 The
1378 2376 90 21 Women
1489 2375 23 22 of
1531 2375 105 26 England,
1658 2375 57 22 their
1734 2375 72 22 Social
1820 2376 43 22 and

1282 2402 113 22 Domestic
1409 2403 86 26 Duties,
1512 2402 28 27 by
1552 2403 54 21 Mrs.
1624 2402 53 21 Ellis
1685 2410 5 19 ;
1708 2403 49 21 15th
1773 2404 90 21 edition.

1282 2430 9 19 1
1305 2429 41 22 vol.

1308 2456 100 22 Summer
1423 2456 45 21 and
1476 2455 84 22 Winter
1576 2456 22 21 in
1614 2455 37 22 the
1663 2456 115 27 Pyrenees,
1790 2456 28 27 by
1826 2456 38 22 the

1279 2490 61 14 same
1350 2484 94 21 Author.
1475 2485 9 19 1
1496 2483 42 20 vol.

1308 2510 137 21 Goldsmiths
1456 2509 78 27 history
1545 2509 25 21 of
1578 2509 35 21 the
1624 2509 69 22 earth.
1722 2511 13 20 4
1747 2510 52 22 vols.

1307 2536 106 22 Burder's
1423 2536 85 27 Village
1519 2538 109 19 Sermons.
1658 2536 10 22 I
1682 2536 41 22 vol.

1308 2563 88 22 Wood's
1407 2564 128 26 Dictionary
1545 2563 26 20 of
1578 2563 36 20 the
1626 2563 69 22 Bible.
1724 2565 13 20 2
1748 2564 55 21 vols.'

1307 2590 92 22 Smith's
1410 2590 123 26 Mechanic,
1544 2591 13 20 2
1567 2590 53 21 vols.

1306 2617 47 22 The
1365 2617 61 22 Book
1437 2618 24 21 of
1475 2618 105 20 Common
1593 2617 87 27 Prayer,
1692 2617 128 22 illustrated.

1308 2644 143 21 Fleetwood's
1461 2643 38 22 life
1508 2644 25 20 of
1541 2643 77 22 Christ.

1308 2671 66 22 Fox's
1384 2670 110 22 Christum
1503 2670 160 28 Martyrology.

1307 2698 46 21 The
1366 2698 69 21 whole
1447 2698 51 26 duty
1509 2698 25 20 of
1542 2698 61 26 Man,
1619 2698 28 26 by
1658 2697 38 22 the
1707 2698 55 21 Rev.
1774 2697 90 22 Charles

1282 2725 100 24 Atmore,

1308 2751 129 22 Morrison's
1447 2750 86 28 Family
1543 2750 100 28 Prayers.

1309 2778 115 26 Bunyan's
1441 2778 111 26 Pilgrim's
1567 2778 109 27 Progress,
1693 2777 132 28 beautifully
1837 2778 16 21 il

1281 2805 113 22 lustrated.

1308 2831 111 22 Sermon's
1428 2832 29 25 by
1467 2831 59 21 Blair
1534 2831 44 21 and
1590 2831 134 21 Whitefield.

1311 2858 110 22 Buchnn's
1432 2858 111 21 Domestic
1555 2858 119 21 Medicine.

1308 2885 111 22 Walker's
1431 2885 150 26 Pronouncing
1593 2885 134 27 Dictionary.

1308 2912 136 22 Jamieson's
1450 2912 126 26 Dictionary
1584 2914 22 19 ot
1613 2912 139 21 Mechanical
1764 2912 99 26 Science,

1283 2941 58 23 Arts,
1355 2938 171 26 Manufactures,
1538 2938 38 22 &c.
1606 2941 12 19 2
1630 2940 61 24 vols.,
1701 2940 44 19 4to.

1311 2965 169 26 Encyclopaedia
1491 2965 123 22 Edinensis.
1642 2967 12 19 G
1667 2966 53 20 vols.

1310 2991 186 27 Drawing-Room
1508 2992 66 26 Scrap
1585 2991 61 22 Book
1656 2991 33 21 for
1701 2992 58 20 1842.

1312 3018 97 22 Mathew
1420 3018 71 22 Wald.

1311 3045 81 22 Close's
1402 3045 85 22 Family
1498 3044 87 27 Prayer.

1312 3072 69 26 Guy's
1390 3072 94 27 spelling
1493 3071 62 24 book,
1566 3072 47 24 &c,
1626 3071 39 21 &c.
1689 3071 39 22 &c.

1470 3123 67 20 Bees
1552 3122 41 21 for
1608 3123 69 20 Sale.

1286 3154 192 26 T7XPECTED
1493 3154 55 21 from
1560 3154 98 26 Sydney,
1672 3154 28 27 by
1712 3154 46 22 first
1774 3155 90 27 arrival,

1273 3201 2 2 .
1284 3176 47 29 JIJ
1360 3189 14 14 a
1388 3182 42 21 few
1449 3182 60 20 hives
1519 3181 25 20 of
1552 3181 61 27 bees;
1630 3181 75 22 orders
1719 3182 42 21 will
1778 3182 45 21 also
1839 3184 26 19 be

1284 3210 64 21 taken
1360 3208 35 22 for
1406 3208 36 21 the
1457 3208 139 26 importation
1607 3208 26 21 of
1646 3208 51 21 bees
1708 3213 21 16 to
1741 3209 37 20 the
1788 3213 77 18 extent

1286 3236 43 21 oftr
1334 3243 35 14 uin
1382 3239 80 22 twenty
1472 3241 21 14 to
1499 3235 67 26 thirty
1573 3234 69 22 hives.
1671 3234 44 22 For
1723 3236 67 26 price,
1798 3236 67 27 apply

1284 3267 22 18 at
1316 3262 36 22 the
1384 3262 95 21 Gazette
1510 3262 79 21 Office.

1312 3296 128 27 September
1449 3297 33 25 20,
1493 3296 66 20 1842.-

1262 3366 4 4 .
1284 3349 40 20 To
1339 3347 161 20 Gentlemen
1515 3347 145 27 intending
1673 3349 28 19 to
1717 3349 76 20 enter
1806 3350 59 20 into

1310 3375 43 20 ths
1382 3373 142 27 profitable
1552 3375 108 24 pursuit
1689 3375 30 21 of
1745 3375 122 28 Grazing

1312 3401 53 21 and
1385 3399 135 28 Breeding
1539 3401 91 23 Stock,
1652 3401 42 21 for
1714 3403 88 21 which
1822 3404 43 20 tha

1310 3427 89 21 fertile
1418 3427 108 19 Islands
1548 3427 30 20 of
1595 3427 68 21 New
1681 3429 121 21 Zealand
1820 3436 45 16 are

1310 3460 31 15 so
1357 3453 148 26 peculiarly
1519 3453 125 26 adapted.
1658 3464 6 5 •

1283 3487 92 50 THE
1387 3487 149 26 undersigned
1547 3488 41 26 beg
1599 3492 21 17 to
1628 3488 82 23 inform
1720 3489 58 22 their
1783 3491 84 23 friends

1353 3514 46 22 and
1415 3514 37 21 the
1468 3514 72 27 public
1557 3515 120 27 generally,
1694 3516 47 22 that
1759 3517 52 28 they
1823 3519 42 22 will

1283 3546 100 18 contract
1407 3541 35 22 for
1460 3541 36 21 the
1521 3540 98 29 delivery
1645 3542 25 21 of
1691 3543 37 21 the
1753 3544 114 29 following

1284 3569 132 26 description
1431 3567 25 22 of
1460 3567 76 27 Stock,
1544 3568 22 21 in
1574 3575 45 21 any
1630 3569 53 22 Port
1692 3570 25 21 of
1730 3570 37 22 the
1779 3572 88 23 Islands

1284 3596 26 21 of
1317 3595 54 22 New
1381 3594 112 23 Zealand:
1495 3605 27 5 —

1312 3622 94 21 Horned
1421 3622 65 21 cattle
1504 3622 124 26 (improved
1641 3622 88 28 breeds)
1745 3624 27 22 of
1784 3625 29 21 all
1828 3626 39 22 de-

1283 3649 124 27 scriptions,

1311 3676 91 26 Horses,
1422 3674 58 22 from
1487 3679 5 7 v
1501 3674 38 23 the
1560 3675 51 22 best
1630 3675 92 28 English
1742 3678 46 21 and
1803 3679 64 23 Arab

1282 3702 71 26 studs,
1370 3702 93 21 suitable
1480 3702 33 21 for
1531 3702 84 27 racing,
1630 3702 83 28 saddle,
1724 3711 25 15 or
1762 3704 103 29 harness;

1283 3728 44 23 and
1337 3728 107 27 breeding
1454 3735 77 19 mures,

1312 3755 56 22 Pure
1378 3756 75 21 Saxon
1463 3753 43 23 and
1517 3754 85 22 merino
1612 3762 64 20 ewes,

1312 3781 119 22 Half-bred
1447 3781 110 22 Leicester
1571 3781 45 23 and
1632 3782 86 22 merino
1736 3791 64 20 ewes,
1816 3793 51 20 par-

1283 3808 103 28 ticularly
1395 3808 94 28 adapted
1503 3808 35 22 for
1547 3808 43 22 this
1599 3814 102 22 country,
1712 3817 23 14 as
1745 3811 54 28 they
1806 3813 61 23 unite

1284 3835 82 28 weight
1374 3835 27 22 of
1407 3842 86 15 carcass
1503 3835 51 22 with
1564 3836 96 22 fineness
1670 3836 26 22 of
1703 3837 63 22 wool.
1773 3855 3 4 ,
1809 3857 3 3 .
1847 3851 3 5 .

1310 3862 48 23 The
1381 3862 150 28 undersigned
1553 3870 41 15 can
1623 3864 166 23 accommodate
1815 3873 53 20 pur-

1285 3888 89 23 chasers
1388 3889 26 22 of
1428 3889 56 22 their
1494 3888 66 23 Stock
1577 3889 54 22 with
1647 3890 115 25 extensive
1776 3889 92 32 grazing

1284 3915 151 27 Kuus,vrUhin
1443 3918 41 21 100
1491 3916 65 24 miles
1564 3916 28 23 of
1596 3916 45 23 this
1651 3917 59 23 Port.
1754 3921 22 12 •'•'-
1811 3932 21 2 ■-
1847 3917 4 4 '
1866 3937 2 2 .

1543 3949 36 22 W.
1594 3949 27 23 a
1635 3950 94 25 Ruopu
1741 3952 47 23 and
1801 3951 51 25 Cu'
