2480 3840
63 181 59 19 men
133 175 42 25 the
185 174 82 25 doctor
391 171 111 27 Football
522 171 22 25 is
566 178 15 18 a

65 212 133 31 dangerous
209 211 164 25 anachronism
384 210 61 25 after
462 209 117 24 five-and-

65 251 95 31 jfcwenty.
194 251 55 24 Golf
260 250 21 25 is
293 248 188 29 recommended,
501 248 80 31 riding

65 289 56 38 ajid.
124 287 113 32 walking,
249 287 44 25 but
303 287 42 26 the
355 285 73 27 latter
450 285 85 26 should
546 285 35 25 al-

63 336 66 23 ways
139 327 29 26 be
179 328 57 25 with
247 336 29 16 an
288 327 85 32 object,
384 327 20 24 if
420 326 57 31 only
498 327 26 23 to
545 326 38 23 set

65 371 64 20 one's
140 366 81 26 watch
228 365 32 32 by
270 373 16 17 a
296 363 129 34 particular
434 362 68 26 clock
524 362 58 26 each

225 501 90 24 VIEW
333 501 88 24 HILL.

97 567 57 27 The.
163 566 38 27 lor
203 575 17 24 g
228 567 72 31 -spell
321 567 27 23 of
361 566 49 31 .dry
430 565 104 25 weather
562 564 21 24 is

65 609 120 31 evidently
195 611 25 22 at
230 616 33 17 an
282 608 55 28 end,
359 607 50 25 and
430 607 24 25 of
475 607 48 24 late
545 614 36 16 we

65 651 62 25 have
137 651 48 24 had
195 658 67 18 some
283 650 116 26 beautiful
421 657 73 16 warm
517 649 65 23 rains

63 689 115 37 bringing
194 693 57 26 with
262 693 19 24 it
293 693 42 24 the
346 692 90 25 desired
449 691 69 25 effect
536 691 45 25 but

64 729 107 33 however
181 745 64 17 none
256 738 40 22 too
307 743 67 19 soon,
386 736 37 23 for
432 734 42 25 the
485 734 95 25 contin-

65 779 40 26 ual
116 778 74 33 sharp
201 779 57 25 frost
268 778 44 25 has
322 777 59 25 been
392 785 57 24 very
460 785 55 17 seve
528 785 12 15 c
550 784 32 16 on

35 821 4 9 '
65 814 43 34 ihe
112 814 72 40 'early
194 830 65 17 sown
269 828 70 24 crops
350 820 49 25 and
409 820 40 24 (he
472 818 110 26 Autumn

64 873 67 18 sown
141 864 141 33 grass-seed,
294 863 127 31 especially
442 862 42 25 the
507 862 73 24 latter

65 908 78 25 which
154 908 26 24 m
191 907 89 26 almost
291 914 70 23 every
371 914 52 16 case
432 905 49 24 will
491 905 91 31 require

65 953 28 23 to
114 950 28 25 be
161 957 109 18 re-sown.
314 948 51 25 The
386 947 121 32 paddocks
526 955 54 16 now
589 962 2 17 ;

65 995 98 30 present
183 1001 16 16 a
220 993 66 30 tinge
307 990 26 26 of
350 997 72 24 green
444 990 79 24 which
545 990 36 23 be-

65 1028 135 36 tokjetFslaii
216 1028 73 37 Jearly!
304 1035 102 30 spring.L
427 1032 22 29 A
470 1032 113 31 quantity

65 1082 26 21 ot
101 1077 78 25 lambs
190 1078 45 24 are^
244 1084 55 17 now
315 1077 26 24 to
363 1075 29 25 be
415 1082 55 18 seen
493 1082 90 23 among

66 1120 90 26 almost
167 1127 70 24 every
248 1118 62 25 fldck
321 1117 48 26 and
381 1117 86 25 should
477 1117 44 25 the
532 1125 51 16 sea-

50 1166 3 6 -1
66 1162 46 29 pori
114 1161 3 12 ;
127 1170 72 25 prpve
225 1161 120 26 favorable
371 1161 38 24 for
435 1161 105 31 lambing
568 1168 15 17 a

65 1206 64 30 large
140 1208 141 29 percentage
292 1205 20 23 is
323 1204 119 31 expected.
463 1203 67 24 With
542 1203 41 24 the

65 1244 41 26 aid
116 1244 27 25 of
150 1246 78 27 straw,
249 1243 99 31 turnips,
367 1242 53 28 &c,
437 1242 70 32 sheep
520 1242 62 25 have

65 1282 110 31 survived
185 1286 42 25 the
238 1286 84 24 winter
338 1285 73 25 much
430 1285 74 24 better
526 1286 57 24 than

65 1338 50 17 was
126 1332 26 22 at
162 1330 54 24 first
224 1328 153 32 anticipated.
411 1327 21 25 A
444 1328 66 30 large
533 1327 50 25 and

66 1372 132 25 somewhat
228 1371 91 25 serious
343 1371 97 23 tussock
458 1371 47 23 ,fire
526 1369 57 25 took

65 1415 68 33 place
143 1423 33 17 on
186 1414 42 26 the
239 1422 47 16 run
296 1422 33 16 on
340 1413 107 31 Monday
458 1413 124 24 afternoon

65 1458 56 28 last;
134 1458 19 24 it
163 1458 21 24 is
195 1456 119 32 supposed
340 1460 25 20 to
376 1456 62 25 have
449 1455 134 32 originated

65 1508 33 17 on
110 1500 39 24 Mr
159 1499 148 25 Ashworth's
335 1498 57 24 road
420 1498 76 24 where
518 1505 64 17 some

64 1544 146 24 contractors
231 1549 59 18 were
301 1540 102 32 burning
426 1540 105 26 rubbish.
555 1540 21 25 A

65 1586 58 25 Nor*
137 1585 93 28 Wester
240 1593 49 16 was
300 1585 103 30 blowing
414 1587 25 22 at
461 1585 42 24 the
525 1585 60 23 time

65 1628 48 25 and
125 1627 42 26 the
177 1628 43 25 fire
229 1629 71 22 burnt
308 1627 52 24 into
371 1627 40 24 tbe
426 1627 63 24 Four
501 1627 79 24 Chain

65 1670 76 28 Road,
153 1679 13 16 a
177 1670 108 25 distance
301 1671 25 24 of
347 1671 73 24 about
439 1670 54 25 two'
508 1669 75 29 miles,

64 1714 75 31 doing
148 1722 15 16 a
173 1712 160 27 considerable
343 1715 101 22 amount
451 1713 26 25 of
484 1713 99 32 damage

51 1757 40 25 'to
101 1756 79 26 fences
190 1757 52 28 Ac.;
336 1757 85 25 route.'

98 1800 49 24 The
167 1803 138 21 water-race
314 1799 22 24 is
352 1806 54 17 now
429 1798 76 25 under
524 1805 61 25 way,

65 1850 56 25 very
131 1841 66 33 largo
207 1841 110 26 boulders
329 1849 40 17 are
381 1841 74 32 being
477 1841 109 26 removed

65 1886 50 24 and
126 1893 67 18 some
202 1886 26 24 m
239 1884 42 26 the
301 1884 94 32 cutting
416 1888 25 21 at
460 1884 43 26 the
524 1884 64 26 head

65 1928 86 26 works.
173 1928 51 25 The
251 1928 96 24 various
365 1929 153 25 contractors,
545 1935 41 17 are

65 1970 150 32 progressing
225 1970 25 24 m
262 1977 15 17 a
288 1977 57 26 very
356 1969 151 31 satisfactory
515 1978 70 16 man.-

30 2034 2 3 .
64 2020 47 18 ner
120 2013 59 28 with
201 2012 43 30 the,
263 2011 66 25 work
350 2012 79 24 which
448 2012 87 25 should
556 2012 30 24 be

64 2055 138 32 completed:
211 2055 26 24 hi
248 2054 74 25 about
343 2054 82 25 twelve
451 2055 107 24 months.

96 2098 92 25 Rumor
216 2098 46 25 has
272 2098 21 25 it
303 2097 54 26 that
368 2106 15 17 a
399 2098 70 31 point
486 2099 24 24 to
521 2098 68 31 point

65 2140 167 33 Steeplechase
253 2140 49 26 will
323 2140 74 32 likely
430 2142 54 24 take
516 2140 69 32 place

64 2185 104 25 between
178 2184 40 26 Sir
228 2184 116 29 William,
356 2185 45 23 and
425 2184 110 26 Nimrod.

247 2307 157 25 BABTISM.

38 2391 5 5 .
70 2391 3 12 ;
96 2374 50 26 .Our
160 2373 187 36 correspondent
356 2381 63 24 says,
453 2374 39 25 On
511 2374 71 25 Wed-

61 2417 91 34 nesday
162 2416 47 28 last
220 2416 13 24 I
244 2416 48 24 had
303 2417 42 24 the
355 2409 107 39 pleasure
484 2416 27 25 of
529 2417 52 25 wit-

61 2459 99 31 nessing
169 2467 32 17 an
222 2459 131 31 important
374 2467 135 23 ceremony,
523 2459 58 33 (viz)

61 2502 110 33 babtism;
178 2502 31 32 by
225 2502 142 29 jimmersion
388 2503 26 23 m
436 2502 146 26 accordance

61 2546 63 34 with;
131 2545 43 27 the
185 2548 95 24 custom
288 2550 25 21 ot
321 2546 43 25 the
373 2546 95 25 Babtist
476 2546 105 25 Church.

61 2589 51 25 The
122 2589 59 25 Ret.
193 2589 14 24 I
219 2588 117 33 Wagstaff
343 2589 118 25 delivered
483 2597 15 17 a
520 2592 61 22 most

61 2632 137 32 impressive
208 2631 97 25 address
315 2631 89 32 quoted
415 2631 89 33 largely
520 2632 61 25 from

61 2675 115 31 scripture
186 2674 26 24 m
233 2676 100 29 support
354 2675 27 24 of
387 2675 40 24 the
438 2675 144 24 Immersion

42 2724 5 25 ;
61 2716 129 25 baptismal
205 2716 107 26 doctrine
323 2717 59 24 land
403 2717 58 25 then
484 2717 98 31 stepped

38 2750 9 12 J
61 2756 82 34 boldly
153 2755 51 29 into
215 2751 125 33 the'water
362 2759 98 32 holding
481 2764 43 20 out
541 2760 40 24 his

61 2801 68 26 hand
147 2802 128 30 invitingly
296 2803 26 24 to
344 2802 42 26 the
407 2804 98 24 convert
527 2803 55 25 who

61 2844 89 31 readily
160 2845 114 30 accepted
284 2844 42 26 the
336 2845 129 26 invitation
480 2845 49 25 and
540 2845 43 25 the

61 2895 129 25 ceremony
206 2895 49 18 was
282 2888 96 32 quickly
400 2889 135 31 completed
555 2889 28 24 m

60 2930 146 25 accordance
227 2930 57 27 with
312 2930 41 24 the
374 2931 71 24 usual
466 2931 115 27 formula.

60 2972 54 25 The
124 2972 68 32 place
202 2973 26 25 at
235 2972 76 26 which
323 2974 42 23 the
383 2981 128 25 ceremony
533 2981 49 17 was

61 3015 141 33 performed,
219 3015 122 37 bear^Jhe
352 3017 111 30 unpoetic
473 3023 74 18 name
558 3017 26 25 of

61 3057 143 25 Gammon's
220 3058 83 28 Creek,
325 3058 49 24 and
385 3058 41 24 the
438 3060 68 24 exact
528 3059 55 32 spot

58 3099 54 33 just
122 3100 108 32 opposite
241 3101 43 25 the
295 3101 76 25 Maori
378 3102 76 25 Bush.
487 3102 22 25 A
518 3110 65 16 more

59 3144 122 25 romantic
192 3145 53 30 spot
254 3143 72 26 could
340 3145 104 31 scarcely
456 3146 27 24 be
494 3145 74 26 found
576 3152 6 17 :

62 3193 16 17 a
99 3185 140 26 rockbound
261 3186 81 32 glassy
363 3186 64 32 pool,
451 3187 64 25 dear
536 3187 47 25 and

62 3236 61 25 pure
145 3229 48 25 and
215 3228 104 32 dancing
345 3230 87 31 sprites
451 3238 66 24 upon
540 3230 43 25 the

60 3272 173 39 yr&ter'jcaused
246 3273 27 32 by
285 3273 40 24 the
336 3279 58 19 suns
411 3280 55 24 rays
477 3273 106 32 glinting

181 3316 40 24 the
242 3316 166 31 overhanging
428 3317 98 31 foliage.
560 3316 21 25 A

60 3358 184 32 perpendicular
253 3358 57 25 rock
320 3360 33 23 30
364 3359 47 24 feet
421 3359 27 24 m
459 3359 82 32 height
549 3367 32 17 on

61 3406 47 18 one
119 3400 50 25 side
179 3401 86 31 draped
289 3401 58 25 here
367 3402 51 24 and
440 3402 65 24 there
524 3402 57 24 with

58 3440 80 31 ferns*,'
145 3440 54 28 lich
207 3451 28 17 ns
247 3444 48 24 and
306 3452 98 21 mosses,
428 3445 117 25 sufficient
555 3445 26 23 m

59 3484 112 31 variety...
181 3487 26 24 to
240 3494 71 17 cause
349 3494 32 17 an
423 3487 159 25 enthusiastic

58 3526 107 27 botanist
181 3529 25 24 to
228 3528 75 32 linger
325 3529 37 26 for
385 3538 16 17 a
411 3530 95 25 month.
541 3530 40 24 On

58 3569 41 25 the
125 3571 108 30 opposite
260 3572 52 24 side
353 3573 42 24 the
421 3573 70 24 rocks
513 3572 67 32 slope

57 3611 84 33 gently
151 3614 48 25 and
209 3621 80 24 egress
299 3615 27 25 at
336 3623 16 16 a
359 3623 68 17 more
435 3615 145 25 convenient

58 3655 79 31 angle,
148 3656 100 33 making
258 3665 81 18 access
350 3660 25 24 to
388 3658 51 26 this
460 3658 119 26 beautitul

56 3696 65 26 little
132 3698 54 32 pool
198 3700 147 34 ipoderately
355 3709 64 25 easy.
454 3701 73 25 From
538 3703 40 23 the

54 3740 54 32 pool
119 3748 43 18 ran
172 3750 16 17 a
199 3741 113 35 trickling
322 3745 78 24 steam
421 3748 63 22 most
496 3745 75 24 musi-

669 180 62 33 cally
743 190 58 17 over
811 190 15 17 a
836 184 88 33 pebbly
931 185 54 29 bed,
997 186 43 25 the
1048 186 57 32 only
1114 186 77 25 sound

669 223 54 26 that
750 225 71 25 broke
853 226 42 25 the
922 227 114 29 stillness,
1065 237 55 16 save
1148 228 42 26 the

667 266 126 31 preachers
807 268 73 29 voice,
892 270 78 24 which
982 272 94 24 seemed
1088 273 24 24 to
1119 271 72 25 blend

668 308 56 26 with
735 309 41 24 the
787 311 114 32 gurgling
922 314 91 24 stream
1037 322 28 16 as
1086 314 32 25 he
1136 322 54 23 per-

667 351 91 26 formed
769 352 39 26 his
824 354 83 25 sacred
926 355 90 26 duties.
1043 357 51 25 The
1107 366 85 16 vener-

668 394 54 25 able
738 395 111 26 minister
865 398 47 23 and
941 398 39 25 his
1012 402 100 23 convert
1140 407 52 17 sur-

669 437 104 25 rounded
785 438 30 31 by
829 440 69 24 about
906 440 80 25 fitceen
995 448 25 18 or
1028 441 37 25 his
1074 442 118 25 followers

671 480 105 30 grouped
787 480 26 24 m
825 480 49 25 this
885 482 118 24 romantic
1015 486 53 28 spot
1081 485 66 23 made
1159 491 32 25 up

670 529 16 17 a
696 522 91 31 picture
798 522 58 25 such
875 532 27 17 as
923 527 69 29 poets
1013 526 49 24 and
1084 527 107 31 painters

670 564 79 25 would
775 566 64 24 revel
866 566 35 26 m.
943 567 143 26 Gammon's
1114 570 78 24 Creek

670 607 101 32 (worthy
782 614 25 18 ot
817 616 13 16 a
842 609 98 30 prettier
950 611 82 32 name)
1050 619 55 17 now
1117 613 73 24 trick-

670 650 35 23 les
727 650 49 24 and
805 651 106 30 sparkles
931 651 141 35 beautifully
1094 654 98 32 leaping

669 692 62 25 from
740 693 56 24 rock
807 695 25 24 to
843 694 56 25 rock
918 694 60 26 then
1000 695 81 33 filling
1102 698 26 25 to
1150 698 40 25 the

670 736 61 24 brim
742 736 60 24 each
813 737 57 24 rock
883 737 78 25 bound
972 739 56 30 pool
1039 740 49 24 and
1109 741 81 32 gurgl-

669 778 45 33 ing
724 787 32 16 on
766 781 51 22 o'er
829 780 85 31 pebbly
937 781 43 23 bed
1001 783 70 23 turns
1092 783 99 31 merrily

669 821 42 24 the
723 820 54 25 Mill
793 821 83 29 below,
896 822 46 25 but
958 823 72 24 wben
1052 824 43 25 the
1117 829 75 21 storm

669 863 86 25 breaks
766 865 51 24 o'er
829 864 41 25 the
882 865 58 24 hills
948 872 6 22 ;
973 866 49 25 this
1034 868 90 24 stream
1147 868 46 25 has

670 907 40 24 the
719 914 146 23 appearance
877 907 27 24 of
913 915 14 16 a
945 909 127 24 mountain
1095 912 99 27 torrent,

670 948 103 31 rushing
796 957 31 17 on
849 949 99 27 betwixt
970 952 90 23 eternal
1084 952 67 26 walls
1170 953 25 25 of

671 994 79 22 stone.
762 992 53 24 The
825 992 60 25 time
895 993 22 24 is
928 995 43 23 not
979 994 38 24 far
1025 994 91 24 distant
1127 995 68 25 when

670 1034 77 26 lovers
759 1034 26 26 of
794 1037 87 23 nature
891 1036 48 24 and
951 1040 97 21 savants
1055 1037 26 24 of
1091 1038 103 28 science,

670 1077 63 25 from
743 1077 59 32 long
808 1077 121 26 distances
936 1079 47 24 will
990 1079 96 33 eagerly
1095 1081 100 31 enquire

670 1120 42 25 the
725 1120 163 27 whereabouts
898 1122 28 25 of
934 1122 41 25 the
986 1122 119 26 beautiful
1127 1126 67 29 spots

670 1164 26 23 of
718 1164 91 23 Oxford
826 1164 77 23 Bush.

752 1246 203 26 PERPETUAL
976 1248 134 26 MOTION.

705 1310 45 25 We
761 1318 61 17 were
833 1310 125 33 agreeably
979 1314 120 31 surprised
1121 1314 71 26 when

672 1359 33 17 an
714 1352 40 24 old
765 1353 76 25 friend
853 1354 49 24 and
912 1357 112 24 constant
1035 1356 158 31 contributor,

673 1395 120 26 informed
803 1405 30 17 us
844 1397 54 26 that
908 1398 32 25 he
950 1399 48 24 had
1006 1399 139 26 discovered
1153 1401 41 25 the

674 1438 127 32 principles
827 1439 28 26 of
877 1441 126 31 perpetual
1025 1442 101 29 motion,
1149 1443 45 25 but

674 1488 57 16 were
743 1489 30 16 no
785 1482 47 24 less
843 1482 104 25 shocked
959 1484 47 24 aud
1016 1484 94 31 grieved
1123 1484 71 26 when

674 1522 31 26 he
716 1523 120 26 informed
847 1533 36 21 us,
902 1525 20 26 it
929 1533 47 19 was
987 1527 41 25 the
1038 1527 103 25 interest
1163 1536 30 18 on

674 1575 13 15 a
699 1569 130 30 mortgage.
863 1568 39 25 He
913 1569 101 25 informs
1036 1578 29 16 us
1083 1571 55 24 that
1149 1571 43 24 the

674 1608 111 25 macliiue
797 1609 71 25 when
876 1613 44 28 put
931 1611 24 25 m
967 1612 91 24 motion
1069 1613 30 32 by
1110 1620 33 17 an
1154 1613 38 25 in-

675 1651 155 36 experienced
856 1653 77 29 hand,
971 1655 78 25 works
1076 1655 118 33 complete

674 1694 139 30 desolation,
836 1696 50 25 and
907 1696 41 25 the
969 1697 58 32 only
1048 1698 99 33 remedy
1168 1700 26 24 to

674 1740 56 23 tone
740 1738 71 26 down
822 1739 32 26 its
865 1741 188 32 exterminating
1074 1742 120 26 influence

673 1781 22 23 is
707 1782 24 23 to
743 1782 70 24 teach
825 1790 43 16 our
878 1782 107 27 children
996 1783 41 26 the
1058 1784 136 27 intricaties

673 1823 28 26 of
709 1823 78 33 ledger
797 1824 110 32 keeping.

738 1931 203 26 CHARACTER
966 1933 160 24 READING.

703 2009 24 25 It
739 2017 78 18 seems
827 2010 55 25 that
893 2011 125 25 character
1028 2021 45 17 can
1095 2013 30 25 be
1146 2014 47 24 dis-

670 2045 138 33 tinguished
830 2049 31 31 by
883 2048 71 26 shoes
974 2050 63 25 that,
1048 2050 62 26 have
1131 2051 62 26 been

672 2092 64 17 worn
747 2085 36 24 for
794 2087 48 24 two
864 2087 109 26 months.
1005 2088 49 26 For
1075 2089 117 31 instance,

667 2122 22 25 if
695 2122 41 25 the
747 2123 48 25 sole
806 2123 48 26 and
865 2124 52 26 heel
927 2133 42 17 are
980 2127 96 32 equally
1087 2136 74 22 worn,
1173 2129 20 25 it

669 2159 99 34 belongs
778 2163 26 23 to
814 2170 33 16 an
864 2164 118 31 energetic
1002 2172 59 18 man
1083 2165 27 25 of
1129 2165 63 26 busi-

667 2207 65 23 ness,
744 2209 15 17 a
770 2202 154 32 trustworthy
934 2203 87 30 officer,
1043 2212 32 18 an
1096 2214 96 23 exemp-

667 2237 53 33 lary
732 2239 59 28 wife,
802 2247 32 16 an
846 2240 118 25 excellent
982 2241 95 25 mother
1086 2249 7 22 ;
1110 2242 21 24 if
1150 2243 43 25 the

667 2279 68 20 outer
747 2276 58 31 edge
816 2277 55 31 only
882 2277 21 25 is
916 2285 73 22 worn,
1008 2278 41 26 the
1070 2287 80 17 owner
1171 2280 21 26 is

667 2313 29 24 of
703 2321 15 17 a
729 2313 120 30 fantastic,
862 2315 161 26 adventurous
1034 2317 124 33 tendency,
1176 2327 16 17 a

666 2353 58 24 rash
736 2353 49 25 and
796 2353 57 26 bold
863 2356 92 32 temper
966 2365 6 21 ;
988 2356 22 25 if
1018 2357 19 25 it
1048 2357 22 24 is
1091 2357 41 25 the
1153 2358 38 25 in-

666 2398 45 17 ner
721 2391 59 32 edge
792 2392 75 24 which
879 2393 21 24 is
910 2401 74 21 worn,
997 2394 41 24 the
1055 2394 50 25 fact
1126 2395 64 24 indi-

665 2435 67 19 caes
742 2429 151 25 irresolution
915 2430 49 25 and
986 2431 122 26 weakness
1128 2432 26 25 m
1176 2442 14 15 a

667 2475 66 22 man,
745 2469 111 32 modesty
867 2470 26 24 m
904 2478 15 16 a
929 2478 110 23 woman;
1057 2471 79 26 where
1148 2473 41 25 the

666 2513 90 18 wearer
765 2510 44 22 not
820 2507 58 32 only
889 2516 73 18 wears
973 2509 39 25 the
1029 2511 70 24 outer
1120 2510 68 33 edga,

666 2544 43 25 but
720 2544 51 25 also
783 2553 67 23 rasps
861 2546 40 25 the
912 2546 68 31 point
1002 2546 28 26 of
1048 2547 38 26 his
1108 2548 81 29 shoes,

665 2582 49 24 and
724 2582 79 25 leaves
814 2583 43 24 the
869 2584 49 24 rest
929 2583 87 26 almost
1027 2592 59 21 new,
1098 2584 32 25 he
1140 2586 23 25 is
1174 2594 15 17 a

665 2627 86 24 porson
760 2620 76 25 vhose
842 2620 103 34 honesty
953 2621 21 26 is
983 2626 26 21 to
1016 2623 27 24 be
1051 2624 139 30 suspected.

667 2700 104 23 HINTS
782 2700 45 22 ON
839 2700 68 23 THE
916 2700 116 24 RUGBY
1043 2700 95 25 GAME
1148 2701 40 24 OF

831 2736 187 23 FOOTBALL.

668 2774 152 32 (Collected
829 2782 155 17 principally
990 2783 64 17 fbom
1063 2775 73 25 Budd
1143 2785 45 17 and

779 2811 129 26 Vassall's

687 2867 2 11 !
708 2853 165 34 [(gpncludbd
883 2863 64 17 from
968 2863 58 17 last
1044 2855 99 34 week.)

699 2896 105 31 Coming
816 2899 25 22 to
877 2897 62 24 back
1042 2899 26 23 to
1088 2899 100 25 achieve

668 2943 93 17 success
773 2936 151 31 now-a-days
935 2944 15 16 a
985 2936 54 25 half
1069 2939 67 24 must
1143 2946 45 24 pay

668 2972 88 31 special
767 2974 120 24 attention
898 2975 26 24 to
935 2974 43 24 the
988 2978 39 20 art
1038 2975 24 25 of
1083 2976 105 31 passing.

668 3011 46 26 Let
724 3013 53 24 him
788 3013 73 31 study
871 3013 43 24 the
924 3014 68 23 hints
1000 3014 72 30 given
1081 3014 107 25 thereon.

699 3050 39 24 He
749 3049 88 26 should
855 3049 140 31 remember,

700 3089 22 24 1.
740 3087 64 26 That
815 3088 97 32 picking
923 3097 32 23 up
968 3088 48 25 and
1027 3090 98 31 passing
1146 3090 42 25 the

668 3125 46 25 ball
725 3126 88 25 should
824 3126 29 25 be
861 3134 46 18 one
917 3127 47 23 and
976 3127 42 24 the
1024 3134 67 16 same
1098 3127 90 25 actidta.

699 3166 23 24 2.
741 3165 63 25 That
814 3165 106 32 punting
940 3165 52 25 into
1011 3165 75 25 touch
1107 3166 22 24 is
1151 3167 37 24 his

668 3202 74 28 safest
752 3202 57 33 play
820 3203 68 25 when
898 3207 40 21 too
948 3211 60 16 near
1018 3203 39 24 his
1065 3211 54 17 own
1140 3204 48 25 line

668 3244 26 26 to
708 3251 65 23 pass.

700 3282 24 23 3.
742 3280 64 26 That
817 3280 32 25 he
861 3280 87 26 Bhould
959 3280 29 26 be
999 3289 31 17 on
1042 3280 42 26 the
1095 3280 56 30 ball,
1164 3289 24 17 or

668 3320 79 25 tackle
758 3320 42 25 the
811 3329 58 16 man
880 3321 54 24 that
946 3321 45 24 has
1002 3322 27 28 it,
1042 3320 79 26 before
1143 3329 45 24 any

669 3358 27 25 of
705 3358 42 25 the
758 3358 124 24 forwards.

700 3398 23 23 4.
741 3397 65 24 That
816 3397 32 23 he
858 3396 22 25 is
891 3396 25 24 m
927 3396 43 25 the
981 3397 52 24 best
1043 3397 104 31 position
1167 3398 21 23 to

668 3434 117 31 intercept
795 3441 83 23 parses
889 3435 26 23 to
926 3433 43 25 the
980 3433 118 32 opposing
1110 3434 71 24 backs

700 3472 22 23 5.
740 3471 64 23 That
812 3471 20 24 it
844 3471 20 23 is
875 3470 40 24 his
934 3470 67 32 place
1011 3472 24 23 to
1056 3470 77 25 tfcrow
1166 3471 22 24 m

668 3508 40 26 the
719 3508 49 26 ball
778 3508 38 25 for
827 3507 37 26 his
873 3507 51 26 side
934 3508 70 25 wh?n
1015 3508 20 24 it
1044 3508 21 24 is
1072 3508 26 25 m
1103 3509 71 24 touch
1185 3515 3 23 ;

668 3546 29 25 he
708 3548 66 23 must
785 3545 78 26 throw
874 3546 20 24 it
905 3546 26 23 m
948 3546 96 31 quickly
1054 3564 7 10 ,
1078 3546 64 30 that,
1164 3554 24 16 as

668 3592 11 15 a
691 3584 59 28 rule,
762 3583 21 25 it
794 3583 88 24 should
894 3583 29 24 be
935 3582 96 25 thrown
1042 3582 27 24 m
1092 3590 15 17 a
1129 3583 59 31 good

668 3621 113 28 distance,
794 3621 55 28 and,
861 3621 21 24 if
891 3620 111 32 possible,
1014 3623 27 22 to
1051 3628 15 17 a
1075 3620 48 25 fast
1133 3628 55 18 man

668 3660 23 24 at
701 3659 43 24 the
755 3658 47 25 end
813 3660 24 23 of
848 3659 41 25 the
905 3658 58 25 line.

697 3696 104 32 Coming
821 3698 58 23 next
898 3698 26 22 to
946 3695 42 25 the-

750 3742 44 22 pur
804 3734 99 30 opinion
925 3733 22 26 is
969 3734 53 24 that
1044 3733 42 26 the
1105 3733 83 26 fastest

1281 191 55 17 men
1348 185 48 24 and
1406 186 53 26 best
1471 187 99 27 tacklers
1582 189 86 24 should
1679 188 30 25 be
1720 188 85 32 placed

1281 229 33 16 on
1326 221 42 25 the
1378 223 84 32 wings,
1475 225 43 25 the
1530 226 54 24 best
1595 226 57 24 kick
1662 226 50 25 and
1723 227 82 31 quick-

1283 261 36 22 est
1330 261 26 23 at
1368 260 96 33 picking
1475 270 32 24 up
1519 263 42 24 the
1572 263 48 24 ball
1632 263 73 31 being
1722 264 84 31 placed

1282 296 26 24 m
1330 296 41 25 the
1393 302 90 22 centre.
1518 300 49 24 The
1729 301 76 25 three-

1424 336 86 26 should
1531 338 54 24 feed
1604 338 39 25 his
1676 339 129 32 wing-men

1283 371 60 29 well,
1355 373 49 24 and
1415 374 86 25 should
1512 376 138 31 constantly
1662 376 28 24 be
1710 385 32 16 on
1765 378 42 24 the

1283 409 111 26 look-out
1405 414 24 23 to
1441 418 54 28 stop
1506 414 121 30 dribbling
1638 416 94 30 rushes,
1743 425 27 17 or
1781 423 26 19 to

1284 448 71 24 make
1366 457 15 16 a
1392 451 78 23 useful
1483 452 59 30 drop
1553 459 28 18 or
1592 456 61 26 punt
1664 452 52 25 iuto
1726 454 79 24 touch.

1316 484 50 25 The
1415 487 63 32 wing
1499 488 187 32 three-quarters
1741 495 67 21 must

1283 528 74 18 never
1367 524 64 25 close
1452 525 26 24 m
1500 533 66 24 upon
1589 527 41 24 the
1652 536 89 21 scrum,
1765 529 43 25 bat

1285 561 86 25 should
1383 562 59 33 keep
1453 564 51 24 well
1518 567 49 26 out,
1580 573 26 17 so
1617 574 28 17 as
1654 569 24 22 to
1686 574 71 18 cover
1765 568 43 24 the

1284 598 77 26 whole
1372 600 64 25 field.
1470 602 68 31 They
1549 602 87 25 should
1655 606 60 23 each
1738 606 70 23 mark

1284 637 40 24 the
1336 638 118 32 opposing
1465 639 183 33 three-quarter,
1661 642 48 24 and
1730 643 78 24 watch

1283 672 53 26 him
1358 675 93 35 closely.
1484 677 67 33 They
1573 682 66 21 must
1661 679 88 32 always
1778 680 30 26 be

1284 712 72 31 ready
1368 715 26 22 to
1404 713 56 25 take
1469 722 14 16 a
1495 722 56 24 pass
1562 716 62 24 from
1636 717 42 25 the
1688 717 83 26 halves
1782 726 28 17 or

1286 748 42 26 the
1339 752 81 23 centre
1431 751 185 32 three-quarter.

1318 786 60 24 The-
1387 787 177 33 three-quarter
1585 792 96 24 nearest
1703 791 42 25 the
1768 792 42 24 full

1285 824 62 25 back
1357 825 86 26 should
1455 835 31 23 go
1497 830 24 23 to
1535 829 38 24 his
1589 830 132 25 assistance
1732 832 78 24 'when

1284 861 26 25 m
1329 863 150 31 difficulties;
1504 867 125 24 otherwise
1662 868 147 32 three-quar-

1285 902 50 22 ters
1347 901 86 25 should
1455 902 29 25 be
1507 904 91 23 careful
1620 907 26 22 to
1668 905 64 32 keep,
1747 907 65 24 their

1285 945 85 23 proper
1380 938 79 31 places
1480 941 47 24 and
1549 947 43 19 not
1615 948 41 25 get
1676 943 79 24 mixed
1777 952 33 23 up

1286 974 58 25 with
1355 975 42 25 the
1408 976 84 25 halves
1504 986 24 16 oi
1542 978 122 26 forwards.

1319 1012 104 32 Coming
1433 1013 71 33 lastly
1516 1018 25 21 to
1742 1018 68 24 there

1287 1058 40 18 are
1337 1051 54 26 four
1403 1053 65 24 main
1479 1054 152 31 precautions
1642 1058 27 23 to
1679 1055 30 26 be
1720 1057 74 24 taken
1803 1067 6 14 :

1321 1128 23 24 1.
1363 1127 66 26 Send
1439 1129 32 24 all
1482 1129 59 32 long
1551 1130 71 32 drops
1633 1131 52 25 into
1697 1133 80 24 touch.

1319 1165 25 24 2.
1361 1165 67 31 Keep
1438 1166 38 24 far
1486 1168 98 30 enough
1596 1169 59 24 back
1666 1169 93 25 toutake
1778 1170 32 25 all

1287 1209 58 23 your
1356 1205 130 29 opponents
1498 1204 70 32 drops
1579 1205 53 26 full.
1704 1230 2 2 .
1782 1197 3 39 \

1319 1241 25 24 8.
1361 1240 78 25 Never
1449 1241 80 26 follow
1540 1250 33 24 up
1583 1251 61 23 your
1652 1244 53 24 kick
1728 1244 83 26 unle'as

1287 1284 47 23 you
1350 1277 72 24 make
1443 1287 14 14 a
1478 1279 177 33 three-quarter
1675 1282 55 25 take
1751 1291 62 23 your

1288 1314 66 33 place
1365 1315 36 23 for
1411 1315 42 25 the
1471 1316 66 25 time.

1320 1353 25 23 4.
1362 1352 26 24 If
1403 1361 48 23 you
1472 1356 91 24 cannot
1584 1355 71 27 make
1676 1356 136 34 absolutely

1290 1392 87 25 certain
1388 1392 27 26 of
1422 1401 61 24 your
1504 1394 64 33 kick,
1590 1395 56 26 hold
1667 1404 33 18 on
1721 1399 27 27 to
1768 1397 43 26 the

1290 1428 57 26 ball.

1320 1563 129 27 THINGS
1464 1564 123 27 WORTH
1608 1568 169 25 KNOWING.

1321 1642 44 26 Six
1376 1644 84 33 things
1483 1646 77 25 which
1583 1655 15 17 a
1620 1648 44 31 boy
1686 1649 76 33 ought
1783 1652 27 23 to

1287 1680 121 27 know:-
1588 1699 4 4 .

1319 1720 67 26 First
1418 1722 65 26 That
1494 1731 15 17 a
1519 1724 67 32 quiet
1595 1725 75 29 voice,
1689 1729 120 30 courtesy,

1287 1761 48 24 and
1346 1760 59 25 kind
1416 1764 51 22 acts
1478 1771 40 17 are
1536 1771 28 17 as
1583 1764 116 26 essential
1720 1769 26 22 to
1768 1766 43 25 the
1839 1769 1 5 '

1287 1800 54 29 part
1353 1799 27 24 m
1391 1799 42 25 the
1445 1795 73 30 world
1528 1801 27 24 of
1560 1810 14 15 a
1585 1802 140 32 gentleman
1736 1811 27 17 as
1785 1804 27 26 of

1287 1844 15 21 !&
1317 1837 194 31 gentle-woman.

1322 1876 92 25 Second
1447 1877 64 26 That
1517 1879 141 32 roughness,
1668 1879 141 33 blustering,
1821 1877 3 10 '

1287 1914 49 24 and
1346 1921 61 17 even
1417 1915 174 25 foolhardiness
1602 1924 39 17 are
1659 1920 44 26 not
1712 1918 96 35 jmanli-
1822 1916 3 9 '

1287 1958 61 17 ness.
1383 1950 52 26 The
1446 1954 65 23 most
1522 1953 54 25 firm
1595 1954 49 25 and
1665 1962 145 25 courageous

1288 1996 55 17 men
1353 1988 63 25 have
1428 1990 94 31 usually
1529 1991 61 24 been
1599 1992 112 25 the.most
1719 1992 89 31 gentle.
1819 1990 5 19 ;

1318 2025 174 28 ThirdThat
1513 2028 129 29 muscular,
1658 2030 108 33 strength
1788 2031 21 24 is

1286 2065 44 24 not
1348 2063 94 26 health.
1534 2090 2 5 ,
1629 2062 22 31 ,/
1677 2087 14 8 M
1833 2070 3 14 :

1320 2101 128 25 Fourth
1448 2101 65 28 That
1521 2112 15 17 a
1543 2103 71 26 brain
1621 2105 124 26 crammed
1753 2106 56 33 only

1285 2140 61 26 with
1357 2140 62 26 facts
1430 2140 21 26 is
1461 2143 44 23 not
1515 2134 145 41 necessarily
1668 2152 14 15 a
1690 2144 57 25 wise
1754 2152 55 18 one.

1318 2178 101 25 Fifth
1419 2178 65 26 That
1492 2179 42 26 the
1545 2180 70 26 labor,
1623 2181 140 32 impassible
1785 2184 26 24 to

1285 2217 44 25 the
1340 2218 45 31 boy
1407 2219 27 23 of
1442 2219 111 25 fourteen
1562 2220 90 25 wili.be
1663 2228 64 25 easy
1730 2223 26 23 to
1767 2221 42 26 the

1285 2264 58 17 man
1355 2257 26 24 of
1386 2259 99 30 twenty.
1571 2267 14 13 /:
1611 2265 3 6 '
1655 2276 2 9 ;
1701 2268 4 12 :

1319 2296 104 26 Sixth
1424 2297 63 26 That
1498 2298 43 26 the
1552 2299 51 25 best
1624 2300 94 31 capital
1736 2300 37 25 for
1794 2309 15 17 a
1815 2300 10 34 '/
1830 2297 10 15 ''

1285 2336 44 32 boy
1339 2337 22 25 is
1371 2339 45 23 not
1428 2345 93 24 money,
1534 2338 44 25 but
1589 2347 15 17 a
1614 2339 54 25 love
1684 2340 33 24 ;of
1727 2345 4 14 ;
1735 2340 74 29 work,
1814 2338 4 10 1

1285 2374 82 31 simple
1379 2376 81 27 tastes,
1473 2376 48 24 and
1533 2384 15 16 a
1558 2376 70 25 heart
1638 2376 63 33 loyal
1724 2379 26 23 to
1771 2378 38 25 his
1827 2378 6 7 J

1284 2411 87 25 friend?
1379 2414 48 23 and
1438 2412 39 25 his
1487 2413 63 26 God.
1816 2409 9 15 r:

1317 2449 59 25 Five
1397 2449 83 33 things
1503 2451 55 26 that
1580 2460 15 17 a
1617 2452 45 32 girl
1684 2453 77 32 ought
1783 2455 26 24 to

1283 2486 85 26 know:

1315 2525 66 25 First
1414 2526 395 35 Thatdrawlingtones,languish-
1813 2524 5 17 ;
1831 2527 4 11 :

1282 2564 43 32 ing
1336 2573 62 23 eyes,
1409 2573 27 17 or
1457 2573 33 17 an
1511 2567 103 25 affected
1635 2576 103 18 manner
1758 2555 63 40 will*
1832 2572 8 26 V

1282 2609 75 18 never
1366 2602 94 26 deceive
1482 2613 95 24 anyone
1599 2606 52 26 into
1673 2606 42 26 the
1738 2608 72 25 belief

1283 2640 56 25 that
1350 2642 42 23 she
1402 2641 46 24 has
1459 2650 16 16 a
1485 2642 80 31 gentle
1588 2646 91 24 nature.
1814 2643 21 17 ''

1315 2678 126 24 Second
1442 2679 62 25 That
1526 2680 70 25 while
1617 2681 43 26 the
1681 2682 53 25 best
1763 2690 47 17 un-

1282 2718 96 30 guents,
1390 2717 161 32 depilatories,
1558 2719 49 25 and
1615 2719 128 28 cosnietice
1752 2729 57 26 may

1282 2754 43 26 fail
1335 2755 26 25 m
1372 2755 117 33 affecting
1498 2757 45 25 her
1549 2756 95 34 beauty,
1652 2766 75 19 every-

1282 2793 107 31 thought
1400 2794 49 24 and
1459 2794 91 26 hidden
1563 2797 103 24 emotion
1679 2797 48 25 will
1744 2797 65 26 leave

1282 2840 31 18 an
1324 2832 113 26 indelible
1447 2834 71 25 mark
1529 2842 66 25 upon
1606 2836 43 24 her
1658 2836 54 26 face
1730 2837 79 26 which
1815 2830 25 42 '..j

1281 2870 32 25 he
1324 2870 55 25 that
1390 2879 57 17 runs
1458 2880 58 23 may
1532 2871 65 26 readl
1673 2878 3 6 '
1694 2874 3 9 ;

1314 2907 60 25 Thir
1381 2909 41 22 I
1421 2909 68 25 That
1491 2904 3 11 1
1499 2909 43 25 the
1553 2912 52 23 true
1608 2911 3 10 ;
1624 2911 185 31 gentle-woman

1281 2945 49 25 h'ke
1341 2954 70 24 every
1422 2946 70 26 other
1511 2947 67 32 jewel
1597 2949 28 24 of
1644 2952 72 29 great
1738 2951 90 32 price,,,

1280 2990 74 19 never
1364 2983 95 26 thrusts
1470 2985 88 24 herself
1576 2986 54 25 into
1638 3005 4 6 -
1652 2987 79 26 viewi.
1752 2988 57 25 Nei*
1823 3010 5 13 t

1281 3020 56 25 ther
1347 3021 43 23 her
1411 3021 100 28 clothes,
1535 3022 43 24 her
1599 3023 74 29 voice,
1696 3032 47 17 nor
1764 3025 45 25 her
1816 3017 4 6 '

1281 3065 104 18 manner
1395 3058 125 32 challenge
1531 3060 81 33 public
1620 3061 89 26 notice.

1315 3095 127 24 Fourth
1442 3096 65 25 That
1518 3098 40 23 the
1578 3098 46 31 girl
1647 3099 58 25 with
1726 3100 93 25 whom,

1281 3140 83 24 young
1373 3138 57 19 men
1442 3141 68 24 romp
1522 3135 48 24 and
1587 3135 51 26 flirt
1657 3136 22 25 is
1699 3140 45 22 not
1765 3128 75 36 the,

1282 3177 45 18 one
1338 3170 80 25 whom
1430 3170 59 33 they
1500 3171 88 26 choose
1600 3173 70 25 when
1681 3174 58 32 they
1746 3176 62 24 wish

1282 3208 26 24 to
1320 3215 89 24 marry.
1591 3207 90 13 ;;

1315 3247 99 24 Fifth
1416 3247 64 25 That
1499 3256 26 16 as
1547 3248 55 26 God
1623 3250 47 26 has
1692 3248 139 36 prepared

1283 3293 94 17 woman
1389 3285 48 25 and
1448 3288 55 22 sent
1515 3286 43 25 her
1569 3287 54 25 into
1635 3288 42 24 the
1689 3290 73 24 world
1783 3293 27 22 to
1823 3313 2 3 .

1282 3323 29 25 be
1322 3332 14 15 a
1347 3324 53 25 wife
1422 3325 49 24 and
1492 3334 14 15 a
1529 3328 103 27 mother,
1656 3328 52 24 she:
1721 3329 88 25 should

1282 3361 55 24 look
1348 3361 101 25 forward
1460 3365 27 21 to
1495 3363 71 24 those
1578 3364 136 26 conditions
1725 3367 28 23 of
1757 3366 51 30 life,

1280 3401 45 21 not
1336 3399 59 24 with
1417 3398 57 32 silly
1496 3401 47 23 and
1565 3401 87 31 vulgar
1670 3403 71 30 jests,
1765 3404 45 25 but

1282 3437 57 25 with
1350 3440 118 26 reverent,
1478 3441 96 23 earnest
1586 3440 69 25 effort
1667 3443 34 25 to,
1703 3442 31 25 fit
1755 3444 54 25 her-
1821 3463 6 11 <

1282 3473 44 26 self
1336 3474 38 25 for
1379 3474 77 26 them.
1514 3495 3 3 .
1621 3498 2 5 ,

1282 3610 117 27 HOUSE
1418 3611 43 25 OF
1472 3611 335 31 REPRESENTATIVES.

1397 3650 54 25 The
1462 3651 92 25 Public
1571 3652 123 33 Trustee.

1315 3714 40 24 Mr
1366 3714 76 25 Joyce
1454 3716 57 24 said'
1518 3724 28 17 as
1545 3712 3 13 1
1568 3718 104 33 Captain
1687 3718 131 27 BusseH's:
1845 3712 3 33 J

1282 3752 158 26 amendment
1451 3761 50 17 was
1512 3752 141 28 witHnvvm
1668 3756 33 25 lie
1706 3765 2 8 1
1724 3758 86 25 should

1887 199 69 19 move
1967 201 32 17 an
2010 195 158 26 amendment
2184 200 27 22 to
2222 196 42 27 the
2276 191 79 33 effect'
2358 199 58 26 that

1889 229 40 25 Mr
1940 231 136 27 Hamerton
2086 233 82 32 resign
2180 234 39 25 his
2230 231 68 30 office
2306 235 34 26 as'
2344 226 74 35 Pu-

1889 266 33 26 blic
1933 267 105 31 Trustee,
2062 271 47 24 and
2121 271 54 26 that
2184 281 13 15 a
2206 272 52 26 -Bill
2262 272 5 15 j
2270 273 28 26 be
2308 272 106 34 brought

1890 304 27 26 m
1929 305 153 34 authorising
2097 308 43 26 the
2150 311 117 31 payment
2288 310 26 26 to
2324 310 54 27 hftn
2389 312 28 26 of

1890 351 14 16 a
1916 344 100 30 pension
2038 345 28 24 of
2086 346 70 25 250
2164 347 3 15 !
2174 355 44 24 per
2236 354 114 20 annum.'
2375 350 39 24 He

1891 381 80 32 hoped
1997 383 42 25 the
2063 384 84 26 House
2168 386 80 26 would
2252 397 3 24 ;
2373 388 42 26 his

1893 422 164 25 amendment.
2347 427 4 12 :

1925 462 40 25 Mr
1978 459 91 30 Duthie
2076 465 116 27 seconded
2205 466 41 27 the
2255 468 161 29 amendpient.

1926 503 52 24 The
1990 500 59 29 Son
2059 501 25 29 j.
2097 503 115 40 T^allance
2228 507 48 27 had
2287 517 34 19 no
2331 512 87 29 strong

1893 539 90 33 feeling
1993 541 31 24 oh
2036 541 42 26 the
2090 542 103 29 jiaatter;'
2218 538 79 37 Tsere
2317 553 49 18 was
2383 555 34 16 no

1895 579 142 33 dishonesty
2058 583 26 23 to
2111 579 29 28 be
2168 576 129 45 attribute^
2324 586 27 24 to
2378 586 40 25 Mr

1895 616 144 31 Hamerton,
2063 619 44 25 but
2117 619 33 25 he
2161 620 49 25 had
2375 623 41 24 ad-

1895 654 111 26 minister
2022 656 38 24 his
2071 657 153 32 department
2241 659 176 34 satisfactorily.

1895 692 40 25 He
1944 692 106 33 thought
2062 695 40 24 the
2386 699 32 25 do

1895 729 77 26 better
1982 731 61 29 than
2054 734 26 23 to
2088 741 70 23 agree
2169 736 27 23 to
2206 731 82 36 girting,
2293 736 40 24 Mr
2344 738 74 22 Ham-

1896 769 67 23 erton
1976 766 70 33 66
2057 777 15 18 a
2082 778 65 22 year.

1927 810 40 24 Mr
2133 821 31 24 op
2159 838 4 16 (
2163 814 83 31 poed,
2258 815 42 24 Uv
2304 832 11 18 r
2320 815 98 32 Joyce's

1894 847 164 26 aiTiendment.
2093 850 82 25 When
2203 850 29 26 he
2254 854 164 25 remembered

1879 880 4 13 ''
1895 880 55 31 wlib
1961 888 132 31 appointed
2109 890 40 24 the
2171 890 93 34 utterly
2284 893 131 25 mefficient

1896 926 88 29 officer,
1996 928 48 24 and
2055 936 61 23 gave
2127 929 50 25 him
2189 939 15 16 a
2215 931 80 33 salary
2305 931 28 26 of
2343 928 75 29 'J6BOO

1895 973 15 14 a
1919 968 65 27 year,
1996 965 32 25 he
2039 966 40 24 did
2089 969 46 23 not
2144 960 100 32 wond&f
2264 968 55 26 tKait
2340 978 16 16 a
2366 978 51 17 cer-

1895 1003 52 24 tain
1974 1007 70 28 party
2066 1006 25 24 m
2113 1006 50 24 the'
2181 1007 84 25 House
2269 1006 5 17 >
2291 1005 54 27 Warf
2364 1017 56 24 very

1896 1040 101 27 anxious
2009 1044 25 23 to
2054 1042 67 26 show
2142 1044 175 26 consideration
2341 1049 24 22 to
2377 1047 42 25 the

1896 1078 85 26 Pablic
1992 1079 109 27 Trustee,
2119 1081 42 31 .jit,
2169 1090 49 21 was
2229 1084 144 30 ,the;{de*jre
2395 1085 28 24 of

1893 1140 2 12 :
1895 1118 41 25 the
1948 1118 86 30 Publip
2053 1120 122 27 Accoanls
2363 1124 55 24 that

1896 1155 51 25 this
1957 1159 90 24 matter,
2057 1158 86 38 should,
2199 1181 4 4 .
2209 1159 92 37 spiled,
2306 1160 111 36 [(jnietly,

1896 1192 45 26 but
1963 1202 26 17 as
2018 1195 40 25 Mr
2070 1196 157 27 Haraerton's
2254 1199 91 25 friends
2368 1199 50 26 had

1896 1232 70 24 acted
1978 1240 27 17 so
2016 1233 168 41 injudiciously
2206 1225 148 46 th'a^'^ouVl
2374 1240 46 23 not

1896 1277 55 19 now
1960 1271 30 25 be
2001 1270 70 27 doite.
2077 1265 5 15 1

1973 1311 421 31 constituteo^h^'^^niJWC^T^^

1902 1384 57 33 they
1971 1394 61 22 gave
2044 1386 40 25 Mr
2093 1387 133 34 Hamerton;
2239 1397 74 24 many
2333 1390 89 24 advan-

1899 1423 69 30 tages
1978 1423 79 24 which
2074 1423 31 26 he
2192 1428 43 22 not
2257 1427 99 25 entitled
2379 1431 43 25 to;

1895 1458 45 26 but
1951 1459 42 25 the
2004 1460 137 31 gentlemen
2160 1462 55 26 who
2225 1458 66 37 gaW
2297 1466 3 8 (
2305 1458 44 31 llie
2369 1465 48 24 evi-

1896 1495 75 27 dence
1982 1498 77 25 which
2070 1499 147 26 condemned
2234 1498 187 30 MrHaniertoa

1896 1541 63 18 were
1975 1535 40 26 Mr
2026 1536 136 26 Hamerton
2191 1538 101 28 himself
2310 1540 48 25 and
2377 1541 43 24 his

1895 1571 66 25 chief
1969 1572 74 26 clerk.
2076 1574 40 25 He
2128 1574 104 33 thought
2243 1576 21 25 it
2286 1578 134 32 extremely

1894 1616 86 25 wrong
1990 1609 61 26 tha^
2061 1611 41 25 the
2123 1611 83 27 House
2229 1614 87 25 should
2335 1617 85 30 accept

1896 1646 44 25 the
1950 1648 166 30 amendment,
2128 1658 28 17 as
2166 1658 15 17 a
2187 1651 92 28 private
2285 1653 133 25 individual

1875 1684 1 5 '
1881 1693 3 7 '
1891 1678 58 30 'toad'
1955 1677 37 33 hi/
1999 1681 66 36 right
2080 1678 156 41 tfopp'rodci]
2244 1679 18 22 7
2257 1679 116 36 &imbprs
2396 1691 29 25 of

1896 1722 51 25 this
1974 1723 85 25 House
2080 1725 48 25 and
2150 1726 99 31 bargiim
2270 1729 58 23 with
2351 1730 67 23 them

1896 1759 55 26 that
1961 1753 21 32 if
1987 1760 53 28 /the
2062 1752 97 36 Hoiise''
2167 1752 77 44 vbtfd*
2326 1767 67 24 250
2404 1775 17 17 a

1895 1806 59 24 year
1963 1799 33 25 be
2006 1791 78 34 Would
2096 1799 82 34 resign,
2191 1799 8 16 f
2201 1787 41 45 nij(
2250 1798 94 34 'jaffice?
2374 1804 47 25 Let

1896 1835 53 26 him
1960 1836 63 26 first'
2036 1837 82 33 resigtf
2129 1828 49 36 ihifi
2187 1827 88 44 I'cifflilii
2276 1829 12 22 7
2286 1848 4 3 '
2297 1849 33 18 an
2326 1830 4 21 !
2330 1837 17 30 d
2358 1841 62 27 then

1894 1873 69 27 'allow
1973 1866 45 34 tod
2027 1863 121 40 Houie'tb
2156 1866 54 36 dekl
2221 1870 132 36 Wi^M^.

1884 2021 26 40 A
1936 2021 131 40 STORY
2093 2021 52 40 OF
2171 2021 182 40 RESCUED

1884 2061 469 30 SLAVES.

1875 2151 23 8 :..
1927 2132 54 25 The
1985 2133 127 35 /following
2121 2126 232 42 startimgraccount
2371 2138 48 24 has

1893 2172 156 27 reaehedrtlie
2059 2163 90 36 British
2161 2175 57 24 and/
2222 2175 108 32 Foreign
2331 2183 4 6 1
2337 2174 80 28 Anti-

1886 2209 212 33 :Blaveiy,rSooiety
2371 2215 46 24 sfch

1894 2246 142 32 April;last;[
2051 2249 32 27 10
2102 2249 130 26 xnisemblei
2249 2249 96 33 beings,
2363 2251 55 32 just

1886 2287 107 32 escaped
2008 2288 62 26 firom
2075 2289 4 10 ?
2082 2288 41 26 the
2131 2288 111 33 jawsieqf:
2250 2288 90 31 deai&V
2356 2300 62 17 were

1893 2326 87 26 landed
2005 2329 39 24 iat
2055 2328 62 25 -the*
2138 2329 113 32 'port^of-
2248 2333 5 11 I
2268 2323 150 37 'Kui-i&chee,.

1893 2364 90 25 British
1982 2363 4 11 1
2000 2363 79 27 India,
2090 2372 6 18 j
2112 2365 54 25 The
2184 2363 99 36 'history!
2300 2368 117 26 bfHhese

1875 2401 8 24 i:
1892 2409 60 25 poor
1962 2403 119 31 boys'and'
2086 2403 68 32 girls,
2165 2404 38 25 for
2204 2401 4 13 r
2212 2401 142 29 tltere%etfe
2366 2407 51 24 five

1875 2439 4 23 1
1893 2439 111 26 of-eadhn
2014 2448 50 22 sex,
2062 2440 3 17 1
2069 2450 4 5 -
2084 2439 25 27 Is
2128 2446 26 20 an
2165 2436 178 40 heartrending
2359 2452 58 17 one.

1892 2477 74 28 Some
1971 2480 37 24 12
2015 2479 99 26 Wonths
2122 2488 47 23 ago
2176 2479 59 34 they
2244 2476 174 38 wWsMppea

1893 2516 59 25 with
1954 2524 6 9 7
1970 2516 84 27 .about
2081 2513 139 30 lOOf-'othei
2225 2524 3 7 1
2230 2524 4 13 ;
2241 2519 93 31 slaves/
2334 2523 5 14 1
2350 2520 65 26 from

1886 2555 137 31 iZansdbar,
2036 2557 45 32 ,-by
2095 2556 16 22 J-
2107 2562 6 11 (
2116 2553 195 37 fclaVe4raolng;'J
2316 2554 12 22 (l
2328 2556 89 30 Arabs.

1893 2594 53 25 The
1955 2594 76 26 dhow,
2038 2602 39 19 on>
2081 2596 80 25 which
2164 2601 5 12 ;
2171 2596 58 32 they

1891 2641 103 24 appears
2004 2636 26 24 to
2041 2635 59 25 hare
2111 2636 97 26 coasted
2217 2630 200 37 al'riiig'ibKl&'south

1895 2673 26 25 of
1931 2674 99 28 Arabia;
2041 2674 32 24 its
2084 2674 91 25 human
2187 2683 73 23 cargo
2277 2675 72 33 being
2369 2676 49 25 dis-

1875 2710 94 34 :'posed
1979 2712 25 25 of
2006 2705 6 19 {
2015 2716 26 21 at
2052 2712 96 25 various
2158 2717 66 28 ports
2237 2713 76 25 where
2321 2722 15 17 a
2346 2716 74 29 ready

1875 2765 2 9 >
1896 2750 336 34 markeiwas4oundrTh^
2242 2752 122 28 ia-a,bove
2383 2753 35 25 al-

1894 2790 72 25 luded
1983 2792 26 23 to
2021 2798 59 17 were
2103 2790 52 25 sold
2175 2792 55 40 a^ft
2250 2792 68 41 plage
2340 2792 77 26 called

1875 2830 3 5 ''
1883 2824 12 12 v;
1895 2819 134 40 Sujr,''ln'in
2023 2820 6 14 f
2029 2817 124 36 e''dau^i>f
2156 2822 3 12 l
2161 2822 78 39 i)man
2236 2823 3 7 >
2241 2822 7 33 l
2251 2825 4 8 >
2264 2850 5 3 .
2276 2828 78 28 .Fota
2361 2830 57 31 long

1895 2870 59 22 tune
1964 2870 61 28 they,
2038 2870 105 22 endured
2150 2876 15 17 a
2175 2876 87 17 course
2271 2870 26 23 of
2318 2870 100 24 illtreat-

1875 2896 17 15 i![
2000 2896 37 16 ".i>'
2041 2898 2 11 :
2044 2898 18 19 i.,
2079 2897 107 16 iVTO?'j"J
2204 2893 35 18 "i.'l
2248 2890 44 24 lv,-y
2292 2890 53 27 ,v,;il

1895 2909 66 22 ment
1972 2908 62 29 frpm
2037 2908 70 24 .their
2114 2915 103 22 owners,
2227 2908 80 25 which
2315 2909 106 25 induced

1892 2946 69 25 them
1966 2947 26 24 to
1997 2954 111 23 conspire
2112 2949 26 22 to
2148 2954 47 17 run
2203 2955 74 22 away.
2287 2946 108 31 Finding
2405 2955 17 18 a

1895 2985 71 27 snia.ll
1978 2985 56 23 boat
2045 2992 60 16 near
2123 2985 44 23 the
2176 2985 86 28 shore,,
2278 2986 69 23 these
2359 2992 59 21 poor

1894 3070 103 30 Wffln?
1996 3062 12 24 1
2004 3088 11 14 :.,
2029 3062 61 39 %T
2092 3062 104 45 dai^f
2196 3071 150 31 Ifi,Wt,l
2347 3065 10 23 t
2375 3066 44 22 OUt

1895 3100 56 24 food
1962 3107 28 17 or
1999 3101 82 27 water,
2093 3102 37 23 set
2138 3097 44 27 sail
2190 3100 56 35 |ntp.
2250 3100 39 25 the
2296 3097 122 40 unknown

1883 3126 284 53 /jiidian'.^OceaQ.,^^,
2180 3125 195 57 '^I'^^Jet
2396 3138 31 26 of

1895 3175 68 24 dates
1971 3171 55 28 that
2037 3171 126 42 happened
2180 3178 40 34 .to,
2224 3177 30 23 Up
2266 3178 26 23 at
2314 3176 43 26 the
2368 3177 54 25 bot-

1874 3238 2 6 r
1896 3206 88 44 tq^of
1994 3205 43 47 tlje
2045 3209 56 27 boat
2102 3232 2 2 .
2106 3239 13 14 ]f
2123 3202 234 53 enab|od'^|emjsc
2373 3215 51 24 live-

1896 3245 33 31 6ix
1940 3258 56 23 very
2004 3243 98 38 meagre'
2112 3243 56 33 fare'
2173 3252 38 24 for
2218 3269 6 8 ,
2231 3250 55 27 five'
2297 3253 71 25 datSL:
2376 3253 50 26 bot.

2211 3292 107 40 5!^W
2331 3295 91 37 fwater.

1875 3349 5 17 .;
1888 3328 57 38 M
2344 3339 13 16 s
2379 3339 41 16 ex-

1876 3360 27 55 ;
1903 3360 439 55 :^HmiliHi/ft.nft
2342 3376 7 16 1
2349 3376 5 6 '
2374 3368 49 25 five

1896 3403 58 31 days
1966 3403 26 23 at
2003 3403 40 29 tqe
2054 3410 84 26 mercy
2158 3403 31 23 of
2206 3403 44 24 thd
2270 3404 77 25 winds
2370 3405 49 26 an
2434 3403 15 33 3

1894 3435 89 40 Raves'.
2016 3438 35 27 At
2071 3440 42 37 tj^e
2135 3441 49 25 end
2204 3433 115 42 o^ihis'
2325 3444 97 25 terrible

1896 3481 67 38 iime^
1975 3488 67 18 more
2053 3475 134 45 d^d'tl^an
2183 3507 9 14 v
2198 3472 64 42 aiiye
2262 3500 12 12 r
2274 3474 63 40 'wey
2334 3501 6 16 ;
2358 3492 65 17 were

1894 3520 85 32 picked
1999 3528 32 23 up
2031 3518 47 34 Jby'
2085 3519 43 28 the
2136 3537 4 13 ;
2149 3514 108 45 capjt^'
2264 3537 4 18 ,
2269 3521 28 24 of
2314 3514 15 45 jj
2340 3523 83 25 native

1893 3559 73 37 craf,^;
1981 3559 76 31 who,f
2058 3558 78 27 ended
2142 3558 71 38 .^liefla
2220 3555 61 29 witih
2282 3556 2 10 1
2290 3559 131 39 the^great-

1874 3620 2 4 ,
1895 3601 42 21 est.
1942 3597 115 25 kindness
2068 3596 49 25 and
2128 3596 99 33 qartied,
2330 3602 25 32 p
2378 3600 42 24 the

1893 3636 55 30 pcirt
1957 3635 39 24 for
2006 3634 79 30 whicU
2097 3629 31 42 %
2139 3642 45 16 was
2196 3633 87 29 bound,
2295 3626 50 45 aii^
2352 3636 69 25 there
2430 3636 10 28 '

1880 3693 3 5 .
1892 3672 33 27 he.
1935 3672 116 36 delivered
2063 3666 185 43 t^eni^ver.^p
2260 3666 52 43 ,-jth^e
2327 3673 93 30 British
2433 3674 6 10 1

1875 3732 1 14 ,
1881 3706 5 35 ]
1890 3703 158 42 authori^es^
2058 3733 5 13 t
2068 3733 2 2 .
2076 3710 182 35 $bsqriptipns
2264 3732 3 14 ,
2270 3720 62 17 were
2339 3713 86 27 raised

1891 3751 28 24 to
1928 3744 55 31 fazd
1994 3749 71 26 these
2072 3756 66 28 poo^
2143 3749 78 30 waifs,
2232 3749 49 30 and
2293 3739 71 46 J^jen
2373 3751 48 28 ilos

556 58 168 33 OXFORD
764 59 89 31 AND
895 61 102 31 GUST
1041 63 218 32 OBSERVER
1282 65 233 40 SATURDAY,
1530 68 165 31 AUGUST
1718 70 48 35 29,
1799 72 85 31 1891.
