4239 6026
176 4464 248 94 Lyell
473 4464 297 94 Times.

240 4635 207 34 SATURDAY,
459 4637 99 29 JUNE
573 4640 41 29 12,
628 4640 76 28 1886.

197 4721 80 29 Since
300 4720 46 30 the
368 4722 126 37 cleaning
515 4733 36 26 up
573 4727 29 25 at
623 4724 47 29 the
692 4726 99 28 United

160 4758 108 37 Alpine,
282 4759 52 28 last
346 4759 173 38 Wednesday
540 4761 84 32 week,
638 4762 46 28 the
705 4762 87 35 filling

160 4797 30 28 in
202 4801 28 24 at
243 4796 46 29 the
307 4797 74 29 mine
404 4798 50 28 has
474 4798 67 28 been
564 4800 161 35 completed,
738 4802 53 27 and

161 4834 36 26 all
211 4834 97 31 hands,
322 4835 66 26 with
402 4835 46 26 the
459 4837 139 34 exception
609 4838 30 25 of
648 4838 77 26 those
736 4847 34 18 em-

161 4870 99 38 ployed
274 4870 27 30 in
314 4871 46 29 the
373 4877 140 30 cross-cut,
526 4882 45 20 are
590 4882 61 21 now
663 4873 130 39 breaking

162 4910 80 28 down
265 4915 86 23 stone.
397 4911 57 29 The
476 4911 107 37 batteiy
613 4913 102 28 started
740 4914 53 29 last

162 4948 136 37 Tuesday,
311 4948 54 28 and
379 4957 36 29 up
433 4953 28 24 to
482 4950 52 27 last
553 4950 80 35 night
653 4951 50 28 has
724 4951 67 29 been

162 4986 120 35 running
295 4987 32 36 8£
341 4986 77 38 days.
454 4988 42 28 On
518 4988 144 38 Thursday
676 4990 46 29 the
736 4990 41 29 bat-

162 5031 59 29 terp
234 5035 56 18 was
303 5027 113 34 stopped
441 5028 32 25 18
494 5027 84 27 hours
598 5029 91 32 owing
709 5033 29 23 to
756 5039 34 17 an

163 5063 124 28 accident
301 5068 26 22 to
340 5063 46 28 the
399 5072 70 24 race,
482 5073 16 18 a
511 5064 73 34 large
606 5065 52 37 slip
681 5067 30 26 of
729 5066 64 28 rock

164 5101 104 37 having
280 5100 82 31 taken
375 5101 76 39 place
465 5113 33 18 on
512 5102 45 30 the
571 5103 44 29 old
638 5105 105 37 portion
765 5107 30 28 of

162 5141 30 26 it.
229 5141 120 27 Tenders
360 5141 56 28 will
429 5141 32 26 be
474 5143 85 26 called
572 5147 66 22 next
659 5145 75 26 week
752 5146 41 26 for

163 5178 46 29 the
222 5178 60 29 first
293 5179 102 28 section
409 5179 30 28 of
449 5179 52 28 No.
515 5181 16 28 7
545 5180 78 36 level,
637 5185 27 25 to
681 5181 71 31 close
765 5187 29 25 at

162 5222 64 24 next
240 5218 127 36 monthly
380 5218 128 36 meeting.

198 5265 40 27 St.
261 5265 100 26 Leon's
383 5264 87 28 circus
492 5265 103 36 opened
618 5267 27 27 in
665 5267 78 29 Lvell
757 5277 33 18 on

163 5301 143 37 Thursday
320 5303 115 35 evening
458 5303 63 28 with
545 5314 34 17 an
605 5305 56 28 £B6
686 5308 46 26 15s
753 5312 26 22 at-

163 5341 143 33 tendance,
313 5340 55 29 and
375 5340 48 29 left
432 5340 41 29 for
480 5341 150 30 Wakefield
640 5344 153 38 yesterday.

198 5390 53 28 His
265 5389 144 38 Lordship,
419 5390 103 37 Bishop
536 5391 89 33 Suter,
636 5394 112 27 assisted
761 5397 33 33 by

163 5428 47 27 the
224 5428 67 28 Rev.
306 5428 31 27 T.
351 5428 33 27 B.
399 5428 133 32 Maclean,
547 5430 55 26 will
617 5430 63 28 hold
693 5432 100 27 Diviue

162 5465 102 28 service
278 5467 28 26 in
329 5466 39 27 St.
393 5465 157 29 Matthew's
571 5466 119 34 Church,
705 5468 88 37 Lyell,

164 5514 35 18 on
214 5504 120 36 Monday
348 5505 117 36 evening
478 5508 72 30 next,
562 5506 64 30 14th
640 5505 113 36 instant,
767 5512 28 25 at

163 5542 132 37 half-past
307 5552 81 19 seven
406 5543 112 28 o'clock.

198 5590 58 28 The
270 5589 123 29 Catholic
406 5592 192 35 congregation
612 5592 30 28 of
659 5592 77 35 Lyell
750 5602 45 19 are

164 5627 142 38 requested
320 5633 27 23 to
361 5628 31 28 be
405 5628 28 28 in
445 5629 162 29 attendance
620 5640 34 18 on
669 5630 125 37 Tuesday

165 5667 139 28 afternoon
318 5672 66 23 next
396 5668 41 27 for
450 5667 46 29 the
509 5677 115 28 purpose
635 5669 30 27 of
675 5669 121 34 meeting

164 5705 104 38 Bishop
294 5705 147 35 Redwood,
465 5706 61 29 who
551 5707 53 28 will
632 5707 31 29 he
691 5718 86 19 accom-

164 5744 99 38 panied
286 5745 34 37 by
344 5745 116 30 Fathers
485 5746 126 33 Holland,
633 5747 162 33 O'Donnell,

164 5785 53 28 and
249 5784 110 29 Brown.
407 5785 53 28 His
485 5785 134 37 Lordship
645 5787 56 27 will
731 5787 65 28 hold

164 5832 104 18 masses
281 5822 54 28 and
348 5823 191 28 confirmation
548 5834 35 17 on
597 5824 47 27 the
658 5825 138 36 following

157 5860 68 40 4laj',
241 5860 182 40 Wednesday.

842 242 59 28 Our
913 243 144 29 Warden's
1071 244 84 28 Court
1173 246 90 34 report
1285 242 55 29 ami
1362 243 72 28 other

809 280 67 28 local
891 287 97 22 matter
1001 291 22 18 is
1037 281 183 36 unavoidably
1233 281 63 28 held
1309 291 50 19 ove
1375 302 6 7 .

844 329 80 28 Mails
943 330 41 29 for
1007 330 101 29 United
1129 329 146 31 Kingdom,
1289 330 148 28 Continent

808 367 32 28 of
853 369 118 36 Europe,
983 369 52 27 and
1051 369 101 28 United
1167 370 90 27 States
1265 369 29 28 of
1306 369 134 28 America,

807 406 48 27 via
869 407 53 27 San
947 407 152 33 Francisco,
1114 408 54 27 will
1190 409 70 27 close
1281 416 36 19 on
1336 407 85 28 Thurs-

807 444 62 35 day,
893 445 62 28 17th
981 446 82 31 June,
1086 451 28 22 at
1136 447 12 26 1
1173 447 33 26 30
1225 455 65 27 p.m.
1338 446 101 34 Money

807 482 93 29 orders
913 483 41 29 for
967 484 101 28 'Frisco
1083 484 65 29 mail
1162 484 55 29 will
1239 484 33 29 be
1294 484 90 30 issued
1403 492 37 29 up

809 526 26 22 to
849 522 16 26 4
879 531 64 26 p.m.
959 531 34 18 011
1008 523 63 27 15th
1085 524 113 27 instant.

844 568 81 27 Mails
945 570 41 26 for
1009 569 101 28 United
1133 570 138 34 Kingdom
1294 570 60 29 and.
1368 570 52 28 Con-

808 606 88 28 tinent
910 607 30 27 of
950 607 108 36 Europe
1075 609 58 35 (per
1150 609 92 32 Doric,
1256 609 51 28 due
1329 611 28 26 at
1380 608 45 37 Ply-

807 645 96 27 mouth
918 646 105 35 August
1037 647 57 33 7th)
1110 647 70 28 close
1194 651 27 24 at
1235 647 77 37 Lyell
1331 647 109 35 Friday,

809 683 62 27 18th
890 684 114 32 instant,
1018 689 27 23 at
1068 686 16 26 9
1103 694 65 18 a.m.
1206 685 234 37 Correspondence

806 726 74 23 must
893 720 33 29 be
936 722 131 35 specially
1080 722 145 29 addressed
1267 733 48 26 per

808 804 192 28 RESIDENT
1016 805 274 30 MAGISTRATE'S
1308 807 133 35 COURT,

1057 854 134 28 LYELL.

893 941 189 34 Wednesday,
1101 943 49 28 9th
1169 943 85 33 June,
1275 944 75 27 1886.

846 1034 107 37 (Before
983 1035 92 28 Frank
1105 1034 76 34 Bird,
1200 1035 77 36 Esq.,
1308 1034 97 37 R.M.).

961 1094 24 20 P.
999 1094 123 20 CARROLL
1136 1095 27 19 V.
1176 1094 22 20 J.
1213 1094 81 20 RYAN.

846 1133 67 28 Case
922 1133 172 28 withdrawn.
1125 1133 58 28 The
1194 1133 95 28 Bench
1300 1133 144 28 remarked

811 1170 61 29 that
893 1171 54 29 this
969 1180 55 19 was
1045 1180 16 19 a
1082 1171 103 29 serious
1204 1171 107 35 charge,
1325 1170 55 29 aud
1393 1180 51 19 one

811 1209 89 29 which
915 1209 97 30 should
1025 1219 78 20 come
1115 1209 89 29 before
1228 1209 47 29 the
1298 1209 92 33 Court,
1405 1219 26 18 es-

811 1248 116 36 pecially
940 1249 69 28 after
1021 1248 113 34 hearing
1155 1251 148 26 statement
1317 1248 80 27 made
1410 1248 36 36 by

811 1287 47 28 the
871 1286 86 36 police
971 1287 66 28 with
1050 1291 105 31 respect
1167 1291 28 24 to
1209 1288 46 27 the
1277 1287 118 27 conduct
1416 1286 31 28 of

812 1324 148 30 defendant
991 1335 36 19 on
1056 1326 127 36 previous
1213 1325 147 33 occasions,
1390 1324 54 28 and

812 1364 76 29 ruled
913 1364 61 29 that
993 1374 28 18 in
1044 1364 90 29 future
1156 1364 76 29 these
1251 1363 196 29 informations

813 1402 97 28 should
924 1402 33 28 be
970 1402 150 37 proceeded
1133 1403 75 27 with.

1010 1458 72 21 RYAN
1102 1458 18 20 V
1139 1458 112 21 CROWLE

846 1497 89 28 Claim
955 1497 42 29 for
1009 1499 58 27 <£so
1078 1497 41 28 for
1126 1507 115 23 waggon
1259 1497 53 27 and
1325 1497 123 27 harnessi

812 1534 54 27 and
880 1535 56 27 4-50
948 1535 41 26 for
1000 1535 139 26 detention
1153 1535 30 26 of
1192 1543 84 18 same.

847 1571 45 29 Mr
911 1571 154 38 Moynihan
1094 1571 42 30 for
1163 1571 126 38 plaintiff,
1320 1570 56 30 and
1406 1570 44 29 Mr

813 1610 139 27 Haselden
966 1611 41 26 for
1020 1610 154 27 defendant.

846 1647 97 28 James
964 1648 98 35 Ryan:
1082 1647 15 27 I
1119 1656 45 19 am
1178 1655 16 20 a
1216 1646 171 37 storekeeper
1409 1655 26 19 re-

812 1684 89 35 siding
922 1689 28 23 at
964 1684 87 37 Lyell,
1070 1684 149 29 defendant
1234 1684 51 28 has
1298 1694 16 18 a
1334 1694 115 26 waggon

812 1722 54 29 and
879 1723 113 28 harness
1004 1732 48 28 my
1065 1728 137 32 property.
1239 1722 45 29 He
1303 1723 23 27 is
1346 1722 86 29 detain-

811 1762 48 34 img
870 1771 76 19 same
959 1766 127 31 contrary
1099 1766 28 24 to
1139 1771 46 26 my
1199 1761 108 29 written
1321 1761 80 29 order
1421 1765 29 25 to

812 1799 103 27 deliver
936 1799 86 26 them.
1071 1800 58 26 The
1143 1802 72 32 price
1237 1799 30 26 of
1287 1808 96 24 wagon
1404 1799 45 26 &o.

811 1845 56 20 was
881 1836 82 34 £l3O,
977 1835 45 30 the
1032 1839 116 26 amount
1155 1839 28 25 to
1193 1836 32 29 be
1235 1835 64 39 paid
1307 1836 29 28 in
1346 1836 100 35 freight

811 1878 29 25 at
853 1880 108 24 current
973 1879 82 30 rates,
1068 1876 35 28 he
1115 1876 136 34 receiving
1263 1876 61 27 half
1340 1875 108 35 freight,

811 1913 130 28 balancto
951 1924 34 23 go
995 1914 40 27 for
1044 1917 131 33 payment
1185 1915 29 26 of
1221 1914 103 30 horses,
1335 1923 114 26 waggon

811 1950 54 28 and
896 1950 122 28 harness.
1066 1950 58 28 The
1153 1954 128 33 property
1310 1951 141 27 remained

810 1988 76 31 mine
909 1989 72 30 until
1005 1998 46 21 am
1056 1994 64 25 sunt
1145 1989 129 30 satisfied.
1321 1989 45 31 He
1386 1989 65 30 took

811 2029 153 36 possession
978 2039 35 18 on
1028 2029 156 28 November
1197 2029 57 32 3rd,
1267 2029 137 34 18S5,and
1416 2030 35 28 he

811 2066 109 29 worked
944 2067 77 29 them
1044 2067 72 30 until
1143 2067 47 29 the
1213 2067 141 36 following
1380 2067 68 29 New

811 2105 94 28 Year's
918 2105 62 35 day,
992 2106 81 27 when
1086 2106 34 27 he
1133 2106 137 27 informed
1282 2116 45 18 me
1341 2106 61 27 that
1415 2106 35 28 hj?

811 2142 90 29 would
914 2142 82 29 break
1009 2145 11 26 t
1041 2152 15 19 e
1069 2147 157 33 agreement
1241 2152 35 20 on
1290 2148 117 25 account
1425 2143 29 29 of

810 2182 37 28 its
1138 2183 45 27 He
1195 2182 68 28 then
1282 2182 102 29 offered
1405 2192 44 19 me

811 2220 129 37 delivery,
965 2218 165 31 andnstated
1151 2220 62 30 that
1237 2220 93 30 Aaron
1363 2220 88 30 Carne

811 2258 90 30 would
914 2259 111 29 become
1038 2269 16 19 a
1067 2259 156 37 purchaser.
1260 2260 15 28 I
1289 2260 83 29 asked
1393 2260 57 28 him

812 2302 28 24 to
853 2297 62 29 take
927 2298 77 28 them
1016 2304 30 22 to
1068 2298 44 28 his
1133 2307 62 19 own
1207 2298 78 37 place
1308 2298 54 28 and
1385 2298 67 37 keep

812 2336 76 28 them
903 2336 72 28 until
992 2335 85 29 Carne
1091 2335 85 29 called
1197 2336 42 28 for
1247 2336 86 32 them,
1347 2337 55 28 and
1422 2338 29 27 in

813 2374 46 30 ths
866 2375 148 29 meantime
1020 2377 28 27 to
1054 2378 49 34 put
1113 2374 47 30 the
1170 2374 93 30 horses
1277 2375 28 29 in
1316 2375 135 37 Christy's

813 2413 123 38 paddock
951 2413 54 30 and
1017 2413 69 37 keep
1095 2413 46 30 the
1149 2423 114 28 waggon
1275 2418 28 25 at
1310 2414 44 29 his
1366 2415 85 36 place.

814 2453 14 26 I
841 2452 63 36 paid
917 2452 41 28 for
970 2452 47 27 the
1038 2452 173 36 paddocking
1225 2453 29 27 of
1265 2453 94 28 horses
1380 2454 71 27 until

814 2490 87 27 Carne
913 2489 63 29 took
984 2490 161 35 possession.
1178 2490 156 28 Defendant
1343 2491 108 28 refused

814 2531 28 25 to
855 2528 60 36 give
928 2528 152 37 possession
1102 2537 36 19 on
1150 2527 47 29 the
1221 2528 119 36 grounds
1359 2529 31 28 of
1408 2538 28 20 ex-

816 2575 96 29 penses
941 2566 125 30 incurred
1096 2576 37 20 on
1159 2568 111 37 repairs.
1325 2568 15 28 I
1370 2577 84 23 never

815 2606 85 28 heard
919 2606 31 28 of
967 2615 56 27 any
1044 2606 81 28 claim
1146 2606 71 28 from
1241 2606 148 29 defendant
1412 2608 42 28 for

816 2652 130 29 expenses
958 2644 28 28 ot
1007 2645 104 36 repairs
1124 2647 28 26 to
1166 2653 122 28 waggon,
1312 2645 137 38 receiving

817 2683 60 28 that
900 2683 176 28 information
1100 2683 71 28 from
1197 2684 100 28 others.
1346 2685 14 27 I
1387 2685 63 36 paid

817 2721 58 28 him
898 2721 56 30 £42
976 2722 46 27 lis
1046 2720 35 30 3d
1101 2721 99 36 freight
1221 2725 47 25 out
1293 2722 30 29 of
1343 2732 16 19 a
1383 2723 68 29 total

817 2759 100 30 earned
931 2759 35 38 by
979 2759 59 29 him
1051 2759 31 30 of
1093 2760 55 29 £SO
1160 2763 39 31 ss,
1219 2761 66 28 with
1298 2761 47 29 the
1367 2762 86 29 desire

817 2798 30 28 of
854 2798 111 36 helping
973 2798 67 27 him.
1077 2798 14 28 I
1101 2799 70 27 have
1179 2802 28 25 to
1217 2799 77 28 make
1303 2800 148 28 allowance

818 2839 28 25 to
859 2836 87 28 Carne
959 2836 41 28 for
1018 2836 46 28 the
1081 2836 137 28 detention
1230 2838 30 26 of
1269 2846 124 27 waggon.
1439 2838 14 27 I

816 2883 68 26 gave
896 2874 88 28 Carne
997 2882 36 19 an
1046 2873 79 29 order
1136 2878 29 24 to
1178 2874 62 30 take
1253 2874 120 38 delivery
1383 2876 68 28 from

818 2912 112 29 Crowle.

851 2951 236 27 Cross-examined
1112 2951 36 35 by
1173 2952 45 26 Mr
1241 2952 158 28 Haselden:
1419 2953 34 27 In

818 2987 123 33 October,
955 2987 105 32 1885,1
1075 2992 84 23 wrote
1171 2991 28 25 to
1210 2988 104 29 Crowle
1334 2995 104 31 request-

818 3025 57 27 him
889 3027 28 26 to
930 3024 62 32 take
1011 3025 47 28 the
1079 3034 115 26 waggon
1215 3026 55 28 and
1291 3026 103 29 horses.
1440 3027 13 28 1

818 3062 54 28 had
886 3062 154 37 previously
1050 3063 80 29 made
1143 3073 16 19 a
1179 3064 105 28 similar
1296 3069 157 31 agreement

818 3101 66 30 with
899 3102 44 28 Mr
962 3101 116 35 Kearns,
1096 3102 48 29 but
1162 3102 23 30 it
1206 3113 55 19 was
1283 3107 50 26 not
1352 3105 102 28 carried

818 3143 55 27 out,
887 3140 47 27 the
947 3140 73 34 price
1033 3140 81 35 being
1131 3142 82 25 £l5O.
1249 3142 16 25 I
1278 3142 108 26 worked
1406 3143 47 27 the

817 3179 73 26 team
910 3175 108 39 myself,
1042 3177 103 37 paying
1164 3187 16 19 a
1200 3177 98 36 driver,
1321 3178 69 30 after
1407 3179 47 29 the

818 3220 193 30 arrangement
1028 3217 67 27 with
1118 3216 114 29 Kearns.
1269 3217 108 37 During
1394 3218 60 28 that

818 3257 156 32 agreement
987 3253 106 29 Kearns
1113 3254 65 38 paid
1196 3264 45 19 me
1253 3254 121 30 between
1398 3257 56 29 £4O

818 3292 54 28 and
886 3293 62 28 £6O.
985 3293 15 27 I
1014 3293 56 28 told
1083 3293 103 28 Crowle
1199 3293 61 28 that
1270 3295 14 26 I
1297 3295 91 27 would
1408 3299 45 29 get

818 3330 115 28 another
952 3330 80 28 horse
1053 3331 41 28 for
1105 3330 69 34 him,
1196 3340 30 20 as
1243 3331 34 29 he
1299 3332 88 28 stated
1407 3333 46 28 the

817 3372 72 25 team
898 3379 57 18 was
963 3368 156 30 inefficient.
1156 3370 15 27 I
1181 3370 157 29 considered
1348 3372 14 26 I
1374 3372 80 28 made

817 3415 36 21 no
866 3407 54 29 sale
933 3410 28 26 to
983 3417 54 28 any
1053 3412 81 33 party
1155 3408 72 29 until
1247 3408 68 30 such
1336 3409 67 29 time
1424 3419 30 20 as

818 3446 46 28 the
876 3445 132 37 purchase
1020 3455 56 19 was
1089 3447 162 35 completed.
1288 3447 15 27 I
1318 3448 135 28 informed

817 3483 95 37 people
926 3483 14 28 I
962 3483 59 28 sold
1033 3487 28 24 to
1078 3483 114 29 Crowle.
1238 3484 113 29 Reuben
1364 3486 88 28 Carne

817 3520 83 31 billed
921 3531 44 20 me
976 3521 42 30 for
1037 3521 75 30 work
1126 3521 69 31 done
1214 3532 35 21 on
1262 3523 46 30 the
1329 3534 124 27 waggon.

818 3561 14 27 I
844 3561 160 36 repudiated
1024 3561 48 28 the
1092 3566 115 23 account
1224 3563 131 35 referring
1376 3573 76 18 same

816 3601 28 25 to
863 3598 112 29 Crowle.
1023 3599 15 28 I
1063 3603 101 24 cannot
1187 3608 48 28 say
1260 3600 124 29 whether
1407 3601 46 29 the

817 3647 112 27 waggon
943 3647 56 20 was
1011 3638 28 28 in
1053 3638 69 35 good
1135 3639 88 37 repair
1236 3637 78 31 when
1329 3639 14 29 I
1356 3640 58 29 sold
1432 3641 21 28 it

817 3681 28 23 to
858 3676 112 28 Crowle.
1014 3676 105 28 Crowle
1132 3681 83 24 wrote
1228 3687 44 18 me
1291 3687 75 19 some
1388 3680 65 26 time

816 3713 70 29 after
905 3712 95 38 taking
1019 3713 153 38 possession
1194 3714 61 29 that
1267 3714 47 30 the
1336 3725 115 27 waggon

818 3763 55 18 was
885 3753 36 28 all
934 3757 28 24 to
974 3753 95 36 pieces.
1107 3753 158 33 M'Dowall,
1283 3764 48 25 my
1352 3754 99 35 driver,

816 3791 21 28 it
856 3790 127 29 detained
1004 3791 28 28 in
1056 3791 138 37 Westport
1214 3801 16 19 a
1251 3792 85 33 week,
1355 3793 21 28 it
1400 3803 55 20 was.

816 3833 47 25 not
882 3829 118 36 through
1021 3833 77 26 want
1119 3829 29 30 of
1166 3829 103 38 repairs
1282 3836 28 24 to
1329 3841 124 26 waggon,

817 3869 48 27 but
873 3869 213 36 intemperance.
1123 3869 15 27 I
1150 3869 63 37 paid
1225 3871 57 26 £3O
1291 3871 40 26 for
1340 3870 114 29 harness

818 3915 36 20 on
875 3906 128 31 Crowle's
1021 3911 124 32 account,
1159 3908 54 29 and
1235 3917 68 29 gave
1316 3908 58 30 him
1397 3909 57 30 £lO

817 3946 29 28 in
863 3946 74 28 cash.

852 3984 197 29 Re-examined
1062 3984 38 37 by
1112 3984 45 29 Mr
1170 3984 171 38 Moynihan:
1360 3986 15 28 I
1388 3995 48 20 con-

818 4022 103 30 sidered
945 4022 47 30 the
1011 4027 128 34 property
1163 4024 75 28 mine
1261 4024 72 29 until
1351 4025 22 29 it
1394 4035 57 19 was

818 4061 62 38 paid
904 4062 49 29 for.
1002 4062 42 29 On
1070 4062 68 30 New
1162 4063 96 29 Year's
1270 4063 54 38 day
1348 4064 103 30 Crowle

818 4100 101 29 offered
932 4104 27 25 to
969 4101 60 35 give
1042 4110 37 27 up
1093 4103 161 34 possession.

852 4140 91 27 Aaron
968 4139 86 28 Came
1057 4139 49 28 —1
1130 4149 46 19 am
1195 4150 16 18 a
1235 4141 99 28 carrier
1353 4150 35 20 on
1407 4142 46 29 the

818 4177 94 28 Buller
924 4178 87 28 Road.
1047 4178 112 29 Charles
1171 4179 104 28 Crowle
1283 4190 77 18 came
1371 4185 28 24 to
1409 4190 44 20 me

818 4216 83 29 about
924 4216 153 29 Christmas
1094 4217 66 28 time
1258 4218 83 29 asked
1360 4229 44 18 me
1425 4223 28 25 to

818 4254 55 36 buy
891 4254 46 28 the
955 4264 116 25 waggon
1096 4255 94 29 horses
1209 4256 54 28 and
1288 4257 113 28 harness
1425 4264 29 23 at

819 4293 82 29 i>l3o.
949 4292 15 29 I
988 4293 57 29 told
1065 4293 57 29 him
1142 4294 61 29 that
1220 4295 22 29 it
1260 4305 56 19 was
1334 4305 16 19 a
1368 4296 39 29 lot
1425 4296 30 29 of

818 4339 118 28 money;
955 4331 49 29 but
1021 4331 89 29 before
1129 4332 104 35 closing
1251 4334 66 28 with
1334 4344 54 27 any
1403 4345 50 19 one

818 4369 54 29 else
891 4373 27 25 to
936 4369 39 30 let
992 4378 45 20 me
1054 4370 90 29 know.
1181 4371 45 28 He
1244 4373 129 30 returned
1390 4373 28 27 in
1438 4383 15 18 a

818 4407 76 30 week
917 4408 55 29 and
991 4408 59 29 said
1067 4409 62 29 that
1147 4409 35 30 he
1206 4410 131 30 intended
1360 4411 94 38 giving

818 4447 77 29 them
913 4457 37 27 up
968 4458 29 18 as
1016 4448 66 36 they
1102 4458 70 19 were
1190 4459 36 18 no
1250 4450 70 36 good
1339 4456 27 23 to
1386 4451 66 28 him.

819 4486 44 26 He
882 4486 46 26 did
941 4489 48 24 not
1007 4495 48 27 say
1075 4491 28 23 to
1121 4486 93 28 whom
1233 4487 34 28 he
1286 4497 55 18 was
1360 4489 94 35 giving

818 4523 77 30 them
913 4532 46 30 up,
979 4523 48 30 but
1051 4524 15 29 I
1090 4534 115 29 suppose
1226 4526 61 29 that
1305 4526 22 29 it
1350 4537 57 19 was
1425 4531 28 26 to

819 4564 89 35 Ryan.
945 4564 44 28 He
1011 4564 57 28 said
1081 4564 62 29 that
1157 4566 106 27 outside
1276 4566 30 27 of
1315 4567 47 28 the
1381 4567 72 35 price

818 4602 76 28 there
906 4610 57 19 was
975 4611 76 19 some
1063 4611 101 27 repairs
1178 4606 26 24 to
1218 4603 32 27 be
1264 4604 62 35 paid
1339 4604 49 33 for,
1399 4605 54 27 and

819 4648 16 18 a
847 4639 103 28 certain
964 4648 61 18 sum
1043 4642 29 26 to
1084 4639 118 29 himself.
1249 4640 44 28 He
1308 4641 83 28 asked
1413 4651 40 19 me

818 4680 28 25 to
859 4676 80 29 make
953 4686 35 20 an
1002 4678 189 37 appointment
1202 4680 29 26 to
1243 4686 74 21 meet
1329 4679 90 37 Ryan,
1439 4680 14 28 I

818 4715 107 28 refused
936 4726 35 18 on
981 4716 46 29 the
1036 4717 119 33 grounds
1165 4717 30 28 of
1202 4727 90 18 excess
1303 4719 29 26 of
1339 4724 115 22 amount

819 4753 30 27 of
859 4753 140 35 purchase.
1037 4754 14 26 I
1064 4753 121 28 received
1203 4764 16 18 a
1233 4755 128 33 telegram
1383 4756 70 27 from

819 4791 81 36 Ryan
913 4791 113 36 offering
1038 4791 46 29 the
1098 4797 127 32 property
1239 4797 27 24 to
1280 4803 52 18 ine.
1370 4794 14 27 I
1398 4799 57 23 met

820 4829 78 34 Ryau
918 4829 54 25 and
986 4830 111 25 entered
1115 4830 57 26 into
1186 4840 34 16 an
1235 4836 157 27 agreement
1409 4832 43 25 for

819 4873 112 27 waggon
945 4865 54 28 and
1018 4865 102 35 horses,
1131 4865 77 29 when
1223 4867 35 27 he
1270 4877 68 24 gave
1352 4877 47 19 me
1418 4878 36 19 an

819 4903 78 28 order
909 4904 41 28 for
964 4904 45 28 the
1021 4905 100 27 horses.
1158 4905 14 28 I
1186 4906 106 35 got.the
1305 4907 92 27 horses
1407 4907 48 27 but

819 4942 105 27 Crowle
942 4942 107 27 refused
1073 4952 115 26 waggon
1207 4945 103 35 stating
1334 4945 60 27 that
1418 4945 35 28 he

819 4980 125 38 required
964 4985 130 33 payment
1111 4981 40 29 for
1163 4983 111 37 repairs.
1312 4983 14 29 I
1345 4983 45 30 did
1409 4988 46 25 not

819 5020 80 26 know
929 5021 106 34 exactly
1070 5024 28 24 to
1132 5021 92 27 whom
1260 5021 46 28 the
1342 5032 113 24 waggon

819 5055 142 35 belonged.

854 5095 80 29 Cross
945 5113 7 5 -
964 5096 144 30 examined
1142 5095 37 39 by
1214 5098 46 28 Mr
1297 5098 137 30 Haseldan
1450 5108 7 21 :

819 5135 103 27 Crowle
946 5136 82 34 spoke
1053 5140 27 23 to
1105 5146 45 17 me
1174 5146 30 18 as
1228 5138 25 26 if
1273 5138 34 26 he
1332 5139 53 25 had
1410 5140 46 25 the

820 5172 97 35 selling
939 5174 29 26 of
991 5173 46 28 the
1058 5178 137 33 property.
1243 5174 58 29 The
1323 5175 72 38 price
1417 5177 40 27 for

820 5218 73 22 team
907 5212 55 28 and
974 5223 113 26 waggon
1096 5214 23 26 is
1131 5215 74 27 £'l2o
1213 5214 88 28 under
1310 5225 46 25 my
1367 5225 75 23 agree-

820 5258 28 18 m
866 5253 40 23 nt.
943 5251 14 25 I
973 5251 154 27 considered
1140 5252 46 26 the
1196 5253 61 26 four
1266 5252 93 28 horses
1369 5254 87 27 worth

820 5288 66 33 £GO,
911 5287 54 28 and
990 5287 45 29 the
1056 5298 113 26 waggon
1187 5289 55 28 and
1260 5289 114 30 harness
1394 5292 63 28 £4O.

821 5326 58 27 The
892 5335 114 27 waggon
1018 5326 24 28 is
1054 5330 54 25 two
1122 5336 31 19 or
1166 5327 74 28 three
1254 5338 78 26 years
1345 5329 45 28 old
1404 5330 53 28 and

821 5374 56 18 was
890 5365 27 28 in
931 5365 67 36 good
1014 5366 79 28 order
1101 5366 80 29 when
1197 5366 10 28 I
1223 5367 63 29 took
1297 5369 160 35 possession.

857 5404 195 28 Re-examined
1095 5404 35 37 by
1173 5406 43 28 Mr
1253 5406 169 36 Moynihin:
1443 5409 14 26 I

821 5441 101 27 offered
934 5442 47 26 the
1000 5442 61 34 pick
1074 5443 30 25 of
1123 5442 46 27 the
1185 5448 73 22 team
1272 5446 40 25 for
1326 5447 55 25 £ls
1404 5447 53 26 and

822 5477 90 30 would
932 5477 32 30 be
986 5479 120 29 satisfied
1119 5480 65 29 with
1207 5481 60 29 that
1280 5489 114 23 amount
1416 5483 41 30 for

822 5518 67 27 each
903 5518 28 27 of
942 5519 85 26 them.

858 5556 31 27 L.
910 5556 121 29 Larsen:
1051 5557 15 28 I
1086 5567 45 18 am
1153 5557 138 38 ferryman
1312 5561 55 28 and
1390 5565 68 32 punt

822 5594 98 36 keeper
934 5604 66 18 near
1013 5595 87 35 Lyell,
1150 5597 104 28 Crowle
1273 5608 76 19 came
1363 5609 36 26 up
1421 5609 36 18 on

823 5632 150 28 December
994 5634 31 27 31
1046 5634 54 29 and
1122 5635 127 29 returned
1263 5646 35 21 on
1320 5637 138 37 following

823 5670 54 37 day
890 5675 27 24 to
942 5671 144 38 Westport.
1132 5673 14 28 I
1169 5674 82 28 asked
1265 5674 42 29 for
1327 5681 131 31 payment

823 5709 29 29 of
861 5710 101 35 ferries,
975 5711 79 29 when
1068 5711 34 30 he
1115 5712 103 38 replied
1232 5714 60 29 that
1305 5714 33 30 he
1352 5714 54 29 had
1420 5725 25 18 re-

823 5749 92 29 ceived
938 5760 35 18 no
995 5761 99 27 money
1116 5752 71 28 from
1212 5754 88 35 Ryan,
1322 5755 55 27 and
1399 5754 59 28 that

825 5788 44 28 the
882 5794 73 22 team
975 5791 53 26 and
1042 5800 113 24 waggon
1177 5791 131 34 belonged
1322 5797 27 23 to
1371 5794 87 35 Ryan,

823 5831 28 22 to
865 5827 89 27 whom
969 5828 14 26 I
997 5828 102 28 booked
1113 5829 46 27 the
1173 5835 123 28 amount,
1310 5831 54 27 and
1380 5831 78 35 Ryan

822 5865 50 30 has
882 5865 71 30 since
967 5866 63 38 paid
1043 5876 53 21 me.

1503 243 237 29 Cross-examined
1754 244 36 36 by
1813 245 44 28 Mr
1878 245 141 28 Haselden
2030 254 6 19 :
2057 246 43 28 Mr

1470 281 78 36 Ryan
1562 282 46 26 did
1622 286 48 23 not
1682 282 107 36 dispute
1813 289 141 30 payment,
1968 284 131 35 although

1469 319 88 29 before
1572 320 54 28 this
1639 320 66 28 time
1719 322 106 28 CaowJe
1839 322 63 36 paid
1916 322 45 28 the
1976 323 99 28 ferries.

1503 358 45 27 Mr
1570 359 138 27 Haselden
1729 360 145 28 addressed
1897 360 46 28 the
1966 362 83 27 Court
2062 362 40 28 for

1469 396 156 33 defendant,
1640 397 54 28 and
1708 399 99 35 quoted
1821 408 147 18 numerous
1981 400 104 28 authori-

1469 436 50 27 ties
1540 436 29 26 in
1594 440 113 31 support
1728 437 30 26 of
1778 436 43 27 his
1842 442 154 31 argument,
2011 438 89 27 which

1470 482 54 19 was
1547 472 61 29 that
1630 473 45 28 the
1699 479 128 32 property
1848 484 55 20 was
1926 475 97 29 owned
2048 477 54 28 and

1468 512 65 27 held
1557 512 37 35 by
1618 512 104 28 Crowle
1742 513 27 27 in
1792 513 87 28 virtue
1905 514 28 27 of
1956 519 146 31 payments

1471 550 79 28 made
1563 550 36 35 by
1611 550 57 27 him
1684 560 30 18 or
1726 550 122 28 retained
1867 551 35 35 by
1917 552 79 34 Ryan
2011 562 34 17 on
2060 562 28 18 ac-

1470 591 82 25 count
1566 588 29 28 of
1605 588 64 29 sale,
1683 588 54 28 and
1752 588 75 28 there
1846 593 49 24 not
1914 589 104 34 having
2037 591 64 28 been

1470 637 54 26 any
1537 627 133 27 recession
1684 627 30 27 of
1723 626 114 37 original
1852 635 165 27 agreement.

1505 665 113 29 Charles
1631 665 103 28 Crowle
1745 673 5 20 :
1771 665 14 28 I
1808 666 64 35 only
1885 666 123 28 received
2023 668 37 27 £1
2073 668 30 28 7s

1470 704 64 27 cash
1547 704 69 27 from
1631 704 88 35 Ryan.
1757 703 14 27 I
1783 704 56 27 told
1853 705 101 26 Larsen
1968 710 28 23 to
2009 706 96 27 collect

1470 742 70 29 from
1568 741 88 37 Ryan.
1693 741 15 28 I
1733 741 45 28 did
1802 745 50 26 not
1872 742 81 29 know
1975 743 60 28 that
2057 744 47 28 the

1470 781 93 26 horses
1585 790 70 17 were
1678 780 81 27 taken
1782 786 47 21 out
1842 781 30 27 of
1891 781 131 27 Christies
2039 782 48 35 pad-

1471 818 78 34 dock,
1572 817 54 29 and
1651 817 15 29 I
1691 827 56 19 was
1768 821 50 25 not
1839 818 142 28 consulted
2004 820 29 27 in
2058 819 45 29 the

1471 863 109 22 matter.
1616 856 58 29 The
1687 857 60 27 first
1760 857 14 27 I
1787 856 80 28 knew
1886 857 31 28 of
1934 857 75 29 them
2025 858 80 34 being

1472 894 127 29 removed
1612 905 56 17 was
1682 894 92 37 seeing
1786 895 77 28 them
1877 895 65 28 with
1957 896 96 28 Carne.
2091 897 12 27 I

1472 938 59 22 sent
1545 933 73 27 word
1634 937 26 23 to
1674 933 110 35 Christy
1797 933 59 27 that
1879 933 14 27 I
1915 933 63 28 held
1992 934 59 28 him
2065 944 26 18 re-

1472 970 135 37 sponsible
1620 971 42 28 for
1675 971 46 28 the
1734 971 124 28 removal
1870 971 30 28 of
1910 971 46 28 the
1968 972 101 28 horses.
2091 973 14 27 I

1470 1009 58 29 told
1557 1009 79 37 Ryan
1662 1009 61 28 that
1756 1009 46 28 the
1838 1020 112 24 waggon
1982 1011 123 36 required

1471 1058 76 17 some
1569 1047 113 37 repairs,
1704 1047 55 28 and
1785 1048 34 27 he
1841 1048 152 28 instructed
2014 1060 43 17 mo
2079 1055 27 22 to

1472 1090 44 32 get
1537 1086 77 28 them
1634 1085 79 29 done.
1750 1086 14 28 I
1786 1086 57 28 told
1866 1087 87 28 Came
1978 1087 80 28 when
2072 1087 33 28 he

1472 1123 84 28 asked
1575 1133 44 18 me
1641 1125 42 26 for
1703 1124 46 27 the
1770 1133 114 26 waggon
1908 1125 61 29 that
1987 1125 14 27 I
2015 1126 90 27 would

1472 1166 49 25 not
1543 1161 37 28 let
1599 1162 23 28 it
1642 1171 43 26 go,
1700 1162 53 27 and
1772 1162 131 28 intended
1915 1166 28 25 to
1961 1163 45 36 lay
2019 1172 35 19 an
2067 1164 26 27 in-

1472 1199 149 29 formation
1634 1199 108 37 against
1755 1200 79 35 Ryan
1846 1201 42 27 for
1900 1201 205 34 horsestealing.

1474 1239 57 28 The
1545 1248 114 27 waggon
1670 1239 49 28 has
1733 1238 66 29 been
1812 1239 29 28 in
1864 1249 48 19 use
1934 1240 75 35 eight
2021 1250 86 26 years,

1474 1277 52 28 and
1541 1277 79 28 when
1634 1277 14 28 I
1662 1282 45 31 got
1720 1277 23 28 it
1755 1287 56 18 was
1824 1281 48 25 not
1888 1278 86 28 worth
1989 1279 64 28 £lO.
2073 1279 34 28 In

1474 1324 106 20 answer
1592 1320 28 23 to
1634 1315 104 37 Ryan's
1751 1315 81 29 letter
1845 1316 15 28 I
1879 1316 98 29 offered
1997 1321 28 24 to
2048 1317 59 36 give

1474 1364 36 27 up
1524 1354 160 37 everything
1697 1364 34 19 on
1746 1359 133 33 payment
1886 1355 29 29 of
1924 1366 138 26 expenses.
2093 1356 15 28 I

1468 1393 1 44 I
1474 1402 83 18 never
1570 1393 155 27 authorised
1739 1394 46 26 the
1799 1398 131 30 payment
1943 1395 30 26 of
1983 1395 125 27 Powell's

1475 1434 125 25 account.
1638 1430 15 28 I
1672 1431 82 28 made
1775 1441 36 18 no
1831 1437 158 31 agreement
2011 1441 34 19 on
2069 1434 39 26 Ist

1468 1468 1 38 j
1475 1471 124 33 January
1611 1468 66 29 with
1693 1470 78 35 Ryan
1786 1474 27 23 to
1825 1472 60 33 give
1896 1479 36 27 up
1947 1472 160 34 possession.

1510 1507 237 27 Cross-examined
1760 1508 35 34 by
1810 1508 44 26 Mr
1868 1508 152 34 Moynihan
2032 1517 5 19 :
2052 1509 57 27 The

1475 1543 128 28 evidence
1617 1543 81 36 given
1712 1543 35 37 by
1760 1544 103 27 Larsen
1876 1553 55 19 was
1953 1544 67 28 false
2043 1545 65 28 with

1475 1586 106 32 respect
1594 1585 27 25 to
1634 1582 154 36 ownership
1802 1582 30 29 of
1841 1586 136 33 property,
1989 1583 53 28 and
2053 1583 56 29 also

1477 1620 45 26 the
1536 1619 130 27 evidence
1679 1620 81 31 given
1775 1621 34 34 by
1823 1620 79 35 Ryan
1914 1630 29 17 as
1954 1625 28 23 to
1992 1621 118 35 disposal

1476 1656 31 29 of
1515 1656 93 28 horses
1620 1656 55 28 and
1688 1657 105 33 alleged
1806 1662 158 31 agreement
1986 1668 36 18 on
2046 1658 63 29 Jan.

1478 1696 50 26 Ist.
1564 1695 88 27 There
1666 1705 44 17 are
1724 1696 79 27 other
1822 1696 139 35 paddocks
1973 1706 97 18 nearer
2084 1701 26 24 to

1478 1742 47 28 my
1538 1733 75 38 place
1627 1733 67 29 than
1708 1733 141 33 Christies,
1863 1734 47 29 but
1923 1735 65 38 they
2010 1735 34 30 do
2064 1741 48 24 not

1477 1782 51 17 run
1542 1773 102 27 horses.
1681 1773 15 26 I
1709 1773 57 27 told
1780 1773 80 35 Ryan
1881 1774 59 27 that
1963 1775 93 27 unless
2076 1775 34 28 he

1477 1814 47 28 got
1536 1810 79 26 other
1628 1809 93 27 horses
1733 1810 14 26 I
1762 1810 89 26 would
1872 1810 70 27 have
1956 1811 116 35 nothing
2084 1817 26 22 to

1478 1846 34 30 do
1533 1846 67 29 with
1626 1846 46 30 the
1696 1852 84 24 team.
1817 1847 15 29 I
1852 1857 83 20 never
1954 1848 57 31 told
2032 1849 78 38 Ryan

1477 1886 61 28 that
1551 1886 34 28 he
1599 1886 55 28 had
1668 1887 86 27 better
1764 1887 48 27 sell
1826 1887 46 28 the
1886 1891 73 25 team
1973 1893 28 24 to
2015 1889 95 29 Carne.

1478 1924 15 26 I
1506 1924 125 28 consider
1642 1925 47 26 the
1701 1929 126 31 property
1841 1926 74 26 mine
1937 1926 71 28 until
2033 1927 78 36 Ryan

1477 1961 64 36 paid
1555 1961 47 28 the
1621 1971 138 27 expenses.
1797 1962 12 28 I
1835 1963 57 28 told
1915 1963 80 38 Ryan
2015 1964 62 30 that
2097 1966 15 28 I

1477 2000 124 37 required
1615 2001 57 29 £3O
1684 2000 42 30 for
1747 2001 106 38 myself,
1867 2002 55 30 and
1945 2007 58 26 cost
2024 2004 31 30 of
2072 2015 26 20 re-

1477 2040 84 36 pairs,
1575 2039 73 37 prior
1668 2044 28 24 to
1715 2040 94 36 giving
1830 2050 37 28 up
1889 2042 130 37 delivery.
2055 2044 57 29 The

1478 2078 142 29 horsefeed
1644 2078 71 29 from
1740 2079 101 30 Powell
1862 2090 55 19 was
1948 2081 107 30 debited
2085 2086 28 26 to

1479 2117 89 35 Ryan.
1606 2117 78 26 Prior
1696 2121 28 22 to
1745 2118 68 26 New
1825 2118 95 27 Year's
1935 2119 54 36 day
2011 2121 14 26 I
2047 2122 63 35 paid

1478 2154 46 29 the
1540 2154 101 33 ferries,
1656 2154 54 30 and
1723 2165 34 20 on
1771 2154 61 30 that
1845 2157 125 29 occasion
1993 2157 15 30 I
2029 2164 50 32 put
2092 2159 22 30 it

1479 2193 80 27 down
1573 2197 27 23 to
1616 2194 88 35 Ryan.
1742 2194 14 27 I
1770 2194 118 35 brought
1896 2195 58 27 him
1964 2205 35 28 up
2010 2206 35 19 on
2055 2197 58 29 that

1478 2230 54 39 trip
1552 2231 56 30 £l2
1630 2231 88 30 worth
1738 2232 30 30 of
1785 2232 108 38 freight,
1916 2233 55 30 and
1992 2235 35 30 he
2048 2236 65 38 only

1477 2279 68 27 gave
1567 2279 46 19 me
1634 2271 37 28 £1
1695 2272 39 28 7s.
1778 2271 80 37 Ryan
1879 2273 97 35 agreed
1997 2277 29 26 to
2046 2275 67 37 keep

1479 2308 162 36 everything
1653 2310 29 26 in
1695 2310 98 36 repair,
1806 2309 55 29 and
1874 2311 15 27 I
1900 2320 56 19 was
1966 2315 28 25 to
2004 2313 75 28 work
2093 2315 21 27 it

1478 2350 57 25 out.

1513 2386 239 29 Cross-examined
1770 2387 36 37 by
1821 2387 45 29 Mr
1886 2389 158 29 Haselden:
2065 2391 32 29 Ul-

1479 2425 125 37 timately
1617 2425 15 28 I
1644 2425 91 28 would
1748 2436 54 27 pay
1825 2427 37 28 all
1884 2428 77 28 these
1983 2439 130 26 expenses

1481 2463 126 27 incurred
1620 2463 36 35 by
1670 2464 89 32 Ryan.
1796 2464 15 27 I
1825 2474 55 18 was
1889 2465 89 35 losing
1988 2468 39 27 £3
2034 2477 17 18 a
2061 2469 52 35 trip

1479 2500 87 28 under
1590 2500 46 28 the
1661 2505 201 30 arrangement,
1888 2504 90 34 owing
2008 2509 28 23 to
2064 2505 46 29 the

1479 2538 94 28 horses
1587 2542 48 26 not
1646 2538 82 36 being
1740 2548 36 29 up
1789 2543 27 25 to
1829 2540 46 30 the
1885 2541 83 34 work,
1980 2543 54 29 and
2047 2544 65 29 with

1479 2577 89 30 better
1588 2578 96 30 horses
1703 2578 16 30 I
1740 2578 81 30 could
1842 2580 70 30 have
1933 2582 99 30 earned
2047 2584 38 29 £6
2098 2594 15 19 a

1479 2617 54 34 trip
1547 2626 84 19 more.

1514 2654 43 38 By
1571 2655 46 29 the
1632 2655 111 30 Bench:
1763 2656 15 29 I
1792 2656 79 30 could
1885 2667 79 28 carry
1976 2659 85 36 goods
2073 2660 41 30 for

1480 2694 100 27 others.
1619 2695 48 35 My
1681 2700 191 31 arrangement
1884 2697 42 28 for
1938 2697 61 28 half
2014 2700 100 35 freight

1481 2732 66 29 with
1561 2733 81 37 Ryan
1656 2742 54 20 was
1723 2735 65 36 only
1809 2734 65 29 with
1896 2740 103 33 respect
2020 2742 27 24 to
2069 2738 43 30 his

1481 2781 61 18 own
1555 2772 92 36 goods.
1684 2773 30 27 If
1723 2783 52 18 one
1794 2773 29 28 of
1842 2774 46 28 the
1902 2774 95 30 horses
2010 2777 62 28 died
2084 2787 30 19 or

1481 2819 55 17 was
1550 2810 53 28 lost
1615 2811 22 27 it
1649 2811 90 27 would
1754 2812 69 26 have
1836 2811 67 28 been
1918 2822 48 26 my
1979 2814 63 27 loss.

1514 2846 75 29 John
1602 2848 123 28 Crowle:
1745 2848 14 28 I
1782 2849 153 29 remember
1956 2859 48 27 my
2024 2852 90 29 father

1481 2885 105 36 getting
1598 2894 16 20 a
1635 2895 115 27 waggon
1771 2886 55 28 and
1847 2886 62 30 four
1928 2887 92 31 horses
2041 2890 70 29 from

1482 2923 89 36 Ryan.
1609 2925 58 28 The
1679 2935 115 25 waggon
1813 2935 55 19 was
1889 2927 29 27 in
1940 2937 16 18 a
1976 2937 66 26 very
2062 2929 51 29 bad

1481 2965 69 24 state
1564 2962 30 27 of
1602 2963 90 33 repair
1710 2963 80 26 when
1812 2972 41 18 we
1874 2967 47 31 got
1943 2964 30 28 it.
2010 2967 43 25 On
2068 2966 45 27 the

1480 2998 59 28 first
1559 2999 52 37 trip
1634 2999 15 28 I
1670 3008 56 19 was
1749 3000 151 36 compelled
1922 3005 27 24 to
1971 3001 105 30 borrow
2098 3013 16 19 a

1481 3036 96 28 wheel.
1614 3037 80 36 Ryan
1707 3038 57 27 told
1776 3048 45 18 me
1841 3039 69 27 after
1929 3040 46 27 the
1989 3040 58 28 first
2060 3041 53 37 trip

1481 3078 27 25 to
1522 3074 78 38 Lyell
1614 3075 61 29 that
1693 3085 56 28 any
1769 3076 105 38 repairs
1890 3078 125 36 required
2027 3082 28 27 to
2068 3079 46 30 the

1481 3124 115 25 waggon
1616 3115 35 27 he
1670 3115 89 28 would
1782 3125 53 26 pay
1854 3116 50 32 for,
1918 3117 55 27 and
1996 3119 29 27 in
2053 3129 45 18 con-

1480 3159 133 27 sequence
1625 3152 16 26 I
1660 3156 47 29 got
1728 3153 47 26 the
1794 3153 104 35 repairs
1917 3154 79 27 done.
2034 3155 79 36 Ryan

1481 3189 102 36 always
1596 3189 106 29 treated
1714 3189 47 30 the
1774 3196 128 31 property
1914 3200 31 20 as
1967 3191 145 40 belonging

1481 3232 27 23 to
1522 3236 49 28 my
1582 3228 99 27 father.
1717 3229 58 27 The
1787 3230 66 34 only
1871 3239 96 20 reason
1990 3231 60 29 that
2068 3233 46 28 the

1481 3265 93 29 horses
1587 3276 68 19 were
1668 3271 49 32 put
1728 3266 29 30 in
1771 3267 131 30 Christies
1920 3269 124 37 paddock
2057 3281 55 19 was

1481 3305 60 27 that
1554 3304 76 28 there
1643 3314 57 18 was
1712 3315 36 18 no
1761 3315 97 18 nearer
1878 3307 133 29 available
2028 3309 84 36 place.

1481 3342 58 29 The
1552 3352 115 27 waggon
1679 3343 23 28 is
1714 3344 29 28 in
1762 3343 87 30 better
1868 3344 90 38 repair
1969 3354 63 21 now
2046 3347 67 30 than

1480 3382 81 26 when
1585 3391 40 18 we
1652 3381 65 29 took
1740 3382 154 37 possession
1916 3384 30 28 of
1964 3384 31 34 it,
2016 3386 54 28 and
2091 3387 23 28 is

1481 3419 88 29 worth
1584 3420 57 28 £2O
1653 3430 84 19 more.
1775 3421 14 28 I
1808 3422 92 28 carted
1919 3422 43 30 for
1982 3423 92 36 Qthers
2086 3429 28 25 at

1481 3459 88 34 Lyell.
1616 3460 165 26 Sometimes
1804 3460 95 35 nearly
1923 3461 36 27 all
1982 3462 46 28 the
2049 3464 63 27 load

1481 3504 55 19 was
1548 3496 42 27 for
1602 3495 91 37 Ryan.
1731 3496 80 38 Ryan
1824 3497 57 29 told
1894 3506 44 21 me
1952 3498 61 30 that
2025 3499 35 30 he
2072 3501 27 29 in-

1480 3535 100 28 tended
1595 3539 27 25 to
1635 3540 44 31 get
1692 3545 16 20 a
1721 3535 78 30 horse
1812 3536 71 29 from
1898 3537 80 30 Miles
1991 3539 122 31 Dickson

1479 3573 43 27 for
1534 3574 46 26 the
1594 3577 83 23 team.

1515 3611 237 30 Cross-examined
1764 3611 37 39 by
1815 3613 45 28 Mr
1873 3613 169 38 Moynihan:
2070 3616 42 30 On

1480 3659 51 20 one
1546 3651 126 28 occasion
1685 3651 81 37 Ryan
1787 3651 85 30 found
1892 3653 68 29 fault
1980 3655 66 28 with
2067 3665 45 19 me

1479 3689 42 27 for
1534 3688 108 36 driving
1654 3692 45 24 too
1713 3690 51 27 far.
1800 3691 59 27 The
1872 3691 94 28 horses
1978 3700 71 21 were
2061 3700 51 30 put

1479 3726 29 28 in
1524 3726 131 29 Christies
1666 3726 126 38 paddock
1804 3728 28 29 in
1845 3738 48 28 my
1906 3728 103 31 fathers
2022 3740 88 22 name.

1482 3766 48 35 My
1543 3766 89 27 father
1644 3767 106 27 refused
1765 3770 28 24 to
1806 3767 61 34 give
1876 3770 138 34 possesion
2026 3770 30 27 of
2065 3771 47 29 the

1480 3813 114 26 waggon
1606 3804 116 28 without
1735 3810 131 32 payment
1879 3806 29 28 of
1919 3815 140 29 expenses.

1515 3843 118 28 William
1647 3843 124 29 Kearns:
1791 3844 90 29 About
1895 3846 32 28 18
1940 3847 112 30 months
2062 3857 50 26 ago

1480 3881 14 27 I
1508 3881 110 28 entered
1630 3882 58 27 into
1701 3890 35 20 an
1750 3887 193 32 arrangement
1952 3884 67 29 with
2030 3884 80 39 Ryan

1479 3919 43 30 for
1534 3920 45 29 the
1593 3920 133 38 purchase
1731 3921 38 33 .of
1787 3931 16 19 a
1814 3931 114 28 waggon
1941 3923 56 29 and
2010 3924 102 37 horses,

1480 3959 46 28 the
1550 3961 74 35 price
1648 3959 81 37 being
1754 3961 81 28 £l5O.
1872 3961 15 28 I
1908 3963 100 28 earned
2030 3964 83 30 about

1482 3998 55 28 £SO
1549 3998 80 28 when
1642 3998 15 27 I
1670 4007 68 27 gave
1751 3999 47 28 the
1812 4008 117 20 concern
1950 4010 37 28 up
2009 4011 30 19 as
2061 4011 33 20 un-

1480 4036 124 37 payable.
1640 4036 16 29 I
1668 4046 84 20 never
1764 4038 55 29 had
1840 4048 17 19 a
1876 4039 158 31 settlement
2046 4042 64 29 with

1480 4076 44 36 By
1526 4085 43 18 an.

1515 4114 236 28 Cross-examined
1774 4115 37 36 by
1835 4116 45 28 Mr
1903 4116 172 37 Moynihan:
2098 4119 14 28 I

1480 4152 64 37 paid
1556 4152 42 29 for
1610 4153 37 29 all
1661 4154 101 36 repairs
1776 4153 98 37 during
1886 4164 48 27 my
1952 4161 71 24 term
2046 4157 66 30 with

1480 4191 46 27 the
1538 4201 124 26 waggon.
1700 4192 13 27 I
1724 4192 158 29 afterwards
1893 4194 81 28 drove
1983 4195 47 28 the
2038 4198 74 27 team

1479 4229 43 28 for
1533 4230 81 35 Ryan
1627 4239 36 19 on
1682 4239 98 26 wages.
1817 4231 15 27 I
1854 4236 101 24 oannot
1976 4237 69 25 state
2065 4235 47 28 the

1479 4272 78 23 exact
1571 4268 77 28 value
1659 4268 30 28 of
1699 4269 46 28 the
1757 4274 127 31 property
1903 4276 28 22 at
1943 4271 63 29 that
2018 4272 76 28 time.

1516 4305 44 29 Mr
1583 4306 141 29 Haselden
1745 4307 55 28 and
1823 4308 44 28 Mr
1889 4309 153 36 Moynihan
2067 4311 30 29 ad-

1480 4344 110 28 dressed
1602 4345 47 28 the
1663 4345 83 28 Court
1759 4349 28 24 at
1800 4347 185 29 considerable
2007 4349 103 35 length.

1514 4382 152 37 Jndgment
1679 4393 55 19 was
1743 4385 134 34 reserved,
1888 4391 28 22 to
1928 4385 33 29 be
1975 4387 135 29 delivered

1480 4426 28 24 at
1522 4422 146 37 Westport,
1682 4422 184 30 and-entered
1886 4434 38 28 up
1943 4429 66 26 next
2031 4427 82 28 Court

1480 4465 29 23 at
1528 4461 88 34 Lybll.
1654 4462 79 27 Costs
1752 4462 31 28 of
1800 4462 65 28 both
1880 4464 70 27 sides
1964 4466 149 27 amounted

1479 4500 29 26 to
1522 4499 56 27 £ls
1592 4499 55 27 lis.

1602 4589 238 28 MATAKITAKI
1860 4591 129 27 NOTES.

1552 4666 84 35 (from
1649 4673 56 20 our
1717 4673 61 20 own
1792 4668 252 37 correspondent.)

1654 4713 180 34 Murchison,
1846 4714 73 28 June
1932 4716 58 31 7th,
2004 4718 75 27 1886.

1515 4758 25 27 A
1552 4758 132 28 bomshell
1703 4759 51 28 has
1774 4760 85 30 burst,
1873 4761 115 36 striking
2007 4762 107 38 dismay

1481 4797 54 27 and
1550 4802 85 22 terror
1648 4802 27 23 to
1689 4798 46 27 the
1748 4798 92 28 hearts
1853 4800 30 26 of
1902 4800 46 28 the
1967 4801 109 29 holders
2088 4803 29 28 of

1482 4835 113 25 licences
1608 4835 40 26 for
1670 4835 46 26 the
1738 4835 159 35 dispensing
1919 4837 30 26 of
1968 4838 145 34 spirituous

1482 4871 101 37 liquors
1609 4876 27 24 to
1660 4871 47 29 the
1731 4872 110 37 thin-ty.
1889 4874 58 29 The
1971 4875 66 29 time
2059 4877 55 29 and

1482 4911 75 35 place
1571 4911 30 27 of
1610 4910 46 28 the
1669 4912 172 35 catastrophe
1856 4922 54 18 was
1924 4918 29 23 at
1965 4914 46 28 the
2030 4920 68 24 meet-

1482 4949 47 35 ing
1541 4947 31 29 of
1584 4948 44 28 the
1641 4949 70 27 local
1725 4949 130 37 licensing
1866 4950 85 29 bench
1966 4951 53 30 last
2030 4953 65 30 Tues-

1483 4987 53 37 day
1551 4988 25 37 (a
1597 4992 91 32 report
1707 4988 30 28 of
1754 4989 88 28 which
1865 4990 50 28 has
1936 4991 110 37 already
2069 5003 30 27 ap-

1484 5026 98 34 peared
1595 5026 27 26 in
1636 5035 70 26 y.our
1718 5027 152 34 columns);
1889 5029 55 26 and
1957 5038 56 18 was
2026 5031 28 26 in
2067 5031 46 27 the

1484 5063 82 37 shape
1576 5064 29 27 of
1616 5073 16 18 a
1643 5073 91 19 memo
1745 5064 70 28 from
1826 5065 46 28 the
1881 5065 108 38 County
2001 5067 111 31 Council

1484 5103 99 36 calling
1602 5103 136 29 attention
1759 5108 28 24 to
1808 5104 47 29 the
1874 5106 73 28 32nd
1968 5107 102 29 section
2089 5109 30 29 of

1484 5142 45 26 the
1543 5142 147 35 Licensing
1708 5144 60 30 Act,
1782 5143 89 27 which
1894 5148 84 23 states
1990 5153 6 19 :
2016 5149 16 11 44
2044 5146 72 29 That

1484 5188 36 19 no
1528 5179 235 30 accommodation
1775 5179 99 31 license
1883 5181 70 30 shall
1962 5182 32 29 be
2002 5185 113 35 granted

1486 5223 26 23 to
1526 5228 53 26 any
1594 5219 83 28 house
1692 5219 116 28 situated
1823 5221 96 27 within
1932 5221 53 28 five
1998 5223 79 28 miles
2087 5224 32 28 of

1485 5265 55 26 any
1552 5256 78 28 other
1642 5256 119 28 licensed
1909 5258 55 27 and
1982 5261 135 37 notifying

1485 5294 46 28 the
1557 5294 87 28 bench
1669 5294 62 28 that
1754 5304 55 26 any
1834 5295 99 29 license
1959 5306 29 19 so
2012 5307 85 21 recom-

1486 5332 117 29 mended
1624 5332 91 29 would
1735 5338 48 23 not
1804 5332 33 30 be
1858 5334 143 30 endorsed.
2039 5336 77 37 Now,

1485 5371 46 29 the
1544 5372 132 37 licensing
1689 5372 86 29 bench
1789 5383 45 17 are
1855 5373 28 28 in
1903 5374 56 28 this
1981 5376 116 36 position
2108 5386 6 20 :

1485 5411 77 27 there
1583 5421 45 18 are
1649 5415 54 23 two
1728 5411 99 28 houses
1850 5413 118 27 situated
1993 5419 29 23 at
2045 5415 71 28 Fern

1486 5449 62 26 Flat
1561 5448 95 27 within
1670 5447 57 28 halt
1739 5448 94 27 a-inile
1846 5449 29 26 of
1886 5450 66 27 each
1966 5451 88 33 other,
2069 5452 44 28 the

1485 5495 75 20 lame
1573 5491 29 24 at
1615 5486 158 37 Hampden,
1787 5486 36 29 all
1846 5487 101 37 having
1966 5499 131 21 accommo-

1486 5526 92 27 dation
1592 5526 114 26 licenses
1719 5526 73 27 since
1807 5526 88 28 before
1910 5527 46 28 the
1969 5528 111 35 passing
2088 5531 29 26 of

1487 5563 46 29 the
1557 5566 108 33 present
1688 5563 60 28 Act.
1797 5563 35 29 In
1857 5564 88 29 either
1964 5575 61 19 case
2048 5576 69 21 were

1486 5602 88 26 either
1595 5602 84 26 house
1700 5602 96 26 absent
1816 5602 75 28 there
1914 5604 90 27 would
2027 5604 33 28 be
2079 5615 35 18 no

1486 5639 142 36 difficulty,
1643 5639 47 27 but
1709 5648 29 18 as
1761 5639 64 36 they
1844 5649 45 19 are
1911 5641 35 29 sit
1966 5651 16 19 a
1996 5642 41 30 ed,
2051 5644 66 28 each

1486 5677 35 37 by
1535 5678 45 28 the
1594 5677 121 37 wording
1728 5677 29 29 of
1768 5677 45 29 the
1826 5679 52 27 Act
1891 5679 98 29 should
2007 5691 54 28 pay
2079 5683 40 29 for

1486 5717 149 37 publicans'
1658 5717 122 31 licenses,
1802 5717 56 29 and
1877 5718 124 30 business
2022 5730 24 19 is
2071 5726 48 25 not

1487 5756 163 36 sufficiently
1663 5755 75 29 brisk
1752 5761 26 22 to
1792 5757 85 28 admit
1889 5758 30 27 of
1936 5759 56 27 this
2003 5767 7 26 ;
2030 5769 29 19 so
2072 5762 45 27 the

1486 5794 87 27 beuch
1588 5795 92 35 wisely
1695 5794 109 29 decided
1818 5801 28 22 to
1859 5797 127 28 continue
2009 5799 46 27 the
2077 5809 27 19 ac-

1488 5832 203 27 commodation
1705 5832 114 28 licenses
1832 5837 28 24 at
1873 5834 81 28 about
1975 5835 47 28 the
2044 5845 74 20 same

1488 5876 81 31 rates,
1582 5880 30 21 or
1635 5870 101 40 trilling
1742 5872 135 36 -increase,
1891 5873 113 39 shifting
2019 5874 45 32 the
2079 5886 26 21 it-

2132 244 172 37 sponsibility
2314 247 28 27 to
2352 245 45 28 the
2406 245 141 30 shoulders
2557 247 30 28 of
2597 247 47 28 the
2654 248 107 39 County

2133 283 122 29 Council.

2167 322 43 28 An
2233 331 171 27 anonymous
2425 323 80 29 letter
2528 334 57 19 was
2610 325 56 29 also
2688 326 73 33 read,

2133 359 94 38 signed
2422 362 113 37 making
2547 372 81 28 grave
2649 365 113 36 charges

2133 399 108 35 against
2253 409 74 17 some
2341 400 30 27 of
2381 400 46 28 the
2441 400 99 30 houses
2559 407 47 23 not
2627 404 135 35 specified.

2129 438 14 27 I
2158 446 44 19 am
2216 440 48 24 not
2278 439 81 34 going
2373 439 57 27 into
2444 439 46 27 the
2504 440 76 27 truth
2598 450 31 18 or
2650 442 115 28 untruth

2129 475 30 30 of
2178 475 47 28 the
2238 475 122 37 charges,
2375 486 29 19 as
2424 476 60 32 that
2504 478 22 28 is
2547 479 153 38 altogether
2723 481 27 28 be-

2130 514 73 36 yond
2216 523 48 26 my
2278 515 137 35 province,
2429 515 48 28 but
2491 516 14 27 I
2519 517 66 28 wish
2603 524 27 21 to
2653 524 77 22 enter
2748 529 16 17 a

2131 555 103 33 protest
2263 553 108 34 against
2401 562 173 27 anonymous
2604 555 93 28 letters
2727 557 24 27 al-

2131 589 133 36 together.
2301 590 77 36 They
2389 600 44 19 are
2444 592 135 37 cowardly
2590 593 74 28 stabs
2676 594 29 28 in
2718 595 46 28 the

2131 628 76 33 dark,
2228 628 74 28 often
2327 628 126 37 bringing
2477 631 67 28 with
2570 632 76 28 them
2672 642 76 19 conse-

2131 675 117 28 quences
2272 667 99 36 totally
2396 668 125 29 different
2541 675 27 23 to
2588 670 75 28 what
2684 672 24 27 is
2726 672 26 27 in-

2130 703 100 29 tended
2251 703 37 37 by
2309 705 46 28 the
2376 706 99 28 writer.
2512 708 88 28 There
2621 718 69 18 were
2709 710 58 27 also

2131 752 75 19 some
2231 743 123 28 remarks
2379 745 79 28 made
2483 745 84 30 about
2594 746 47 29 the
2665 747 56 29 sale
2740 748 30 28 of

2131 781 80 27 drink
2233 790 35 17 on
2291 782 122 35 Sunday,
2437 783 87 28 which
2545 785 23 26 is
2588 785 107 35 beyond
2720 786 48 28 the

2132 828 90 27 power
2234 818 30 28 of
2286 818 47 29 the
2345 820 52 28 law
2411 823 27 26 to
2451 821 127 30 interfere
2592 823 38 33 in,
2644 823 28 28 in
2686 833 16 19 a
2715 823 39 30 dis-

2133 861 60 25 trict
2219 857 90 29 where
2333 868 80 27 every
2434 870 65 17 man
2518 861 24 27 is
2554 870 76 20 more
2643 871 31 19 or
2686 863 53 28 less
2752 872 16 19 a

2132 895 145 34 traveller;
2312 896 105 37 though
2454 898 150 37 Hampden
2640 900 51 28 has
2721 901 47 28 the

2133 934 161 28 unenviable
2318 943 81 21 name
2421 938 30 25 of
2469 936 82 37 doing
2570 938 36 28 its
2627 942 73 25 most
2718 938 32 28 im-

2133 976 108 33 portant
2267 971 124 31 business
2412 974 101 36 always
2533 984 36 20 on
2593 976 48 28 the
2654 977 114 29 seventh

2133 1011 63 35 day.

2168 1049 14 26 I
2207 1058 46 18 am
2281 1049 136 29 informed
2441 1060 34 19 on
2496 1053 110 28 reliable
2629 1053 140 36 authority

2133 1086 61 29 that
2206 1087 47 28 the
2268 1087 65 28 road
2347 1092 28 24 to
2395 1089 45 28 the
2464 1089 125 30 Six-Mile
2610 1091 23 27 is
2653 1100 62 20 now
2734 1101 35 18 an

2133 1126 202 35 accomplished
2354 1126 63 33 fact,
2433 1127 58 28 that
2510 1128 23 27 is
2555 1138 30 18 as
2606 1128 42 28 far
2669 1138 29 19 as
2723 1129 46 28 the

2133 1162 110 28 needful
2274 1163 24 28 is
2328 1164 160 34 concerned,
2521 1166 54 28 and
2606 1167 68 28 after
2704 1173 66 22 next

2135 1202 120 33 meeting
2276 1201 31 28 of
2326 1201 45 29 the
2394 1202 109 38 County
2525 1205 114 28 Council
2660 1202 110 32 tenders

2135 1239 54 29 will
2204 1239 32 29 be
2248 1241 104 27 invited
2364 1240 42 28 for
2418 1241 47 29 the
2478 1242 84 29 work.

2168 1278 58 28 The
2239 1279 84 28 much
2337 1279 84 28 vexed
2433 1281 126 34 question
2575 1281 30 29 of
2624 1281 47 28 the
2684 1282 85 28 Owen

2135 1316 77 28 Road
2225 1316 23 29 is
2262 1319 28 26 at
2303 1317 53 28 last
2369 1318 96 28 settled
2478 1323 28 24 to
2529 1328 33 26 go
2582 1319 36 37 by
2639 1319 132 38 Maggie's

2135 1355 94 32 Creek,
2254 1356 55 28 and
2330 1355 23 30 is
2376 1366 62 19 now
2462 1359 173 37 progressing
2653 1358 38 37 by
2715 1359 56 36 day

2136 1394 106 31 labour,
2257 1394 113 28 because
2383 1395 21 27 it
2425 1396 23 26 is
2464 1395 117 37 cheaper
2592 1397 56 27 and
2662 1395 109 38 quicker

2136 1431 67 30 than
2216 1432 170 37 contracting
2398 1432 83 36 work,
2495 1434 15 28 I
2523 1443 125 28 suppose.

2549 1473 75 34 Quid
2644 1474 92 28 Nunc.

2225 1557 146 33 OPEN
2427 1558 255 36 COLUMN.

2140 1640 47 28 We
2211 1649 47 18 are
2279 1642 31 25 at
2329 1640 40 28 all
2391 1641 79 28 times
2491 1642 87 37 ready
2599 1644 26 27 to
2646 1644 62 35 give
2728 1653 29 19 ex-

2166 1678 127 37 pression
2308 1680 27 25 to
2348 1688 80 27 every
2441 1680 85 28 shade
2539 1690 30 27 oj
2581 1681 124 36 opinion,
2716 1683 58 27 and

2172 1717 45 27 the
2230 1716 157 29 discussion
2399 1717 35 37 of
2450 1718 41 28 all
2502 1721 116 26 matters
2632 1720 35 37 of
2675 1721 99 36 public

2171 1755 123 33 interest,
2309 1755 49 29 but
2369 1755 33 29 in
2413 1766 36 19 no
2463 1767 61 18 case
2536 1758 35 29 do
2580 1769 40 17 we
2632 1759 67 28 hold
2710 1770 47 18 our-

2171 1794 84 26 selves
2267 1794 167 34 responsible
2441 1795 53 33 for
2507 1796 45 26 the
2564 1797 162 27 sentiments
2745 1799 34 34 of

2172 1839 52 20 our
2237 1830 235 38 correspondents.

2182 1917 144 28 KORARI
2382 1918 79 27 AND
2482 1919 64 28 MR.
2566 1919 191 30 BURNETT.

2157 1998 44 42 [to
2220 2009 56 20 the
2294 2008 105 22 editor
2416 2009 35 21 of
2469 2010 57 21 the
2543 2011 89 21 lyell
2651 2002 106 41 times.]

2175 2050 58 34 Sir,
2234 2050 73 28 —As
2321 2058 16 20 a
2350 2049 153 30 subscriber
2522 2055 37 31 to,
2573 2052 54 29 and
2641 2053 96 30 reader
2750 2054 29 30 of

2140 2098 67 27 your
2220 2098 94 27 paper,
2327 2089 54 28 and
2395 2098 53 19 one
2460 2090 64 29 who
2538 2090 50 29 has
2606 2091 36 28 its
2662 2093 114 28 interest

2140 2130 28 24 at
2181 2126 86 33 heart,
2280 2126 23 29 it
2315 2127 23 28 is
2351 2126 66 28 with
2432 2136 76 20 some
2524 2131 89 33 regret
2627 2129 14 28 I
2651 2133 64 26 note
2729 2131 46 29 the

2140 2164 122 30 remarks
2286 2165 81 29 made
2392 2164 36 38 by
2450 2176 71 27 your
2545 2168 102 29 Nelson
2674 2179 85 19 corres-

2140 2203 122 37 pondent
2281 2204 29 28 in
2330 2213 71 26 your
2420 2204 54 28 last
2493 2205 99 29 week's
2609 2207 82 34 issue,
2711 2217 47 20 con-

2140 2242 111 35 cerning
2265 2243 45 29 Mr
2321 2242 132 30 Matthew
2463 2244 127 35 Burnett,
2600 2249 175 34 temperance

2140 2282 123 27 lecturer.
2312 2282 58 28 The
2395 2283 101 33 writer,
2702 2296 54 19 com-

2141 2329 109 19 mences
2262 2319 36 37 by
2312 2321 173 36 questioning
2494 2321 75 29 what
2582 2323 101 36 special
2693 2325 81 29 claim

2140 2358 55 29 this
2216 2358 153 30 individual
2393 2360 51 29 has
2465 2364 28 25 to
2514 2361 87 30 travel
2624 2362 84 30 about
2721 2364 54 29 and

2140 2397 74 29 draw
2235 2398 73 36 large
2329 2399 154 29 audiences.
2529 2401 136 29 Common
2687 2412 88 26 sense,

2140 2436 23 27 if
2173 2436 116 35 nothing
2301 2437 63 33 else,
2377 2437 98 29 should
2494 2437 49 29 tell
2564 2439 59 28 him
2646 2441 60 28 that
2728 2442 47 28 the

2140 2473 78 28 effort
2230 2473 30 27 in
2282 2474 47 28 the
2350 2483 81 19 cause
2445 2475 31 27 of
2492 2476 157 36 humanity,
2663 2481 28 25 to
2705 2479 70 28 raise

2140 2520 50 19 our
2202 2510 89 30 fellow
2304 2514 137 27 creatures
2454 2513 69 29 from
2538 2523 16 19 a
2569 2515 45 28 life
2628 2516 31 27 of
2669 2517 106 37 infamy

2140 2549 55 29 and
2208 2549 175 38 degradation
2398 2551 83 30 lower
2493 2552 69 30 than
2575 2554 46 29 the
2634 2554 101 37 brutes,
2747 2562 28 25 to

2140 2599 51 19 one
2212 2589 31 28 of
2261 2591 204 37 respectability
2486 2592 54 28 and
2562 2599 125 29 comtort,
2700 2606 54 18 com-

2140 2628 99 27 mands
2250 2628 29 28 in
2293 2629 76 28 itself
2387 2639 16 18 a
2421 2630 100 37 special
2533 2632 75 34 right
2621 2636 28 25 to
2663 2634 112 30 address

2141 2666 89 37 public
2265 2668 136 37 meetings
2435 2669 90 28 which
2562 2680 46 19 are
2644 2676 50 25 not
2728 2673 30 29 ob-

2141 2709 129 26 structive
2284 2715 30 18 or
2327 2706 214 30 demonstrative
2549 2709 28 28 in
2586 2719 56 28 any
2651 2711 123 29 civilised

2141 2744 181 37 community.
2367 2745 30 29 If
2416 2745 56 30 this
2491 2746 24 29 is
2535 2752 48 25 not
2608 2749 113 29 obvious
2747 2755 28 25 to

2140 2783 69 32 him,
2234 2784 34 27 he
2293 2784 50 27 has
2367 2794 50 18 our
2438 2786 159 36 sympathy.
2647 2789 43 27 He
2707 2789 66 28 then

2140 2820 128 36 proceeds
2298 2826 29 22 to
2357 2831 129 27 compare
2511 2823 47 28 the
2588 2825 186 37 elocutionary

2140 2857 116 29 abilities
2279 2859 30 27 of
2329 2858 44 29 Mr
2397 2860 117 28 Burnett
2536 2862 65 28 with
2617 2863 44 28 Mr
2673 2864 100 33 Booth,

2140 2896 116 29 another
2268 2897 176 30 well-known
2458 2902 172 35 temperance
2648 2901 125 31 lecturer.

2141 2936 77 31 Now,
2244 2937 186 34 comparisons
2454 2947 45 18 are
2523 2939 96 27 odious
2643 2944 29 24 at
2702 2947 73 22 most

2141 2973 89 32 times,
2253 2973 55 28 and
2366 2973 146 28 Korari's"
2539 2975 49 28 has
2611 2977 103 36 proved
2738 2987 36 19 no

2140 3010 140 36 exception
2303 3014 28 25 to
2352 3010 47 29 the
2420 3013 110 35 general
2543 3013 75 34 rule;
2637 3015 41 28 for
2698 3016 24 27 if
2739 3016 35 29 he

2140 3048 51 28 has
2213 3048 198 37 considerately
2432 3050 148 28 succeeded
2602 3052 29 28 in
2651 3053 122 36 showing

2141 3086 45 30 Mr
2199 3086 113 30 Booth's
2331 3088 143 30 oratorical
2495 3098 104 28 powers
2621 3095 28 25 to
2672 3092 84 30 advan-

2141 3130 70 31 tage,
2225 3125 33 27 he
2272 3126 49 26 has
2333 3126 68 27 been
2415 3128 109 33 equally
2537 3129 197 29 inconsiderate
2747 3132 31 26 of

2140 3163 47 27 the
2200 3162 114 35 feelings
2327 3162 30 29 of
2367 3163 44 28 Mr
2423 3163 141 30 Burnett's
2577 3165 132 31 admirers
2719 3167 55 29 and

2140 3201 111 28 friends.
2288 3201 79 33 Now,
2381 3202 79 29 could
2481 3212 69 26 your
2562 3206 212 35 correspondent

2141 3239 112 29 himself
2262 3238 100 36 reflect,
2376 3240 55 28 and
2453 3250 127 28 compare
2599 3243 45 29 the
2658 3243 116 31 benefits

2141 3279 101 35 society
2263 3279 24 27 is
2308 3278 84 37 likely
2412 3283 27 24 to
2458 3279 92 30 derive
2571 3281 71 29 from
2665 3283 47 28 the
2724 3293 33 18 un-

2140 3316 161 35 gramatical
2331 3316 124 33 lecturer,
2481 3319 124 35 together
2634 3320 66 29 with
2726 3321 47 29 the

2140 3354 107 37 cynical
2256 3354 165 37 injudicious
2434 3365 47 19 use
2496 3358 30 27 of
2530 3357 43 28 his
2622 3358 149 36 Korari's")

2141 3402 62 28 pen,
2216 3392 35 30 he
2263 3393 89 36 might
2365 3394 117 37 perhaps
2492 3395 128 31 overlook
2630 3397 46 29 the
2684 3398 88 38 rough

2140 3432 74 28 voice
2237 3432 97 28 caused
2354 3431 36 37 by
2412 3433 82 29 much
2518 3438 48 25 out
2587 3436 31 28 of
2635 3436 67 28 door
2721 3438 39 28 lec-

2140 3471 101 33 turing,
2255 3470 55 27 and
2322 3470 47 27 the
2382 3471 159 35 ungraceful
2554 3473 91 27 action
2663 3474 47 28 the
2730 3484 26 18 re-

2140 3507 54 30 sult
2207 3507 30 30 of
2247 3511 120 26 extreme
2380 3507 154 32 rheumatic
2556 3509 153 33 afflictions.
2747 3513 30 29 If

2140 3557 40 23 so,
2193 3547 14 27 I
2221 3547 81 28 much
2317 3551 89 32 regret
2425 3548 47 28 the
2494 3552 103 26 torture
2618 3561 70 26 your
2709 3562 47 18 con-

2140 3585 116 28 tributor
2268 3585 117 28 suffered
2397 3595 37 18 on
2448 3586 59 28 that
2524 3587 184 38 inauspicious
2729 3600 28 19 oc-

2140 3622 92 31 casion
2256 3622 30 30 of
2308 3622 43 30 his
2374 3624 65 29 visit
2469 3627 29 26 to
2527 3625 48 30 the
2602 3631 171 34 temperance

2140 3664 128 33 meeting.
2305 3663 56 28 But
2384 3662 22 28 it
2430 3664 91 28 would
2541 3666 83 27 strike
2646 3676 52 19 one
2711 3668 62 27 that

2140 3700 46 28 the
2200 3703 101 25 torture
2314 3709 57 18 was
2382 3701 114 34 mental,
2510 3702 54 28 and
2585 3703 118 37 perhaps
2724 3709 48 24 not

2140 3738 132 38 physical,
2283 3747 31 20 or
2326 3747 51 20 one
2392 3748 29 20 so
2434 3739 158 39 sensitively
2606 3744 165 28 constituted

2140 3777 90 28 would
2242 3777 96 36 regard
2352 3777 66 28 with
2436 3787 76 20 more
2524 3788 61 20 care
2599 3780 46 28 the
2657 3781 114 36 feelings

2140 3815 26 30 of
2178 3815 100 30 others.
2317 3815 49 38 My
2378 3817 179 37 prescription
2571 3818 66 29 then
2651 3820 41 28 for
2703 3820 68 30 such

2140 3854 149 36 complaint
2300 3855 23 26 is
2335 3864 16 18 a
2365 3855 60 27 blue
2446 3855 48 36 pill
2511 3857 55 28 and
2579 3858 103 36 Epsom
2696 3859 74 34 salts,

2140 3903 29 19 or
2194 3902 68 19 even
2284 3896 104 25 sterner
2407 3897 149 27 treatment
2576 3895 24 30 if
2617 3906 153 29 necessary,

2140 3932 118 35 trusting
2270 3932 47 29 the
2338 3933 78 28 effect
2437 3934 31 27 of
2486 3935 67 28 such
2575 3935 56 29 will
2653 3937 117 37 produce

2140 3971 154 34 something
2308 3974 113 25 sweeter
2432 3972 55 28 and
2501 3982 75 19 more
2586 3974 89 36 genial
2688 3979 26 25 to
2723 3975 47 29 the

2140 4010 89 37 public
2242 4013 70 25 taste
2324 4009 30 28 in
2367 4010 162 30 connection
2541 4012 67 29 with
2621 4022 71 27 your
2703 4018 66 25 next

2140 4049 101 29 Nelson
2268 4048 93 30 Notes.
2401 4048 156 39 Criticising
2581 4051 72 29 local
2675 4052 94 35 J.P.'s,

2140 4087 138 37 reporting
2289 4097 35 18 on
2338 4096 99 28 copper
2449 4089 98 34 mines,
2561 4099 31 19 or
2603 4090 102 37 slating
2714 4092 55 36 city

2140 4125 118 29 councils
2272 4135 65 26 may
2350 4125 33 29 be
2394 4127 136 36 amusing,
2545 4127 24 29 if
2585 4133 49 24 not
2655 4133 100 25 instruc-

2140 4165 62 33 tive,
2213 4164 49 29 but
2274 4174 16 18 a
2303 4163 84 38 slight
2397 4165 106 36 variety
2511 4165 69 29 after
2590 4167 35 28 all
2638 4168 46 28 the
2698 4168 72 37 dirty

2140 4203 100 28 Nelson
2262 4203 73 28 linen
2358 4203 60 28 that
2441 4203 49 29 has
2512 4204 68 29 been
2607 4207 111 28 washed
2740 4208 28 27 in

2140 4250 68 28 your
2232 4241 125 28 columns
2378 4241 91 28 would
2489 4241 33 30 be
2543 4245 140 34 agreeable
2702 4245 69 28 after

2140 4280 46 28 the
2211 4279 59 28 said
2296 4280 179 36 nig-nagging
2498 4281 43 28 for
2562 4283 114 28 months
2700 4288 69 32 past.

2140 4318 36 28 As
2200 4318 42 28 for
2298 4318 148 29 Korari's"
2476 4319 105 30 threats
2611 4325 27 24 to
2668 4322 103 37 scarify

2140 4357 77 27 those
2230 4356 62 28 who
2305 4356 121 33 disagree
2444 4357 67 29 with
2533 4358 44 29 his
2597 4360 132 34 remarks,
2742 4362 29 27 in

2140 4395 55 28 this
2218 4395 122 28 instance
2364 4395 21 28 it
2406 4395 24 29 is
2451 4396 120 35 courted,
2585 4407 30 19 as
2635 4398 44 30 his
2697 4399 74 29 acrid

2140 4438 201 32 temperament
2354 4434 23 28 is
2395 4442 131 29 apparent
2538 4440 28 25 to
2580 4442 73 24 most
2665 4438 30 28 of
2703 4448 70 27 your

2140 4472 116 27 readers.
2293 4472 56 27 But
2361 4472 42 27 for
2418 4473 48 27 the
2488 4473 148 29 Yorkshire
2656 4480 99 32 temper-

2141 4519 65 19 ance
2220 4518 64 19 man
2297 4518 40 20 we
2355 4518 57 28 cry,
2426 4509 54 31 like
2501 4511 44 28 Mr
2566 4512 151 32 Gladstone
2737 4524 36 20 on

2141 4549 91 28 Home
2246 4549 80 34 Rule,
2333 4549 58 37 fiat
2396 4549 119 37 justitia
2526 4555 67 24 ruat
2607 4553 114 28 coelum.

2414 4588 167 29 Raspberry
2599 4591 139 29 Vinegar.

2174 4625 89 36 Lyell,
2276 4625 73 28 June
2362 4625 58 33 7th,
2435 4627 75 27 1880.

2377 4708 50 28 ON
2447 4708 79 28 THE
2546 4710 145 29 GOSPEL
2710 4713 48 28 OF

2301 4754 312 30 INTEMPERANCE.

2181 4829 45 37 [to
2238 4838 56 19 the
2307 4838 104 19 editor
2420 4838 34 19 of
2464 4838 55 19 the
2530 4839 88 19 lyell
2628 4833 105 36 times.]

2176 4875 181 33 Sir,—There
2370 4876 24 29 is
2407 4875 67 39 high
2492 4877 140 38 authority
2653 4878 42 30 for
2714 4890 45 27 say-

2139 4915 48 36 ing
2214 4915 62 28 that
2322 4925 17 18 a
2357 4915 54 28 soft
2432 4925 106 18 answer
2561 4917 113 28 turneth
2695 4928 79 25 away

2284 4953 54 29 and
2363 4952 15 29 I
2403 4952 62 30 take
2490 4952 102 31 shelter
2615 4955 88 29 under
2726 4956 47 30 the

2140 4992 74 36 wing
2237 4992 31 29 of
2290 4992 60 30 that
2373 4992 158 38 apothegm.
2574 4993 76 29 Your
2671 4996 102 28 Nelson

2141 5030 223 36 correspondent*
2374 5030 71 29 wiHX
2456 5031 132 35 certainly
2601 5032 50 27 has
2664 5033 47 28 the
2724 5034 50 31 gift

2141 5068 30 29 of
2189 5068 109 35 writing
2318 5067 71 35 well,
2401 5067 67 35 d<w
2488 5073 57 29 not,
2558 5070 29 28 in
2599 5078 49 29 my
2661 5070 112 31 humble

2140 5107 153 38 judgment,
2306 5117 31 20 as
2349 5118 16 19 a
2377 5117 67 28 poor
2462 5108 128 34 outsider,
2604 5110 103 36 always
2719 5111 54 28 and

2141 5155 82 26 every
2236 5146 66 27 time
2315 5146 34 27 do
2363 5146 43 27 his
2427 5146 101 28 talents
2545 5147 108 36 justice.
2691 5150 44 26 He
2748 5150 23 27 is

2142 5183 111 39 capable
2272 5183 31 30 of
2322 5184 82 29 much
2427 5184 87 30 better
2532 5185 93 38 things
2646 5186 68 30 than
2732 5187 28 30 in-

2142 5223 113 35 dulging
2276 5224 28 27 in
2326 5224 82 32 what,
2422 5224 15 26 I
2458 5225 72 34 hope
2549 5235 55 23 you
2625 5226 56 26 will
2695 5227 78 27 allow

2143 5270 44 18 me
2207 5265 28 23 to
2257 5265 70 23 term
2349 5260 47 28 the
2418 5261 96 35 vulgar
2535 5261 83 29 abuse
2631 5263 100 34 which,
2744 5263 29 28 in

2142 5308 69 26 your
2231 5299 71 28 issue
2323 5298 31 29 of
2371 5299 46 28 the
2443 5299 47 28 sth
2512 5300 113 34 instant,
2637 5301 34 28 he

2143 5346 73 28 upon
2237 5336 47 29 the
2307 5337 70 29 head
2392 5338 30 28 of
2440 5348 15 18 a
2467 5347 67 19 man
2547 5338 35 38 by
2596 5339 92 29 whom
2703 5341 11 27 I
2729 5351 44 18 am

2143 5380 86 33 pretty
2257 5376 59 28 well
2340 5378 103 26 certain
2468 5376 35 29 he
2528 5387 82 19 never
2632 5388 66 24 was,
2721 5380 54 28 and

2143 5423 81 19 never
2244 5415 56 27 will
2321 5415 32 27 be
2373 5416 136 34 wronged,
2524 5416 54 27 and
2597 5426 16 18 a
2626 5426 65 18 man
2713 5418 62 27 who

2143 5452 50 27 has
2206 5451 68 28 been
2288 5452 128 35 accepted
2434 5461 30 18 as
2477 5461 16 19 a
2506 5456 76 30 great
2596 5454 139 37 authority
2747 5455 28 27 in

2143 5494 124 33 quarters
2291 5500 68 19 even
2383 5500 75 20 more
2479 5490 152 30 influential
2653 5493 55 29 and
2730 5503 30 19 au-

2143 5530 157 27 thoritative
2314 5529 68 28 than
2403 5530 46 27 the
2470 5530 70 28 little
2562 5531 100 36 capital
2679 5532 30 27 of
2727 5541 51 19 our

2145 5567 153 28 Provincial
2319 5567 115 29 district.
2479 5568 72 29 Does
2577 5578 70 27 your
2677 5579 84 20 corres-

2144 5606 121 34 pondent
2277 5607 49 26 not
2339 5606 123 34 perceive
2485 5607 70 33 that,
2569 5617 65 18 even
2648 5609 130 33 granting

2146 5642 44 29 Mr
2202 5644 116 27 Burnett
2339 5644 24 27 is
2383 5647 47 25 not
2450 5654 36 18 an
2507 5646 132 27 educated
2653 5656 75 21 man,
2744 5647 34 27 he

2145 5682 49 28 has
2208 5681 101 38 proved
2323 5682 110 29 himseli
2451 5693 16 18 a
2488 5693 92 27 power
2599 5684 42 28 for
2660 5685 70 35 good
2749 5686 28 27 in

2145 5731 82 27 every
2240 5721 63 29 land
2319 5722 88 29 where
2422 5722 31 28 he
2467 5722 50 30 has
2540 5724 111 36 planted
2665 5724 42 29 his
2720 5725 56 28 foot

2145 5760 54 28 and
2212 5760 43 28 his
2266 5760 64 37 flag.
2375 5762 43 28 Mr
2427 5762 117 28 Burnett
2553 5764 23 26 is
2586 5762 36 37 by
2635 5772 36 20 no
2684 5773 95 19 means

2145 5799 47 28 the
2214 5799 58 27 first
2294 5808 98 27 person
2404 5800 30 27 in
2455 5800 47 28 the
2515 5801 84 28 world
2614 5805 26 23 to
2681 5806 61 24 turn
2758 5803 20 27 it

2145 5836 95 37 upside
2384 5837 133 35 although
2538 5839 33 28 he
2595 5839 50 28 has
2663 5845 49 23 not
2726 5840 53 28 had

2146 5875 46 31 the
2217 5875 172 31 inestimable
2414 5877 152 37 advantage
2592 5879 29 29 of
2648 5891 16 17 a
2687 5879 92 31 libera!

2792 253 153 29 education.
2994 255 54 27 Did
3075 258 18 12 44
3105 256 97 28 Korari
3261 265 84 19 never
3362 256 67 27 hear

2793 291 30 29 of
2835 292 44 28 rlie
2892 293 96 29 twelve
3009 294 125 38 Apostles
3147 295 13 28 ?
3197 294 73 29 How
3294 303 86 29 many
3401 293 31 31 of

2793 333 85 29 them,
2892 331 15 29 I
2921 333 90 28 would
3023 333 59 33 ask,
3095 343 69 19 were
3183 334 131 28 educated
3338 343 64 19 men
3420 335 13 27 ?

2794 369 137 38 Speaking
2942 370 71 30 from
3032 381 134 26 memory,
3180 373 54 28 and
3258 373 87 28 under
3370 381 42 20 cor-

2793 408 112 32 rection,
2919 409 14 28 I
2947 410 217 36 unhesitatingly
3176 414 86 25 assert
3276 411 60 28 that
3349 411 76 29 three

2793 451 47 24 out
2865 448 30 27 of
2916 456 81 28 every
3022 449 60 27 four
3105 458 69 19 were
3199 449 127 28 illiterate
3357 458 73 19 men.

2795 485 61 29 And
2869 489 46 33 yet
2931 496 68 19 even
3019 489 16 14 44
3194 488 56 29 will
3272 488 80 29 allow
3370 488 62 29 that

2797 524 64 36 they
2875 524 45 28 did
2933 526 70 34 good
3018 526 75 28 work
3106 526 28 28 in
3153 526 72 28 their
3240 527 64 34 day,
3317 526 77 29 work
3406 526 30 28 of

2795 562 90 28 which
2899 562 46 28 the
2959 564 78 27 fruits
3051 573 45 19 are
3109 564 95 29 visible
3219 574 68 20 even
3296 573 71 25 now,
3378 564 54 28 and

2795 600 54 28 will
2864 602 128 28 continue
3005 605 28 25 to
3047 601 33 29 be
3093 603 94 29 visible
3201 613 30 19 as
3249 604 66 36 long
3334 613 30 19 as
3386 603 46 29 the

2795 639 84 28 world
2905 641 103 27 stands.
3056 641 56 29 Did
3138 641 33 29 he
3196 651 84 19 never
3311 643 65 28 hear
3405 642 31 28 of

2796 677 112 35 Dwight
2934 678 33 29 L.
2992 678 102 37 Moody
3119 680 41 34 (of
3179 680 154 36 Chicago)?
3377 681 55 30 He,

2795 720 54 27 too,
2863 716 23 27 is
2899 725 15 18 a
2927 717 96 36 poorly
3033 717 132 29 educated
3181 728 75 24 man,
3270 719 54 29 and
3345 722 49 33 )et
3411 717 22 30 it

2795 753 23 28 is
2830 757 102 25 matter
2943 755 30 28 of
2983 755 106 36 history
3101 756 61 29 that
3175 767 36 18 on
3232 757 43 28 his
3295 757 60 29 first
3367 756 66 29 visit

2796 797 27 22 to
2837 792 128 35 England
2979 793 65 28 with
3061 794 44 27 Mr
3118 794 120 37 Sankey,
3253 795 45 28 the
3322 796 54 28 late
3388 804 28 19 ex-

2796 828 100 30 cellent
2919 830 172 39 Archbishop
3116 832 31 29 of
3173 834 172 36 Canterbury
3372 834 59 37 (Dr.

2795 868 150 29 Archibald
2976 870 141 37 Campbell
3148 872 70 36 Tait)
3245 882 52 19 one
3328 873 32 28 of
3385 872 47 29 the

2798 907 84 35 ripest
2906 907 123 28 classical
3056 908 122 29 scholars
3200 910 31 28 of
3253 911 45 28 the
3322 915 110 33 present

2799 947 125 34 century,
2937 945 65 28 took
3015 946 58 29 him
3092 946 36 37 by
3152 948 47 28 the
3220 948 76 29 hand
3317 948 55 30 and
3392 950 26 28 in-

2797 982 74 29 vited
2896 983 59 28 him
2980 988 29 25 to
3030 984 33 29 be
3082 985 44 29 his
3147 990 80 33 guest
3246 992 27 25 at
3294 988 138 29 Lambeth

2798 1021 108 34 Palace,
2920 1022 65 28 thus
2997 1023 94 36 giving
3103 1023 59 30 him
3176 1025 52 28 and
3242 1023 44 31 his
3300 1026 73 29 work
3385 1027 47 28 the

2797 1062 90 33 stamp
2909 1060 30 27 of
2958 1060 130 36 approval
3110 1062 31 29 of
3156 1063 48 28 the
3216 1063 122 30 Primate
3350 1065 31 28 of
3395 1064 38 29 all

2797 1097 132 33 England
2948 1099 54 27 and
3025 1098 205 38 Metropolitan.
3265 1102 71 33 And.
3346 1112 87 26 many

2797 1135 106 27 similar
2934 1135 139 29 instances
3108 1137 56 28 will
3197 1148 80 20 occur
3306 1142 28 26 to
3364 1150 70 27 your

2797 1182 149 19 numerous
2960 1174 118 35 readers,
3090 1184 86 29 many
3188 1176 31 29 of
3227 1177 92 29 whom
3330 1179 15 27 I
3352 1178 82 30 know

2799 1211 154 37 personally
2978 1216 28 25 to
3031 1212 34 29 be
3089 1223 63 19 men
3174 1216 28 27 of
3222 1221 78 32 great
3311 1218 123 28 national

2797 1249 106 37 ability,
2917 1249 124 37 polished
3062 1252 29 29 in
3105 1253 47 28 the
3165 1253 92 30 school
3270 1255 32 28 of
3310 1255 56 34 life,
3379 1257 53 27 and

2798 1288 74 35 quite
2885 1288 59 28 able
2957 1289 56 28 and
3030 1295 73 24 most
3124 1292 115 28 anxious
3251 1297 28 24 to
3289 1293 84 37 judge
3386 1295 47 28 the

2799 1331 57 23 tree
2880 1326 37 37 by
2935 1327 36 28 its
2990 1327 88 34 fruits,
3100 1329 54 28 and
3176 1329 47 30 the
3246 1340 65 20 man
3334 1331 36 38 by
3391 1333 43 28 his

2798 1364 99 29 works.
2934 1365 94 38 Cheap
3049 1376 92 20 sneers
3163 1368 64 28 and.
3239 1370 125 36 petulant
3385 1372 36 28 cri-

2799 1403 90 27 ticism
2902 1411 46 19 are
2960 1412 36 20 no
3009 1413 107 21 answer
3129 1409 28 25 to
3171 1406 45 29 the
3229 1408 71 35 good
3310 1408 82 29 deeds
3405 1409 30 28 of

2799 1440 66 29 such
2879 1441 146 29 reformers
3037 1452 29 19 as
3080 1443 133 31 Matthew
3238 1446 117 30 Burnett
3378 1448 56 36 (the

2799 1488 60 19 new
2873 1479 103 29 Father
2988 1481 155 35 Matthew),
3157 1484 56 28 and
3230 1484 48 28 the
3290 1484 105 29 leaders
3408 1487 29 26 of

2799 1516 47 26 the
2870 1519 73 24 most
2966 1519 171 28 remarkable
3158 1526 161 23 movement
3340 1523 31 26 of
3386 1531 51 19 our

2800 1552 77 34 time,
2891 1552 45 30 the
2955 1554 141 31 Salvation
3117 1557 97 38 Army.
3249 1558 45 30 Do
3308 1559 129 38 {yourself

2797 1592 106 35 justice,
2924 1596 16 12 44
3123 1597 93 35 Adopt
3236 1597 47 28 the
3302 1608 95 18 course
3409 1599 28 28 of

2800 1629 47 28 the
2863 1629 119 34 scoffers,
2995 1630 31 28 of
3035 1631 92 29 whom
3140 1633 47 29 the
3199 1638 64 32 poet
3276 1635 63 28 tells
3350 1643 50 22 us:

2905 1679 17 13 44
2934 1677 89 29 Those
3037 1677 61 30 that
3109 1688 77 21 came
3199 1684 28 25 to
3240 1681 75 35 scoff,

2936 1714 153 32 Beraained
3103 1723 28 24 to

2836 1762 15 28 I
2870 1773 45 18 am
2936 1769 49 23 not
3006 1774 17 18 a
3042 1766 67 35 paid
3129 1768 112 27 teetotal
3260 1768 125 29 lecturer.
3421 1770 15 27 I

2801 1799 69 28 wish
2884 1801 14 26 I
2912 1809 80 19 were.
3028 1802 56 28 But
3097 1803 65 27 Ido
3175 1808 49 24 not
3241 1804 137 37 begrudge
3390 1807 46 27 the

2802 1836 47 30 the
2863 1837 141 31 workman
3018 1838 44 30 his
3074 1840 68 30 hire.
3178 1842 44 29 On
3236 1842 47 30 the
3296 1848 138 34 contrary,

2802 1877 15 27 I
2830 1877 133 37 willingly
2975 1878 154 30 contribute
3149 1882 29 27 to
3201 1881 47 29 the
3259 1882 74 29 limit
3345 1884 30 28 of
3390 1893 47 27 my

2803 1924 95 18 means
2916 1917 118 27 towards
3058 1917 45 28 the
3126 1928 116 26 expense
3264 1920 31 27 of
3312 1920 127 37 bringing

2802 1952 60 28 able
2875 1961 65 19 men
2954 1958 128 30 amongst
3094 1962 49 27 us;
3163 1956 64 33 and,
3238 1956 38 29 let

2802 2001 49 28 say
2863 1990 77 32 what
2953 1992 34 30 he
3000 1992 64 37 will,
3079 1994 55 29 and
3146 1995 29 29 in
3195 1995 47 30 the
3262 2001 73 26 most
3357 2008 64 28 snap-

2803 2031 60 36 pish
2877 2041 63 26 way
2959 2032 127 37 possible,
3101 2034 44 28 Mr
3169 2035 133 29 Matthew
3323 2037 117 28 Burnett

2802 2069 51 29 has
2866 2071 100 36 proved
2980 2071 110 30 himselt
3108 2082 16 19 a
3146 2074 109 37 mighty
3276 2075 165 30 instrument

2802 2109 42 26 for
2855 2109 72 33 good
2947 2110 29 26 in
2997 2110 79 28 other
3099 2111 81 28 lands
3204 2113 54 27 and
3281 2113 74 28 here.
3392 2114 49 36 My

2803 2156 62 19 own
2877 2147 116 37 position
3009 2149 23 28 is
3044 2149 61 29 that
3119 2149 31 30 of
3159 2160 16 19 a
3187 2160 68 20 man
3277 2151 63 31 who
3361 2162 80 20 earns

2802 2185 44 28 his
2859 2185 75 37 daily
2947 2187 81 28 bread
3049 2187 37 35 by
3107 2189 45 27 his
3173 2189 77 36 daily
3269 2190 104 35 labour,
3387 2192 54 27 and

2802 2227 58 26 eats
2875 2224 21 29 it
2910 2224 65 30 with
2989 2235 17 19 a
3018 2224 71 31 keen
3101 2226 83 30 relish
3198 2227 55 30 and
3274 2238 17 20 a
3312 2229 129 30 thankful

2802 2262 242 31 heart—thankful
3056 2266 56 28 and
3124 2267 117 35 grateful
3260 2269 29 27 in
3312 2269 61 28 that
3394 2269 47 29 the

2804 2302 83 28 Great
2901 2302 103 29 Father
3016 2303 50 28 has
3087 2314 65 19 seen
3173 2310 83 28 meet,
3270 2306 70 29 after
3356 2317 86 27 many

2802 2339 156 39 buftetings,
2984 2345 28 26 to
3037 2342 64 29 take
3125 2353 79 27 away
3234 2344 47 29 the
3312 2347 130 28 accursed

2802 2379 113 37 craving
2928 2380 41 29 for
2982 2382 159 29 stimulants
3159 2383 89 29 wliich
3262 2384 64 29 held
3340 2385 59 29 him
3413 2386 27 28 in

2803 2417 149 36 thraldom,
2978 2420 55 28 and
3058 2425 28 24 to
3109 2422 62 36 give
3196 2422 60 29 him
3281 2434 16 18 a
3321 2429 50 24 not
3392 2434 33 19 un-

2804 2456 141 28 honoured
2960 2458 77 35 place
3055 2463 129 30 amongst
3206 2460 47 28 the
3275 2463 167 34 respectable

2804 2493 113 29 citizens
2928 2495 28 28 of
2966 2495 68 28 New
3044 2496 129 28 Zealand.
3203 2497 74 29 Dear

2804 2535 22 26 it
2839 2531 56 30 will
2909 2538 48 25 not
2970 2533 62 30 take
3047 2544 16 19 a
3076 2538 76 33 great
3165 2535 61 30 deal
3238 2539 30 27 of
3283 2539 119 37 waipero
3415 2543 27 25 to

2802 2570 49 30 kill
2865 2581 16 20 a
2895 2582 74 24 man,
2983 2572 49 31 but
3044 2573 23 31 it
3080 2575 56 28 will
3149 2575 64 30 take
3236 2587 36 19 an
3296 2588 146 20 enormous

2803 2611 130 36 quantity
2947 2613 29 27 of
2989 2617 174 31 temperance
3177 2617 29 25 to
3218 2615 35 28 do
3266 2626 38 18 so.

3094 2652 24 28 A
3130 2652 247 32 Blue-Ribboner

3037 2690 38 28 Of
3083 2690 53 29 five
3145 2701 81 27 years
3239 2695 137 37 standing,
3389 2695 53 28 and

3184 2730 43 29 for
3238 2731 56 30 life.

2841 2765 95 29 Buller
2946 2767 87 33 Road,
3043 2768 49 28 9th
3103 2768 86 34 June,
3199 2772 77 27 1886.

2926 2855 193 34 REEFTON
3147 2857 175 32 LETTER.

3066 2939 199 36 Wednesday,
3279 2942 79 30 June
3373 2944 27 29 9.

2840 2978 113 42 Bishop
2969 2980 98 38 Suter,
3082 2981 99 32 whose
3194 2983 156 33 venerable
3365 2984 76 32 form

2800 3022 25 31 is
2839 3022 68 31 well
2927 3023 109 32 known
3058 3034 40 21 on
3112 3024 51 31 the
3188 3025 99 37 Coast,
3301 3026 56 31 has
3377 3027 64 40 just

2800 3065 69 42 paid
2890 3076 36 22 us
2940 3076 18 22 a
2981 3066 79 34 visit.
3112 3067 57 33 His
3193 3069 63 32 zeal
3281 3069 96 33 shows
3401 3081 40 22 no

2801 3111 181 36 abatement,
2997 3112 59 31 and
3074 3112 167 40 advancing
3258 3124 84 29 years
3361 3126 80 19 seem

2800 3154 32 30 to
2845 3153 86 31 make
2945 3163 40 22 no
3009 3153 176 42 impression
3199 3165 39 22 on
3261 3155 48 32 his
3333 3156 89 32 endur-

2801 3207 83 21 ance.
2922 3197 57 32 His
2993 3197 159 42 eloquence
3163 3198 32 33 in
3209 3199 51 32 the
3274 3200 97 41 pulpit
3382 3201 59 31 and

2801 3243 186 31 earnestness
3011 3252 33 22 as
3063 3252 18 21 a
3104 3242 143 43 preacher
3269 3243 75 34 have
3366 3244 75 34 been

2800 3285 72 40 long
2895 3286 189 37 established,
3100 3287 60 31 and
3183 3298 40 21 on
3237 3288 150 32 occasions
3411 3289 31 32 of

2800 3328 47 32 his
2858 3328 68 33 visit
2940 3331 31 30 to
2986 3328 126 34 Reefton
3126 3329 51 33 the
3188 3330 121 33 Church
3318 3332 32 32 of
3358 3332 61 41 Eng-

2799 3372 71 32 land
2884 3372 137 42 building
3029 3384 96 21 seems
3138 3374 42 31 all
3189 3377 33 30 to
3232 3375 89 31 small
3334 3376 45 32 for
3389 3377 51 32 the

2800 3417 156 32 attendant
2966 3417 147 33 listeners.
3156 3418 120 34 Church
3286 3420 75 32 folks
3370 3420 71 33 here

2800 3470 49 21 are
2863 3460 72 32 fond
2949 3461 32 31 of
2997 3462 130 40 novelty,
3150 3462 77 37 that,
3251 3463 143 41 probably
3415 3465 25 30 is

2800 3514 56 22 one
2869 3514 107 23 reason
2990 3503 68 44 why
3071 3504 71 43 they
3156 3504 76 35 flock
3248 3509 32 31 to
3293 3506 73 34 hear
3389 3507 51 34 the

2799 3548 113 41 Bishop
2927 3549 75 31 after
3016 3559 18 21 a
3048 3549 71 40 long
3141 3549 135 39 absence,
3291 3551 54 32 but
3366 3562 73 22 even

2799 3591 38 32 he
2865 3592 73 32 with
2968 3592 48 31 his
3046 3593 77 32 tried
3153 3594 60 32 and
3240 3594 199 42 impassioned

2799 3636 160 42 eloquence
2981 3636 98 33 would
3102 3636 75 35 have
3194 3649 91 31 many
3309 3650 17 21 a
3348 3640 93 33 doubt

2799 3680 90 31 about
2913 3680 140 40 bringing
3074 3681 84 31 them
3174 3683 136 39 together
3323 3683 26 31 if
3368 3684 71 31 here

2798 3722 45 34 for
2867 3733 19 23 a
2908 3722 181 43 lengthened
3113 3726 87 32 term.
3251 3725 38 34 In
3312 3727 127 33 number

2798 3768 84 32 there
2896 3778 49 22 are
2959 3768 148 32 sufficient
3120 3772 32 29 to
3165 3769 73 41 keep
3251 3770 52 33 the
3326 3770 113 33 church

2797 3810 152 44 decidedly
2962 3811 67 33 well
3042 3811 92 39 filled,
3145 3812 55 34 but
3208 3813 231 35 lukewarmness

2798 3856 59 31 and
2880 3855 256 42 hyper-criticism,
3152 3867 68 32 saps
3238 3858 52 32 the
3303 3859 83 41 vigor
3410 3860 32 32 of

2797 3899 52 35 the
2875 3899 220 43 congregation,
3124 3900 59 34 and
3211 3905 101 41 empty
3336 3914 102 32 spaces

2797 3947 49 30 too
2860 3945 82 32 often
2954 3947 80 30 meet
3047 3945 52 32 the
3112 3946 162 33 minister's
3288 3947 83 32 view.

2836 3988 16 32 I
2879 3999 125 30 suppose
3029 3989 32 32 of
3084 3989 42 31 all
3147 3994 202 30 amusements
3371 4004 50 30 pro-

2796 4032 87 33 vided
2895 4032 45 33 for
2954 4033 50 32 the
3018 4032 100 42 public
3131 4036 78 31 taste
3222 4035 85 34 there
3320 4036 26 33 is
3359 4048 79 23 none

2796 4088 82 23 more
2899 4078 154 33 attractive
3067 4078 60 33 and
3148 4079 168 43 absorbing,
3331 4083 32 31 to
3385 4083 53 31 the

2794 4121 131 42 juvenile
2952 4121 85 31 mind
3063 4122 202 44 particularly,
3286 4125 76 32 than
3385 4126 53 32 the

2796 4165 95 32 circus
2896 4165 146 33 business.
3072 4165 65 33 The
3141 4166 113 40 horses,
3260 4168 176 40 theclowns,

2797 4209 51 32 the
2882 4209 129 42 leaping,
3039 4209 103 42 flights
3175 4210 132 43 through
3333 4213 104 42 hoops,

2797 4253 112 40 ponies,
2935 4253 137 41 spangles
3087 4255 60 31 and
3168 4256 139 38 sawdust,
3323 4258 60 32 and
3406 4258 33 32 in

2795 4296 63 33 this
2879 4307 66 22 case
2959 4307 18 22 a
3001 4297 141 33 selection
3166 4299 33 33 of
3218 4300 70 33 wild
3311 4302 130 33 animals

2799 4341 72 37 also,
2886 4341 86 32 effect
2985 4352 40 21 an
3038 4342 177 42 impression
3228 4344 68 32 that
3308 4356 41 22 no
3366 4347 73 32 time

2798 4395 57 22 can
2869 4385 100 38 efface,
2985 4385 59 33 and
3054 4396 55 23 our
3116 4386 157 43 juveniles,
3286 4399 68 23 now
3364 4391 75 33 after

2799 4429 61 33 this
2873 4430 69 32 visit
2952 4430 33 32 of
3008 4430 35 33 St
3057 4430 109 34 Leon's
3188 4434 114 40 troupe,
3317 4435 62 32 will
3403 4436 36 32 be

2799 4473 122 41 playing
2934 4476 31 28 at
2983 4474 96 32 circus
3091 4474 46 32 for
3147 4485 19 21 a
3178 4477 108 31 month
3300 4479 32 30 to
3345 4489 93 22 come.

2801 4517 47 33 On
2862 4517 130 44 Monday
3006 4518 126 43 evening
3155 4518 51 36 the
3224 4520 67 34 first
3304 4524 85 32 notes
3411 4523 31 33 of

2800 4562 51 32 the
2875 4563 80 31 band
2978 4563 118 32 seemed
3109 4566 31 30 to
3163 4568 97 29 create
3274 4566 91 32 much
3389 4568 51 31 the

2801 4615 81 21 same
2895 4605 186 41 impression,
3096 4606 32 32 in
3150 4606 140 43 bringing
3303 4620 18 20 a
3344 4611 97 30 crowd

2801 4648 145 42 together,
2961 4659 33 22 as
3008 4649 50 32 the
3072 4650 138 38 fire-bell,
3227 4652 46 32 for
3286 4652 32 32 in
3332 4663 18 21 a
3370 4664 71 31 very

2801 4692 55 33 few
2869 4693 131 33 minutes
3023 4693 52 33 the
3099 4697 91 31 street
3203 4706 60 22 was
3284 4697 155 42 thronged,

2801 4737 41 30 all
2876 4737 174 40 apparently
3083 4738 123 41 making
3235 4741 127 30 towards
3389 4741 52 31 the

2801 4779 78 41 huge
2893 4782 65 30 tent
2971 4779 120 41 pitched
3112 4792 40 21 on
3165 4781 52 32 the
3230 4782 55 32 flat
3308 4782 133 34 between

2801 4822 102 39 Upper
2926 4823 164 39 Broadway
3114 4824 59 29 and
3195 4825 51 30 the
3260 4826 87 30 river.
3399 4827 41 30 As

2802 4864 86 33 usual
2905 4864 73 33 with
3003 4864 97 34 shows
3124 4866 33 33 of
3167 4866 61 33 this
3250 4867 71 33 kind
3335 4868 24 33 it
3380 4880 61 22 was

2801 4909 66 31 well
2881 4909 120 40 packed,
3017 4920 33 20 so
3063 4910 67 31 well
3143 4910 68 32 that
3229 4911 71 41 they
3321 4913 120 31 decided

2801 4953 30 31 to
2846 4954 65 40 stay
2925 4962 18 22 a
2957 4953 108 32 second
3078 4953 97 42 night,
3187 4953 52 34 the
3249 4954 77 34 little
3337 4956 104 43 people

2800 5008 76 21 were
2889 4996 83 33 there
2986 4997 32 31 in
3032 4998 80 40 large
3126 5000 151 36 numbers,
3290 5003 84 37 pater
3382 5003 59 30 and

2800 5042 96 29 mater
2910 5040 155 40 attending
3076 5043 31 29 to
3114 5041 94 40 guard
3218 5041 79 32 their
3307 5043 132 42 charges,

2801 5083 54 33 but
2867 5083 93 44 really
2974 5087 31 30 to
3018 5095 48 23 see
3081 5084 50 34 the
3147 5085 90 39 show,
3253 5087 59 33 and
3327 5087 41 33 all
3391 5100 32 30 ap-

2800 5130 123 38 pearing
2935 5129 148 41 intensely
3105 5130 119 40 pleased
3237 5132 60 30 and
3318 5134 123 30 amused

2801 5172 71 33 with
2886 5171 52 34 the
2952 5172 94 33 whole
3069 5173 94 32 affair.

2843 5217 62 31 The
2940 5217 140 39 engineer
3112 5218 77 31 from
3217 5219 109 31 Price's
3360 5221 80 35 firm,

2803 5259 165 37 Auckland,
2994 5259 66 32 who
3087 5259 62 32 will
3172 5261 193 40 superintend
3389 5263 51 32 the

2803 5303 118 40 placing
2935 5303 32 31 of
2987 5303 52 32 the
3063 5303 107 33 Pelton
3194 5305 119 38 wheels,
3328 5306 112 42 having

2803 5347 123 38 arrived,
2942 5347 51 33 the
3008 5348 215 42 Keep-it-Dark
3246 5349 117 44 battery
3384 5352 55 31 has

2803 5392 122 40 stopped
2947 5392 60 31 and
3029 5392 51 32 the
3104 5394 200 32 water-wheel
3327 5395 25 31 is
3373 5408 67 19 now

2803 5435 89 39 being
2905 5435 91 30 taken
3010 5437 31 28 to
3064 5435 97 40 pieces
3183 5437 58 29 and
3264 5440 52 28 out
3337 5439 32 30 of
3389 5440 51 30 the

2803 5477 53 42 pit.
2912 5477 64 33 The
3003 5477 152 35 discarded
3189 5480 94 33 wheel
3316 5481 24 33 is
3378 5483 62 32 12ft

2805 5522 98 31 breast
2917 5523 59 30 and
2991 5524 64 30 35ft
3067 5523 84 40 high,
3166 5525 60 31 and
3250 5536 60 21 was
3335 5536 18 21 a
3373 5530 66 29 true

2805 5566 58 31 and
2890 5566 145 32 excellent
3059 5567 80 40 piece
3163 5568 33 32 of
3219 5569 221 43 workmanship

2805 5609 86 31 when
2905 5609 91 32 taken
3010 5620 69 22 over
3092 5611 77 31 from
3183 5611 51 33 the
3257 5616 182 31 contractors

2805 5654 45 31 for
2864 5654 132 40 erecting
3015 5654 127 42 battery,
3158 5656 111 32 Messrs
3284 5658 82 32 Giles
3381 5660 59 31 and

2806 5697 131 34 Gordon.
2980 5699 28 32 It
3022 5708 60 23 was
3104 5700 66 33 first
3192 5705 54 38 put
3270 5702 32 32 in
3325 5704 115 33 motion

2806 5743 32 31 in
2867 5745 86 35 1875,
2982 5743 112 42 having
3118 5745 74 32 been
3215 5748 116 32 erected
3358 5749 38 42 by
3424 5761 16 21 a

2806 5787 154 41 Company
2994 5788 110 41 calling
3137 5790 83 32 itself
3250 5792 51 31 the
3335 5793 105 33 Public

2806 5830 124 42 Battery
2944 5831 163 42 Company,
3123 5833 59 32 and
3206 5835 172 33 afterwards
3403 5837 37 43 by

2806 5875 145 43 purchase
2965 5877 105 41 passed
3084 5877 63 35 into
3163 5879 49 34 the
3227 5880 97 34 hands
3339 5882 32 34 of
3389 5883 51 34 the

3462 249 217 43 Keep-it-Dark
3707 248 166 41 Company.
3928 249 38 30 In
3989 249 39 32 its
4061 251 47 33 old

3460 307 54 30 age
3548 295 24 33 it
3599 294 61 33 had
3687 296 85 30 extra
3799 291 80 34 work
3907 294 31 32 to
3961 294 146 41 perform.

3460 340 211 41 Compressing
3698 338 45 31 air
3770 337 45 32 for
3848 336 51 33 the
3933 338 175 33 rock-drills

3459 384 73 32 used
3546 384 31 31 in
3592 383 51 32 the
3665 382 91 36 mine,
3773 380 94 33 added
3890 383 31 30 to
3944 382 52 32 the
4019 385 86 31 work

3459 429 32 32 of
3502 428 118 40 driving
3634 429 39 29 20
3688 428 146 38 stampers
3857 425 91 31 found
3972 429 52 29 out
4055 428 49 32 the

3459 472 82 33 weak
3556 472 108 41 places,
3680 470 60 32 and
3764 471 140 31 constant
3918 470 130 40 supervis
4055 472 50 33 ion

3458 528 61 20 was
3547 515 156 41 required;
3738 514 52 31 the
3818 524 143 30 manager
3984 515 33 30 of
4041 515 58 34 late

3458 560 117 40 finding
3599 560 23 31 it
3650 568 157 31 necessary
3838 561 34 28 to
3906 558 102 41 steady
4042 561 57 31 and

3460 604 86 33 brace
3561 604 24 32 it
3599 613 87 31 every
3700 601 91 33 Week,
3833 595 38 37 in
3885 601 52 32 the
3951 602 80 33 mine
4045 604 50 33 the

3458 648 81 33 work
3567 648 33 32 of
3624 647 98 40 filling
3749 646 32 31 in
3805 645 52 32 the
3881 648 99 38 stopes
4001 649 30 29 at
4045 648 50 32 the

3459 692 89 32 south
3563 691 57 32 end
3634 691 26 32 is
3674 690 91 41 being
3784 689 114 32 carried
3922 693 62 28 out.
4026 691 71 33 This

3458 736 25 32 is
3498 736 51 33 the
3564 736 67 32 first
3649 735 98 40 filling
3770 733 33 33 in
3827 733 80 33 since
3923 733 172 41 Christmas,

3459 781 52 30 the
3524 780 65 31 reef
3604 780 72 30 here
3697 778 90 40 being
3810 778 92 31 about
3928 778 62 30 18ft
4013 779 82 32 wide.

3459 823 99 33 When
3573 822 61 33 this
3644 822 25 33 is
3684 821 129 34 finished
3824 821 80 33 work
3912 820 33 33 in
3956 820 50 35 the
4017 822 79 34 mine

3458 869 61 31 will
3534 868 36 32 be
3585 867 124 41 stopped
3723 866 45 32 for
3782 865 118 33 awhile.

3498 912 65 31 The
3577 913 184 30 contractors
3771 910 46 32 for
3827 910 120 40 sinking
3958 910 50 32 the
4018 910 79 33 shaft

3458 956 32 32 in
3501 956 51 32 the
3568 955 50 32 Nil
3638 954 228 42 Desperandum
3890 954 87 32 made
3991 964 18 23 a
4022 957 75 31 start

3458 999 165 44 yesterday.
3665 999 30 32 It
3708 998 26 32 is
3748 1009 69 21 over
3831 1009 19 20 a
3859 997 147 42 fortnight
4017 999 79 33 since

3458 1045 52 31 the
3524 1045 135 31 contract
3682 1053 61 21 was
3765 1043 52 36 let,
3832 1042 54 32 but
3909 1053 81 21 some
4012 1043 85 42 delay

3459 1098 60 21 was
3533 1087 108 32 caused
3655 1087 32 31 hi
3700 1086 96 40 fixing
3810 1086 51 31 the
3876 1086 90 31 break
3980 1086 45 33 for
4046 1087 50 32 the

3458 1131 133 40 winding
3604 1130 104 37 wheel,
3724 1140 33 21 so
3771 1130 68 31 that
3850 1130 52 31 the
3914 1140 73 21 man
4001 1132 30 29 at
4045 1130 52 32 the

3460 1175 89 36 shaft,
3564 1175 98 31 which
3677 1174 27 32 is
3717 1173 211 42 underground
3942 1184 81 22 some
4038 1177 59 30 400

3460 1219 57 32 feet
3541 1218 77 33 from
3642 1218 52 33 the
3716 1218 107 32 mouth
3847 1218 33 32 of
3901 1217 51 33 the
3980 1218 115 39 tunnel,

3460 1263 87 32 could
3560 1263 133 41 regulate
3716 1262 52 32 the
3788 1262 96 32 wheel
3897 1262 76 32 from
3987 1262 52 33 the
4053 1263 30 32 in-

3461 1307 71 32 side.
3576 1307 90 32 Sawn
3693 1305 109 33 timber
3828 1306 46 32 for
3893 1305 52 32 the
3970 1305 80 33 shaft
4072 1307 27 31 is

3460 1351 147 33 delivered
3621 1354 31 30 at
3665 1351 53 32 the
3731 1351 62 33 foot
3807 1351 32 33 of
3860 1350 52 33 the
3934 1350 110 34 incline
4068 1353 32 31 at

3462 1396 62 40 11/-
3539 1405 53 30 per
3607 1395 46 32 100
3653 1395 47 32 ft.
3755 1394 6 4 *

3500 1439 40 32 At
3554 1438 51 33 the
3617 1438 121 33 Wealth
3752 1438 33 33 of
3795 1438 127 33 Nations
3936 1438 51 33 the
4010 1438 68 33 flum-

3460 1483 52 39 ing
3525 1483 46 30 for
3589 1485 51 29 the
3664 1483 133 39 winding
3820 1483 94 31 wheel
3935 1483 26 29 is
3984 1484 116 39 getting

3461 1525 63 31 into
3538 1525 138 40 position,
3692 1525 60 30 and
3773 1525 75 30 after
3860 1525 69 31 that
3942 1525 83 31 there
4038 1525 61 31 will

3462 1567 36 33 be
3512 1568 51 32 the
3577 1578 85 31 ropes
3676 1570 31 30 to
3720 1568 85 41 place
3815 1568 60 32 and
3888 1568 67 33 lead
3970 1568 129 41 through

3462 1612 50 30 the
3527 1612 106 30 tunnel
3646 1614 33 30 to
3691 1612 53 31 the
3757 1612 215 39 poppet-heads
3996 1615 31 27 at
4047 1613 52 30 the

3462 1653 89 32 shaft.
3606 1654 38 31 In
3668 1654 51 32 the
3742 1655 163 31 meantime
3927 1654 51 32 the
4002 1655 98 31 hands

3463 1708 49 22 are
3526 1697 117 42 driving
3655 1698 90 32 north
3758 1699 89 40 along
3860 1699 51 31 the
3925 1699 83 32 track
4019 1709 64 32 pros-

3463 1742 119 41 pecting
3594 1742 34 33 in
3641 1742 224 42 likely-looking
3878 1746 135 39 country.

3504 1785 105 39 Owing
3622 1789 31 27 to
3667 1796 17 19 a
3708 1787 96 39 faulty
3827 1797 70 29 rope
3921 1787 51 30 the
3996 1787 103 31 Venus

3463 1826 56 34 has
3533 1839 82 22 come
3630 1831 30 30 to
3675 1839 18 21 a
3712 1828 74 33 dead
3811 1832 76 40 stop.
3930 1829 63 33 The
4019 1830 82 33 aerial

3464 1872 60 32 line
3539 1884 72 22 soon
3625 1874 76 32 after
3724 1874 127 41 starting
3875 1876 168 39 operations
4057 1886 30 21 re-

3466 1916 102 39 quired
3594 1918 130 38 repairs;
3751 1918 84 31 these
3858 1918 90 40 being
3968 1919 132 35 effected,

3466 1958 100 33 others
3580 1959 118 33 showed
3711 1959 189 41 themselves,
3925 1972 33 22 so
3981 1961 67 34 that
4072 1962 33 33 of

3466 2004 60 32 late
3549 2005 24 31 it
3596 2005 55 32 has
3675 2005 121 33 become
3820 2018 33 21 so
3875 2008 152 37 defective,
4043 2009 59 30 and

3466 2048 51 33 the
3531 2048 127 33 number
3682 2050 32 31 of
3735 2053 155 39 stoppages
3909 2062 32 22 so
3955 2052 147 41 frequent,

3467 2103 33 20 as
3524 2095 31 28 to
3578 2093 37 30 be
3638 2093 109 32 unable
3769 2098 31 27 to
3818 2095 126 31 forward
3957 2097 147 39 anything

3467 2135 58 33 like
3540 2146 17 21 a
3571 2135 105 44 supply
3690 2137 33 33 of
3742 2139 88 31 stone
3840 2140 31 31 to
3885 2138 73 42 keep
3972 2139 50 33 the
4037 2139 48 33 bat-

3467 2183 64 37 tery
3545 2181 99 39 going.
3686 2182 26 29 A
3726 2193 66 20 new
3805 2193 70 29 rope
3889 2183 56 30 has
3958 2184 75 30 been
4057 2195 30 20 or-

3468 2223 88 33 dered
3570 2224 77 33 from
3661 2224 108 39 Home,
3784 2225 54 33 but
3851 2226 51 33 the
3917 2227 113 33 sudden
4043 2228 45 32 col-

3469 2269 81 40 lapse
3564 2269 33 31 of
3608 2269 50 32 the
3672 2273 120 36 present
3815 2281 56 21 one
3895 2272 54 30 has
3963 2273 141 31 rendered

3469 2313 24 31 it
3506 2323 156 32 necessary
3676 2317 33 28 to
3721 2314 68 32 seek
3802 2314 46 32 for
3861 2316 125 31 another
4008 2320 30 28 to
4059 2317 45 30 fill

3469 2357 50 32 the
3547 2368 67 31 gap.
3670 2358 63 33 The
3761 2358 137 33 Colonies
3925 2360 75 33 have
4028 2360 75 33 been

3469 2402 151 37 searched,
3634 2401 39 42 by
3686 2403 80 37 wire,
3778 2403 109 32 almost
3900 2404 126 32 without
4039 2416 48 20 suc-

3469 2456 73 20 cess.
3606 2447 91 30 From
3730 2447 195 40 Wellington,
3958 2448 145 37 however,

3469 2499 82 21 news
3564 2499 99 21 comes
3677 2489 67 31 that
3768 2490 145 32 sufficient
3938 2492 73 31 steel
4034 2502 70 30 rope

3470 2532 34 33 of
3519 2532 52 33 the
3596 2532 153 34 character
3771 2534 135 42 required
3928 2546 56 21 can
4004 2534 35 34 be
4054 2536 34 32 ob-

3470 2577 109 38 tained,
3596 2578 59 32 and
3669 2578 50 32 the
3733 2579 85 42 delay
3831 2579 33 33 of
3874 2591 18 20 a
3912 2581 80 31 week
4006 2593 33 20 or
4053 2586 51 27 ten

3469 2622 71 41 days
3554 2622 61 31 will
3629 2633 48 21 see
3691 2622 52 32 the
3757 2623 102 32 Venus
3872 2634 73 22 once
3969 2635 81 22 more
4071 2625 32 31 hi

3469 2666 55 32 full
3548 2666 103 41 swing.
3693 2667 152 32 Paddocks
3869 2669 59 30 and
3951 2680 100 29 passes
4072 2673 32 28 at

3469 2709 51 33 the
3534 2710 81 33 mine
3629 2710 89 42 being
3740 2711 56 31 full
3818 2712 104 42 nearly
3945 2712 42 32 all
4008 2712 97 32 hands

3470 2765 49 22 are
3533 2755 183 41 discharged.
3759 2756 63 32 The
3845 2757 81 32 mine
3948 2768 92 21 wears
4065 2768 39 21 an

3469 2799 151 39 improved
3644 2810 192 29 appearance,
3862 2801 59 30 and
3947 2800 53 31 the
4025 2801 79 41 yield

3469 2852 51 30 per
3526 2843 54 30 ton
3588 2842 60 31 this
3659 2842 142 41 crushing
3811 2843 55 31 has
3875 2843 74 32 been
3961 2843 141 41 superior,

3468 2884 24 33 it
3506 2885 25 32 is
3546 2885 146 33 therefore
3705 2886 192 43 particularly
3911 2887 193 33 unfortunate

3468 2930 60 30 this
3557 2934 140 36 stoppage
3725 2931 108 30 should
3860 2942 96 25 occur,
3985 2932 26 30 if
4034 2933 71 39 only

3468 2972 201 40 temporarily.

3507 3015 38 29 In
3551 3015 51 30 the
3608 3015 117 30 Golden
3735 3015 142 31 Treasure
3886 3016 117 39 driving
4012 3018 90 30 north

3469 3055 88 42 along
3581 3056 51 33 the
3655 3057 83 31 track
3762 3059 31 30 at
3816 3057 51 33 the
3890 3058 57 33 low
3970 3059 76 33 level
4072 3062 32 30 to

3468 3101 86 32 catch
3569 3101 51 32 the
3635 3102 90 32 strike
3740 3102 32 32 of
3793 3102 51 32 the
3860 3106 84 29 stone
3961 3104 55 31 has
4033 3104 76 31 been

3467 3144 186 40 proceeding.
3696 3145 171 40 Yesterday,
3881 3146 146 36 however,
4052 3147 53 30 the

3467 3198 142 30 manager
3622 3188 136 40 reported
3771 3189 131 40 meeting
3916 3189 72 32 with
4003 3201 17 20 a
4034 3201 70 30 crop

3468 3230 77 32 head
3567 3231 98 33 which
3689 3234 51 30 cut
3767 3232 131 42 through
3923 3233 73 33 both
4024 3235 85 31 walls

3469 3276 59 31 and
3542 3276 126 41 entirely
3691 3276 135 41 changed
3850 3278 51 31 the
3924 3289 183 29 appearance

3469 3318 32 33 of
3512 3319 50 32 the
3582 3321 134 41 country,
3738 3319 25 32 it
3784 3320 90 42 being
3896 3331 68 22 now
3985 3322 68 37 soft,
4068 3322 26 32 ir-

3468 3363 127 40 regular,
3608 3364 59 31 and
3681 3364 159 31 undefined
3853 3375 7 27 ;
3882 3375 17 20 a
3913 3365 153 32 character
4077 3367 33 31 of

3467 3407 70 33 rock
3551 3407 107 41 golden
3669 3410 88 30 stone
3767 3407 55 33 has
3830 3419 91 22 never
3931 3409 75 33 been
4016 3410 93 32 found

3467 3451 33 30 in
3510 3452 32 29 in
3556 3452 60 30 this
3630 3452 92 30 mine.
3766 3452 126 40 Driving
3906 3456 31 28 to
3951 3454 52 30 the
4017 3455 90 29 south

3467 3492 26 33 is
3520 3504 67 23 now
3613 3494 145 38 renewed,
3786 3494 52 34 the
3865 3506 183 32 appearance
4075 3497 32 33 in

3467 3539 67 31 that
3549 3539 142 32 direction
3705 3539 89 41 being
3809 3551 70 30 very
3893 3541 180 32 favourable.

3507 3582 62 32 The
3584 3582 169 41 Inglewood
3763 3583 25 31 is
3799 3583 62 31 still
3871 3584 151 42 crushing.
4065 3586 42 31 As

3466 3626 81 33 often
3560 3626 133 42 happens
3717 3627 51 33 the
3782 3628 106 41 supply
3902 3628 33 33 of
3955 3631 84 31 stone
4062 3630 46 32 for

3465 3681 19 20 a
3497 3671 81 31 week
3588 3682 33 20 or
3634 3674 59 29 two
3705 3671 26 30 is
3745 3671 33 32 of
3788 3682 40 21 an
3838 3672 122 31 inferior
3971 3674 114 39 quality
4098 3683 7 27 ;

3465 3713 74 33 then
3552 3724 99 22 comes
3672 3725 19 21 a
3712 3713 125 43 change,
3851 3715 61 33 and
3935 3715 98 34 before
4055 3716 52 33 the

3465 3759 142 39 crushing
3616 3759 25 30 is
3651 3760 161 31 concluded
3823 3760 51 31 the
3885 3761 88 30 usual
3983 3772 125 30 average

3464 3801 25 32 is
3517 3802 148 33 obtained.
3721 3803 70 32 Just
3817 3803 74 33 such
3917 3803 26 33 is
3968 3805 141 42 occuring

3463 3846 74 31 with
3550 3846 52 32 the
3616 3847 179 40 Inglewood,
3811 3848 51 31 the
3876 3851 123 29 returns
4021 3850 89 40 being

3463 3901 68 22 now
3540 3890 32 33 of
3580 3901 17 22 a
3606 3890 90 34 much
3705 3902 82 23 more
3796 3891 141 45 cheering
3942 3893 163 34 character.

3464 3936 37 31 In
3516 3936 50 31 the
3581 3936 81 33 mine
3677 3937 40 31 all
3735 3937 98 32 hands
3848 3948 49 22 are
3919 3940 133 39 engaged
4075 3940 34 31 in

3463 3978 52 32 the
3529 3981 98 40 stopes
3641 3980 59 31 and
3710 3978 52 34 the
3776 3978 80 45 daily
3865 3982 106 42 supply
3982 3983 31 32 of
4022 3986 85 30 stone

3463 4023 26 33 is
3502 4024 150 42 regularly
3672 4024 195 39 maintained,

3503 4068 40 32 At
3557 4069 176 32 Boatman's
3747 4070 52 32 the
3813 4070 151 34 Welcome
3978 4071 25 33 is
4018 4072 75 42 yield-

3463 4111 52 42 ing
3536 4113 82 40 large
3631 4113 112 42 weekly
3764 4124 119 23 learns
3905 4116 33 31 of
3958 4117 151 40 amalgam

3464 4157 59 31 and
3536 4157 53 33 the
3598 4168 182 30 appearance
3791 4158 32 33 of
3830 4158 52 33 the
3890 4159 81 33 mine
3980 4164 130 29 warrant

3464 4211 19 21 a
3515 4201 72 41 long
3613 4202 207 33 continuation
3848 4203 33 32 of
3904 4204 83 32 such.
4043 4205 64 32 The

3465 4247 183 31 contractors
3674 4246 46 32 for
3741 4247 106 31 tunnel
3874 4247 59 32 flue
3955 4248 78 32 have
4057 4251 53 29 not

3465 4291 49 39 yet
3547 4289 138 37 finished,
3710 4289 55 33 but
3791 4290 52 33 the
3872 4291 179 42 completion
4078 4293 32 32 of

3464 4333 79 32 their
3561 4333 53 41 job
3627 4333 62 32 will
3710 4344 88 21 cause
3812 4344 18 21 a
3853 4338 84 37 great
3960 4336 127 41 improve-

3465 4378 84 31 ment
3562 4377 33 32 in
3608 4377 52 32 the
3674 4378 176 32 ventilation
3864 4378 33 33 of
3907 4379 52 32 the
3973 4380 91 32 mine.

3506 4421 63 33 The
3597 4421 87 42 Fiery
3711 4421 25 32 is
3759 4422 162 42 crushing;
3942 4424 52 32 the
4015 4425 95 41 yields

3466 4475 39 21 on
3519 4466 51 30 the
3584 4466 95 30 whole
3693 4465 89 40 being
3790 4466 75 40 fully
3872 4477 42 30 up
3923 4470 33 28 to
3966 4469 127 39 anticipa-

3466 4508 88 33 tions.
3606 4508 96 33 There
3724 4508 25 33 is
3773 4519 19 22 a
3810 4511 105 41 strong
3936 4511 65 34 reef
4018 4514 33 31 to
4072 4511 37 35 be

3466 4564 70 21 seen
3569 4553 32 32 in
3634 4554 52 31 the
3714 4557 108 38 stopes,
3846 4555 60 31 and
3935 4557 175 41 everychmg

3466 4596 85 32 bears
3565 4606 18 21 a
3596 4606 71 31 very
3679 4596 124 41 healthy
3816 4607 193 30 appearance.

3506 4639 63 31 The
3583 4639 214 33 Just-in-Time
3811 4640 91 42 being
3921 4642 123 33 blocked
4068 4654 41 31 up

3467 4682 73 33 with
3554 4685 94 36 stone,
3664 4694 49 23 are
3733 4685 136 41 carrying
3893 4697 39 22 on
3954 4687 78 33 their
4053 4688 59 33 low

3465 4727 77 31 level
3564 4727 90 31 north
3669 4730 31 28 to
3723 4729 86 30 catch
3831 4729 52 31 the
3897 4731 91 31 strike
4004 4732 33 30 of
4058 4732 52 31 the

3466 4769 70 33 reef.
3587 4770 38 32 In
3639 4770 51 33 the
3704 4770 206 35 intermediate
3931 4773 85 34 there
4039 4775 26 32 is
4091 4787 20 20 a

3467 4816 103 35 strong
3582 4813 78 39 body
3674 4814 33 30 of
3717 4817 85 28 stone
3811 4816 144 40 showing,
3966 4818 55 29 but
4032 4819 78 29 until

3467 4854 51 33 the
3532 4854 122 33 Reform
3673 4855 56 32 has
3752 4856 129 35 finished
3905 4859 143 44 crushing
4070 4872 41 23 no

3467 4910 82 21 more
3563 4910 57 21 can
3633 4900 37 32 be
3684 4900 112 33 broken
3810 4905 62 28 out.

3509 4942 62 32 The
3586 4942 122 34 Reform
3721 4954 33 22 as
3768 4955 73 24 soon
3855 4956 33 23 as
3907 4946 78 34 their
4008 4948 86 34 crush-

3468 4987 52 41 ing
3544 4988 183 38 terminates,
3752 4990 52 32 the
3828 4996 172 35 agreement
4023 4995 89 40 being

3467 5031 106 30 month
3589 5031 90 31 about
3695 5033 73 31 with
3782 5033 52 33 the
3857 5035 79 37 Just,
3951 5036 106 32 intend
4080 5040 32 29 to

3467 5084 85 32 carry
3575 5075 78 33 their
3667 5075 58 34 low
3747 5076 76 35 level
3836 5080 31 31 to
3881 5078 53 35 the
3956 5080 155 45 boundary

3468 5120 98 35 south,
3582 5122 127 29 towards
3723 5122 99 31 which
3836 5123 71 42 they
3920 5125 76 31 have
4021 5127 91 31 about

3469 5163 57 32 140
3535 5162 59 33 feet
3601 5165 32 31 to
3641 5174 48 31 go.
3732 5165 64 33 The
3807 5168 85 32 stone
3902 5167 33 34 in
3949 5168 51 34 the
4012 5172 99 40 stopes

3467 5207 54 31 has
3536 5208 138 39 pinched,
3699 5210 99 32 which
3821 5211 55 32 has
3901 5214 108 31 caused
4031 5226 81 21 some

3468 5250 72 37 talk,
3556 5250 54 32 but
3624 5252 60 30 this
3698 5252 25 31 is
3747 5263 40 22 no
3801 5255 130 32 unusual
3951 5267 161 23 occurence

3467 5294 158 42 especially
3638 5295 73 32 with
3725 5296 176 34 Boatman's
3911 5301 87 31 reefs.
4049 5302 63 32 The

3467 5338 143 42 crushing
3622 5339 26 32 is
3671 5341 177 43 proceeding
3872 5343 127 34 without
4022 5346 75 33 inter-

3467 5383 129 41 ruption,
3613 5385 60 31 and
3686 5385 51 32 the
3752 5389 118 30 returns
3885 5399 49 21 are
3945 5391 86 38 good.

3507 5435 26 31 A
3556 5438 134 29 contract
3713 5437 56 31 has
3792 5438 77 32 been
3892 5440 41 32 let
3957 5445 31 28 to
4010 5442 49 32 Mr
4083 5443 33 32 .J.

3469 5478 125 43 Quigley
3612 5482 31 31 to
3665 5483 50 30 cut
3737 5482 144 36 .chamber
3905 5485 59 33 and
3987 5487 58 32 rise
4070 5488 45 32 for

3467 5524 214 39 poppet-heads
3695 5525 32 32 hi
3742 5527 51 31 the
3803 5527 180 34 Homeward
3994 5530 118 33 Bound.

3468 5566 63 32 The
3565 5567 151 40 chamber,
3746 5571 99 33 which
3871 5573 26 31 is
3925 5574 33 32 of
3982 5577 131 30 unusual

3467 5610 192 40 dimensions,
3692 5614 61 32 will
3786 5617 123 32 contain
3942 5619 106 32 mouth
4086 5620 31 32 of

3468 5654 79 33 shaft
3573 5657 60 32 and
3657 5657 52 33 the
3730 5659 104 33 drums
3857 5661 103 33 driven
3974 5662 39 43 by
4036 5675 59 21 com-

3468 5701 119 39 pressed
3601 5701 44 33 air
3659 5702 45 34 for
3718 5704 142 44 winding.
3904 5707 64 34 The
3986 5709 80 42 price
4090 5709 26 32 is

3468 5746 91 37 £3BO,
3595 5748 59 31 and
3688 5749 52 32 the
3774 5751 185 34 dimensions
3994 5755 32 30 of
4064 5755 50 31 the

3468 5789 142 34 chamber
3625 5795 38 29 40
3678 5796 107 30 xl6x
3801 5798 37 30 13
3852 5797 69 31 feet.
3964 5798 64 32 The
4045 5798 70 32 rock

3468 5833 69 32 drill
3551 5835 61 32 will
3626 5835 36 33 be
3676 5838 73 33 used
3763 5838 31 33 in
3809 5841 185 40 excavating.

3961 5897 110 32 Tuadt.

1411 98 118 46 THU
1583 99 185 50 LYELL
1820 98 187 57 TIMES,
2062 105 304 53 SATURDAY,
2418 107 144 56 JUNE
2619 122 53 33 12,
2731 105 102 47 1886.

256 228 137 32 Go/ern
396 237 11 11 v
407 230 84 31 nent
515 228 150 34 Notices.

393 317 101 71 m

166 439 149 33 NOTICE
339 441 50 31 TO
417 437 342 38 LEASEHOLDERS.

279 528 198 32 DOUBLED
503 530 144 32 RENTS.

325 615 105 34 Crown
445 616 100 33 Lands
560 618 100 37 Office,

378 660 120 38 Nelson,
515 662 78 31 June
610 663 25 35 1,
654 663 85 36 1886,

152 712 215 82 Holders
374 714 32 31 of
416 714 159 32 leases
590 714 32 31 of
634 715 144 31 crown

244 757 134 33 LANDS
393 768 49 22 are
456 757 152 33 reminded
623 759 65 31 that
700 757 78 33 ALL

150 800 133 32 RENTS
308 801 84 31 DUE
419 801 111 32 MUST
555 801 53 31 BE
632 802 96 31 PAID
750 805 30 29 to

149 843 51 33 the
215 844 138 33 Receiver
377 844 32 34 of
430 845 85 32 Land
536 846 148 38 Revenue,
701 846 58 32 Nel-

150 899 62 26 son,
229 900 32 21 or
275 892 30 29 to
319 889 50 33 the
394 889 91 33 Local
506 890 86 32 Land
618 891 105 31 Offices
748 895 31 27 at

150 931 172 39 Westport,
338 934 131 36 Ahaura,
486 934 57 32 and
568 934 147 37 Reefton,
741 945 39 21 on

148 987 35 21 or
207 975 97 34 before
332 977 50 32 the
410 978 73 32 30th
507 978 117 38 JUNE,
653 980 30 31 to
711 990 67 21 save

151 1018 99 35 Fines.

242 1065 165 32 ALFRED
421 1066 280 38 GREENFIELD,

282 1109 230 33 Commissioner
518 1110 32 32 of
558 1110 104 32 Crown
670 1110 110 33 Lands.

319 1192 118 33 Public
459 1194 151 33 Notices.

149 1276 118 41 THE
329 1277 220 41 WINTER
602 1279 182 40 STOCK

410 1355 35 20 AT
463 1355 56 20 THE

289 1398 114 37 NEW
426 1398 222 38 ZEALAND

153 1457 306 78 Clothing
489 1460 298 75 Factory

228 1547 275 33 PALMERSTON
536 1549 169 37 STREET,

366 1605 213 34 WESTPORT,

148 1653 61 28 TS
221 1663 62 19 now
296 1654 102 37 replete
407 1655 67 29 with
487 1665 16 19 a
513 1656 85 36 really
607 1656 178 37 Magnificent

360 1694 174 29 Assortment
546 1695 30 28 of

145 1742 123 42 Men's,
282 1743 140 32 Youths'
435 1745 69 32 and
515 1745 100 40 Boys'

287 1789 314 38 Fashionably-Cut
613 1791 171 38 Clothing,

147 1836 46 29 Ail
210 1837 81 29 made
310 1837 71 29 from
404 1837 68 29 New
491 1838 120 29 Zealand
623 1838 88 36 Wool,
724 1838 45 30 tho-

310 1877 116 37 roughly
439 1877 115 34 shrunk,
567 1878 56 28 and

146 1929 25 27 A
192 1928 96 36 Single
299 1929 108 27 Article
420 1929 68 27 Sold
500 1931 31 25 at
543 1930 124 35 Factory
679 1930 104 27 Prices.

148 2024 25 32 A
209 2022 141 43 Splendid
385 2024 187 33 Assortment
615 2024 32 33 of
686 2024 97 33 Men's

226 2067 126 34 Youths'
383 2068 58 32 and
475 2068 87 42 Boys'
598 2067 189 42 Waterproof

306 2112 149 40 Clothing,
472 2112 40 30 all
522 2112 122 32 marked
654 2112 32 30 in
697 2112 87 30 Plain

385 2156 132 42 Figures,
555 2155 58 33 and
652 2155 71 34 Sold
753 2157 32 32 at

461 2200 127 42 Factory
611 2200 109 31 Prices.

256 2301 234 30 FIRST-CLASS
509 2301 171 29 CUTTERS

153 2353 72 39 Only
238 2364 45 20 are
301 2353 121 40 engaged
444 2353 29 30 in
494 2353 47 30 the
562 2353 87 30 Order
670 2353 97 38 Depart-

382 2398 78 24 ment
471 2396 28 26 at
511 2393 47 29 the

153 2446 91 39 New
262 2445 163 39 Zealand
439 2445 165 52 Clothing
620 2446 163 51 Factory.

155 2562 31 34 A
202 2561 115 42 Single
336 2562 76 34 Suit
428 2563 104 32 Made
558 2564 37 32 to
619 2563 110 33 Order
753 2565 36 32 at

321 2600 146 38 Factory
484 2600 135 33 Prices!

442 2657 56 21 AND

157 2700 167 32 Remember
336 2700 99 32 !—All
461 2701 76 32 from
561 2701 51 32 the
634 2702 88 31 finest
747 2712 28 22 se-

155 2744 96 33 lected
264 2744 72 34 New
350 2744 131 34 Zealand
501 2745 96 39 Wool,
612 2745 179 43 thoroughly

156 2789 123 37 shrunk,
294 2789 59 32 and
367 2800 18 21 a
398 2789 115 33 Perfect
526 2790 50 32 Fit
590 2790 198 32 Guaranteed.

228 2887 94 29 Terms
342 2887 109 29 CASH.
487 2888 44 29 No
548 2888 172 30 Abatement.

154 2977 107 35 Agents
289 2977 41 28 for
358 2977 48 28 the
436 2978 159 27 Unrivalled
625 2979 165 28 Wertheim

329 3015 115 28 Sewing
463 3015 154 30 Macaines.

155 3109 83 59 New
268 3108 150 62 Zealand
449 3110 158 74 Clothing
632 3111 157 73 Factory,

192 3191 328 38 PALMEIiSTON-ST.,
543 3194 213 31 WESTPORT.

247 3287 38 33 T.
303 3288 437 43 BLENNERHASSETT,

355 3334 132 36 Manager
498 3334 141 38 Westport
651 3335 120 29 Branch.

490 3457 135 27 Limited.

228 3534 228 33 KIMBERLEY
475 3539 248 30 GOLDFIELDS.

270 3729 58 31 The
341 3729 73 36 large
424 3729 54 30 and
491 3730 186 39 full-powered

163 3774 127 66 S.S.
351 3777 439 63 TBIUMPH

412 3863 73 20 WILL
502 3864 36 19 BE

159 3901 173 40 Despatched
357 3902 71 30 from
463 3903 255 31 WELLINGTON
749 3904 42 30 for

333 3942 126 29 KING'S
491 3943 127 29 SOUND

245 3990 44 28 On
313 3989 170 34 MONDAY,
501 3990 99 30 JUNE
629 3991 75 29 28th.

158 4071 103 30 Saloon
272 4072 79 35 Fare,
360 4072 71 29 from
443 4073 177 38 Westport...
632 4075 56 29 jG23
722 4075 18 29 0
774 4077 18 27 0

158 4111 129 35 Steerage
375 4131 17 13 „
498 4133 17 13 „
588 4133 30 8 ...
654 4115 33 27 16
722 4115 17 27 6
774 4116 17 27 8

183 4149 114 37 Freight
308 4158 37 20 on
356 4149 94 29 horses
462 4159 31 20 as
505 4160 64 28 may
581 4150 33 29 be
627 4152 140 37 arranged.

193 4240 40 28 To
253 4249 92 21 secure
365 4240 94 30 berths
479 4241 76 37 early
576 4242 165 37 application
767 4242 25 29 is

158 4288 153 29 necessary,
325 4279 122 36 together
459 4280 67 29 with
539 4291 16 18 a
567 4281 124 28 Deposit
702 4282 30 28 of
742 4282 48 28 M.

315 4327 118 30 UNION
456 4328 58 29 S.S.
534 4328 188 34 COMPANY,

388 4365 209 35 Wakefield-st.,
608 4367 147 36 Westport.
