4239 6026
160 217 84 33 THE
531 216 197 36 MUSICIAN

159 263 149 30 OF
382 263 84 30 THE
488 263 94 30 AGE.

292 378 56 17 THE
370 378 63 20 REV.
450 379 28 19 H.
501 378 27 20 B.
551 367 132 36 HAWEIS.*|

176 420 79 36 April
273 420 61 32 Oth,
354 420 84 31 1«86,
459 431 56 19 was
532 430 16 19 a
563 421 54 38 iKy
633 431 89 20 never
741 427 29 24 to

132 459 35 32 be
184 461 145 40 forgotten
341 461 29 31 in
388 462 48 30 the
449 463 104 30 annals
569 464 31 29 of
613 463 49 31 the
675 463 93 42 Royal

135 506 147 40 Academy
307 506 30 32 of
356 506 103 32 Music.
516 506 24 32 A
562 507 54 31 few
641 508 129 31 minutes

134 550 75 29 after
222 549 93 36 three,
332 550 49 29 the
395 550 95 30 music
506 550 113 31 theatre
634 550 88 40 being
733 551 36 40 by

134 592 65 32 that
212 592 69 33 time
292 592 119 42 densely
422 593 110 41 packed
544 593 70 32 with
625 593 143 39 students,

134 636 168 39 professors,
329 637 57 29 and
415 647 16 19 a
456 637 54 31 few
537 637 110 36 others,
676 638 91 35 Liszt,

133 679 207 40 accompanied
355 679 38 41 by
405 679 51 31 the
471 680 170 37 President,.
655 680 114 40 George

134 722 175 38 Macfarren,
344 722 113 33 Walter
488 723 109 38 Bache,
631 724 136 38 Sainton,

134 767 59 37 &c.,
205 767 118 32 entered
341 767 50 32 the
405 778 92 21 room.
550 767 62 33 The
636 772 133 28 moment

132 809 47 31 his
202 810 87 31 noble
313 810 85 36 head,
418 811 70 30 with
513 811 38 31 its
575 811 81 31 thick
680 813 89 30 white

131 851 75 40 hair,
222 863 59 22 was
304 863 68 23 seen
387 863 17 22 a
417 864 68 22 roar
498 854 32 32 of
551 854 139 42 applause
704 865 64 22 rose

132 908 38 21 on
185 908 86 30 every
285 898 70 32 side.
398 898 47 32 He
460 899 103 32 looked
574 899 57 32 like
647 910 17 21 a
675 900 93 40 figure

134 943 50 29 out
199 940 32 33 of
252 951 54 22 one
332 940 31 33 of
382 941 51 32 the
461 941 48 33 old
536 942 177 42 engravings
739 943 33 33 of

135 984 155 32 Sebastian
305 985 83 32 Bach
399 997 33 20 or
443 986 125 37 Mozart,
580 987 79 41 truly
670 998 17 20 a
697 999 71 20 man

133 1027 66 39 wfyo
223 1028 118 42 already
363 1028 122 42 belongs
509 1032 32 30 to
568 1030 125 33 another
715 1040 53 33 age

132 1071 75 33 than
242 1083 146 22 ours—an
419 1084 53 30 age
500 1074 32 33 of
556 1077 47 30 art
630 1078 137 35 creators,

132 1116 140 40 painters,
301 1120 93 37 poets,
419 1117 59 31 and
504 1118 161 32 musicians
689 1119 80 32 since

133 1159 104 42 passed
277 1171 92 31 away,
409 1160 123 33 himself
569 1172 109 32 among
718 1163 51 32 the

133 1204 152 42 mightiest
300 1204 32 34 of
342 1204 93 35 them.
476 1205 46 34 No
537 1216 104 24 sooner
655 1206 60 34 had
730 1207 39 34 he

133 1248 89 36 fiften
236 1249 47 33 his
297 1253 63 29 seat
374 1250 74 32 than
463 1261 17 21 a
490 1251 76 33 little
580 1251 56 42 girl
647 1252 72 33 with
730 1263 39 22 an

134 1303 157 23 enormous
305 1294 99 33 flower
417 1295 112 33 wreath
543 1296 31 32 in
588 1296 51 33 the
653 1296 76 33 form
741 1298 31 32 of

134 1347 18 22 a
174 1336 62 43 lyre
260 1338 149 33 advanced
433 1340 126 32 towards
582 1340 74 33 him.
706 1341 63 32 The

134 1381 111 32 wreath
259 1392 59 22 was
332 1381 103 42 placed
449 1394 38 22 on
510 1394 17 21 a
542 1383 79 33 table
635 1384 32 32 in
689 1385 80 32 front

134 1424 32 32 of
189 1424 73 33 him.
317 1425 83 33 Liszt
426 1426 72 33 bent
523 1427 87 33 down
636 1428 134 43 tenderly

132 1468 59 32 and
205 1468 96 33 kissed
315 1469 50 32 the
386 1470 195 39 child—who,
596 1472 16 31 I
633 1482 50 22 am
696 1472 72 38 told,

132 1510 26 34 is
191 1512 51 33 the
275 1513 97 34 infant
405 1514 207 41 phenomenon
652 1516 33 33 of
718 1516 51 34 the

133 1555 227 44 Academy—on
384 1558 54 32 her
457 1559 148 33 forehead.
660 1561 25 31 A
710 1560 60 32 kiss

132 1602 31 31 to
177 1600 36 33 be
227 1601 210 39 remembered,
452 1602 58 33 like
525 1603 51 33 the
590 1604 59 32 kiss
660 1604 90 33 Beeth-

133 1655 74 21 oven
221 1656 72 29 gave
318 1648 30 29 to
371 1646 93 38 Liszt,
480 1647 66 32 who
556 1648 105 41 played
671 1648 98 33 before

132 1686 64 33 him
219 1698 31 21 as
264 1698 18 21 a
296 1688 66 41 boy.
413 1689 16 32 I
452 1690 87 32 could
563 1690 130 32 describe
718 1691 51 32 the

133 1730 144 34 excellent
304 1732 58 32 and
386 1731 174 45 interesting
583 1745 186 31 programme

132 1775 145 43 patiently
301 1777 116 41 enough
442 1778 59 31 had
522 1778 83 33 Liszt
619 1782 52 29 not
694 1778 75 33 been

132 1819 93 37 there,
240 1820 59 31 had
321 1820 83 32 Liszt
417 1823 53 30 not
493 1822 115 41 played.
659 1822 61 32 But
736 1822 33 32 in

132 1872 50 31 my
196 1874 65 21 own
275 1863 83 32 mind
372 1875 40 30 up
426 1867 30 29 to
470 1875 17 21 a
501 1865 112 32 certain
624 1868 143 35 moment,

132 1917 33 20 or
178 1905 31 32 in
224 1907 49 31 the
288 1907 98 31 minds
400 1908 32 32 of
443 1919 86 31 every
543 1919 55 21 one
612 1909 73 32 then
704 1920 48 30 pre-

132 1952 75 38 sent,
239 1951 154 43 expressed
420 1962 33 24 or
482 1952 168 41 unuttered,
685 1952 83 36 there

132 2006 59 20 was
219 1996 52 31 but
294 2008 55 19 one
564 1998 108 31 Would
685 1999 84 30 Liszt

130 2036 68 42 play
316 2037 31 32 If
362 2037 37 33 he
544 2039 16 32 I
573 2039 142 43 wispered
737 2041 32 31 to

132 2081 49 32 Mr
196 2081 124 39 Burnet,
342 2083 51 32 the
407 2083 141 38 violinist,
600 2084 85 32 mark
708 2095 59 27 me,

133 2124 24 32 it
185 2125 60 32 will
272 2125 35 32 be
335 2126 75 33 after
438 2136 99 33 young
567 2127 112 34 Webbe
711 2127 57 33 has

132 2168 128 32 finished
283 2169 51 32 the
358 2170 83 31 Liszt
681 2171 16 32 I
718 2182 49 21 am

132 2211 94 41 proud
252 2211 32 33 of
308 2211 50 33 the
382 2212 157 44 prophecy.
590 2213 73 33 Miss
687 2214 80 33 Dora

132 2255 117 40 Bright,
261 2256 66 32 who
337 2256 105 42 played
449 2257 155 33 Sterndale
610 2258 157 32 Bennett's

130 2298 123 42 Caprice
267 2299 32 33 in
318 2300 26 32 E
360 2300 71 33 with
455 2304 83 38 great
551 2301 138 42 elegance
708 2302 59 33 and

131 2342 109 37 finish;
276 2343 73 30 Miss
393 2344 166 31 Winnifred
602 2345 163 37 Robinson,

130 2384 84 41 pupil
238 2384 32 33 of
293 2384 136 40 Sainton,
454 2386 76 39 who,
545 2386 17 33 I
575 2397 49 23 am
638 2387 72 39 told,
736 2390 31 30 at

131 2428 83 34 short
227 2429 97 34 notice
348 2431 148 33 mastered
509 2431 34 34 C.
569 2431 196 35 Mackenzie's

129 2472 125 32 difficult
287 2474 92 31 violin
416 2476 250 31 concerto—each
705 2476 61 31 had

129 2514 163 34 descended
306 2518 31 31 to
357 2517 112 34 receiva
482 2517 52 34 the
553 2517 138 34 Master's
715 2530 33 22 en-

129 2559 161 43 couraging
304 2561 78 33 word
397 2562 32 32 of
437 2562 140 42 approval
591 2573 33 23 as
637 2563 39 34 he
698 2574 67 24 rose

129 2603 60 31 and
222 2604 93 33 shook
348 2605 73 33 each
455 2606 133 41 aspirant
620 2609 32 31 to
685 2607 78 34 fame

128 2646 124 44 warmly
262 2648 38 42 by
309 2648 50 33 the
370 2648 91 34 hand.
490 2650 62 33 But
560 2650 52 34 the
623 2650 140 43 applause

128 2691 97 34 which
243 2693 119 42 greeted
386 2693 111 35 Webbe
511 2695 160 36 continued
694 2695 71 44 long

125 2737 80 33 after
217 2737 112 33 Webbe
342 2738 60 33 had
415 2750 86 30 gone,
515 2740 60 32 and
588 2740 51 33 the
653 2741 113 34 Master

128 2779 61 33 had
202 2781 136 33 resumed
351 2782 47 32 his
412 2785 73 31 seat.
526 2783 48 33 He
588 2794 64 23 rose
669 2784 94 38 twice,

129 2822 102 35 bowed
255 2824 41 34 all
308 2825 106 40 round,
429 2825 60 35 and
501 2829 47 32 sat
560 2827 87 35 down
669 2828 95 34 twice.

131 2868 86 32 Then
250 2870 169 42 something
447 2871 59 33 like
536 2882 40 22 an
607 2883 96 32 agony
736 2873 33 33 of

130 2911 116 43 despair
264 2913 58 32 and
336 2924 140 32 suspense
500 2915 96 34 seized
610 2926 80 32 upon
713 2916 52 34 the

131 2956 168 44 audience..
333 2958 83 42 They
428 2959 106 33 leaned
546 2959 126 34 forward
693 2960 73 34 with

130 2999 135 32 renewed
279 3000 58 31 and
351 3011 81 21 more
445 3002 159 32 vehement
615 3004 150 40 applause.

131 3040 51 33 All
191 3052 67 32 eyes
269 3043 116 33 seemed
395 3045 199 43 magnetising
602 3046 84 33 Liszt
694 3044 73 36 with

129 3095 43 21 an
195 3085 106 38 intent,
325 3086 176 43 beseeching
514 3099 81 31 gaze.
649 3090 17 32 I
678 3100 90 23 never

131 3138 61 24 saw
205 3128 51 35 the
268 3129 125 44 wishing
403 3142 33 24 or
446 3131 112 45 willing
566 3144 86 32 game
662 3133 105 44 played

132 3173 72 32 with
218 3174 73 32 such
315 3175 94 32 effect.
450 3177 16 31 I
480 3187 89 22 never
582 3188 60 21 saw
662 3179 74 31 such
750 3189 18 21 a

132 3226 86 23 scene
231 3216 32 33 in
277 3227 18 22 a
308 3220 118 32 concert
439 3229 83 24 room
539 3230 33 24 or
585 3220 126 35 theatre.
751 3221 16 34 I

130 3259 76 34 have
221 3271 69 23 seen
306 3263 165 43 transports
485 3264 32 33 of
537 3264 185 35 enthusiasm
736 3268 32 32 at

130 3304 152 43 Bayreuth
306 3306 87 34 when
416 3308 129 42 Wagner
569 3311 144 40 appeared
735 3310 32 34 in

132 3348 79 32 front
225 3349 32 32 of
277 3349 50 32 the
342 3351 115 31 curtain
476 3362 39 22 on
537 3353 52 32 the
602 3353 59 32 last
683 3357 84 37 great

130 3391 58 43 day
211 3391 33 34 of
293 3393 378 45 Gotterdammerungl
691 3397 76 33 have

132 3445 69 23 seen
215 3436 52 33 the
280 3438 102 41 people
393 3440 31 31 at
440 3438 44 35 St.
499 3440 111 33 James'
626 3440 73 34 Hall
709 3441 58 34 rise

132 3482 31 29 at
177 3480 204 40 Rubenstein;
402 3482 54 34 but
478 3483 16 33 I
508 3495 89 22 never
610 3495 61 23 saw
694 3495 53 33 any-

129 3522 88 43 thing
228 3525 186 41 comparable
428 3528 31 31 to
469 3526 80 35 what
559 3527 69 34 took
641 3528 83 42 place
736 3531 31 30 at

130 3566 51 32 the
193 3567 93 40 Royal
297 3568 149 42 Academy
456 3580 40 22 on
504 3571 262 41 Tuesday—when

130 3607 84 33 Liszt
224 3619 64 23 rose
297 3610 44 33 for
350 3610 50 34 the
411 3612 81 33 third
500 3612 72 35 time
581 3613 59 34 and
650 3614 117 33 instead

130 3652 33 32 of
187 3653 103 42 sitting
316 3654 86 34 down
428 3657 105 33 moved
560 3659 126 32 towards
714 3658 51 34 the

128 3695 151 42 platform.
314 3698 98 33 When
421 3699 39 33 he
470 3701 125 33 reached
605 3701 52 33 the
665 3702 98 42 piano,

128 3740 103 41 people
258 3752 75 23 were
354 3743 140 43 standing
520 3754 39 24 on
586 3745 78 33 their
687 3749 78 30 seats

128 3782 98 33 beside
254 3784 187 35 themselves.
496 3787 63 33 The
582 3787 93 34 ladies
701 3791 63 31 tore

128 3826 51 33 the
212 3826 135 36 daffodils
381 3830 59 33 and
466 3829 76 35 lilies
575 3831 77 35 from
685 3833 78 34 their

128 3870 117 34 bosoms
260 3873 58 31 and
341 3873 83 42 flung
438 3874 82 34 them
535 3878 31 31 at
584 3876 74 39 him,
674 3878 59 32 and
746 3888 19 22 a

128 3914 110 41 perfect
261 3916 114 33 shower
388 3918 32 32 of
440 3918 114 33 flowers
577 3921 118 42 greeted
713 3920 51 35 thfe

127 3958 155 34 venerable
309 3960 111 35 Master
454 3974 32 21 as
519 3963 39 33 he
591 3967 47 30 sat
665 3965 97 33 down.

127 4001 85 33 Then
226 4013 17 22 a
258 4004 128 33 stillness
402 4016 31 22 as
448 4007 32 33 of
490 4007 90 33 death
593 4008 52 32 fell
662 4018 39 23 on
711 4009 52 32 the

127 4046 113 33 excited
264 4048 155 43 assembly.
470 4050 84 33 Liszt
573 4052 105 33 looked
701 4053 64 33 into

127 4088 50 33 the
192 4090 44 31 air
249 4090 31 32 in
290 4091 80 33 front
379 4092 32 33 of
421 4093 75 33 him.
537 4094 49 33 He
594 4105 60 23 was
664 4106 99 31 grave,

127 4132 129 44 dreamy,
276 4136 60 32 and
349 4136 58 33 like
429 4149 56 21 one
499 4138 67 34 who
580 4149 61 23 saw
664 4140 98 34 before

124 4176 66 33 him
204 4177 51 33 the
269 4179 91 32 forms
374 4181 59 31 and
446 4181 110 34 visions
570 4182 32 33 of
612 4182 72 42 long
697 4193 65 32 ago.

125 4220 219 45 Inexpressibly
370 4224 112 39 tender,
498 4226 72 33 with
599 4237 18 22 a
640 4227 67 42 §igh
731 4238 32 22 as

127 4268 52 29 out
193 4266 31 32 of
245 4266 51 33 the
309 4270 76 39 past,
401 4268 51 34 the
466 4269 94 34 music
575 4271 74 34 stole
677 4271 88 43 softly

126 4308 76 33 from
226 4310 51 32 the
298 4311 80 42 keys.
429 4313 30 32 It
480 4325 61 21 was
563 4315 48 32 liis
626 4325 66 22 own
715 4325 32 23 ex-

127 4353 106 40 quisite
283 4355 210 42 transcription
542 4358 34 32 of
623 4357 142 42 Chopin's

155 4395 231 36 Lithuanischer
419 4399 174 34 Liedit
618 4410 61 23 was
712 4403 53 31 not

125 4439 242 43 piano-playing;
389 4442 23 32 it
426 4453 60 22 was
500 4443 51 32 the
565 4443 136 42 whisper,
713 4444 52 33 the

125 4483 105 42 plaint,
255 4484 51 34 the
326 4485 186 40 meditation,
527 4487 33 33 of
577 4497 19 23 a
619 4487 146 35 soul—all

124 4527 51 34 the
182 4529 168 42 technique,
357 4530 114 42 though
482 4531 166 43 absolutely
655 4533 111 41 perfect

125 4572 59 32 and
209 4572 50 33 the
282 4574 90 33 touch
396 4574 116 43 beyond
535 4586 147 33 compare,
704 4588 61 22 was

125 4617 127 42 entirely
278 4617 158 43 forgotten,
462 4630 32 22 as
523 4620 40 34 he
590 4621 118 33 seemed
734 4624 31 31 to

125 4661 95 40 forget
243 4661 47 31 his
312 4663 119 40 fingers,
447 4664 59 31 and
528 4664 114 33 beckon
659 4668 32 29 to
713 4665 50 32 the

124 4703 104 35 dream
242 4704 109 44 figures
365 4706 66 34 that
451 4708 105 42 passed
579 4708 98 35 before
699 4708 63 35 him

125 4749 72 31 with
212 4751 165 39 expressive
391 4751 68 32 look
473 4753 59 30 and
551 4752 52 32 the
627 4753 136 42 kindling

127 4792 32 32 of
170 4803 18 21 a
203 4793 80 40 quiet
297 4805 52 30 eye
363 4793 66 33 that
449 4805 60 22 saw
530 4795 101 43 things
654 4796 111 34 behind

125 4835 52 33 the
201 4837 57 32 veil
282 4847 43 23 we
349 4838 87 33 could
459 4842 54 30 not
527 4850 57 23 see.
626 4840 61 33 But
711 4841 51 33 the

125 4880 132 40 mingled
283 4882 107 40 pathos
418 4884 59 31 and
512 4894 102 30 repose
648 4885 32 32 of
711 4885 51 32 the

126 4927 89 28 sweet
238 4925 156 32 memorial
417 4926 100 32 theme
541 4927 53 32 left
617 4927 51 33 the
695 4939 51 21 con-

125 4971 148 29 summate
287 4968 130 43 delicacy
438 4969 32 33 of
490 4970 51 33 the
557 4971 206 43 Chopinesque

125 5012 125 31 musical
264 5012 207 33 embroideries
482 5014 195 41 unimpaired.
700 5016 63 33 The

123 5054 175 34 multitudes
326 5056 32 33 of
382 5056 77 33 little
487 5057 165 44 subsidiary
675 5062 84 30 notes

125 5099 113 40 slipped
252 5099 31 32 in
297 5100 59 32 like
370 5101 51 31 the
436 5112 86 31 spray
536 5102 33 32 of
589 5113 18 21 a
627 5103 135 33 fountain

125 5141 111 33 broken
260 5143 31 31 in
316 5143 51 32 the
391 5144 88 32 wind.
541 5144 83 33 Liszt
647 5147 116 32 seemed

125 5186 129 43 scarcely
269 5190 30 30 to
313 5186 75 35 heed
402 5187 101 41 them;
524 5188 71 43 they
608 5189 51 34 fell
673 5190 89 35 about

124 5231 74 37 him,
226 5231 85 32 those
338 5233 156 32 wondrous
521 5244 147 31 passages,
703 5236 58 31 like

125 5274 97 42 magic
235 5285 7 28 ;
266 5275 52 32 the
340 5275 88 33 noble
442 5277 62 32 face
517 5277 104 33 looked
635 5278 63 33 into
711 5278 51 33 the

124 5318 201 34 air—seemed
358 5322 31 30 to
412 5320 75 33 have
511 5322 127 42 nothing
665 5326 31 29 to
722 5324 38 32 do

124 5362 72 31 with
210 5363 51 31 the
283 5363 166 42 keyboard;
471 5364 51 33 the
546 5365 66 32 soul
633 5376 61 21 was
717 5367 45 32 far

124 5418 83 31 away
233 5406 32 34 in
293 5407 125 34 another
445 5409 150 33 world—a
616 5410 92 34 world
732 5411 31 33 of

123 5450 103 32 buried
254 5452 185 40 regrets—of
463 5452 80 32 loves
577 5454 72 40 long
682 5455 79 32 since

122 5505 102 31 grown
238 5494 66 34 cold
318 5495 31 33 in
365 5495 50 34 the
429 5496 228 42 sepulchre—of
666 5498 94 43 youth

123 5538 98 32 blown
236 5543 51 28 out
301 5539 59 33 like
374 5540 51 32 the
445 5552 80 20 roses
550 5542 32 32 of
602 5545 67 37 past
682 5553 59 21 sum-

122 5593 183 32 mers—aye,
318 5584 59 31 and
391 5594 18 22 a
423 5584 92 32 world
526 5585 32 32 of
569 5585 49 33 old
632 5586 129 33 familiar

123 5626 78 33 faces
225 5639 69 21 seen
319 5628 70 43 only
412 5639 67 22 now
501 5628 32 34 in
556 5629 127 40 dreams,
706 5630 54 34 but

122 5682 69 21 seen
206 5672 118 41 calmly,
340 5673 72 32 with
436 5673 51 32 the
511 5674 82 40 quiet
614 5686 66 29 eyes
694 5675 66 31 that

121 5714 60 33 had
205 5715 104 34 looked
331 5727 39 23 on
394 5716 159 43 splendour
575 5717 59 33 and
658 5718 99 43 decay,

121 5761 58 31 and
202 5761 90 32 taken
316 5762 51 32 the
391 5773 135 22 measure
551 5762 32 33 of
602 5763 73 32 each
703 5774 35 21 un-

120 5804 146 42 appalled,
294 5804 54 35 but
375 5807 30 31 at
433 5806 50 33 the
518 5806 77 34 close
629 5806 33 34 of
692 5807 66 33 that

151 5849 230 33 Lithuanischer
528 5851 81 32 there
626 5856 76 27 went
717 5863 51 29 upi

798 222 51 31 the
863 223 88 40 piano
972 223 168 40 something
1164 223 108 41 wholly
1296 224 122 31 indescri-

798 265 202 32 bable—from
1024 266 51 31 the
1091 266 67 31 bass
1173 269 31 28 to
1218 266 50 31 the
1283 266 151 32 treble—a

798 308 66 37 soft,
881 308 125 41 melting
1019 308 67 32 flow
1100 308 32 32 of
1153 308 103 37 sound,
1272 311 52 29 not
1338 312 94 34 notes,

798 352 52 31 but
866 362 17 21 a
897 352 146 41 mingling
1057 352 32 33 of
1106 355 93 30 notes.
1242 353 28 30 It
1294 362 60 22 was
1376 352 57 32 like

798 405 18 21 a
843 395 101 41 gently
971 396 133 40 swelling
1129 396 105 42 ripple,
1263 395 66 33 that
1355 399 79 29 went

801 439 118 40 welling
943 450 39 29 np
1007 440 50 30 the
1082 439 146 40 keyboard
1251 439 59 31 and
1331 440 103 31 ceased

800 482 68 42 only
884 482 57 32 like
956 493 17 21 a
987 484 85 40 spent
1087 493 89 27 wave,
1192 482 141 42 breaking
1354 492 39 23 oil
1418 493 16 22 a

798 526 97 40 lonely
910 527 111 36 strand,
1038 527 58 30 and
1117 527 116 39 leaving
1247 538 17 19 a
1279 527 107 32 silence
1402 538 31 20 as

798 569 30 31 of
840 569 127 42 twilight
981 569 58 32 and
1064 569 136 33 ineffable
1221 572 70 30 rest.
1332 570 102 32 Liszat

797 614 104 40 played
915 618 49 36 yet
978 625 91 26 more,
1085 615 75 31 after
1181 615 51 31 the
1256 614 65 32 first
1348 615 85 32 burst

797 656 32 31 of
852 657 140 39 applause
1014 657 60 30 had
1098 657 147 32 subsided.
1287 658 80 41 Why
1390 661 28 28 at-

797 701 94 38 tempt
924 699 61 32 still
1009 699 114 33 further
1150 703 31 30 to
1208 700 131 34 describe
1367 700 66 33 that

797 743 85 32 other
896 743 177 42 improvised
1087 744 59 32 and
1169 745 135 43 majestic
1328 745 104 39 strain,

795 787 66 32 that
875 798 60 21 was
949 788 57 32 like
1021 799 19 21 a
1052 787 106 42 legend
1172 792 52 29 out
1237 789 33 33 of
1280 789 51 33 the
1352 789 81 34 older

795 830 82 37 time,
892 831 63 31 told
969 831 38 41 by
1021 841 81 22 some
1117 832 108 31 Merlin
1239 835 31 29 to
1284 842 18 21 a
1315 832 117 33 Vivien.

795 873 25 34 A
845 873 150 35 hardened
1018 874 331 45 critic—middle-aged,
1374 876 59 34 and

795 922 53 28 not
861 920 92 40 easily
965 919 266 41 pleased—turned
1251 923 33 29 to
1303 931 49 21 me
1374 921 60 31 and

795 962 109 33 echoed
918 973 51 32 my
982 974 66 23 own
1069 963 152 43 thoughts.
1296 964 16 33 I
1326 964 107 34 should

795 1006 58 32 like
867 1010 31 29 to
911 1007 76 32 have
1007 1007 79 32 cried
1295 1008 39 31 he
1356 1009 73 37 said,

825 1049 26 33 if
871 1050 16 33 I
900 1050 106 34 hadn't
1018 1050 75 34 been
1331 1051 42 35 As
1386 1051 46 35 for

795 1096 115 40 myself,
925 1096 16 31 I
955 1098 52 29 not
1021 1096 70 40 only
1104 1096 53 32 felt
1180 1096 59 32 like
1262 1096 103 41 people
1390 1096 42 32 all

795 1138 95 32 round
904 1148 58 28 me,
977 1139 106 32 moved
1097 1141 31 31 to
1141 1141 79 30 tears
1233 1139 100 33 whilst
1347 1139 83 33 Liszt

796 1192 60 22 was
866 1182 120 43 playing
995 1183 52 33 the
1087 1181 231 35 Lithuanischer

797 1227 52 33 but
863 1228 44 33 for
922 1231 31 30 at
965 1228 76 33 least
1054 1230 59 32 two
1125 1228 92 34 hours
1231 1228 170 33 afterwards
1415 1229 17 32 I

795 1272 60 33 had
868 1283 18 22 a
899 1272 130 42 peculiar
1051 1273 128 42 choking
1200 1274 150 33 sensation
1372 1274 60 33 and

795 1317 177 41 perceptible
986 1317 178 42 quickening
1183 1317 33 33 of
1236 1317 51 33 the
1301 1317 84 42 pulse
1398 1328 33 21 as

795 1360 59 33 bits
868 1361 32 33 of
910 1361 24 32 it
948 1371 82 23 came
1044 1361 124 42 floating
1187 1361 64 33 into
1271 1371 52 33 my
1343 1361 87 34 head.

797 1404 62 33 The
883 1404 178 33 excitement
1085 1406 32 32 of
1139 1406 53 31 the
1215 1406 136 31 students
1371 1416 61 21 was

796 1448 206 42 unexampled.
1054 1448 64 33 The
1141 1451 57 31 two
1221 1450 129 40 greatest

795 1491 78 34 tuosi
886 1492 67 34 who
972 1491 76 35 have
1070 1503 67 23 ever
1160 1492 155 43 appeared,
1331 1503 33 22 as
1386 1493 46 33 far

796 1547 32 21 as
842 1547 43 22 we
899 1547 56 22 can
979 1540 32 29 at
1028 1536 42 33 all
1092 1537 115 41 gather,
1222 1548 49 21 are
1285 1537 147 41 Paganini

796 1580 59 33 and
868 1580 112 33 Liszat.
1021 1580 70 34 Few
1104 1580 32 33 in
1150 1580 67 33 that
1237 1590 84 24 room
1343 1580 88 35 could

796 1634 52 32 say
874 1624 71 43 they
971 1624 60 34 had
1056 1624 93 33 heard
1176 1623 256 43 Paganini—but

795 1667 93 38 Liszt,
903 1668 32 31 in
949 1678 56 22 one
1014 1669 33 31 of
1056 1668 48 32 his
1117 1671 144 34 sweetest,
1268 1668 162 32 solemnest

795 1711 112 38 moods,
923 1722 69 28 was,
1017 1714 32 30 at
1075 1711 42 32 all
1143 1714 111 35 events,
1282 1711 92 33 heard
1400 1715 31 29 to

795 1755 170 42 perfection.

834 1799 16 31 I
877 1799 182 33 understand
1085 1799 204 33 Rubinstein's
1315 1799 114 42 saying,

831 1842 95 33 There
948 1842 25 32 is
993 1843 71 42 only
1087 1853 56 23 one

794 1885 16 32 I
837 1886 182 32 understand
1045 1887 68 32 Von
1149 1887 131 33 Bulow's
1313 1888 119 40 despair

794 1928 87 33 when
894 1929 38 33 he
953 1929 172 39 exclaimed,
1141 1930 75 33 after
1237 1930 142 43 listening
1399 1933 32 31 to

794 1973 48 34 his
868 1976 83 40 great
978 1977 121 36 master,
1292 1975 138 34 business

793 2018 76 30 have
884 2018 40 29 all
937 2028 44 20 we
995 2019 227 39 woodchoppers
1243 2022 31 28 to
1296 2019 71 41 play
1379 2020 52 30 the

793 2058 99 44 piano,
908 2059 76 36 after

857 2154 347 36 MISCELLANEOUS
1225 2156 138 34 ITEMS.

833 2259 140 34 Cardinal
995 2260 144 33 Newman
1152 2260 92 44 lately
1266 2260 164 43 completed

793 2302 48 34 his
850 2304 184 42 eighty-fifth
1047 2314 80 32 year.

833 2347 96 31 There
956 2357 50 22 are
1033 2347 91 33 about
1151 2349 108 35 15,000
1285 2347 86 32 miles
1401 2348 32 32 of

793 2388 118 35 electric
924 2389 85 35 wires
1021 2389 33 34 in
1067 2389 52 34 the
1132 2389 60 44 city
1205 2390 33 34 of
1251 2389 139 45 Chicago.

833 2434 66 33 The
911 2434 189 41 Queensland
1113 2434 90 35 cattle
1218 2437 104 32 return
1336 2446 40 31 up
1398 2437 33 32 to

794 2479 46 30 Ist
854 2478 134 41 January
1000 2479 59 31 last
1072 2479 26 31 is
1111 2479 86 40 given
1212 2489 33 22 as
1259 2480 170 36 8,640,000,

793 2520 118 43 against
924 2522 160 38 4,103,000
1097 2521 60 33 last
1169 2531 80 33 year,

831 2564 127 35 Cannon
971 2566 109 33 Farrar
1093 2566 87 34 offers
1193 2567 83 34 £IOO
1288 2566 46 34 for
1346 2566 87 43 proof

791 2609 33 33 of
834 2619 56 23 one
904 2610 134 33 instance
1051 2610 98 33 where
1162 2610 205 33 drunkenness
1375 2611 56 33 has

791 2651 75 35 been
879 2653 90 33 cured
981 2653 127 34 without
1120 2654 76 33 total
1209 2654 181 33 abstinence.

833 2697 63 36 The
919 2697 95 36 oldest
1030 2698 92 44 judge
1145 2709 40 24 on
1207 2698 52 35 the
1272 2698 104 36 Bench
1398 2699 32 34 in

790 2742 141 42 England
936 2742 26 33 is
972 2743 262 34 Vice-Chancellor
1242 2744 112 38 Bacon,
1364 2744 66 34 who

790 2785 55 33 has
859 2786 132 34 attained
1004 2786 48 33 his
1064 2787 219 42 eighty-eighth
1291 2798 79 33 year.

831 2829 89 36 Since
957 2832 88 39 1877,
1074 2832 77 33 1820
1190 2842 123 32 persons
1352 2831 77 34 have

790 2874 155 43 destroyed
971 2875 179 33 themselves
1172 2876 33 35 in
1228 2886 202 32 consequence

791 2917 33 35 of
840 2918 92 34 losses
946 2920 32 32 at
991 2918 51 34 the
1057 2919 103 34 Monte
1174 2919 89 35 Carlo
1276 2919 154 44 gambling

791 2961 106 34 tables.

831 3005 113 33 United
971 3006 100 32 States
1098 3006 122 38 Consul,
1248 3007 119 38 Griffin,
1398 3008 35 32 of

793 3047 128 45 Sydney,
946 3048 73 35 New
1041 3049 97 35 South
1151 3050 112 39 Wales,
1284 3053 114 39 reports
1412 3061 18 22 a

791 3091 96 44 heavy
909 3092 129 33 demand
1061 3093 45 34 for
1127 3093 159 33 American
1308 3093 70 35 beer
1397 3095 33 32 in

793 3134 67 36 that
873 3135 124 46 Colony.

832 3180 111 33 Greece
981 3182 56 31 has
1077 3182 94 32 under
1204 3193 80 21 arms
1321 3184 109 37 60,000

791 3224 143 42 regulars,
949 3225 109 39 26,000
1070 3235 125 29 reserve,
1205 3226 60 33 and
1275 3227 38 33 96
1327 3226 103 43 Erupp

792 3278 86 33 guns.
929 3269 118 44 Turkey
1059 3269 56 33 has
1138 3271 130 38 820,000
1291 3281 70 24 men
1383 3271 30 33 in-

792 3313 121 41 cluding
926 3316 109 36 85,000
1051 3314 167 34 horsemen.

831 3356 44 32 Dr
888 3357 151 38 Lansdell,
1054 3358 51 32 the
1116 3358 128 42 English
1254 3358 178 43 missionary

791 3398 33 34 in
838 3410 18 22 a
875 3400 95 42 single
983 3403 101 31 recent
1106 3412 70 32 year
1189 3401 178 35 distributed
1390 3413 40 23 no

791 3442 59 34 less
876 3443 78 35 than
982 3446 109 38 56,000
1120 3444 94 36 bibles
1238 3457 111 33 among
1378 3447 52 34 the

793 3488 90 32 exiles
896 3488 33 32 in
951 3488 124 32 Siberia.

831 3531 26 33 A
868 3530 81 44 large
959 3534 175 41 percentage
1146 3532 34 35 of
1190 3532 52 35 the
1254 3533 136 34 children
1398 3534 32 34 in

793 3574 151 41 Germany
964 3576 60 31 and
1046 3576 154 32 Denmark
1214 3577 89 40 being
1325 3577 103 42 sickly,

791 3615 51 35 the
852 3617 127 33 medical
988 3628 71 23 men
1068 3617 117 36 declare
1193 3619 67 35 that
1268 3619 52 35 the
1328 3620 102 37 school

790 3660 92 34 hours
896 3673 49 22 are
959 3665 50 30 too
1022 3663 82 41 long.

829 3704 31 33 It
882 3714 61 24 was
964 3706 98 33 stated
1084 3708 33 31 at
1132 3716 18 23 a
1164 3706 93 35 soir&e
1279 3707 34 34 in
1336 3707 75 35 Edin-

790 3747 97 43 burgh
900 3749 67 33 that
980 3749 52 33 the
1049 3750 96 33 North
1159 3751 114 33 British
1297 3751 133 43 Railway

791 3790 153 44 Copmany
954 3793 133 43 employs
1097 3795 108 37 14,000
1215 3797 144 36 servants,
1371 3796 59 32 and

790 3845 72 33 pays
895 3837 143 43 annually
1077 3837 92 35 about
1204 3840 154 38 £825,000
1397 3840 33 34 in

790 3890 106 29 wages.

830 3923 63 33 The
907 3923 81 43 King
1000 3924 61 34 and
1073 3923 125 35 Council
1211 3925 33 34 of
1259 3925 52 35 the
1336 3925 76 35 Sand-

790 3967 76 33 wich
879 3968 118 33 Islands
1010 3969 77 33 have
1099 3970 99 32 issued
1212 3981 40 22 an
1266 3970 84 33 order
1364 3972 66 32 that

790 4011 76 33 after
889 4012 85 42 April
991 4014 28 36 1,
1033 4022 41 23 no
1098 4012 127 35 Chinese
1245 4023 57 24 can
1324 4014 38 33 be
1380 4015 33 32 ad-

790 4054 107 34 mitted
909 4056 65 33 into
987 4056 52 33 the
1052 4056 159 33 Hawaiian
1229 4057 161 42 Kingdom.

829 4097 27 33 A
889 4099 139 33 coloured
1060 4109 128 29 woman,
1221 4099 75 34 Miss
1329 4100 101 34 Carrie

790 4141 109 42 Bjragg,
911 4142 26 33 is
950 4143 95 32 editor
1058 4143 33 33 of
1098 4143 52 33 the
1158 4144 136 41 Virginia
1305 4144 124 39 Lancet,

790 4184 157 42 published
957 4186 32 33 in
999 4186 189 43 Petersburg,
1200 4187 150 34 Va.—the
1360 4188 70 43 only

790 4240 172 32 newspaper
974 4229 33 33 in
1019 4229 52 35 the
1088 4229 103 37 Union
1204 4231 165 35 conducted
1391 4233 39 43 by

790 4283 19 22 a
822 4273 138 33 coloured
972 4285 128 21 woman.

830 4317 26 32 A
869 4316 91 34 baker
972 4318 33 32 in
1019 4318 151 42 England,
1181 4318 114 44 having
1305 4320 126 33 reduced

790 4359 48 32 his
864 4360 79 41 price
971 4360 207 43 a-half-penny
1204 4373 40 22 on
1270 4373 18 22 a
1317 4363 113 33 certain

791 4402 59 33 size
873 4403 34 32 of
926 4403 70 39 loaf,
1011 4414 60 22 was
1094 4405 124 33 notified
1240 4405 40 43 by
1292 4417 20 21 a
1332 4407 98 36 miller

790 4446 67 32 that
870 4457 40 22 no
923 4457 82 23 more
1019 4447 77 34 flour
1118 4449 98 33 would
1228 4449 37 34 be
1278 4450 65 33 sold
1365 4450 63 34 hing

790 4489 39 43 by
840 4489 54 35 the
914 4490 68 44 ring
1004 4494 32 32 to
1059 4492 98 35 which
1176 4493 52 36 the
1249 4494 99 35 miller
1360 4495 70 35 does

790 4534 118 43 belong.

830 4579 64 33 The
927 4579 136 36 Princess
1096 4581 33 35 of
1158 4582 180 35 Metternich
1371 4584 60 35 and

791 4624 113 33 several
917 4624 92 34 ladies
1023 4626 33 33 of
1072 4626 52 35 the
1146 4627 120 42 highest
1287 4628 142 35 Austrian

791 4666 176 45 aristocracy
993 4668 76 35 have
1094 4671 134 32 resolved
1252 4674 32 31 to
1311 4673 74 33 send
1411 4683 18 22 a

790 4710 101 35 doctor
905 4714 31 32 to
950 4712 85 34 Paris
1047 4716 32 32 to
1093 4715 88 43 study
1189 4716 95 34 under
1298 4716 42 34 M.
1355 4717 54 34 Pas-

790 4757 66 30 teur
889 4755 47 33 his
963 4759 161 32 treatment
1153 4760 45 33 for
1225 4760 52 33 the
1304 4771 68 23 cure
1399 4762 32 33 of

788 4798 215 42 hydrophobia.

830 4842 63 35 The
917 4844 141 42 kingdom
1082 4846 33 34 of
1134 4846 79 43 Italy
1235 4847 26 33 is
1285 4849 144 42 spending

792 4886 204 39 $20,000,000
1031 4889 33 33 in
1100 4891 170 42 redeeming
1306 4893 120 41 Naples,

790 4929 116 43 driving
918 4942 66 22 new
998 4934 105 32 streets
1117 4935 59 31 and
1185 4944 105 24 sewers
1298 4936 130 42 through

790 4973 51 34 the
868 4985 72 31 poor
966 4979 130 38 quarter,
1119 4978 59 33 and
1200 4979 155 42 removing
1377 4980 51 33 the

789 5027 72 30 poor
884 5018 103 42 people
1004 5022 31 31 to
1049 5030 19 22 a
1090 5021 157 34 new-built
1261 5023 112 34 section
1396 5024 32 32 in

789 5061 51 33 the
857 5061 136 36 suburbs.

828 5106 37 32 In
878 5106 52 33 the
943 5106 170 35 immediate
1127 5109 122 42 vicinity
1259 5111 33 32 of
1299 5111 127 38 Vienna,

788 5150 53 31 not
855 5151 58 31 two
926 5150 86 33 miles
1026 5151 77 34 from
1116 5152 39 34 its
1169 5153 152 39 outskirts,
1343 5154 83 34 trails

787 5192 34 34 of
844 5193 106 35 wolves
977 5206 75 24 were
1079 5196 92 45 lately
1196 5198 150 35 observed.
1400 5200 26 33 A

788 5240 85 39 party
897 5239 32 32 of
949 5239 164 36 huntsmen
1136 5243 188 42 accordingly
1346 5247 80 30 went

788 5280 31 33 in
834 5282 113 33 search.
999 5284 64 34 One
1077 5285 71 34 wolf
1158 5296 61 24 was
1242 5286 91 35 killed
1346 5287 39 44 by
1409 5298 17 23 a

788 5325 66 32 well
869 5325 96 34 aimed
979 5327 78 35 shot.

828 5369 63 32 The
918 5369 86 35 Duke
1031 5372 33 33 of
1089 5372 208 35 Sutherland's
1330 5378 95 31 steam

787 5412 90 42 yacht
886 5412 55 35 has
951 5414 75 35 been
1040 5418 145 41 equipped
1195 5419 73 33 with
1278 5431 18 21 a
1306 5420 102 34 double-

788 5456 145 33 barrelled
959 5469 62 30 gun
1047 5463 31 29 to
1106 5456 53 37 kill
1185 5462 121 34 whales.
1362 5465 64 32 One

788 5498 97 35 barrel
911 5501 68 35 fires
1006 5514 39 22 an
1069 5505 147 42 explosive
1237 5506 104 40 bullet,
1367 5509 59 32 and

788 5544 50 32 the
861 5545 85 33 other
955 5567 5 5 •
969 5557 19 21 a
1000 5547 143 43 harpoon,
1169 5550 73 33 both
1256 5552 89 42 being
1367 5553 43 32 dis-

787 5586 128 43 charged
929 5592 30 29 at
973 5590 51 34 the
1038 5602 82 23 same
1134 5593 82 34 time.

827 5631 63 34 The
904 5632 144 45 Danbury
1070 5635 87 35 News
1171 5648 67 32 says
1261 5638 84 35 there
1359 5639 25 34 is
1407 5651 17 22 a

786 5675 77 32 little
887 5677 108 33 Scotch
1009 5680 103 32 terrier
1134 5682 84 32 there
1241 5684 183 32 remarkable

786 5718 45 35 for
844 5718 47 35 his
915 5720 118 45 singing
1046 5723 65 43 gift.
1163 5725 48 35 He
1225 5726 60 34 will
1308 5737 95 25 accom-

785 5774 79 31 pany
889 5765 107 33 almost
1010 5779 58 31 any
1091 5769 190 39 instrument,
1305 5773 60 30 and
1378 5773 46 30 his

785 5807 182 36 intonations
994 5822 50 23 are
1068 5823 70 33 very
1159 5814 135 42 pleasant
1318 5818 31 31 to
1373 5815 51 34 the

784 5864 58 24 ear,
859 5855 58 30 and
932 5856 32 31 of
974 5857 99 32 varied
1087 5869 145 30 compass;

1361 90 117 41 THE
1534 92 183 41 LYELL
1770 94 185 49 TIMES,
2010 95 304 50 SATURDAY,
2367 98 141 52 JUNE
2565 114 57 36 12.
2679 103 103 40 1886.

3436 5764 115 28 Printed
3563 5766 56 28 and
3631 5768 150 34 published
3797 5769 38 37 by
3850 5770 48 28 the
3911 5771 163 35 proprietor,

3469 5802 108 30 Walter
3588 5804 97 36 Atkin,
3699 5810 29 25 at
3740 5806 49 30 the
3804 5799 163 47 Registered
3989 5809 84 30 Office

3470 5848 27 22 ot
3504 5843 46 28 the
3589 5844 80 36 Lyell
3805 5847 67 29 Cliff
3877 5848 99 31 Streat,
3982 5849 91 35 Lyell,

3471 5880 111 40 County
3596 5883 30 28 of
3636 5883 105 36 Buller,
3750 5884 108 38 Colouy
3871 5886 30 30 of
3909 5886 68 30 N.Z.

1538 218 173 39 Westport
1728 222 302 32 Advertisements.

1463 292 335 59 GILMER'S
1851 298 242 59 HOTEL,

1703 368 156 29 WESTPORT,

1488 405 146 40 Corner
1660 405 44 41 of
1729 409 240 41 Palmerston
1994 412 75 39 and

1578 459 213 42 Wakefield
1818 463 159 50 Streets,

1465 532 277 30 /CONVENIENT
1764 538 28 24 to
1810 536 48 28 the
1872 536 153 37 Telegraph
2039 538 53 28 and

1552 571 66 28 Post
1630 571 109 35 Offices,
1752 572 56 28 and
1820 574 96 37 nearly
1928 574 124 39 opposite
2065 579 28 27 to

1461 607 33 30 he
1508 609 77 29 R.M.
1599 610 88 29 Court
1700 611 55 29 and
1775 612 82 28 H.M.
1871 613 140 29 Customs.

1462 684 180 41 Gilmer's
1662 686 177 41 Masonic
1863 687 130 50 Hotel,

1978 752 115 22 NELSON.

1461 778 180 41 Gilmer's
1667 780 130 48 Hotel,

1912 842 181 22 GREYMOUTH.

1461 869 180 43 Gilmer's
1660 870 123 55 Royal
1802 871 86 42 Oak
1908 872 130 51 Hotel,

1899 935 194 23 WELLINGTON.

1494 1002 78 28 Good
1593 1002 238 30 accommodation
1849 1003 43 29 for
1911 1004 182 29 Commercial

1457 1039 161 35 Travellers,
1630 1039 68 31 with
1711 1040 105 38 sample
1829 1050 92 20 rooms
1933 1041 140 39 provided.

1491 1079 25 29 A
1540 1079 88 38 Night
1651 1079 96 29 Porter
1771 1079 103 38 always
1898 1090 37 20 on
1959 1080 47 30 the
2030 1091 45 28 pre-

1456 1117 92 28 mises.

1491 1154 127 36 Booking
1637 1154 85 30 Office
1740 1154 43 30 for
1794 1154 47 31 the
1854 1155 169 35 Charleston,
2036 1157 36 30 Ad-

1456 1192 114 36 dison's,
1584 1194 115 29 Reefton
1712 1193 56 30 and
1785 1194 81 38 Lyell
1878 1194 132 31 Coaches.

1492 1233 78 30 Good
1583 1233 127 37 stabling,
1724 1233 69 30 with
1806 1233 77 39 eight
1901 1234 81 31 horse
2003 1235 87 36 stalls,

1457 1272 129 30 attached
1598 1275 29 27 to
1639 1272 47 31 the
1698 1274 142 36 premises.

1525 1348 80 30 THE
1635 1348 184 31 PRINCESS
1844 1349 179 30 THEATRE

1457 1387 30 30 Is
1500 1388 59 29 70ft
1569 1397 17 19 x
1599 1388 57 30 30ft
1667 1388 99 32 inside,
1779 1389 160 36 containing
1950 1393 76 30 stage
2036 1388 57 30 30ft

1456 1435 18 20 x
1486 1426 66 33 21ft,
1564 1425 67 30 with
1644 1426 134 37 complete
1792 1430 54 25 sets
1865 1426 30 29 of
1913 1436 113 27 scenery
2037 1427 56 29 and

1456 1463 75 37 large
1555 1463 125 37 dressing
1707 1474 102 19 rooms.
1857 1463 59 30 The
1940 1465 96 36 height
2065 1466 28 28 of

1456 1501 79 32 walls
1547 1502 24 30 is
1583 1502 67 35 20ft,
1663 1502 55 29 and
1731 1502 47 30 the
1790 1512 78 20 room
1888 1503 24 29 is
1934 1503 112 39 capable
2066 1504 27 29 of

1628 1542 108 36 seating
1747 1542 52 28 GOO
1815 1540 105 39 people.

1664 1597 123 34 JOHN
1805 1597 191 42 GILMER,

1892 1643 165 35 Proprietor.

1456 1719 105 62 YT,
1646 1719 242 63 gTRUT
1905 1719 183 43 HERS

1599 1814 90 34 HAS
1705 1815 65 33 ON
1790 1815 152 33 SALE—

1507 1889 236 53 Corrugated
1764 1889 100 50 Iron,

1507 1943 202 56 Crockery,

1508 2000 323 49 Paperhangings,

1506 2049 134 44 White
1659 2051 121 51 Lead,

1506 2107 96 47 Oils,

1505 2159 223 46 Varnishes,

1507 2213 125 40 Doors
1645 2213 77 41 and
1740 2213 155 50 Sashes,

1507 2268 169 52 Cutlery,

1506 2322 464 51 Cutlery-Electroplate;
1997 2324 78 40 and

1507 2373 240 42 Brushware.

1495 2484 321 39 PALMERSTON
1859 2486 194 49 STREET,

1669 2542 215 31 WESTPORT.

1493 2623 290 63 Thomas
1809 2624 245 78 James,

1586 2740 267 49 SADDLER,
1881 2740 67 40 &c.
1953 2771 10 18 %

1456 2823 221 32 TMPORTER
1695 2833 56 21 and
1776 2825 314 33 MANUFACTURER

1756 2886 34 21 OF

1456 2933 61 40 All
1549 2933 254 54 descriptions
1820 2934 43 41 of
1890 2935 197 55 Saddlery,

1507 2997 184 47 Harness,
1710 2998 113 52 Long
1832 2998 76 39 and
1926 2999 117 40 Short

1552 3058 207 53 Leggings,
1830 3060 160 53 Plough,

1604 3122 32 42 &
1655 3122 108 43 Back
1787 3123 155 52 Chains,

1651 3185 159 51 Traces,
1827 3189 66 38 &c.

1456 3315 115 39 Repairs
1583 3316 103 38 Neatly
1698 3317 56 30 and
1773 3318 146 38 Promptly
1938 3319 152 30 Executed.

1456 3427 176 39 Up-country
1644 3427 94 31 orders
1754 3429 142 39 promptly
1908 3430 131 31 attended
2051 3434 39 28 to.

1456 3540 50 30 ON
1526 3540 207 31 SALE—Steel
1762 3542 138 36 Polished,
1930 3543 55 30 and
2015 3544 76 31 Solid

1525 3579 90 27 Silver
1641 3579 72 33 Bits,
1744 3580 132 36 Stirrups,
1907 3582 56 27 and
1994 3583 97 35 Spurs,

1524 3615 104 42 Riding
1650 3616 124 36 Saddles,
1795 3617 75 29 Pack
1891 3618 124 36 Saddles,
2036 3620 56 30 and

1524 3654 100 38 Whips
1636 3655 31 30 of
1680 3655 37 30 all
1729 3655 190 38 descriptions.

1644 3883 418 70 CORJR,

1669 3990 211 38 IMPORTER,

1456 4083 317 34 TTtTHOLESALB
1800 4085 128 42 WINE,
1955 4087 129 34 SPIED

1744 4173 66 23 ABD

1556 4244 198 43 Provision
1773 4247 219 43 Merchant.

1495 4443 322 42 PALMERSTON
1857 4447 196 52 STREET,

1667 4542 217 29 WESTPORT.

2201 225 144 31 Reefton
2373 227 294 33 Advertisements

2238 304 57 39 W.
2335 305 303 51 HINDMARSH,

2125 425 321 35 QHAREBROKER,
2470 427 182 37 MINING,
2675 430 79 29 AND

2211 501 167 42 General
2403 503 261 45 Commission

2370 595 142 54 Agent,-

2153 723 291 52 BROADWAY,
2472 727 246 53 EEEFTON,

2243 833 140 37 (Opposite
2401 835 138 31 Southern
2552 838 82 30 Cross

2384 893 104 36 Hotel.)

2121 973 341 62 Dawson's
2525 978 224 75 Hotel,

2215 1078 224 37 BROADWAY,
2467 1082 186 32 REEFTON.

2120 1190 89 34 ITllie
2228 1192 237 31 accommodation
2488 1196 126 39 supplied
2634 1197 37 39 by
2697 1199 55 29 this

2208 1230 85 31 house
2307 1238 102 25 cannot
2422 1234 32 30 be
2467 1237 146 35 surpassed
2633 1237 29 30 in
2683 1239 68 29 New

2118 1268 130 30 Zealand.

2120 1373 175 53 Booking
2328 1376 122 42 Office
2484 1378 58 40 for
2576 1380 175 40 Mitchell

2166 1427 77 40 and
2288 1430 232 53 Campbell's
2578 1434 122 53 Royal

2217 1481 96 43 Mail
2343 1486 98 40 Line
2462 1487 43 40 of
2531 1488 98 54 Grey-

2269 1541 133 39 mouth
2418 1542 188 40 Coaches.

2152 1670 67 28 This
2232 1670 86 28 Hotel
2330 1670 107 30 isVwell
2458 1672 103 28 known
2582 1673 169 37 throughout

2118 1707 69 29 New
2199 1708 120 28 Zealand
2331 1709 43 28 for
2392 1709 36 28 its
2447 1710 236 30 accommodation
2696 1712 55 28 and

2118 1747 181 29 convenience
2310 1747 44 29 for
2370 1749 113 29 tourists
2501 1749 56 29 and
2575 1749 176 31 commercial

2117 1785 150 30 travellers.

2314 1832 125 39 JOHN
2459 1833 213 48 DAWSON,

2550 1888 166 37 Proprietor.

2277 1971 310 36 STEVENSON'S

2121 2032 366 64 M'G-affin's
2523 2034 227 75 Hotel,

2220 2135 224 36 BROADWAY,
2463 2136 188 31 REEFTON.

2119 2266 122 60 THIS
2255 2266 180 37 Magnificent
2446 2267 86 30 Hotel
2544 2267 57 30 will
2622 2267 33 30 be
2667 2268 86 29 found

2206 2304 104 38 replete
2322 2305 68 30 with

2212 2376 93 21 EVERY
2323 2376 127 22 COMFORT
2467 2377 56 21 AND
2541 2378 119 21 MODERN

2331 2415 207 24 CONVENIENCE.

2151 2521 133 36 Tourists,
2308 2523 177 29 commercial
2514 2522 153 37 travellers,
2697 2523 55 31 and

2219 2561 56 30 will
2288 2561 64 30 here
2365 2562 59 29 find
2436 2571 83 28 every
2531 2562 138 31 attention
2679 2573 54 21 com-

2117 2599 83 30 bined
2211 2599 68 30 with
2293 2600 84 29 home
2389 2601 138 30 comforts.

2117 2714 157 41 Booking
2292 2714 107 35 Office
2410 2716 54 32 for
2474 2716 172 33 Newman
2657 2718 95 32 Bros'

2143 2760 110 39 Royal
2265 2761 89 31 Mail
2364 2761 87 31 Line
2464 2760 40 32 of
2511 2761 133 33 Nelson
2656 2762 71 32 and

2259 2805 175 41 Westport
2446 2806 164 33 Coaches.

2176 2895 163 44 JAMES
2382 2897 306 52 STEVENSON,

2342 2961 182 21 PROPRIETOR.

2149 3112 289 52 BROADWAY,
2469 3113 249 46 REEFTON.

2119 3242 284 63 COMMERCIAL
2422 3244 165 35 Travellers,
2611 3246 140 35 Families,

2207 3283 56 30 and
2281 3283 49 30 the
2349 3283 92 40 public
2458 3284 143 40 generally
2618 3285 59 30 will
2695 3286 56 30 find

2117 3321 56 30 this
2185 3322 176 29 well-known
2379 3323 86 29 Hotel
2483 3324 78 28 fitted
2580 3325 69 27 with
2669 3335 83 27 eyery

2117 3359 114 30 modern
2244 3360 184 29 convenience
2437 3360 56 29 and
2504 3361 195 38 requirement.

2166 3473 87 41 The
2285 3474 257 52 Proprietress
2572 3476 32 40 is
2628 3476 104 41 deter-

2119 3528 128 40 mined
2273 3534 40 34 to
2331 3541 112 39 spare
2461 3541 50 28 no
2530 3542 165 40 expense
2713 3531 38 41 in

2118 3582 156 51 making
2290 3582 78 38 this
2388 3582 118 38 Hotel
2525 3584 227 53 thoroughly

2118 3634 112 54 equal
2248 3641 40 35 to
2306 3634 51 42 all
2375 3636 288 52 requirements.

2118 3763 93 34 Local,
2229 3764 127 29 Colonial
2378 3765 57 28 and
2459 3765 92 29 Home
2696 3768 56 28 and

2238 3800 163 39 periodicals
2413 3803 138 38 regularly
2562 3803 74 30 filed.

2284 3858 153 43 ALICE
2462 3859 238 51 NEVILLE,

2558 3923 192 37 Proprietress.

1571 4785 159 41 PETER
1757 4788 214 49 MULVAY,

1453 4873 249 64 PLUMBER,
1731 4875 239 40 TINSMITH,
1999 4879 89 32 AND

1627 4912 222 37 GASFITTER,
1862 4915 56 29 and

1533 4993 475 55 COPPERWORKER,

1485 5109 216 39 Palmerston
1727 5110 122 48 Street,
1868 5113 187 49 Westport,

1570 5216 141 38 (Opposite
1724 5218 129 31 Gilmer's
1865 5219 106 38 Hotel.)

1454 5365 95 33 Every
1564 5365 181 37 description
1761 5367 34 31 of
1818 5367 178 37 Holloware*
2010 5371 58 34 Tin-

1491 5409 117 34 smiths'
1625 5409 113 42 Goods,
1753 5412 58 33 and
1830 5412 216 46 Ironmongery

1650 5454 73 43 kept
1743 5456 31 31 in
1794 5456 95 32 stock.

1581 5588 25 30 A
1618 5589 89 39 Large
1720 5590 200 39 Consignment
1931 5593 33 30 of

1495 5654 187 43 STOVES
1707 5656 104 41 AND
1844 5658 200 45 RANGES

1659 5745 62 22 NOW
1738 5746 35 21 TO
1791 5746 86 23 HAND.

1555 5869 72 31 IS*
1637 5870 43 29 All
1699 5870 86 31 Work
1795 5872 185 30 Guaranteed.

2954 235 119 33 Public
3090 238 151 32 Notices.

2917 313 130 42 JOHN
3090 315 189 50 MUNKO,

2784 441 235 68 Q.ENERAL
3048 446 249 30 MERCHANT
3327 449 88 28 AND

2996 523 209 36 IMPORTER,

2882 637 241 41 Palmerston
3178 642 139 47 Street,

2993 760 217 29 WESTPORT.

2830 854 245 36 JOHNSTON
3102 857 29 33 &
3155 857 215 36 WATKINS

3000 931 106 30 CIVIL
3123 934 80 28 AND

3156 1011 262 35 NGINEERS,

2970 1094 181 21 AUTHORISED
3172 1097 57 20 AND

2784 1135 281 41 LICENSED
3090 1139 328 42 SURVEYORS

2782 1229 132 37 Working
2938 1230 84 30 Plans
3043 1232 56 29 and
3123 1233 108 29 Details
3255 1234 32 29 of
3309 1235 109 37 Miinng

2815 1269 164 38 Machinery
2991 1271 133 37 prepared
3134 1272 55 28 and
3197 1273 48 28 the
3252 1273 132 30 Erection

2867 1308 108 38 Mining
2989 1310 161 38 Machinery
3163 1311 168 37 supervised.

2780 1385 120 36 Purveys
2911 1385 43 29 for
2965 1386 110 37 Mining
3083 1387 167 37 Companies
3260 1390 158 28 contracted

2779 1423 41 28 for
2833 1421 35 39 by
2880 1423 48 29 tli6
2939 1433 75 28 year.
3051 1426 121 36 Surveys
3182 1426 81 29 made
3273 1427 88 29 under
3371 1428 47 28 the

2915 1484 6 7 .
2952 1463 81 29 Land
3045 1464 129 29 Transfer
3183 1466 61 28 Act.

3027 1541 139 31 Address:

2780 1577 169 37 Broadway,
2968 1579 152 37 Reefton;
3147 1590 58 21 and
3231 1581 187 31 Commercial

2982 1618 112 35 Hotel,
3113 1620 97 29 Lyell

2813 1691 294 33 N.R.—lnstructions
3119 1696 49 29 left
3180 1699 30 27 at
3222 1697 92 29 Times
3324 1698 94 34 Office,

2779 1730 90 34 i.yeil,
2880 1731 58 29 will
2949 1732 106 30 receive
3062 1734 161 33 immediate
3236 1736 147 30 attention.

2910 1813 384 65 Newman's

2982 2021 49 27 OF
3050 2022 177 29 COACHES

2814 2114 255 31 Thrice-Weekly
3093 2117 124 30 Service
3239 2120 145 30 Between

2867 2162 108 35 Lyell,
2988 2162 135 31 Reefton
3135 2173 57 21 and
3205 2166 127 30 Nelson.

2780 2254 94 30 Leave
2894 2254 84 38 Lyell
2994 2256 44 30 for
3055 2258 106 29 Nelson
3177 2270 85 28 every
3283 2262 135 38 Tuesday,

2781 2301 148 39 Thursday
2936 2303 57 30 and
3003 2305 149 38 Saturday,
3162 2310 30 27 at
3202 2309 64 29 2.30
3274 2319 79 28 p.m.,
3363 2311 55 29 and

2780 2348 83 36 Lyell
2874 2350 42 28 for
2930 2351 139 36 Westport
3081 2354 57 27 and
3151 2354 128 34 Reetton,
3298 2366 37 19 on
3348 2357 52 28 Sun-

2781 2394 65 40 day,
2859 2395 177 42 Wednesday
3048 2399 56 30 and
3118 2400 113 41 Friday,
3239 2404 30 28 at
3280 2404 64 29 9.30
3353 2413 65 21 a.m.

2781 2483 167 36 Passengers
2973 2486 103 28 booked
3107 2487 44 28 for
3179 2488 153 38 Hampden
3363 2493 55 26 and

2901 2531 81 30 other
2993 2533 194 31 intermediate
3200 2535 102 39 places.

2952 2609 133 32 Booking
3106 2613 139 31 Offices:

2782 2665 139 40 Westport
3184 2672 134 31 Gilmer's
3330 2674 87 31 Hotel

2781 2715 119 32 Reefton
2974 2739 30 9 ...
3142 2721 178 31 Stevenson's
3332 2724 86 31 Hotel

2781 2764 105 29 Nelson
3194 2770 126 30 Masonic
3332 2772 85 30 Hotel

2814 2860 47 29 All
2871 2862 109 36 parcels
2992 2867 77 26 must
3080 2863 33 30 be
3128 2866 124 36 prepaid,
3271 2868 146 29 otherwise

2914 2908 68 39 they
2993 2910 58 30 will
3062 2910 34 31 be
3108 2911 50 30 left
3170 2912 114 31 behind.

3105 2968 39 29 H.
3164 2969 184 37 NEWMAN,

3214 3009 160 35 Proprietor

2920 3099 348 48 COURTNEY'S

2780 3166 317 60 JUNCTION
3161 3172 254 60 JJOTEL,

2932 3247 95 44 (Near
3047 3260 58 23 the
3125 3250 141 48 Bridge.)

2939 3354 247 33 Accommodation
3198 3359 43 28 for
3254 3360 162 30 Travellers.

2920 3406 119 31 GRASS
3069 3408 208 33 PADDOCKS.

2781 3455 126 35 Saddle
2928 3458 129 34 Horses
3074 3462 70 32 and
3160 3463 128 41 Handy
3300 3465 117 34 Coach

3024 3497 54 31 for
3092 3498 86 32 hire.

2815 3594 117 34 Miners,
2956 3596 179 34 Theatricals,
3160 3608 32 19 or
3220 3600 132 29 Families
3376 3611 27 19 re-

2780 3631 98 30 moved
2903 3636 29 27 to
2956 3642 57 30 any
3036 3638 63 35 part
3122 3636 32 31 of
3173 3636 49 31 the
3252 3638 108 33 district
3389 3644 29 27 at

2780 3671 131 29 Reduced
2928 3673 95 28 Fares.

2813 3720 26 31 A
2850 3721 87 40 Forty
2949 3732 94 22 across
3054 3725 49 31 the
3116 3726 97 32 Buller
3225 3738 17 20 a
3262 3730 54 29 few
3334 3731 84 37 yards

2779 3759 90 30 below
2882 3762 48 28 the
2942 3763 18 28 J
2963 3764 117 28 unction
3092 3766 30 27 of
3132 3766 46 28 the
3191 3771 54 25 two
3257 3769 96 28 rivers.

2847 3869 27 30 A
2893 3871 199 31 Blacksmith's
3114 3874 76 38 Shop
3209 3877 139 30 attached.

2945 3918 77 41 Jg®
3036 3930 110 22 horses
3167 3931 85 24 shod.

2119 4033 145 65 The
2301 4036 366 77 Hampden
2710 4040 469 77 Co-operative
3222 4047 190 64 Store

2417 4159 360 80 Company,
2814 4163 316 68 Limited.

2117 4442 112 64 THE
2243 4442 86 32 above
2338 4445 146 40 Company
2493 4447 25 29 is
2528 4456 64 22 now
2601 4448 151 40 supplying
2763 4451 48 29 the
2822 4451 143 39 following
2979 4454 86 36 goods
3074 4459 30 26 at
3114 4465 18 22 a
3143 4457 85 33 slight
3239 4459 124 30 advance
3375 4470 36 20 on

2589 4487 151 33 NELBON
2754 4489 188 34 PRICES:—

2317 4840 39 31 Of
2365 4840 61 33 first
2438 4842 70 32 class
2521 4845 115 39 quality.
2672 4846 25 30 A
2709 4847 89 39 Large
2811 4849 56 30 and
2879 4849 103 31 Varied
2992 4850 177 32 Assortment
3181 4853 31 30 of

2116 4944 203 56 Crockery,
2355 4946 173 43 Earthen
2556 4950 76 41 and
2665 4951 228 51 Glassware,
2929 4953 281 57 Ironmongery,
3239 4958 80 49 &c.,
3341 4960 66 39 &c.

2117 5160 124 45 Men's
2276 5161 76 42 and
2388 5161 115 55 Boys'
2541 5162 274 55 Kaipoi-made
2862 5165 206 56 Clothing;
3116 5167 113 52 Hats,
3268 5169 138 52 Shirts,

2214 5217 357 49 Under-Flannels;
2626 5219 177 40 Drawers
2836 5221 75 39 and
2945 5221 146 50 Moles;
3133 5224 175 49 Tweeds,

2311 5270 177 55 Hosiery,
2510 5272 209 50 Blankets;
2749 5274 163 48 Calicos,
2936 5275 140 50 Prints,
3098 5278 92 40 Flan-

2523 5327 92 47 nels,
2637 5328 79 48 &c.,
2738 5329 65 38 &c.
2856 5327 149 49 Also—.

2276 5402 156 50 Wheat,
2478 5403 109 49 Oats,
2634 5404 117 50 Bran,
2785 5404 118 43 Chaff
2923 5407 77 42 and
3026 5409 199 41 Potatoes.

2145 5619 101 30 Orders
2258 5618 197 39 accompanied
2472 5618 38 39 by
2522 5619 65 30 cash
2600 5619 176 32 remittances
2794 5622 162 37 punctually
2975 5623 130 31 attended
3119 5627 38 34 to,
3170 5625 55 30 and
3244 5626 86 39 goods
3348 5628 44 29 des-

2110 5658 119 39 patched
2241 5663 30 25 at
2283 5668 16 20 a
2311 5663 140 25 moments
2463 5660 100 29 notice.

2146 5733 84 32 Local
2248 5733 129 39 produce,
2396 5732 142 40 including
2556 5734 104 37 Hides,
2681 5734 94 37 Skins,
2801 5735 96 37 Wool,
2916 5736 127 36 Butter,
3056 5738 56 36 &c.,
3126 5738 56 36 &c.,
3200 5738 154 38 purchased
3367 5739 42 30 for

2112 5774 83 28 Cash.

2146 5870 171 34 Murohisoiij
2331 5870 65 29 lotk
2409 5870 84 34 June,
2509 5871 76 29 1885.

2991 5834 34 29 R.
3046 5835 131 35 M'NEE,
3196 5835 108 30 Lessee.

3530 242 145 32 Reefton
3692 243 302 35 Advertisements.

3505 319 218 41 FORSYTH
3744 322 28 39 &
3796 321 230 50 MASTERS,

3738 428 121 32 -GERS,

3598 504 9 3 -
3702 500 13 8 .1
3722 497 42 18 .Li,
3784 490 61 20 AtLi.
3847 494 14 17 J*
3868 490 10 20 i
3883 492 34 20 OiS
3922 505 5 8 r

3446 530 79 28 Have
3539 541 35 17 on
3588 532 74 27 hand
3681 534 136 35 imported
3837 536 85 27 direct
3939 536 71 27 from
4033 537 47 28 the

3497 568 92 28 Home
3602 569 132 36 markets,
3746 579 15 19 a
3774 572 88 34 Large
3875 572 55 29 and
3943 573 68 30 Well-

3630 610 123 27 assorted
3772 610 84 29 Stock
3868 612 31 28 of

3445 667 168 39 Builders'
3628 666 220 52 Furnishing,
3862 672 136 49 Mining
4011 671 71 40 and

3551 730 148 39 General
3721 731 256 52 Ironmongery,

3446 805 100 28 Which
3568 805 67 37 they
3653 816 46 19 are
3720 809 134 35 prepared
3875 812 29 25 to
3925 810 51 28 sell
3997 815 28 24 to
4037 821 41 19 re*

3457 842 105 29 sidents
3574 844 30 28 of
3612 844 78 38 Lyell
3704 849 30 25 at
3742 846 153 38 extremely
3906 847 53 29 low
3970 849 98 38 prices.

3447 946 153 30 Bickford's
3614 948 81 35 Ftise,
3708 949 92 30 Hall's
3816 950 128 38 Blasting
3956 950 125 38 Powder,

3447 986 122 34 Octagon
3582 988 82 33 Steel,
3678 989 92 28 Ames'
3792 990 126 34 Shovels,
3939 991 68 28 Pick
4024 992 57 27 and

3447 1024 137 28 Hammer
3596 1025 135 33 Handles,
3744 1027 56 32 &c.,
3810 1031 97 32 agents
3918 1028 42 29 for
3970 1028 113 30 Nobel's

3682 1064 163 38 Dynamite*

3447 1123 159 34 Furniture,
3636 1122 136 36 Bedding.
3802 1126 115 34 Lamps,
3958 1127 125 37 Cutlery,

3447 1160 172 38 Carpenters'
3633 1162 91 34 Tools,
3742 1164 104 33 Paints,
3868 1164 68 33 Oils,
3958 1165 124 33 Colours,

3584 1200 94 39 Fancy
3690 1201 91 36 Ware,
3795 1203 62 34 &c.;
3876 1203 68 34 also,

3450 1251 23 28 A
3485 1251 88 37 Large
3585 1253 177 30 Assortment
3778 1252 32 30 of
3825 1255 168 29 Galvanised
4005 1254 78 37 Iron,

3549 1291 146 29 Bessemer
3706 1293 56 28 and
3780 1293 105 38 Plough
3905 1292 75 32 Steel

3636 1348 105 29 WIRE
3761 1348 130 30 ROPES.
3914 1348 3 30 .

3551 1398 61 29 SSS
3642 1400 177 28 OCTAGON
3847 1399 130 31 STEEL.

3518 1480 37 41 J.
3610 1482 42 40 B.
3715 1483 182 42 BEEC
3913 1483 97 52 HE,

3593 1592 173 39 Broadway,
3788 1593 149 39 Reefton,

3450 1691 341 62 gHAREBROKER,
3828 1695 22 30 &
3887 1694 197 34 GENERAL

3544 1779 256 35 COMMISSION
3835 1782 150 34 AGENT.

3486 1969 150 44 Enquries
3667 1971 46 36 for
3739 1972 89 35 latest
3856 1974 169 42 quotations
4051 1976 33 34 in

3447 2027 117 41 mining
3577 2029 98 30 stocks
3689 2030 150 42 promptly
3851 2032 111 40 replied
3976 2034 42 30 to.

3473 2206 172 22 TELEGRAMS
3666 2209 202 22 IMMEDIATELY
3886 2211 168 23 ANSWERED.

3450 2282 87 61 M'
3549 2282 294 78 Sherry's
3875 2286 209 64 Hotel

3615 2397 79 39 (Late
3713 2397 214 41 M'Quillan's,)

3525 2475 242 38 BROADWAY,
3798 2477 207 33 REEFTON.

3447 2645 109 32 ITIHE
3569 2646 182 37 undersigned
3774 2648 102 34 having
3891 2648 111 31 entered
4023 2650 60 30 into

3534 2686 155 37 possession
3701 2686 33 30 of
3751 2687 56 30 this
3819 2688 176 31 well-known
4008 2689 75 32 hotel

3445 2723 123 31 business
3579 2726 100 29 wishes
3696 2732 29 24 to
3746 2728 101 28 intorm
3868 2728 42 29 his
3933 2738 149 21 numerous

3444 2762 102 29 friends
3559 2764 56 28 and
3626 2765 48 28 the
3687 2766 145 35 travelling
3841 2767 91 36 public
3941 2769 141 36 generally

3444 2800 62 29 that
3518 2804 35 26 he
3565 2802 110 29 intends
3687 2807 28 25 to
3728 2813 79 29 spare
3818 2813 37 19 no
3871 2805 80 30 effort
3960 2815 31 19 in
4002 2806 80 30 order

3444 2843 29 26 to
3485 2840 82 30 make
3579 2841 56 29 this
3647 2841 72 31 hotel
3732 2842 103 38 replete
3847 2843 67 31 with
3927 2854 83 28 every
4019 2855 46 20 con-

3445 2880 130 28 venience
3588 2881 54 28 and
3657 2886 132 32 comport.

3443 3031 52 29 Ale
3495 3041 23 24 8,
3534 3032 93 29 Wines
3638 3034 61 27 and
3710 3034 105 36 Spirits
3827 3035 36 37 of
3878 3036 68 28 Best
3965 3036 117 29 Brandt

3651 3072 66 36 only
3735 3073 138 36 supplied.

3598 3147 127 40 JOHN
3749 3145 254 54 M'SHERBY,

3864 3216 181 22 PROPRIETOR.

3685 3289 150 43 PURE
3863 3289 215 46 DRUGS!

3532 3408 64 41 W.
3621 3408 36 41 J.
3688 3410 56 40 M.
3774 3410 226 50 HANSBY,

3447 3471 196 46 ■pAMILY
3670 3472 85 33 AND
3784 3473 296 36 DISPENSING

3447 3505 29 47 f
3664 3515 197 39 CHEMIST,

3595 3584 163 26 BROADWAY,
3786 3585 141 21 REEFTON.

3443 3627 86 30 Eleve
3541 3627 33 30 de
3587 3628 141 30 Vlnstitut
3737 3629 42 30 St.
3788 3631 136 36 Francois
3936 3631 116 36 Xavier,
4061 3640 22 22 a

3593 3669 118 35 Bruges,
3725 3669 30 28 la
3765 3671 165 35 Belguique.

3537 3718 40 30 M.
3595 3718 32 31 P.
3647 3719 28 30 S.
3695 3719 36 30 N.
3749 3720 41 35 Z.,
3847 3721 40 30 M.
3906 3721 31 30 P.
3955 3721 33 30 C.

3444 3811 109 31 Twelve
3564 3815 90 35 years'
3667 3814 129 30 assistant
3807 3817 30 28 to
3849 3815 54 30 Dr.
3916 3815 124 38 Morice,
4053 3817 31 30 of

3675 3853 182 38 Greymouth.

3478 3927 172 37 Physicians*
3670 3929 198 39 Prescriptions
3892 3931 56 29 and
3969 3930 113 40 Family

3443 3965 130 38 Receipes
3584 3969 156 36 accurately
3749 3970 190 35 compounded
3951 3971 68 30 with
4031 3972 50 29 the

3442 4004 149 28 PUREST
3609 4006 139 29 DRUGS.

3495 4091 178 22 SPECTACLES
3692 4093 36 21 TO
3749 4094 65 21 SUIT
3837 4095 55 21 ALL
3913 4095 113 23 SIGHTS.

3476 4162 89 29 Toilet
3596 4163 163 37 Requisites,
3784 4166 169 37 Perfumery,
3977 4168 103 30 Patent

3442 4199 150 31 Medicines
3605 4202 55 29 and
3673 4203 155 38 Druggists'
3843 4205 140 36 Sundries,
3997 4206 46 30 &c.

3515 4278 109 33 Teeth
3640 4279 198 42 Extracted,
3856 4282 69 41 &c.,
3943 4283 60 33 &c.

3442 4353 55 30 IS
3498 4354 10 11 3
3567 4353 92 36 Drugs
3668 4354 185 34 Guaranteed,
3863 4356 55 29 and
3929 4360 29 26 at
3969 4358 109 35 greatly

3581 4391 186 30 REDUCED
3786 4393 148 31 PRICES.

3461 4488 601 40 GRATEFUL—COMPORTING.

3440 4563 290 132 EPPS'S
3806 4568 269 132 COCOA

3594 4767 332 32 BREAKFAST.

3566 4815 16 19 a
3605 4805 135 38 thorough
3752 4807 161 38 knowledge
3925 4810 30 28 of
3964 4809 48 29 the
4024 4819 33 20 na-

3438 4843 72 29 tural
3522 4843 67 30 laws
3600 4843 92 30 which
3696 4854 111 27 .govern
3819 4845 47 31 the
3878 4847 159 38 operations
4048 4848 34 30 of

3438 4880 135 37 digestion
3585 4882 55 29 and
3652 4883 143 35 nutrition,
3807 4885 57 28 and
3876 4888 37 34 by
3932 4895 18 19 a
3970 4887 103 29 careful

3438 4919 165 35 application
3616 4920 31 28 of
3664 4920 48 29 the
3730 4921 56 29 fine
3798 4923 151 37 properties
3960 4924 33 28 of
4000 4925 59 28 well-

3438 4956 117 30 selected
3567 4967 92 25 cocoa,
3673 4958 45 30 Mr
3729 4959 78 39 Epps
3818 4959 50 30 has
3880 4961 132 38 provided
4024 4972 52 20 our

3438 4995 137 29 breakfast
3583 4996 87 28 tables
3679 4998 67 28 with
3754 5008 17 18 a
3779 4999 298 37 delicately-flavoured

3436 5032 133 37 beverage
3580 5035 90 28 which
3683 5045 66 27 may
3763 5046 63 19 save
3838 5046 33 20 us
3883 5047 87 28 many
3983 5039 91 37 heavy

3437 5071 118 30 doctor's
3576 5072 71 29 bills.
3683 5074 29 28 It
3731 5074 24 28 is
3768 5075 37 36 by
3817 5075 49 29 the
3873 5076 139 37 judicious
4024 5087 51 21 use

3436 5109 32 28 of
3475 5110 68 27 such
3556 5111 106 28 articles
3675 5112 31 28 of
3722 5113 55 28 diet
3790 5114 62 28 that
3864 5124 17 18 a
3893 5117 181 28 constitution

3437 5156 65 28 may
3522 5147 35 28 be
3575 5149 144 37 gradually
3738 5149 70 30 built
3828 5160 39 28 up
3886 5153 72 28 until
3979 5156 96 35 strong

3436 5186 109 35 enough
3555 5189 28 27 to
3593 5190 78 27 resist
3680 5197 83 29 every
3772 5189 138 40 tendency
3918 5194 28 27 to
3958 5192 115 31 disease.

3437 5225 150 29 Hundreds
3599 5227 31 27 of
3638 5226 89 29 snbtle
3739 5229 134 28 maladies
3891 5240 46 18 are
3959 5231 116 37 floating

3436 5262 106 29 around
3553 5273 33 19 us
3598 5264 85 37 ready
3695 5268 29 26 to
3736 5266 93 29 attack
3845 5267 140 30 wherever
3997 5269 77 30 there

3436 5302 23 27 is
3471 5311 16 19 a
3497 5302 76 28 weak
3588 5302 85 37 point.
3709 5304 51 29 We
3772 5315 66 27 may
3850 5315 95 29 escape
3957 5318 87 27 many
4056 5319 19 18 a

3436 5339 68 30 fatal
3524 5340 72 29 shaft
3617 5341 36 37 by
3668 5341 118 38 keeping
3798 5345 137 29 ourselves
3946 5347 63 29 well
4021 5348 39 28 for-

3436 5377 76 30 tified
3535 5379 68 28 with
3628 5388 68 29 pure
3719 5381 82 29 blood
3824 5382 57 29 and
3904 5393 17 19 a
3944 5386 129 37 properly

3436 5417 148 30 nourished
3842 5421 95 31 article
3965 5424 30 28 in
4025 5425 48 29 the

3438 5455 75 28 Civil
3525 5456 110 27 Service
3649 5458 121 27 Gazette.

3435 5501 76 21 MADE
3522 5502 100 21 SIMPLY
3631 5503 77 22 WITH
3716 5504 116 23 BOILINO
3841 5506 98 23 WATER
3948 5508 36 21 OR
3993 5509 80 21 MILK.

3454 5532 65 28 Sold
3530 5533 30 27 in
3638 5535 113 35 packets
3760 5536 37 36 by
3807 5537 124 35 Grocers,
3939 5539 118 29 labelled

3694 5573 122 29 thus:—

3498 5607 150 35 JAMES
3686 5610 109 35 EPPS
3828 5614 70 32 and
3930 5614 80 43 CO.,

3569 5654 207 24 HOMQSOPATHIC
3793 5658 148 28 CHEMISTS,

3513 5685 207 33 LONDON,
3749 5689 246 29 ENGLAND.
