2540 4060
66 76 462 133 NEW
635 82 876 132 ZEALAND
1621 84 884 137 GAZETTE'

597 470 221 38 PUBLISHED
862 470 133 38 EVERY
1039 470 257 40 WEDNESDAY
1340 471 88 39 AND
1474 472 228 38 SATURDAY
1747 474 206 39 MORNING.

104 587 64 31 No.
191 580 89 45 322.]

609 586 111 31 PORT
741 586 259 39 NICHOLSON,
1017 586 267 33 WEDNESDAY
1307 582 211 42 MORNING,
1540 590 224 31 FEBRUARY
1788 594 29 33 7,
1843 596 88 27 1844.

2271 598 82 21 IVnr
2385 600 45 19 TV

245 681 55 21 For
313 680 128 25 London,

80 717 46 22 For
136 716 58 27 light
201 715 84 27 freight
294 714 45 22 and
348 720 132 21 passengers
490 713 60 27 only,
560 713 42 22 has
611 712 27 23 all

50 744 43 22 her
108 743 58 24 dead
182 741 84 28 weight
281 741 111 27 engaged,
402 740 47 22 and
464 739 45 23 will
523 738 115 29 positively

52 771 29 22 be
91 769 133 30 dispatched
235 775 28 16 on

162 803 52 21 7th
240 797 291 29 FEBRUARY/1844,

274 833 24 24 H
313 833 20 23 E
423 832 43 22 fine
556 832 82 28 barque

64 850 124 43 "^M&L'
221 850 30 33 J-
320 856 259 29 INDBMNtTY,

67 882 131 38 jWjfcaSk
226 889 41 21 312
285 891 58 23 tons,
353 887 28 22 R.
396 886 117 27 Sedgwick
529 889 109 19 commah-

228 914 45 28 der,
289 914 42 22 has
349 920 43 16 one
407 917 61 18 stern
484 913 66 22 cabin
566 913 72 21 disen-

54 935 155 39 H^^^^B
226 941 81 28 gaged,
315 941 46 22 and
371 939 104 29 splendid
488 939 150 23 accommoda-

226 969 59 21 tions
291 967 36 25 for
336 967 160 23 intermediate
504 973 134 21 passengers,

54 1002 54 23 with
126 1009 14 14 a
158 1000 80 25 liberal
253 1000 93 28 dietary.
376 1000 45 22 For
435 1004 69 18 terms
521 1000 25 21 of
559 998 79 28 which,

54 1028 67 29 apply
131 1032 22 19 to

271 1061 133 25 RIDQWAYS,
418 1061 106 26 GUVTON,
540 1060 20 22 &
575 1060 37 22 Co.

83 1094 147 28 Wellington,
241 1094 126 23 December
378 1096 33 25 19,
423 1095 66 21 1843.'

127 1145 54 22 For
195 1144 163 27 Valparaiso
373 1144 57 21 and
444 1143 125 25 London,

210 1186 93 28 rfIHE
309 1186 43 22 fine
358 1186 44 21 fast
408 1186 81 27 sailing
496 1186 56 22 A.I.
558 1186 80 28 barque

89 1207 101 40 ffipMk
217 1207 28 28 -I
318 1214 234 26 HIMALAYA,

61 1235 148 39 ifflggk
221 1240 41 23 447
281 1244 57 24 tons,
358 1240 32 23 H.
411 1240 60 23 Burn
489 1239 149 28 commander,

59 1263 150 38 jMfljnflHg
224 1267 43 22 will
276 1267 41 22 sail
328 1274 27 15 on
367 1267 38 22 the
412 1267 52 22 20th
472 1268 93 21 instant.
595 1267 43 22 Has

223 1301 53 15 very
286 1294 99 29 superior
394 1294 205 23 accommodations
607 1293 31 23 for

223 1322 64 21 cabin
310 1320 45 23 and
379 1325 99 23 steerage
502 1328 136 20 passengers,

54 1348 44 23 and
108 1349 105 28 carrying
222 1355 29 15 an
261 1348 148 28 experienced
419 1348 109 27 Surgeon,
539 1348 80 22 affords
628 1355 10 14 a

57 1380 58 19 most
125 1376 89 27 eligible
230 1375 145 28 opportunity
391 1375 36 22 for
442 1376 82 27 parties
537 1374 101 29 proceed-

52 1404 40 26 ing
101 1407 23 18 to
135 1403 37 22 the
183 1402 71 23 above
263 1406 70 24 ports.

82 1436 45 23 For
145 1436 83 28 freight
246 1443 25 15 or
290 1443 99 21 passage,
406 1435 67 29 apply
489 1439 23 19 to
527 1435 38 23 the
583 1442 55 16 com-

55 1463 94 23 mander
158 1470 30 16 on
198 1463 76 26 board,
285 1470 26 14 or
320 1466 23 18 to

264 1504 133 27 RIDOWAYS,
416 1505 107 26 GUYTON,
539 1505 20 21 &
575 1505 38 21 Co.

82 1539 146 27 February^
239 1537 63 23 1844.

75 1592 156 26 Important
244 1592 55 21 and
313 1590 120 28 Eligible
448 1591 180 22 Investment.

56 1625 69 49 TO
136 1624 38 23 BE
184 1624 80 22 SOLD
275 1630 29 16 by
317 1623 141 23 PRIVATE
468 1623 170 28 CONTRACT,

117 1652 23 22 in
157 1658 155 21 consequence
328 1651 27 22 of
365 1651 39 22 the
421 1654 91 25 present
520 1651 118 28 proprietor

293 1678 94 28 retiring
393 1686 6 19 ;

122 1720 45 14 THE
177 1720 120 15 VALUABLE
311 1720 135 14 LEABEHOLD
461 1719 113 15 PREMISES

81 1740 55 22 held
145 1743 24 19 at
178 1747 14 15 a
207 1740 43 22 low
259 1739 89 27 ground
365 1743 57 23 rent,
433 1740 135 27 comprising
577 1738 37 23 the

249 1772 75 23 SHIP
339 1771 107 24 HOTEL

52 1801 24 21 in
97 1800 195 27 Manners-street,
310 1799 146 27 Wellington,
471 1799 51 22 well
537 1799 101 27 situated,

52 1827 46 22 and
106 1827 25 22 in
142 1834 67 19 every
218 1829 88 25 respect
319 1826 96 22 suitable
431 1827 35 21 for
482 1825 156 28 commanding

52 1861 14 14 a
76 1854 105 22 first-rate
191 1853 102 22 business
300 1861 6 18 ;
322 1853 39 22 the
375 1853 118 27 adjoining
502 1853 105 28 premises
616 1853 22 22 in

52 1881 39 22 the
98 1881 132 27 occupation
239 1881 26 21 of
276 1881 45 21 Mr.
334 1880 83 22 Murch
433 1880 44 22 and
487 1881 46 21 Mr.
543 1879 95 28 Minifie,

53 1907 73 22 sublet
138 1912 22 17 to
176 1907 62 22 them
254 1910 23 18 at
291 1907 88 27 ground
393 1910 74 23 rents;
484 1910 44 19 two
542 1910 96 25 cottages

104 1933 112 28 attached,
228 1933 44 23 and
282 1933 37 23 the
330 1934 103 27 spacious
444 1933 43 24 and
498 1933 90 28 elegant

224 1981 10 4 -
266 1966 159 27 THEATRE,

52 1995 101 24 recently
162 1994 89 21 erected
260 1997 24 17 at
290 1996 65 23 great
367 2000 100 20 expence
477 1994 24 19 in
512 1993 37 21 the
557 1999 50 16 rear
617 1994 21 20 of

52 2020 39 21 the
101 2020 76 21 Hotel.
310 2022 3 5 '

81 2054 16 21 A
105 2060 13 15 n
129 2052 149 28 enterprizing
294 2051 111 28 capitalist
421 2051 73 22 would
504 2051 48 22 find
561 2051 24 22 in
596 2051 42 23 this

52 2083 105 24 property
166 2086 29 15 an
213 2079 142 28 opportunity
366 2079 34 21 for
416 2078 135 22 investment
566 2078 72 28 rarely

53 2111 22 17 to
84 2107 30 21 be
122 2110 46 18 met
177 2105 61 27 with,
249 2106 43 22 and
309 2105 73 23 which
391 2109 61 18 must
459 2112 70 21 prove
539 2113 14 14 a
559 2112 79 16 source

53 2133 27 21 of
89 2133 81 23 wealth
181 2138 23 18 to
215 2133 37 22 the
264 2132 129 29 purchaser.

82 2166 95 24 Further
191 2166 133 29 particulars
338 2173 53 20 may
398 2166 30 21 be
445 2166 107 22 obtained
561 2173 30 15 on
602 2173 36 21 ap-

54 2194 104 33 plication
170 2197 24 18 to
204 2193 45 23 Mr.
259 2193 83 26 Fuller,
353 2200 30 15 on
397 2193 40 22 the
449 2193 116 27 -premises,
576 2200 26 15 or
618 2197 20 18 to

55 2221 93 22 Messrs.
158 2220 104 28 Holroyd
271 2220 46 22 and
328 2220 66 27 Hart,
405 2219 117 27 solicitors,
532 2220 33 22 Te
576 2221 54 21 Aro.

82 2254 126 23 December
217 2255 34 25 30,
262 2255 62 21 1843.

56 2300 40 21 To
111 2300 58 24 Let,
186 2300 82 25 ready
282 2299 163 25 Furnished,
459 2299 70 22 with
546 2298 92 23 imme-

220 2326 74 22 diate
309 2326 170 26 possession,

57 2359 93 51 THE
164 2359 107 23 HOUSE
285 2360 25 22 in
330 2360 110 22 Manners
458 2360 80 26 Street,
553 2366 50 16 now
619 2359 19 23 in

131 2387 38 22 the
183 2388 133 26 occupation
331 2387 27 21 of
369 2387 38 22 the
422 2386 157 28 undersigned,
590 2393 48 15 con-

55 2413 81 28 silting
153 2413 27 23 of
196 2413 107 28 drawing,
325 2413 87 27 dining,
437 2413 45 23 and
504 2413 44 23 bed
572 2420 66 21 room,

55 2440 91 25 kitchen
157 2440 64 22 fitted
228 2440 51 22 with
290 2441 112 21 excellent
407 2447 67 20 range
485 2441 46 22 and
539 2440 99 27 dressers,

57 2467 44 23 and
117 2470 102 20 servants
230 2474 66 17 .room
315 2467 111 27 attached,
444 2467 101 28 together
562 2467 54 22 with
630 2474 8 15 a

57 2497 58 22 store
123 2500 64 16 room
197 2494 45 22 and
252 2492 56 25 wine
318 2494 75 22 cellar.

85 2521 55 22 Also
159 2526 31 17 an
207 2521 106 22 enclosed
331 2525 70 22 court,
420 2521 119 22 furnished
558 2520 54 23 with
628 2529 10 14 a

56 2555 71 22 pump
134 2547 27 23 of
167 2548 60 27 good
235 2551 74 24 water,
320 2555 14 15 a
345 2548 134 23 two-stalled
488 2548 80 27 stable,
579 2547 46 24 and
631 2556 7 15 a

56 2582 53 20 very
120 2575 136 22 convenient
264 2575 127 22 out-house.

83 2601 49 24 The
140 2601 71 25 house
220 2602 18 24 is
249 2602 91 22 bricked
354 2601 81 28 round,,
447 2601 46 23 and
503 2602 38 22 the
553 2601 85 24 interior

55 2629 42 22 has
115 2629 57 22 been
192 2629 72 27 newly
284 2629 98 28 papered
400 2629 47 22 and
465 2629 99 28 painted.
596 2629 42 22 The

56 2656 108 23 furniture
179 2656 19 22 is
216 2656 78 28 nearly
308 2663 57 20 new,
382 2655 47 23 and
444 2655 38 22 the
497 2662 75 17 rooms
581 2656 57 22 fitted

56 2683 54 22 with
118 2683 136 22 convenient
262 2686 83 24 grates.

83 2710 78 23 Terms
172 2717 29 14 on
211 2709 137 29 application
355 2713 26 18 -to

315 2736 113 24 William
444 2736 172 25 Fitzherbert.

84 2767 103 29 January
197 2769 35 25 16,
242 2770 63 21 1844.

205 2819 114 22 Wairau
343 2819 152 22 Massacre.

57 2853 190 50 RECEIVED
261 2852 45 23 this
321 2853 44 26 day
374 2852 59 23 from
449 2853 94 26 Nelson,
553 2852 47 23 and
616 2860 22 15 on

136 2879 51 25 Sale
205 2884 25 18 at
248 2879 44 23 this
310 2879 81 28 Office,
400 2887 16 17 a
436 2880 142 28 supplement
595 2886 43 16 con-

54 2907 87 28 taining
149 2914 14 16 a
173 2911 60 19 most
242 2906 104 24 valuable
355 2911 99 19 account
468 2907 26 22 of
505 2906 38 24 the
553 2906 85 24 Wairau

56 2933 122 23 Massacre.

105 2961 97 22 Gazette
233 2961 80 27 Office,
324 2961 104 27 January
438 2963 34 24 23,
485 2962 63 22 1844.

242 3011 92 27 Cheap
348 3011 106 22 Paints.

56 3044 285 52 WNORGROVE,
360 3043 66 24 Plain
440 3045 44 23 and
498 3045 140 24 Ornamental

169 3072 78 23 House
258 3071 46 22 and
308 3072 57 28 Sign
378 3072 97 26 Painter,
484 3072 109 25 Plumber
599 3072 39 23 and

56 3098 90 27 Glazer,
156 3098 112 23 Lambton
279 3098 74 28 Quay,
362 3098 43 23 has
414 3099 37 22 for
459 3100 47 22 sale
514 3108 6 15 :

82 3125 83 23 Read'i
176 3125 56 22 Anti
242 3126 114 22 corrosion
374 3126 37 22 for
428 3126 108 28 shingles,
545 3126 93 23 weather

55 3151 89 28 board*,
164 3152 153 27 Agricultural
336 3152 151 29 implements,
507 3154 49 26 &c,
576 3154 62 23 white

56 3178 44 24 and
117 3179 41 24 red
173 3179 60 26 lead,
251 3180 29 23 oil
295 3180 47 23 and
356 3180 95 27 colours,
459 3181 107 27 .varnish,
582 3181 56 28 glue,

56 3204 97 29 whiting,
161 3206 41 23 &c.
221 3206 127 25 Wholesale
358 3206 46 25 and
411 3207 67 25 retail
486 3212 27 19 at
522 3207 116 25 thejowest

56 3237 80 21 prices.
381 3251 3 4 .

84 3258 92 23 Colours
183 3258 28 22 of
220 3266 66 20 every
296 3260 137 28 description
443 3261 32 22 for
485 3262 91 26 Artiits,
587 3262 41 23 &c.

82 3284 104 28 JTamtary
197 3286 33 26 11,
242 3287 59 22 1844.

56 3334 41 25 To
111 3335 162 23 Gentlemen
286 3339 148 28 intending
447 3341 28 21 to
490 3342 79 21 enter
581 3341 57 22 into

82 3361 47 23 the
154 3362 144 27 profitable
325 3366 109 25 pursuit
463 3366 31 21 of
518 3367 120 27 jGttafcfng

82 3388 57 24 and
154 3389 144 28 Breeding.
311 3391 93 26 Stock,;
425 3392 43 22 for
486 3394 90 22 winch
597 3396 41 21 the

81 3415 91 23 fertile
189 3415 112 22 Islands
320 3417 33 22 of
367 3418 71 22 Hew
454 3420 124 23 Zealand
593 3427 45 17 *e

68 3448 47 21 ,#o
127 3442 153 27 peculiarly
294 3443 126 28 adapted.
433 3464 52 7 ....

57 3468 254 53 THE.undersigned
319 3470 48 30 beg,
371 3474 24 19 to
401 3471 83 25 inform
491 3472 61 25 their
553 3474 85 25 friends

125 3497 46 23 and
187 3495 39 24 the
239 3495 76 35 public
330 3497 122 31 generally,
466 3499 51 23 thai
532 3500 54 29 they
595 3501 43 24 will

55 3526 102 21 contract
174 3523 41 24 for
231 3525 39 21 the
294 3522 100 30 delivery
419 3525 26 22 of
458 3525 45 24 the
522 3527 116 29 -following

55 3549 135 31 description
188 3556 4 10 1
201 3550 28 23 of
234 3549 75 28 Btock,
316 3550 25 23 in
348 3557 45 22 any
403 3551 54 22 Port
463 3553 29 21 of
503 3553 39 23 the
550 3553 88 26 Islands

55 3577 88 24 oflfaw
151 3577 101 26 ZeflMnd
258 3579 40 20 :*
331 3580 91 21 :.'..
508 3596 4 7 ,
535 3599 5 4 .
550 3601 3 3 .

80 3603 98 25 Horned
191 3604 68 23 cattle
275 3603 127 30 (improved
416 3603 89 30 breeds)
519 3606 27 23 of
556 3607 32 23 all
602 3608 36 24 de-

38 3641 4 8 <
55 3631 124 28 lcriptions,

82 3657 90 28 Homes,
190 3657 62 26 from
272 3658 39 23 the
333 3659 52 23 best
403 3656 95 30 English
517 3659 45 22 and
578 3660 60 25 Arab

54 3685 70 27 tudi,
137 3685 97 22 suitable
249 3685 35 23 for
301 3686 87 27 racing,
399 3682 88 31 saddle,
498 3692 26 15 or
534 3685 104 31 harnfeH?

53 3711 46 22 and
102 3711 113 29 weeding
219 3718 84 21 states,
369 3723 12 11 ,
404 3722 6 12 .<
435 3723 4 12 ;
562 3723 3 3 -
626 3726 12 4 -

70 3758 5 2 .
80 3738 65 27 Pure.-
148 3739 76 23 Saxon
231 3739 47 27 $nd
284 3740 94 28 merino,
384 3747 12 15 c
398 3746 51 21 wea,,

80 3763 121 26 Halkbred
216 3763 120 26 Leicester'
342 3763 47 26 and
404 3767 87 24 merino
509 3771 64 22 eiwaa,
588 3775 50 20 par-

53 3792 104 28 ticularly
164 3792 96 27 adapted
272 3792 41 23 for'
317 3792 44 24 this
369 3797 103 23 country,
511 3793 60 28 'they
577 3794 61 23 unite

52 3819 119 26 weightof
174 3824 87 17 carcass
266 3820 58 21 '#ith
330 3820 101 22 fineness
440 3820 98 23 df<wodl.
620 3824 3 9 '

78 3845 49 23 The
150 3845 150 28 undersigned
320 3853 44 15 can
391 3847 169 23 accommodate
586 3855 52 21 pur-

52 3871 89 24 chasers
155 3873 26 22 of
195 3873 57 22 their
261 3873 68 21 Stock
345 3873 62 22 with*
416 3874 115 23 extensive
545 3874 93 28 grazing

50 3906 62 21 runs,
122 3899 77 23 within
210 3896 150 36 l6q)n^lslof
365 3899 44 23 ttiia
419 3899 79 24 Rdirt','.'

174 3951 3 4 .
216 3943 14 10 -
307 3930 39 27 W,
355 3932 26 22 ~B
383 3949 5 10 f
388 3932 6 3 *
402 3932 103 31 Rhoce^
513 3933 44 25 and
572 3934 40 25 Cr

853 679 123 26 Country
999 680 86 23 Land.

675 712 162 49 MESSRS.
853 711 95 28 HORT,
966 712 160 27 MOCATTA,
1141 719 47 15 and
1208 712 48 27 CO.,

766 739 86 27 having
868 738 104 22 received
990 739 144 23 instructions
1152 739 58 21 from
1223 738 33 22 the

674 765 131 28 proprietor,
817 764 45 24 will
872 764 87 29 shortly
966 766 54 22 offer
1030 767 28 26 by
1068 766 79 22 Public
1157 766 99 22 Auction,

674 792 48 22 that
742 792 104 22 valuable
863 792 85 22 section
968 793 24 21 in
1010 792 38 22 the
1067 792 84 22 Karori
1170 792 86 22 marked

675 818 44 22 No.
728 820 28 20 35
767 826 29 14 on
807 819 37 22 the
854 818 114 28 Principal
977 820 131 27 Surveyor's
1128 818 53 24 Plan
1192 818 26 24 of
1225 818 31 23 the

675 846 92 22 district.
797 846 50 22 The
865 845 72 23 whole
957 846 45 22 will
1020 846 28 22 be
1066 844 133 24 subdivided
1216 845 40 23 into

673 872 50 26 lots,
734 872 132 27 particulars
874 872 26 22 of
907 872 82 27 which,
1000 873 52 22 with
1068 873 37 21 the
1120 872 46 28 day
1175 870 26 23 of
1208 872 48 28 sale,

675 898 44 22 will
729 899 28 22 be
765 898 119 23 furnished
893 899 25 21 in
927 906 14 14 a
952 898 73 24 future
1035 899 183 23 advertisement.

702 930 147 28 Wellington,
860 929 102 28 January
972 931 21 26 5,
1004 932 62 22 1844.

677 976 67 49 TO
759 976 67 27 LET,
841 983 13 15 a
864 976 154 23 commodious
1033 977 78 23 House
1128 982 29 15 on
1172 976 33 22 Te
1215 976 41 22 Aro

750 1002 59 28 Flat,
820 1002 54 23 with
882 1004 86 26 garden
977 1004 88 27 ground
1074 1001 113 29 attached,
1194 1002 62 29 lately

675 1030 108 28 occupied
792 1030 31 28 by
834 1030 43 22 Mr.
889 1029 108 24 Wallace:

703 1057 44 22 For
756 1056 138 28 particulars,
906 1057 68 28 apply
983 1061 24 18 at
1017 1058 37 22 the
1066 1058 89 21 Gazette
1161 1056 73 23 office.

703 1083 128 24 December
840 1085 34 25 12,
885 1085 62 21 1843.

730 1128 103 23 Messrs.
858 1128 153 24 HOLROYD
1036 1137 46 16 and
1108 1126 98 29 HART,

839 1163 130 22 Notaries
992 1164 106 25 Public,

763 1202 41 14 TE
833 1202 71 19 ARO,
933 1201 241 17 WELLINGTON.

702 1226 133 28 September
842 1228 21 25 4,
875 1228 61 21 1843.

861 1279 36 22 W.
914 1279 34 23 M.
964 1279 106 28 SMITH,

677 1324 56 16 LATE
744 1324 238 16 SURVEYOR-GENERAL
992 1324 28 16 TO
1032 1324 45 16 TUB
1093 1324 50 17 NSW
1159 1323 97 17 ZEALAND

911 1351 116 20 COMPANY,

702 1382 144 26 Surveyor,
860 1381 212 28 Draughtsman,
1087 1381 55 23 and
1156 1381 77 22 Land

920 1410 101 26 Agent.

675 1444 178 28 Tinakori-road,
865 1444 101 29 January
977 1447 21 26 4,
1009 1447 63 21 1843.

821 1495 35 22 H.
884 1495 234 28 HARDEMAN,

698 1530 94 22 Tailor
806 1531 55 21 and
874 1531 113 26 Draper,
1001 1531 234 26 Lambton-quay.

839 1584 115 29 Superfine
964 1585 73 28 Coats,
1046 1584 58 25 from
1119 1585 35 23 3
1166 1586 16 22 0
1195 1587 14 19 0
1241 1589 5 5 *

675 1616 115 28 Superfine
802 1616 100 23 Doeskin
913 1616 119 27 Trowaers,
1046 1616 58 23 from
1119 1616 62 25 15
1194 1618 15 21 0

701 1656 64 16 MADE
775 1657 29 15 TO
814 1656 107 16 MEASURE
951 1656 43 16 FOR
1001 1657 58 15 CASH
1069 1657 31 15 ON
1110 1656 124 17 DELIVERY.

675 1700 124 27 Country
813 1700 127 22 Sections
960 1703 43 19 for
1022 1701 61 21 Sale
1106 1705 38 16 on
1163 1700 50 21 Lib
1216 1706 40 16 era

917 1728 104 21 Terms.

676 1753 165 50 SEVERAL
873 1754 103 22 Sections
1003 1754 27 22 of
1061 1754 101 28 Country
1190 1753 66 27 Land,

738 1780 93 29 already
840 1780 82 23 chosen
931 1782 25 22 in
966 1782 38 21 the
1018 1781 93 22 Porirua
1125 1780 92 28 district,
1227 1780 29 22 foi

674 1807 57 27 Sale,
743 1815 76 15 terms
829 1815 105 15 liberal.
964 1808 76 28 Apply
1049 1811 22 19 to

769 1839 25 23 F.
809 1840 30 22 A.
853 1840 172 27 Mole3worth,
1041 1839 185 29 Murphy-street,
1237 1846 19 16 or

767 1871 37 22 W.
820 1871 27 22 V.
863 1872 108 27 Brewer,
981 1872 197 22 Manners-street.

898 1924 56 21 For
965 1924 73 23 Sale,

675 1956 91 49 THE
781 1957 145 23 COTTAGE
941 1957 95 23 situated
1047 1957 23 23 in
1086 1957 102 23 Oriental
1205 1957 51 28 Bay,

747 1983 47 21 and
807 1983 69 27 lately
884 1984 110 26 occupied
1007 1984 31 26 by
1047 1984 37 24 the
1101 1984 155 27 undersigned.

672 2008 22 22 A
708 2008 55 27 long
780 2008 61 22 lease
858 2009 26 21 of
900 2008 40 22 the
953 2009 86 21 section
1053 2015 59 22 upon
1131 2010 84 21 which'
1220 2010 36 20 the

673 2032 68 24 house
751 2034 77 22 stands
837 2034 44 22 will
890 2034 28 22 be
927 2034 105 28 granted.

698 2060 69 23 Town
777 2060 57 23 land
842 2060 44 23 will
891 2061 31 23 be
931 2061 69 23 taken
1008 2062 26 22 in
1043 2062 123 28 exchange.

699 2087 44 23 For
751 2088 86 22 further
842 2088 139 28 particulars,
993 2089 67 27 apply
1068 2091 24 20 to

994 2122 97 23 George
1105 2123 91 27 Dcppa,
1211 2131 23 14 cr

995 2149 35 21 W.
1047 2149 27 22 V.
1088 2150 106 23 Brewxr

924 2200 94 22 Seeds.

673 2234 53 48 A
741 2233 87 23 VERY
842 2234 157 23 SUPERIOR
1014 2234 44 23 and
1068 2234 103 23 valuable
1181 2239 75 19 assort-

754 2264 64 19 ment
834 2260 26 23 of
872 2260 62 23 fresh
952 2260 68 23 Seeds
1036 2262 46 26 jttst
1096 2262 112 26 received,
1223 2262 33 22 the

674 2286 48 23 first
738 2288 27 21 of
780 2295 14 14 a
809 2287 88 27 regular
912 2288 88 28 supply,
1010 2294 50 16 now
1075 2295 30 15 on
1121 2288 49 24 aale
1183 2293 26 17 at
1221 2289 35 23 ihe

677 2313 70 23 Office
766 2314 27 22 of
808 2314 44 22 this
871 2314 70 29 Paper
962 2314 29 28 by
1006 2314 38 23 the
1063 2314 159 29 undersigned,
1234 2317 22 23 in

676 2340 121 28 quantities
806 2345 23 18 to
838 2341 43 22 suit
890 2341 133 29 purchasers
1030 2350 6 13 :

702 2374 57 23 Fine
769 2375 54 22 seed
832 2382 57 21 peas,
900 2382 69 15 seven
980 2376 109 26 varieties,

702 2401 45 23 Do.
776 2401 38 23 do.
843 2402 69 22 broad
921 2402 78 28 beans,
1009 2403 62 22 three
1081 2403 114 26 varieties,

703 2428 44 22 Do.
776 2429 37 21 do.
841 2429 65 22 horse
915 2429 79 27 beans,

703 2455 45 23 Do.
776 2455 36 23 do.
840 2455 80 23 scarlet
927 2463 96 15 runners
1032 2456 45 23 and
1088 2456 89 23 French
1181 2457 75 27 'been*,

703 2482 44 22 Do.
776 2483 44 24 do.,
842 2483 74 28 spring
926 2483 80 26 wheat,
1018 2487 65 24 taxes,
1095 2483 46 24 and
1152 2488 56 23 oats,

703 2509 84 23 Round
797 2509 46 22 and
853 2508 84 29 prickly
945 2510 99 27 spinach,

705 2536 64 27 Long
776 2536 82 23 scarlet
867 2537 43 22 and
919 2537 77 28 turnip
1004 2537 83 26 radish,

704 2563 115 28 fthubardj
832 2563 64 22 white
912 2563 48 22 and
974 2563 40 23 red
1031 2564 51 23 beet
1096 2564 47 22 and
1157 2564 99 28 mangold

677 2596 41 16 wm
724 2590 51 28 tzel,

704 2617 126 28 Carraway,
841 2617 46 24 Dill
895 2617 47 23 and
952 2617 93 28 Burnet,
1068 2638 4 5 .

704 2645 44 23 Sea
757 2645 56 26 cale,
824 2651 127 21 asparagus,
962 2649 80 23 carrot,
1051 2645 47 22 and
1109 2646 100 28 parsnip,

703 2671 97 27 English
808 2671 52 22 leek
869 2671 46 23 and
923 2672 76 25 onion,
1011 2672 94 28 Spanish
1119 2672 35 23 do.

705 2697 125 29 Vegetable
844 2705 96 16 marrow
954 2698 45 23 and
1004 2698 58 28 long
1072 2699 90 29 prickly
1173 2706 83 16 cucum-

677 2725 46 26 ber,

705 2752 146 26 Cauliflower,
861 2752 87 27 endive,
957 2752 49 23 *nd
1013 2752 86 29 -celery*

705 2778 120 29 Virginnia
840 2780 99 26 tobacco,
950 2780 156 28 jnigmonette,
1127 2780 46 23 and
1197 2783 59 20 sweet

678 2812 59 21 peas.

705 2831 40 23 All
754 2837 57 19 sorts
821 2833 26 22 of
853 2833 83 27 garden
948 2832 46 23 and
1002 2833 55 24 field
1065 2833 107 29 cabbage,

706 2859 44 22 Do.
856 2860 39 23 do.
978 2860 38 23 do.
1071 2861 83 28 turnip,

705 2885 104 24 AlLaorte
818 2886 26 23 of
849 2886 91 28 lettuce,
947 2886 74 28 *alad,
1032 2887 149 32 andjbrocoli,

704 2912 41 23 All
750 2917 61 18 .sorts
820 2914 26 22 of
850 2913 75 29 lupins
934 2914 47 25 and
988 2914 153 28 nasturtiums,

705 2939 40 22 All
754 2943 57 19 sorts
821 2940 26 22 of
853 2944 68 19 sweet
931 2940 75 27 herbs,

706 2966 51 22 One
765 2965 103 24 hundred
877 2967 78 24 choice
966 2968 88 22 vanities
1067 2968 27 21 of
1105 2967 78 24 flower
1192 2968 64 28 seeds,

705 2994 22 21 A
738 3000 54 20 very
806 2994 101 23 valuable
924 2998 133 19 assortment
1068 2994 30 23 of
1109 2995 62 23 fresh
1187 2995 69 23 choice

677 3027 86 20 grasses
771 3020 192 28 for&entlemehte
973 3022 74 23 lawns
1061 3022 44 23 and
1119 3022 137 28 agricultural

677 3053 113 23 purposes,

704 3073 113 28 Cabbage,
846 3074 91 27 brocoli,
966 3074 106 28 rhubard,
1101 3075 77 27 onion,
1206 3076 50 27 leek,

676 3100 83 24 lettuce
776 3101 82 28 plants,
876 3102 49 26 &c,
946 3109 51 15 now
1016 3102 70 28 ready
1104 3106 24 19 to
1146 3103 29 22 be
1193 3106 63 19 trans-

675 3128 99 28 planted,
785 3128 74 23 raised
867 3128 57 23 from
935 3128 97 29 samples
1042 3130 26 21 of
1076 3129 65 23 these
1150 3129 72 24 seeds.

1089 3163 37 23 W.
1142 3163 93 23 Moody.

702 3189 100 23 October
811 3191 22 26 6,
844 3191 63 21 1843.

837 3241 77 23 Meat
948 3243 150 30 Company.

794 3292 11 9 ..
851 3297 3 3 .
900 3275 135 27 CHEESE,

675 3301 92 50 THE
782 3302 90 23 MEAT
891 3302 157 24 COMPANY
1066 3306 94 30 expects
1179 3302 77 28 shortly

750 3332 23 19 to
782 3329 88 22 receive
878 3330 91 27 regular
973 3329 97 29 supplies
1075 3329 28 23 of
1108 3330 88 23 Cheese
1207 3329 49 22 from

674 3355 39 23 the
720 3356 145 28 Cowpastute
874 3356 47 23 and
929 3356 122 23 Teuwitte
1057 3356 98 24 Dairies.

897 3396 3 3 '
940 3387 42 25 !W,
994 3389 106 27 Fl-tger,
1110 3389 123 28 IMansger.

865 3441 85 22 Fresh
966 3441 104 26 Butter,

673 3473 165 51 ALWAYS
854 3481 28 16 on
896 3474 52 23 Sale
964 3478 25 19 at
1004 3472 45 28 the.
1053 3475 64 25 Meat
1129 3474 127 30 {Company's

728 3506 4 22 ;
753 3501 119 29 premises.
1100 3504 3 6 '
1178 3505 3 14 '
1186 3499 15 12 jl
1207 3523 3 2 .
1213 3504 9 6 v
1218 3512 5 7 -
1254 3523 2 4 ,

664 3541 1 6 '
769 3532 35 9 ''
836 3535 10 29 ;
879 3561 5 3 _
945 3528 38 23 W.
997 3529 104 28 F^rqgit,
1236 3536 3 7 1

837 3579 78 23 Meat
947 3579 151 28 Company.

694 3627 4 7 ,
805 3603 18 34 /.
848 3602 3 6 '
872 3603 16 31 \
905 3603 133 34 butter'
1058 3603 12 32 .'
1159 3632 2 6 ,
1199 3614 12 10 '

673 3636 163 51 AXWASTS.
846 3638 113 28 onMna,
973 3639 47 23 ana
1035 3643 23 19 to
1070 3639 30 23 be
1114 3639 55 28 had,
1180 3639 76 23 whole-

720 3682 13 8 .,
752 3666 46 22 sale
812 3665 48 23 fefiitl
879 3666 73 28 retail,
972 3665 81 23 rft'the
1075 3667 82 21 lowest
1175 3666 81 22 market

661 3690 4 15 ;
672 3692 67 28 price,
754 3699 15 15 a
783 3692 64 22 lawe
856 3693 91 27 'supply
954 3692 36 23 Moff
1002 3692 44 23 he>
1054 3689 131 26 cekibraiell
1200 3694 56 22 Cowr-

673 3720 88 26 pastube
768 3719 176 23 &ndTecwitte
959 3720 71 28 baioy
1040 3720 87 23 Butter.
1173 3730 35 11 .

662 3775 2 8 1
708 3752 21 21 "'"
767 3770 25 12 '
837 3788 2 1 .
863 3770 7 5 -
880 3771 3 18 ::
894 3770 4 5 '
898 3770 1 5 '
910 3774 4 7 '
926 3772 4 17 :
973 3768 7 7 '
1013 3760 76 16 Mr(Ma
1111 3753 123 28 'M<tnager,
1255 3760 2 16 ;

673 3790 71 56 01*^
752 3793 94 31 'SlAliE,
854 3791 86 44 I^Otf*

745 3824 122 23 '"'GaieWe
872 3823 3 15 I
896 3824 195 28 'dffice,^Det4i--
1154 3829 5 12 '
1178 3833 7 10 j
1213 3830 17 13 >

661 3864 3 25 ;
677 3857 207 29 WesgagVeferda,
963 3868 22 13 .y
1000 3861 18 32 y
1031 3859 41 16 '-^
1086 3861 35 23 :
1134 3854 37 21 *ii
1202 3861 40 15 -'

660 3897 4 22 1
677 3906 85 30 IRUST
776 3909 134 27 OPENED,
916 3909 46 23 and
972 3916 30 15 on
1010 3902 135 38 Ssle^the
1155 3902 101 32 OfSo^f

670 3940 26 20 V
732 3934 44 26 this
781 3934 83 31 Taper,
875 3936 38 24 inK
924 3935 77 27 st&ifds
1012 3939 23 19 ot
1044 3934 174 40 yanouV'iizeji^
1227 3960 4 4 .
1242 3953 4 5 .

1394 680 137 21 Seamen's
1545 680 102 22 Friend
1662 682 118 27 Society.

1294 713 51 53 A
1359 713 135 23 SERVICE
1508 714 126 23 conducted
1651 715 30 28 by
1699 716 38 22 the
1757 716 124 24 Ministers,

1372 740 23 22 in
1414 741 136 21 connection
1570 741 53 22 with
1639 741 38 23 the
1696 743 72 23 above
1785 743 95 26 Society,

1282 766 56 29 .tofJU
1355 766 27 23 be
1397 766 54 22 held
1470 774 67 21 every
1555 767 93 28 Sunday
1663 769 119 24 afternoon
1801 769 23 22 in
1842 769 39 23 the

1294 793 81 23 Scotch
1384 793 97 28 Church,
1493 794 111 22 Lambton
1615 795 73 28 Quay.

1321 820 94 22 Seamen
1427 820 45 22 and
1480 828 90 20 persons
1577 822 126 22 connected
1713 823 55 22 with
1776 821 105 28 shipping

1293 853 38 16 are
1341 846 119 30 especially
1470 847 87 22 invited
1568 851 23 19 to
1601 849 86 21 attend.

1321 873 90 23 Service
1421 878 23 16 to
1454 881 131 15 commence
1596 878 22 18 at
1628 874 107 29 half-past
1744 877 13 20 3
1772 882 55 20 p.m.

1318 899 51 24 The
1530 900 45 28 flag
1590 901 45 23 will
1653 903 28 21 be
1700 901 89 25 hoisted
1805 907 24 17 at
1842 901 38 23 the

1294 924 58 25 N.E.
1362 927 64 27 angle
1436 927 26 21 of
1478 927 38 23 the
1531 927 97 28 Church,
1644 928 57 22 from
1715 926 55 26 half'
1781 936 28 14 an
1824 929 68 25 hour,

1293 953 102 31 previous
1406 957 23 19 to
1440 954 38 22 the
1489 959 189 19 commencement
1694 955 23 23 of
1733 957 37 21 the
1787 957 92 26 service,

1293 980 62 23 until
1360 981 28 21 its
1398 980 66 22 close.

1319 1006 101 29 January
1430 1009 34 25 26,
1477 1009 61 21 1844.
1693 1009 4 4 '
1719 1010 3 5 '

1522 1054 41 20 On
1577 1054 71 24 Sale,

1293 1078 93 51 THE
1415 1078 74 22 NEW
1513 1079 152 22 ZEALAND
1693 1080 184 27 PORTFOLIO,

1368 1104 127 23 conducted
1512 1105 29 28 by
1561 1105 31 22 H.
1608 1107 23 21 S.
1650 1107 122 27 Chapman,
1794 1107 36 26 (of
1841 1107 38 22 the

1293 1131 87 23 Middle
1387 1131 111 28 Temple.,)
1509 1133 214 22 Barrister-at-Law.

1291 1178 3 4 .
1319 1159 45 22 No.
1377 1159 19 22 I.
1426 1159 22 21 A
1465 1159 75 22 Letter
1555 1162 22 18 to
1597 1159 38 22 the
1648 1160 73 27 -Right
1739 1161 62 21 Hon.
1820 1160 59 22 Lord

1292 1184 99 29 Stanley,
1410 1186 118 27 Secretary
1547 1186 26 22 of
1589 1187 60 21 State
1669 1187 35 21 for
1722 1187 37 22 the
1781 1187 98 22 Colonial

1293 1211 155 28 Department,
1481 1213 36 21 On
1524 1212 38 22 the
1569 1213 187 22 Administration
1762 1214 27 21 of
1793 1214 85 22 Justice

1293 1239 24 22 in
1327 1239 55 22 New

1319 1265 46 24 No.
1378 1265 63 23 ll.
1441 1266 77 22 Letter
1533 1269 22 19 to
1570 1266 62 22 John
1646 1267 60 22 Abel
1721 1266 80 28 Smith,
1817 1267 59 28 Esq.,

1294 1289 69 31 M.P.,
1395 1293 35 22 On
1442 1293 38 22 the
1487 1293 144 27 Advantages
1637 1294 72 22 which
1716 1293 74 23 would
1800 1301 77 15 accrue

1290 1322 27 19 to
1326 1319 94 28 English
1430 1319 126 28 Capitalists
1564 1320 58 21 from
1634 1321 36 21 the
1681 1320 167 23 establishment
1856 1321 25 22 of

1294 1352 14 17 a
1315 1347 60 21 Loan
1386 1347 103 26 Company
1498 1347 33 22 for
1540 1348 53 20 New
1602 1348 99 26 Zealand,
1712 1348 85 22 similar
1809 1352 23 17 to
1841 1348 36 21 the

1294 1374 127 22 Australian
1430 1373 68 24 Trust

1320 1400 44 23 No.
1376 1401 45 22 111.
1524 1401 98 21 Address
1633 1405 22 18 to
1665 1401 37 22 the
1712 1401 57 22 New
1780 1401 97 22 Zealand

1294 1427 65 24 Land
1369 1428 138 27 Proprietors
1517 1427 96 22 resident
1627 1428 24 21 in
1661 1428 37 22 the
1710 1427 83 23 United
1808 1428 70 27 King-

1294 1453 59 28 dom,
1364 1462 30 14 on
1408 1455 87 22 several
1510 1458 90 18 matters
1610 1455 26 21 of
1642 1455 138 28 importance
1790 1458 22 18 to
1823 1455 56 22 their

1305 1508 59 29 jNo.
1380 1508 42 22 IV.
1480 1508 36 22 On
1535 1507 38 22 the
1593 1508 116 22 Financial
1727 1507 113 24 condition
1856 1508 25 23 of

1294 1531 55 26 Nfcw
1494 1535 28 27 by
1533 1535 91 22 Charles
1633 1536 75 28 Terry,
1721 1536 59 28 Esq.,
1790 1535 87 26 F.R.S.,

1294 1560 80 27 FjS.A.

1319 1589 45 25 No.
1380 1588 28 23 V.
1439 1590 20 22 1.
1512 1589 157 22 Observations
1693 1596 28 15 on
1745 1589 133 26 facilitating

1294 1615 139 27 Emigration
1456 1618 25 20 to
1504 1615 56 22 New
1583 1615 108 28 Zealand,
1710 1616 29 27 by
1759 1623 78 15 means
1856 1616 24 21 of

1293 1642 116 24 Moderate
1430 1642 98 28 Charges
1543 1643 33 22 for
1596 1643 68 22 Chief
1679 1642 43 23 and
1739 1642 138 23 Fore-Cabin

1453 1669 29 23 In
1491 1677 14 14 a
1515 1670 77 21 Letter
1601 1673 22 18 to
1635 1670 82 27 Joseph
1728 1670 85 25 Somes,
1825 1669 52 27 Esq.

1293 1696 40 23 &c.
1343 1696 40 23 &c.
1413 1696 35 28 By
1458 1696 33 23 H.
1501 1696 22 23 S.
1535 1696 123 27 Chapman.

1320 1724 20 21 2.
1381 1723 22 22 A
1413 1724 77 22 Letter
1498 1730 28 15 on
1537 1723 106 27 Banking
1653 1724 23 21 in
1686 1723 56 22 New

1294 1749 34 28 By
1336 1750 87 22 Arthur
1432 1750 26 22 T.
1472 1749 106 28 Holroyd,
1591 1750 53 27 Esq.

1321 1776 43 23 No.
1379 1776 42 23 VI.
1474 1776 160 23 Observations
1648 1784 27 14 on
1686 1776 37 22 the
1735 1776 142 27 Advantages

1294 1804 26 23 of
1330 1811 14 14 a
1361 1803 184 28 Representative
1561 1804 121 27 Assembly
1696 1804 36 21 for
1750 1803 58 23 New
1822 1803 55 22 Zea-

1321 1856 97 25 General
1428 1857 49 24 title
1488 1857 45 22 and
1542 1857 150 22 introduction
1703 1861 23 18 to
1736 1857 38 22 the
1785 1856 79 23 Series.

1482 1891 68 15 PRICE
1568 1892 120 15 SIXPENCE.

1294 1928 89 33 HpiJEiE
1406 1929 81 21 Nelson
1508 1929 117 20 Examiner
1648 1929 42 20 and
1711 1930 53 19 New
1788 1928 91 21 Zealand

1300 1949 27 29 J.
1365 1956 111 23 Chronicle
1491 1955 125 27 (published
1627 1959 24 18 at
1660 1956 101 27 Nelson,)
1777 1954 19 22 is
1815 1963 64 19 regu-

1282 1981 67 25 J*lm
1364 1982 181 25 iraaamitted-to
1561 1981 145 29 Wellington,
1725 1983 46 23 and
1785 1989 52 20 may
1851 1982 38 24 be*.

1273 2012 1 17 :
1287 2007 47 23 Aikd
1342 2015 27 15 *t
1375 2008 151 22 the~ottteeT>f
1532 2008 46 21 this

1282 2036 14 6 ''
1318 2033 48 25 The
1376 2036 78 20 Nelson
1462 2036 116 20 Examiner
1594 2035 45 21 will
1649 2036 27 20 be
1686 2034 73 22 found-
1765 2041 30 15 an
1806 2034 72 23 excel-

1293 2061 47 23 lent
1346 2062 100 22 medium
1456 2062 35 22 for
1501 2061 139 22 advertisers.

1318 2088 78 23 Terms
1406 2088 34 22 for
1449 2088 39 22 the
1497 2095 72 21 paper,
1580 2093 38 17 ten
1627 2088 101 27 shillings
1741 2094 41 22 per
1790 2091 89 24 quarter

1292 2116 93 27 payable
1394 2116 23 22 in
1427 2115 108 23 advance.

1319 2142 82 22 Orders
1423 2142 35 22 for
1477 2142 38 22 the
1536 2149 68 21 paper
1627 2142 46 22 and
1695 2141 184 23 advertisements

1293 2169 101 21 received
1404 2172 23 18 at
1435 2170 39 20 the
1485 2169 70 21 Office
1566 2170 26 20 of
1604 2169 44 21 this
1657 2177 76 18 paper.

1502 2225 169 25 POSTAGE.

1319 2257 35 23 To
1369 2258 163 25 Subscribers,
1549 2264 76 15 other
1641 2258 145 21 Newspaper
1806 2257 71 20 Esta-

1294 2291 152 20 blishments,
1457 2291 48 15 and
1521 2284 158 22 Commanders
1696 2292 28 14 of
1740 2284 108 22 Vessels.

1294 2311 30 23 la
1332 2318 42 16 our
1378 2318 72 22 paper
1460 2311 27 22 of
1498 2310 130 28 September
1642 2312 36 26 30,
1689 2319 33 14 we
1732 2309 99 24 inserted
1841 2310 36 21 the

1294 2338 65 22 latest
1368 2338 139 28 regulations
1516 2338 67 21 about
1592 2338 103 27 Postage.
1724 2338 44 22 For
1778 2337 37 21 the
1826 2344 51 14 con-

1294 2366 105 21 venience
1417 2365 27 22 of
1461 2373 41 14 our
1518 2366 130 21 mercantile
1667 2365 89 26 friends,
1773 2371 32 14 we
1822 2364 54 21 have

1294 2392 87 27 printed
1390 2392 61 22 them
1468 2399 60 20 upon
1544 2399 13 14 a
1573 2391 52 22 half
1635 2392 63 21 sheet
1712 2392 25 21 of
1749 2397 74 27 paper,
1834 2391 42 22 and

1294 2418 52 28 they
1351 2426 43 15 can
1401 2426 52 15 now
1461 2418 30 23 be
1500 2419 157 27 conveniently
1663 2419 77 27 posted
1748 2419 24 22 in
1779 2425 29 14 an
1815 2417 61 22 office

1294 2445 34 23 for
1335 2446 92 26 general
1435 2446 124 22 reference.

1321 2473 41 22 We
1373 2476 83 19 cannot
1466 2472 111 23 ourselves
1587 2472 80 27 gather
1676 2472 57 23 from
1744 2472 38 22 the
1791 2472 85 26 regula-

1295 2499 57 23 tions
1362 2499 37 22 the
1408 2504 93 24 postage
1512 2499 131 27 chargeable
1654 2507 60 21 upon
1731 2499 97 22 colonial
1837 2505 40 21 pa-

1294 2533 48 25 pers
1352 2526 77 28 posted
1445 2530 25 19 at
1486 2526 145 27 Wellington,
1642 2526 40 23 but
1698 2534 32 14 we
1746 2526 58 22 have
1820 2525 56 22 been

1293 2553 112 23 informed
1414 2553 49 23 that
1472 2553 38 22 the
1519 2560 50 15 sum
1580 2553 132 27 chargeable
1721 2554 19 21 is
1750 2559 44 16 one
1803 2559 73 21 penny

1294 2587 38 21 per
1340 2587 74 21 paper.
1443 2580 55 23 This
1508 2580 18 21 is
1535 2587 15 14 a
1559 2579 73 27 heavy
1642 2584 44 22 tax,
1698 2580 45 21 and
1752 2579 83 23 indeed
1844 2587 32 14 we

1294 2612 87 23 suspect
1389 2607 37 22 the
1436 2607 135 27 regulations
1582 2607 45 22 will
1641 2607 28 22 be
1685 2606 68 23 found
1762 2606 115 28 generally

1294 2637 21 19 to
1327 2639 53 18 bear
1389 2635 100 26 severely
1501 2641 60 21 upon
1570 2634 38 22 the
1618 2634 113 22 colonists.

1321 2662 48 21 One
1378 2668 74 22 penny
1469 2661 55 22 each
1540 2661 44 22 will
1599 2665 93 18 amount
1708 2665 22 18 to
1747 2659 62 27 eight
1825 2660 51 23 shil-

1294 2688 56 27 lings
1359 2688 44 23 and
1413 2687 62 28 eight
1482 2695 70 20 pence
1569 2694 39 20 per
1623 2695 84 14 annum
1718 2694 61 21 upon
1790 2693 40 14 our
1837 2694 39 19 pa-

1294 2723 46 20 per.
1367 2716 54 22 This
1430 2723 51 14 sum
1496 2722 31 15 we
1542 2714 57 22 shall
1615 2715 28 21 be
1658 2714 88 28 obliged
1762 2718 24 18 to
1796 2714 79 26 charge

1294 2742 112 28 quarterly
1414 2742 25 23 in
1455 2742 100 22 advance
1569 2742 35 21 for
1612 2749 79 21 papers
1709 2740 93 23 ordered
1816 2744 22 18 to
1848 2741 27 21 be

1294 2772 49 20 sent
1351 2773 38 18 out
1398 2769 25 23 of
1430 2768 38 24 the
1606 2776 94 20 persons
1709 2769 99 21 resident
1816 2768 60 21 here.

1296 2796 62 22 More
1369 2796 52 22 than
1434 2803 47 15 -one
1496 2802 54 22 year
1562 2796 62 22 since
1635 2803 33 14 we
1682 2794 134 23 announced
1830 2794 47 22 that

1295 2830 31 15 we
1334 2824 75 21 -would
1418 2827 40 18 not
1468 2823 78 28 supply
1557 2830 78 21 papers
1653 2827 22 18 to
1689 2822 82 28 parties
1780 2821 97 27 residing

1295 2853 38 19 out
1345 2850 31 22 -of
1387 2850 37 22 the
1439 2850 86 26 colony,
1536 2849 75 23 unless
1628 2850 54 22 such
1697 2848 135 23 subscribers
1841 2855 35 14 ar-

1295 2877 83 27 ranged
1388 2877 34 22 for
1435 2876 44 23 the.
1490 2879 105 25 payment
1608 2876 36 24 for
1658 2876 65 26 them,
1735 2876 95 26 through
1846 2882 29 15 an

1295 2907 65 24 agent
1369 2904 60 22 here.
1458 2904 61 26 Only
1528 2907 41 18 two
1578 2904 88 26 foreign
1675 2903 136 22 subscribers
1820 2902 56 21 have

1296 2931 104 22 attended
1407 2934 24 19 to
1442 2930 44 22 this
1496 2930 79 26 notice,
1588 2930 46 22 and
1644 2930 37 22 the
1695 2930 74 26 heavy
1780 2936 96 20 expence

1295 2958 24 22 of
1330 2961 90 25 postage
1430 2961 23 18 to
1462 2957 73 22 which
1545 2965 31 14 we
1593 2957 58 22 shall
1659 2957 27 22 be
1696 2957 93 27 subject,
1802 2956 74 21 makes

1294 2985 18 21 it
1320 2985 125 27 absolutely
1454 2991 118 20 necessary
1581 2984 36 22 for
1627 2991 26 15 us
1661 2991 48 14 now
1724 2987 23 18 to
1762 2989 64 25 carry
1836 2989 40 15 our

1294 3012 73 22 notice
1376 3012 52 24 into.
1431 3012 72 22 effect.
1524 3011 35 24 In.
1562 3011 73 22 future
1642 3010 91 28 English
1740 3009 135 23 subscribers

1296 3038 47 22 who
1360 3038 56 22 have
1432 3041 40 19 not
1486 3032 52 34 paid
1549 3038 57 22 their
1622 3037 159 28 subscriptions
1799 3036 23 21 in
1839 3043 36 16 ac-

1295 3065 107 23 cordance
1427 3066 54 22 with
1504 3072 39 14 our
1561 3065 81 26 notice,
1663 3064 45 22 and
1729 3064 52 22 who
1805 3062 70 23 desire

1295 3095 20 19 to
1340 3092 62 22 'have
1425 3099 43 15 our
1493 3093 84 20 Gazette
1600 3095 61 18 must
1688 3090 66 28 apply
1783 3092 23 18 to
1837 3097 39 14 our

1296 3119 93 23 London
1412 3120 84 26 Agent,
1521 3119 44 22 Mr.
1590 3118 95 27 Bowler.,
1712 3121 25 18 at
1759 3116 39 23 the
1821 3116 54 22 New

1295 3146 99 23 Zealand
1409 3146 135 27 Company's
1561 3145 78 25 Office,
1652 3144 100 27 London,
1769 3147 23 18 to
1802 3143 72 22 whom

1295 3180 31 16 we
1341 3173 58 22 have
1413 3173 60 22 been
1480 3172 137 27 forwarding
1633 3172 35 21 for
1682 3179 60 14 some
1757 3170 54 23 time
1827 3173 49 25 past

1294 3200 44 22 and
1346 3203 23 19 to
1378 3200 72 22 whom
1458 3206 33 16 we
1502 3199 57 21 shall
1573 3198 104 22 continue
1688 3201 22 18 to
1721 3196 95 23 forward
1827 3197 48 27 fifty

1293 3227 74 26 copies
1384 3227 25 22 of
1425 3226 43 22 the
1489 3227 93 20 Gazette.
1616 3225 52 23 The
1686 3225 53 27 only
1756 3223 119 23 difference

1294 3253 44 23 win
1346 3253 29 23 be
1380 3253 55 27 .this,
1444 3253 52 23 that
1504 3253 124 23 heretofore
1638 3259 33 15 we
1682 3252 61 22 have
1755 3254 51 19 sent
1815 3250 59 23 them

1294 3280 94 28 through
1399 3280 38 23 the
1447 3283 56 25 post,
1514 3280 45 22 and
1573 3286 51 16 now
1635 3286 33 16 we
1684 3281 58 19 must
1750 3277 56 23 send
1815 3276 60 24 them

1294 3307 28 26 by
1330 3309 84 28 private
1425 3307 148 30 opportunity,
1582 3314 24 14 as
1615 3307 19 21 it
1642 3313 52 23 may
1702 3306 60 26 offer,
1771 3304 27 22 of
1804 3304 71 23 which

1294 3334 37 22 the
1341 3333 92 28 Postage
1444 3334 146 28 Regulations
1599 3333 82 27 permit
1688 3340 6 20 ;
1705 3332 52 27 they
1767 3330 46 23 will
1823 3338 52 15 con-

1293 3361 116 30 sequently
1417 3365 41 19 not
1464 3361 32 22 Toe
1506 3358 104 25 obtained
1620 3366 24 16 so
1652 3359 135 28 frequently.

1317 3391 36 19 As
1361 3395 32 15 we
1402 3387 124 23 shalMrave
1534 3391 24 19 to
1563 3395 47 21 -pay
1618 3391 92 24 postage
1719 3393 30 14 on
1759 3384 31 23 all
1794 3389 82 23 'papers

1293 3422 32 15 we
1336 3415 60 23 send
1410 3418 25 19 to
1450 3422 25 16 or
1489 3415 86 22 receive
1589 3414 59 22 from
1668 3413 39 23 the
1721 3411 106 27 colonies,
1843 3419 33 15 w,e

1293 3445 60 19 must
1361 3441 88 24 decline
1459 3441 38 23 the
1507 3445 92 24 greater,
1608 3443 52 26 part
1672 3440 26 22 of
1709 3447 41 14 our
1759 3438 116 28 exchange

1293 3476 84 21 papers,
1387 3476 32 16 as,
1422 3468 38 24 the
1470 3473 40 18 tax
1519 3468 74 23 would
1600 3467 41 25 fall
1651 3474 53 21 very
1710 3465 100 27 severely
1816 3472 58 21 upon

1294 3501 39 17 our
1348 3495 64 23 small
1430 3495 175 23 establishment.
1642 3494 73 22 Those
1735 3493 50 22 who
1804 3499 70 20 cease,

1293 3522 57 22 after
1359 3522 43 23 this
1411 3526 22 20 to
1442 3523 87 22 receive
1538 3529 41 15 our
1583 3528 77 21 paper,
1667 3520 43 22 will
1719 3520 76 27 please
1799 3518 77 23 'there-

1293 3549 46 22 fore
1347 3549 224 23 tounderstandour
1577 3556 81 15 reason
1668 3554 25 16 as
1701 3554 50 15 now
1759 3546 76 28 given.

1318 3580 43 23 Wie
1371 3582 61 23 ihave
1446 3581 58 22 been
1520 3581 25 22 in
1559 3581 42 22 :the
1618 3580 64 23 habit
1695 3579 26 22 of
1738 3577 78 29 giving
1835 3584 41 16 our

1291 3614 68 22 paper
1371 3612 24 19 to
1413 3608 38 23 the
1465 3612 94 23 master?
1575 3608 26 21 of
1606 3628 3 5 ,
1612 3607 30 22 all
1658 3606 59 28 ships
1731 3605 24 22 in
1770 3604 104 22 harbour.

1291 3634 54 25 This
1355 3635 40 24 has
1399 3635 70 25 -been,
1472 3643 18 14 a-
1494 3634 90 23 heavier
1599 3638 40 19 tax
1655 3633 54 22 than
1723 3638 69 20 many
1802 3631 72 24 would

1293 3669 101 21 suppose,
1404 3658 45 27 aiifl
1458 3662 39 21 the
1507 3664 38 19 tax
1554 3661 40 22 has
1602 3662 59 21 been
1678 3660 37 21 the
1724 3665 62 16 more
1799 3657 42 23 felt
1851 3665 24 15 as

1293 3688 35 23 the
1338 3693 93 18 masters
1448 3688 26 23 of
1477 3696 5 6 j
1483 3688 62 28 sbips
1561 3688 57 22 have
1634 3687 77 31 rarely
1714 3685 126 23 forwarded
1849 3692 26 14 us

1291 3716 205 28 papers.'iareturn,
1502 3722 30 15 .or
1540 3714 100 23 afforded
1654 3721 26 15 us
1691 3711 145 24 information
1852 3711 25 23 of

1292 3749 44 21 any
1344 3742 159 28 description.;,
1514 3739 100 30 -Tp'auch,
1622 3739 155 24 commanders
1787 3745 24 15 as
1820 3738 54 23 send

1291 3776 26 15 us
1322 3776 90 21 .papers,
1422 3777 26 14 or
1456 3768 82 25 render
1553 3775 25 15 us
1589 3767 79 24 -useful
1682 3767 149 24 information,
1841 3772 33 14 we

1291 3789 178 35 *halll>e'happy
1478 3795 46 23 still
1531 3796 23 21 to
1563 3795 51 31 give
1624 3793 39 23 the
1668 3794 92 21 Vazette
1767 3800 6 19 ;
1789 3791 40 22 but
1837 3790 36 22 the

1291 3821 73 29 heavy
1374 3829 96 22 expense
1477 3823 28 21 of
1509 3826 91 24 postage
1604 3825 24 18 to
1635 3820 74 23 which
1713 3826 36 16 *we
1758 3817 58 24 shall
1825 3824 49 16 now

1291 3850 28 22 be
1328 3849 105 28 exposed,
1444 3849 77 22 makes
1528 3849 19 22 it
1555 3855 118 20 necessary
1678 3860 3 9 ,
1682 3847 34 21 for
1724 3854 26 14 us
1755 3856 4 13 i
1761 3850 23 17 to
1794 3850 80 16 econor
1886 3864 1 2 .

1291 3871 148 31 miseiall:thjj
1453 3883 78 15 means
1540 3875 28 25 ,in
1575 3881 48 15 .our
1634 3891 3 8 ,
1637 3880 80 21 power.
1746 3871 43 23 We
1803 3871 72 21 there-

1273 3922 2 11 ,
1291 3903 47 22 fore
1353 3909 117 18 announce
1482 3902 53 24 tthat
1548 3899 169 26 henceforward
1731 3899 45 23 this
1790 3899 84 21 custom

1273 3942 2 8 .
1510 3927 19 26 7

1939 685 41 21 To
1995 686 44 20 the
2054 687 175 23 Inhabitants
2245 691 30 21 of
2287 692 179 30 Wellington.

1912 719 51 47 A
1978 719 75 22 CASE
2072 720 26 21 of
2114 725 100 19 extreme
2231 722 107 31 hardship
2355 726 84 29 having
2457 736 38 16 oc-

1991 747 78 21 curred
2084 751 23 18 to
2124 749 101 21 Salvador
2236 752 90 27 Cemeno,
2338 752 37 23 the
2389 762 73 15 owner
2472 757 26 22 of

1911 772 38 21 the
1969 772 55 22 little
2042 774 110 23 schooner
2168 778 78 26 Fidele,
2265 779 29 27 by
2310 779 69 28 being
2397 783 98 24 unfairly

1912 799 105 26 deprived
2032 800 26 21 of
2070 801 38 22 the
2124 802 63 23 Prize
2203 812 50 14 won
2265 805 29 28 by
2303 805 46 23 him
2363 808 24 20 in
2398 809 38 21 the
2450 810 45 23 late

1912 828 102 24 Kegatta,
2025 828 45 21 and
2081 828 83 29 having
2178 831 62 22 since
2256 833 113 23 entrusted
2378 835 36 22 his
2424 837 71 22 vssel

1912 856 22 17 to
1950 855 86 18 another
2055 861 85 20 person,
2157 856 37 23 the
2213 858 64 22 cable
2295 859 69 23 broke
2383 869 55 15 near
2455 864 38 22 the

1912 884 105 18 entrance
2036 883 25 19 of
2078 882 37 21 the
2129 882 103 29 harbour,
2250 886 43 20 and
2311 887 34 21 his
2360 889 71 22 vessel
2447 897 44 15 was

1912 906 78 28 nearly
2009 908 116 27 destroyed
2143 910 30 28 by
2193 911 37 22 the
2249 913 54 25 surf.
2331 915 162 29 Subscriptions

1911 936 46 19 will
1967 936 27 19 be
2003 936 102 21 received
2117 939 22 18 at
2149 936 37 23 the
2195 939 86 21 Aurora
2293 941 79 21 Tavern
2384 946 24 18 to
2422 944 73 27 repajr

1911 960 35 22 his
1955 961 71 22 vessel
2036 961 20 21 if
2063 963 70 21 worth
2144 966 119 27 repairing,
2273 974 24 14 or
2307 968 107 26 purchase
2420 977 14 15 a
2443 971 53 21 boat

1903 989 31 19 'to
1950 988 91 26 provide
2056 995 14 14 a
2089 994 58 17 most
2165 992 136 24 industrious
2319 1002 51 15 man
2385 996 53 22 with
2456 997 37 22 the

1911 1021 79 16 means
2000 1016 25 21 of
2033 1017 131 23 subsistence.

1939 1047 112 30 February
2061 1051 21 25 2,
2094 1052 60 21 1844.

2136 1104 54 21 For
2203 1105 68 22 Sale.

1911 1133 50 47 A
1991 1133 145 23 COTTAGE
2159 1135 128 29 pleasantly
2310 1140 99 22 situated
2434 1142 23 21 in
2482 1150 14 14 a

1931 1185 5 5 #
1990 1160 112 22 sheltered
2121 1165 49 23 spot
2189 1169 29 15 on
2237 1164 136 28 Wellington
2391 1168 96 22 Terrace

1910 1186 79 21 within
1998 1193 42 15 one
2049 1187 98 22 minutes
2159 1188 56 22 walk
2226 1190 27 21 of
2264 1191 38 22 the
2314 1193 78 27 beach,
2404 1195 68 26 being
2482 1204 15 14 a

1910 1216 58 17 most
1979 1213 107 22 desirable
2097 1214 86 27 private
2193 1217 123 23 residence.
2352 1221 46 22 For
2408 1221 87 24 further

1909 1239 138 28 particulars,
2058 1241 68 27 apply
2136 1245 22 18 to

1938 1282 44 23 v\
2058 1296 14 9 o
2094 1296 49 9 ,c,
2222 1270 47 23 Mr.
2283 1272 96 24 Robert
2390 1275 73 23 Park.

1937 1293 112 27 February
2058 1296 21 24 2,
2093 1296 59 21 1844.

1908 1339 186 48 WANTED,
2119 1348 13 14 a
2151 1342 69 24 Cook.
2257 1343 45 23 For
2319 1345 87 24 further
2423 1350 68 24 pani-

2005 1367 78 27 culars,
2096 1368 66 27 apply
2170 1373 24 17 to

2178 1395 37 23 W.
2229 1396 34 22 M.
2279 1398 82 29 Smith,

1921 1430 4 4 '
2249 1431 104 25 Tinakori
2363 1435 100 28 Cottage.

1936 1453 101 28 January
2047 1455 33 26 16,
2091 1456 61 22 1844.

2004 1506 82 21 Flour
2093 1508 6 20 !
2128 1508 83 22 Flour
2220 1510 6 20 1
2237 1510 6 21 1
2271 1512 83 21 Flour
2361 1512 7 22 !
2375 1513 6 21 !
2390 1514 6 20 !

1910 1540 202 48 MASHER
2126 1543 52 26 begs
2195 1547 21 17 to
2234 1544 82 23 inform
2328 1546 36 22 the
2381 1548 74 26 public
2469 1550 27 21 of

2020 1567 143 28 Wellington,
2175 1569 47 24 that
2232 1571 30 22 he
2271 1571 39 23 has
2320 1574 123 26 purchased
2453 1576 38 23 the

1909 1594 125 27 remaining
2044 1602 67 19 cargo
2123 1596 24 21 of
2154 1597 61 26 flour,
2227 1605 29 14 ex
2265 1600 61 25 Lady
2335 1601 74 27 Leigh,
2421 1602 71 23 which

1909 1621 58 21 flour
1976 1621 39 21 has
2025 1621 56 22 been
2093 1622 174 29 acknowledged
2279 1626 28 27 by
2318 1634 65 20 every
2392 1635 42 16 one
2445 1630 49 22 that

1908 1648 42 20 has
1968 1648 54 22 used
2036 1649 17 21 it
2069 1652 22 18 to
2107 1649 27 21 be
2150 1650 37 22 the
2204 1652 49 21 best
2263 1653 23 21 in
2297 1653 38 22 the
2345 1655 91 27 Colony,
2449 1657 46 22 and

1910 1674 33 22 M.
1955 1675 29 21 A.
1996 1682 50 14 now
2055 1676 66 22 offers
2129 1678 41 21 200
2180 1678 53 27 bags
2243 1682 24 18 at
2276 1680 46 23 15
2333 1688 39 20 per
2382 1686 46 18 ton.

2051 1703 58 21 N.B.
2139 1704 134 24 Warranted
2283 1712 73 20 sweet,

1936 1733 99 27 January
2045 1736 34 24 30,
2091 1736 61 21 1844.

1910 1782 186 49 DROPPED,
2109 1791 27 14 on
2154 1784 99 23 Sabbath
2269 1786 48 27 last,
2335 1788 99 23 between
2449 1790 45 22 Mr.

1993 1810 101 26 Strang's
2104 1827 3 6 ,
2115 1810 72 22 house
2209 1813 47 21 and
2279 1813 45 22 Mr.
2344 1815 147 29 M'Gregor's,

1909 1836 156 27 watchmaker,
2086 1844 14 14 a
2119 1837 64 22 small
2200 1839 53 31 gold
2268 1841 71 21 watch
2353 1841 74 28 chain,
2440 1844 52 21 with

1909 1863 100 28 seal-key
2028 1864 111 27 attached,
2161 1864 84 29 having
2261 1874 23 14 as
2300 1875 14 14 a
2327 1872 57 18 crest
2394 1877 14 14 a
2423 1869 70 23 demi-

1908 1896 89 20 savage.
2009 1891 39 21 &c.
2078 1891 51 27 Any
2140 1899 78 20 person
2230 1895 115 27 returning
2354 1896 38 21 the
2401 1903 60 16 same
2469 1901 22 18 to

1911 1917 44 21 Mr.
1967 1917 128 28 M'Gregor.
2109 1918 43 22 will
2161 1919 29 22 be
2199 1921 122 22 rewarded.

1935 1948 102 28 January
2046 1950 35 26 30
2093 1952 60 21 1844.

1897 2017 5 6 v
1924 2021 5 3 .
1939 2014 13 6 -
1997 2002 56 20 ~Tto
2071 2004 96 20 'Covay
2193 2004 58 21 this
2277 2006 112 26 Season-,
2404 2015 7 3 -
2448 2013 7 7 '

2112 2035 31 20 At
2156 2036 134 26 Wellington,

1911 2067 91 48 THE
2053 2065 278 26 THOROUGHBRED
2387 2070 104 26 HORSE

2114 2096 224 26 WANDERER,

1909 2121 38 21 the
1957 2124 103 25 property
2071 2121 26 22 of
2104 2122 85 23 Robert
2198 2122 105 25 Jenkins.

1936 2153 123 22 Wanderer
2069 2161 45 14 was
2123 2157 38 23 got
2170 2154 29 26 by
2209 2154 84 28 Young
2303 2156 129 28 Wanderer,
2440 2157 57 25 bred-

1910 2187 28 19 ay
1957 2180 59 22 Lord
2034 2180 130 28 Egremont,
2184 2182 45 21 and
2248 2182 108 27 imported
2376 2184 47 22 into
2443 2185 51 22 Van

1909 2207 109 22 Diemens
2045 2207 66 22 Land
2129 2208 31 27 by
2181 2208 68 22 Thos.
2274 2209 85 28 Henty,
2386 2211 60 28 Esq.,
2456 2216 40 23 got

1909 2234 29 27 by
1949 2234 45 23 Old
2004 2234 121 22 Wanderer
2134 2239 39 17 out
2183 2235 25 21 of
2220 2236 89 27 Ogress.

1936 2261 61 23 Dam
2012 2260 129 28 Thalestris,
2154 2262 30 28 by
2201 2262 118 28 Octavius,
2336 2264 93 27 Orville,
2444 2266 49 27 &c,

1908 2289 42 21 &c.

1936 2316 60 21 Dam
2006 2323 13 13 a
2032 2314 68 22 blood
2116 2323 60 15 mare
2193 2316 29 27 by
2234 2317 67 23 Peter
2317 2317 66 28 Finn,
2394 2322 40 19 out
2443 2319 25 22 of
2481 2326 14 14 a

1907 2342 68 22 blood
1985 2349 60 15 mare
2054 2342 31 27 by
2096 2342 105 23 Bollivar.

1935 2369 100 23 Bollivar
2051 2376 45 15 was
2105 2370 111 27 imported
2232 2371 31 26 hy
2273 2371 37 23 the
2322 2372 49 22 Van
2387 2372 106 23 Diemens

1909 2397 65 21 Land
1994 2397 122 26 Company,
2136 2397 46 21 and
2200 2397 18 22 is
2238 2399 37 21 the
2295 2399 41 21 sire
2355 2399 26 21 of
2402 2399 90 23 Donald

1908 2424 74 26 Caird,
2000 2423 50 21 Yon
2067 2423 92 28 Trump,
2175 2425 43 21 and
2229 2425 65 22 other
2310 2425 101 28 winning.
2418 2426 75 22 hores

1908 2458 28 14 on
1948 2450 37 22 the
1997 2450 50 22 Van
2058 2450 108 22 Diemens
2176 2451 65 22 Land
2252 2453 51 21 turf.

1935 2477 48 23 The
1993 2477 124 28 proprietor
2126 2477 75 23 deems
2218 2479 18 21 it
2244 2486 148 21 unnecessary
2402 2484 24 18 to
2440 2480 55 23 offer

1907 2509 122 22 comment,
2040 2511 24 15 as
2078 2504 82 28 judges
2169 2505 27 22 of
2208 2505 78 23 horses
2300 2505 44 26 will
2357 2511 24 18 at
2396 2514 55 15 once
2466 2507 29 21 be

1907 2532 125 22 convinced
2051 2531 50 22 that
2119 2531 35 23 his
2172 2531 76 27 blood,
2269 2533 62 26 bone,
2348 2533 46 23 and
2411 2534 82 29 beauty

1907 2559 92 22 reaches
2008 2566 79 14 nearer
2096 2559 123 26 perfection
2230 2559 54 23 than
2295 2560 47 22 that
2349 2560 26 22 of
2380 2568 42 20 any
2431 2561 62 22 other

1906 2586 67 22 horse
1982 2587 24 21 in
2017 2585 41 22 this
2070 2585 94 28 Colony.

1934 2613 86 26 Terms,
2030 2620 15 14 a
2053 2613 71 26 single
2134 2620 61 14 mare
2205 2613 36 24 4
2259 2615 32 20 4s.
2294 2630 6 10 f
2310 2613 95 28 payable
2415 2622 28 14 on
2454 2615 37 22 the

1908 2641 33 20 Ist
1952 2640 122 27 February,
2088 2641 59 21 1844.

1935 2672 128 22 November
2074 2674 34 24 10,
2120 2674 60 20 1843.

2121 2718 162 23 Almanack.

1909 2751 74 50 AN
2004 2751 179 23 ALMANACK
2202 2752 35 22 for
2254 2752 136 28 Wellington
2408 2753 19 22 is
2445 2760 50 15 now

1980 2778 129 28 publishing
2119 2784 22 17 at
2151 2779 43 22 this
2204 2779 80 23 Office.

2138 2820 76 19 price,
2230 2814 31 20 Is.

1960 2846 93 22 Gazette
2088 2846 76 25 Office,
2176 2846 127 23 December
2312 2848 19 24 7,
2345 2848 59 22 1843.

1909 2898 73 49 ON
1998 2899 78 23 SALE
2091 2902 24 19 at
2133 2900 38 21 the
2190 2899 72 22 Office
2282 2901 22 20 of
2323 2901 43 21 this
2383 2907 111 21 paper:-

1989 2926 60 26 Keys
2059 2927 25 21 of
2093 2927 37 21 the
2139 2926 68 23 Town
2219 2927 26 20 of
2252 2927 55 22 New
2318 2927 125 27 Plymouth,

1936 2952 67 23 Plans
2014 2953 24 22 of
2047 2954 99 26 Country
2157 2954 65 23 Land
2232 2954 71 22 round
2317 2954 174 27 Wellington,^

1907 2986 59 20 case,

1934 3006 70 23 Plans
2014 3006 25 22 of
2046 3006 92 27 Nelson,
2150 3008 23 21 in
2184 3014 58 20 case,

1935 3034 80 27 Copies
2030 3033 26 22 of
2068 3034 40 22 the
2125 3034 55 22 New
2199 3034 101 23 Zealand
2314 3034 100 26 Journal,
2432 3036 58 24 1842,

1895 3065 2 21 |
1907 3063 117 24 complete,
2034 3060 85 27 bound,

1935 3088 134 27 Chapman's
2079 3088 115 26 Portfolio,
2204 3088 86 27 bound,

1935 3114 74 22 Prints
2015 3115 25 23 of
2045 3114 92 27 Nelson,

1935 3141 74 22 Prints
2019 3142 26 21 of
2048 3141 142 27 Wellington,

1935 3168 67 22 Plans
2012 3168 25 21 of
2043 3168 84 22 Nelson
2138 3169 24 21 in
2171 3168 85 27 Sheets,

1935 3194 68 23 Plans
2013 3194 25 22 of
2044 3196 100 27 Country
2155 3196 63 21 Land
2229 3199 24 18 at
2266 3195 142 28 Wellington,

1934 3222 68 22 Plans
2011 3221 25 23 of
2043 3222 38 22 the
2091 3222 68 22 Town
2169 3222 27 22 of
2201 3223 58 22 New
2270 3222 124 29 Plymouth.

1933 3249 130 29 September
2074 3250 33 26 19,
2119 3250 61 21 1843.

2076 3300 78 21 Meat
2175 3300 148 26 Company.

1907 3332 93 50 THE
2020 3333 236 27 UNDERSIGNED,
2275 3333 82 28 having
2377 3333 55 23 been
2452 3341 39 23 ap-

1981 3360 90 28 pointed
2087 3361 109 26 Manager
2204 3360 27 23 of
2244 3360 39 22 the
2295 3360 62 23 Meat
2367 3361 122 27 Company,

1905 3386 56 27 begs
1970 3391 24 19 to
2003 3394 118 16 announce
2129 3387 49 25 that
2192 3394 13 15 a
2215 3386 174 31 regulajr>aupply
2397 3387 26 22 of
2432 3387 63 26 beef,'

1905 3417 97 25 mutton,
2018 3414 48 22 rand
2082 3414 58 31 pork
2156 3421 51 21 may
2227 3409 82 32 always
2325 3413 29 24 he
2373 3413 119 30 depended

1906 3448 62 20 upon
1979 3446 23 18 at
2012 3441 42 23 this
2063 3441 175 22 establishment.
2481 3457 5 10 ,

1933 3469 35 21 As
1991 3468 43 23 this
2056 3469 116 30 Company
2190 3474 108 26 purposes
2316 3467 83 27 selling,
2411 3471 24 20 at
2452 3466 38 24 the

1905 3495 78 23 lowest
1992 3496 70 28 prices
2072 3497 31 20 at'
2110 3494 72 23 which
2190 3499 18 17 it
2222 3494 20 22 is
2250 3493 71 23 found
2330 3494 36 22 the
2376 3497 60 19 meat
2448 3501 42 17 can

1905 3523 28 21 be
1944 3523 106 26 afforded,
2061 3522 39 22 the
2109 3521 150 27 undersigned
2267 3521 18 23 is
2298 3521 52 28 only
2359 3521 129 23 authorized

1905 3553 24 19 to
1939 3550 51 27 give
1996 3556 52 20 very
2053 3548 87 22 limited
2150 3549 76 25 credit,
2234 3547 45 22 and
2286 3547 39 22 has
2331 3547 54 23 been
2395 3547 95 23 ordered

1905 3580 24 18 to
1945 3580 49 24 stop
2008 3576 29 22 all
2051 3578 105 20 accounts
2170 3574 74 24 which,
2257 3580 37 16 are
2309 3577 40 19 not
2361 3573 55 28 paid
2429 3581 60 22 upon

1905 3603 104 23 demand.

1933 3630 48 22 The
1990 3629 100 25 business
2100 3627 26 23 of
2133 3627 36 23 the
2180 3627 115 28 Company
2303 3627 20 22 is
2331 3627 86 24 carried
2426 3634 28 16 on
2460 3628 28 24 in

1905 3657 60 22 their
1978 3662 49 16 new
2036 3655 114 26 ..building,
2161 3654 89 22 erected
2262 3655 104 25 '.between
2385 3654 104 22 France's

1905 3683 70 22 Hotel
1991 3682 45 22 nd
2055 3681 38 22 the
2113 3681 56 22 head
2185 3681 28 21 of
2226 3680 39 23 the
2281 3681 54 28 Bay,,
2352 3680 45 23 and
2413 3680 77 29 nearly

1904 3709 100 28 opposite
2104 3707 82 28 Lyon's
2196 3708 71 22 Store.
2352 3706 1 5 '
2411 3714 6 5 '
2449 3721 11 6 -

2177 3741 36 22 W.
2228 3741 102 27 Flyoer,
2345 3741 117 28 Manager,

1929 3769 133 22 November
2071 3768 107 30 23,1842.
2342 3765 3 3 '
2381 3804 2 1 _
2408 3765 2 5 '
2422 3773 36 23 V

1904 3812 129 28 T>LAjNS
2046 3819 2 9 '
2053 3812 29 22 .of
2097 3811 43 23 (the
2163 3812 69 22 Town
2239 3810 43 24 -;of
2295 3810 177 25 Wguuniatox.'
2479 3824 4 6 >

1903 3836 32 26 JL
1979 3839 57 23 Plan
2055 3838 27 24 of
2088 3838 39 22 the
2133 3838 111 22 -Harbour
2253 3838 26 21 of
2288 3837 66 23 jPort;
2357 3837 142 24 (Nicholson.

1906 3886 176 27 /CHARTER
2091 3887 139 29 PARTIES,
2230 3887 37 24 for
2276 3886 45 25 sale
2331 3891 65 19 attne
2407 3887 85 26 GaxtjU

1905 3915 45 27 \S
1965 3915 76 23 Office.
