<?xml version="1.0" encoding="UTF-8"?>
<alto xmlns:xsi="http://www.w3.org/2001/XMLSchema-instance" xsi:noNamespaceSchemaLocation="//docstorage2/impdata1/docWORKS_KBNL/schema/alto-1-2.xsd" xmlns:xlink="http://www.w3.org/TR/xlink">
	<Description>
		<MeasurementUnit>mm10</MeasurementUnit>
		<sourceImageInformation>
			<fileName>//docstorage2/impdata3/IN/NZ_7/LTCBG/1885/LTCBG_18851107/PM_01/0001.tif</fileName>
		</sourceImageInformation>
		<OCRProcessing ID="OCRPROCESSING_1">
			<preProcessingStep>
				<processingSoftware>
					<softwareCreator>CCS Content Conversion Specialists GmbH, Germany</softwareCreator>
					<softwareName>CCS docWORKS</softwareName>
					<softwareVersion>6.6-1.8</softwareVersion>
				</processingSoftware>
			</preProcessingStep>
			<ocrProcessingStep>
				<processingSoftware>
					<softwareCreator>ABBYY (BIT Software), Russia</softwareCreator>
					<softwareName>NA</softwareName>
				</processingSoftware>
			</ocrProcessingStep>
		</OCRProcessing>
		<OCRProcessing ID="OCRPROCESSING_2">
			<preProcessingStep>
				<processingSoftware>
					<softwareCreator>CCS Content Conversion Specialists GmbH, Germany</softwareCreator>
					<softwareName>CCS docWORKS</softwareName>
					<softwareVersion>6.6-1.8</softwareVersion>
				</processingSoftware>
			</preProcessingStep>
			<ocrProcessingStep>
				<processingSoftware>
					<softwareCreator>ABBYY (BIT Software), Russia</softwareCreator>
					<softwareName>FineReader</softwareName>
					<softwareVersion>10.0</softwareVersion>
				</processingSoftware>
			</ocrProcessingStep>
		</OCRProcessing>
	</Description>
	<Styles>
		<TextStyle ID="TXT_0" FONTSIZE="7" FONTFAMILY="Times New Roman"/>
		<TextStyle ID="TXT_1" FONTSIZE="30" FONTFAMILY="Times New Roman"/>
		<TextStyle ID="TXT_2" FONTSIZE="10" FONTFAMILY="Times New Roman"/>
		<ParagraphStyle ID="PAR_LEFT" ALIGN="Left"/>
		<ParagraphStyle ID="PAR_RIGHT" ALIGN="Right"/>
	</Styles>
	<Layout>
		<Page ID="P1" PHYSICAL_IMG_NR="1" HEIGHT="6170" WIDTH="3420" ACCURACY="98.92" PC="0.794">
			<TopMargin ID="P1_TM00001" HPOS="0" VPOS="0" WIDTH="3420" HEIGHT="88"/>
			<LeftMargin ID="P1_LM00001" HPOS="0" VPOS="88" WIDTH="99" HEIGHT="5904"/>
			<RightMargin ID="P1_RM00001" HPOS="3279" VPOS="88" WIDTH="141" HEIGHT="5904"/>
			<BottomMargin ID="P1_BM00001" HPOS="0" VPOS="5992" WIDTH="3420" HEIGHT="178"/>
			<PrintSpace ID="P1_PS00001" HPOS="99" VPOS="88" WIDTH="3180" HEIGHT="5904">
				<TextBlock ID="P1_TB00001" HPOS="168" VPOS="88" WIDTH="3083" HEIGHT="480" STYLEREFS="TXT_0 PAR_LEFT">
					<TextLine ID="P1_TL00001" HPOS="168" VPOS="470" WIDTH="3083" HEIGHT="86" CS="1">
						<String ID="P1_ST00001" HPOS="168" VPOS="470" WIDTH="1285" HEIGHT="86" CONTENT="LYELL" WC="0.96" CC="00000" STYLEREFS="TXT_1"/>
						<SP ID="P1_SP00001" HPOS="1453" VPOS="556" WIDTH="257"/>
						<String ID="P1_ST00002" HPOS="1710" VPOS="470" WIDTH="1541" HEIGHT="86" CONTENT="TIMES." WC="1.00" CC="000000" STYLEREFS="TXT_1"/>
					</TextLine>
					<TextLine ID="P1_TL00002" HPOS="168" VPOS="556" WIDTH="3083" HEIGHT="12">
						<String ID="P1_ST00003" HPOS="168" VPOS="556" WIDTH="343" HEIGHT="12" CONTENT="AND" WC="1.00" CC="000"/>
						<SP ID="P1_SP00002" HPOS="511" VPOS="568" WIDTH="114"/>
						<String ID="P1_ST00004" HPOS="625" VPOS="556" WIDTH="799" HEIGHT="12" CONTENT="CENTRAL" WC="1.00" CC="0000000"/>
						<SP ID="P1_SP00003" HPOS="1424" VPOS="568" WIDTH="114"/>
						<String ID="P1_ST00005" HPOS="1538" VPOS="556" WIDTH="685" HEIGHT="12" CONTENT="BULLER" WC="1.00" CC="000000"/>
						<SP ID="P1_SP00004" HPOS="2223" VPOS="568" WIDTH="114"/>
						<String ID="P1_ST00006" HPOS="2337" VPOS="556" WIDTH="914" HEIGHT="12" CONTENT="GAZETTE." WC="1.00" CC="00000000"/>
					</TextLine>
				</TextBlock>
				<TextBlock ID="P1_TB00002" HPOS="203" VPOS="712" WIDTH="499" HEIGHT="62" STYLEREFS="TXT_2 PAR_LEFT">
					<TextLine ID="P1_TL00003" HPOS="204" VPOS="712" WIDTH="498" HEIGHT="60">
						<String ID="P1_ST00007" HPOS="204" VPOS="713" WIDTH="109" HEIGHT="45" CONTENT="Vol." WC="0.96" CC="5750"/>
						<SP ID="P1_SP00005" HPOS="313" VPOS="758" WIDTH="27"/>
						<String ID="P1_ST00008" HPOS="340" VPOS="712" WIDTH="208" HEIGHT="47" CONTENT="V.—No." WC="0.80" CC="008300"/>
						<SP ID="P1_SP00006" HPOS="548" VPOS="759" WIDTH="29"/>
						<String ID="P1_ST00009" HPOS="577" VPOS="715" WIDTH="125" HEIGHT="57" CONTENT="247.]" WC="0.33" CC="96735"/>
					</TextLine>
				</TextBlock>
				<TextBlock ID="P1_TB00003" HPOS="1082" VPOS="719" WIDTH="1393" HEIGHT="77" STYLEREFS="TXT_2 PAR_RIGHT">
					<TextLine ID="P1_TL00004" HPOS="1084" VPOS="719" WIDTH="1391" HEIGHT="76">
						<String ID="P1_ST00010" HPOS="1084" VPOS="719" WIDTH="219" HEIGHT="47" CONTENT="LYELL" WC="0.74" CC="30405"/>
						<SP ID="P1_SP00007" HPOS="1303" VPOS="766" WIDTH="82"/>
						<String ID="P1_ST00011" HPOS="1385" VPOS="723" WIDTH="363" HEIGHT="51" CONTENT="SATURDAY," WC="0.98" CC="564360651"/>
						<SP ID="P1_SP00008" HPOS="1748" VPOS="774" WIDTH="69"/>
						<String ID="P1_ST00012" HPOS="1817" VPOS="727" WIDTH="372" HEIGHT="49" CONTENT="NOVEMBER" WC="0.99" CC="40551002"/>
						<SP ID="P1_SP00009" HPOS="2189" VPOS="776" WIDTH="64"/>
						<String ID="P1_ST00013" HPOS="2253" VPOS="747" WIDTH="38" HEIGHT="46" CONTENT="7," WC="0.93" CC="10"/>
						<SP ID="P1_SP00010" HPOS="2291" VPOS="793" WIDTH="72"/>
						<String ID="P1_ST00014" HPOS="2363" VPOS="737" WIDTH="112" HEIGHT="58" CONTENT="1885" WC="0.26" CC="8776"/>
					</TextLine>
				</TextBlock>
				<TextBlock ID="P1_TB00004" HPOS="2922" VPOS="741" WIDTH="287" HEIGHT="58" STYLEREFS="TXT_2 PAR_RIGHT">
					<TextLine ID="P1_TL00005" HPOS="2924" VPOS="741" WIDTH="285" HEIGHT="57">
						<String ID="P1_ST00015" HPOS="2924" VPOS="741" WIDTH="181" HEIGHT="57" CONTENT="(Pkici" WC="0.39" CC="848508"/>
						<SP ID="P1_SP00011" HPOS="3105" VPOS="798" WIDTH="33"/>
						<String ID="P1_ST00016" HPOS="3138" VPOS="746" WIDTH="71" HEIGHT="47" CONTENT="6d." WC="0.60" CC="371"/>
					</TextLine>
				</TextBlock>
				<ComposedBlock ID="P1_CB00001" HPOS="99" VPOS="884" WIDTH="800" HEIGHT="5068" TYPE="Advertisement">
					<TextBlock ID="P1_TB00005" HPOS="99" VPOS="884" WIDTH="800" HEIGHT="5068" STYLEREFS="TXT_2 PAR_LEFT">
						<TextLine ID="P1_TL00006" HPOS="269" VPOS="884" WIDTH="506" HEIGHT="47">
							<String ID="P1_ST00017" HPOS="269" VPOS="884" WIDTH="208" HEIGHT="38" CONTENT="JAMES" WC="0.96" CC="54777"/>
							<SP ID="P1_SP00012" HPOS="477" VPOS="922" WIDTH="49"/>
							<String ID="P1_ST00018" HPOS="526" VPOS="884" WIDTH="249" HEIGHT="47" CONTENT="INGLIS," WC="0.37" CC="7686580"/>
						</TextLine>
						<TextLine ID="P1_TL00007" HPOS="148" VPOS="993" WIDTH="750" HEIGHT="41">
							<String ID="P1_ST00019" HPOS="148" VPOS="993" WIDTH="370" HEIGHT="41" CONTENT="OHARBBROKMK" WC="0.27" CC="78088886878"/>
							<SP ID="P1_SP00013" HPOS="518" VPOS="1034" WIDTH="38"/>
							<String ID="P1_ST00020" HPOS="556" VPOS="996" WIDTH="23" HEIGHT="29" CONTENT="&amp;" WC="0.57" CC="4"/>
							<SP ID="P1_SP00014" HPOS="579" VPOS="1034" WIDTH="37"/>
							<String ID="P1_ST00021" HPOS="616" VPOS="993" WIDTH="282" HEIGHT="35" CONTENT="COMMISSION" WC="0.99" CC="7466612007"/>
						</TextLine>
						<TextLine ID="P1_TL00008" HPOS="400" VPOS="1111" WIDTH="245" HEIGHT="42">
							<String ID="P1_ST00022" HPOS="400" VPOS="1113" WIDTH="28" HEIGHT="33" CONTENT="A" WC="0.31" CC="6"/>
							<SP ID="P1_SP00015" HPOS="428" VPOS="1146" WIDTH="23"/>
							<String ID="P1_ST00023" HPOS="451" VPOS="1113" WIDTH="28" HEIGHT="34" CONTENT="G" WC="0.25" CC="7"/>
							<SP ID="P1_SP00016" HPOS="479" VPOS="1147" WIDTH="22"/>
							<String ID="P1_ST00024" HPOS="501" VPOS="1111" WIDTH="28" HEIGHT="34" CONTENT="E" WC="0.27" CC="7"/>
							<SP ID="P1_SP00017" HPOS="529" VPOS="1147" WIDTH="26"/>
							<String ID="P1_ST00025" HPOS="555" VPOS="1111" WIDTH="28" HEIGHT="34" CONTENT="N" WC="0.32" CC="6"/>
							<SP ID="P1_SP00018" HPOS="583" VPOS="1147" WIDTH="25"/>
							<String ID="P1_ST00026" HPOS="608" VPOS="1111" WIDTH="37" HEIGHT="42" CONTENT="T," WC="0.76" CC="40"/>
						</TextLine>
						<TextLine ID="P1_TL00009" HPOS="234" VPOS="1217" WIDTH="581" HEIGHT="41">
							<String ID="P1_ST00027" HPOS="234" VPOS="1218" WIDTH="138" HEIGHT="37" CONTENT="CLIJF" WC="0.23" CC="88588"/>
							<SP ID="P1_SP00019" HPOS="372" VPOS="1255" WIDTH="44"/>
							<String ID="P1_ST00028" HPOS="416" VPOS="1218" WIDTH="50" HEIGHT="34" CONTENT="ST" WC="0.26" CC="77"/>
							<SP ID="P1_SP00020" HPOS="466" VPOS="1255" WIDTH="15"/>
							<String ID="P1_ST00029" HPOS="481" VPOS="1226" WIDTH="122" HEIGHT="32" CONTENT="reit," WC="0.46" CC="77740"/>
							<SP ID="P1_SP00021" HPOS="603" VPOS="1258" WIDTH="46"/>
							<String ID="P1_ST00030" HPOS="649" VPOS="1217" WIDTH="166" HEIGHT="34" CONTENT="LTILL." WC="0.47" CC="277770"/>
						</TextLine>
						<TextLine ID="P1_TL00010" HPOS="247" VPOS="1327" WIDTH="543" HEIGHT="47">
							<String ID="P1_ST00031" HPOS="247" VPOS="1329" WIDTH="93" HEIGHT="39" CONTENT="MR." WC="0.96" CC="550"/>
							<SP ID="P1_SP00022" HPOS="340" VPOS="1368" WIDTH="22"/>
							<String ID="P1_ST00032" HPOS="362" VPOS="1329" WIDTH="33" HEIGHT="38" CONTENT="J." WC="0.90" CC="20"/>
							<SP ID="P1_SP00023" HPOS="395" VPOS="1368" WIDTH="23"/>
							<String ID="P1_ST00033" HPOS="418" VPOS="1329" WIDTH="33" HEIGHT="38" CONTENT="J." WC="0.66" CC="60"/>
							<SP ID="P1_SP00024" HPOS="451" VPOS="1368" WIDTH="23"/>
							<String ID="P1_ST00034" HPOS="474" VPOS="1327" WIDTH="316" HEIGHT="47" CONTENT="MOYNIHAN," WC="0.35" CC="776748950"/>
						</TextLine>
						<TextLine ID="P1_TL00011" HPOS="141" VPOS="1405" WIDTH="755" HEIGHT="75">
							<String ID="P1_ST00035" HPOS="141" VPOS="1406" WIDTH="300" HEIGHT="38" CONTENT="BARRISTER" WC="0.98" CC="819817379"/>
							<SP ID="P1_SP00025" HPOS="441" VPOS="1444" WIDTH="35"/>
							<String ID="P1_ST00036" HPOS="476" VPOS="1406" WIDTH="94" HEIGHT="34" CONTENT="AND" WC="0.93" CC="819"/>
							<SP ID="P1_SP00026" HPOS="570" VPOS="1444" WIDTH="48"/>
							<String ID="P1_ST00037" HPOS="618" VPOS="1405" WIDTH="278" HEIGHT="75" CONTENT="gOLICITOR." WC="0.65" CC="7652018300"/>
						</TextLine>
						<TextLine ID="P1_TL00012" HPOS="136" VPOS="1527" WIDTH="763" HEIGHT="47">
							<String ID="P1_ST00038" HPOS="136" VPOS="1531" WIDTH="258" HEIGHT="36" CONTENT="Commissioner" WC="0.98" CC="878936706778"/>
							<SP ID="P1_SP00027" HPOS="394" VPOS="1567" WIDTH="25"/>
							<String ID="P1_ST00039" HPOS="419" VPOS="1529" WIDTH="35" HEIGHT="36" CONTENT="of" WC="0.64" CC="24"/>
							<SP ID="P1_SP00028" HPOS="454" VPOS="1567" WIDTH="20"/>
							<String ID="P1_ST00040" HPOS="474" VPOS="1529" WIDTH="54" HEIGHT="35" CONTENT="the" WC="0.92" CC="388"/>
							<SP ID="P1_SP00029" HPOS="528" VPOS="1567" WIDTH="27"/>
							<String ID="P1_ST00041" HPOS="555" VPOS="1529" WIDTH="157" HEIGHT="45" CONTENT="Supreme" WC="0.97" CC="5897076"/>
							<SP ID="P1_SP00030" HPOS="712" VPOS="1574" WIDTH="26"/>
							<String ID="P1_ST00042" HPOS="738" VPOS="1529" WIDTH="100" HEIGHT="33" CONTENT="Court" WC="0.97" CC="01855"/>
							<SP ID="P1_SP00031" HPOS="838" VPOS="1574" WIDTH="25"/>
							<String ID="P1_ST00043" HPOS="863" VPOS="1527" WIDTH="36" HEIGHT="35" CONTENT="of" WC="0.53" CC="36"/>
						</TextLine>
						<TextLine ID="P1_TL00013" HPOS="438" VPOS="1609" WIDTH="156" HEIGHT="35">
							<String ID="P1_ST00044" HPOS="438" VPOS="1609" WIDTH="156" HEIGHT="35" CONTENT="Victoria." WC="0.99" CC="737350500"/>
						</TextLine>
						<TextLine ID="P1_TL00014" HPOS="197" VPOS="1680" WIDTH="636" HEIGHT="46">
							<String ID="P1_ST00045" HPOS="197" VPOS="1683" WIDTH="122" HEIGHT="37" CONTENT="Office:" WC="0.97" CC="4677676"/>
							<SP ID="P1_SP00032" HPOS="319" VPOS="1720" WIDTH="24"/>
							<String ID="P1_ST00046" HPOS="343" VPOS="1683" WIDTH="207" HEIGHT="36" CONTENT="Palmerston" WC="0.52" CC="7300867804"/>
							<SP ID="P1_SP00033" HPOS="550" VPOS="1720" WIDTH="24"/>
							<String ID="P1_ST00047" HPOS="574" VPOS="1680" WIDTH="61" HEIGHT="42" CONTENT="St.," WC="0.98" CC="2302"/>
							<SP ID="P1_SP00034" HPOS="635" VPOS="1722" WIDTH="18"/>
							<String ID="P1_ST00048" HPOS="653" VPOS="1680" WIDTH="180" HEIGHT="46" CONTENT="Westport." WC="0.67" CC="712500900"/>
						</TextLine>
						<TextLine ID="P1_TL00015" HPOS="134" VPOS="1758" WIDTH="759" HEIGHT="51">
							<String ID="P1_ST00049" HPOS="134" VPOS="1764" WIDTH="94" HEIGHT="45" CONTENT="Ljr«U" WC="0.27" CC="85858"/>
							<SP ID="P1_SP00035" HPOS="228" VPOS="1809" WIDTH="23"/>
							<String ID="P1_ST00050" HPOS="251" VPOS="1764" WIDTH="118" HEIGHT="35" CONTENT="Courts" WC="0.98" CC="065617"/>
							<SP ID="P1_SP00036" HPOS="369" VPOS="1809" WIDTH="16"/>
							<String ID="P1_ST00051" HPOS="385" VPOS="1762" WIDTH="152" HEIGHT="34" CONTENT="attended" WC="0.97" CC="64177828"/>
							<SP ID="P1_SP00037" HPOS="537" VPOS="1809" WIDTH="18"/>
							<String ID="P1_ST00052" HPOS="555" VPOS="1760" WIDTH="95" HEIGHT="35" CONTENT="when" WC="0.95" CC="0768"/>
							<SP ID="P1_SP00038" HPOS="650" VPOS="1809" WIDTH="24"/>
							<String ID="P1_ST00053" HPOS="674" VPOS="1772" WIDTH="34" HEIGHT="21" CONTENT="so" WC="0.40" CC="65"/>
							<SP ID="P1_SP00039" HPOS="708" VPOS="1809" WIDTH="22"/>
							<String ID="P1_ST00054" HPOS="730" VPOS="1758" WIDTH="163" HEIGHT="44" CONTENT="required." WC="0.98" CC="701715470"/>
						</TextLine>
						<TextLine ID="P1_TL00016" HPOS="249" VPOS="1865" WIDTH="532" HEIGHT="49">
							<String ID="P1_ST00055" HPOS="249" VPOS="1868" WIDTH="53" HEIGHT="42" CONTENT="J." WC="0.67" CC="60"/>
							<SP ID="P1_SP00040" HPOS="302" VPOS="1910" WIDTH="65"/>
							<String ID="P1_ST00056" HPOS="367" VPOS="1868" WIDTH="33" HEIGHT="40" CONTENT="T" WC="0.31" CC="6"/>
							<SP ID="P1_SP00041" HPOS="400" VPOS="1910" WIDTH="21"/>
							<String ID="P1_ST00057" HPOS="421" VPOS="1898" WIDTH="8" HEIGHT="10" CONTENT="." WC="1.00" CC="0"/>
							<SP ID="P1_SP00042" HPOS="429" VPOS="1910" WIDTH="69"/>
							<String ID="P1_ST00058" HPOS="498" VPOS="1865" WIDTH="283" HEIGHT="49" CONTENT="CLARK," WC="0.98" CC="066606"/>
						</TextLine>
						<TextLine ID="P1_TL00017" HPOS="140" VPOS="1960" WIDTH="754" HEIGHT="49">
							<String ID="P1_ST00059" HPOS="140" VPOS="1960" WIDTH="754" HEIGHT="49" CONTENT="QIAIEBKOKIR," WC="0.25" CC="759888878880"/>
						</TextLine>
						<TextLine ID="P1_TL00018" HPOS="246" VPOS="2083" WIDTH="546" HEIGHT="38">
							<String ID="P1_ST00060" HPOS="246" VPOS="2087" WIDTH="173" HEIGHT="34" CONTENT="MIMING" WC="0.97" CC="525364"/>
							<SP ID="P1_SP00043" HPOS="419" VPOS="2121" WIDTH="32"/>
							<String ID="P1_ST00061" HPOS="451" VPOS="2086" WIDTH="92" HEIGHT="31" CONTENT="AND" WC="0.92" CC="964"/>
							<SP ID="P1_SP00044" HPOS="543" VPOS="2121" WIDTH="33"/>
							<String ID="P1_ST00062" HPOS="576" VPOS="2083" WIDTH="216" HEIGHT="32" CONTENT="GENERAL" WC="0.97" CC="3777296"/>
						</TextLine>
						<TextLine ID="P1_TL00019" HPOS="132" VPOS="2185" WIDTH="759" HEIGHT="43">
							<String ID="P1_ST00063" HPOS="132" VPOS="2188" WIDTH="469" HEIGHT="40" CONTENT="COMMISSION" WC="0.98" CC="6878081079"/>
							<SP ID="P1_SP00045" HPOS="601" VPOS="2228" WIDTH="58"/>
							<String ID="P1_ST00064" HPOS="659" VPOS="2185" WIDTH="232" HEIGHT="39" CONTENT="AGENT," WC="0.98" CC="757500"/>
						</TextLine>
						<TextLine ID="P1_TL00020" HPOS="367" VPOS="2286" WIDTH="287" HEIGHT="42">
							<String ID="P1_ST00065" HPOS="367" VPOS="2286" WIDTH="287" HEIGHT="42" CONTENT="LTILL." WC="0.43" CC="378562"/>
						</TextLine>
						<TextLine ID="P1_TL00021" HPOS="223" VPOS="2388" WIDTH="574" HEIGHT="57">
							<String ID="P1_ST00066" HPOS="223" VPOS="2395" WIDTH="60" HEIGHT="49" CONTENT="G." WC="0.61" CC="70"/>
							<SP ID="P1_SP00046" HPOS="283" VPOS="2444" WIDTH="58"/>
							<String ID="P1_ST00067" HPOS="341" VPOS="2393" WIDTH="54" HEIGHT="48" CONTENT="C." WC="0.89" CC="02"/>
							<SP ID="P1_SP00047" HPOS="395" VPOS="2444" WIDTH="54"/>
							<String ID="P1_ST00068" HPOS="449" VPOS="2388" WIDTH="348" HEIGHT="57" CONTENT="BOWMAN," WC="0.98" CC="6055654"/>
						</TextLine>
						<TextLine ID="P1_TL00022" HPOS="151" VPOS="2486" WIDTH="739" HEIGHT="81">
							<String ID="P1_ST00069" HPOS="151" VPOS="2498" WIDTH="29" HEIGHT="32" CONTENT="A" WC="0.15" CC="8"/>
							<SP ID="P1_SP00048" HPOS="180" VPOS="2530" WIDTH="23"/>
							<String ID="P1_ST00070" HPOS="203" VPOS="2493" WIDTH="277" HEIGHT="40" CONTENT="UCTIONSIR," WC="0.39" CC="4741498882"/>
							<SP ID="P1_SP00049" HPOS="480" VPOS="2533" WIDTH="25"/>
							<String ID="P1_ST00071" HPOS="505" VPOS="2486" WIDTH="385" HEIGHT="81" CONTENT="gHAREBROKKR," WC="0.44" CC="770077837880"/>
						</TextLine>
						<TextLine ID="P1_TL00023" HPOS="317" VPOS="2606" WIDTH="386" HEIGHT="37">
							<String ID="P1_ST00072" HPOS="317" VPOS="2608" WIDTH="135" HEIGHT="35" CONTENT="Minin#" WC="0.46" CC="019497"/>
							<SP ID="P1_SP00050" HPOS="452" VPOS="2643" WIDTH="22"/>
							<String ID="P1_ST00073" HPOS="474" VPOS="2616" WIDTH="66" HEIGHT="25" CONTENT="and" WC="0.92" CC="777"/>
							<SP ID="P1_SP00051" HPOS="540" VPOS="2643" WIDTH="24"/>
							<String ID="P1_ST00074" HPOS="564" VPOS="2606" WIDTH="139" HEIGHT="33" CONTENT="Genual" WC="0.96" CC="676877"/>
						</TextLine>
						<TextLine ID="P1_TL00024" HPOS="148" VPOS="2676" WIDTH="719" HEIGHT="47">
							<String ID="P1_ST00075" HPOS="148" VPOS="2681" WIDTH="406" HEIGHT="42" CONTENT="COMMISSION" WC="0.98" CC="7778078139"/>
							<SP ID="P1_SP00052" HPOS="554" VPOS="2723" WIDTH="80"/>
							<String ID="P1_ST00076" HPOS="634" VPOS="2676" WIDTH="233" HEIGHT="41" CONTENT="AGENT," WC="0.98" CC="057701"/>
						</TextLine>
						<TextLine ID="P1_TL00025" HPOS="293" VPOS="2752" WIDTH="429" HEIGHT="45">
							<String ID="P1_ST00077" HPOS="293" VPOS="2757" WIDTH="203" HEIGHT="40" CONTENT="Broadway," WC="0.98" CC="687088980"/>
							<SP ID="P1_SP00053" HPOS="496" VPOS="2797" WIDTH="55"/>
							<String ID="P1_ST00078" HPOS="551" VPOS="2752" WIDTH="171" HEIGHT="36" CONTENT="Kkftis." WC="0.31" CC="7677774"/>
						</TextLine>
						<TextLine ID="P1_TL00026" HPOS="272" VPOS="2862" WIDTH="478" HEIGHT="52">
							<String ID="P1_ST00079" HPOS="272" VPOS="2864" WIDTH="223" HEIGHT="50" CONTENT="REEVES" WC="0.98" CC="602640"/>
							<SP ID="P1_SP00054" HPOS="495" VPOS="2914" WIDTH="32"/>
							<String ID="P1_ST00080" HPOS="527" VPOS="2863" WIDTH="118" HEIGHT="46" CONTENT="AND" WC="0.94" CC="475"/>
							<SP ID="P1_SP00055" HPOS="645" VPOS="2914" WIDTH="28"/>
							<String ID="P1_ST00081" HPOS="673" VPOS="2862" WIDTH="77" HEIGHT="45" CONTENT="CO." WC="0.97" CC="123"/>
						</TextLine>
						<TextLine ID="P1_TL00027" HPOS="124" VPOS="2957" WIDTH="762" HEIGHT="81">
							<String ID="P1_ST00082" HPOS="124" VPOS="2962" WIDTH="457" HEIGHT="76" CONTENT="Auctioneers," WC="0.99" CC="717035656943"/>
							<SP ID="P1_SP00056" HPOS="581" VPOS="3038" WIDTH="37"/>
							<String ID="P1_ST00083" HPOS="618" VPOS="2958" WIDTH="140" HEIGHT="37" CONTENT="stock" WC="0.96" CC="75365"/>
							<SP ID="P1_SP00057" HPOS="758" VPOS="3038" WIDTH="37"/>
							<String ID="P1_ST00084" HPOS="795" VPOS="2957" WIDTH="91" HEIGHT="34" CONTENT="and" WC="0.94" CC="078"/>
						</TextLine>
						<TextLine ID="P1_TL00028" HPOS="245" VPOS="3016" WIDTH="643" HEIGHT="45">
							<String ID="P1_ST00085" HPOS="245" VPOS="3022" WIDTH="281" HEIGHT="39" CONTENT="COMMISSION" WC="1.00" CC="0100035400"/>
							<SP ID="P1_SP00058" HPOS="526" VPOS="3061" WIDTH="44"/>
							<String ID="P1_ST00086" HPOS="570" VPOS="3019" WIDTH="178" HEIGHT="34" CONTENT="AGENTS" WC="0.96" CC="970695"/>
							<SP ID="P1_SP00059" HPOS="748" VPOS="3061" WIDTH="42"/>
							<String ID="P1_ST00087" HPOS="790" VPOS="3016" WIDTH="98" HEIGHT="34" CONTENT="AND" WC="0.92" CC="299"/>
						</TextLine>
						<TextLine ID="P1_TL00029" HPOS="325" VPOS="3083" WIDTH="375" HEIGHT="39">
							<String ID="P1_ST00088" HPOS="325" VPOS="3083" WIDTH="375" HEIGHT="39" CONTENT="SHAREBROKERS," WC="0.45" CC="7707477066780"/>
						</TextLine>
						<TextLine ID="P1_TL00030" HPOS="175" VPOS="3157" WIDTH="667" HEIGHT="59">
							<String ID="P1_ST00089" HPOS="175" VPOS="3166" WIDTH="191" HEIGHT="47" CONTENT="Bridge" WC="0.98" CC="650600"/>
							<SP ID="P1_SP00060" HPOS="366" VPOS="3213" WIDTH="31"/>
							<String ID="P1_ST00090" HPOS="397" VPOS="3161" WIDTH="198" HEIGHT="55" CONTENT="Street," WC="0.98" CC="0644432"/>
							<SP ID="P1_SP00061" HPOS="595" VPOS="3216" WIDTH="37"/>
							<String ID="P1_ST00091" HPOS="632" VPOS="3157" WIDTH="210" HEIGHT="46" CONTENT="Nelson." WC="0.99" CC="3160050"/>
						</TextLine>
						<TextLine ID="P1_TL00031" HPOS="173" VPOS="3298" WIDTH="670" HEIGHT="49">
							<String ID="P1_ST00092" HPOS="173" VPOS="3307" WIDTH="111" HEIGHT="37" CONTENT="Loans" WC="0.96" CC="65375"/>
							<SP ID="P1_SP00062" HPOS="284" VPOS="3344" WIDTH="14"/>
							<String ID="P1_ST00093" HPOS="298" VPOS="3304" WIDTH="203" HEIGHT="43" CONTENT="Negotiated." WC="0.99" CC="90704591600"/>
							<SP ID="P1_SP00063" HPOS="501" VPOS="3347" WIDTH="27"/>
							<String ID="P1_ST00094" HPOS="528" VPOS="3301" WIDTH="193" HEIGHT="36" CONTENT="Valuations" WC="0.98" CC="6507925556"/>
							<SP ID="P1_SP00064" HPOS="721" VPOS="3347" WIDTH="17"/>
							<String ID="P1_ST00095" HPOS="738" VPOS="3298" WIDTH="105" HEIGHT="35" CONTENT="made." WC="0.96" CC="89900"/>
						</TextLine>
						<TextLine ID="P1_TL00032" HPOS="169" VPOS="3423" WIDTH="712" HEIGHT="47">
							<String ID="P1_ST00096" HPOS="169" VPOS="3433" WIDTH="143" HEIGHT="37" CONTENT="Auction" WC="0.97" CC="7771577"/>
							<SP ID="P1_SP00065" HPOS="312" VPOS="3470" WIDTH="15"/>
							<String ID="P1_ST00097" HPOS="327" VPOS="3431" WIDTH="92" HEIGHT="35" CONTENT="Sales" WC="0.97" CC="69005"/>
							<SP ID="P1_SP00066" HPOS="419" VPOS="3470" WIDTH="15"/>
							<String ID="P1_ST00098" HPOS="434" VPOS="3427" WIDTH="205" HEIGHT="35" CONTENT="undertaken" WC="0.98" CC="6304599408"/>
							<SP ID="P1_SP00067" HPOS="639" VPOS="3470" WIDTH="14"/>
							<String ID="P1_ST00099" HPOS="653" VPOS="3425" WIDTH="35" HEIGHT="35" CONTENT="in" WC="0.41" CC="56"/>
							<SP ID="P1_SP00068" HPOS="688" VPOS="3470" WIDTH="13"/>
							<String ID="P1_ST00100" HPOS="701" VPOS="3425" WIDTH="101" HEIGHT="33" CONTENT="Town" WC="0.95" CC="0797"/>
							<SP ID="P1_SP00069" HPOS="802" VPOS="3470" WIDTH="17"/>
							<String ID="P1_ST00101" HPOS="819" VPOS="3423" WIDTH="62" HEIGHT="34" CONTENT="and" WC="0.96" CC="190"/>
						</TextLine>
						<TextLine ID="P1_TL00033" HPOS="428" VPOS="3491" WIDTH="159" HEIGHT="43">
							<String ID="P1_ST00102" HPOS="428" VPOS="3491" WIDTH="159" HEIGHT="43" CONTENT="Country." WC="0.98" CC="61650760"/>
						</TextLine>
						<TextLine ID="P1_TL00034" HPOS="178" VPOS="3598" WIDTH="649" HEIGHT="48">
							<String ID="P1_ST00103" HPOS="178" VPOS="3602" WIDTH="292" HEIGHT="44" CONTENT="JOHNSTOM" WC="0.35" CC="60858778"/>
							<SP ID="P1_SP00070" HPOS="470" VPOS="3646" WIDTH="37"/>
							<String ID="P1_ST00104" HPOS="507" VPOS="3601" WIDTH="31" HEIGHT="36" CONTENT="Sc" WC="0.17" CC="69"/>
							<SP ID="P1_SP00071" HPOS="538" VPOS="3646" WIDTH="33"/>
							<String ID="P1_ST00105" HPOS="571" VPOS="3598" WIDTH="256" HEIGHT="38" CONTENT="WATKINS" WC="0.57" CC="6550227"/>
						</TextLine>
						<TextLine ID="P1_TL00035" HPOS="387" VPOS="3690" WIDTH="241" HEIGHT="36">
							<String ID="P1_ST00106" HPOS="387" VPOS="3691" WIDTH="126" HEIGHT="35" CONTENT="CIVIL" WC="0.97" CC="75703"/>
							<SP ID="P1_SP00072" HPOS="513" VPOS="3726" WIDTH="22"/>
							<String ID="P1_ST00107" HPOS="535" VPOS="3690" WIDTH="93" HEIGHT="34" CONTENT="AND" WC="0.94" CC="097"/>
						</TextLine>
						<TextLine ID="P1_TL00036" HPOS="124" VPOS="3789" WIDTH="92" HEIGHT="75">
							<String ID="P1_ST00108" HPOS="124" VPOS="3789" WIDTH="92" HEIGHT="75" CONTENT="M" WC="0.79" CC="2"/>
						</TextLine>
						<TextLine ID="P1_TL00037" HPOS="230" VPOS="3786" WIDTH="171" HEIGHT="37">
							<String ID="P1_ST00109" HPOS="230" VPOS="3786" WIDTH="171" HEIGHT="37" CONTENT="IKING" WC="0.96" CC="27177"/>
						</TextLine>
						<TextLine ID="P1_TL00038" HPOS="526" VPOS="3780" WIDTH="358" HEIGHT="43">
							<String ID="P1_ST00110" HPOS="526" VPOS="3784" WIDTH="26" HEIGHT="39" CONTENT="p" WC="0.12" CC="8"/>
							<SP ID="P1_SP00073" HPOS="552" VPOS="3823" WIDTH="20"/>
							<String ID="P1_ST00111" HPOS="572" VPOS="3780" WIDTH="312" HEIGHT="40" CONTENT="NGINEEKS," WC="0.25" CC="974977773"/>
						</TextLine>
						<TextLine ID="P1_TL00039" HPOS="353" VPOS="3886" WIDTH="304" HEIGHT="27">
							<String ID="P1_ST00112" HPOS="353" VPOS="3887" WIDTH="212" HEIGHT="26" CONTENT="AUTHORISED" WC="0.98" CC="8708385887"/>
							<SP ID="P1_SP00074" HPOS="565" VPOS="3913" WIDTH="27"/>
							<String ID="P1_ST00113" HPOS="592" VPOS="3886" WIDTH="65" HEIGHT="22" CONTENT="AND" WC="0.91" CC="977"/>
						</TextLine>
						<TextLine ID="P1_TL00040" HPOS="122" VPOS="3935" WIDTH="760" HEIGHT="59">
							<String ID="P1_ST00114" HPOS="122" VPOS="3942" WIDTH="336" HEIGHT="52" CONTENT="LICENSED" WC="0.99" CC="00003105"/>
							<SP ID="P1_SP00075" HPOS="458" VPOS="3994" WIDTH="34"/>
							<String ID="P1_ST00115" HPOS="492" VPOS="3935" WIDTH="390" HEIGHT="51" CONTENT="SURVEYORS" WC="1.00" CC="005000020"/>
						</TextLine>
						<TextLine ID="P1_TL00041" HPOS="312" VPOS="4048" WIDTH="574" HEIGHT="41">
							<String ID="P1_ST00116" HPOS="312" VPOS="4054" WIDTH="99" HEIGHT="32" CONTENT="Plans" WC="0.96" CC="70767"/>
							<SP ID="P1_SP00076" HPOS="411" VPOS="4086" WIDTH="28"/>
							<String ID="P1_ST00117" HPOS="439" VPOS="4052" WIDTH="64" HEIGHT="32" CONTENT="and" WC="0.95" CC="409"/>
							<SP ID="P1_SP00077" HPOS="503" VPOS="4086" WIDTH="32"/>
							<String ID="P1_ST00118" HPOS="535" VPOS="4049" WIDTH="126" HEIGHT="32" CONTENT="Details" WC="0.97" CC="7777836"/>
							<SP ID="P1_SP00078" HPOS="661" VPOS="4086" WIDTH="31"/>
							<String ID="P1_ST00119" HPOS="692" VPOS="4048" WIDTH="35" HEIGHT="33" CONTENT="of" WC="0.34" CC="57"/>
							<SP ID="P1_SP00079" HPOS="727" VPOS="4086" WIDTH="29"/>
							<String ID="P1_ST00120" HPOS="756" VPOS="4048" WIDTH="130" HEIGHT="41" CONTENT="Miinng" WC="0.51" CC="025758"/>
						</TextLine>
						<TextLine ID="P1_TL00042" HPOS="166" VPOS="4094" WIDTH="678" HEIGHT="50">
							<String ID="P1_ST00121" HPOS="166" VPOS="4101" WIDTH="194" HEIGHT="43" CONTENT="Machinery" WC="0.97" CC="898858809"/>
							<SP ID="P1_SP00080" HPOS="360" VPOS="4144" WIDTH="16"/>
							<String ID="P1_ST00122" HPOS="376" VPOS="4095" WIDTH="158" HEIGHT="48" CONTENT="prepared" WC="0.97" CC="77777778"/>
							<SP ID="P1_SP00081" HPOS="534" VPOS="4144" WIDTH="14"/>
							<String ID="P1_ST00123" HPOS="548" VPOS="4095" WIDTH="64" HEIGHT="33" CONTENT="and" WC="0.92" CC="786"/>
							<SP ID="P1_SP00082" HPOS="612" VPOS="4144" WIDTH="11"/>
							<String ID="P1_ST00124" HPOS="623" VPOS="4095" WIDTH="53" HEIGHT="33" CONTENT="the" WC="0.92" CC="667"/>
							<SP ID="P1_SP00083" HPOS="676" VPOS="4144" WIDTH="12"/>
							<String ID="P1_ST00125" HPOS="688" VPOS="4094" WIDTH="156" HEIGHT="33" CONTENT="Erection" WC="0.97" CC="99967765"/>
						</TextLine>
						<TextLine ID="P1_TL00043" HPOS="229" VPOS="4141" WIDTH="553" HEIGHT="49">
							<String ID="P1_ST00126" HPOS="229" VPOS="4149" WIDTH="128" HEIGHT="41" CONTENT="Mining" WC="0.96" CC="919478"/>
							<SP ID="P1_SP00084" HPOS="357" VPOS="4190" WIDTH="19"/>
							<String ID="P1_ST00127" HPOS="376" VPOS="4145" WIDTH="190" HEIGHT="42" CONTENT="Machinery" WC="0.98" CC="740754766"/>
							<SP ID="P1_SP00085" HPOS="566" VPOS="4190" WIDTH="17"/>
							<String ID="P1_ST00128" HPOS="583" VPOS="4141" WIDTH="199" HEIGHT="45" CONTENT="supervised." WC="0.99" CC="17977730000"/>
						</TextLine>
						<TextLine ID="P1_TL00044" HPOS="120" VPOS="4232" WIDTH="766" HEIGHT="54">
							<String ID="P1_ST00129" HPOS="120" VPOS="4243" WIDTH="147" HEIGHT="43" CONTENT="Iwtcys" WC="0.28" CC="888097"/>
							<SP ID="P1_SP00086" HPOS="267" VPOS="4286" WIDTH="14"/>
							<String ID="P1_ST00130" HPOS="281" VPOS="4239" WIDTH="50" HEIGHT="35" CONTENT="for" WC="0.92" CC="767"/>
							<SP ID="P1_SP00087" HPOS="331" VPOS="4286" WIDTH="15"/>
							<String ID="P1_ST00131" HPOS="346" VPOS="4237" WIDTH="129" HEIGHT="44" CONTENT="Mining-" WC="0.98" CC="6070943"/>
							<SP ID="P1_SP00088" HPOS="475" VPOS="4286" WIDTH="13"/>
							<String ID="P1_ST00132" HPOS="488" VPOS="4233" WIDTH="196" HEIGHT="45" CONTENT="Companies" WC="0.98" CC="462769277"/>
							<SP ID="P1_SP00089" HPOS="684" VPOS="4286" WIDTH="14"/>
							<String ID="P1_ST00133" HPOS="698" VPOS="4232" WIDTH="188" HEIGHT="35" CONTENT="contracted" WC="0.98" CC="8364077776"/>
						</TextLine>
						<TextLine ID="P1_TL00045" HPOS="120" VPOS="4280" WIDTH="764" HEIGHT="53">
							<String ID="P1_ST00134" HPOS="120" VPOS="4292" WIDTH="51" HEIGHT="34" CONTENT="Ivr" WC="0.29" CC="667"/>
							<SP ID="P1_SP00090" HPOS="171" VPOS="4326" WIDTH="17"/>
							<String ID="P1_ST00135" HPOS="188" VPOS="4290" WIDTH="42" HEIGHT="43" CONTENT="bj" WC="0.25" CC="77"/>
							<SP ID="P1_SP00091" HPOS="230" VPOS="4333" WIDTH="15"/>
							<String ID="P1_ST00136" HPOS="245" VPOS="4288" WIDTH="56" HEIGHT="36" CONTENT="the" WC="0.93" CC="970"/>
							<SP ID="P1_SP00092" HPOS="301" VPOS="4333" WIDTH="16"/>
							<String ID="P1_ST00137" HPOS="317" VPOS="4297" WIDTH="85" HEIGHT="33" CONTENT="year." WC="0.97" CC="85703"/>
							<SP ID="P1_SP00093" HPOS="402" VPOS="4333" WIDTH="47"/>
							<String ID="P1_ST00138" HPOS="449" VPOS="4285" WIDTH="141" HEIGHT="40" CONTENT="Surveys" WC="0.96" CC="7797997"/>
							<SP ID="P1_SP00094" HPOS="590" VPOS="4333" WIDTH="14"/>
							<String ID="P1_ST00139" HPOS="604" VPOS="4283" WIDTH="95" HEIGHT="31" CONTENT="made" WC="0.94" CC="5797"/>
							<SP ID="P1_SP00095" HPOS="699" VPOS="4333" WIDTH="13"/>
							<String ID="P1_ST00140" HPOS="712" VPOS="4280" WIDTH="104" HEIGHT="34" CONTENT="under" WC="0.98" CC="78000"/>
							<SP ID="P1_SP00096" HPOS="816" VPOS="4333" WIDTH="14"/>
							<String ID="P1_ST00141" HPOS="830" VPOS="4280" WIDTH="54" HEIGHT="34" CONTENT="the" WC="0.90" CC="799"/>
						</TextLine>
						<TextLine ID="P1_TL00046" HPOS="332" VPOS="4329" WIDTH="345" HEIGHT="36">
							<String ID="P1_ST00142" HPOS="332" VPOS="4331" WIDTH="95" HEIGHT="34" CONTENT="Land" WC="0.94" CC="6787"/>
							<SP ID="P1_SP00097" HPOS="427" VPOS="4365" WIDTH="15"/>
							<String ID="P1_ST00143" HPOS="442" VPOS="4329" WIDTH="152" HEIGHT="32" CONTENT="Transfer" WC="0.98" CC="66977300"/>
							<SP ID="P1_SP00098" HPOS="594" VPOS="4365" WIDTH="12"/>
							<String ID="P1_ST00144" HPOS="606" VPOS="4329" WIDTH="71" HEIGHT="30" CONTENT="Act." WC="0.95" CC="9092"/>
						</TextLine>
						<TextLine ID="P1_TL00047" HPOS="423" VPOS="4419" WIDTH="162" HEIGHT="33">
							<String ID="P1_ST00145" HPOS="423" VPOS="4419" WIDTH="162" HEIGHT="33" CONTENT="Address:" WC="0.98" CC="99000774"/>
						</TextLine>
						<TextLine ID="P1_TL00048" HPOS="120" VPOS="4462" WIDTH="766" HEIGHT="49">
							<String ID="P1_ST00146" HPOS="120" VPOS="4473" WIDTH="205" HEIGHT="38" CONTENT="BMAIWAT," WC="0.34" CC="76979063"/>
							<SP ID="P1_SP00099" HPOS="325" VPOS="4511" WIDTH="25"/>
							<String ID="P1_ST00147" HPOS="350" VPOS="4468" WIDTH="159" HEIGHT="35" CONTENT="PtHFTCX" WC="0.32" CC="8888508"/>
							<SP ID="P1_SP00100" HPOS="509" VPOS="4511" WIDTH="15"/>
							<String ID="P1_ST00148" HPOS="524" VPOS="4475" WIDTH="7" HEIGHT="32" CONTENT=";" WC="0.67" CC="3"/>
							<SP ID="P1_SP00101" HPOS="531" VPOS="4511" WIDTH="33"/>
							<String ID="P1_ST00149" HPOS="564" VPOS="4473" WIDTH="66" HEIGHT="24" CONTENT="AN»" WC="0.51" CC="077"/>
							<SP ID="P1_SP00102" HPOS="630" VPOS="4511" WIDTH="33"/>
							<String ID="P1_ST00150" HPOS="663" VPOS="4462" WIDTH="223" HEIGHT="35" CONTENT="COMMSRCIAL" WC="0.40" CC="6777796303"/>
						</TextLine>
						<TextLine ID="P1_TL00049" HPOS="367" VPOS="4513" WIDTH="270" HEIGHT="40">
							<String ID="P1_ST00151" HPOS="367" VPOS="4516" WIDTH="132" HEIGHT="37" CONTENT="Hotjsl," WC="0.48" CC="8781053"/>
							<SP ID="P1_SP00103" HPOS="499" VPOS="4553" WIDTH="24"/>
							<String ID="P1_ST00152" HPOS="523" VPOS="4513" WIDTH="114" HEIGHT="32" CONTENT="Lysll" WC="0.42" CC="08856"/>
						</TextLine>
						<TextLine ID="P1_TL00050" HPOS="166" VPOS="4603" WIDTH="718" HEIGHT="43">
							<String ID="P1_ST00153" HPOS="166" VPOS="4612" WIDTH="84" HEIGHT="34" CONTENT="H.B." WC="0.40" CC="8564"/>
							<String ID="P1_ST00154" HPOS="253" VPOS="4607" WIDTH="261" HEIGHT="35" CONTENT="—Instructions" WC="0.98" CC="8498996590400"/>
							<SP ID="P1_SP00104" HPOS="514" VPOS="4646" WIDTH="15"/>
							<String ID="P1_ST00155" HPOS="529" VPOS="4606" WIDTH="58" HEIGHT="31" CONTENT="left" WC="0.96" CC="1944"/>
							<SP ID="P1_SP00105" HPOS="587" VPOS="4646" WIDTH="16"/>
							<String ID="P1_ST00156" HPOS="603" VPOS="4608" WIDTH="34" HEIGHT="28" CONTENT="at" WC="0.54" CC="17"/>
							<SP ID="P1_SP00106" HPOS="637" VPOS="4646" WIDTH="16"/>
							<String ID="P1_ST00157" HPOS="653" VPOS="4604" WIDTH="108" HEIGHT="31" CONTENT="Timis" WC="0.48" CC="90880"/>
							<SP ID="P1_SP00107" HPOS="761" VPOS="4646" WIDTH="14"/>
							<String ID="P1_ST00158" HPOS="775" VPOS="4603" WIDTH="109" HEIGHT="38" CONTENT="Office," WC="0.99" CC="0444401"/>
						</TextLine>
						<TextLine ID="P1_TL00051" HPOS="122" VPOS="4647" WIDTH="721" HEIGHT="55">
							<String ID="P1_ST00159" HPOS="122" VPOS="4657" WIDTH="110" HEIGHT="45" CONTENT="iyell," WC="0.50" CC="877050"/>
							<SP ID="P1_SP00108" HPOS="232" VPOS="4702" WIDTH="14"/>
							<String ID="P1_ST00160" HPOS="246" VPOS="4654" WIDTH="68" HEIGHT="38" CONTENT="will" WC="0.95" CC="9516"/>
							<SP ID="P1_SP00109" HPOS="314" VPOS="4702" WIDTH="15"/>
							<String ID="P1_ST00161" HPOS="329" VPOS="4653" WIDTH="123" HEIGHT="35" CONTENT="receive" WC="0.97" CC="7767477"/>
							<SP ID="P1_SP00110" HPOS="452" VPOS="4702" WIDTH="11"/>
							<String ID="P1_ST00162" HPOS="463" VPOS="4649" WIDTH="190" HEIGHT="36" CONTENT="immediate" WC="0.98" CC="181794990"/>
							<SP ID="P1_SP00111" HPOS="653" VPOS="4702" WIDTH="17"/>
							<String ID="P1_ST00163" HPOS="670" VPOS="4647" WIDTH="173" HEIGHT="35" CONTENT="attention." WC="0.98" CC="9980870050"/>
						</TextLine>
						<TextLine ID="P1_TL00052" HPOS="145" VPOS="4751" WIDTH="741" HEIGHT="60">
							<String ID="P1_ST00164" HPOS="145" VPOS="4763" WIDTH="72" HEIGHT="38" CONTENT="PI" WC="0.18" CC="87"/>
							<SP ID="P1_SP00112" HPOS="217" VPOS="4801" WIDTH="44"/>
							<String ID="P1_ST00165" HPOS="261" VPOS="4760" WIDTH="33" HEIGHT="51" CONTENT="-|-" WC="0.43" CC="673"/>
							<String ID="P1_ST00166" HPOS="303" VPOS="4778" WIDTH="45" HEIGHT="33" CONTENT="n" STYLE="subscript" WC="0.24" CC="7"/>
							<SP ID="P1_SP00113" HPOS="348" VPOS="4811" WIDTH="29"/>
							<String ID="P1_ST00167" HPOS="377" VPOS="4756" WIDTH="52" HEIGHT="44" CONTENT="JO" WC="0.34" CC="48"/>
							<SP ID="P1_SP00114" HPOS="429" VPOS="4811" WIDTH="8"/>
							<String ID="P1_ST00168" HPOS="437" VPOS="4756" WIDTH="34" HEIGHT="44" CONTENT="A" WC="0.65" CC="3"/>
							<SP ID="P1_SP00115" HPOS="471" VPOS="4811" WIDTH="57"/>
							<String ID="P1_ST00169" HPOS="528" VPOS="4765" WIDTH="59" HEIGHT="33" CONTENT="P&#34;'" WC="0.40" CC="772"/>
							<SP ID="P1_SP00116" HPOS="587" VPOS="4811" WIDTH="144"/>
							<String ID="P1_ST00170" HPOS="731" VPOS="4764" WIDTH="33" HEIGHT="20" CONTENT="™" WC="0.77" CC="2"/>
							<String ID="P1_ST00171" HPOS="769" VPOS="4764" WIDTH="17" HEIGHT="20" CONTENT="a" STYLE="superscript" WC="0.55" CC="4"/>
							<String ID="P1_ST00172" HPOS="790" VPOS="4764" WIDTH="20" HEIGHT="32" CONTENT="T" WC="0.24" CC="7"/>
							<SP ID="P1_SP00117" HPOS="810" VPOS="4811" WIDTH="37"/>
							<String ID="P1_ST00173" HPOS="847" VPOS="4751" WIDTH="19" HEIGHT="35" CONTENT="b" STYLE="superscript" WC="0.55" CC="4"/>
							<String ID="P1_ST00174" HPOS="870" VPOS="4765" WIDTH="16" HEIGHT="21" CONTENT="»" WC="0.34" CC="6"/>
						</TextLine>
						<TextLine ID="P1_TL00053" HPOS="125" VPOS="4801" WIDTH="764" HEIGHT="40">
							<String ID="P1_ST00175" HPOS="125" VPOS="4801" WIDTH="107" HEIGHT="37" CONTENT="jCli" WC="0.28" CC="4968"/>
							<SP ID="P1_SP00118" HPOS="232" VPOS="4838" WIDTH="40"/>
							<String ID="P1_ST00176" HPOS="272" VPOS="4801" WIDTH="75" HEIGHT="30" CONTENT="UU" WC="0.28" CC="67"/>
							<SP ID="P1_SP00119" HPOS="347" VPOS="4838" WIDTH="175"/>
							<String ID="P1_ST00177" HPOS="522" VPOS="4801" WIDTH="95" HEIGHT="32" CONTENT="made" WC="0.93" CC="6779"/>
							<SP ID="P1_SP00120" HPOS="617" VPOS="4838" WIDTH="29"/>
							<String ID="P1_ST00178" HPOS="646" VPOS="4801" WIDTH="40" HEIGHT="40" CONTENT="by" WC="0.72" CC="50"/>
							<SP ID="P1_SP00121" HPOS="686" VPOS="4841" WIDTH="17"/>
							<String ID="P1_ST00179" HPOS="703" VPOS="4810" WIDTH="136" HEIGHT="31" CONTENT="persons" WC="0.97" CC="0898588"/>
							<SP ID="P1_SP00122" HPOS="839" VPOS="4841" WIDTH="16"/>
							<String ID="P1_ST00180" HPOS="855" VPOS="4801" WIDTH="34" HEIGHT="31" CONTENT="of" WC="0.74" CC="05"/>
						</TextLine>
						<TextLine ID="P1_TL00054" HPOS="123" VPOS="4845" WIDTH="761" HEIGHT="47">
							<String ID="P1_ST00181" HPOS="123" VPOS="4856" WIDTH="109" HEIGHT="35" CONTENT="«ither" WC="0.38" CC="747737"/>
							<SP ID="P1_SP00123" HPOS="232" VPOS="4891" WIDTH="15"/>
							<String ID="P1_ST00182" HPOS="247" VPOS="4863" WIDTH="66" HEIGHT="29" CONTENT="sex," WC="0.94" CC="7962"/>
							<SP ID="P1_SP00124" HPOS="313" VPOS="4892" WIDTH="15"/>
							<String ID="P1_ST00183" HPOS="328" VPOS="4851" WIDTH="34" HEIGHT="32" CONTENT="in" WC="0.71" CC="32"/>
							<SP ID="P1_SP00125" HPOS="362" VPOS="4892" WIDTH="18"/>
							<String ID="P1_ST00184" HPOS="380" VPOS="4849" WIDTH="83" HEIGHT="34" CONTENT="their" WC="0.98" CC="70040"/>
							<SP ID="P1_SP00126" HPOS="463" VPOS="4892" WIDTH="18"/>
							<String ID="P1_ST00185" HPOS="481" VPOS="4859" WIDTH="71" HEIGHT="21" CONTENT="own" WC="0.94" CC="277"/>
							<SP ID="P1_SP00127" HPOS="552" VPOS="4892" WIDTH="17"/>
							<String ID="P1_ST00186" HPOS="569" VPOS="4846" WIDTH="167" HEIGHT="38" CONTENT="localities," WC="0.98" CC="44393492874"/>
							<SP ID="P1_SP00128" HPOS="736" VPOS="4892" WIDTH="14"/>
							<String ID="P1_ST00187" HPOS="750" VPOS="4849" WIDTH="33" HEIGHT="29" CONTENT="at" WC="0.14" CC="79"/>
							<SP ID="P1_SP00129" HPOS="783" VPOS="4892" WIDTH="13"/>
							<String ID="P1_ST00188" HPOS="796" VPOS="4845" WIDTH="88" HEIGHT="33" CONTENT="work" WC="0.95" CC="7806"/>
						</TextLine>
						<TextLine ID="P1_TL00055" HPOS="126" VPOS="4892" WIDTH="758" HEIGHT="44">
							<String ID="P1_ST00189" HPOS="126" VPOS="4903" WIDTH="52" HEIGHT="33" CONTENT="for" WC="0.97" CC="035"/>
							<SP ID="P1_SP00130" HPOS="178" VPOS="4936" WIDTH="24"/>
							<String ID="P1_ST00190" HPOS="202" VPOS="4911" WIDTH="50" HEIGHT="22" CONTENT="ue." WC="0.51" CC="724"/>
							<SP ID="P1_SP00131" HPOS="252" VPOS="4936" WIDTH="45"/>
							<String ID="P1_ST00191" HPOS="297" VPOS="4898" WIDTH="80" HEIGHT="32" CONTENT="New" WC="0.95" CC="707"/>
							<SP ID="P1_SP00132" HPOS="377" VPOS="4936" WIDTH="31"/>
							<String ID="P1_ST00192" HPOS="408" VPOS="4895" WIDTH="159" HEIGHT="31" CONTENT="business." WC="0.98" CC="766379673"/>
							<SP ID="P1_SP00133" HPOS="567" VPOS="4936" WIDTH="44"/>
							<String ID="P1_ST00193" HPOS="611" VPOS="4892" WIDTH="52" HEIGHT="31" CONTENT="All" WC="0.91" CC="987"/>
							<SP ID="P1_SP00134" HPOS="663" VPOS="4936" WIDTH="26"/>
							<String ID="P1_ST00194" HPOS="689" VPOS="4894" WIDTH="87" HEIGHT="29" CONTENT="meet" WC="0.95" CC="7607"/>
							<SP ID="P1_SP00135" HPOS="776" VPOS="4936" WIDTH="28"/>
							<String ID="P1_ST00195" HPOS="804" VPOS="4892" WIDTH="80" HEIGHT="31" CONTENT="with" WC="0.97" CC="0590"/>
						</TextLine>
						<TextLine ID="P1_TL00056" HPOS="126" VPOS="4937" WIDTH="758" HEIGHT="47">
							<String ID="P1_ST00196" HPOS="126" VPOS="4944" WIDTH="182" HEIGHT="40" CONTENT="wcndcrful" WC="0.54" CC="808607153"/>
							<SP ID="P1_SP00136" HPOS="308" VPOS="4984" WIDTH="16"/>
							<String ID="P1_ST00197" HPOS="324" VPOS="4951" WIDTH="137" HEIGHT="26" CONTENT="success." WC="0.98" CC="77567713"/>
							<SP ID="P1_SP00137" HPOS="461" VPOS="4984" WIDTH="46"/>
							<String ID="P1_ST00198" HPOS="507" VPOS="4939" WIDTH="73" HEIGHT="43" CONTENT="A&amp;y" WC="0.75" CC="070"/>
							<SP ID="P1_SP00138" HPOS="580" VPOS="4984" WIDTH="17"/>
							<String ID="P1_ST00199" HPOS="597" VPOS="4949" WIDTH="60" HEIGHT="21" CONTENT="one" WC="0.91" CC="589"/>
							<SP ID="P1_SP00139" HPOS="657" VPOS="4984" WIDTH="24"/>
							<String ID="P1_ST00200" HPOS="681" VPOS="4948" WIDTH="61" HEIGHT="22" CONTENT="san" WC="0.27" CC="893"/>
							<SP ID="P1_SP00140" HPOS="742" VPOS="4984" WIDTH="24"/>
							<String ID="P1_ST00201" HPOS="766" VPOS="4937" WIDTH="39" HEIGHT="33" CONTENT="do" WC="0.39" CC="47"/>
							<SP ID="P1_SP00141" HPOS="805" VPOS="4984" WIDTH="24"/>
							<String ID="P1_ST00202" HPOS="829" VPOS="4937" WIDTH="55" HEIGHT="34" CONTENT="the" WC="0.90" CC="979"/>
						</TextLine>
						<TextLine ID="P1_TL00057" HPOS="122" VPOS="4984" WIDTH="760" HEIGHT="51">
							<String ID="P1_ST00203" HPOS="122" VPOS="4993" WIDTH="103" HEIGHT="38" CONTENT="work." WC="0.96" CC="35974"/>
							<SP ID="P1_SP00142" HPOS="225" VPOS="5031" WIDTH="55"/>
							<String ID="P1_ST00204" HPOS="280" VPOS="4988" WIDTH="129" HEIGHT="47" CONTENT="Capital" WC="0.97" CC="7990092"/>
							<SP ID="P1_SP00143" HPOS="409" VPOS="5035" WIDTH="29"/>
							<String ID="P1_ST00205" HPOS="438" VPOS="4991" WIDTH="57" HEIGHT="30" CONTENT="not" WC="0.92" CC="739"/>
							<SP ID="P1_SP00144" HPOS="495" VPOS="5035" WIDTH="29"/>
							<String ID="P1_ST00206" HPOS="524" VPOS="4984" WIDTH="159" HEIGHT="44" CONTENT="required." WC="0.98" CC="007839170"/>
							<SP ID="P1_SP00145" HPOS="683" VPOS="5035" WIDTH="46"/>
							<String ID="P1_ST00207" HPOS="729" VPOS="4984" WIDTH="58" HEIGHT="33" CONTENT="We" WC="0.63" CC="70"/>
							<SP ID="P1_SP00146" HPOS="787" VPOS="5035" WIDTH="31"/>
							<String ID="P1_ST00208" HPOS="818" VPOS="4984" WIDTH="64" HEIGHT="33" CONTENT="will" WC="0.96" CC="9550"/>
						</TextLine>
						<TextLine ID="P1_TL00058" HPOS="121" VPOS="5030" WIDTH="761" HEIGHT="54">
							<String ID="P1_ST00209" HPOS="121" VPOS="5045" WIDTH="86" HEIGHT="32" CONTENT="start" WC="0.96" CC="77907"/>
							<SP ID="P1_SP00147" HPOS="207" VPOS="5077" WIDTH="11"/>
							<String ID="P1_ST00210" HPOS="218" VPOS="5049" WIDTH="79" HEIGHT="35" CONTENT="you." WC="0.95" CC="9073"/>
							<SP ID="P1_SP00148" HPOS="297" VPOS="5084" WIDTH="46"/>
							<String ID="P1_ST00211" HPOS="343" VPOS="5033" WIDTH="104" HEIGHT="37" CONTENT="Outfit" WC="0.98" CC="070440"/>
							<SP ID="P1_SP00149" HPOS="447" VPOS="5084" WIDTH="15"/>
							<String ID="P1_ST00212" HPOS="462" VPOS="5031" WIDTH="107" HEIGHT="36" CONTENT="worth" WC="0.97" CC="06828"/>
							<SP ID="P1_SP00150" HPOS="569" VPOS="5084" WIDTH="25"/>
							<String ID="P1_ST00213" HPOS="594" VPOS="5032" WIDTH="43" HEIGHT="32" CONTENT="£1" WC="0.19" CC="87"/>
							<SP ID="P1_SP00151" HPOS="637" VPOS="5084" WIDTH="26"/>
							<String ID="P1_ST00214" HPOS="663" VPOS="5030" WIDTH="120" HEIGHT="33" CONTENT="mailed" WC="0.97" CC="874409"/>
							<SP ID="P1_SP00152" HPOS="783" VPOS="5084" WIDTH="23"/>
							<String ID="P1_ST00215" HPOS="806" VPOS="5030" WIDTH="76" HEIGHT="34" CONTENT="free." WC="0.98" CC="50092"/>
						</TextLine>
						<TextLine ID="P1_TL00059" HPOS="120" VPOS="5076" WIDTH="762" HEIGHT="57">
							<String ID="P1_ST00216" HPOS="120" VPOS="5088" WIDTH="74" HEIGHT="37" CONTENT="The" WC="0.90" CC="879"/>
							<SP ID="P1_SP00153" HPOS="194" VPOS="5125" WIDTH="16"/>
							<String ID="P1_ST00217" HPOS="210" VPOS="5085" WIDTH="225" HEIGHT="46" CONTENT="employment" WC="0.98" CC="9790808889"/>
							<SP ID="P1_SP00154" HPOS="435" VPOS="5131" WIDTH="23"/>
							<String ID="P1_ST00218" HPOS="458" VPOS="5081" WIDTH="28" HEIGHT="34" CONTENT="is" WC="0.41" CC="47"/>
							<SP ID="P1_SP00155" HPOS="486" VPOS="5131" WIDTH="19"/>
							<String ID="P1_ST00219" HPOS="505" VPOS="5077" WIDTH="216" HEIGHT="56" CONTENT="particularly" WC="0.98" CC="790925709550"/>
							<SP ID="P1_SP00156" HPOS="721" VPOS="5133" WIDTH="22"/>
							<String ID="P1_ST00220" HPOS="743" VPOS="5076" WIDTH="139" HEIGHT="46" CONTENT="adapted" WC="0.97" CC="9008979"/>
						</TextLine>
						<TextLine ID="P1_TL00060" HPOS="120" VPOS="5124" WIDTH="764" HEIGHT="50">
							<String ID="P1_ST00221" HPOS="120" VPOS="5140" WIDTH="37" HEIGHT="29" CONTENT="i§" WC="0.30" CC="58"/>
							<SP ID="P1_SP00157" HPOS="157" VPOS="5169" WIDTH="16"/>
							<String ID="P1_ST00222" HPOS="173" VPOS="5135" WIDTH="55" HEIGHT="34" CONTENT="the" WC="0.97" CC="700"/>
							<SP ID="P1_SP00158" HPOS="228" VPOS="5169" WIDTH="22"/>
							<String ID="P1_ST00223" HPOS="250" VPOS="5133" WIDTH="112" HEIGHT="41" CONTENT="region" WC="0.96" CC="997067"/>
							<SP ID="P1_SP00159" HPOS="362" VPOS="5174" WIDTH="24"/>
							<String ID="P1_ST00224" HPOS="386" VPOS="5131" WIDTH="35" HEIGHT="30" CONTENT="in" WC="0.35" CC="57"/>
							<SP ID="P1_SP00160" HPOS="421" VPOS="5174" WIDTH="26"/>
							<String ID="P1_ST00225" HPOS="447" VPOS="5127" WIDTH="109" HEIGHT="33" CONTENT="which" WC="0.96" CC="90089"/>
							<SP ID="P1_SP00161" HPOS="556" VPOS="5174" WIDTH="31"/>
							<String ID="P1_ST00226" HPOS="587" VPOS="5125" WIDTH="66" HEIGHT="33" CONTENT="this" WC="0.95" CC="7708"/>
							<SP ID="P1_SP00162" HPOS="653" VPOS="5174" WIDTH="30"/>
							<String ID="P1_ST00227" HPOS="683" VPOS="5124" WIDTH="201" HEIGHT="43" CONTENT="publication" WC="0.98" CC="06847489238"/>
						</TextLine>
						<TextLine ID="P1_TL00061" HPOS="120" VPOS="5170" WIDTH="763" HEIGHT="47">
							<String ID="P1_ST00228" HPOS="120" VPOS="5179" WIDTH="186" HEIGHT="36" CONTENT="circulates." WC="0.99" CC="81058189081"/>
							<SP ID="P1_SP00163" HPOS="306" VPOS="5215" WIDTH="65"/>
							<String ID="P1_ST00229" HPOS="371" VPOS="5175" WIDTH="89" HEIGHT="42" CONTENT="Boys" WC="0.98" CC="7000"/>
							<SP ID="P1_SP00164" HPOS="460" VPOS="5217" WIDTH="37"/>
							<String ID="P1_ST00230" HPOS="497" VPOS="5171" WIDTH="65" HEIGHT="34" CONTENT="and" WC="0.93" CC="908"/>
							<SP ID="P1_SP00165" HPOS="562" VPOS="5217" WIDTH="37"/>
							<String ID="P1_ST00231" HPOS="599" VPOS="5170" WIDTH="76" HEIGHT="42" CONTENT="girls" WC="0.97" CC="74037"/>
							<SP ID="P1_SP00166" HPOS="675" VPOS="5217" WIDTH="39"/>
							<String ID="P1_ST00232" HPOS="714" VPOS="5181" WIDTH="59" HEIGHT="21" CONTENT="can" WC="0.90" CC="997"/>
							<SP ID="P1_SP00167" HPOS="773" VPOS="5217" WIDTH="32"/>
							<String ID="P1_ST00233" HPOS="805" VPOS="5181" WIDTH="78" HEIGHT="21" CONTENT="earn" WC="0.95" CC="0988"/>
						</TextLine>
						<TextLine ID="P1_TL00062" HPOS="119" VPOS="5215" WIDTH="780" HEIGHT="57">
							<String ID="P1_ST00234" HPOS="119" VPOS="5226" WIDTH="118" HEIGHT="43" CONTENT="•early" WC="0.97" CC="797430"/>
							<SP ID="P1_SP00168" HPOS="237" VPOS="5269" WIDTH="16"/>
							<String ID="P1_ST00235" HPOS="253" VPOS="5235" WIDTH="34" HEIGHT="23" CONTENT="as" WC="0.21" CC="78"/>
							<SP ID="P1_SP00169" HPOS="287" VPOS="5269" WIDTH="16"/>
							<String ID="P1_ST00236" HPOS="303" VPOS="5221" WIDTH="100" HEIGHT="35" CONTENT="much" WC="0.94" CC="7787"/>
							<SP ID="P1_SP00170" HPOS="403" VPOS="5269" WIDTH="17"/>
							<String ID="P1_ST00237" HPOS="420" VPOS="5231" WIDTH="35" HEIGHT="22" CONTENT="as" WC="0.13" CC="97"/>
							<SP ID="P1_SP00171" HPOS="455" VPOS="5269" WIDTH="16"/>
							<String ID="P1_ST00238" HPOS="471" VPOS="5229" WIDTH="87" HEIGHT="23" CONTENT="men." WC="0.96" CC="2772"/>
							<SP ID="P1_SP00172" HPOS="558" VPOS="5269" WIDTH="46"/>
							<String ID="P1_ST00239" HPOS="604" VPOS="5215" WIDTH="75" HEIGHT="34" CONTENT="Full" WC="0.95" CC="7536"/>
							<SP ID="P1_SP00173" HPOS="679" VPOS="5269" WIDTH="9"/>
							<String ID="P1_ST00240" HPOS="688" VPOS="5215" WIDTH="194" HEIGHT="43" CONTENT="particulars" WC="0.98" CC="89080777007"/>
							<SP ID="P1_SP00174" HPOS="882" VPOS="5269" WIDTH="15"/>
							<String ID="P1_ST00241" HPOS="897" VPOS="5215" WIDTH="2" HEIGHT="57" CONTENT="j" WC="0.29" CC="7"/>
						</TextLine>
						<TextLine ID="P1_TL00063" HPOS="118" VPOS="5261" WIDTH="764" HEIGHT="46">
							<String ID="P1_ST00242" HPOS="118" VPOS="5273" WIDTH="67" HEIGHT="34" CONTENT="aad" WC="0.09" CC="889"/>
							<SP ID="P1_SP00175" HPOS="185" VPOS="5307" WIDTH="40"/>
							<String ID="P1_ST00243" HPOS="225" VPOS="5269" WIDTH="200" HEIGHT="35" CONTENT="nstructions" WC="0.38" CC="98004697758"/>
							<SP ID="P1_SP00176" HPOS="425" VPOS="5307" WIDTH="31"/>
							<String ID="P1_ST00244" HPOS="456" VPOS="5263" WIDTH="120" HEIGHT="35" CONTENT="mailed" WC="0.98" CC="004277"/>
							<SP ID="P1_SP00177" HPOS="576" VPOS="5307" WIDTH="30"/>
							<String ID="P1_ST00245" HPOS="606" VPOS="5263" WIDTH="75" HEIGHT="32" CONTENT="free." WC="0.97" CC="40097"/>
							<SP ID="P1_SP00178" HPOS="681" VPOS="5307" WIDTH="57"/>
							<String ID="P1_ST00246" HPOS="738" VPOS="5262" WIDTH="81" HEIGHT="32" CONTENT="Now" WC="0.95" CC="760"/>
							<SP ID="P1_SP00179" HPOS="819" VPOS="5307" WIDTH="36"/>
							<String ID="P1_ST00247" HPOS="855" VPOS="5261" WIDTH="27" HEIGHT="34" CONTENT="is" WC="0.36" CC="48"/>
						</TextLine>
						<TextLine ID="P1_TL00064" HPOS="119" VPOS="5308" WIDTH="763" HEIGHT="47">
							<String ID="P1_ST00248" HPOS="119" VPOS="5319" WIDTH="58" HEIGHT="35" CONTENT="Ike" WC="0.91" CC="778"/>
							<SP ID="P1_SP00180" HPOS="177" VPOS="5354" WIDTH="15"/>
							<String ID="P1_ST00249" HPOS="192" VPOS="5315" WIDTH="219" HEIGHT="35" CONTENT="time—don't" WC="0.98" CC="7587805700"/>
							<SP ID="P1_SP00181" HPOS="411" VPOS="5354" WIDTH="17"/>
							<String ID="P1_ST00250" HPOS="428" VPOS="5313" WIDTH="107" HEIGHT="42" CONTENT="delay," WC="0.98" CC="774004"/>
							<SP ID="P1_SP00182" HPOS="535" VPOS="5355" WIDTH="19"/>
							<String ID="P1_ST00251" HPOS="554" VPOS="5310" WIDTH="56" HEIGHT="32" CONTENT="but" WC="0.92" CC="777"/>
							<SP ID="P1_SP00183" HPOS="610" VPOS="5355" WIDTH="12"/>
							<String ID="P1_ST00252" HPOS="622" VPOS="5308" WIDTH="93" HEIGHT="33" CONTENT="write" WC="0.96" CC="97490"/>
							<SP ID="P1_SP00184" HPOS="715" VPOS="5355" WIDTH="24"/>
							<String ID="P1_ST00253" HPOS="739" VPOS="5314" WIDTH="32" HEIGHT="26" CONTENT="to" WC="0.45" CC="46"/>
							<SP ID="P1_SP00185" HPOS="771" VPOS="5355" WIDTH="24"/>
							<String ID="P1_ST00254" HPOS="795" VPOS="5319" WIDTH="38" HEIGHT="21" CONTENT="us" WC="0.29" CC="76"/>
							<SP ID="P1_SP00186" HPOS="833" VPOS="5355" WIDTH="16"/>
							<String ID="P1_ST00255" HPOS="849" VPOS="5311" WIDTH="33" HEIGHT="30" CONTENT="at" WC="1.00" CC="00"/>
						</TextLine>
						<TextLine ID="P1_TL00065" HPOS="115" VPOS="5355" WIDTH="765" HEIGHT="47">
							<String ID="P1_ST00256" HPOS="115" VPOS="5375" WIDTH="96" HEIGHT="27" CONTENT="mcs." WC="0.59" CC="2580"/>
							<SP ID="P1_SP00187" HPOS="211" VPOS="5402" WIDTH="43"/>
							<String ID="P1_ST00257" HPOS="254" VPOS="5361" WIDTH="142" HEIGHT="35" CONTENT="Address" WC="0.98" CC="9060287"/>
							<SP ID="P1_SP00188" HPOS="396" VPOS="5402" WIDTH="17"/>
							<String ID="P1_ST00258" HPOS="413" VPOS="5356" WIDTH="188" HEIGHT="37" CONTENT="STINSON" WC="0.27" CC="4679749"/>
							<SP ID="P1_SP00189" HPOS="601" VPOS="5402" WIDTH="32"/>
							<String ID="P1_ST00259" HPOS="633" VPOS="5356" WIDTH="23" HEIGHT="33" CONTENT="4" WC="1.00" CC="9"/>
							<SP ID="P1_SP00190" HPOS="656" VPOS="5402" WIDTH="26"/>
							<String ID="P1_ST00260" HPOS="682" VPOS="5355" WIDTH="65" HEIGHT="33" CONTENT="CO." WC="0.92" CC="974"/>
							<SP ID="P1_SP00191" HPOS="747" VPOS="5402" WIDTH="44"/>
							<String ID="P1_ST00261" HPOS="791" VPOS="5355" WIDTH="72" HEIGHT="34" CONTENT="fort" SUBS_TYPE="HypPart1" SUBS_CONTENT="fortlaaA," WC="0.26" CC="7959"/>
							<HYP HPOS="863" VPOS="5355" WIDTH="17" CONTENT="-"/>
						</TextLine>
						<TextLine ID="P1_TL00066" HPOS="115" VPOS="5405" WIDTH="517" HEIGHT="43">
							<String ID="P1_ST00262" HPOS="115" VPOS="5412" WIDTH="93" HEIGHT="36" CONTENT="laaA," SUBS_TYPE="HypPart2" SUBS_CONTENT="fortlaaA," WC="0.33" CC="86673"/>
							<SP ID="P1_SP00192" HPOS="208" VPOS="5448" WIDTH="19"/>
							<String ID="P1_ST00263" HPOS="227" VPOS="5410" WIDTH="122" HEIGHT="35" CONTENT="Maine.," WC="0.97" CC="7726940"/>
							<SP ID="P1_SP00193" HPOS="349" VPOS="5448" WIDTH="18"/>
							<String ID="P1_ST00264" HPOS="367" VPOS="5405" WIDTH="121" HEIGHT="33" CONTENT="United" WC="0.96" CC="286799"/>
							<SP ID="P1_SP00194" HPOS="488" VPOS="5448" WIDTH="27"/>
							<String ID="P1_ST00265" HPOS="515" VPOS="5405" WIDTH="56" HEIGHT="30" CONTENT="*U" WC="0.28" CC="77"/>
							<String ID="P1_ST00266" HPOS="574" VPOS="5407" WIDTH="11" HEIGHT="19" CONTENT="f" STYLE="superscript" WC="1.00" CC="9"/>
							<String ID="P1_ST00267" HPOS="588" VPOS="5414" WIDTH="44" HEIGHT="21" CONTENT="«s." WC="0.57" CC="722"/>
						</TextLine>
						<TextLine ID="P1_TL00067" HPOS="160" VPOS="5488" WIDTH="722" HEIGHT="44">
							<String ID="P1_ST00268" HPOS="160" VPOS="5497" WIDTH="91" HEIGHT="35" CONTENT="ONE" WC="0.94" CC="266"/>
							<SP ID="P1_SP00195" HPOS="251" VPOS="5532" WIDTH="14"/>
							<String ID="P1_ST00269" HPOS="265" VPOS="5493" WIDTH="90" HEIGHT="36" CONTENT="BOX" WC="0.95" CC="707"/>
							<SP ID="P1_SP00196" HPOS="355" VPOS="5532" WIDTH="11"/>
							<String ID="P1_ST00270" HPOS="366" VPOS="5492" WIDTH="55" HEIGHT="34" CONTENT="OF" WC="0.67" CC="06"/>
							<SP ID="P1_SP00197" HPOS="421" VPOS="5532" WIDTH="12"/>
							<String ID="P1_ST00271" HPOS="433" VPOS="5490" WIDTH="215" HEIGHT="34" CONTENT="CLARKE'S" WC="0.98" CC="50776927"/>
							<SP ID="P1_SP00198" HPOS="648" VPOS="5532" WIDTH="14"/>
							<String ID="P1_ST00272" HPOS="662" VPOS="5489" WIDTH="26" HEIGHT="32" CONTENT="B" WC="0.24" CC="7"/>
							<SP ID="P1_SP00199" HPOS="688" VPOS="5532" WIDTH="14"/>
							<String ID="P1_ST00273" HPOS="702" VPOS="5490" WIDTH="38" HEIGHT="31" CONTENT="41" WC="0.30" CC="76"/>
							<SP ID="P1_SP00200" HPOS="740" VPOS="5532" WIDTH="14"/>
							<String ID="P1_ST00274" HPOS="754" VPOS="5488" WIDTH="128" HEIGHT="33" CONTENT="PILLS" WC="0.98" CC="64007"/>
						</TextLine>
						<TextLine ID="P1_TL00068" HPOS="115" VPOS="5534" WIDTH="765" HEIGHT="45">
							<String ID="P1_ST00275" HPOS="115" VPOS="5546" WIDTH="32" HEIGHT="33" CONTENT="is" WC="0.38" CC="74"/>
							<SP ID="P1_SP00201" HPOS="147" VPOS="5579" WIDTH="13"/>
							<String ID="P1_ST00276" HPOS="160" VPOS="5539" WIDTH="188" HEIGHT="38" CONTENT="warranted" WC="0.98" CC="940608770"/>
							<SP ID="P1_SP00202" HPOS="348" VPOS="5579" WIDTH="23"/>
							<String ID="P1_ST00277" HPOS="371" VPOS="5543" WIDTH="33" HEIGHT="27" CONTENT="to" WC="0.36" CC="74"/>
							<SP ID="P1_SP00203" HPOS="404" VPOS="5579" WIDTH="23"/>
							<String ID="P1_ST00278" HPOS="427" VPOS="5546" WIDTH="74" HEIGHT="23" CONTENT="cure" WC="0.95" CC="9707"/>
							<SP ID="P1_SP00204" HPOS="501" VPOS="5579" WIDTH="17"/>
							<String ID="P1_ST00279" HPOS="518" VPOS="5535" WIDTH="44" HEIGHT="32" CONTENT="all" WC="0.91" CC="968"/>
							<SP ID="P1_SP00205" HPOS="562" VPOS="5579" WIDTH="24"/>
							<String ID="P1_ST00280" HPOS="586" VPOS="5534" WIDTH="189" HEIGHT="41" CONTENT="discharges" WC="0.98" CC="7871060461"/>
							<SP ID="P1_SP00206" HPOS="775" VPOS="5579" WIDTH="22"/>
							<String ID="P1_ST00281" HPOS="797" VPOS="5534" WIDTH="83" HEIGHT="32" CONTENT="from" WC="0.95" CC="5069"/>
						</TextLine>
						<TextLine ID="P1_TL00069" HPOS="114" VPOS="5579" WIDTH="767" HEIGHT="51">
							<String ID="P1_ST00282" HPOS="114" VPOS="5592" WIDTH="61" HEIGHT="34" CONTENT="the" WC="0.92" CC="777"/>
							<SP ID="P1_SP00207" HPOS="175" VPOS="5626" WIDTH="17"/>
							<String ID="P1_ST00283" HPOS="192" VPOS="5588" WIDTH="144" HEIGHT="42" CONTENT="Urinary" WC="0.98" CC="6917008"/>
							<SP ID="P1_SP00208" HPOS="336" VPOS="5630" WIDTH="9"/>
							<String ID="P1_ST00284" HPOS="345" VPOS="5586" WIDTH="137" HEIGHT="40" CONTENT="Organs," WC="0.97" CC="0648873"/>
							<SP ID="P1_SP00209" HPOS="482" VPOS="5630" WIDTH="7"/>
							<String ID="P1_ST00285" HPOS="489" VPOS="5581" WIDTH="37" HEIGHT="33" CONTENT="in" WC="0.40" CC="38"/>
							<SP ID="P1_SP00210" HPOS="526" VPOS="5630" WIDTH="9"/>
							<String ID="P1_ST00286" HPOS="535" VPOS="5579" WIDTH="106" HEIGHT="35" CONTENT="either" WC="0.98" CC="056070"/>
							<SP ID="P1_SP00211" HPOS="641" VPOS="5630" WIDTH="11"/>
							<String ID="P1_ST00287" HPOS="652" VPOS="5591" WIDTH="54" HEIGHT="21" CONTENT="sex" WC="0.93" CC="683"/>
							<SP ID="P1_SP00212" HPOS="706" VPOS="5630" WIDTH="11"/>
							<String ID="P1_ST00288" HPOS="717" VPOS="5579" WIDTH="164" HEIGHT="43" CONTENT="(acquired" WC="0.97" CC="667986970"/>
						</TextLine>
						<TextLine ID="P1_TL00070" HPOS="112" VPOS="5625" WIDTH="768" HEIGHT="48">
							<String ID="P1_ST00289" HPOS="112" VPOS="5649" WIDTH="42" HEIGHT="24" CONTENT="-or" WC="0.96" CC="460"/>
							<SP ID="P1_SP00213" HPOS="154" VPOS="5673" WIDTH="22"/>
							<String ID="P1_ST00290" HPOS="176" VPOS="5630" WIDTH="273" HEIGHT="43" CONTENT="constitutional)," WC="1.00" CC="2066000801019340"/>
							<SP ID="P1_SP00214" HPOS="449" VPOS="5673" WIDTH="25"/>
							<String ID="P1_ST00291" HPOS="474" VPOS="5627" WIDTH="131" HEIGHT="37" CONTENT="Gravel," WC="0.98" CC="6085742"/>
							<SP ID="P1_SP00215" HPOS="605" VPOS="5673" WIDTH="32"/>
							<String ID="P1_ST00292" HPOS="637" VPOS="5625" WIDTH="63" HEIGHT="33" CONTENT="and" WC="0.91" CC="679"/>
							<SP ID="P1_SP00216" HPOS="700" VPOS="5673" WIDTH="25"/>
							<String ID="P1_ST00293" HPOS="725" VPOS="5625" WIDTH="99" HEIGHT="32" CONTENT="Pains" WC="0.97" CC="07076"/>
							<SP ID="P1_SP00217" HPOS="824" VPOS="5673" WIDTH="22"/>
							<String ID="P1_ST00294" HPOS="846" VPOS="5626" WIDTH="34" HEIGHT="31" CONTENT="in" WC="0.29" CC="67"/>
						</TextLine>
						<TextLine ID="P1_TL00071" HPOS="112" VPOS="5671" WIDTH="767" HEIGHT="46">
							<String ID="P1_ST00295" HPOS="112" VPOS="5685" WIDTH="60" HEIGHT="32" CONTENT="Ihe" WC="0.18" CC="788"/>
							<SP ID="P1_SP00218" HPOS="172" VPOS="5717" WIDTH="13"/>
							<String ID="P1_ST00296" HPOS="185" VPOS="5680" WIDTH="99" HEIGHT="34" CONTENT="Back." WC="0.97" CC="93042"/>
							<SP ID="P1_SP00219" HPOS="284" VPOS="5717" WIDTH="26"/>
							<String ID="P1_ST00297" HPOS="310" VPOS="5674" WIDTH="209" HEIGHT="36" CONTENT="Guaranteed" WC="0.98" CC="9575779450"/>
							<SP ID="P1_SP00220" HPOS="519" VPOS="5717" WIDTH="14"/>
							<String ID="P1_ST00298" HPOS="533" VPOS="5675" WIDTH="66" HEIGHT="30" CONTENT="free" WC="0.96" CC="7067"/>
							<SP ID="P1_SP00221" HPOS="599" VPOS="5717" WIDTH="14"/>
							<String ID="P1_ST00299" HPOS="613" VPOS="5672" WIDTH="85" HEIGHT="32" CONTENT="from" WC="0.98" CC="4005"/>
							<SP ID="P1_SP00222" HPOS="698" VPOS="5717" WIDTH="19"/>
							<String ID="P1_ST00300" HPOS="717" VPOS="5671" WIDTH="162" HEIGHT="37" CONTENT="Mercury." WC="0.98" CC="67336074"/>
						</TextLine>
						<TextLine ID="P1_TL00072" HPOS="112" VPOS="5716" WIDTH="768" HEIGHT="48">
							<String ID="P1_ST00301" HPOS="112" VPOS="5728" WIDTH="82" HEIGHT="36" CONTENT="Sold" WC="0.96" CC="7560"/>
							<SP ID="P1_SP00223" HPOS="194" VPOS="5764" WIDTH="13"/>
							<String ID="P1_ST00302" HPOS="207" VPOS="5727" WIDTH="37" HEIGHT="33" CONTENT="in" WC="0.25" CC="77"/>
							<SP ID="P1_SP00224" HPOS="244" VPOS="5764" WIDTH="16"/>
							<String ID="P1_ST00303" HPOS="260" VPOS="5725" WIDTH="118" HEIGHT="33" CONTENT="Boxes," WC="0.97" CC="767553"/>
							<SP ID="P1_SP00225" HPOS="378" VPOS="5764" WIDTH="17"/>
							<String ID="P1_ST00304" HPOS="395" VPOS="5722" WIDTH="36" HEIGHT="32" CONTENT="4s" WC="0.15" CC="69"/>
							<SP ID="P1_SP00226" HPOS="431" VPOS="5764" WIDTH="11"/>
							<String ID="P1_ST00305" HPOS="442" VPOS="5720" WIDTH="40" HEIGHT="33" CONTENT="6d" WC="0.16" CC="69"/>
							<SP ID="P1_SP00227" HPOS="482" VPOS="5764" WIDTH="12"/>
							<String ID="P1_ST00306" HPOS="494" VPOS="5718" WIDTH="92" HEIGHT="39" CONTENT="each," WC="0.98" CC="59200"/>
							<SP ID="P1_SP00228" HPOS="586" VPOS="5764" WIDTH="16"/>
							<String ID="P1_ST00307" HPOS="602" VPOS="5718" WIDTH="42" HEIGHT="42" CONTENT="by" WC="0.15" CC="96"/>
							<SP ID="P1_SP00229" HPOS="644" VPOS="5764" WIDTH="14"/>
							<String ID="P1_ST00308" HPOS="658" VPOS="5717" WIDTH="42" HEIGHT="33" CONTENT="all" WC="0.95" CC="614"/>
							<SP ID="P1_SP00230" HPOS="700" VPOS="5764" WIDTH="15"/>
							<String ID="P1_ST00309" HPOS="715" VPOS="5716" WIDTH="165" HEIGHT="33" CONTENT="Chemists" WC="0.97" CC="47563865"/>
						</TextLine>
						<TextLine ID="P1_TL00073" HPOS="109" VPOS="5764" WIDTH="769" HEIGHT="46">
							<String ID="P1_ST00310" HPOS="109" VPOS="5774" WIDTH="72" HEIGHT="36" CONTENT="and" WC="0.91" CC="779"/>
							<SP ID="P1_SP00231" HPOS="181" VPOS="5810" WIDTH="18"/>
							<String ID="P1_ST00311" HPOS="199" VPOS="5774" WIDTH="116" HEIGHT="32" CONTENT="Patent" WC="0.96" CC="963987"/>
							<SP ID="P1_SP00232" HPOS="315" VPOS="5810" WIDTH="20"/>
							<String ID="P1_ST00312" HPOS="335" VPOS="5769" WIDTH="158" HEIGHT="32" CONTENT="Medicine" WC="0.98" CC="51074477"/>
							<SP ID="P1_SP00233" HPOS="493" VPOS="5810" WIDTH="17"/>
							<String ID="P1_ST00313" HPOS="510" VPOS="5765" WIDTH="175" HEIGHT="36" CONTENT="Veudors;" WC="0.21" CC="88796975"/>
							<SP ID="P1_SP00234" HPOS="685" VPOS="5810" WIDTH="119"/>
							<String ID="P1_ST00314" HPOS="804" VPOS="5764" WIDTH="56" HEIGHT="31" CONTENT="Pra" SUBS_TYPE="HypPart1" SUBS_CONTENT="Pra©rietors," WC="0.46" CC="098"/>
							<HYP HPOS="860" VPOS="5764" WIDTH="18" CONTENT="-"/>
						</TextLine>
						<TextLine ID="P1_TL00074" HPOS="108" VPOS="5809" WIDTH="790" HEIGHT="47">
							<String ID="P1_ST00315" HPOS="108" VPOS="5821" WIDTH="153" HEIGHT="35" CONTENT="©rietors," SUBS_TYPE="HypPart2" SUBS_CONTENT="Pra©rietors," WC="0.46" CC="437797411"/>
							<SP ID="P1_SP00235" HPOS="261" VPOS="5856" WIDTH="40"/>
							<String ID="P1_ST00316" HPOS="301" VPOS="5816" WIDTH="72" HEIGHT="33" CONTENT="The" WC="0.92" CC="766"/>
							<SP ID="P1_SP00236" HPOS="373" VPOS="5856" WIDTH="50"/>
							<String ID="P1_ST00317" HPOS="423" VPOS="5814" WIDTH="146" HEIGHT="31" CONTENT='Lincoln"' WC="0.97" CC="77777677"/>
							<SP ID="P1_SP00237" HPOS="569" VPOS="5856" WIDTH="44"/>
							<String ID="P1_ST00318" HPOS="613" VPOS="5820" WIDTH="65" HEIGHT="22" CONTENT="and" WC="0.91" CC="697"/>
							<SP ID="P1_SP00238" HPOS="678" VPOS="5856" WIDTH="40"/>
							<String ID="P1_ST00319" HPOS="718" VPOS="5809" WIDTH="160" HEIGHT="32" CONTENT="Midland" WC="0.97" CC="4656677"/>
							<SP ID="P1_SP00239" HPOS="878" VPOS="5856" WIDTH="18"/>
							<String ID="P1_ST00320" HPOS="896" VPOS="5809" WIDTH="2" HEIGHT="47" CONTENT="i" WC="0.13" CC="8"/>
						</TextLine>
						<TextLine ID="P1_TL00075" HPOS="107" VPOS="5852" WIDTH="791" HEIGHT="51">
							<String ID="P1_ST00321" HPOS="107" VPOS="5871" WIDTH="177" HEIGHT="32" CONTENT="Counties" WC="0.97" CC="73596696"/>
							<SP ID="P1_SP00240" HPOS="284" VPOS="5903" WIDTH="27"/>
							<String ID="P1_ST00322" HPOS="311" VPOS="5864" WIDTH="97" HEIGHT="31" CONTENT="Drug-" WC="0.96" CC="77682"/>
							<SP ID="P1_SP00241" HPOS="408" VPOS="5903" WIDTH="27"/>
							<String ID="P1_ST00323" HPOS="435" VPOS="5860" WIDTH="68" HEIGHT="32" CONTENT="Co.," WC="0.96" CC="7334"/>
							<SP ID="P1_SP00242" HPOS="503" VPOS="5903" WIDTH="32"/>
							<String ID="P1_ST00324" HPOS="535" VPOS="5857" WIDTH="151" HEIGHT="37" CONTENT="Lincoln," WC="0.97" CC="96887682"/>
							<SP ID="P1_SP00243" HPOS="686" VPOS="5903" WIDTH="28"/>
							<String ID="P1_ST00325" HPOS="714" VPOS="5856" WIDTH="163" HEIGHT="40" CONTENT="England." WC="0.97" CC="58884673"/>
							<SP ID="P1_SP00244" HPOS="877" VPOS="5903" WIDTH="18"/>
							<String ID="P1_ST00326" HPOS="895" VPOS="5852" WIDTH="3" HEIGHT="51" CONTENT="|" WC="0.20" CC="7"/>
						</TextLine>
						<TextLine ID="P1_TL00076" HPOS="107" VPOS="5902" WIDTH="741" HEIGHT="50">
							<String ID="P1_ST00327" HPOS="107" VPOS="5911" WIDTH="193" HEIGHT="41" CONTENT="Wholesale" WC="0.97" CC="719786979"/>
							<SP ID="P1_SP00245" HPOS="300" VPOS="5952" WIDTH="17"/>
							<String ID="P1_ST00328" HPOS="317" VPOS="5908" WIDTH="35" HEIGHT="38" CONTENT="of" WC="0.28" CC="76"/>
							<SP ID="P1_SP00246" HPOS="352" VPOS="5952" WIDTH="13"/>
							<String ID="P1_ST00329" HPOS="365" VPOS="5908" WIDTH="44" HEIGHT="36" CONTENT="all" WC="0.91" CC="976"/>
							<SP ID="P1_SP00247" HPOS="409" VPOS="5952" WIDTH="16"/>
							<String ID="P1_ST00330" HPOS="425" VPOS="5906" WIDTH="55" HEIGHT="37" CONTENT="the" WC="0.92" CC="777"/>
							<SP ID="P1_SP00248" HPOS="480" VPOS="5952" WIDTH="23"/>
							<String ID="P1_ST00331" HPOS="503" VPOS="5902" WIDTH="186" HEIGHT="38" CONTENT="Wholesale" WC="0.98" CC="877567707"/>
							<SP ID="P1_SP00249" HPOS="689" VPOS="5952" WIDTH="18"/>
							<String ID="P1_ST00332" HPOS="707" VPOS="5902" WIDTH="141" HEIGHT="36" CONTENT="Houses." WC="0.96" CC="8979771"/>
						</TextLine>
					</TextBlock>
				</ComposedBlock>
				<ComposedBlock ID="P1_CB00002" HPOS="911" VPOS="4394" WIDTH="769" HEIGHT="1545" TYPE="Advertisement">
					<TextBlock ID="P1_TB00006" HPOS="911" VPOS="4394" WIDTH="769" HEIGHT="1545" STYLEREFS="TXT_2 PAR_LEFT">
						<TextLine ID="P1_TL00077" HPOS="1053" VPOS="4396" WIDTH="495" HEIGHT="37">
							<String ID="P1_ST00333" HPOS="1053" VPOS="4396" WIDTH="229" HEIGHT="37" CONTENT="NOBEL'S" WC="0.99" CC="4004024"/>
							<SP ID="P1_SP00250" HPOS="1282" VPOS="4433" WIDTH="53"/>
							<String ID="P1_ST00334" HPOS="1335" VPOS="4397" WIDTH="135" HEIGHT="36" CONTENT="PATS" WC="0.95" CC="6564"/>
							<SP ID="P1_SP00251" HPOS="1470" VPOS="4433" WIDTH="5"/>
							<String ID="P1_ST00335" HPOS="1475" VPOS="4397" WIDTH="73" HEIGHT="36" CONTENT="NT" WC="0.45" CC="64"/>
						</TextLine>
						<TextLine ID="P1_TL00078" HPOS="924" VPOS="4452" WIDTH="754" HEIGHT="76">
							<String ID="P1_ST00336" HPOS="924" VPOS="4452" WIDTH="754" HEIGHT="76" CONTENT="DYNAMITE." WC="0.98" CC="757723660"/>
						</TextLine>
						<TextLine ID="P1_TL00079" HPOS="961" VPOS="4595" WIDTH="680" HEIGHT="44">
							<String ID="P1_ST00337" HPOS="961" VPOS="4595" WIDTH="46" HEIGHT="31" CONTENT="To" WC="0.56" CC="17"/>
							<SP ID="P1_SP00252" HPOS="1007" VPOS="4626" WIDTH="18"/>
							<String ID="P1_ST00338" HPOS="1025" VPOS="4595" WIDTH="219" HEIGHT="36" CONTENT="Contractors," WC="0.99" CC="576071102700"/>
							<SP ID="P1_SP00253" HPOS="1244" VPOS="4631" WIDTH="25"/>
							<String ID="P1_ST00339" HPOS="1269" VPOS="4597" WIDTH="135" HEIGHT="38" CONTENT="Miners," WC="0.98" CC="0464062"/>
							<SP ID="P1_SP00254" HPOS="1404" VPOS="4635" WIDTH="17"/>
							<String ID="P1_ST00340" HPOS="1421" VPOS="4598" WIDTH="220" HEIGHT="41" CONTENT="Quarryinen," WC="0.52" CC="08806066771"/>
						</TextLine>
						<TextLine ID="P1_TL00080" HPOS="1188" VPOS="4640" WIDTH="224" HEIGHT="35">
							<String ID="P1_ST00341" HPOS="1188" VPOS="4640" WIDTH="66" HEIGHT="33" CONTENT="and" WC="0.93" CC="980"/>
							<SP ID="P1_SP00255" HPOS="1254" VPOS="4673" WIDTH="28"/>
							<String ID="P1_ST00342" HPOS="1282" VPOS="4641" WIDTH="130" HEIGHT="34" CONTENT="Others." WC="0.97" CC="3777877"/>
						</TextLine>
						<TextLine ID="P1_TL00081" HPOS="924" VPOS="4732" WIDTH="756" HEIGHT="71">
							<String ID="P1_ST00343" HPOS="924" VPOS="4732" WIDTH="229" HEIGHT="71" CONTENT="NOBEL's" WC="0.51" CC="6375307"/>
							<SP ID="P1_SP00256" HPOS="1153" VPOS="4803" WIDTH="16"/>
							<String ID="P1_ST00344" HPOS="1169" VPOS="4733" WIDTH="254" HEIGHT="43" CONTENT="DYNAMITE," WC="0.98" CC="746773073"/>
							<SP ID="P1_SP00257" HPOS="1423" VPOS="4803" WIDTH="12"/>
							<String ID="P1_ST00345" HPOS="1435" VPOS="4735" WIDTH="85" HEIGHT="34" CONTENT="from" WC="0.94" CC="4974"/>
							<SP ID="P1_SP00258" HPOS="1520" VPOS="4803" WIDTH="11"/>
							<String ID="P1_ST00346" HPOS="1531" VPOS="4736" WIDTH="149" HEIGHT="45" CONTENT="repeated" WC="0.98" CC="66603007"/>
						</TextLine>
						<TextLine ID="P1_TL00082" HPOS="1047" VPOS="4779" WIDTH="633" HEIGHT="44">
							<String ID="P1_ST00347" HPOS="1047" VPOS="4779" WIDTH="94" HEIGHT="33" CONTENT="trials" WC="0.99" CC="001106"/>
							<SP ID="P1_SP00259" HPOS="1141" VPOS="4812" WIDTH="21"/>
							<String ID="P1_ST00348" HPOS="1162" VPOS="4779" WIDTH="44" HEIGHT="43" CONTENT="by" WC="0.17" CC="96"/>
							<SP ID="P1_SP00260" HPOS="1206" VPOS="4822" WIDTH="29"/>
							<String ID="P1_ST00349" HPOS="1235" VPOS="4780" WIDTH="54" HEIGHT="32" CONTENT="the" WC="0.94" CC="970"/>
							<SP ID="P1_SP00261" HPOS="1289" VPOS="4822" WIDTH="31"/>
							<String ID="P1_ST00350" HPOS="1320" VPOS="4782" WIDTH="122" HEIGHT="41" CONTENT="largest" WC="0.96" CC="1998889"/>
							<SP ID="P1_SP00262" HPOS="1442" VPOS="4823" WIDTH="30"/>
							<String ID="P1_ST00351" HPOS="1472" VPOS="4783" WIDTH="208" HEIGHT="33" CONTENT="Contractors" WC="0.99" CC="33909757006"/>
						</TextLine>
						<TextLine ID="P1_TL00083" HPOS="920" VPOS="4824" WIDTH="760" HEIGHT="45">
							<String ID="P1_ST00352" HPOS="920" VPOS="4824" WIDTH="64" HEIGHT="33" CONTENT="and" WC="0.91" CC="579"/>
							<SP ID="P1_SP00263" HPOS="984" VPOS="4857" WIDTH="18"/>
							<String ID="P1_ST00353" HPOS="1002" VPOS="4824" WIDTH="129" HEIGHT="45" CONTENT="Mining" WC="0.97" CC="630469"/>
							<SP ID="P1_SP00264" HPOS="1131" VPOS="4869" WIDTH="14"/>
							<String ID="P1_ST00354" HPOS="1145" VPOS="4826" WIDTH="173" HEIGHT="43" CONTENT="Managers" WC="0.98" CC="77097701"/>
							<SP ID="P1_SP00265" HPOS="1318" VPOS="4869" WIDTH="16"/>
							<String ID="P1_ST00355" HPOS="1334" VPOS="4828" WIDTH="33" HEIGHT="31" CONTENT="in" WC="0.82" CC="30"/>
							<SP ID="P1_SP00266" HPOS="1367" VPOS="4869" WIDTH="18"/>
							<String ID="P1_ST00356" HPOS="1385" VPOS="4828" WIDTH="54" HEIGHT="33" CONTENT="the" WC="0.92" CC="973"/>
							<SP ID="P1_SP00267" HPOS="1439" VPOS="4869" WIDTH="16"/>
							<String ID="P1_ST00357" HPOS="1455" VPOS="4829" WIDTH="225" HEIGHT="33" CONTENT="Australasian" WC="0.98" CC="987906476370"/>
						</TextLine>
						<TextLine ID="P1_TL00084" HPOS="920" VPOS="4871" WIDTH="760" HEIGHT="42">
							<String ID="P1_ST00358" HPOS="920" VPOS="4871" WIDTH="162" HEIGHT="39" CONTENT="Colonies," WC="0.99" CC="056003531"/>
							<SP ID="P1_SP00268" HPOS="1082" VPOS="4910" WIDTH="17"/>
							<String ID="P1_ST00359" HPOS="1099" VPOS="4873" WIDTH="65" HEIGHT="31" CONTENT="and" WC="0.97" CC="700"/>
							<SP ID="P1_SP00269" HPOS="1164" VPOS="4910" WIDTH="15"/>
							<String ID="P1_ST00360" HPOS="1179" VPOS="4873" WIDTH="85" HEIGHT="31" CONTENT="from" WC="0.98" CC="7040"/>
							<SP ID="P1_SP00270" HPOS="1264" VPOS="4910" WIDTH="18"/>
							<String ID="P1_ST00361" HPOS="1282" VPOS="4873" WIDTH="75" HEIGHT="40" CONTENT="long" WC="0.97" CC="6501"/>
							<SP ID="P1_SP00271" HPOS="1357" VPOS="4913" WIDTH="16"/>
							<String ID="P1_ST00362" HPOS="1373" VPOS="4885" WIDTH="56" HEIGHT="21" CONTENT="use" WC="0.94" CC="770"/>
							<SP ID="P1_SP00272" HPOS="1429" VPOS="4913" WIDTH="31"/>
							<String ID="P1_ST00363" HPOS="1460" VPOS="4875" WIDTH="66" HEIGHT="33" CONTENT="and" WC="0.94" CC="970"/>
							<SP ID="P1_SP00273" HPOS="1526" VPOS="4913" WIDTH="29"/>
							<String ID="P1_ST00364" HPOS="1555" VPOS="4880" WIDTH="125" HEIGHT="28" CONTENT="mortar" WC="0.98" CC="031790"/>
						</TextLine>
						<TextLine ID="P1_TL00085" HPOS="920" VPOS="4916" WIDTH="759" HEIGHT="48">
							<String ID="P1_ST00365" HPOS="920" VPOS="4920" WIDTH="89" HEIGHT="35" CONTENT="tests," WC="0.97" CC="676060"/>
							<SP ID="P1_SP00274" HPOS="1009" VPOS="4955" WIDTH="17"/>
							<String ID="P1_ST00366" HPOS="1026" VPOS="4916" WIDTH="60" HEIGHT="33" CONTENT="has" WC="0.92" CC="795"/>
							<SP ID="P1_SP00275" HPOS="1086" VPOS="4955" WIDTH="16"/>
							<String ID="P1_ST00367" HPOS="1102" VPOS="4918" WIDTH="121" HEIGHT="42" CONTENT="proved" WC="0.97" CC="904709"/>
							<SP ID="P1_SP00276" HPOS="1223" VPOS="4960" WIDTH="14"/>
							<String ID="P1_ST00368" HPOS="1237" VPOS="4918" WIDTH="90" HEIGHT="33" CONTENT="itself" WC="0.98" CC="306445"/>
							<SP ID="P1_SP00277" HPOS="1327" VPOS="4960" WIDTH="13"/>
							<String ID="P1_ST00369" HPOS="1340" VPOS="4919" WIDTH="127" HEIGHT="43" CONTENT="beyond" WC="0.97" CC="867070"/>
							<SP ID="P1_SP00278" HPOS="1467" VPOS="4962" WIDTH="31"/>
							<String ID="P1_ST00370" HPOS="1498" VPOS="4920" WIDTH="127" HEIGHT="44" CONTENT="dispute" WC="0.98" CC="0367645"/>
							<SP ID="P1_SP00279" HPOS="1625" VPOS="4964" WIDTH="23"/>
							<String ID="P1_ST00371" HPOS="1648" VPOS="4925" WIDTH="31" HEIGHT="28" CONTENT="to" WC="0.91" CC="01"/>
						</TextLine>
						<TextLine ID="P1_TL00086" HPOS="920" VPOS="4962" WIDTH="760" HEIGHT="48">
							<String ID="P1_ST00372" HPOS="920" VPOS="4962" WIDTH="37" HEIGHT="33" CONTENT="be" WC="0.27" CC="77"/>
							<SP ID="P1_SP00280" HPOS="957" VPOS="4995" WIDTH="28"/>
							<String ID="P1_ST00373" HPOS="985" VPOS="4963" WIDTH="54" HEIGHT="33" CONTENT="the" WC="0.94" CC="077"/>
							<SP ID="P1_SP00281" HPOS="1039" VPOS="4996" WIDTH="32"/>
							<String ID="P1_ST00374" HPOS="1071" VPOS="4969" WIDTH="111" HEIGHT="38" CONTENT="purest" WC="0.99" CC="060300"/>
							<SP ID="P1_SP00282" HPOS="1182" VPOS="5007" WIDTH="27"/>
							<String ID="P1_ST00375" HPOS="1209" VPOS="4965" WIDTH="67" HEIGHT="33" CONTENT="and" WC="0.95" CC="490"/>
							<SP ID="P1_SP00283" HPOS="1276" VPOS="5007" WIDTH="22"/>
							<String ID="P1_ST00376" HPOS="1298" VPOS="4965" WIDTH="43" HEIGHT="44" CONTENT="by" WC="0.50" CC="09"/>
							<SP ID="P1_SP00284" HPOS="1341" VPOS="5009" WIDTH="22"/>
							<String ID="P1_ST00377" HPOS="1363" VPOS="4966" WIDTH="50" HEIGHT="34" CONTENT="far" WC="0.94" CC="275"/>
							<SP ID="P1_SP00285" HPOS="1413" VPOS="5009" WIDTH="21"/>
							<String ID="P1_ST00378" HPOS="1434" VPOS="4967" WIDTH="56" HEIGHT="33" CONTENT="the" WC="0.93" CC="477"/>
							<SP ID="P1_SP00286" HPOS="1490" VPOS="5009" WIDTH="27"/>
							<String ID="P1_ST00379" HPOS="1517" VPOS="4972" WIDTH="163" HEIGHT="38" CONTENT="strongest" WC="0.98" CC="979589500"/>
						</TextLine>
						<TextLine ID="P1_TL00087" HPOS="919" VPOS="5010" WIDTH="266" HEIGHT="33">
							<String ID="P1_ST00380" HPOS="919" VPOS="5010" WIDTH="266" HEIGHT="33" CONTENT="manufactured." WC="0.99" CC="9474203759700"/>
						</TextLine>
						<TextLine ID="P1_TL00088" HPOS="960" VPOS="5068" WIDTH="718" HEIGHT="48">
							<String ID="P1_ST00381" HPOS="960" VPOS="5068" WIDTH="31" HEIGHT="33" CONTENT="It" WC="0.29" CC="49"/>
							<SP ID="P1_SP00287" HPOS="991" VPOS="5101" WIDTH="15"/>
							<String ID="P1_ST00382" HPOS="1006" VPOS="5068" WIDTH="27" HEIGHT="33" CONTENT="is" WC="0.95" CC="00"/>
							<SP ID="P1_SP00288" HPOS="1033" VPOS="5101" WIDTH="16"/>
							<String ID="P1_ST00383" HPOS="1049" VPOS="5069" WIDTH="198" HEIGHT="44" CONTENT="unequalled" WC="0.98" CC="8169896310"/>
							<SP ID="P1_SP00289" HPOS="1247" VPOS="5113" WIDTH="16"/>
							<String ID="P1_ST00384" HPOS="1263" VPOS="5070" WIDTH="49" HEIGHT="33" CONTENT="for" WC="0.97" CC="060"/>
							<SP ID="P1_SP00290" HPOS="1312" VPOS="5113" WIDTH="14"/>
							<String ID="P1_ST00385" HPOS="1326" VPOS="5069" WIDTH="142" HEIGHT="46" CONTENT="mining," WC="0.98" CC="4583290"/>
							<SP ID="P1_SP00291" HPOS="1468" VPOS="5115" WIDTH="18"/>
							<String ID="P1_ST00386" HPOS="1486" VPOS="5071" WIDTH="192" HEIGHT="45" CONTENT="quarrying," WC="0.98" CC="2899993790"/>
						</TextLine>
						<TextLine ID="P1_TL00089" HPOS="918" VPOS="5115" WIDTH="762" HEIGHT="44">
							<String ID="P1_ST00387" HPOS="918" VPOS="5115" WIDTH="144" HEIGHT="42" CONTENT="blasting" WC="0.98" CC="70719089"/>
							<SP ID="P1_SP00292" HPOS="1062" VPOS="5157" WIDTH="14"/>
							<String ID="P1_ST00388" HPOS="1076" VPOS="5117" WIDTH="46" HEIGHT="38" CONTENT="(in" WC="0.95" CC="237"/>
							<SP ID="P1_SP00293" HPOS="1122" VPOS="5157" WIDTH="16"/>
							<String ID="P1_ST00389" HPOS="1138" VPOS="5121" WIDTH="63" HEIGHT="27" CONTENT="wet" WC="0.97" CC="430"/>
							<SP ID="P1_SP00294" HPOS="1201" VPOS="5157" WIDTH="16"/>
							<String ID="P1_ST00390" HPOS="1217" VPOS="5129" WIDTH="36" HEIGHT="20" CONTENT="or" WC="0.69" CC="60"/>
							<SP ID="P1_SP00295" HPOS="1253" VPOS="5157" WIDTH="15"/>
							<String ID="P1_ST00391" HPOS="1268" VPOS="5118" WIDTH="70" HEIGHT="41" CONTENT="dry," WC="0.97" CC="0690"/>
							<SP ID="P1_SP00296" HPOS="1338" VPOS="5159" WIDTH="26"/>
							<String ID="P1_ST00392" HPOS="1364" VPOS="5119" WIDTH="82" HEIGHT="31" CONTENT="solicl" WC="0.67" CC="054170"/>
							<SP ID="P1_SP00297" HPOS="1446" VPOS="5159" WIDTH="30"/>
							<String ID="P1_ST00393" HPOS="1476" VPOS="5131" WIDTH="36" HEIGHT="20" CONTENT="or" WC="0.71" CC="50"/>
							<SP ID="P1_SP00298" HPOS="1512" VPOS="5159" WIDTH="29"/>
							<String ID="P1_ST00394" HPOS="1541" VPOS="5118" WIDTH="139" HEIGHT="33" CONTENT="iissured" WC="0.36" CC="79887090"/>
						</TextLine>
						<TextLine ID="P1_TL00090" HPOS="917" VPOS="5160" WIDTH="762" HEIGHT="47">
							<String ID="P1_ST00395" HPOS="917" VPOS="5160" WIDTH="102" HEIGHT="41" CONTENT="rock)." WC="0.97" CC="992500"/>
							<SP ID="P1_SP00299" HPOS="1019" VPOS="5201" WIDTH="46"/>
							<String ID="P1_ST00396" HPOS="1065" VPOS="5161" WIDTH="208" HEIGHT="44" CONTENT="Tunnelling," WC="0.99" CC="06770640270"/>
							<SP ID="P1_SP00300" HPOS="1273" VPOS="5205" WIDTH="16"/>
							<String ID="P1_ST00397" HPOS="1289" VPOS="5162" WIDTH="158" HEIGHT="44" CONTENT="breaking" WC="0.98" CC="04764037"/>
							<SP ID="P1_SP00301" HPOS="1447" VPOS="5206" WIDTH="25"/>
							<String ID="P1_ST00398" HPOS="1472" VPOS="5176" WIDTH="43" HEIGHT="31" CONTENT="up" WC="0.64" CC="70"/>
							<SP ID="P1_SP00302" HPOS="1515" VPOS="5207" WIDTH="30"/>
							<String ID="P1_ST00399" HPOS="1545" VPOS="5164" WIDTH="134" HEIGHT="38" CONTENT="wrecks," WC="0.97" CC="7607770"/>
						</TextLine>
						<TextLine ID="P1_TL00091" HPOS="918" VPOS="5206" WIDTH="762" HEIGHT="47">
							<String ID="P1_ST00400" HPOS="918" VPOS="5206" WIDTH="128" HEIGHT="32" CONTENT="sunken" WC="0.97" CC="784080"/>
							<SP ID="P1_SP00303" HPOS="1046" VPOS="5238" WIDTH="15"/>
							<String ID="P1_ST00401" HPOS="1061" VPOS="5207" WIDTH="106" HEIGHT="39" CONTENT="rocks," WC="0.99" CC="601040"/>
							<SP ID="P1_SP00304" HPOS="1167" VPOS="5246" WIDTH="16"/>
							<String ID="P1_ST00402" HPOS="1183" VPOS="5207" WIDTH="143" HEIGHT="44" CONTENT="blowing" WC="0.97" CC="7553387"/>
							<SP ID="P1_SP00305" HPOS="1326" VPOS="5251" WIDTH="22"/>
							<String ID="P1_ST00403" HPOS="1348" VPOS="5215" WIDTH="57" HEIGHT="27" CONTENT="out" WC="0.92" CC="579"/>
							<SP ID="P1_SP00306" HPOS="1405" VPOS="5251" WIDTH="29"/>
							<String ID="P1_ST00404" HPOS="1434" VPOS="5211" WIDTH="66" HEIGHT="33" CONTENT="and" WC="0.97" CC="080"/>
							<SP ID="P1_SP00307" HPOS="1500" VPOS="5251" WIDTH="30"/>
							<String ID="P1_ST00405" HPOS="1530" VPOS="5210" WIDTH="150" HEIGHT="43" CONTENT="splitting;" WC="0.98" CC="7940704677"/>
						</TextLine>
						<TextLine ID="P1_TL00092" HPOS="918" VPOS="5254" WIDTH="489" HEIGHT="40">
							<String ID="P1_ST00406" HPOS="918" VPOS="5263" WIDTH="43" HEIGHT="31" CONTENT="up" WC="0.10" CC="89"/>
							<SP ID="P1_SP00308" HPOS="961" VPOS="5294" WIDTH="16"/>
							<String ID="P1_ST00407" HPOS="977" VPOS="5255" WIDTH="67" HEIGHT="30" CONTENT="tree" WC="0.95" CC="5656"/>
							<SP ID="P1_SP00309" HPOS="1044" VPOS="5294" WIDTH="16"/>
							<String ID="P1_ST00408" HPOS="1060" VPOS="5258" WIDTH="100" HEIGHT="34" CONTENT="roots," WC="0.97" CC="064962"/>
							<SP ID="P1_SP00310" HPOS="1160" VPOS="5294" WIDTH="16"/>
							<String ID="P1_ST00409" HPOS="1176" VPOS="5254" WIDTH="162" HEIGHT="38" CONTENT="boulders," WC="0.99" CC="448507001"/>
							<SP ID="P1_SP00311" HPOS="1338" VPOS="5294" WIDTH="17"/>
							<String ID="P1_ST00410" HPOS="1355" VPOS="5256" WIDTH="52" HEIGHT="33" CONTENT="&amp;c." WC="0.56" CC="372"/>
						</TextLine>
						<TextLine ID="P1_TL00093" HPOS="959" VPOS="5298" WIDTH="718" HEIGHT="49">
							<String ID="P1_ST00411" HPOS="959" VPOS="5298" WIDTH="48" HEIGHT="33" CONTENT="Its" WC="0.93" CC="287"/>
							<SP ID="P1_SP00312" HPOS="1007" VPOS="5331" WIDTH="16"/>
							<String ID="P1_ST00412" HPOS="1023" VPOS="5299" WIDTH="104" HEIGHT="43" CONTENT="safety" WC="0.98" CC="703009"/>
							<SP ID="P1_SP00313" HPOS="1127" VPOS="5342" WIDTH="16"/>
							<String ID="P1_ST00413" HPOS="1143" VPOS="5299" WIDTH="58" HEIGHT="33" CONTENT="has" WC="0.94" CC="790"/>
							<SP ID="P1_SP00314" HPOS="1201" VPOS="5342" WIDTH="17"/>
							<String ID="P1_ST00414" HPOS="1218" VPOS="5299" WIDTH="80" HEIGHT="34" CONTENT="been" WC="0.96" CC="7067"/>
							<SP ID="P1_SP00315" HPOS="1298" VPOS="5342" WIDTH="23"/>
							<String ID="P1_ST00415" HPOS="1321" VPOS="5303" WIDTH="195" HEIGHT="44" CONTENT="completely" WC="0.98" CC="1609470847"/>
							<SP ID="P1_SP00316" HPOS="1516" VPOS="5347" WIDTH="31"/>
							<String ID="P1_ST00416" HPOS="1547" VPOS="5303" WIDTH="109" HEIGHT="33" CONTENT="demon" SUBS_TYPE="HypPart1" SUBS_CONTENT="demonstrated" WC="0.99" CC="00207"/>
							<HYP HPOS="1656" VPOS="5303" WIDTH="21" CONTENT="-"/>
						</TextLine>
						<TextLine ID="P1_TL00094" HPOS="917" VPOS="5345" WIDTH="746" HEIGHT="45">
							<String ID="P1_ST00417" HPOS="917" VPOS="5345" WIDTH="123" HEIGHT="33" CONTENT="strated" SUBS_TYPE="HypPart2" SUBS_CONTENT="demonstrated" WC="0.98" CC="7009750"/>
							<SP ID="P1_SP00317" HPOS="1040" VPOS="5378" WIDTH="16"/>
							<String ID="P1_ST00418" HPOS="1056" VPOS="5345" WIDTH="42" HEIGHT="45" CONTENT="by" WC="0.55" CC="90"/>
							<SP ID="P1_SP00318" HPOS="1098" VPOS="5390" WIDTH="17"/>
							<String ID="P1_ST00419" HPOS="1115" VPOS="5346" WIDTH="55" HEIGHT="33" CONTENT="the" WC="0.94" CC="970"/>
							<SP ID="P1_SP00319" HPOS="1170" VPOS="5390" WIDTH="17"/>
							<String ID="P1_ST00420" HPOS="1187" VPOS="5346" WIDTH="137" HEIGHT="35" CONTENT="absence" WC="0.97" CC="9778836"/>
							<SP ID="P1_SP00320" HPOS="1324" VPOS="5390" WIDTH="12"/>
							<String ID="P1_ST00421" HPOS="1336" VPOS="5348" WIDTH="35" HEIGHT="33" CONTENT="of" WC="0.84" CC="30"/>
							<SP ID="P1_SP00321" HPOS="1371" VPOS="5390" WIDTH="12"/>
							<String ID="P1_ST00422" HPOS="1383" VPOS="5349" WIDTH="174" HEIGHT="41" CONTENT="accidents," WC="0.98" CC="9030908760"/>
							<SP ID="P1_SP00322" HPOS="1557" VPOS="5390" WIDTH="18"/>
							<String ID="P1_ST00423" HPOS="1575" VPOS="5350" WIDTH="88" HEIGHT="34" CONTENT="eithe" WC="0.17" CC="93979"/>
						</TextLine>
						<TextLine ID="P1_TL00095" HPOS="915" VPOS="5393" WIDTH="763" HEIGHT="45">
							<String ID="P1_ST00424" HPOS="915" VPOS="5393" WIDTH="35" HEIGHT="31" CONTENT="in" WC="0.57" CC="08"/>
							<SP ID="P1_SP00323" HPOS="950" VPOS="5424" WIDTH="22"/>
							<String ID="P1_ST00425" HPOS="972" VPOS="5395" WIDTH="128" HEIGHT="36" CONTENT="transit," WC="0.98" CC="70956093"/>
							<SP ID="P1_SP00324" HPOS="1100" VPOS="5431" WIDTH="12"/>
							<String ID="P1_ST00426" HPOS="1112" VPOS="5400" WIDTH="138" HEIGHT="35" CONTENT="storage," WC="0.98" CC="73309904"/>
							<SP ID="P1_SP00325" HPOS="1250" VPOS="5435" WIDTH="20"/>
							<String ID="P1_ST00427" HPOS="1270" VPOS="5406" WIDTH="40" HEIGHT="20" CONTENT="«r" WC="0.35" CC="48"/>
							<SP ID="P1_SP00326" HPOS="1310" VPOS="5435" WIDTH="28"/>
							<String ID="P1_ST00428" HPOS="1338" VPOS="5397" WIDTH="42" HEIGHT="31" CONTENT="its" WC="0.94" CC="097"/>
							<SP ID="P1_SP00327" HPOS="1380" VPOS="5435" WIDTH="29"/>
							<String ID="P1_ST00429" HPOS="1409" VPOS="5398" WIDTH="177" HEIGHT="40" CONTENT="legitimate" WC="0.98" CC="5942715645"/>
							<SP ID="P1_SP00328" HPOS="1586" VPOS="5438" WIDTH="26"/>
							<String ID="P1_ST00430" HPOS="1612" VPOS="5409" WIDTH="66" HEIGHT="21" CONTENT="use." WC="0.95" CC="7773"/>
						</TextLine>
						<TextLine ID="P1_TL00096" HPOS="916" VPOS="5437" WIDTH="763" HEIGHT="48">
							<String ID="P1_ST00431" HPOS="916" VPOS="5438" WIDTH="32" HEIGHT="31" CONTENT="It" WC="0.22" CC="59"/>
							<SP ID="P1_SP00329" HPOS="948" VPOS="5469" WIDTH="14"/>
							<String ID="P1_ST00432" HPOS="962" VPOS="5438" WIDTH="26" HEIGHT="32" CONTENT="is" WC="0.48" CC="27"/>
							<SP ID="P1_SP00330" HPOS="988" VPOS="5470" WIDTH="14"/>
							<String ID="P1_ST00433" HPOS="1002" VPOS="5437" WIDTH="177" HEIGHT="34" CONTENT="insensible" WC="0.98" CC="6401792750"/>
							<SP ID="P1_SP00331" HPOS="1179" VPOS="5471" WIDTH="18"/>
							<String ID="P1_ST00434" HPOS="1197" VPOS="5444" WIDTH="31" HEIGHT="27" CONTENT="to" WC="0.33" CC="93"/>
							<SP ID="P1_SP00332" HPOS="1228" VPOS="5471" WIDTH="18"/>
							<String ID="P1_ST00435" HPOS="1246" VPOS="5439" WIDTH="128" HEIGHT="40" CONTENT="shocks," WC="0.98" CC="0751490"/>
							<SP ID="P1_SP00333" HPOS="1374" VPOS="5479" WIDTH="17"/>
							<String ID="P1_ST00436" HPOS="1391" VPOS="5452" WIDTH="18" HEIGHT="22" CONTENT="a" WC="0.25" CC="7"/>
							<SP ID="P1_SP00334" HPOS="1409" VPOS="5479" WIDTH="11"/>
							<String ID="P1_ST00437" HPOS="1420" VPOS="5443" WIDTH="188" HEIGHT="42" CONTENT="percussion" WC="0.99" CC="0407662065"/>
							<SP ID="P1_SP00335" HPOS="1608" VPOS="5485" WIDTH="13"/>
							<String ID="P1_ST00438" HPOS="1621" VPOS="5453" WIDTH="58" HEIGHT="32" CONTENT="cap" WC="0.97" CC="006"/>
						</TextLine>
						<TextLine ID="P1_TL00097" HPOS="915" VPOS="5483" WIDTH="764" HEIGHT="51">
							<String ID="P1_ST00439" HPOS="915" VPOS="5483" WIDTH="97" HEIGHT="44" CONTENT="being" WC="0.95" CC="88289"/>
							<SP ID="P1_SP00336" HPOS="1012" VPOS="5527" WIDTH="35"/>
							<String ID="P1_ST00440" HPOS="1047" VPOS="5485" WIDTH="152" HEIGHT="44" CONTENT="required" WC="0.99" CC="07971000"/>
							<SP ID="P1_SP00337" HPOS="1199" VPOS="5529" WIDTH="43"/>
							<String ID="P1_ST00441" HPOS="1242" VPOS="5489" WIDTH="33" HEIGHT="31" CONTENT="to" WC="0.50" CC="90"/>
							<SP ID="P1_SP00338" HPOS="1275" VPOS="5529" WIDTH="44"/>
							<String ID="P1_ST00442" HPOS="1319" VPOS="5487" WIDTH="135" HEIGHT="45" CONTENT="develop" WC="0.97" CC="5067679"/>
							<SP ID="P1_SP00339" HPOS="1454" VPOS="5532" WIDTH="47"/>
							<String ID="P1_ST00443" HPOS="1501" VPOS="5492" WIDTH="43" HEIGHT="32" CONTENT="its" WC="0.95" CC="077"/>
							<SP ID="P1_SP00340" HPOS="1544" VPOS="5532" WIDTH="43"/>
							<String ID="P1_ST00444" HPOS="1587" VPOS="5493" WIDTH="92" HEIGHT="41" CONTENT="giant" WC="0.96" CC="70779"/>
						</TextLine>
						<TextLine ID="P1_TL00098" HPOS="915" VPOS="5541" WIDTH="121" HEIGHT="31">
							<String ID="P1_ST00445" HPOS="915" VPOS="5541" WIDTH="121" HEIGHT="31" CONTENT="power." WC="0.97" CC="749050"/>
						</TextLine>
						<TextLine ID="P1_TL00099" HPOS="957" VPOS="5593" WIDTH="378" HEIGHT="37">
							<String ID="P1_ST00446" HPOS="957" VPOS="5593" WIDTH="109" HEIGHT="34" CONTENT="Prices" WC="0.99" CC="602000"/>
							<SP ID="P1_SP00341" HPOS="1066" VPOS="5627" WIDTH="18"/>
							<String ID="P1_ST00447" HPOS="1084" VPOS="5605" WIDTH="53" HEIGHT="22" CONTENT="are" WC="0.93" CC="909"/>
							<SP ID="P1_SP00342" HPOS="1137" VPOS="5627" WIDTH="17"/>
							<String ID="P1_ST00448" HPOS="1154" VPOS="5606" WIDTH="73" HEIGHT="22" CONTENT="now" WC="0.93" CC="829"/>
							<SP ID="P1_SP00343" HPOS="1227" VPOS="5628" WIDTH="18"/>
							<String ID="P1_ST00449" HPOS="1245" VPOS="5596" WIDTH="90" HEIGHT="34" CONTENT="for—" SUBS_TYPE="HypPart1" SUBS_CONTENT="for-1" WC="0.96" CC="8508"/>
						</TextLine>
						<TextLine ID="P1_TL00100" HPOS="957" VPOS="5640" WIDTH="680" HEIGHT="51">
							<String ID="P1_ST00450" HPOS="957" VPOS="5640" WIDTH="15" HEIGHT="32" CONTENT="-1" SUBS_TYPE="HypPart2" SUBS_CONTENT="for-1" WC="0.73" CC="20"/>
							<SP ID="P1_SP00344" HPOS="972" VPOS="5672" WIDTH="26"/>
							<String ID="P1_ST00451" HPOS="998" VPOS="5651" WIDTH="84" HEIGHT="29" CONTENT="ease," WC="0.96" CC="90774"/>
							<SP ID="P1_SP00345" HPOS="1082" VPOS="5680" WIDTH="19"/>
							<String ID="P1_ST00452" HPOS="1101" VPOS="5643" WIDTH="38" HEIGHT="31" CONTENT="50" WC="0.33" CC="66"/>
							<SP ID="P1_SP00346" HPOS="1139" VPOS="5680" WIDTH="15"/>
							<String ID="P1_ST00453" HPOS="1154" VPOS="5641" WIDTH="51" HEIGHT="34" CONTENT="lbs" WC="0.92" CC="777"/>
							<SP ID="P1_SP00347" HPOS="1205" VPOS="5680" WIDTH="220"/>
							<String ID="P1_ST00454" HPOS="1425" VPOS="5647" WIDTH="35" HEIGHT="32" CONTENT="2s" WC="0.22" CC="69"/>
							<SP ID="P1_SP00348" HPOS="1460" VPOS="5680" WIDTH="17"/>
							<String ID="P1_ST00455" HPOS="1477" VPOS="5647" WIDTH="40" HEIGHT="33" CONTENT="6d" WC="0.64" CC="42"/>
							<SP ID="P1_SP00349" HPOS="1517" VPOS="5680" WIDTH="16"/>
							<String ID="P1_ST00456" HPOS="1533" VPOS="5659" WIDTH="57" HEIGHT="32" CONTENT="per" WC="0.93" CC="990"/>
							<SP ID="P1_SP00350" HPOS="1590" VPOS="5691" WIDTH="16"/>
							<String ID="P1_ST00457" HPOS="1606" VPOS="5648" WIDTH="31" HEIGHT="34" CONTENT="lb" WC="0.39" CC="47"/>
						</TextLine>
						<TextLine ID="P1_TL00101" HPOS="956" VPOS="5687" WIDTH="681" HEIGHT="49">
							<String ID="P1_ST00458" HPOS="956" VPOS="5689" WIDTH="17" HEIGHT="28" CONTENT="5" WC="0.14" CC="8"/>
							<SP ID="P1_SP00351" HPOS="973" VPOS="5717" WIDTH="46"/>
							<String ID="P1_ST00459" HPOS="1019" VPOS="5687" WIDTH="39" HEIGHT="30" CONTENT="de" WC="0.26" CC="77"/>
							<SP ID="P1_SP00352" HPOS="1058" VPOS="5717" WIDTH="67"/>
							<String ID="P1_ST00460" HPOS="1125" VPOS="5689" WIDTH="40" HEIGHT="30" CONTENT="d#" WC="0.32" CC="67"/>
							<SP ID="P1_SP00353" HPOS="1165" VPOS="5719" WIDTH="261"/>
							<String ID="P1_ST00461" HPOS="1426" VPOS="5695" WIDTH="34" HEIGHT="29" CONTENT="2s" WC="0.34" CC="57"/>
							<SP ID="P1_SP00354" HPOS="1460" VPOS="5724" WIDTH="17"/>
							<String ID="P1_ST00462" HPOS="1477" VPOS="5694" WIDTH="40" HEIGHT="31" CONTENT="3d" WC="0.07" CC="89"/>
							<SP ID="P1_SP00355" HPOS="1517" VPOS="5725" WIDTH="16"/>
							<String ID="P1_ST00463" HPOS="1533" VPOS="5706" WIDTH="57" HEIGHT="30" CONTENT="per" WC="0.95" CC="760"/>
							<SP ID="P1_SP00356" HPOS="1590" VPOS="5736" WIDTH="16"/>
							<String ID="P1_ST00464" HPOS="1606" VPOS="5696" WIDTH="31" HEIGHT="30" CONTENT="lb" WC="0.56" CC="16"/>
						</TextLine>
						<TextLine ID="P1_TL00102" HPOS="956" VPOS="5748" WIDTH="723" HEIGHT="47">
							<String ID="P1_ST00465" HPOS="956" VPOS="5748" WIDTH="67" HEIGHT="32" CONTENT="The" WC="0.94" CC="760"/>
							<SP ID="P1_SP00357" HPOS="1023" VPOS="5780" WIDTH="19"/>
							<String ID="P1_ST00466" HPOS="1042" VPOS="5748" WIDTH="101" HEIGHT="34" CONTENT="above" WC="0.96" CC="78078"/>
							<SP ID="P1_SP00358" HPOS="1143" VPOS="5782" WIDTH="17"/>
							<String ID="P1_ST00467" HPOS="1160" VPOS="5762" WIDTH="53" HEIGHT="21" CONTENT="are" WC="0.98" CC="400"/>
							<SP ID="P1_SP00359" HPOS="1213" VPOS="5783" WIDTH="17"/>
							<String ID="P1_ST00468" HPOS="1230" VPOS="5752" WIDTH="54" HEIGHT="32" CONTENT="the" WC="0.93" CC="774"/>
							<SP ID="P1_SP00360" HPOS="1284" VPOS="5784" WIDTH="18"/>
							<String ID="P1_ST00469" HPOS="1302" VPOS="5753" WIDTH="104" HEIGHT="42" CONTENT="prices" WC="0.97" CC="673268"/>
							<SP ID="P1_SP00361" HPOS="1406" VPOS="5795" WIDTH="14"/>
							<String ID="P1_ST00470" HPOS="1420" VPOS="5756" WIDTH="33" HEIGHT="32" CONTENT="in" WC="0.33" CC="48"/>
							<SP ID="P1_SP00362" HPOS="1453" VPOS="5795" WIDTH="18"/>
							<String ID="P1_ST00471" HPOS="1471" VPOS="5757" WIDTH="117" HEIGHT="33" CONTENT="Dlined" WC="0.66" CC="030790"/>
							<SP ID="P1_SP00363" HPOS="1588" VPOS="5795" WIDTH="8"/>
							<String ID="P1_ST00472" HPOS="1596" VPOS="5758" WIDTH="31" HEIGHT="32" CONTENT="In" WC="0.17" CC="88"/>
							<SP ID="P1_SP00364" HPOS="1627" VPOS="5795" WIDTH="17"/>
							<String ID="P1_ST00473" HPOS="1644" VPOS="5769" WIDTH="35" HEIGHT="21" CONTENT="or" WC="0.20" CC="69"/>
						</TextLine>
						<TextLine ID="P1_TL00103" HPOS="917" VPOS="5795" WIDTH="418" HEIGHT="43">
							<String ID="P1_ST00474" HPOS="917" VPOS="5795" WIDTH="30" HEIGHT="31" CONTENT="TV" WC="0.27" CC="76"/>
							<SP ID="P1_SP00365" HPOS="947" VPOS="5826" WIDTH="12"/>
							<String ID="P1_ST00475" HPOS="959" VPOS="5795" WIDTH="157" HEIGHT="43" CONTENT="ellington" WC="0.29" CC="803788888"/>
							<SP ID="P1_SP00366" HPOS="1116" VPOS="5838" WIDTH="18"/>
							<String ID="P1_ST00476" HPOS="1134" VPOS="5807" WIDTH="201" HEIGHT="25" CONTENT="muiyasmes." WC="0.27" CC="8878989280"/>
						</TextLine>
						<TextLine ID="P1_TL00104" HPOS="955" VPOS="5851" WIDTH="722" HEIGHT="56">
							<String ID="P1_ST00477" HPOS="955" VPOS="5851" WIDTH="160" HEIGHT="35" CONTENT="Discount," WC="0.97" CC="844888847"/>
							<SP ID="P1_SP00367" HPOS="1115" VPOS="5886" WIDTH="34"/>
							<String ID="P1_ST00478" HPOS="1149" VPOS="5855" WIDTH="137" HEIGHT="34" CONTENT="aiioTved" WC="0.22" CC="98888980"/>
							<SP ID="P1_SP00368" HPOS="1286" VPOS="5889" WIDTH="32"/>
							<String ID="P1_ST00479" HPOS="1318" VPOS="5868" WIDTH="30" HEIGHT="23" CONTENT="to" WC="0.37" CC="75"/>
							<SP ID="P1_SP00369" HPOS="1348" VPOS="5891" WIDTH="33"/>
							<String ID="P1_ST00480" HPOS="1381" VPOS="5859" WIDTH="115" HEIGHT="44" CONTENT="buyers" WC="0.96" CC="789377"/>
							<SP ID="P1_SP00370" HPOS="1496" VPOS="5903" WIDTH="32"/>
							<String ID="P1_ST00481" HPOS="1528" VPOS="5864" WIDTH="35" HEIGHT="32" CONTENT="of" WC="1.00" CC="99"/>
							<SP ID="P1_SP00371" HPOS="1563" VPOS="5903" WIDTH="25"/>
							<String ID="P1_ST00482" HPOS="1588" VPOS="5865" WIDTH="89" HEIGHT="42" CONTENT="large" WC="0.96" CC="47097"/>
						</TextLine>
						<TextLine ID="P1_TL00105" HPOS="912" VPOS="5899" WIDTH="139" HEIGHT="40">
							<String ID="P1_ST00483" HPOS="912" VPOS="5899" WIDTH="139" HEIGHT="40" CONTENT="parcels." WC="0.97" CC="97887690"/>
						</TextLine>
					</TextBlock>
				</ComposedBlock>
				<ComposedBlock ID="P1_CB00003" HPOS="919" VPOS="871" WIDTH="1558" HEIGHT="3427" TYPE="Advertisement">
					<TextBlock ID="P1_TB00007" HPOS="919" VPOS="871" WIDTH="1558" HEIGHT="3427" STYLEREFS="TXT_2 PAR_LEFT">
						<TextLine ID="P1_TL00106" HPOS="937" VPOS="873" WIDTH="1534" HEIGHT="101">
							<String ID="P1_ST00484" HPOS="937" VPOS="873" WIDTH="432" HEIGHT="91" CONTENT="Hampden" WC="0.97" CC="8703628"/>
							<SP ID="P1_SP00372" HPOS="1369" VPOS="964" WIDTH="54"/>
							<String ID="P1_ST00485" HPOS="1423" VPOS="879" WIDTH="554" HEIGHT="88" CONTENT="Go-operative" WC="0.98" CC="502166757875"/>
							<SP ID="P1_SP00373" HPOS="1977" VPOS="967" WIDTH="70"/>
							<String ID="P1_ST00486" HPOS="2047" VPOS="889" WIDTH="226" HEIGHT="68" CONTENT="Store" WC="0.95" CC="97874"/>
							<SP ID="P1_SP00374" HPOS="2273" VPOS="967" WIDTH="51"/>
							<String ID="P1_ST00487" HPOS="2324" VPOS="889" WIDTH="147" HEIGHT="85" CONTENT="Co.," WC="0.93" CC="8877"/>
						</TextLine>
						<TextLine ID="P1_TL00107" HPOS="1527" VPOS="983" WIDTH="371" HEIGHT="77">
							<String ID="P1_ST00488" HPOS="1527" VPOS="983" WIDTH="371" HEIGHT="77" CONTENT="Limited." WC="0.98" CC="53250167"/>
						</TextLine>
						<TextLine ID="P1_TL00108" HPOS="1018" VPOS="1206" WIDTH="1455" HEIGHT="72">
							<String ID="P1_ST00489" HPOS="1018" VPOS="1206" WIDTH="128" HEIGHT="72" CONTENT="THE" WC="0.94" CC="574"/>
							<SP ID="P1_SP00375" HPOS="1146" VPOS="1278" WIDTH="18"/>
							<String ID="P1_ST00490" HPOS="1164" VPOS="1207" WIDTH="100" HEIGHT="35" CONTENT="above" WC="0.98" CC="47003"/>
							<SP ID="P1_SP00376" HPOS="1264" VPOS="1278" WIDTH="14"/>
							<String ID="P1_ST00491" HPOS="1278" VPOS="1209" WIDTH="171" HEIGHT="44" CONTENT="Company" WC="0.97" CC="7087786"/>
							<SP ID="P1_SP00377" HPOS="1449" VPOS="1278" WIDTH="11"/>
							<String ID="P1_ST00492" HPOS="1460" VPOS="1211" WIDTH="26" HEIGHT="33" CONTENT="is" WC="0.35" CC="57"/>
							<SP ID="P1_SP00378" HPOS="1486" VPOS="1278" WIDTH="17"/>
							<String ID="P1_ST00493" HPOS="1503" VPOS="1221" WIDTH="72" HEIGHT="23" CONTENT="now" WC="0.91" CC="796"/>
							<SP ID="P1_SP00379" HPOS="1575" VPOS="1278" WIDTH="13"/>
							<String ID="P1_ST00494" HPOS="1588" VPOS="1210" WIDTH="175" HEIGHT="46" CONTENT="supplying" WC="0.98" CC="787657097"/>
							<SP ID="P1_SP00380" HPOS="1763" VPOS="1278" WIDTH="10"/>
							<String ID="P1_ST00495" HPOS="1773" VPOS="1212" WIDTH="55" HEIGHT="35" CONTENT="the" WC="0.94" CC="770"/>
							<SP ID="P1_SP00381" HPOS="1828" VPOS="1278" WIDTH="16"/>
							<String ID="P1_ST00496" HPOS="1844" VPOS="1213" WIDTH="168" HEIGHT="44" CONTENT="following" WC="0.98" CC="042266098"/>
							<SP ID="P1_SP00382" HPOS="2012" VPOS="1278" WIDTH="10"/>
							<String ID="P1_ST00497" HPOS="2022" VPOS="1215" WIDTH="100" HEIGHT="42" CONTENT="goods" WC="0.94" CC="86987"/>
							<SP ID="P1_SP00383" HPOS="2122" VPOS="1278" WIDTH="13"/>
							<String ID="P1_ST00498" HPOS="2135" VPOS="1220" WIDTH="32" HEIGHT="32" CONTENT="at" WC="0.60" CC="25"/>
							<SP ID="P1_SP00384" HPOS="2167" VPOS="1278" WIDTH="15"/>
							<String ID="P1_ST00499" HPOS="2182" VPOS="1230" WIDTH="18" HEIGHT="22" CONTENT="a" WC="1.00" CC="0"/>
							<SP ID="P1_SP00385" HPOS="2200" VPOS="1278" WIDTH="16"/>
							<String ID="P1_ST00500" HPOS="2216" VPOS="1218" WIDTH="100" HEIGHT="39" CONTENT="slight" WC="0.97" CC="063779"/>
							<SP ID="P1_SP00386" HPOS="2316" VPOS="1278" WIDTH="12"/>
							<String ID="P1_ST00501" HPOS="2328" VPOS="1220" WIDTH="145" HEIGHT="35" CONTENT="advance" WC="0.97" CC="0750987"/>
						</TextLine>
						<TextLine ID="P1_TL00109" HPOS="1164" VPOS="1256" WIDTH="477" HEIGHT="34">
							<String ID="P1_ST00502" HPOS="1164" VPOS="1266" WIDTH="42" HEIGHT="21" CONTENT="on" WC="0.53" CC="18"/>
							<SP ID="P1_SP00387" HPOS="1206" VPOS="1287" WIDTH="17"/>
							<String ID="P1_ST00503" HPOS="1223" VPOS="1256" WIDTH="176" HEIGHT="33" CONTENT="NELSON" WC="0.99" CC="006500"/>
							<SP ID="P1_SP00388" HPOS="1399" VPOS="1289" WIDTH="19"/>
							<String ID="P1_ST00504" HPOS="1418" VPOS="1258" WIDTH="223" HEIGHT="32" CONTENT="PRICES:—" WC="0.98" CC="88560040"/>
						</TextLine>
						<TextLine ID="P1_TL00110" HPOS="1165" VPOS="1340" WIDTH="337" HEIGHT="48">
							<String ID="P1_ST00505" HPOS="1165" VPOS="1340" WIDTH="337" HEIGHT="48" CONTENT="GEOCEEIES" WC="0.55" CC="760547016"/>
						</TextLine>
						<TextLine ID="P1_TL00111" HPOS="1634" VPOS="1406" WIDTH="497" HEIGHT="67">
							<String ID="P1_ST00506" HPOS="1634" VPOS="1406" WIDTH="88" HEIGHT="49" CONTENT="and" WC="0.97" CC="404"/>
							<SP ID="P1_SP00389" HPOS="1722" VPOS="1455" WIDTH="21"/>
							<String ID="P1_ST00507" HPOS="1743" VPOS="1407" WIDTH="388" HEIGHT="66" CONTENT="PROVISIONS;" WC="0.99" CC="77065604650"/>
						</TextLine>
						<TextLine ID="P1_TL00112" HPOS="1517" VPOS="1493" WIDTH="366" HEIGHT="48">
							<String ID="P1_ST00508" HPOS="1517" VPOS="1493" WIDTH="36" HEIGHT="33" CONTENT="of" WC="0.58" CC="52"/>
							<SP ID="P1_SP00390" HPOS="1553" VPOS="1526" WIDTH="11"/>
							<String ID="P1_ST00509" HPOS="1564" VPOS="1493" WIDTH="71" HEIGHT="34" CONTENT="first" WC="0.97" CC="22616"/>
							<SP ID="P1_SP00391" HPOS="1635" VPOS="1527" WIDTH="16"/>
							<String ID="P1_ST00510" HPOS="1651" VPOS="1493" WIDTH="80" HEIGHT="34" CONTENT="class" WC="0.96" CC="54906"/>
							<SP ID="P1_SP00392" HPOS="1731" VPOS="1527" WIDTH="17"/>
							<String ID="P1_ST00511" HPOS="1748" VPOS="1496" WIDTH="135" HEIGHT="45" CONTENT="quality." WC="0.99" CC="97020060"/>
						</TextLine>
						<TextLine ID="P1_TL00113" HPOS="1017" VPOS="1568" WIDTH="1133" HEIGHT="66">
							<String ID="P1_ST00512" HPOS="1017" VPOS="1568" WIDTH="39" HEIGHT="47" CONTENT="A" WC="1.00" CC="0"/>
							<SP ID="P1_SP00393" HPOS="1056" VPOS="1615" WIDTH="23"/>
							<String ID="P1_ST00513" HPOS="1079" VPOS="1568" WIDTH="134" HEIGHT="64" CONTENT="large," WC="0.98" CC="454300"/>
							<SP ID="P1_SP00394" HPOS="1213" VPOS="1632" WIDTH="26"/>
							<String ID="P1_ST00514" HPOS="1239" VPOS="1572" WIDTH="167" HEIGHT="57" CONTENT="varied," WC="0.98" CC="1635052"/>
							<SP ID="P1_SP00395" HPOS="1406" VPOS="1632" WIDTH="26"/>
							<String ID="P1_ST00515" HPOS="1432" VPOS="1573" WIDTH="90" HEIGHT="47" CONTENT="and" WC="0.97" CC="070"/>
							<SP ID="P1_SP00396" HPOS="1522" VPOS="1632" WIDTH="23"/>
							<String ID="P1_ST00516" HPOS="1545" VPOS="1573" WIDTH="144" HEIGHT="47" CONTENT="useful" WC="0.98" CC="000754"/>
							<SP ID="P1_SP00397" HPOS="1689" VPOS="1632" WIDTH="25"/>
							<String ID="P1_ST00517" HPOS="1714" VPOS="1574" WIDTH="304" HEIGHT="60" CONTENT="Assortment," WC="1.00" CC="70002060000"/>
							<SP ID="P1_SP00398" HPOS="2018" VPOS="1634" WIDTH="28"/>
							<String ID="P1_ST00518" HPOS="2046" VPOS="1580" WIDTH="104" HEIGHT="47" CONTENT="of—" WC="0.95" CC="228"/>
						</TextLine>
						<TextLine ID="P1_TL00114" HPOS="1371" VPOS="1648" WIDTH="978" HEIGHT="69">
							<String ID="P1_ST00519" HPOS="1371" VPOS="1648" WIDTH="262" HEIGHT="57" CONTENT="Crockery," WC="0.99" CC="050000570"/>
							<SP ID="P1_SP00399" HPOS="1633" VPOS="1705" WIDTH="28"/>
							<String ID="P1_ST00520" HPOS="1661" VPOS="1649" WIDTH="230" HEIGHT="49" CONTENT="Earthen" WC="0.98" CC="0790039"/>
							<SP ID="P1_SP00400" HPOS="1891" VPOS="1705" WIDTH="25"/>
							<String ID="P1_ST00521" HPOS="1916" VPOS="1653" WIDTH="90" HEIGHT="47" CONTENT="and" WC="0.96" CC="350"/>
							<SP ID="P1_SP00401" HPOS="2006" VPOS="1705" WIDTH="26"/>
							<String ID="P1_ST00522" HPOS="2032" VPOS="1654" WIDTH="287" HEIGHT="51" CONTENT="Glassware" WC="0.99" CC="366000650"/>
							<SP ID="P1_SP00402" HPOS="2319" VPOS="1705" WIDTH="23"/>
							<String ID="P1_ST00523" HPOS="2342" VPOS="1676" WIDTH="7" HEIGHT="41" CONTENT=";" WC="1.00" CC="0"/>
						</TextLine>
						<TextLine ID="P1_TL00115" HPOS="1375" VPOS="1714" WIDTH="466" HEIGHT="56">
							<String ID="P1_ST00524" HPOS="1375" VPOS="1714" WIDTH="356" HEIGHT="56" CONTENT="Ironmongery," WC="0.99" CC="000054512860"/>
							<SP ID="P1_SP00403" HPOS="1731" VPOS="1770" WIDTH="31"/>
							<String ID="P1_ST00525" HPOS="1762" VPOS="1718" WIDTH="79" HEIGHT="44" CONTENT="&amp;c." WC="1.00" CC="000"/>
						</TextLine>
						<TextLine ID="P1_TL00116" HPOS="1012" VPOS="1802" WIDTH="1355" HEIGHT="52">
							<String ID="P1_ST00526" HPOS="1012" VPOS="1802" WIDTH="98" HEIGHT="33" CONTENT="MEN" WC="0.94" CC="556"/>
							<SP ID="P1_SP00404" HPOS="1110" VPOS="1835" WIDTH="16"/>
							<String ID="P1_ST00527" HPOS="1126" VPOS="1803" WIDTH="66" HEIGHT="33" CONTENT="and" WC="0.93" CC="577"/>
							<SP ID="P1_SP00405" HPOS="1192" VPOS="1836" WIDTH="15"/>
							<String ID="P1_ST00528" HPOS="1207" VPOS="1804" WIDTH="125" HEIGHT="35" CONTENT="BOY'S" WC="0.97" CC="70635"/>
							<SP ID="P1_SP00406" HPOS="1332" VPOS="1839" WIDTH="18"/>
							<String ID="P1_ST00529" HPOS="1350" VPOS="1806" WIDTH="155" HEIGHT="31" CONTENT="KAIPOI" WC="0.53" CC="396800"/>
							<SP ID="P1_SP00407" HPOS="1505" VPOS="1839" WIDTH="16"/>
							<String ID="P1_ST00530" HPOS="1521" VPOS="1806" WIDTH="97" HEIGHT="33" CONTENT="made" WC="0.97" CC="1055"/>
							<SP ID="P1_SP00408" HPOS="1618" VPOS="1839" WIDTH="16"/>
							<String ID="P1_ST00531" HPOS="1634" VPOS="1806" WIDTH="250" HEIGHT="42" CONTENT="CLOTHING;" WC="0.98" CC="395041660"/>
							<SP ID="P1_SP00409" HPOS="1884" VPOS="1848" WIDTH="26"/>
							<String ID="P1_ST00532" HPOS="1910" VPOS="1809" WIDTH="128" HEIGHT="40" CONTENT="HATS," WC="0.98" CC="50060"/>
							<SP ID="P1_SP00410" HPOS="2038" VPOS="1849" WIDTH="19"/>
							<String ID="P1_ST00533" HPOS="2057" VPOS="1812" WIDTH="175" HEIGHT="42" CONTENT="SHIRTS," WC="0.98" CC="5505963"/>
							<SP ID="P1_SP00411" HPOS="2232" VPOS="1854" WIDTH="17"/>
							<String ID="P1_ST00534" HPOS="2249" VPOS="1816" WIDTH="118" HEIGHT="33" CONTENT="under-" WC="0.63" CC="310565"/>
						</TextLine>
						<TextLine ID="P1_TL00117" HPOS="1384" VPOS="1850" WIDTH="987" HEIGHT="51">
							<String ID="P1_ST00535" HPOS="1384" VPOS="1850" WIDTH="259" HEIGHT="42" CONTENT="FLANNELS;" WC="0.59" CC="648606210"/>
							<SP ID="P1_SP00412" HPOS="1643" VPOS="1892" WIDTH="18"/>
							<String ID="P1_ST00536" HPOS="1661" VPOS="1850" WIDTH="222" HEIGHT="38" CONTENT="DRAWERS" WC="0.97" CC="9766347"/>
							<SP ID="P1_SP00413" HPOS="1883" VPOS="1892" WIDTH="18"/>
							<String ID="P1_ST00537" HPOS="1901" VPOS="1855" WIDTH="65" HEIGHT="34" CONTENT="and" WC="0.92" CC="569"/>
							<SP ID="P1_SP00414" HPOS="1966" VPOS="1892" WIDTH="17"/>
							<String ID="P1_ST00538" HPOS="1983" VPOS="1855" WIDTH="162" HEIGHT="37" CONTENT="MOLES." WC="0.97" CC="466660"/>
							<SP ID="P1_SP00415" HPOS="2145" VPOS="1892" WIDTH="23"/>
							<String ID="P1_ST00539" HPOS="2168" VPOS="1859" WIDTH="203" HEIGHT="42" CONTENT="TWEEDS," WC="0.98" CC="5956070"/>
						</TextLine>
						<TextLine ID="P1_TL00118" HPOS="1384" VPOS="1898" WIDTH="987" HEIGHT="46">
							<String ID="P1_ST00540" HPOS="1384" VPOS="1898" WIDTH="202" HEIGHT="32" CONTENT="HOSIERY" WC="0.98" CC="8052676"/>
							<SP ID="P1_SP00416" HPOS="1586" VPOS="1930" WIDTH="15"/>
							<String ID="P1_ST00541" HPOS="1601" VPOS="1898" WIDTH="65" HEIGHT="33" CONTENT="and" WC="0.91" CC="949"/>
							<SP ID="P1_SP00417" HPOS="1666" VPOS="1931" WIDTH="23"/>
							<String ID="P1_ST00542" HPOS="1689" VPOS="1898" WIDTH="237" HEIGHT="37" CONTENT="BLANKETS" WC="0.98" CC="70990006"/>
							<SP ID="P1_SP00418" HPOS="1926" VPOS="1935" WIDTH="14"/>
							<String ID="P1_ST00543" HPOS="1940" VPOS="1912" WIDTH="7" HEIGHT="28" CONTENT=";" WC="1.00" CC="0"/>
							<SP ID="P1_SP00419" HPOS="1947" VPOS="1940" WIDTH="25"/>
							<String ID="P1_ST00544" HPOS="1972" VPOS="1903" WIDTH="197" HEIGHT="41" CONTENT="CALICOS," WC="0.99" CC="10023050"/>
							<SP ID="P1_SP00420" HPOS="2169" VPOS="1944" WIDTH="25"/>
							<String ID="P1_ST00545" HPOS="2194" VPOS="1907" WIDTH="177" HEIGHT="37" CONTENT="PRINTS," WC="0.97" CC="7737950"/>
						</TextLine>
						<TextLine ID="P1_TL00119" HPOS="1384" VPOS="1943" WIDTH="485" HEIGHT="42">
							<String ID="P1_ST00546" HPOS="1384" VPOS="1943" WIDTH="249" HEIGHT="38" CONTENT="FLANNELS," WC="0.99" CC="600093060"/>
							<SP ID="P1_SP00421" HPOS="1633" VPOS="1981" WIDTH="18"/>
							<String ID="P1_ST00547" HPOS="1651" VPOS="1943" WIDTH="64" HEIGHT="39" CONTENT="&amp;c.," WC="0.69" CC="4700"/>
							<SP ID="P1_SP00422" HPOS="1715" VPOS="1982" WIDTH="17"/>
							<String ID="P1_ST00548" HPOS="1732" VPOS="1944" WIDTH="67" HEIGHT="41" CONTENT="&amp;c.," WC="0.68" CC="5700"/>
							<SP ID="P1_SP00423" HPOS="1799" VPOS="1985" WIDTH="16"/>
							<String ID="P1_ST00549" HPOS="1815" VPOS="1945" WIDTH="54" HEIGHT="35" CONTENT="&amp;c." WC="0.61" CC="460"/>
						</TextLine>
						<TextLine ID="P1_TL00120" HPOS="1611" VPOS="2012" WIDTH="172" HEIGHT="32">
							<String ID="P1_ST00550" HPOS="1611" VPOS="2012" WIDTH="172" HEIGHT="32" CONTENT="—Also—" WC="0.96" CC="876478"/>
						</TextLine>
						<TextLine ID="P1_TL00121" HPOS="1016" VPOS="2075" WIDTH="1345" HEIGHT="62">
							<String ID="P1_ST00551" HPOS="1016" VPOS="2075" WIDTH="184" HEIGHT="60" CONTENT="Wheat," WC="0.99" CC="360000"/>
							<SP ID="P1_SP00424" HPOS="1200" VPOS="2135" WIDTH="57"/>
							<String ID="P1_ST00552" HPOS="1257" VPOS="2077" WIDTH="130" HEIGHT="56" CONTENT="Oats," WC="0.99" CC="00071"/>
							<SP ID="P1_SP00425" HPOS="1387" VPOS="2135" WIDTH="58"/>
							<String ID="P1_ST00553" HPOS="1445" VPOS="2079" WIDTH="137" HEIGHT="57" CONTENT="Bran," WC="1.00" CC="00010"/>
							<SP ID="P1_SP00426" HPOS="1582" VPOS="2136" WIDTH="48"/>
							<String ID="P1_ST00554" HPOS="1630" VPOS="2077" WIDTH="139" HEIGHT="49" CONTENT="Chaff" WC="0.98" CC="04077"/>
							<SP ID="P1_SP00427" HPOS="1769" VPOS="2136" WIDTH="46"/>
							<String ID="P1_ST00555" HPOS="1815" VPOS="2081" WIDTH="90" HEIGHT="48" CONTENT="and" WC="0.97" CC="070"/>
							<SP ID="P1_SP00428" HPOS="1905" VPOS="2136" WIDTH="43"/>
							<String ID="P1_ST00556" HPOS="1948" VPOS="2082" WIDTH="218" HEIGHT="51" CONTENT="Potatoes" WC="1.00" CC="30000300"/>
							<SP ID="P1_SP00429" HPOS="2166" VPOS="2136" WIDTH="26"/>
							<String ID="P1_ST00557" HPOS="2192" VPOS="2104" WIDTH="9" HEIGHT="31" CONTENT=":" WC="0.78" CC="2"/>
							<SP ID="P1_SP00430" HPOS="2201" VPOS="2136" WIDTH="44"/>
							<String ID="P1_ST00558" HPOS="2245" VPOS="2089" WIDTH="116" HEIGHT="48" CONTENT="New" WC="0.98" CC="004"/>
						</TextLine>
						<TextLine ID="P1_TL00122" HPOS="1369" VPOS="2146" WIDTH="989" HEIGHT="62">
							<String ID="P1_ST00559" HPOS="1369" VPOS="2146" WIDTH="184" HEIGHT="44" CONTENT="Garden" WC="0.96" CC="677678"/>
							<SP ID="P1_SP00431" HPOS="1553" VPOS="2190" WIDTH="53"/>
							<String ID="P1_ST00560" HPOS="1606" VPOS="2146" WIDTH="155" HEIGHT="51" CONTENT="Seeds," WC="0.98" CC="076730"/>
							<SP ID="P1_SP00432" HPOS="1761" VPOS="2197" WIDTH="59"/>
							<String ID="P1_ST00561" HPOS="1820" VPOS="2151" WIDTH="144" HEIGHT="45" CONTENT="sound" WC="0.99" CC="00070"/>
							<SP ID="P1_SP00433" HPOS="1964" VPOS="2197" WIDTH="54"/>
							<String ID="P1_ST00562" HPOS="2018" VPOS="2154" WIDTH="90" HEIGHT="44" CONTENT="and" WC="0.76" CC="070"/>
							<String ID="P1_ST00563" HPOS="2118" VPOS="2146" WIDTH="4" HEIGHT="62" CONTENT=";" STYLE="subscript" WC="0.37" CC="6"/>
							<SP ID="P1_SP00434" HPOS="2122" VPOS="2208" WIDTH="35"/>
							<String ID="P1_ST00564" HPOS="2157" VPOS="2164" WIDTH="99" HEIGHT="37" CONTENT="true" WC="0.96" CC="0836"/>
							<SP ID="P1_SP00435" HPOS="2256" VPOS="2208" WIDTH="54"/>
							<String ID="P1_ST00565" HPOS="2310" VPOS="2165" WIDTH="48" HEIGHT="36" CONTENT="to" WC="0.83" CC="03"/>
						</TextLine>
						<TextLine ID="P1_TL00123" HPOS="1370" VPOS="2208" WIDTH="695" HEIGHT="60">
							<String ID="P1_ST00566" HPOS="1370" VPOS="2225" WIDTH="147" HEIGHT="30" CONTENT="name." WC="1.00" CC="00100"/>
							<SP ID="P1_SP00436" HPOS="1517" VPOS="2255" WIDTH="66"/>
							<String ID="P1_ST00567" HPOS="1583" VPOS="2208" WIDTH="118" HEIGHT="48" CONTENT="Seed" WC="1.00" CC="0000"/>
							<SP ID="P1_SP00437" HPOS="1701" VPOS="2256" WIDTH="25"/>
							<String ID="P1_ST00568" HPOS="1726" VPOS="2211" WIDTH="231" HEIGHT="57" CONTENT="Potatoes," WC="1.00" CC="003104001"/>
							<SP ID="P1_SP00438" HPOS="1957" VPOS="2268" WIDTH="29"/>
							<String ID="P1_ST00569" HPOS="1986" VPOS="2215" WIDTH="79" HEIGHT="48" CONTENT="&amp;c." WC="1.00" CC="000"/>
						</TextLine>
						<TextLine ID="P1_TL00124" HPOS="966" VPOS="2408" WIDTH="1509" HEIGHT="61">
							<String ID="P1_ST00570" HPOS="966" VPOS="2408" WIDTH="117" HEIGHT="36" CONTENT="Orders" WC="0.97" CC="259347"/>
							<SP ID="P1_SP00439" HPOS="1083" VPOS="2444" WIDTH="17"/>
							<String ID="P1_ST00571" HPOS="1100" VPOS="2410" WIDTH="233" HEIGHT="46" CONTENT="accompanied" WC="0.98" CC="95464495649"/>
							<SP ID="P1_SP00440" HPOS="1333" VPOS="2456" WIDTH="22"/>
							<String ID="P1_ST00572" HPOS="1355" VPOS="2411" WIDTH="44" HEIGHT="46" CONTENT="by" WC="0.32" CC="76"/>
							<SP ID="P1_SP00441" HPOS="1399" VPOS="2457" WIDTH="15"/>
							<String ID="P1_ST00573" HPOS="1414" VPOS="2413" WIDTH="77" HEIGHT="35" CONTENT="cash" WC="0.94" CC="5867"/>
							<SP ID="P1_SP00442" HPOS="1491" VPOS="2457" WIDTH="16"/>
							<String ID="P1_ST00574" HPOS="1507" VPOS="2413" WIDTH="206" HEIGHT="37" CONTENT="remittances" WC="0.99" CC="00667190346"/>
							<SP ID="P1_SP00443" HPOS="1713" VPOS="2457" WIDTH="20"/>
							<String ID="P1_ST00575" HPOS="1733" VPOS="2418" WIDTH="195" HEIGHT="42" CONTENT="punctually" WC="0.98" CC="9700679167"/>
							<SP ID="P1_SP00444" HPOS="1928" VPOS="2460" WIDTH="21"/>
							<String ID="P1_ST00576" HPOS="1949" VPOS="2420" WIDTH="156" HEIGHT="36" CONTENT="attended" WC="0.98" CC="41436067"/>
							<SP ID="P1_SP00445" HPOS="2105" VPOS="2460" WIDTH="16"/>
							<String ID="P1_ST00577" HPOS="2121" VPOS="2425" WIDTH="44" HEIGHT="40" CONTENT="to," WC="0.95" CC="670"/>
							<SP ID="P1_SP00446" HPOS="2165" VPOS="2465" WIDTH="17"/>
							<String ID="P1_ST00578" HPOS="2182" VPOS="2423" WIDTH="66" HEIGHT="35" CONTENT="and" WC="0.97" CC="060"/>
							<SP ID="P1_SP00447" HPOS="2248" VPOS="2465" WIDTH="33"/>
							<String ID="P1_ST00579" HPOS="2281" VPOS="2424" WIDTH="102" HEIGHT="45" CONTENT="goods" WC="0.96" CC="63696"/>
							<SP ID="P1_SP00448" HPOS="2383" VPOS="2469" WIDTH="25"/>
							<String ID="P1_ST00580" HPOS="2408" VPOS="2425" WIDTH="51" HEIGHT="35" CONTENT="des" SUBS_TYPE="HypPart1" SUBS_CONTENT="despatched" WC="0.69" CC="740"/>
							<HYP HPOS="2459" VPOS="2425" WIDTH="16" CONTENT="-"/>
						</TextLine>
						<TextLine ID="P1_TL00125" HPOS="923" VPOS="2467" WIDTH="538" HEIGHT="42">
							<String ID="P1_ST00581" HPOS="923" VPOS="2467" WIDTH="141" HEIGHT="42" CONTENT="patched" SUBS_TYPE="HypPart2" SUBS_CONTENT="despatched" WC="0.97" CC="3603779"/>
							<SP ID="P1_SP00449" HPOS="1064" VPOS="2509" WIDTH="18"/>
							<String ID="P1_ST00582" HPOS="1082" VPOS="2473" WIDTH="33" HEIGHT="29" CONTENT="at" WC="0.68" CC="60"/>
							<SP ID="P1_SP00450" HPOS="1115" VPOS="2509" WIDTH="15"/>
							<String ID="P1_ST00583" HPOS="1130" VPOS="2480" WIDTH="18" HEIGHT="22" CONTENT="a" WC="1.00" CC="0"/>
							<SP ID="P1_SP00451" HPOS="1148" VPOS="2509" WIDTH="16"/>
							<String ID="P1_ST00584" HPOS="1164" VPOS="2477" WIDTH="165" HEIGHT="26" CONTENT="moments" WC="0.98" CC="6550641"/>
							<SP ID="P1_SP00452" HPOS="1329" VPOS="2509" WIDTH="16"/>
							<String ID="P1_ST00585" HPOS="1345" VPOS="2472" WIDTH="116" HEIGHT="33" CONTENT="notice." WC="0.98" CC="7173202"/>
						</TextLine>
						<TextLine ID="P1_TL00126" HPOS="966" VPOS="2541" WIDTH="1505" HEIGHT="58">
							<String ID="P1_ST00586" HPOS="966" VPOS="2541" WIDTH="100" HEIGHT="34" CONTENT="Local" WC="0.97" CC="12680"/>
							<SP ID="P1_SP00453" HPOS="1066" VPOS="2575" WIDTH="21"/>
							<String ID="P1_ST00587" HPOS="1087" VPOS="2542" WIDTH="153" HEIGHT="46" CONTENT="produce," WC="0.98" CC="96404500"/>
							<SP ID="P1_SP00454" HPOS="1240" VPOS="2588" WIDTH="23"/>
							<String ID="P1_ST00588" HPOS="1263" VPOS="2542" WIDTH="169" HEIGHT="46" CONTENT="including" WC="0.98" CC="086577077"/>
							<SP ID="P1_SP00455" HPOS="1432" VPOS="2588" WIDTH="22"/>
							<String ID="P1_ST00589" HPOS="1454" VPOS="2545" WIDTH="124" HEIGHT="43" CONTENT="Hides," WC="0.97" CC="626750"/>
							<SP ID="P1_SP00456" HPOS="1578" VPOS="2588" WIDTH="26"/>
							<String ID="P1_ST00590" HPOS="1604" VPOS="2546" WIDTH="109" HEIGHT="42" CONTENT="Skins," WC="0.97" CC="347960"/>
							<SP ID="P1_SP00457" HPOS="1713" VPOS="2588" WIDTH="32"/>
							<String ID="P1_ST00591" HPOS="1745" VPOS="2546" WIDTH="111" HEIGHT="43" CONTENT="Wool," WC="0.97" CC="86040"/>
							<SP ID="P1_SP00458" HPOS="1856" VPOS="2589" WIDTH="25"/>
							<String ID="P1_ST00592" HPOS="1881" VPOS="2549" WIDTH="149" HEIGHT="41" CONTENT="Butter," WC="0.97" CC="6476760"/>
							<SP ID="P1_SP00459" HPOS="2030" VPOS="2590" WIDTH="18"/>
							<String ID="P1_ST00593" HPOS="2048" VPOS="2552" WIDTH="66" HEIGHT="42" CONTENT="&amp;c.," WC="0.82" CC="0600"/>
							<SP ID="P1_SP00460" HPOS="2114" VPOS="2594" WIDTH="19"/>
							<String ID="P1_ST00594" HPOS="2133" VPOS="2554" WIDTH="66" HEIGHT="42" CONTENT="&amp;c.," WC="0.87" CC="0500"/>
							<SP ID="P1_SP00461" HPOS="2199" VPOS="2596" WIDTH="23"/>
							<String ID="P1_ST00595" HPOS="2222" VPOS="2555" WIDTH="184" HEIGHT="44" CONTENT="purchased" WC="0.98" CC="059660700"/>
							<SP ID="P1_SP00462" HPOS="2406" VPOS="2599" WIDTH="16"/>
							<String ID="P1_ST00596" HPOS="2422" VPOS="2556" WIDTH="49" HEIGHT="34" CONTENT="for" WC="0.97" CC="420"/>
						</TextLine>
						<TextLine ID="P1_TL00127" HPOS="927" VPOS="2599" WIDTH="98" HEIGHT="33">
							<String ID="P1_ST00597" HPOS="927" VPOS="2599" WIDTH="98" HEIGHT="33" CONTENT="Cash." WC="0.97" CC="70673"/>
						</TextLine>
						<TextLine ID="P1_TL00128" HPOS="2001" VPOS="2668" WIDTH="221" HEIGHT="44">
							<String ID="P1_ST00598" HPOS="2001" VPOS="2668" WIDTH="40" HEIGHT="34" CONTENT="R." WC="0.50" CC="90"/>
							<SP ID="P1_SP00463" HPOS="2041" VPOS="2702" WIDTH="26"/>
							<String ID="P1_ST00599" HPOS="2067" VPOS="2669" WIDTH="155" HEIGHT="43" CONTENT="M'NEE," WC="0.66" CC="527102"/>
						</TextLine>
						<TextLine ID="P1_TL00129" HPOS="2263" VPOS="2717" WIDTH="162" HEIGHT="34">
							<String ID="P1_ST00600" HPOS="2263" VPOS="2717" WIDTH="36" HEIGHT="32" CONTENT="Itf" WC="0.13" CC="888"/>
							<SP ID="P1_SP00464" HPOS="2299" VPOS="2749" WIDTH="6"/>
							<String ID="P1_ST00601" HPOS="2305" VPOS="2729" WIDTH="17" HEIGHT="21" CONTENT="tL" WC="0.14" CC="88"/>
							<SP ID="P1_SP00465" HPOS="2322" VPOS="2750" WIDTH="2"/>
							<String ID="P1_ST00602" HPOS="2324" VPOS="2728" WIDTH="42" HEIGHT="22" CONTENT="H£l" WC="0.20" CC="882"/>
							<SP ID="P1_SP00466" HPOS="2366" VPOS="2750" WIDTH="43"/>
							<String ID="P1_ST00603" HPOS="2409" VPOS="2730" WIDTH="16" HEIGHT="21" CONTENT="1*" WC="0.26" CC="77"/>
						</TextLine>
						<TextLine ID="P1_TL00130" HPOS="969" VPOS="2749" WIDTH="525" HEIGHT="45">
							<String ID="P1_ST00604" HPOS="969" VPOS="2749" WIDTH="203" HEIGHT="44" CONTENT="Hutchison," WC="0.98" CC="8874817367"/>
							<SP ID="P1_SP00467" HPOS="1172" VPOS="2793" WIDTH="18"/>
							<String ID="P1_ST00605" HPOS="1190" VPOS="2752" WIDTH="77" HEIGHT="34" CONTENT="15th" WC="0.64" CC="0706"/>
							<SP ID="P1_SP00468" HPOS="1267" VPOS="2793" WIDTH="17"/>
							<String ID="P1_ST00606" HPOS="1284" VPOS="2752" WIDTH="99" HEIGHT="42" CONTENT="June," WC="0.95" CC="77774"/>
							<SP ID="P1_SP00469" HPOS="1383" VPOS="2794" WIDTH="21"/>
							<String ID="P1_ST00607" HPOS="1404" VPOS="2755" WIDTH="90" HEIGHT="34" CONTENT="1885." WC="0.47" CC="75362"/>
						</TextLine>
						<TextLine ID="P1_TL00131" HPOS="1364" VPOS="2856" WIDTH="660" HEIGHT="77">
							<String ID="P1_ST00608" HPOS="1364" VPOS="2865" WIDTH="83" HEIGHT="47" CONTENT="The" WC="0.92" CC="757"/>
							<SP ID="P1_SP00470" HPOS="1447" VPOS="2912" WIDTH="36"/>
							<String ID="P1_ST00609" HPOS="1483" VPOS="2856" WIDTH="260" HEIGHT="75" CONTENT='"LYELL' WC="0.50" CC="565046"/>
							<SP ID="P1_SP00471" HPOS="1743" VPOS="2931" WIDTH="28"/>
							<String ID="P1_ST00610" HPOS="1771" VPOS="2867" WIDTH="253" HEIGHT="66" CONTENT='TIMES"' WC="0.97" CC="165543"/>
						</TextLine>
						<TextLine ID="P1_TL00132" HPOS="920" VPOS="2961" WIDTH="1552" HEIGHT="71">
							<String ID="P1_ST00611" HPOS="920" VPOS="2961" WIDTH="392" HEIGHT="49" CONTENT="PRINTING" WC="0.97" CC="97065278"/>
							<SP ID="P1_SP00472" HPOS="1312" VPOS="3010" WIDTH="59"/>
							<String ID="P1_ST00612" HPOS="1371" VPOS="2965" WIDTH="151" HEIGHT="45" CONTENT="AND" WC="0.94" CC="707"/>
							<SP ID="P1_SP00473" HPOS="1522" VPOS="3010" WIDTH="61"/>
							<String ID="P1_ST00613" HPOS="1583" VPOS="2966" WIDTH="510" HEIGHT="51" CONTENT="PUBLISHING" WC="0.98" CC="7880086378"/>
							<SP ID="P1_SP00474" HPOS="2093" VPOS="3017" WIDTH="59"/>
							<String ID="P1_ST00614" HPOS="2152" VPOS="2973" WIDTH="320" HEIGHT="59" CONTENT="OFFICE.," WC="0.98" CC="96626640"/>
						</TextLine>
						<TextLine ID="P1_TL00133" HPOS="1420" VPOS="3060" WIDTH="560" HEIGHT="41">
							<String ID="P1_ST00615" HPOS="1420" VPOS="3060" WIDTH="175" HEIGHT="35" CONTENT="CLIFF" WC="0.98" CC="10177"/>
							<SP ID="P1_SP00475" HPOS="1595" VPOS="3095" WIDTH="44"/>
							<String ID="P1_ST00616" HPOS="1639" VPOS="3063" WIDTH="83" HEIGHT="38" CONTENT="ST.," WC="0.97" CC="5520"/>
							<SP ID="P1_SP00476" HPOS="1722" VPOS="3101" WIDTH="46"/>
							<String ID="P1_ST00617" HPOS="1768" VPOS="3064" WIDTH="212" HEIGHT="36" CONTENT="LYELL." WC="0.64" CC="068033"/>
						</TextLine>
						<TextLine ID="P1_TL00134" HPOS="1403" VPOS="3173" WIDTH="596" HEIGHT="78">
							<String ID="P1_ST00618" HPOS="1403" VPOS="3173" WIDTH="166" HEIGHT="74" CONTENT="The" WC="0.92" CC="793"/>
							<SP ID="P1_SP00477" HPOS="1569" VPOS="3247" WIDTH="58"/>
							<String ID="P1_ST00619" HPOS="1627" VPOS="3178" WIDTH="27" HEIGHT="28" CONTENT='"' WC="0.23" CC="7"/>
							<SP ID="P1_SP00478" HPOS="1654" VPOS="3247" WIDTH="26"/>
							<String ID="P1_ST00620" HPOS="1680" VPOS="3177" WIDTH="319" HEIGHT="74" CONTENT='Times"' WC="0.98" CC="706052"/>
						</TextLine>
						<TextLine ID="P1_TL00135" HPOS="1000" VPOS="3284" WIDTH="1396" HEIGHT="77">
							<String ID="P1_ST00621" HPOS="1000" VPOS="3284" WIDTH="44" HEIGHT="47" CONTENT="Is" WC="1.00" CC="00"/>
							<SP ID="P1_SP00479" HPOS="1044" VPOS="3331" WIDTH="22"/>
							<String ID="P1_ST00622" HPOS="1066" VPOS="3300" WIDTH="86" HEIGHT="32" CONTENT="one" WC="1.00" CC="000"/>
							<SP ID="P1_SP00480" HPOS="1152" VPOS="3332" WIDTH="24"/>
							<String ID="P1_ST00623" HPOS="1176" VPOS="3285" WIDTH="49" HEIGHT="48" CONTENT="of" WC="0.77" CC="40"/>
							<SP ID="P1_SP00481" HPOS="1225" VPOS="3333" WIDTH="18"/>
							<String ID="P1_ST00624" HPOS="1243" VPOS="3286" WIDTH="75" HEIGHT="47" CONTENT="the" WC="0.95" CC="093"/>
							<SP ID="P1_SP00482" HPOS="1318" VPOS="3333" WIDTH="24"/>
							<String ID="P1_ST00625" HPOS="1342" VPOS="3286" WIDTH="99" HEIGHT="49" CONTENT="best" WC="0.97" CC="8700"/>
							<SP ID="P1_SP00483" HPOS="1441" VPOS="3335" WIDTH="24"/>
							<String ID="P1_ST00626" HPOS="1465" VPOS="3289" WIDTH="115" HEIGHT="47" CONTENT="local" WC="0.97" CC="66552"/>
							<SP ID="P1_SP00484" HPOS="1580" VPOS="3336" WIDTH="25"/>
							<String ID="P1_ST00627" HPOS="1605" VPOS="3290" WIDTH="223" HEIGHT="49" CONTENT="mediums" WC="0.98" CC="5702600"/>
							<SP ID="P1_SP00485" HPOS="1828" VPOS="3339" WIDTH="25"/>
							<String ID="P1_ST00628" HPOS="1853" VPOS="3293" WIDTH="66" HEIGHT="46" CONTENT="for" WC="0.93" CC="495"/>
							<SP ID="P1_SP00486" HPOS="1919" VPOS="3339" WIDTH="21"/>
							<String ID="P1_ST00629" HPOS="1940" VPOS="3294" WIDTH="294" HEIGHT="67" CONTENT="distributing" WC="0.99" CC="470056670846"/>
							<SP ID="P1_SP00487" HPOS="2234" VPOS="3361" WIDTH="24"/>
							<String ID="P1_ST00630" HPOS="2258" VPOS="3317" WIDTH="138" HEIGHT="41" CONTENT="news," WC="0.98" CC="70601"/>
						</TextLine>
						<TextLine ID="P1_TL00136" HPOS="1213" VPOS="3364" WIDTH="957" HEIGHT="67">
							<String ID="P1_ST00631" HPOS="1213" VPOS="3364" WIDTH="405" HEIGHT="60" CONTENT="Advertisements," WC="1.00" CC="000020050205350"/>
							<SP ID="P1_SP00488" HPOS="1618" VPOS="3424" WIDTH="28"/>
							<String ID="P1_ST00632" HPOS="1646" VPOS="3369" WIDTH="89" HEIGHT="46" CONTENT="and" WC="0.97" CC="070"/>
							<SP ID="P1_SP00489" HPOS="1735" VPOS="3424" WIDTH="25"/>
							<String ID="P1_ST00633" HPOS="1760" VPOS="3369" WIDTH="202" HEIGHT="62" CONTENT="subjects" WC="0.99" CC="05610000"/>
							<SP ID="P1_SP00490" HPOS="1962" VPOS="3431" WIDTH="25"/>
							<String ID="P1_ST00634" HPOS="1987" VPOS="3372" WIDTH="48" HEIGHT="47" CONTENT="of" WC="0.51" CC="35"/>
							<SP ID="P1_SP00491" HPOS="2035" VPOS="3431" WIDTH="21"/>
							<String ID="P1_ST00635" HPOS="2056" VPOS="3373" WIDTH="114" HEIGHT="48" CONTENT="local" WC="0.98" CC="60006"/>
						</TextLine>
						<TextLine ID="P1_TL00137" HPOS="1447" VPOS="3443" WIDTH="507" HEIGHT="66">
							<String ID="P1_ST00636" HPOS="1447" VPOS="3443" WIDTH="201" HEIGHT="57" CONTENT="interest," WC="0.99" CC="030005160"/>
							<SP ID="P1_SP00492" HPOS="1648" VPOS="3500" WIDTH="28"/>
							<String ID="P1_ST00637" HPOS="1676" VPOS="3445" WIDTH="278" HEIGHT="64" CONTENT="throughout" WC="0.99" CC="0056790041"/>
						</TextLine>
						<TextLine ID="P1_TL00138" HPOS="1196" VPOS="3516" WIDTH="1003" HEIGHT="65">
							<String ID="P1_ST00638" HPOS="1196" VPOS="3516" WIDTH="76" HEIGHT="45" CONTENT="the" WC="1.00" CC="000"/>
							<SP ID="P1_SP00493" HPOS="1272" VPOS="3561" WIDTH="46"/>
							<String ID="P1_ST00639" HPOS="1318" VPOS="3518" WIDTH="156" HEIGHT="44" CONTENT="Buller" WC="0.82" CC="051101"/>
							<SP ID="P1_SP00494" HPOS="1474" VPOS="3562" WIDTH="42"/>
							<String ID="P1_ST00640" HPOS="1516" VPOS="3519" WIDTH="90" HEIGHT="44" CONTENT="and" WC="0.98" CC="060"/>
							<SP ID="P1_SP00495" HPOS="1606" VPOS="3563" WIDTH="46"/>
							<String ID="P1_ST00641" HPOS="1652" VPOS="3521" WIDTH="267" HEIGHT="60" CONTENT="Inangahua" WC="0.76" CC="350700400"/>
							<SP ID="P1_SP00496" HPOS="1919" VPOS="3581" WIDTH="43"/>
							<String ID="P1_ST00642" HPOS="1962" VPOS="3525" WIDTH="237" HEIGHT="47" CONTENT="Counties." WC="0.99" CC="906502000"/>
						</TextLine>
						<TextLine ID="P1_TL00139" HPOS="1512" VPOS="3606" WIDTH="205" HEIGHT="23">
							<String ID="P1_ST00643" HPOS="1512" VPOS="3606" WIDTH="3" HEIGHT="23" CONTENT="■" WC="0.48" CC="5"/>
							<SP ID="P1_SP00497" HPOS="1515" VPOS="3629" WIDTH="161"/>
							<String ID="P1_ST00644" HPOS="1676" VPOS="3606" WIDTH="41" HEIGHT="23" CONTENT=":o:" WC="0.55" CC="760"/>
							<SP ID="P1_SP00498" HPOS="1717" VPOS="3629" WIDTH="0"/>
						</TextLine>
						<TextLine ID="P1_TL00140" HPOS="978" VPOS="3646" WIDTH="1381" HEIGHT="75">
							<String ID="P1_ST00645" HPOS="978" VPOS="3646" WIDTH="203" HEIGHT="66" CONTENT="Charges" WC="1.00" CC="1500000"/>
							<SP ID="P1_SP00499" HPOS="1181" VPOS="3712" WIDTH="21"/>
							<String ID="P1_ST00646" HPOS="1202" VPOS="3648" WIDTH="66" HEIGHT="47" CONTENT="for" WC="0.98" CC="006"/>
							<SP ID="P1_SP00500" HPOS="1268" VPOS="3712" WIDTH="23"/>
							<String ID="P1_ST00647" HPOS="1291" VPOS="3650" WIDTH="215" HEIGHT="64" CONTENT="standing" WC="0.99" CC="00086720"/>
							<SP ID="P1_SP00501" HPOS="1506" VPOS="3714" WIDTH="21"/>
							<String ID="P1_ST00648" HPOS="1527" VPOS="3651" WIDTH="397" HEIGHT="61" CONTENT="advertisements," WC="1.00" CC="004050020007601"/>
							<SP ID="P1_SP00502" HPOS="1924" VPOS="3714" WIDTH="25"/>
							<String ID="P1_ST00649" HPOS="1949" VPOS="3673" WIDTH="108" HEIGHT="48" CONTENT="very" WC="0.98" CC="0015"/>
							<SP ID="P1_SP00503" HPOS="2057" VPOS="3721" WIDTH="19"/>
							<String ID="P1_ST00650" HPOS="2076" VPOS="3661" WIDTH="283" HEIGHT="51" CONTENT="reasonable." WC="1.00" CC="50000000400"/>
						</TextLine>
						<TextLine ID="P1_TL00141" HPOS="981" VPOS="3735" WIDTH="1496" HEIGHT="72">
							<String ID="P1_ST00651" HPOS="981" VPOS="3735" WIDTH="94" HEIGHT="58" CONTENT="Job," WC="0.98" CC="7000"/>
							<SP ID="P1_SP00504" HPOS="1075" VPOS="3793" WIDTH="60"/>
							<String ID="P1_ST00652" HPOS="1135" VPOS="3736" WIDTH="144" HEIGHT="57" CONTENT="Plain," WC="0.99" CC="050120"/>
							<SP ID="P1_SP00505" HPOS="1279" VPOS="3793" WIDTH="47"/>
							<String ID="P1_ST00653" HPOS="1326" VPOS="3739" WIDTH="88" HEIGHT="45" CONTENT="and" WC="0.98" CC="040"/>
							<SP ID="P1_SP00506" HPOS="1414" VPOS="3793" WIDTH="54"/>
							<String ID="P1_ST00654" HPOS="1468" VPOS="3740" WIDTH="58" HEIGHT="46" CONTENT="all" WC="0.96" CC="163"/>
							<SP ID="P1_SP00507" HPOS="1526" VPOS="3793" WIDTH="42"/>
							<String ID="P1_ST00655" HPOS="1568" VPOS="3739" WIDTH="132" HEIGHT="48" CONTENT="kinds" WC="0.99" CC="00700"/>
							<SP ID="P1_SP00508" HPOS="1700" VPOS="3793" WIDTH="48"/>
							<String ID="P1_ST00656" HPOS="1748" VPOS="3740" WIDTH="49" HEIGHT="48" CONTENT="of" WC="0.74" CC="50"/>
							<SP ID="P1_SP00509" HPOS="1797" VPOS="3793" WIDTH="37"/>
							<String ID="P1_ST00657" HPOS="1834" VPOS="3742" WIDTH="212" HEIGHT="65" CONTENT="printing," WC="0.99" CC="400500400"/>
							<SP ID="P1_SP00510" HPOS="2046" VPOS="3807" WIDTH="48"/>
							<String ID="P1_ST00658" HPOS="2094" VPOS="3749" WIDTH="221" HEIGHT="48" CONTENT="executed" WC="1.00" CC="04004000"/>
							<SP ID="P1_SP00511" HPOS="2315" VPOS="3807" WIDTH="53"/>
							<String ID="P1_ST00659" HPOS="2368" VPOS="3750" WIDTH="109" HEIGHT="48" CONTENT="with" WC="0.96" CC="0746"/>
						</TextLine>
						<TextLine ID="P1_TL00142" HPOS="919" VPOS="3815" WIDTH="758" HEIGHT="67">
							<String ID="P1_ST00660" HPOS="919" VPOS="3815" WIDTH="220" HEIGHT="63" CONTENT="despatch" WC="1.00" CC="00000103"/>
							<SP ID="P1_SP00512" HPOS="1139" VPOS="3878" WIDTH="24"/>
							<String ID="P1_ST00661" HPOS="1163" VPOS="3826" WIDTH="47" HEIGHT="38" CONTENT="at" WC="1.00" CC="00"/>
							<SP ID="P1_SP00513" HPOS="1210" VPOS="3878" WIDTH="23"/>
							<String ID="P1_ST00662" HPOS="1233" VPOS="3820" WIDTH="76" HEIGHT="46" CONTENT="the" WC="0.98" CC="040"/>
							<SP ID="P1_SP00514" HPOS="1309" VPOS="3878" WIDTH="24"/>
							<String ID="P1_ST00663" HPOS="1333" VPOS="3820" WIDTH="156" HEIGHT="46" CONTENT="lowest" WC="0.99" CC="005010"/>
							<SP ID="P1_SP00515" HPOS="1489" VPOS="3878" WIDTH="25"/>
							<String ID="P1_ST00664" HPOS="1514" VPOS="3821" WIDTH="163" HEIGHT="61" CONTENT="prices." WC="0.99" CC="0070002"/>
						</TextLine>
						<TextLine ID="P1_TL00143" HPOS="978" VPOS="3904" WIDTH="1384" HEIGHT="72">
							<String ID="P1_ST00665" HPOS="978" VPOS="3904" WIDTH="397" HEIGHT="49" CONTENT="Communication" WC="1.00" CC="0506172000014"/>
							<SP ID="P1_SP00516" HPOS="1375" VPOS="3953" WIDTH="25"/>
							<String ID="P1_ST00666" HPOS="1400" VPOS="3907" WIDTH="59" HEIGHT="63" CONTENT="by" WC="0.69" CC="06"/>
							<SP ID="P1_SP00517" HPOS="1459" VPOS="3970" WIDTH="23"/>
							<String ID="P1_ST00667" HPOS="1482" VPOS="3916" WIDTH="103" HEIGHT="52" CONTENT="post" WC="0.98" CC="9000"/>
							<SP ID="P1_SP00518" HPOS="1585" VPOS="3970" WIDTH="19"/>
							<String ID="P1_ST00668" HPOS="1604" VPOS="3924" WIDTH="49" HEIGHT="29" CONTENT="or" WC="0.81" CC="30"/>
							<SP ID="P1_SP00519" HPOS="1653" VPOS="3970" WIDTH="21"/>
							<String ID="P1_ST00669" HPOS="1674" VPOS="3910" WIDTH="102" HEIGHT="46" CONTENT="wire" WC="0.96" CC="5256"/>
							<SP ID="P1_SP00520" HPOS="1776" VPOS="3970" WIDTH="25"/>
							<String ID="P1_ST00670" HPOS="1801" VPOS="3914" WIDTH="231" HEIGHT="62" CONTENT="promptly" WC="0.99" CC="00500800"/>
							<SP ID="P1_SP00521" HPOS="2032" VPOS="3976" WIDTH="23"/>
							<String ID="P1_ST00671" HPOS="2055" VPOS="3916" WIDTH="222" HEIGHT="49" CONTENT="attended" WC="1.00" CC="00002000"/>
							<SP ID="P1_SP00522" HPOS="2277" VPOS="3976" WIDTH="24"/>
							<String ID="P1_ST00672" HPOS="2301" VPOS="3927" WIDTH="61" HEIGHT="40" CONTENT="to." WC="0.96" CC="125"/>
						</TextLine>
						<TextLine ID="P1_TL00144" HPOS="1673" VPOS="4004" WIDTH="46" HEIGHT="25">
							<String ID="P1_ST00673" HPOS="1673" VPOS="4004" WIDTH="14" HEIGHT="24" CONTENT=".;" WC="0.45" CC="37"/>
							<String ID="P1_ST00674" HPOS="1691" VPOS="4007" WIDTH="17" HEIGHT="22" CONTENT="0" STYLE="subscript" WC="0.32" CC="6"/>
							<String ID="P1_ST00675" HPOS="1713" VPOS="4005" WIDTH="6" HEIGHT="7" CONTENT="*" WC="0.44" CC="5"/>
							<SP ID="P1_SP00523" HPOS="1719" VPOS="4029" WIDTH="0"/>
						</TextLine>
						<TextLine ID="P1_TL00145" HPOS="1547" VPOS="4064" WIDTH="301" HEIGHT="50">
							<String ID="P1_ST00676" HPOS="1547" VPOS="4064" WIDTH="301" HEIGHT="50" CONTENT="ADDRESS:" WC="0.97" CC="88882775"/>
						</TextLine>
						<TextLine ID="P1_TL00146" HPOS="1566" VPOS="4249" WIDTH="264" HEIGHT="49">
							<String ID="P1_ST00677" HPOS="1566" VPOS="4249" WIDTH="264" HEIGHT="49" CONTENT="LYELL." WC="0.88" CC="034000"/>
						</TextLine>
					</TextBlock>
				</ComposedBlock>
				<ComposedBlock ID="P1_CB00004" HPOS="1712" VPOS="4397" WIDTH="770" HEIGHT="1541" TYPE="Advertisement">
					<TextBlock ID="P1_TB00008" HPOS="1712" VPOS="4397" WIDTH="770" HEIGHT="1541" STYLEREFS="TXT_2 PAR_LEFT">
						<TextLine ID="P1_TL00147" HPOS="1740" VPOS="4398" WIDTH="718" HEIGHT="56">
							<String ID="P1_ST00678" HPOS="1740" VPOS="4398" WIDTH="230" HEIGHT="46" CONTENT="NOBEL'S" WC="0.97" CC="9775606"/>
							<SP ID="P1_SP00524" HPOS="1970" VPOS="4444" WIDTH="25"/>
							<String ID="P1_ST00679" HPOS="1995" VPOS="4404" WIDTH="229" HEIGHT="45" CONTENT="PATENT" WC="0.96" CC="775656"/>
							<SP ID="P1_SP00525" HPOS="2224" VPOS="4449" WIDTH="38"/>
							<String ID="P1_ST00680" HPOS="2262" VPOS="4410" WIDTH="164" HEIGHT="44" CONTENT="BLAST" SUBS_TYPE="HypPart1" SUBS_CONTENT="BLASTING" WC="0.98" CC="73502"/>
							<HYP HPOS="2426" VPOS="4410" WIDTH="32" CONTENT="-"/>
						</TextLine>
						<TextLine ID="P1_TL00148" HPOS="1873" VPOS="4453" WIDTH="451" HEIGHT="53">
							<String ID="P1_ST00681" HPOS="1873" VPOS="4453" WIDTH="103" HEIGHT="46" CONTENT="ING" SUBS_TYPE="HypPart2" SUBS_CONTENT="BLASTING" WC="0.95" CC="057"/>
							<SP ID="P1_SP00526" HPOS="1976" VPOS="4499" WIDTH="45"/>
							<String ID="P1_ST00682" HPOS="2021" VPOS="4456" WIDTH="303" HEIGHT="50" CONTENT="GELATINE." WC="0.98" CC="776980860"/>
						</TextLine>
						<TextLine ID="P1_TL00149" HPOS="1739" VPOS="4504" WIDTH="743" HEIGHT="56">
							<String ID="P1_ST00683" HPOS="1739" VPOS="4504" WIDTH="17" HEIGHT="53" CONTENT="#" STYLE="subscript" WC="0.24" CC="7"/>
							<String ID="P1_ST00684" HPOS="1756" VPOS="4504" WIDTH="18" HEIGHT="53" CONTENT="I" WC="0.24" CC="4"/>
							<String ID="P1_ST00685" HPOS="1777" VPOS="4517" WIDTH="14" HEIGHT="21" CONTENT="s" STYLE="superscript" WC="0.55" CC="4"/>
							<SP ID="P1_SP00527" HPOS="1791" VPOS="4557" WIDTH="16"/>
							<String ID="P1_ST00686" HPOS="1807" VPOS="4508" WIDTH="41" HEIGHT="31" CONTENT="50" WC="0.39" CC="74"/>
							<SP ID="P1_SP00528" HPOS="1848" VPOS="4557" WIDTH="15"/>
							<String ID="P1_ST00687" HPOS="1863" VPOS="4518" WIDTH="57" HEIGHT="30" CONTENT="per" WC="0.92" CC="947"/>
							<SP ID="P1_SP00529" HPOS="1920" VPOS="4557" WIDTH="14"/>
							<String ID="P1_ST00688" HPOS="1934" VPOS="4514" WIDTH="75" HEIGHT="28" CONTENT="cent" WC="0.96" CC="6075"/>
							<SP ID="P1_SP00530" HPOS="2009" VPOS="4557" WIDTH="17"/>
							<String ID="P1_ST00689" HPOS="2026" VPOS="4515" WIDTH="150" HEIGHT="37" CONTENT="stronger" WC="0.97" CC="56769867"/>
							<SP ID="P1_SP00531" HPOS="2176" VPOS="4557" WIDTH="10"/>
							<String ID="P1_ST00690" HPOS="2186" VPOS="4514" WIDTH="81" HEIGHT="33" CONTENT="than" WC="0.93" CC="6978"/>
							<SP ID="P1_SP00532" HPOS="2267" VPOS="4557" WIDTH="14"/>
							<String ID="P1_ST00691" HPOS="2281" VPOS="4515" WIDTH="179" HEIGHT="45" CONTENT="Dynamite" WC="0.97" CC="77778677"/>
							<SP ID="P1_SP00533" HPOS="2460" VPOS="4560" WIDTH="14"/>
							<String ID="P1_ST00692" HPOS="2474" VPOS="4529" WIDTH="8" HEIGHT="31" CONTENT=";" WC="0.28" CC="7"/>
						</TextLine>
						<TextLine ID="P1_TL00150" HPOS="1716" VPOS="4551" WIDTH="765" HEIGHT="56">
							<String ID="P1_ST00693" HPOS="1716" VPOS="4551" WIDTH="89" HEIGHT="44" CONTENT="gives" WC="0.95" CC="76767"/>
							<SP ID="P1_SP00534" HPOS="1805" VPOS="4595" WIDTH="14"/>
							<String ID="P1_ST00694" HPOS="1819" VPOS="4553" WIDTH="49" HEIGHT="35" CONTENT="off" WC="0.97" CC="800"/>
							<SP ID="P1_SP00535" HPOS="1868" VPOS="4595" WIDTH="13"/>
							<String ID="P1_ST00695" HPOS="1881" VPOS="4555" WIDTH="62" HEIGHT="34" CONTENT="less" WC="0.96" CC="0477"/>
							<SP ID="P1_SP00536" HPOS="1943" VPOS="4595" WIDTH="17"/>
							<String ID="P1_ST00696" HPOS="1960" VPOS="4556" WIDTH="131" HEIGHT="42" CONTENT="smoki;" WC="0.54" CC="563660"/>
							<SP ID="P1_SP00537" HPOS="2091" VPOS="4598" WIDTH="24"/>
							<String ID="P1_ST00697" HPOS="2115" VPOS="4557" WIDTH="28" HEIGHT="34" CONTENT="is" WC="0.40" CC="47"/>
							<SP ID="P1_SP00538" HPOS="2143" VPOS="4598" WIDTH="16"/>
							<String ID="P1_ST00698" HPOS="2159" VPOS="4571" WIDTH="36" HEIGHT="22" CONTENT="as" WC="0.39" CC="75"/>
							<SP ID="P1_SP00539" HPOS="2195" VPOS="4598" WIDTH="16"/>
							<String ID="P1_ST00699" HPOS="2211" VPOS="4570" WIDTH="66" HEIGHT="25" CONTENT="sale" WC="0.95" CC="7707"/>
							<SP ID="P1_SP00540" HPOS="2277" VPOS="4598" WIDTH="18"/>
							<String ID="P1_ST00700" HPOS="2295" VPOS="4575" WIDTH="34" HEIGHT="22" CONTENT="as" WC="0.22" CC="95"/>
							<SP ID="P1_SP00541" HPOS="2329" VPOS="4598" WIDTH="38"/>
							<String ID="P1_ST00701" HPOS="2367" VPOS="4564" WIDTH="92" HEIGHT="43" CONTENT="Dyna" SUBS_TYPE="HypPart1" SUBS_CONTENT="Dynamite" WC="0.42" CC="8685"/>
							<HYP HPOS="2459" VPOS="4564" WIDTH="22" CONTENT="-"/>
						</TextLine>
						<TextLine ID="P1_TL00151" HPOS="1715" VPOS="4600" WIDTH="766" HEIGHT="50">
							<String ID="P1_ST00702" HPOS="1715" VPOS="4600" WIDTH="78" HEIGHT="31" CONTENT="mite" SUBS_TYPE="HypPart2" SUBS_CONTENT="Dynamite" WC="0.98" CC="0107"/>
							<SP ID="P1_SP00542" HPOS="1793" VPOS="4631" WIDTH="14"/>
							<String ID="P1_ST00703" HPOS="1807" VPOS="4611" WIDTH="7" HEIGHT="27" CONTENT=";" WC="1.00" CC="0"/>
							<SP ID="P1_SP00543" HPOS="1814" VPOS="4638" WIDTH="24"/>
							<String ID="P1_ST00704" HPOS="1838" VPOS="4602" WIDTH="27" HEIGHT="31" CONTENT="is" WC="0.81" CC="21"/>
							<SP ID="P1_SP00544" HPOS="1865" VPOS="4638" WIDTH="17"/>
							<String ID="P1_ST00705" HPOS="1882" VPOS="4603" WIDTH="125" HEIGHT="38" CONTENT="slower," WC="0.98" CC="7551572"/>
							<SP ID="P1_SP00545" HPOS="2007" VPOS="4641" WIDTH="16"/>
							<String ID="P1_ST00706" HPOS="2023" VPOS="4605" WIDTH="63" HEIGHT="30" CONTENT="less" WC="0.95" CC="6764"/>
							<SP ID="P1_SP00546" HPOS="2086" VPOS="4641" WIDTH="17"/>
							<String ID="P1_ST00707" HPOS="2103" VPOS="4605" WIDTH="191" HEIGHT="45" CONTENT="shattering," WC="0.99" CC="77504472092"/>
							<SP ID="P1_SP00547" HPOS="2294" VPOS="4650" WIDTH="19"/>
							<String ID="P1_ST00708" HPOS="2313" VPOS="4612" WIDTH="65" HEIGHT="30" CONTENT="and" WC="0.91" CC="759"/>
							<SP ID="P1_SP00548" HPOS="2378" VPOS="4650" WIDTH="12"/>
							<String ID="P1_ST00709" HPOS="2390" VPOS="4623" WIDTH="91" HEIGHT="20" CONTENT="mors" WC="0.94" CC="4697"/>
						</TextLine>
						<TextLine ID="P1_TL00152" HPOS="1715" VPOS="4645" WIDTH="766" HEIGHT="47">
							<String ID="P1_ST00710" HPOS="1715" VPOS="4645" WIDTH="176" HEIGHT="44" CONTENT="expansive" WC="0.98" CC="766670103"/>
							<SP ID="P1_SP00549" HPOS="1891" VPOS="4689" WIDTH="22"/>
							<String ID="P1_ST00711" HPOS="1913" VPOS="4647" WIDTH="35" HEIGHT="34" CONTENT="in" WC="0.63" CC="07"/>
							<SP ID="P1_SP00550" HPOS="1948" VPOS="4689" WIDTH="30"/>
							<String ID="P1_ST00712" HPOS="1978" VPOS="4649" WIDTH="42" HEIGHT="33" CONTENT="its" WC="0.93" CC="297"/>
							<SP ID="P1_SP00551" HPOS="2020" VPOS="4689" WIDTH="30"/>
							<String ID="P1_ST00713" HPOS="2050" VPOS="4650" WIDTH="130" HEIGHT="42" CONTENT="action;" WC="0.97" CC="7572671"/>
							<SP ID="P1_SP00552" HPOS="2180" VPOS="4692" WIDTH="24"/>
							<String ID="P1_ST00714" HPOS="2204" VPOS="4652" WIDTH="213" HEIGHT="39" CONTENT="indissoluble" WC="0.99" CC="475062057754"/>
							<SP ID="P1_SP00553" HPOS="2417" VPOS="4692" WIDTH="29"/>
							<String ID="P1_ST00715" HPOS="2446" VPOS="4658" WIDTH="35" HEIGHT="33" CONTENT="in" WC="0.50" CC="09"/>
						</TextLine>
						<TextLine ID="P1_TL00153" HPOS="1715" VPOS="4696" WIDTH="765" HEIGHT="48">
							<String ID="P1_ST00716" HPOS="1715" VPOS="4699" WIDTH="112" HEIGHT="33" CONTENT="water," WC="0.98" CC="770300"/>
							<SP ID="P1_SP00554" HPOS="1827" VPOS="4732" WIDTH="18"/>
							<String ID="P1_ST00717" HPOS="1845" VPOS="4696" WIDTH="64" HEIGHT="31" CONTENT="and" WC="0.93" CC="909"/>
							<SP ID="P1_SP00555" HPOS="1909" VPOS="4732" WIDTH="16"/>
							<String ID="P1_ST00718" HPOS="1925" VPOS="4697" WIDTH="27" HEIGHT="31" CONTENT="is" WC="0.83" CC="12"/>
							<SP ID="P1_SP00556" HPOS="1952" VPOS="4732" WIDTH="17"/>
							<String ID="P1_ST00719" HPOS="1969" VPOS="4696" WIDTH="80" HEIGHT="33" CONTENT="fired" WC="0.96" CC="64919"/>
							<SP ID="P1_SP00557" HPOS="2049" VPOS="4732" WIDTH="21"/>
							<String ID="P1_ST00720" HPOS="2070" VPOS="4699" WIDTH="82" HEIGHT="31" CONTENT="witli" WC="0.38" CC="92746"/>
							<SP ID="P1_SP00558" HPOS="2152" VPOS="4732" WIDTH="31"/>
							<String ID="P1_ST00721" HPOS="2183" VPOS="4701" WIDTH="82" HEIGHT="38" CONTENT="fuse," WC="0.95" CC="78863"/>
							<SP ID="P1_SP00559" HPOS="2265" VPOS="4739" WIDTH="31"/>
							<String ID="P1_ST00722" HPOS="2296" VPOS="4703" WIDTH="184" HEIGHT="41" CONTENT="detonator," WC="0.98" CC="0999943393"/>
						</TextLine>
						<TextLine ID="P1_TL00154" HPOS="1716" VPOS="4738" WIDTH="766" HEIGHT="48">
							<String ID="P1_ST00723" HPOS="1716" VPOS="4738" WIDTH="65" HEIGHT="33" CONTENT="and" WC="0.95" CC="427"/>
							<SP ID="P1_SP00560" HPOS="1781" VPOS="4771" WIDTH="17"/>
							<String ID="P1_ST00724" HPOS="1798" VPOS="4739" WIDTH="171" HEIGHT="44" CONTENT="dynamite" WC="0.99" CC="07630040"/>
							<SP ID="P1_SP00561" HPOS="1969" VPOS="4783" WIDTH="16"/>
							<String ID="P1_ST00725" HPOS="1985" VPOS="4742" WIDTH="125" HEIGHT="44" CONTENT="primer" WC="0.97" CC="760558"/>
							<SP ID="P1_SP00562" HPOS="2110" VPOS="4786" WIDTH="12"/>
							<String ID="P1_ST00726" HPOS="2122" VPOS="4745" WIDTH="35" HEIGHT="32" CONTENT="in" WC="0.28" CC="49"/>
							<SP ID="P1_SP00563" HPOS="2157" VPOS="4786" WIDTH="12"/>
							<String ID="P1_ST00727" HPOS="2169" VPOS="4745" WIDTH="54" HEIGHT="34" CONTENT="the" WC="0.97" CC="700"/>
							<SP ID="P1_SP00564" HPOS="2223" VPOS="4786" WIDTH="14"/>
							<String ID="P1_ST00728" HPOS="2237" VPOS="4759" WIDTH="91" HEIGHT="22" CONTENT="same" WC="0.95" CC="7086"/>
							<SP ID="P1_SP00565" HPOS="2328" VPOS="4786" WIDTH="11"/>
							<String ID="P1_ST00729" HPOS="2339" VPOS="4760" WIDTH="143" HEIGHT="23" CONTENT="manner" WC="0.97" CC="679720"/>
						</TextLine>
						<TextLine ID="P1_TL00155" HPOS="1716" VPOS="4785" WIDTH="234" HEIGHT="44">
							<String ID="P1_ST00730" HPOS="1716" VPOS="4797" WIDTH="35" HEIGHT="20" CONTENT="as" WC="0.59" CC="61"/>
							<SP ID="P1_SP00566" HPOS="1751" VPOS="4817" WIDTH="16"/>
							<String ID="P1_ST00731" HPOS="1767" VPOS="4785" WIDTH="183" HEIGHT="44" CONTENT="dynamite." WC="0.99" CC="966602003"/>
						</TextLine>
						<TextLine ID="P1_TL00156" HPOS="1756" VPOS="4832" WIDTH="495" HEIGHT="48">
							<String ID="P1_ST00732" HPOS="1756" VPOS="4832" WIDTH="109" HEIGHT="34" CONTENT="Prices" WC="0.97" CC="703757"/>
							<SP ID="P1_SP00567" HPOS="1865" VPOS="4866" WIDTH="17"/>
							<String ID="P1_ST00733" HPOS="1882" VPOS="4835" WIDTH="35" HEIGHT="32" CONTENT="of" WC="0.62" CC="16"/>
							<SP ID="P1_SP00568" HPOS="1917" VPOS="4867" WIDTH="11"/>
							<String ID="P1_ST00734" HPOS="1928" VPOS="4834" WIDTH="153" HEIGHT="46" CONTENT="Blasting" WC="0.97" CC="63737667"/>
							<SP ID="P1_SP00569" HPOS="2081" VPOS="4880" WIDTH="17"/>
							<String ID="P1_ST00735" HPOS="2098" VPOS="4837" WIDTH="153" HEIGHT="35" CONTENT="Gelatine" WC="0.98" CC="44560307"/>
							<SP ID="P1_SP00570" HPOS="2251" VPOS="4880" WIDTH="0"/>
						</TextLine>
						<TextLine ID="P1_TL00157" HPOS="1758" VPOS="4880" WIDTH="619" HEIGHT="47">
							<String ID="P1_ST00736" HPOS="1758" VPOS="4880" WIDTH="15" HEIGHT="30" CONTENT="1" WC="0.89" CC="1"/>
							<SP ID="P1_SP00571" HPOS="1773" VPOS="4910" WIDTH="19"/>
							<String ID="P1_ST00737" HPOS="1792" VPOS="4890" WIDTH="84" HEIGHT="27" CONTENT="ease," WC="0.97" CC="57104"/>
							<SP ID="P1_SP00572" HPOS="1876" VPOS="4917" WIDTH="17"/>
							<String ID="P1_ST00738" HPOS="1893" VPOS="4883" WIDTH="40" HEIGHT="30" CONTENT="50" WC="0.33" CC="75"/>
							<SP ID="P1_SP00573" HPOS="1933" VPOS="4917" WIDTH="16"/>
							<String ID="P1_ST00739" HPOS="1949" VPOS="4882" WIDTH="50" HEIGHT="32" CONTENT="lbs" WC="0.96" CC="380"/>
							<SP ID="P1_SP00574" HPOS="1999" VPOS="4917" WIDTH="141"/>
							<String ID="P1_ST00740" HPOS="2140" VPOS="4908" WIDTH="34" HEIGHT="7" CONTENT="..." WC="0.95" CC="741"/>
							<SP ID="P1_SP00575" HPOS="2174" VPOS="4917" WIDTH="47"/>
							<String ID="P1_ST00741" HPOS="2221" VPOS="4887" WIDTH="35" HEIGHT="30" CONTENT="3s" WC="0.40" CC="74"/>
							<SP ID="P1_SP00576" HPOS="2256" VPOS="4917" WIDTH="16"/>
							<String ID="P1_ST00742" HPOS="2272" VPOS="4897" WIDTH="58" HEIGHT="30" CONTENT="per" WC="0.94" CC="970"/>
							<SP ID="P1_SP00577" HPOS="2330" VPOS="4927" WIDTH="15"/>
							<String ID="P1_ST00743" HPOS="2345" VPOS="4887" WIDTH="32" HEIGHT="33" CONTENT="lb" WC="0.31" CC="67"/>
						</TextLine>
						<TextLine ID="P1_TL00158" HPOS="1757" VPOS="4925" WIDTH="682" HEIGHT="53">
							<String ID="P1_ST00744" HPOS="1757" VPOS="4926" WIDTH="17" HEIGHT="31" CONTENT="5" WC="0.16" CC="8"/>
							<SP ID="P1_SP00578" HPOS="1774" VPOS="4957" WIDTH="46"/>
							<String ID="P1_ST00745" HPOS="1820" VPOS="4925" WIDTH="41" HEIGHT="34" CONTENT="do" WC="0.20" CC="87"/>
							<SP ID="P1_SP00579" HPOS="1861" VPOS="4959" WIDTH="66"/>
							<String ID="P1_ST00746" HPOS="1927" VPOS="4927" WIDTH="40" HEIGHT="33" CONTENT="d©" WC="0.44" CC="64"/>
							<SP ID="P1_SP00580" HPOS="1967" VPOS="4960" WIDTH="171"/>
							<String ID="P1_ST00747" HPOS="2138" VPOS="4954" WIDTH="35" HEIGHT="9" CONTENT="..." WC="0.96" CC="504"/>
							<SP ID="P1_SP00581" HPOS="2173" VPOS="4963" WIDTH="47"/>
							<String ID="P1_ST00748" HPOS="2220" VPOS="4932" WIDTH="35" HEIGHT="33" CONTENT="2s" WC="0.26" CC="77"/>
							<SP ID="P1_SP00582" HPOS="2255" VPOS="4965" WIDTH="15"/>
							<String ID="P1_ST00749" HPOS="2270" VPOS="4932" WIDTH="42" HEIGHT="33" CONTENT="8d" WC="0.29" CC="67"/>
							<SP ID="P1_SP00583" HPOS="2312" VPOS="4965" WIDTH="21"/>
							<String ID="P1_ST00750" HPOS="2333" VPOS="4945" WIDTH="59" HEIGHT="33" CONTENT="per" WC="0.94" CC="609"/>
							<SP ID="P1_SP00584" HPOS="2392" VPOS="4978" WIDTH="14"/>
							<String ID="P1_ST00751" HPOS="2406" VPOS="4935" WIDTH="33" HEIGHT="33" CONTENT="lb" WC="0.63" CC="07"/>
						</TextLine>
						<TextLine ID="P1_TL00159" HPOS="1895" VPOS="4974" WIDTH="405" HEIGHT="45">
							<String ID="P1_ST00752" HPOS="1895" VPOS="4974" WIDTH="34" HEIGHT="32" CONTENT="in" WC="0.78" CC="40"/>
							<SP ID="P1_SP00585" HPOS="1929" VPOS="5006" WIDTH="18"/>
							<String ID="P1_ST00753" HPOS="1947" VPOS="4974" WIDTH="156" HEIGHT="35" CONTENT="Dunedin" WC="0.40" CC="8895036"/>
							<SP ID="P1_SP00586" HPOS="2103" VPOS="5009" WIDTH="16"/>
							<String ID="P1_ST00754" HPOS="2119" VPOS="4978" WIDTH="181" HEIGHT="41" CONTENT="magazine." WC="0.98" CC="607302663"/>
						</TextLine>
						<TextLine ID="P1_TL00160" HPOS="1757" VPOS="5018" WIDTH="725" HEIGHT="46">
							<String ID="P1_ST00755" HPOS="1757" VPOS="5018" WIDTH="182" HEIGHT="45" CONTENT="Necessary" WC="0.99" CC="600410009"/>
							<SP ID="P1_SP00587" HPOS="1939" VPOS="5063" WIDTH="16"/>
							<String ID="P1_ST00756" HPOS="1955" VPOS="5021" WIDTH="164" HEIGHT="43" CONTENT="tape-fuse" WC="0.98" CC="009904607"/>
							<SP ID="P1_SP00588" HPOS="2119" VPOS="5064" WIDTH="17"/>
							<String ID="P1_ST00757" HPOS="2136" VPOS="5024" WIDTH="66" HEIGHT="32" CONTENT="and" WC="0.96" CC="900"/>
							<SP ID="P1_SP00589" HPOS="2202" VPOS="5064" WIDTH="13"/>
							<String ID="P1_ST00758" HPOS="2215" VPOS="5025" WIDTH="188" HEIGHT="36" CONTENT="detonators" WC="0.98" CC="7644975007"/>
							<SP ID="P1_SP00590" HPOS="2403" VPOS="5064" WIDTH="29"/>
							<String ID="P1_ST00759" HPOS="2432" VPOS="5029" WIDTH="50" HEIGHT="33" CONTENT="for" WC="0.94" CC="590"/>
						</TextLine>
						<TextLine ID="P1_TL00161" HPOS="1715" VPOS="5063" WIDTH="764" HEIGHT="56">
							<String ID="P1_ST00760" HPOS="1715" VPOS="5063" WIDTH="98" HEIGHT="46" CONTENT="firing" WC="0.96" CC="769369"/>
							<SP ID="P1_SP00591" HPOS="1813" VPOS="5109" WIDTH="17"/>
							<String ID="P1_ST00761" HPOS="1830" VPOS="5065" WIDTH="179" HEIGHT="45" CONTENT="Dynamite" WC="0.98" CC="48740383"/>
							<SP ID="P1_SP00592" HPOS="2009" VPOS="5110" WIDTH="14"/>
							<String ID="P1_ST00762" HPOS="2023" VPOS="5068" WIDTH="64" HEIGHT="35" CONTENT="and" WC="0.95" CC="570"/>
							<SP ID="P1_SP00593" HPOS="2087" VPOS="5110" WIDTH="31"/>
							<String ID="P1_ST00763" HPOS="2118" VPOS="5070" WIDTH="150" HEIGHT="36" CONTENT="Gelatine" WC="0.98" CC="60179372"/>
							<SP ID="P1_SP00594" HPOS="2268" VPOS="5110" WIDTH="28"/>
							<String ID="P1_ST00764" HPOS="2296" VPOS="5073" WIDTH="124" HEIGHT="46" CONTENT="always" WC="0.96" CC="707796"/>
							<SP ID="P1_SP00595" HPOS="2420" VPOS="5119" WIDTH="27"/>
							<String ID="P1_ST00765" HPOS="2447" VPOS="5077" WIDTH="32" HEIGHT="33" CONTENT="itt" WC="0.34" CC="477"/>
						</TextLine>
						<TextLine ID="P1_TL00162" HPOS="1715" VPOS="5113" WIDTH="765" HEIGHT="51">
							<String ID="P1_ST00766" HPOS="1715" VPOS="5113" WIDTH="101" HEIGHT="32" CONTENT="stock." WC="0.97" CC="507292"/>
							<SP ID="P1_SP00596" HPOS="1816" VPOS="5145" WIDTH="47"/>
							<String ID="P1_ST00767" HPOS="1863" VPOS="5114" WIDTH="134" HEIGHT="33" CONTENT="Printed" WC="0.99" CC="7037000"/>
							<SP ID="P1_SP00597" HPOS="1997" VPOS="5147" WIDTH="12"/>
							<String ID="P1_ST00768" HPOS="2009" VPOS="5116" WIDTH="212" HEIGHT="34" CONTENT="instructions" WC="0.99" CC="296008502417"/>
							<SP ID="P1_SP00598" HPOS="2221" VPOS="5150" WIDTH="16"/>
							<String ID="P1_ST00769" HPOS="2237" VPOS="5120" WIDTH="50" HEIGHT="31" CONTENT="for" WC="0.92" CC="776"/>
							<SP ID="P1_SP00599" HPOS="2287" VPOS="5151" WIDTH="15"/>
							<String ID="P1_ST00770" HPOS="2302" VPOS="5122" WIDTH="95" HEIGHT="42" CONTENT="using" WC="0.96" CC="77486"/>
							<SP ID="P1_SP00600" HPOS="2397" VPOS="5164" WIDTH="26"/>
							<String ID="P1_ST00771" HPOS="2423" VPOS="5124" WIDTH="57" HEIGHT="31" CONTENT="the" WC="0.96" CC="074"/>
						</TextLine>
						<TextLine ID="P1_TL00163" HPOS="1715" VPOS="5150" WIDTH="680" HEIGHT="60">
							<String ID="P1_ST00772" HPOS="1715" VPOS="5157" WIDTH="102" HEIGHT="33" CONTENT="above" WC="0.95" CC="99374"/>
							<SP ID="P1_SP00601" HPOS="1817" VPOS="5190" WIDTH="16"/>
							<String ID="P1_ST00773" HPOS="1833" VPOS="5159" WIDTH="109" HEIGHT="33" CONTENT="issued" WC="0.97" CC="566720"/>
							<SP ID="P1_SP00602" HPOS="1942" VPOS="5192" WIDTH="14"/>
							<String ID="P1_ST00774" HPOS="1956" VPOS="5160" WIDTH="80" HEIGHT="33" CONTENT="with" WC="0.94" CC="9277"/>
							<SP ID="P1_SP00603" HPOS="2036" VPOS="5193" WIDTH="18"/>
							<String ID="P1_ST00775" HPOS="2054" VPOS="5172" WIDTH="96" HEIGHT="34" CONTENT="every" WC="0.98" CC="00409"/>
							<SP ID="P1_SP00604" HPOS="2150" VPOS="5206" WIDTH="17"/>
							<String ID="P1_ST00776" HPOS="2167" VPOS="5164" WIDTH="52" HEIGHT="33" CONTENT="51b" WC="0.85" CC="400"/>
							<SP ID="P1_SP00605" HPOS="2219" VPOS="5206" WIDTH="15"/>
							<String ID="P1_ST00777" HPOS="2234" VPOS="5150" WIDTH="161" HEIGHT="60" CONTENT="package?" WC="0.97" CC="79665968"/>
						</TextLine>
						<TextLine ID="P1_TL00164" HPOS="1775" VPOS="5251" WIDTH="624" HEIGHT="48">
							<String ID="P1_ST00778" HPOS="1775" VPOS="5251" WIDTH="124" HEIGHT="42" CONTENT="Agents" WC="0.98" CC="640802"/>
							<SP ID="P1_SP00606" HPOS="1899" VPOS="5293" WIDTH="16"/>
							<String ID="P1_ST00779" HPOS="1915" VPOS="5251" WIDTH="51" HEIGHT="33" CONTENT="for" WC="0.96" CC="009"/>
							<SP ID="P1_SP00607" HPOS="1966" VPOS="5293" WIDTH="15"/>
							<String ID="P1_ST00780" HPOS="1981" VPOS="5253" WIDTH="54" HEIGHT="33" CONTENT="the" WC="0.92" CC="777"/>
							<SP ID="P1_SP00608" HPOS="2035" VPOS="5293" WIDTH="18"/>
							<String ID="P1_ST00781" HPOS="2053" VPOS="5254" WIDTH="151" HEIGHT="43" CONTENT="Glasgow" WC="0.98" CC="2460909"/>
							<SP ID="P1_SP00609" HPOS="2204" VPOS="5297" WIDTH="24"/>
							<String ID="P1_ST00782" HPOS="2228" VPOS="5256" WIDTH="171" HEIGHT="43" CONTENT="Company" WC="0.98" CC="0649077"/>
						</TextLine>
						<TextLine ID="P1_TL00165" HPOS="1860" VPOS="5297" WIDTH="370" HEIGHT="39">
							<String ID="P1_ST00783" HPOS="1860" VPOS="5297" WIDTH="250" HEIGHT="36" CONTENT="DALGETTY" WC="0.56" CC="99006052"/>
							<SP ID="P1_SP00610" HPOS="2110" VPOS="5333" WIDTH="23"/>
							<String ID="P1_ST00784" HPOS="2133" VPOS="5302" WIDTH="24" HEIGHT="32" CONTENT="&amp;" WC="0.73" CC="2"/>
							<SP ID="P1_SP00611" HPOS="2157" VPOS="5334" WIDTH="16"/>
							<String ID="P1_ST00785" HPOS="2173" VPOS="5302" WIDTH="57" HEIGHT="34" CONTENT="Go." WC="0.93" CC="774"/>
						</TextLine>
						<TextLine ID="P1_TL00166" HPOS="1935" VPOS="5345" WIDTH="502" HEIGHT="43">
							<String ID="P1_ST00786" HPOS="1935" VPOS="5345" WIDTH="154" HEIGHT="35" CONTENT="Dunedin" WC="0.27" CC="7675868"/>
							<SP ID="P1_SP00612" HPOS="2089" VPOS="5380" WIDTH="20"/>
							<String ID="P1_ST00787" HPOS="2109" VPOS="5348" WIDTH="64" HEIGHT="33" CONTENT="and" WC="0.92" CC="759"/>
							<SP ID="P1_SP00613" HPOS="2173" VPOS="5381" WIDTH="17"/>
							<String ID="P1_ST00788" HPOS="2190" VPOS="5350" WIDTH="247" HEIGHT="38" CONTENT="Christchureh." WC="0.55" CC="8064085088800"/>
						</TextLine>
						<TextLine ID="P1_TL00167" HPOS="1858" VPOS="5391" WIDTH="539" HEIGHT="48">
							<String ID="P1_ST00789" HPOS="1858" VPOS="5391" WIDTH="52" HEIGHT="33" CONTENT="W." WC="0.52" CC="81"/>
							<SP ID="P1_SP00614" HPOS="1910" VPOS="5424" WIDTH="20"/>
							<String ID="P1_ST00790" HPOS="1930" VPOS="5393" WIDTH="46" HEIGHT="31" CONTENT="M." WC="0.46" CC="63"/>
							<SP ID="P1_SP00615" HPOS="1976" VPOS="5424" WIDTH="17"/>
							<String ID="P1_ST00791" HPOS="1993" VPOS="5393" WIDTH="277" HEIGHT="36" CONTENT="BANNATYNE" WC="0.58" CC="005907068"/>
							<SP ID="P1_SP00616" HPOS="2270" VPOS="5429" WIDTH="19"/>
							<String ID="P1_ST00792" HPOS="2289" VPOS="5401" WIDTH="23" HEIGHT="29" CONTENT="k" WC="0.39" CC="6"/>
							<SP ID="P1_SP00617" HPOS="2312" VPOS="5430" WIDTH="17"/>
							<String ID="P1_ST00793" HPOS="2329" VPOS="5400" WIDTH="68" HEIGHT="39" CONTENT="Co.," WC="0.97" CC="5343"/>
						</TextLine>
						<TextLine ID="P1_TL00168" HPOS="2223" VPOS="5442" WIDTH="215" HEIGHT="45">
							<String ID="P1_ST00794" HPOS="2223" VPOS="5442" WIDTH="215" HEIGHT="45" CONTENT="Wellington." WC="0.98" CC="98160846863"/>
						</TextLine>
						<TextLine ID="P1_TL00169" HPOS="1755" VPOS="5529" WIDTH="725" HEIGHT="46">
							<String ID="P1_ST00795" HPOS="1755" VPOS="5529" WIDTH="285" HEIGHT="44" CONTENT="N.B.—Supplies" WC="0.45" CC="9390876005487"/>
							<SP ID="P1_SP00618" HPOS="2040" VPOS="5573" WIDTH="16"/>
							<String ID="P1_ST00796" HPOS="2056" VPOS="5543" WIDTH="78" HEIGHT="32" CONTENT="may" WC="1.00" CC="999"/>
							<SP ID="P1_SP00619" HPOS="2134" VPOS="5575" WIDTH="14"/>
							<String ID="P1_ST00797" HPOS="2148" VPOS="5534" WIDTH="40" HEIGHT="33" CONTENT='"be' WC="0.92" CC="776"/>
							<SP ID="P1_SP00620" HPOS="2188" VPOS="5575" WIDTH="17"/>
							<String ID="P1_ST00798" HPOS="2205" VPOS="5534" WIDTH="66" HEIGHT="34" CONTENT="had" WC="0.94" CC="790"/>
							<SP ID="P1_SP00621" HPOS="2271" VPOS="5575" WIDTH="16"/>
							<String ID="P1_ST00799" HPOS="2287" VPOS="5536" WIDTH="86" HEIGHT="35" CONTENT="from" WC="0.99" CC="0060"/>
							<SP ID="P1_SP00622" HPOS="2373" VPOS="5575" WIDTH="16"/>
							<String ID="P1_ST00800" HPOS="2389" VPOS="5539" WIDTH="91" HEIGHT="34" CONTENT="John" WC="0.94" CC="2977"/>
						</TextLine>
						<TextLine ID="P1_TL00170" HPOS="1715" VPOS="5576" WIDTH="766" HEIGHT="49">
							<String ID="P1_ST00801" HPOS="1715" VPOS="5576" WIDTH="161" HEIGHT="31" CONTENT="Finnxll" WC="0.46" CC="0898801"/>
							<SP ID="P1_SP00623" HPOS="1876" VPOS="5607" WIDTH="11"/>
							<String ID="P1_ST00802" HPOS="1887" VPOS="5577" WIDTH="65" HEIGHT="32" CONTENT="and" WC="0.90" CC="969"/>
							<SP ID="P1_SP00624" HPOS="1952" VPOS="5609" WIDTH="10"/>
							<String ID="P1_ST00803" HPOS="1962" VPOS="5578" WIDTH="110" HEIGHT="33" CONTENT="Jamis" WC="0.64" CC="00188"/>
							<SP ID="P1_SP00625" HPOS="2072" VPOS="5611" WIDTH="14"/>
							<String ID="P1_ST00804" HPOS="2086" VPOS="5580" WIDTH="104" HEIGHT="38" CONTENT="Ryan," WC="0.95" CC="77890"/>
							<SP ID="P1_SP00626" HPOS="2190" VPOS="5618" WIDTH="15"/>
							<String ID="P1_ST00805" HPOS="2205" VPOS="5582" WIDTH="114" HEIGHT="43" CONTENT="Lyell;" WC="0.54" CC="399030"/>
							<SP ID="P1_SP00627" HPOS="2319" VPOS="5625" WIDTH="19"/>
							<String ID="P1_ST00806" HPOS="2338" VPOS="5586" WIDTH="143" HEIGHT="34" CONTENT="Thomas" WC="0.97" CC="684088"/>
						</TextLine>
						<TextLine ID="P1_TL00171" HPOS="1715" VPOS="5618" WIDTH="766" HEIGHT="56">
							<String ID="P1_ST00807" HPOS="1715" VPOS="5622" WIDTH="102" HEIGHT="39" CONTENT="Field," WC="0.97" CC="914643"/>
							<SP ID="P1_SP00628" HPOS="1817" VPOS="5661" WIDTH="27"/>
							<String ID="P1_ST00808" HPOS="1844" VPOS="5623" WIDTH="186" HEIGHT="44" CONTENT="Westport;" WC="0.45" CC="980006993"/>
							<SP ID="P1_SP00629" HPOS="2030" VPOS="5667" WIDTH="25"/>
							<String ID="P1_ST00809" HPOS="2055" VPOS="5626" WIDTH="39" HEIGHT="32" CONTENT="R." WC="0.63" CC="70"/>
							<SP ID="P1_SP00630" HPOS="2094" VPOS="5667" WIDTH="30"/>
							<String ID="P1_ST00810" HPOS="2124" VPOS="5618" WIDTH="115" HEIGHT="54" CONTENT='Oxley,"' WC="0.53" CC="4206936"/>
							<SP ID="P1_SP00631" HPOS="2239" VPOS="5672" WIDTH="14"/>
							<String ID="P1_ST00811" HPOS="2253" VPOS="5630" WIDTH="141" HEIGHT="44" CONTENT="Forsyth" WC="0.98" CC="8507077"/>
							<SP ID="P1_SP00632" HPOS="2394" VPOS="5674" WIDTH="23"/>
							<String ID="P1_ST00812" HPOS="2417" VPOS="5634" WIDTH="64" HEIGHT="33" CONTENT="and" WC="0.96" CC="460"/>
						</TextLine>
						<TextLine ID="P1_TL00172" HPOS="1716" VPOS="5669" WIDTH="763" HEIGHT="47">
							<String ID="P1_ST00813" HPOS="1716" VPOS="5669" WIDTH="151" HEIGHT="38" CONTENT="Masters," WC="0.97" CC="96679270"/>
							<SP ID="P1_SP00633" HPOS="1867" VPOS="5707" WIDTH="24"/>
							<String ID="P1_ST00814" HPOS="1891" VPOS="5670" WIDTH="140" HEIGHT="33" CONTENT="Reefton" WC="0.48" CC="0757960"/>
							<SP ID="P1_SP00634" HPOS="2031" VPOS="5707" WIDTH="27"/>
							<String ID="P1_ST00815" HPOS="2058" VPOS="5673" WIDTH="64" HEIGHT="31" CONTENT="and" WC="0.90" CC="789"/>
							<SP ID="P1_SP00635" HPOS="2122" VPOS="5707" WIDTH="29"/>
							<String ID="P1_ST00816" HPOS="2151" VPOS="5675" WIDTH="86" HEIGHT="41" CONTENT="Grey" WC="0.98" CC="0070"/>
							<SP ID="P1_SP00636" HPOS="2237" VPOS="5716" WIDTH="3"/>
							<String ID="P1_ST00817" HPOS="2240" VPOS="5679" WIDTH="116" HEIGHT="30" CONTENT="mouth" WC="0.96" CC="73567"/>
							<SP ID="P1_SP00637" HPOS="2356" VPOS="5716" WIDTH="17"/>
							<String ID="P1_ST00818" HPOS="2373" VPOS="5689" WIDTH="6" HEIGHT="23" CONTENT=";" WC="0.22" CC="7"/>
							<SP ID="P1_SP00638" HPOS="2379" VPOS="5716" WIDTH="26"/>
							<String ID="P1_ST00819" HPOS="2405" VPOS="5681" WIDTH="56" HEIGHT="31" CONTENT="Gal" SUBS_TYPE="HypPart1" SUBS_CONTENT="Gallagher" WC="0.95" CC="974"/>
							<HYP HPOS="2461" VPOS="5681" WIDTH="18" CONTENT="-"/>
						</TextLine>
						<TextLine ID="P1_TL00173" HPOS="1713" VPOS="5713" WIDTH="766" HEIGHT="50">
							<String ID="P1_ST00820" HPOS="1713" VPOS="5713" WIDTH="113" HEIGHT="42" CONTENT="lagher" SUBS_TYPE="HypPart2" SUBS_CONTENT="Gallagher" WC="0.99" CC="027000"/>
							<SP ID="P1_SP00639" HPOS="1826" VPOS="5755" WIDTH="18"/>
							<String ID="P1_ST00821" HPOS="1844" VPOS="5714" WIDTH="102" HEIGHT="39" CONTENT="Bros.," WC="0.99" CC="903100"/>
							<SP ID="P1_SP00640" HPOS="1946" VPOS="5755" WIDTH="25"/>
							<String ID="P1_ST00822" HPOS="1971" VPOS="5716" WIDTH="214" HEIGHT="45" CONTENT="Boatman's;" WC="0.98" CC="7779677170"/>
							<SP ID="P1_SP00641" HPOS="2185" VPOS="5761" WIDTH="22"/>
							<String ID="P1_ST00823" HPOS="2207" VPOS="5722" WIDTH="40" HEIGHT="32" CONTENT="A." WC="0.39" CC="92"/>
							<SP ID="P1_SP00642" HPOS="2247" VPOS="5761" WIDTH="29"/>
							<String ID="P1_ST00824" HPOS="2276" VPOS="5722" WIDTH="105" HEIGHT="41" CONTENT="Foldi," WC="0.47" CC="735922"/>
							<SP ID="P1_SP00643" HPOS="2381" VPOS="5763" WIDTH="19"/>
							<String ID="P1_ST00825" HPOS="2400" VPOS="5726" WIDTH="64" HEIGHT="33" CONTENT="Dill" SUBS_TYPE="HypPart1" SUBS_CONTENT="Dillman's" WC="0.96" CC="9563"/>
							<HYP HPOS="2464" VPOS="5726" WIDTH="15" CONTENT="-"/>
						</TextLine>
						<TextLine ID="P1_TL00174" HPOS="1714" VPOS="5762" WIDTH="767" HEIGHT="51">
							<String ID="P1_ST00826" HPOS="1714" VPOS="5764" WIDTH="105" HEIGHT="28" CONTENT="man's" SUBS_TYPE="HypPart2" SUBS_CONTENT="Dillman's" WC="0.96" CC="67808"/>
							<SP ID="P1_SP00644" HPOS="1819" VPOS="5792" WIDTH="32"/>
							<String ID="P1_ST00827" HPOS="1851" VPOS="5762" WIDTH="114" HEIGHT="39" CONTENT="Town," WC="0.97" CC="60580"/>
							<SP ID="P1_SP00645" HPOS="1965" VPOS="5801" WIDTH="35"/>
							<String ID="P1_ST00828" HPOS="2000" VPOS="5763" WIDTH="128" HEIGHT="34" CONTENT="Kumar" WC="0.95" CC="78686"/>
							<SP ID="P1_SP00646" HPOS="2128" VPOS="5801" WIDTH="2"/>
							<String ID="P1_ST00829" HPOS="2130" VPOS="5777" WIDTH="18" HEIGHT="20" CONTENT="a" WC="0.28" CC="7"/>
							<SP ID="P1_SP00647" HPOS="2148" VPOS="5801" WIDTH="18"/>
							<String ID="P1_ST00830" HPOS="2166" VPOS="5776" WIDTH="6" HEIGHT="30" CONTENT=";" WC="1.00" CC="0"/>
							<SP ID="P1_SP00648" HPOS="2172" VPOS="5806" WIDTH="48"/>
							<String ID="P1_ST00831" HPOS="2220" VPOS="5769" WIDTH="36" HEIGHT="32" CONTENT="C." WC="0.48" CC="64"/>
							<SP ID="P1_SP00649" HPOS="2256" VPOS="5806" WIDTH="33"/>
							<String ID="P1_ST00832" HPOS="2289" VPOS="5770" WIDTH="192" HEIGHT="43" CONTENT="Linniman," WC="0.66" CC="350840016"/>
						</TextLine>
						<TextLine ID="P1_TL00175" HPOS="1715" VPOS="5806" WIDTH="765" HEIGHT="54">
							<String ID="P1_ST00833" HPOS="1715" VPOS="5806" WIDTH="48" HEIGHT="33" CONTENT="W." WC="0.73" CC="40"/>
							<SP ID="P1_SP00650" HPOS="1763" VPOS="5839" WIDTH="18"/>
							<String ID="P1_ST00834" HPOS="1781" VPOS="5807" WIDTH="165" HEIGHT="34" CONTENT="Johnston" WC="0.98" CC="46789007"/>
							<SP ID="P1_SP00651" HPOS="1946" VPOS="5841" WIDTH="14"/>
							<String ID="P1_ST00835" HPOS="1960" VPOS="5809" WIDTH="65" HEIGHT="32" CONTENT="and" WC="0.93" CC="819"/>
							<SP ID="P1_SP00652" HPOS="2025" VPOS="5841" WIDTH="17"/>
							<String ID="P1_ST00836" HPOS="2042" VPOS="5810" WIDTH="68" HEIGHT="41" CONTENT="Co.;" WC="0.96" CC="6038"/>
							<SP ID="P1_SP00653" HPOS="2110" VPOS="5851" WIDTH="19"/>
							<String ID="P1_ST00837" HPOS="2129" VPOS="5811" WIDTH="195" HEIGHT="38" CONTENT="Cowlishaw" WC="0.43" CC="437246749"/>
							<SP ID="P1_SP00654" HPOS="2324" VPOS="5851" WIDTH="12"/>
							<String ID="P1_ST00838" HPOS="2336" VPOS="5818" WIDTH="66" HEIGHT="33" CONTENT="and" WC="0.94" CC="780"/>
							<SP ID="P1_SP00655" HPOS="2402" VPOS="5851" WIDTH="11"/>
							<String ID="P1_ST00839" HPOS="2413" VPOS="5819" WIDTH="67" HEIGHT="41" CONTENT="Co.," WC="0.97" CC="4404"/>
						</TextLine>
						<TextLine ID="P1_TL00176" HPOS="1713" VPOS="5854" WIDTH="766" HEIGHT="53">
							<String ID="P1_ST00840" HPOS="1713" VPOS="5854" WIDTH="160" HEIGHT="32" CONTENT="Hokitika" WC="0.58" CC="88270060"/>
							<SP ID="P1_SP00656" HPOS="1873" VPOS="5886" WIDTH="14"/>
							<String ID="P1_ST00841" HPOS="1887" VPOS="5865" WIDTH="6" HEIGHT="28" CONTENT=";" WC="1.00" CC="0"/>
							<SP ID="P1_SP00657" HPOS="1893" VPOS="5893" WIDTH="26"/>
							<String ID="P1_ST00842" HPOS="1919" VPOS="5856" WIDTH="65" HEIGHT="32" CONTENT="and" WC="0.90" CC="987"/>
							<SP ID="P1_SP00658" HPOS="1984" VPOS="5893" WIDTH="16"/>
							<String ID="P1_ST00843" HPOS="2000" VPOS="5857" WIDTH="111" HEIGHT="34" CONTENT="others" WC="0.97" CC="780690"/>
							<SP ID="P1_SP00659" HPOS="2111" VPOS="5893" WIDTH="16"/>
							<String ID="P1_ST00844" HPOS="2127" VPOS="5870" WIDTH="42" HEIGHT="21" CONTENT="on" WC="0.29" CC="76"/>
							<SP ID="P1_SP00660" HPOS="2169" VPOS="5893" WIDTH="11"/>
							<String ID="P1_ST00845" HPOS="2180" VPOS="5861" WIDTH="56" HEIGHT="33" CONTENT="the" WC="0.95" CC="706"/>
							<SP ID="P1_SP00661" HPOS="2236" VPOS="5894" WIDTH="18"/>
							<String ID="P1_ST00846" HPOS="2254" VPOS="5863" WIDTH="91" HEIGHT="33" CONTENT="West" WC="0.94" CC="7739"/>
							<SP ID="P1_SP00662" HPOS="2345" VPOS="5896" WIDTH="28"/>
							<String ID="P1_ST00847" HPOS="2373" VPOS="5865" WIDTH="106" HEIGHT="42" CONTENT="Coast," WC="0.97" CC="169760"/>
						</TextLine>
						<TextLine ID="P1_TL00177" HPOS="1713" VPOS="5900" WIDTH="275" HEIGHT="38">
							<String ID="P1_ST00848" HPOS="1713" VPOS="5907" WIDTH="32" HEIGHT="26" CONTENT="-it" WC="0.92" CC="389"/>
							<SP ID="P1_SP00663" HPOS="1745" VPOS="5933" WIDTH="14"/>
							<String ID="P1_ST00849" HPOS="1759" VPOS="5900" WIDTH="115" HEIGHT="36" CONTENT="lowest" WC="0.97" CC="747609"/>
							<SP ID="P1_SP00664" HPOS="1874" VPOS="5936" WIDTH="17"/>
							<String ID="P1_ST00850" HPOS="1891" VPOS="5908" WIDTH="97" HEIGHT="30" CONTENT="rates." WC="0.96" CC="769277"/>
						</TextLine>
					</TextBlock>
				</ComposedBlock>
				<ComposedBlock ID="P1_CB00005" HPOS="2509" VPOS="920" WIDTH="770" HEIGHT="5072" TYPE="Advertisement">
					<TextBlock ID="P1_TB00009" HPOS="2509" VPOS="920" WIDTH="770" HEIGHT="5072" STYLEREFS="TXT_2 PAR_LEFT">
						<TextLine ID="P1_TL00178" HPOS="2534" VPOS="921" WIDTH="698" HEIGHT="50">
							<String ID="P1_ST00851" HPOS="2534" VPOS="921" WIDTH="404" HEIGHT="43" CONTENT="CRITERION" WC="0.97" CC="784688788"/>
							<SP ID="P1_SP00665" HPOS="2938" VPOS="964" WIDTH="58"/>
							<String ID="P1_ST00852" HPOS="2996" VPOS="930" WIDTH="236" HEIGHT="41" CONTENT="HOTSL" WC="0.28" CC="76777"/>
						</TextLine>
						<TextLine ID="P1_TL00179" HPOS="2789" VPOS="1002" WIDTH="205" HEIGHT="30">
							<String ID="P1_ST00853" HPOS="2789" VPOS="1002" WIDTH="205" HEIGHT="30" CONTENT="liili," WC="0.38" CC="668725"/>
						</TextLine>
						<TextLine ID="P1_TL00180" HPOS="2646" VPOS="1129" WIDTH="491" HEIGHT="49">
							<String ID="P1_ST00854" HPOS="2646" VPOS="1129" WIDTH="223" HEIGHT="44" CONTENT="EDWARD" WC="0.96" CC="767777"/>
							<SP ID="P1_SP00666" HPOS="2869" VPOS="1173" WIDTH="34"/>
							<String ID="P1_ST00855" HPOS="2903" VPOS="1136" WIDTH="234" HEIGHT="42" CONTENT="CARROLL" WC="0.97" CC="7776377"/>
						</TextLine>
						<TextLine ID="P1_TL00181" HPOS="2513" VPOS="1210" WIDTH="755" HEIGHT="49">
							<String ID="P1_ST00856" HPOS="2513" VPOS="1210" WIDTH="157" HEIGHT="42" CONTENT='"OEGS' WC="0.48" CC="07557"/>
							<SP ID="P1_SP00667" HPOS="2670" VPOS="1252" WIDTH="26"/>
							<String ID="P1_ST00857" HPOS="2696" VPOS="1216" WIDTH="32" HEIGHT="31" CONTENT="to" WC="0.47" CC="37"/>
							<SP ID="P1_SP00668" HPOS="2728" VPOS="1252" WIDTH="24"/>
							<String ID="P1_ST00858" HPOS="2752" VPOS="1215" WIDTH="120" HEIGHT="34" CONTENT="inform" WC="0.98" CC="164560"/>
							<SP ID="P1_SP00669" HPOS="2872" VPOS="1252" WIDTH="26"/>
							<String ID="P1_ST00859" HPOS="2898" VPOS="1216" WIDTH="50" HEIGHT="35" CONTENT="hi*" WC="0.93" CC="674"/>
							<SP ID="P1_SP00670" HPOS="2948" VPOS="1252" WIDTH="27"/>
							<String ID="P1_ST00860" HPOS="2975" VPOS="1230" WIDTH="177" HEIGHT="26" CONTENT="Mtamereai" WC="0.31" CC="888609908"/>
							<SP ID="P1_SP00671" HPOS="3152" VPOS="1256" WIDTH="30"/>
							<String ID="P1_ST00861" HPOS="3182" VPOS="1227" WIDTH="86" HEIGHT="32" CONTENT="tewa" WC="0.09" CC="9978"/>
						</TextLine>
						<TextLine ID="P1_TL00182" HPOS="2626" VPOS="1270" WIDTH="644" HEIGHT="46">
							<String ID="P1_ST00862" HPOS="2626" VPOS="1270" WIDTH="65" HEIGHT="32" CONTENT="and" WC="0.94" CC="456"/>
							<SP ID="P1_SP00672" HPOS="2691" VPOS="1302" WIDTH="32"/>
							<String ID="P1_ST00863" HPOS="2723" VPOS="1277" WIDTH="139" HEIGHT="39" CONTENT="eountrj" WC="0.36" CC="8666088"/>
							<SP ID="P1_SP00673" HPOS="2862" VPOS="1316" WIDTH="28"/>
							<String ID="P1_ST00864" HPOS="2890" VPOS="1275" WIDTH="122" HEIGHT="34" CONTENT="fmnds" WC="0.46" CC="28708"/>
							<SP ID="P1_SP00674" HPOS="3012" VPOS="1316" WIDTH="30"/>
							<String ID="P1_ST00865" HPOS="3042" VPOS="1277" WIDTH="72" HEIGHT="35" CONTENT="that" WC="0.94" CC="7757"/>
							<SP ID="P1_SP00675" HPOS="3114" VPOS="1316" WIDTH="30"/>
							<String ID="P1_ST00866" HPOS="3144" VPOS="1280" WIDTH="40" HEIGHT="33" CONTENT="ke" WC="0.58" CC="80"/>
							<SP ID="P1_SP00676" HPOS="3184" VPOS="1316" WIDTH="27"/>
							<String ID="P1_ST00867" HPOS="3211" VPOS="1281" WIDTH="59" HEIGHT="34" CONTENT="has" WC="0.94" CC="707"/>
						</TextLine>
						<TextLine ID="P1_TL00183" HPOS="2510" VPOS="1340" WIDTH="759" HEIGHT="52">
							<String ID="P1_ST00868" HPOS="2510" VPOS="1340" WIDTH="183" HEIGHT="38" CONTENT="purchased" WC="0.97" CC="777575489"/>
							<SP ID="P1_SP00677" HPOS="2693" VPOS="1378" WIDTH="16"/>
							<String ID="P1_ST00869" HPOS="2709" VPOS="1341" WIDTH="54" HEIGHT="32" CONTENT="the" WC="0.93" CC="089"/>
							<SP ID="P1_SP00678" HPOS="2763" VPOS="1378" WIDTH="17"/>
							<String ID="P1_ST00870" HPOS="2780" VPOS="1342" WIDTH="101" HEIGHT="33" CONTENT="above" WC="0.95" CC="98649"/>
							<SP ID="P1_SP00679" HPOS="2881" VPOS="1378" WIDTH="16"/>
							<String ID="P1_ST00871" HPOS="2897" VPOS="1345" WIDTH="158" HEIGHT="40" CONTENT="business," WC="0.98" CC="872388566"/>
							<SP ID="P1_SP00680" HPOS="3055" VPOS="1385" WIDTH="17"/>
							<String ID="P1_ST00872" HPOS="3072" VPOS="1349" WIDTH="66" HEIGHT="31" CONTENT="And" WC="0.92" CC="289"/>
							<SP ID="P1_SP00681" HPOS="3138" VPOS="1385" WIDTH="29"/>
							<String ID="P1_ST00873" HPOS="3167" VPOS="1350" WIDTH="102" HEIGHT="42" CONTENT="hepee" WC="0.14" CC="88977"/>
						</TextLine>
						<TextLine ID="P1_TL00184" HPOS="2510" VPOS="1401" WIDTH="759" HEIGHT="52">
							<String ID="P1_ST00874" HPOS="2510" VPOS="1401" WIDTH="43" HEIGHT="45" CONTENT="by" WC="0.29" CC="67"/>
							<SP ID="P1_SP00682" HPOS="2553" VPOS="1446" WIDTH="29"/>
							<String ID="P1_ST00875" HPOS="2582" VPOS="1404" WIDTH="94" HEIGHT="37" CONTENT="strict" WC="0.97" CC="177067"/>
							<SP ID="P1_SP00683" HPOS="2676" VPOS="1446" WIDTH="28"/>
							<String ID="P1_ST00876" HPOS="2704" VPOS="1409" WIDTH="162" HEIGHT="35" CONTENT="attention" WC="0.98" CC="868850057"/>
							<SP ID="P1_SP00684" HPOS="2866" VPOS="1446" WIDTH="17"/>
							<String ID="P1_ST00877" HPOS="2883" VPOS="1413" WIDTH="33" HEIGHT="33" CONTENT="to" WC="0.37" CC="65"/>
							<SP ID="P1_SP00685" HPOS="2916" VPOS="1446" WIDTH="24"/>
							<String ID="P1_ST00878" HPOS="2940" VPOS="1410" WIDTH="55" HEIGHT="37" CONTENT="th#" WC="0.29" CC="578"/>
							<SP ID="P1_SP00686" HPOS="2995" VPOS="1447" WIDTH="27"/>
							<String ID="P1_ST00879" HPOS="3022" VPOS="1418" WIDTH="105" HEIGHT="31" CONTENT="wants" WC="0.96" CC="77605"/>
							<SP ID="P1_SP00687" HPOS="3127" VPOS="1449" WIDTH="30"/>
							<String ID="P1_ST00880" HPOS="3157" VPOS="1415" WIDTH="35" HEIGHT="35" CONTENT="ef" WC="1.00" CC="00"/>
							<SP ID="P1_SP00688" HPOS="3192" VPOS="1450" WIDTH="26"/>
							<String ID="P1_ST00881" HPOS="3218" VPOS="1416" WIDTH="51" HEIGHT="37" CONTENT="ku" WC="0.20" CC="78"/>
						</TextLine>
						<TextLine ID="P1_TL00185" HPOS="2510" VPOS="1476" WIDTH="759" HEIGHT="44">
							<String ID="P1_ST00882" HPOS="2510" VPOS="1476" WIDTH="180" HEIGHT="31" CONTENT="customers" WC="0.98" CC="585376776"/>
							<SP ID="P1_SP00689" HPOS="2690" VPOS="1507" WIDTH="27"/>
							<String ID="P1_ST00883" HPOS="2717" VPOS="1477" WIDTH="65" HEIGHT="32" CONTENT="and" WC="0.97" CC="700"/>
							<SP ID="P1_SP00690" HPOS="2782" VPOS="1509" WIDTH="26"/>
							<String ID="P1_ST00884" HPOS="2808" VPOS="1480" WIDTH="168" HEIGHT="34" CONTENT="travellers" WC="0.99" CC="0099003048"/>
							<SP ID="P1_SP00691" HPOS="2976" VPOS="1514" WIDTH="24"/>
							<String ID="P1_ST00885" HPOS="3000" VPOS="1485" WIDTH="32" HEIGHT="31" CONTENT="to" WC="0.52" CC="90"/>
							<SP ID="P1_SP00692" HPOS="3032" VPOS="1516" WIDTH="30"/>
							<String ID="P1_ST00886" HPOS="3062" VPOS="1485" WIDTH="97" HEIGHT="34" CONTENT="merit" WC="0.97" CC="70069"/>
							<SP ID="P1_SP00693" HPOS="3159" VPOS="1519" WIDTH="16"/>
							<String ID="P1_ST00887" HPOS="3175" VPOS="1496" WIDTH="18" HEIGHT="23" CONTENT="a" WC="1.00" CC="9"/>
							<SP ID="P1_SP00694" HPOS="3193" VPOS="1519" WIDTH="16"/>
							<String ID="P1_ST00888" HPOS="3209" VPOS="1486" WIDTH="60" HEIGHT="34" CONTENT="lair" WC="0.93" CC="7779"/>
						</TextLine>
						<TextLine ID="P1_TL00186" HPOS="2655" VPOS="1543" WIDTH="476" HEIGHT="53">
							<String ID="P1_ST00889" HPOS="2655" VPOS="1543" WIDTH="94" HEIGHT="35" CONTENT="share" WC="0.97" CC="88900"/>
							<SP ID="P1_SP00695" HPOS="2749" VPOS="1578" WIDTH="16"/>
							<String ID="P1_ST00890" HPOS="2765" VPOS="1546" WIDTH="36" HEIGHT="33" CONTENT="of" WC="0.89" CC="01"/>
							<SP ID="P1_SP00696" HPOS="2801" VPOS="1579" WIDTH="17"/>
							<String ID="P1_ST00891" HPOS="2818" VPOS="1548" WIDTH="108" HEIGHT="42" CONTENT="publie" WC="0.39" CC="976037"/>
							<SP ID="P1_SP00697" HPOS="2926" VPOS="1590" WIDTH="17"/>
							<String ID="P1_ST00892" HPOS="2943" VPOS="1554" WIDTH="188" HEIGHT="42" CONTENT="patreaage." WC="0.36" CC="0999880880"/>
						</TextLine>
						<TextLine ID="P1_TL00187" HPOS="2606" VPOS="1690" WIDTH="568" HEIGHT="52">
							<String ID="P1_ST00893" HPOS="2606" VPOS="1690" WIDTH="150" HEIGHT="52" CONTENT="Liquars" WC="0.23" CC="7877867"/>
							<SP ID="P1_SP00698" HPOS="2756" VPOS="1742" WIDTH="26"/>
							<String ID="P1_ST00894" HPOS="2782" VPOS="1695" WIDTH="38" HEIGHT="37" CONTENT="§f" WC="0.44" CC="73"/>
							<SP ID="P1_SP00699" HPOS="2820" VPOS="1742" WIDTH="23"/>
							<String ID="P1_ST00895" HPOS="2843" VPOS="1696" WIDTH="59" HEIGHT="38" CONTENT="the" WC="0.93" CC="287"/>
							<SP ID="P1_SP00700" HPOS="2902" VPOS="1742" WIDTH="19"/>
							<String ID="P1_ST00896" HPOS="2921" VPOS="1697" WIDTH="87" HEIGHT="40" CONTENT="Best" WC="0.94" CC="6459"/>
							<SP ID="P1_SP00701" HPOS="3008" VPOS="1742" WIDTH="21"/>
							<String ID="P1_ST00897" HPOS="3029" VPOS="1700" WIDTH="145" HEIGHT="40" CONTENT="Brands." WC="0.96" CC="8888981"/>
						</TextLine>
						<TextLine ID="P1_TL00188" HPOS="2862" VPOS="1841" WIDTH="316" HEIGHT="55">
							<String ID="P1_ST00898" HPOS="2862" VPOS="1841" WIDTH="38" HEIGHT="39" CONTENT="I." WC="0.39" CC="83"/>
							<SP ID="P1_SP00702" HPOS="2900" VPOS="1880" WIDTH="32"/>
							<String ID="P1_ST00899" HPOS="2932" VPOS="1843" WIDTH="246" HEIGHT="53" CONTENT="CARROLL," WC="0.98" CC="67770090"/>
						</TextLine>
						<TextLine ID="P1_TL00189" HPOS="3034" VPOS="1922" WIDTH="195" HEIGHT="44">
							<String ID="P1_ST00900" HPOS="3034" VPOS="1922" WIDTH="195" HEIGHT="44" CONTENT="Prapriatar." WC="0.38" CC="88166607886"/>
						</TextLine>
						<TextLine ID="P1_TL00190" HPOS="2511" VPOS="2055" WIDTH="753" HEIGHT="75">
							<String ID="P1_ST00901" HPOS="2511" VPOS="2055" WIDTH="382" HEIGHT="54" CONTENT="BELFAST" WC="0.98" CC="6516660"/>
							<SP ID="P1_SP00703" HPOS="2893" VPOS="2109" WIDTH="61"/>
							<String ID="P1_ST00902" HPOS="2954" VPOS="2064" WIDTH="310" HEIGHT="66" CONTENT="HOTEL," WC="0.97" CC="647525"/>
						</TextLine>
						<TextLine ID="P1_TL00191" HPOS="2740" VPOS="2144" WIDTH="301" HEIGHT="40">
							<String ID="P1_ST00903" HPOS="2740" VPOS="2144" WIDTH="133" HEIGHT="35" CONTENT="GIBB?" WC="0.25" CC="84887"/>
							<SP ID="P1_SP00704" HPOS="2873" VPOS="2179" WIDTH="25"/>
							<String ID="P1_ST00904" HPOS="2898" VPOS="2148" WIDTH="143" HEIGHT="36" CONTENT="TOWN." WC="0.97" CC="51970"/>
						</TextLine>
						<TextLine ID="P1_TL00192" HPOS="2714" VPOS="2204" WIDTH="351" HEIGHT="42">
							<String ID="P1_ST00905" HPOS="2714" VPOS="2204" WIDTH="223" HEIGHT="38" CONTENT="EIGHT-MILR" WC="0.64" CC="7085018101"/>
							<SP ID="P1_SP00705" HPOS="2937" VPOS="2242" WIDTH="24"/>
							<String ID="P1_ST00906" HPOS="2961" VPOS="2210" WIDTH="104" HEIGHT="36" CONTENT="Roab." WC="0.62" CC="06084"/>
						</TextLine>
						<TextLine ID="P1_TL00193" HPOS="2515" VPOS="2292" WIDTH="752" HEIGHT="70">
							<String ID="P1_ST00907" HPOS="2515" VPOS="2292" WIDTH="128" HEIGHT="70" CONTENT="rjIHS" WC="0.31" CC="57667"/>
							<SP ID="P1_SP00706" HPOS="2643" VPOS="2362" WIDTH="10"/>
							<String ID="P1_ST00908" HPOS="2653" VPOS="2295" WIDTH="221" HEIGHT="47" CONTENT="undersigned" WC="0.98" CC="69944657920"/>
							<SP ID="P1_SP00707" HPOS="2874" VPOS="2362" WIDTH="10"/>
							<String ID="P1_ST00909" HPOS="2884" VPOS="2301" WIDTH="125" HEIGHT="46" CONTENT="having" WC="0.97" CC="490397"/>
							<SP ID="P1_SP00708" HPOS="3009" VPOS="2362" WIDTH="9"/>
							<String ID="P1_ST00910" HPOS="3018" VPOS="2307" WIDTH="154" HEIGHT="35" CONTENT="removed" WC="0.99" CC="0105470"/>
							<SP ID="P1_SP00709" HPOS="3172" VPOS="2362" WIDTH="10"/>
							<String ID="P1_ST00911" HPOS="3182" VPOS="2308" WIDTH="85" HEIGHT="37" CONTENT="from" WC="0.96" CC="6076"/>
						</TextLine>
						<TextLine ID="P1_TL00194" HPOS="2620" VPOS="2358" WIDTH="646" HEIGHT="58">
							<String ID="P1_ST00912" HPOS="2620" VPOS="2358" WIDTH="80" HEIGHT="33" CONTENT="Zala" WC="0.33" CC="6577"/>
							<SP ID="P1_SP00710" HPOS="2700" VPOS="2391" WIDTH="16"/>
							<String ID="P1_ST00913" HPOS="2716" VPOS="2359" WIDTH="101" HEIGHT="35" CONTENT="Town" WC="0.96" CC="4637"/>
							<SP ID="P1_SP00711" HPOS="2817" VPOS="2394" WIDTH="17"/>
							<String ID="P1_ST00914" HPOS="2834" VPOS="2363" WIDTH="66" HEIGHT="33" CONTENT="and" WC="0.95" CC="290"/>
							<SP ID="P1_SP00712" HPOS="2900" VPOS="2396" WIDTH="16"/>
							<String ID="P1_ST00915" HPOS="2916" VPOS="2367" WIDTH="128" HEIGHT="33" CONTENT="erected" WC="0.99" CC="5004330"/>
							<SP ID="P1_SP00713" HPOS="3044" VPOS="2400" WIDTH="22"/>
							<String ID="P1_ST00916" HPOS="3066" VPOS="2380" WIDTH="72" HEIGHT="24" CONTENT="new" WC="0.95" CC="039"/>
							<SP ID="P1_SP00714" HPOS="3138" VPOS="2404" WIDTH="23"/>
							<String ID="P1_ST00917" HPOS="3161" VPOS="2382" WIDTH="84" HEIGHT="34" CONTENT="prem" SUBS_TYPE="HypPart1" SUBS_CONTENT="premises" WC="0.96" CC="9067"/>
							<HYP HPOS="3245" VPOS="2382" WIDTH="21" CONTENT="-"/>
						</TextLine>
						<TextLine ID="P1_TL00195" HPOS="2511" VPOS="2413" WIDTH="757" HEIGHT="57">
							<String ID="P1_ST00918" HPOS="2511" VPOS="2413" WIDTH="63" HEIGHT="35" CONTENT="ises" SUBS_TYPE="HypPart2" SUBS_CONTENT="premises" WC="0.98" CC="2204"/>
							<SP ID="P1_SP00715" HPOS="2574" VPOS="2448" WIDTH="25"/>
							<String ID="P1_ST00919" HPOS="2599" VPOS="2427" WIDTH="35" HEIGHT="22" CONTENT="as" WC="0.36" CC="93"/>
							<SP ID="P1_SP00716" HPOS="2634" VPOS="2449" WIDTH="25"/>
							<String ID="P1_ST00920" HPOS="2659" VPOS="2417" WIDTH="113" HEIGHT="42" CONTENT="above," WC="0.98" CC="065033"/>
							<SP ID="P1_SP00717" HPOS="2772" VPOS="2459" WIDTH="24"/>
							<String ID="P1_ST00921" HPOS="2796" VPOS="2420" WIDTH="27" HEIGHT="33" CONTENT="is" WC="0.75" CC="40"/>
							<SP ID="P1_SP00718" HPOS="2823" VPOS="2459" WIDTH="30"/>
							<String ID="P1_ST00922" HPOS="2853" VPOS="2434" WIDTH="75" HEIGHT="23" CONTENT="now" WC="0.95" CC="850"/>
							<SP ID="P1_SP00719" HPOS="2928" VPOS="2459" WIDTH="21"/>
							<String ID="P1_ST00923" HPOS="2949" VPOS="2428" WIDTH="160" HEIGHT="42" CONTENT="prepared" WC="0.99" CC="00700700"/>
							<SP ID="P1_SP00720" HPOS="3109" VPOS="2470" WIDTH="24"/>
							<String ID="P1_ST00924" HPOS="3133" VPOS="2435" WIDTH="31" HEIGHT="29" CONTENT="to" WC="1.00" CC="00"/>
							<SP ID="P1_SP00721" HPOS="3164" VPOS="2470" WIDTH="26"/>
							<String ID="P1_ST00925" HPOS="3190" VPOS="2432" WIDTH="78" HEIGHT="34" CONTENT="offer" WC="0.97" CC="61177"/>
						</TextLine>
						<TextLine ID="P1_TL00196" HPOS="2512" VPOS="2472" WIDTH="753" HEIGHT="57">
							<String ID="P1_ST00926" HPOS="2512" VPOS="2472" WIDTH="160" HEIGHT="36" CONTENT="excellent" WC="0.98" CC="073924009"/>
							<SP ID="P1_SP00722" HPOS="2672" VPOS="2508" WIDTH="50"/>
							<String ID="P1_ST00927" HPOS="2722" VPOS="2480" WIDTH="285" HEIGHT="36" CONTENT="accommodation" WC="0.99" CC="0405002955659"/>
							<SP ID="P1_SP00723" HPOS="3007" VPOS="2516" WIDTH="37"/>
							<String ID="P1_ST00928" HPOS="3044" VPOS="2488" WIDTH="33" HEIGHT="30" CONTENT="to" WC="0.84" CC="03"/>
							<SP ID="P1_SP00724" HPOS="3077" VPOS="2518" WIDTH="47"/>
							<String ID="P1_ST00929" HPOS="3124" VPOS="2487" WIDTH="141" HEIGHT="42" CONTENT="visiters," WC="0.98" CC="720477073"/>
						</TextLine>
						<TextLine ID="P1_TL00197" HPOS="2510" VPOS="2527" WIDTH="639" HEIGHT="61">
							<String ID="P1_ST00930" HPOS="2510" VPOS="2527" WIDTH="165" HEIGHT="46" CONTENT="boarders," WC="0.98" CC="726092980"/>
							<SP ID="P1_SP00725" HPOS="2675" VPOS="2573" WIDTH="18"/>
							<String ID="P1_ST00931" HPOS="2693" VPOS="2533" WIDTH="64" HEIGHT="34" CONTENT="and" WC="0.97" CC="160"/>
							<SP ID="P1_SP00726" HPOS="2757" VPOS="2573" WIDTH="16"/>
							<String ID="P1_ST00932" HPOS="2773" VPOS="2534" WIDTH="56" HEIGHT="36" CONTENT="the" WC="0.94" CC="573"/>
							<SP ID="P1_SP00727" HPOS="2829" VPOS="2573" WIDTH="15"/>
							<String ID="P1_ST00933" HPOS="2844" VPOS="2537" WIDTH="110" HEIGHT="44" CONTENT="public" WC="0.98" CC="087405"/>
							<SP ID="P1_SP00728" HPOS="2954" VPOS="2581" WIDTH="16"/>
							<String ID="P1_ST00934" HPOS="2970" VPOS="2543" WIDTH="179" HEIGHT="45" CONTENT="generally." WC="0.98" CC="9586066660"/>
						</TextLine>
						<TextLine ID="P1_TL00198" HPOS="2510" VPOS="2643" WIDTH="754" HEIGHT="54">
							<String ID="P1_ST00935" HPOS="2510" VPOS="2643" WIDTH="91" HEIGHT="36" CONTENT="Ales" WC="0.94" CC="9667"/>
							<SP ID="P1_SP00729" HPOS="2601" VPOS="2679" WIDTH="24"/>
							<String ID="P1_ST00936" HPOS="2625" VPOS="2645" WIDTH="120" HEIGHT="37" CONTENT="Wines" WC="0.97" CC="70263"/>
							<SP ID="P1_SP00730" HPOS="2745" VPOS="2682" WIDTH="21"/>
							<String ID="P1_ST00937" HPOS="2766" VPOS="2659" WIDTH="66" HEIGHT="25" CONTENT="and" WC="0.92" CC="767"/>
							<SP ID="P1_SP00731" HPOS="2832" VPOS="2684" WIDTH="26"/>
							<String ID="P1_ST00938" HPOS="2858" VPOS="2652" WIDTH="131" HEIGHT="37" CONTENT="Spirits" WC="0.98" CC="6647106"/>
							<SP ID="P1_SP00732" HPOS="2989" VPOS="2689" WIDTH="30"/>
							<String ID="P1_ST00939" HPOS="3019" VPOS="2667" WIDTH="39" HEIGHT="25" CONTENT="of" WC="0.80" CC="21"/>
							<SP ID="P1_SP00733" HPOS="3058" VPOS="2692" WIDTH="30"/>
							<String ID="P1_ST00940" HPOS="3088" VPOS="2669" WIDTH="66" HEIGHT="24" CONTENT="thi" WC="0.47" CC="078"/>
							<SP ID="P1_SP00734" HPOS="3154" VPOS="2693" WIDTH="28"/>
							<String ID="P1_ST00941" HPOS="3182" VPOS="2671" WIDTH="82" HEIGHT="26" CONTENT="iist" WC="0.34" CC="4848"/>
						</TextLine>
						<TextLine ID="P1_TL00199" HPOS="2690" VPOS="2706" WIDTH="397" HEIGHT="43">
							<String ID="P1_ST00942" HPOS="2690" VPOS="2706" WIDTH="182" HEIGHT="41" CONTENT="Qualities" WC="0.99" CC="500503567"/>
							<SP ID="P1_SP00735" HPOS="2872" VPOS="2747" WIDTH="18"/>
							<String ID="P1_ST00943" HPOS="2890" VPOS="2721" WIDTH="85" HEIGHT="24" CONTENT="only" WC="0.97" CC="4700"/>
							<SP ID="P1_SP00736" HPOS="2975" VPOS="2747" WIDTH="16"/>
							<String ID="P1_ST00944" HPOS="2991" VPOS="2723" WIDTH="96" HEIGHT="26" CONTENT="kept." WC="0.96" CC="58684"/>
						</TextLine>
						<TextLine ID="P1_TL00200" HPOS="2658" VPOS="2821" WIDTH="447" HEIGHT="65">
							<String ID="P1_ST00945" HPOS="2658" VPOS="2821" WIDTH="187" HEIGHT="65" CONTENT="Charges" WC="0.98" CC="3070461"/>
							<SP ID="P1_SP00737" HPOS="2845" VPOS="2886" WIDTH="32"/>
							<String ID="P1_ST00946" HPOS="2877" VPOS="2827" WIDTH="228" HEIGHT="53" CONTENT="Moderate." WC="0.99" CC="050523203"/>
						</TextLine>
						<TextLine ID="P1_TL00201" HPOS="2719" VPOS="2966" WIDTH="465" HEIGHT="50">
							<String ID="P1_ST00947" HPOS="2719" VPOS="2966" WIDTH="150" HEIGHT="35" CONTENT="PETER" WC="0.95" CC="79377"/>
							<SP ID="P1_SP00738" HPOS="2869" VPOS="3001" WIDTH="22"/>
							<String ID="P1_ST00948" HPOS="2891" VPOS="2971" WIDTH="293" HEIGHT="45" CONTENT="AJtMSTSONG," WC="0.18" CC="98888987883"/>
						</TextLine>
						<TextLine ID="P1_TL00202" HPOS="3029" VPOS="3052" WIDTH="198" HEIGHT="41">
							<String ID="P1_ST00949" HPOS="3029" VPOS="3052" WIDTH="198" HEIGHT="41" CONTENT="Preprietajr." WC="0.38" CC="707944767674"/>
						</TextLine>
						<TextLine ID="P1_TL00203" HPOS="2587" VPOS="3150" WIDTH="611" HEIGHT="48">
							<String ID="P1_ST00950" HPOS="2587" VPOS="3150" WIDTH="177" HEIGHT="36" CONTENT="LADIES'" WC="0.97" CC="3794563"/>
							<SP ID="P1_SP00739" HPOS="2764" VPOS="3186" WIDTH="25"/>
							<String ID="P1_ST00951" HPOS="2789" VPOS="3155" WIDTH="58" HEIGHT="32" CONTENT="OR" WC="0.57" CC="07"/>
							<SP ID="P1_SP00740" HPOS="2847" VPOS="3187" WIDTH="25"/>
							<String ID="P1_ST00952" HPOS="2872" VPOS="3156" WIDTH="326" HEIGHT="42" CONTENT="GENTLEMEN'S" WC="0.98" CC="74780454536"/>
						</TextLine>
						<TextLine ID="P1_TL00204" HPOS="2517" VPOS="3258" WIDTH="750" HEIGHT="83">
							<String ID="P1_ST00953" HPOS="2517" VPOS="3258" WIDTH="353" HEIGHT="74" CONTENT="SADDLE" WC="0.96" CC="776746"/>
							<SP ID="P1_SP00741" HPOS="2870" VPOS="3332" WIDTH="83"/>
							<String ID="P1_ST00954" HPOS="2953" VPOS="3267" WIDTH="314" HEIGHT="74" CONTENT="JJAGKS," WC="0.48" CC="7707374"/>
						</TextLine>
						<TextLine ID="P1_TL00205" HPOS="2672" VPOS="3393" WIDTH="454" HEIGHT="57">
							<String ID="P1_ST00955" HPOS="2672" VPOS="3393" WIDTH="111" HEIGHT="42" CONTENT="(Quiet" WC="0.96" CC="148399"/>
							<SP ID="P1_SP00742" HPOS="2783" VPOS="3435" WIDTH="14"/>
							<String ID="P1_ST00956" HPOS="2797" VPOS="3396" WIDTH="66" HEIGHT="33" CONTENT="and" WC="0.97" CC="600"/>
							<SP ID="P1_SP00743" HPOS="2863" VPOS="3435" WIDTH="15"/>
							<String ID="P1_ST00957" HPOS="2878" VPOS="3398" WIDTH="248" HEIGHT="52" CONTENT="Well-broken)!" WC="0.98" CC="6933267870588"/>
						</TextLine>
						<TextLine ID="P1_TL00206" HPOS="2512" VPOS="3486" WIDTH="759" HEIGHT="53">
							<String ID="P1_ST00958" HPOS="2512" VPOS="3486" WIDTH="87" HEIGHT="35" CONTENT="FOR" WC="0.92" CC="768"/>
							<SP ID="P1_SP00744" HPOS="2599" VPOS="3521" WIDTH="16"/>
							<String ID="P1_ST00959" HPOS="2615" VPOS="3488" WIDTH="116" HEIGHT="35" CONTENT="HIRE" WC="0.96" CC="6290"/>
							<SP ID="P1_SP00745" HPOS="2731" VPOS="3523" WIDTH="17"/>
							<String ID="P1_ST00960" HPOS="2748" VPOS="3491" WIDTH="60" HEIGHT="34" CONTENT="BY" WC="0.40" CC="65"/>
							<SP ID="P1_SP00746" HPOS="2808" VPOS="3525" WIDTH="16"/>
							<String ID="P1_ST00961" HPOS="2824" VPOS="3494" WIDTH="92" HEIGHT="34" CONTENT="THE" WC="0.95" CC="067"/>
							<SP ID="P1_SP00747" HPOS="2916" VPOS="3528" WIDTH="20"/>
							<String ID="P1_ST00962" HPOS="2936" VPOS="3497" WIDTH="335" HEIGHT="42" CONTENT="UNDERSIGNED" WC="0.98" CC="28759617567"/>
						</TextLine>
						<TextLine ID="P1_TL00207" HPOS="2655" VPOS="3560" WIDTH="474" HEIGHT="50">
							<String ID="P1_ST00963" HPOS="2655" VPOS="3560" WIDTH="49" HEIGHT="36" CONTENT="At" WC="0.78" CC="04"/>
							<SP ID="P1_SP00748" HPOS="2704" VPOS="3596" WIDTH="22"/>
							<String ID="P1_ST00964" HPOS="2726" VPOS="3562" WIDTH="201" HEIGHT="41" CONTENT="Inangahua" WC="0.64" CC="180080570"/>
							<SP ID="P1_SP00749" HPOS="2927" VPOS="3603" WIDTH="22"/>
							<String ID="P1_ST00965" HPOS="2949" VPOS="3568" WIDTH="180" HEIGHT="42" CONTENT="Junction." WC="0.99" CC="419100294"/>
						</TextLine>
						<TextLine ID="P1_TL00208" HPOS="2554" VPOS="3705" WIDTH="677" HEIGHT="51">
							<String ID="P1_ST00966" HPOS="2554" VPOS="3705" WIDTH="135" HEIGHT="34" CONTENT="Horse's" WC="0.97" CC="8693926"/>
							<SP ID="P1_SP00750" HPOS="2689" VPOS="3739" WIDTH="16"/>
							<String ID="P1_ST00967" HPOS="2705" VPOS="3713" WIDTH="71" HEIGHT="29" CONTENT="sent" WC="0.94" CC="3979"/>
							<SP ID="P1_SP00751" HPOS="2776" VPOS="3742" WIDTH="15"/>
							<String ID="P1_ST00968" HPOS="2791" VPOS="3713" WIDTH="43" HEIGHT="38" CONTENT="[to" WC="0.94" CC="707"/>
							<SP ID="P1_SP00752" HPOS="2834" VPOS="3751" WIDTH="17"/>
							<String ID="P1_ST00969" HPOS="2851" VPOS="3712" WIDTH="94" HEIGHT="43" CONTENT="Lyell" WC="0.76" CC="00803"/>
							<SP ID="P1_SP00753" HPOS="2945" VPOS="3755" WIDTH="16"/>
							<String ID="P1_ST00970" HPOS="2961" VPOS="3718" WIDTH="34" HEIGHT="30" CONTENT="at" WC="0.50" CC="90"/>
							<SP ID="P1_SP00754" HPOS="2995" VPOS="3755" WIDTH="23"/>
							<String ID="P1_ST00971" HPOS="3018" VPOS="3727" WIDTH="19" HEIGHT="22" CONTENT="a" WC="1.00" CC="0"/>
							<SP ID="P1_SP00755" HPOS="3037" VPOS="3755" WIDTH="16"/>
							<String ID="P1_ST00972" HPOS="3053" VPOS="3724" WIDTH="178" HEIGHT="32" CONTENT="mement's" WC="0.36" CC="87097907"/>
						</TextLine>
						<TextLine ID="P1_TL00209" HPOS="2831" VPOS="3781" WIDTH="118" HEIGHT="34">
							<String ID="P1_ST00973" HPOS="2831" VPOS="3781" WIDTH="118" HEIGHT="34" CONTENT="notice." WC="0.98" CC="0233470"/>
						</TextLine>
						<TextLine ID="P1_TL00210" HPOS="2516" VPOS="3876" WIDTH="758" HEIGHT="66">
							<String ID="P1_ST00974" HPOS="2516" VPOS="3876" WIDTH="233" HEIGHT="59" CONTENT="Courtney's" WC="0.98" CC="6477624224"/>
							<SP ID="P1_SP00756" HPOS="2749" VPOS="3935" WIDTH="11"/>
							<String ID="P1_ST00975" HPOS="2760" VPOS="3883" WIDTH="359" HEIGHT="53" CONTENT="Accommodation" WC="0.99" CC="7533000650032"/>
							<SP ID="P1_SP00757" HPOS="3119" VPOS="3936" WIDTH="12"/>
							<String ID="P1_ST00976" HPOS="3131" VPOS="3894" WIDTH="143" HEIGHT="48" CONTENT="House" WC="0.97" CC="30667"/>
						</TextLine>
						<TextLine ID="P1_TL00211" HPOS="2515" VPOS="3944" WIDTH="759" HEIGHT="61">
							<String ID="P1_ST00977" HPOS="2515" VPOS="3944" WIDTH="134" HEIGHT="46" CONTENT="Having" WC="0.97" CC="758654"/>
							<SP ID="P1_SP00758" HPOS="2649" VPOS="3990" WIDTH="29"/>
							<String ID="P1_ST00978" HPOS="2678" VPOS="3948" WIDTH="102" HEIGHT="46" CONTENT="lately" WC="0.97" CC="400769"/>
							<SP ID="P1_SP00759" HPOS="2780" VPOS="3994" WIDTH="25"/>
							<String ID="P1_ST00979" HPOS="2805" VPOS="3951" WIDTH="82" HEIGHT="36" CONTENT="been" WC="0.93" CC="7968"/>
							<SP ID="P1_SP00760" HPOS="2887" VPOS="3994" WIDTH="27"/>
							<String ID="P1_ST00980" HPOS="2914" VPOS="3958" WIDTH="228" HEIGHT="47" CONTENT="considerably" WC="0.99" CC="466700003709"/>
							<SP ID="P1_SP00761" HPOS="3142" VPOS="4005" WIDTH="25"/>
							<String ID="P1_ST00981" HPOS="3167" VPOS="3965" WIDTH="107" HEIGHT="36" CONTENT="added" WC="0.97" CC="90077"/>
						</TextLine>
						<TextLine ID="P1_TL00212" HPOS="2515" VPOS="4009" WIDTH="759" HEIGHT="55">
							<String ID="P1_ST00982" HPOS="2515" VPOS="4010" WIDTH="32" HEIGHT="31" CONTENT="to" WC="0.38" CC="65"/>
							<SP ID="P1_SP00762" HPOS="2547" VPOS="4041" WIDTH="25"/>
							<String ID="P1_ST00983" HPOS="2572" VPOS="4009" WIDTH="65" HEIGHT="34" CONTENT="and" WC="0.92" CC="099"/>
							<SP ID="P1_SP00763" HPOS="2637" VPOS="4043" WIDTH="23"/>
							<String ID="P1_ST00984" HPOS="2660" VPOS="4010" WIDTH="182" HEIGHT="46" CONTENT="improyed," WC="0.66" CC="330066900"/>
							<SP ID="P1_SP00764" HPOS="2842" VPOS="4056" WIDTH="17"/>
							<String ID="P1_ST00985" HPOS="2859" VPOS="4016" WIDTH="27" HEIGHT="34" CONTENT="is" WC="0.41" CC="47"/>
							<SP ID="P1_SP00765" HPOS="2886" VPOS="4056" WIDTH="23"/>
							<String ID="P1_ST00986" HPOS="2909" VPOS="4030" WIDTH="75" HEIGHT="24" CONTENT="now" WC="0.94" CC="409"/>
							<SP ID="P1_SP00766" HPOS="2984" VPOS="4056" WIDTH="17"/>
							<String ID="P1_ST00987" HPOS="3001" VPOS="4033" WIDTH="59" HEIGHT="23" CONTENT="one" WC="0.96" CC="370"/>
							<SP ID="P1_SP00767" HPOS="3060" VPOS="4056" WIDTH="17"/>
							<String ID="P1_ST00988" HPOS="3077" VPOS="4024" WIDTH="36" HEIGHT="33" CONTENT="of" WC="0.72" CC="05"/>
							<SP ID="P1_SP00768" HPOS="3113" VPOS="4057" WIDTH="18"/>
							<String ID="P1_ST00989" HPOS="3131" VPOS="4025" WIDTH="56" HEIGHT="35" CONTENT="the" WC="0.90" CC="969"/>
							<SP ID="P1_SP00769" HPOS="3187" VPOS="4060" WIDTH="16"/>
							<String ID="P1_ST00990" HPOS="3203" VPOS="4028" WIDTH="71" HEIGHT="36" CONTENT="best" WC="0.95" CC="7709"/>
						</TextLine>
						<TextLine ID="P1_TL00213" HPOS="2514" VPOS="4073" WIDTH="760" HEIGHT="54">
							<String ID="P1_ST00991" HPOS="2514" VPOS="4073" WIDTH="176" HEIGHT="42" CONTENT="appointed" WC="0.98" CC="999608070"/>
							<SP ID="P1_SP00770" HPOS="2690" VPOS="4115" WIDTH="15"/>
							<String ID="P1_ST00992" HPOS="2705" VPOS="4076" WIDTH="65" HEIGHT="34" CONTENT="and" WC="0.95" CC="760"/>
							<SP ID="P1_SP00771" HPOS="2770" VPOS="4115" WIDTH="15"/>
							<String ID="P1_ST00993" HPOS="2785" VPOS="4083" WIDTH="87" HEIGHT="30" CONTENT="most" WC="0.97" CC="9600"/>
							<SP ID="P1_SP00772" HPOS="2872" VPOS="4115" WIDTH="16"/>
							<String ID="P1_ST00994" HPOS="2888" VPOS="4082" WIDTH="211" HEIGHT="39" CONTENT="comfortable" WC="0.99" CC="06704060649"/>
							<SP ID="P1_SP00773" HPOS="3099" VPOS="4121" WIDTH="24"/>
							<String ID="P1_ST00995" HPOS="3123" VPOS="4089" WIDTH="151" HEIGHT="38" CONTENT="roadiide" WC="0.59" CC="70008088"/>
						</TextLine>
						<TextLine ID="P1_TL00214" HPOS="2646" VPOS="4137" WIDTH="492" HEIGHT="49">
							<String ID="P1_ST00996" HPOS="2646" VPOS="4137" WIDTH="130" HEIGHT="37" CONTENT="house's" WC="0.97" CC="0776707"/>
							<SP ID="P1_SP00774" HPOS="2776" VPOS="4174" WIDTH="16"/>
							<String ID="P1_ST00997" HPOS="2792" VPOS="4153" WIDTH="42" HEIGHT="22" CONTENT="on" WC="0.20" CC="69"/>
							<SP ID="P1_SP00775" HPOS="2834" VPOS="4175" WIDTH="16"/>
							<String ID="P1_ST00998" HPOS="2850" VPOS="4144" WIDTH="55" HEIGHT="34" CONTENT="the" WC="0.94" CC="790"/>
							<SP ID="P1_SP00776" HPOS="2905" VPOS="4178" WIDTH="17"/>
							<String ID="P1_ST00999" HPOS="2922" VPOS="4146" WIDTH="92" HEIGHT="35" CONTENT="West" WC="0.95" CC="9075"/>
							<SP ID="P1_SP00777" HPOS="3014" VPOS="4181" WIDTH="16"/>
							<String ID="P1_ST01000" HPOS="3030" VPOS="4149" WIDTH="108" HEIGHT="37" CONTENT="Coast." WC="0.97" CC="069703"/>
						</TextLine>
						<TextLine ID="P1_TL00215" HPOS="2534" VPOS="4284" WIDTH="721" HEIGHT="70">
							<String ID="P1_ST01001" HPOS="2534" VPOS="4284" WIDTH="31" HEIGHT="37" CONTENT="F" WC="0.15" CC="8"/>
							<SP ID="P1_SP00778" HPOS="2565" VPOS="4321" WIDTH="13"/>
							<String ID="P1_ST01002" HPOS="2578" VPOS="4285" WIDTH="127" HEIGHT="44" CONTENT="RAIN" WC="0.97" CC="0680"/>
							<SP ID="P1_SP00779" HPOS="2705" VPOS="4329" WIDTH="13"/>
							<String ID="P1_ST01003" HPOS="2718" VPOS="4290" WIDTH="101" HEIGHT="40" CONTENT="CIS" WC="0.94" CC="718"/>
							<SP ID="P1_SP00780" HPOS="2819" VPOS="4330" WIDTH="62"/>
							<String ID="P1_ST01004" HPOS="2881" VPOS="4295" WIDTH="374" HEIGHT="59" CONTENT="COURTNEY," WC="0.98" CC="606036816"/>
						</TextLine>
						<TextLine ID="P1_TL00216" HPOS="2785" VPOS="4372" WIDTH="226" HEIGHT="41">
							<String ID="P1_ST01005" HPOS="2785" VPOS="4372" WIDTH="226" HEIGHT="41" CONTENT="Proprietor." WC="0.98" CC="88088685787"/>
						</TextLine>
						<TextLine ID="P1_TL00217" HPOS="2669" VPOS="4468" WIDTH="609" HEIGHT="72">
							<String ID="P1_ST01006" HPOS="2669" VPOS="4478" WIDTH="144" HEIGHT="41" CONTENT="JOHN" WC="0.98" CC="3060"/>
							<SP ID="P1_SP00781" HPOS="2813" VPOS="4519" WIDTH="42"/>
							<String ID="P1_ST01007" HPOS="2855" VPOS="4484" WIDTH="268" HEIGHT="56" CONTENT="FENNELL," WC="0.47" CC="65368047"/>
							<SP ID="P1_SP00782" HPOS="3123" VPOS="4540" WIDTH="143"/>
							<String ID="P1_ST01008" HPOS="3266" VPOS="4468" WIDTH="12" HEIGHT="5" CONTENT="~" WC="0.26" CC="7"/>
						</TextLine>
						<TextLine ID="P1_TL00218" HPOS="2520" VPOS="4543" WIDTH="756" HEIGHT="85">
							<String ID="P1_ST01009" HPOS="2520" VPOS="4543" WIDTH="314" HEIGHT="73" CONTENT="Q.ENERAL" WC="0.37" CC="86744872"/>
							<SP ID="P1_SP00783" HPOS="2834" VPOS="4616" WIDTH="68"/>
							<String ID="P1_ST01010" HPOS="2902" VPOS="4557" WIDTH="374" HEIGHT="71" CONTENT="gTOKEKEEPER." WC="0.45" CC="462766657372"/>
						</TextLine>
						<TextLine ID="P1_TL00219" HPOS="2619" VPOS="4637" WIDTH="558" HEIGHT="56">
							<String ID="P1_ST01011" HPOS="2619" VPOS="4637" WIDTH="100" HEIGHT="37" CONTENT="Wine" WC="0.96" CC="6254"/>
							<SP ID="P1_SP00784" HPOS="2719" VPOS="4674" WIDTH="22"/>
							<String ID="P1_ST01012" HPOS="2741" VPOS="4651" WIDTH="66" HEIGHT="26" CONTENT="and" WC="0.92" CC="777"/>
							<SP ID="P1_SP00785" HPOS="2807" VPOS="4677" WIDTH="25"/>
							<String ID="P1_ST01013" HPOS="2832" VPOS="4645" WIDTH="113" HEIGHT="37" CONTENT="Spirit" WC="0.97" CC="674706"/>
							<SP ID="P1_SP00786" HPOS="2945" VPOS="4682" WIDTH="28"/>
							<String ID="P1_ST01014" HPOS="2973" VPOS="4650" WIDTH="204" HEIGHT="43" CONTENT="Merchant." WC="0.99" CC="067007750"/>
						</TextLine>
						<TextLine ID="P1_TL00220" HPOS="2558" VPOS="4749" WIDTH="676" HEIGHT="69">
							<String ID="P1_ST01015" HPOS="2558" VPOS="4749" WIDTH="123" HEIGHT="48" CONTENT="Money" WC="0.96" CC="94747"/>
							<SP ID="P1_SP00787" HPOS="2681" VPOS="4797" WIDTH="23"/>
							<String ID="P1_ST01016" HPOS="2704" VPOS="4755" WIDTH="123" HEIGHT="46" CONTENT="always" WC="0.97" CC="277516"/>
							<SP ID="P1_SP00788" HPOS="2827" VPOS="4801" WIDTH="26"/>
							<String ID="P1_ST01017" HPOS="2853" VPOS="4760" WIDTH="33" HEIGHT="33" CONTENT="in" WC="0.34" CC="57"/>
							<SP ID="P1_SP00789" HPOS="2886" VPOS="4801" WIDTH="26"/>
							<String ID="P1_ST01018" HPOS="2912" VPOS="4762" WIDTH="92" HEIGHT="35" CONTENT="hand" WC="0.93" CC="7977"/>
							<SP ID="P1_SP00790" HPOS="3004" VPOS="4801" WIDTH="23"/>
							<String ID="P1_ST01019" HPOS="3027" VPOS="4767" WIDTH="50" HEIGHT="34" CONTENT="for" WC="0.94" CC="464"/>
							<SP ID="P1_SP00791" HPOS="3077" VPOS="4801" WIDTH="21"/>
							<String ID="P1_ST01020" HPOS="3098" VPOS="4769" WIDTH="136" HEIGHT="49" CONTENT="cashing" WC="0.97" CC="6067567"/>
						</TextLine>
						<TextLine ID="P1_TL00221" HPOS="2820" VPOS="4817" WIDTH="150" HEIGHT="46">
							<String ID="P1_ST01021" HPOS="2820" VPOS="4817" WIDTH="150" HEIGHT="46" CONTENT="cheques." WC="0.98" CC="27697004"/>
						</TextLine>
						<TextLine ID="P1_TL00222" HPOS="2557" VPOS="4922" WIDTH="679" HEIGHT="61">
							<String ID="P1_ST01022" HPOS="2557" VPOS="4922" WIDTH="130" HEIGHT="36" CONTENT="Liberal" WC="0.98" CC="0076065"/>
							<SP ID="P1_SP00792" HPOS="2687" VPOS="4958" WIDTH="16"/>
							<String ID="P1_ST01023" HPOS="2703" VPOS="4926" WIDTH="162" HEIGHT="39" CONTENT="advances" WC="0.98" CC="59907505"/>
							<SP ID="P1_SP00793" HPOS="2865" VPOS="4965" WIDTH="16"/>
							<String ID="P1_ST01024" HPOS="2881" VPOS="4934" WIDTH="96" HEIGHT="35" CONTENT="made" WC="0.96" CC="5095"/>
							<SP ID="P1_SP00794" HPOS="2977" VPOS="4969" WIDTH="20"/>
							<String ID="P1_ST01025" HPOS="2997" VPOS="4948" WIDTH="42" HEIGHT="23" CONTENT="on" WC="0.25" CC="77"/>
							<SP ID="P1_SP00795" HPOS="3039" VPOS="4971" WIDTH="14"/>
							<String ID="P1_ST01026" HPOS="3053" VPOS="4941" WIDTH="129" HEIGHT="42" CONTENT="parcels" WC="0.97" CC="7695653"/>
							<SP ID="P1_SP00796" HPOS="3182" VPOS="4983" WIDTH="16"/>
							<String ID="P1_ST01027" HPOS="3198" VPOS="4944" WIDTH="38" HEIGHT="35" CONTENT="of" WC="0.69" CC="06"/>
						</TextLine>
						<TextLine ID="P1_TL00223" HPOS="2772" VPOS="4990" WIDTH="245" HEIGHT="45">
							<String ID="P1_ST01028" HPOS="2772" VPOS="4990" WIDTH="142" HEIGHT="33" CONTENT="retorted" WC="1.00" CC="30030400"/>
							<SP ID="P1_SP00797" HPOS="2914" VPOS="5023" WIDTH="16"/>
							<String ID="P1_ST01029" HPOS="2930" VPOS="4993" WIDTH="87" HEIGHT="42" CONTENT="gold." WC="0.98" CC="71504"/>
						</TextLine>
						<TextLine ID="P1_TL00224" HPOS="2688" VPOS="5099" WIDTH="420" HEIGHT="67">
							<String ID="P1_ST01030" HPOS="2688" VPOS="5099" WIDTH="94" HEIGHT="45" CONTENT="Cliff" WC="0.98" CC="55000"/>
							<SP ID="P1_SP00798" HPOS="2782" VPOS="5144" WIDTH="22"/>
							<String ID="P1_ST01031" HPOS="2804" VPOS="5103" WIDTH="143" HEIGHT="58" CONTENT="Street," WC="0.97" CC="6176437"/>
							<SP ID="P1_SP00799" HPOS="2947" VPOS="5161" WIDTH="32"/>
							<String ID="P1_ST01032" HPOS="2979" VPOS="5110" WIDTH="129" HEIGHT="56" CONTENT="LyelL" WC="0.74" CC="40017"/>
						</TextLine>
						<TextLine ID="P1_TL00225" HPOS="2514" VPOS="5206" WIDTH="758" HEIGHT="69">
							<String ID="P1_ST01033" HPOS="2514" VPOS="5206" WIDTH="316" HEIGHT="50" CONTENT="ANCHOR" WC="0.98" CC="662007"/>
							<SP ID="P1_SP00800" HPOS="2830" VPOS="5256" WIDTH="82"/>
							<String ID="P1_ST01034" HPOS="2912" VPOS="5217" WIDTH="360" HEIGHT="58" CONTENT="FOUNDRY" WC="0.97" CC="5578777"/>
						</TextLine>
						<TextLine ID="P1_TL00226" HPOS="2745" VPOS="5276" WIDTH="319" HEIGHT="51">
							<String ID="P1_ST01035" HPOS="2745" VPOS="5276" WIDTH="175" HEIGHT="40" CONTENT="NELS" WC="0.25" CC="7777"/>
							<SP ID="P1_SP00801" HPOS="2920" VPOS="5316" WIDTH="19"/>
							<String ID="P1_ST01036" HPOS="2939" VPOS="5286" WIDTH="29" HEIGHT="34" CONTENT="U" WC="0.25" CC="7"/>
							<SP ID="P1_SP00802" HPOS="2968" VPOS="5320" WIDTH="22"/>
							<String ID="P1_ST01037" HPOS="2990" VPOS="5286" WIDTH="35" HEIGHT="36" CONTENT="K" WC="0.13" CC="8"/>
							<SP ID="P1_SP00803" HPOS="3025" VPOS="5322" WIDTH="28"/>
							<String ID="P1_ST01038" HPOS="3053" VPOS="5315" WIDTH="11" HEIGHT="12" CONTENT="," WC="0.24" CC="7"/>
						</TextLine>
						<TextLine ID="P1_TL00227" HPOS="2667" VPOS="5424" WIDTH="605" HEIGHT="58">
							<String ID="P1_ST01039" HPOS="2667" VPOS="5424" WIDTH="97" HEIGHT="34" CONTENT="kinds" WC="0.96" CC="76188"/>
							<SP ID="P1_SP00804" HPOS="2764" VPOS="5458" WIDTH="17"/>
							<String ID="P1_ST01040" HPOS="2781" VPOS="5428" WIDTH="36" HEIGHT="32" CONTENT="of" WC="0.44" CC="64"/>
							<SP ID="P1_SP00805" HPOS="2817" VPOS="5460" WIDTH="11"/>
							<String ID="P1_ST01041" HPOS="2828" VPOS="5430" WIDTH="226" HEIGHT="51" CONTENT="Engineering" WC="0.98" CC="75758070087"/>
							<SP ID="P1_SP00806" HPOS="3054" VPOS="5481" WIDTH="15"/>
							<String ID="P1_ST01042" HPOS="3069" VPOS="5440" WIDTH="66" HEIGHT="33" CONTENT="and" WC="0.90" CC="989"/>
							<SP ID="P1_SP00807" HPOS="3135" VPOS="5481" WIDTH="17"/>
							<String ID="P1_ST01043" HPOS="3152" VPOS="5442" WIDTH="100" HEIGHT="40" CONTENT="Smiik" SUBS_TYPE="HypPart1" SUBS_CONTENT="Smiikwork," WC="0.25" CC="88488"/>
							<HYP HPOS="3252" VPOS="5442" WIDTH="20" CONTENT="-"/>
						</TextLine>
						<TextLine ID="P1_TL00228" HPOS="2628" VPOS="5489" WIDTH="646" HEIGHT="66">
							<String ID="P1_ST01044" HPOS="2628" VPOS="5489" WIDTH="101" HEIGHT="40" CONTENT="work," SUBS_TYPE="HypPart2" SUBS_CONTENT="Smiikwork," WC="0.51" CC="94073"/>
							<SP ID="P1_SP00808" HPOS="2729" VPOS="5529" WIDTH="32"/>
							<String ID="P1_ST01045" HPOS="2761" VPOS="5491" WIDTH="79" HEIGHT="35" CONTENT="Iron" WC="0.96" CC="3760"/>
							<SP ID="P1_SP00809" HPOS="2840" VPOS="5529" WIDTH="25"/>
							<String ID="P1_ST01046" HPOS="2865" VPOS="5496" WIDTH="66" HEIGHT="33" CONTENT="and" WC="0.92" CC="678"/>
							<SP ID="P1_SP00810" HPOS="2931" VPOS="5529" WIDTH="32"/>
							<String ID="P1_ST01047" HPOS="2963" VPOS="5499" WIDTH="99" HEIGHT="35" CONTENT="Bragg" WC="0.95" CC="77766"/>
							<SP ID="P1_SP00811" HPOS="3062" VPOS="5534" WIDTH="31"/>
							<String ID="P1_ST01048" HPOS="3093" VPOS="5505" WIDTH="181" HEIGHT="50" CONTENT="F«undi*g" WC="0.30" CC="73789268"/>
						</TextLine>
						<TextLine ID="P1_TL00229" HPOS="2517" VPOS="5547" WIDTH="752" HEIGHT="62">
							<String ID="P1_ST01049" HPOS="2517" VPOS="5547" WIDTH="140" HEIGHT="46" CONTENT="Mining," WC="0.97" CC="7183844"/>
							<SP ID="P1_SP00812" HPOS="2657" VPOS="5593" WIDTH="18"/>
							<String ID="P1_ST01050" HPOS="2675" VPOS="5550" WIDTH="138" HEIGHT="46" CONTENT="Marine," WC="0.98" CC="7970004"/>
							<SP ID="P1_SP00813" HPOS="2813" VPOS="5596" WIDTH="17"/>
							<String ID="P1_ST01051" HPOS="2830" VPOS="5557" WIDTH="65" HEIGHT="34" CONTENT="and" WC="0.91" CC="679"/>
							<SP ID="P1_SP00814" HPOS="2895" VPOS="5596" WIDTH="25"/>
							<String ID="P1_ST01052" HPOS="2920" VPOS="5559" WIDTH="231" HEIGHT="43" CONTENT="Monumental" WC="0.98" CC="6367967006"/>
							<SP ID="P1_SP00815" HPOS="3151" VPOS="5602" WIDTH="17"/>
							<String ID="P1_ST01053" HPOS="3168" VPOS="5570" WIDTH="101" HEIGHT="39" CONTENT="Woifc" WC="0.20" CC="87877"/>
						</TextLine>
						<TextLine ID="P1_TL00230" HPOS="2556" VPOS="5666" WIDTH="723" HEIGHT="68">
							<String ID="P1_ST01054" HPOS="2556" VPOS="5666" WIDTH="291" HEIGHT="39" CONTENT="Communication" WC="0.98" CC="8767892708788"/>
							<SP ID="P1_SP00816" HPOS="2847" VPOS="5705" WIDTH="46"/>
							<String ID="P1_ST01055" HPOS="2893" VPOS="5675" WIDTH="107" HEIGHT="34" CONTENT="Twice" WC="0.97" CC="07681"/>
							<SP ID="P1_SP00817" HPOS="3000" VPOS="5709" WIDTH="46"/>
							<String ID="P1_ST01056" HPOS="3046" VPOS="5680" WIDTH="141" HEIGHT="48" CONTENT='"Vfeeklj' WC="0.40" CC="77700987"/>
							<SP ID="P1_SP00818" HPOS="3187" VPOS="5728" WIDTH="45"/>
							<String ID="P1_ST01057" HPOS="3232" VPOS="5690" WIDTH="47" HEIGHT="44" CONTENT="bj" WC="0.20" CC="87"/>
						</TextLine>
						<TextLine ID="P1_TL00231" HPOS="2516" VPOS="5727" WIDTH="623" HEIGHT="58">
							<String ID="P1_ST01058" HPOS="2516" VPOS="5727" WIDTH="128" HEIGHT="35" CONTENT="Alclioi" WC="0.31" CC="7788466"/>
							<SP ID="P1_SP00819" HPOS="2644" VPOS="5762" WIDTH="19"/>
							<String ID="P1_ST01059" HPOS="2663" VPOS="5730" WIDTH="82" HEIGHT="35" CONTENT="Line" WC="0.97" CC="4407"/>
							<SP ID="P1_SP00820" HPOS="2745" VPOS="5765" WIDTH="20"/>
							<String ID="P1_ST01060" HPOS="2765" VPOS="5733" WIDTH="130" HEIGHT="36" CONTENT="Steame" WC="0.31" CC="967907"/>
							<SP ID="P1_SP00821" HPOS="2895" VPOS="5769" WIDTH="57"/>
							<String ID="P1_ST01061" HPOS="2952" VPOS="5740" WIDTH="66" HEIGHT="33" CONTENT="and" WC="0.94" CC="790"/>
							<SP ID="P1_SP00822" HPOS="3018" VPOS="5773" WIDTH="16"/>
							<String ID="P1_ST01062" HPOS="3034" VPOS="5745" WIDTH="105" HEIGHT="40" CONTENT="prices" WC="0.96" CC="977707"/>
						</TextLine>
						<TextLine ID="P1_TL00232" HPOS="2516" VPOS="5790" WIDTH="555" HEIGHT="50">
							<String ID="P1_ST01063" HPOS="2516" VPOS="5790" WIDTH="164" HEIGHT="36" CONTENT="delivered" WC="0.98" CC="086199090"/>
							<SP ID="P1_SP00823" HPOS="2680" VPOS="5826" WIDTH="16"/>
							<String ID="P1_ST01064" HPOS="2696" VPOS="5798" WIDTH="34" HEIGHT="29" CONTENT="at" WC="0.60" CC="07"/>
							<SP ID="P1_SP00824" HPOS="2730" VPOS="5827" WIDTH="16"/>
							<String ID="P1_ST01065" HPOS="2746" VPOS="5795" WIDTH="76" HEIGHT="34" CONTENT="Wes" WC="0.16" CC="995"/>
							<SP ID="P1_SP00825" HPOS="2822" VPOS="5829" WIDTH="30"/>
							<String ID="P1_ST01066" HPOS="2852" VPOS="5797" WIDTH="98" HEIGHT="37" CONTENT="Coast" WC="0.95" CC="73779"/>
							<SP ID="P1_SP00826" HPOS="2950" VPOS="5834" WIDTH="17"/>
							<String ID="P1_ST01067" HPOS="2967" VPOS="5802" WIDTH="104" HEIGHT="38" CONTENT="Porta." WC="0.97" CC="770774"/>
						</TextLine>
						<TextLine ID="P1_TL00233" HPOS="2713" VPOS="5862" WIDTH="482" HEIGHT="60">
							<String ID="P1_ST01068" HPOS="2713" VPOS="5862" WIDTH="281" HEIGHT="41" CONTENT="ALEXANDER" WC="0.98" CC="007776977"/>
							<SP ID="P1_SP00827" HPOS="2994" VPOS="5903" WIDTH="23"/>
							<String ID="P1_ST01069" HPOS="3017" VPOS="5873" WIDTH="178" HEIGHT="49" CONTENT="BROWK," WC="0.26" CC="777794"/>
						</TextLine>
						<TextLine ID="P1_TL00234" HPOS="3066" VPOS="5946" WIDTH="166" HEIGHT="46">
							<String ID="P1_ST01070" HPOS="3066" VPOS="5946" WIDTH="166" HEIGHT="46" CONTENT="M&amp;naigar*" WC="0.18" CC="768858889"/>
						</TextLine>
					</TextBlock>
				</ComposedBlock>
			</PrintSpace>
		</Page>
	</Layout>
</alto>
