3420 6170
185 3525 126 75 The
353 3525 210 75 Lyell
605 3525 252 75 Times.

186 3665 249 43 SATURDAY,
452 3668 254 36 NOVEMBER
720 3673 29 37 7,
768 3673 89 33 1885.

185 3779 70 36 The
283 3779 154 46 monthly
466 3782 130 43 general
625 3782 211 46 cleaning-up
867 3789 33 30 at

142 3838 58 35 the
217 3838 122 34 United
355 3838 118 45 Alpine
488 3839 139 44 battery,
648 3852 67 22 was
738 3842 97 34 made
857 3854 42 22 on

141 3894 163 44 Tuesday,
328 3895 66 33 and
415 3895 55 33 the
493 3895 89 44 yield
611 3898 36 32 of
665 3899 142 33 retorted
825 3900 74 41 gold

141 3953 85 34 from
240 3951 57 35 the
309 3953 157 43 quantity
481 3952 35 34 of
535 3957 92 30 stone
643 3954 255 36 crushed—64o

141 4012 85 37 tons,
241 4019 68 23 was
323 4010 128 33 6710z5.
496 4009 69 34 The
578 4010 155 44 crushing
744 4013 153 42 occupied

135 4066 71 45 just
221 4077 19 23 a
254 4064 83 37 little
346 4077 77 23 over
436 4066 91 34 three
540 4067 116 39 weeks,
669 4068 93 35 there
777 4069 122 46 having

139 4123 83 35 been
238 4133 42 24 an
301 4123 221 44 interruption
544 4124 142 44 through
709 4125 186 46 breakages.

136 4181 34 33 A
184 4179 166 42 dividend,
372 4180 57 34 the
452 4180 89 40 17th,
558 4181 36 33 of
612 4193 61 22 one
690 4182 135 45 shilling
843 4196 56 32 per

141 4236 114 41 32,000
255 4236 39 41 th
316 4236 106 41 share,
443 4236 29 35 is
497 4238 139 43 payable
664 4250 39 22 on
729 4240 65 33 and
816 4241 83 33 after

135 4292 127 46 to-day.

181 4351 42 34 In
247 4350 110 45 giving
379 4351 176 44 judgment
585 4353 33 32 in
647 4353 57 34 -the
733 4354 49 44 sly
806 4367 72 33 grog-

139 4408 116 42 selling
278 4419 73 22 case
374 4419 43 22 on
440 4408 162 44 Saturday
622 4410 75 39 last,
728 4412 51 33 Mr
805 4414 90 40 Bird,

139 4462 104 42 R.M.,
270 4463 70 35 said
361 4462 42 35 he
425 4474 67 23 was
514 4475 91 34 sorry
627 4469 35 32 to
686 4478 51 24 see
762 4480 18 23 a
807 4481 88 23 mere

139 4520 115 45 youth,
269 4520 65 33 like
349 4520 89 33 John
455 4521 129 40 Pearce,
600 4526 231 42 commencing
842 4528 53 32 life

139 4577 44 45 by
208 4577 153 44 drinking
389 4576 137 46 brandy,
558 4583 65 29 and
653 4581 78 34 then
762 4586 134 41 turning

135 4635 168 35 informer.

177 4691 73 32 The
273 4689 242 44 Keep-it-Dark
539 4691 181 46 Company,
750 4695 57 34 has
821 4698 75 43 just

136 4746 152 36 •declared
311 4746 153 36 dividend
483 4749 60 33 No.
560 4750 50 40 69,
628 4751 35 33 of
683 4763 61 23 one
762 4754 134 45 shilling

138 4814 59 36 per
211 4804 113 40 20,000
324 4804 38 40 th
375 4804 105 35 share.

179 4862 129 44 During
329 4874 43 21 an
394 4863 138 33 interval
555 4866 33 31 in
612 4867 55 31 the
690 4879 147 33 progress
861 4872 35 32 of

137 4919 56 37 the
209 4919 100 36 Court
326 4919 144 36 business
486 4920 86 42 here,
586 4935 41 22 on
643 4924 162 47 Saturday
819 4928 73 41 last,

137 4978 55 34 Mr
206 4978 79 33 Bird
300 4978 103 40 H.M.,
419 4979 77 33 took
513 4982 147 32 oecasion
678 4987 32 28 to
726 4985 82 31 refer
823 4992 32 26 to
875 4998 17 21 a

136 5035 96 35 letter
241 5034 114 44 signed
402 5035 112 34 James
709 5040 105 34 which
828 5042 64 34 had

136 5091 161 45 appeared
313 5093 33 31 in
362 5102 19 22 a
398 5091 65 34 late
478 5092 85 34 issue
576 5094 36 32 of
624 5095 54 33 the
728 5097 164 44 Westport

311 5147 64 35 and
404 5148 166 44 imputing
593 5162 42 21 an
662 5158 51 28 act
737 5154 40 33 -of
802 5167 70 22 over-

130 5204 228 37 ■officiousness
373 5204 43 46 by
432 5205 171 36 Constable
620 5208 156 43 Bovvden,
794 5213 94 35 when

132 5263 76 33 •that
222 5262 119 33 official
356 5274 67 22 was
438 5263 247 44 administering
699 5267 54 33 the
767 5270 75 31 oath
857 5274 32 29 to

136 5319 53 34 Mr
204 5319 262 41 Lowick,—who
483 5323 159 41 appeared
660 5335 34 21 as
711 5326 163 43 complain
880 5349 8 4 -

133 5380 60 30 ant
207 5377 33 32 in
257 5387 19 22 a
291 5377 170 33 Warden's
484 5378 99 33 Court
606 5391 83 22 case,
732 5382 55 33 Mr
810 5385 79 32 Bird

130 5432 80 36 read
222 5432 56 35 tl>e
288 5432 94 35 letter
392 5432 152 45 through,
556 5435 65 34 and
632 5436 76 34 then
722 5437 165 37 described

132 5490 90 34 what
248 5490 55 34 did
329 5490 78 34 talke
433 5491 101 42 place.
581 5493 52 33 Mr
660 5495 132 35 Lowick
824 5498 65 33 had

134 5545 133 36 entered
289 5545 55 34 the
367 5545 73 40 box,
471 5547 66 33 and
560 5548 117 44 failing
701 5558 31 27 to
757 5555 130 42 comply

127 5603 85 34 with
228 5603 55 36 the
299 5603 94 34 usual
407 5603 96 41 form,
521 5604 41 44 by
572 5604 125 46 kissing
713 5608 53 34 the
783 5610 103 39 Book,

132 5660 57 37 the
212 5659 164 36 constable
402 5671 78 33 very
504 5664 153 42 properly
691 5666 195 43 interposed,

132 5719 123 44 stating
277 5716 242 46 subsequently,
546 5719 73 35 that
647 5721 40 35 he
713 5722 63 35 had
804 5724 80 35 been

123 5775 178 33 cautioned
316 5775 42 42 by
376 5775 114 42 higher
509 5777 128 38 Courts,
661 5785 56 28 Dot
742 5784 30 29 to
791 5783 94 32 allew

130 5831 56 35 the
198 5830 94 44 thing
304 5834 32 31 to
350 5831 38 34 fee
400 5831 96 35 made
510 5843 17 23 a
539 5836 202 42 pantomime
753 5838 41 34 of.
835 5839 52 35 Mr

132 5888 132 33 Lowick
279 5888 78 33 then
373 5889 96 33 made
485 5901 19 20 a
520 5891 119 33 secend
654 5897 151 41 attempt,
820 5897 64 33 and

127 5944 177 43 persisting
325 5945 35 32 in
383 5945 53 32 the
462 5956 90 22 same
576 5949 137 33 careless
734 5961 149 31 manner,

125 5999 62 37 skt
203 5999 164 37 constable
382 5999 77 37 took
469 6001 55 35 the
536 6001 83 37 book
631 6004 82 36 from
730 6005 81 44 him,
821 6009 65 36 and

929 220 155 40 appealed
1108 227 31 27 to
1157 224 53 31 the
1235 225 109 39 Court,
1361 228 106 32 which
1492 230 64 33 had
1581 243 29 22 to
1628 245 50 20 see

929 272 73 34 that
1024 274 54 33 the
1102 278 93 32 usual
1212 278 80 33 form
1317 292 66 22 was
1406 285 161 41 complied
1589 288 88 33 with.

931 328 47 34 All
999 330 90 41 Biid,
1106 332 80 38 said,
1203 340 145 36 portions
1364 337 34 33 of
1419 338 52 34 the
1490 341 93 34 letter
1597 356 81 21 were

929 386 247 42 unintelligible,
1201 391 57 32 but
1282 392 70 33 that
1375 405 18 21 a
1416 395 192 40 disgraceful
1632 412 32 20 ac-

930 441 147 35 cusation
1093 443 64 35 had
1173 444 81 37 been
1271 449 93 35 made
1381 452 129 43 against
1525 454 54 35 the
1602 469 55 22 con-

929 499 113 39 stable,
1073 502 65 31 and
1167 503 71 32 that
1268 506 51 31 Mr
1347 507 130 34 Lowick
1501 510 113 35 should
1640 513 38 32 be

929 556 156 35 ashamed
1119 559 34 33 of
1172 560 136 36 himself
1329 565 47 33 for
1403 565 121 43 having
1556 580 121 23 written

930 613 79 33 such
1026 625 18 22 a
1060 615 103 34 letter.

972 682 57 32 We
1046 682 81 32 have
1144 686 145 32 received
1312 688 81 32 from
1412 690 53 31 the
1483 692 196 37 Treasurers,

930 745 32 27 at
978 739 133 41 Nelson,
1129 756 17 19 a
1164 751 107 36 pretty
1289 746 80 33 little
1393 751 162 39 specimen
1573 755 34 30 of
1630 754 52 32 the

930 796 150 42 printer's
1111 805 60 31 art,
1202 799 191 46 intimating
1426 804 72 34 that
1529 807 52 33 the
1611 819 52 33 pro-

931 854 137 41 missory
1084 861 92 27 notes
1197 856 95 43 given
1317 864 31 26 to
1367 860 120 34 Messrs
1510 864 170 35 Levestam

930 911 65 34 and
1011 911 101 43 Field,
1129 913 48 35 for
1193 914 54 35 the
1268 927 136 34 purpose
1423 918 35 34 of
1470 923 141 44 meeting
1627 923 55 34 the

930 969 212 45 preliminary
1165 982 138 32 expense
1331 974 33 33 in
1390 979 189 33 connection
1605 980 76 34 with

930 1026 55 33 the
1003 1027 133 40 Nelson,
1155 1029 80 33 East
1247 1031 64 33 and
1321 1033 90 33 West
1424 1034 95 33 Coast
1536 1037 147 43 Railway

930 1083 141 40 scheme,
1096 1084 64 33 and
1183 1086 171 44 providing
1377 1099 18 22 a
1417 1089 79 34 fund
1518 1094 33 31 to
1574 1094 110 43 defray

931 1142 55 32 the
1002 1148 68 26 cost
1085 1144 150 32 attached
1253 1151 31 25 to
1301 1146 137 43 sending
1453 1148 53 33 the
1524 1149 158 42 delegates

932 1203 31 27 to
981 1198 148 41 London,
1146 1211 53 22 are
1216 1212 73 22 now
1308 1202 135 43 payable
1460 1211 34 27 at
1509 1206 54 34 the
1588 1208 95 33 Bank

930 1255 37 32 of
995 1255 79 34 New
1104 1256 152 42 Zealand,
1288 1257 147 37 Reefton.
1482 1261 201 38 Subscribers

931 1311 66 33 will
1020 1313 74 33 take
1117 1315 55 31 the
1195 1315 83 38 hint,
1302 1317 64 31 and
1391 1318 40 32 do
1454 1319 56 32 the
1532 1323 149 31 amiable.

933 1367 31 35 It
986 1368 26 34 is
1028 1379 78 35 very
1128 1369 100 46 likely
1243 1371 90 36 there
1355 1373 65 34 will
1436 1374 38 35 be
1498 1377 186 45 something

932 1428 31 29 to
991 1425 38 32 be
1056 1426 168 41 refunded,
1251 1429 57 33 but
1339 1429 34 34 in
1396 1431 54 33 the
1475 1443 110 24 course
1607 1435 37 33 of
1666 1447 18 21 a

931 1481 82 34 little
1030 1482 92 41 time,
1139 1495 19 22 a
1174 1484 58 35 full
1248 1490 188 39 statement,
1453 1490 64 33 and
1530 1498 107 36 report
1654 1494 34 33 of

932 1536 54 36 the
1022 1539 106 35 whole
1164 1541 36 34 of
1231 1542 56 35 the
1322 1545 211 46 proceedings
1564 1548 36 34 of
1631 1549 54 35 the

932 1596 162 43 delegates
1116 1599 96 34 when
1235 1605 33 28 at
1291 1602 120 39 Home,
1436 1605 147 40 together
1604 1607 79 33 with

932 1662 19 22 a
967 1652 99 34 detail
1089 1654 35 33 of
1143 1655 55 33 the
1221 1657 133 34 relative
1378 1661 220 41 expenditure,
1622 1664 64 33 will

931 1707 39 34 be
993 1709 107 33 made.
1144 1711 167 44 Although
1336 1714 85 35 their
1447 1716 75 34 visit
1548 1718 59 35 has
1630 1726 57 28 not

932 1765 81 35 been
1030 1769 153 34 attended
1207 1771 80 34 with
1304 1772 41 33 c.ll
1369 1773 55 34 the
1447 1776 116 33 results
1579 1778 106 34 which

931 1834 84 22 werj
1045 1826 207 44 anticipated,
1284 1830 76 38 still,
1391 1832 24 32 it
1445 1840 89 27 must
1563 1841 56 28 not
1649 1836 38 33 be

934 1882 161 42 supposed
1123 1883 74 35 that
1223 1886 55 33 the
1303 1887 129 35 scheme
1463 1890 59 33 has
1553 1895 135 42 entirely

932 1937 99 35 fallen
1055 1938 153 46 through,
1226 1953 35 23 or
1284 1943 71 34 that
1372 1945 51 34 its'
1446 1946 149 38 ultimate
1619 1962 50 22 suc-

933 2006 69 21 cess
1019 1996 27 32 is
1061 1998 114 41 placed
1186 1998 127 42 beyond
1325 2003 205 44 probability.
1576 2008 48 32 On
1633 2009 54 31 the

933 2057 163 39 contrary,
1113 2054 105 35 active
1234 2061 272 38 representations
1519 2065 170 43 regarding

934 2108 42 35 its
998 2111 113 34 merits
1134 2123 54 23 are
1209 2114 66 34 still
1307 2114 95 46 being
1431 2118 95 35 made
1542 2130 9 31 ;
1578 2122 63 34 and
1664 2122 25 35 it

934 2167 68 32 will
1017 2170 160 42 certainly
1193 2170 37 34 be
1247 2174 174 40 conceded,
1438 2176 72 32 that
1525 2177 28 32 if
1565 2179 75 43 only
1655 2179 34 33 in

934 2223 152 45 bringing
1102 2224 55 35 the
1175 2233 119 28 matter
1307 2230 101 34 under
1418 2232 121 45 foreign
1557 2236 114 44 capital-

934 2281 58 32 ists
1008 2282 117 40 notice,
1143 2284 64 33 and
1224 2285 33 33 in
1274 2285 191 46 describing,
1483 2301 34 22 as
1534 2291 58 34 has
1609 2293 80 34 been

934 2337 95 42 done,
1064 2339 54 34 the
1142 2348 91 35 great
1257 2348 82 29 trace
1363 2347 32 32 uf
1424 2351 138 41 country
1590 2355 33 29 to
1651 2352 38 33 be

935 2394 172 44 benefited,
1125 2399 64 34 and
1205 2400 42 34 its
1267 2407 69 29 vast
1351 2415 166 23 resources
1535 2417 6 29 ;
1566 2420 41 21 an
1629 2411 39 31 im-

934 2456 132 38 portant
1092 2459 90 39 stage
1209 2457 60 32 has
1294 2458 78 33 been
1404 2461 145 34 attained
1574 2464 34 33 in
1635 2465 54 33 the

935 2509 88 32 work
1038 2511 35 32 of
1085 2511 130 44 placing
1230 2515 55 32 the
1302 2518 112 32 merits
1430 2520 35 30 of
1478 2519 54 32 the
1550 2522 139 38 scheme,

935 2565 65 33 and
1031 2565 54 35 the
1112 2568 163 46 intensely
1301 2571 181 45 important
1508 2576 65 34 and
1597 2577 74 35 bene-

934 2621 87 34 ficial
1036 2630 117 28 nature
1169 2628 33 31 of
1217 2628 55 33 the
1289 2630 104 32 whole
1411 2631 226 46 undertaking,
1657 2637 33 31 in

933 2692 22 23 a
984 2681 83 43 good
1097 2682 94 44 light,
1222 2685 64 34 and
1320 2689 33 31 in
1391 2701 35 21 as
1455 2692 187 41 prominent
1673 2706 17 21 a

934 2739 142 42 position
1091 2752 34 21 as
1141 2742 42 32 its
1198 2743 202 43 importance
1418 2746 170 35 demands.
1632 2750 57 33 AVe

934 2797 63 34 feel
1020 2810 84 29 sure,
1127 2800 71 34 that
1222 2814 18 21 a
1260 2808 90 36 great
1373 2804 72 33 deal
1470 2807 30 31 of
1522 2807 82 42 good
1627 2809 63 33 will

934 2856 102 33 result
1050 2856 84 35 from
1150 2858 55 34 the
1223 2859 170 44 delegates'
1412 2861 84 35 visit.

977 2924 68 32 The
1069 2926 205 45 Archbishop
1292 2929 35 31 of
1339 2929 99 41 York,
1462 2931 174 45 preaching
1658 2939 32 27 at

937 2981 255 43 Northallerton,
1216 2987 123 32 started
1365 2990 113 42 people
1508 2989 44 43 by
1577 2993 113 40 saying

936 3038 73 33 that
1068 3040 139 33 Heaven
1224 3044 64 31 and
1306 3044 64 33 hell
1387 3056 83 22 were
1493 3052 58 27 not
1573 3048 115 42 places.

936 3095 34 32 If
983 3097 121 34 serious
1127 3098 141 42 thought
1291 3113 83 23 were
1391 3103 94 40 given
1503 3111 32 26 to
1558 3106 36 38 it,
1611 3106 78 42 they

936 3153 94 33 could
1061 3153 116 46 hardly
1209 3157 36 33 be
1283 3162 6 14 '
1304 3160 134 41 placed.'
1663 3165 26 30 is

936 3209 100 34 abovo
1053 3211 65 33 and
1134 3213 64 33 hell
1215 3214 110 41 below,
1344 3215 57 35 but
1418 3218 105 33 where
1540 3230 82 23 were
1635 3220 53 34 the

936 3273 6 11 '
955 3268 101 32 above
1068 3272 6 11 '
1103 3272 63 29 and
1195 3275 9 12 *
1219 3272 101 33 below
1333 3277 5 10 '
1363 3275 32 30 in
1419 3287 19 18 a
1461 3278 100 29 world
1583 3279 104 29 which

934 3323 118 34 turned
1067 3325 104 35 round
1184 3338 96 34 every
1297 3327 54 44 da3
1352 3341 8 11 r
1364 3355 6 7 .
1416 3330 50 34 No
1479 3341 7 32 ;
1503 3331 90 35 these
1606 3345 81 23 were

934 3381 193 33 convenient
1150 3383 128 42 figures,
1303 3385 64 32 and
1390 3387 124 33 heaven
1539 3389 65 32 and
1626 3390 63 32 hell

934 3448 84 23 were
1049 3440 111 40 found,
1192 3453 81 22 even
1300 3455 34 22 as
1365 3444 108 34 Christ
1503 3446 37 40 is,
1572 3448 34 32 in
1637 3449 52 33 the

934 3494 109 35 hearts
1059 3497 35 34 of
1106 3498 62 33 His
1182 3501 125 42 people.

974 3615 263 37 IMPORTANT
1254 3620 54 35 TO
1332 3622 119 33 GOLD
1477 3624 170 36 MINING

1176 3676 271 36 COMPANIES.

975 3787 61 35 llis
1053 3789 117 35 Honor
1186 3791 53 35 Mr
1261 3792 122 37 Justice
1407 3796 184 37 Richmond
1609 3813 78 23 gave

932 3856 18 22 a
971 3851 90 28 most
1081 3847 180 45 important
1285 3852 108 42 ruling
1415 3854 34 32 in
1466 3855 178 37 Chambers
1668 3871 18 21 a

931 3902 61 34 few
1009 3904 80 43 days
1103 3918 59 31 ago
1175 3919 35 21 as
1223 3908 153 44 affecting
1388 3913 127 40 mining
1527 3915 158 35 interests,

937 3959 63 35 lhe
1017 3966 119 30 matter
1152 3975 66 23 was
1234 3965 55 35 the
1304 3965 72 36 first
1392 3980 73 23 case
1482 3982 33 22 in
1532 3972 133 45 Welling-

932 4021 54 29 ton
1002 4018 36 33 of
1049 4019 55 33 the
1121 4022 185 35 settlement
1324 4025 36 32 of
1372 4038 18 20 a
1405 4026 54 34 list
1475 4029 36 32 of
1522 4031 143 33 contribu-

932 4076 95 34 tories
1042 4077 104 35 under
1169 4079 54 35 the
1247 4081 84 34 Gold
1355 4083 130 45 Mining
1500 4087 88 34 Acts.
1634 4090 51 33 Mr

932 4132 78 34 Hall
1035 4136 160 41 appeared
1218 4137 50 33 for
1296 4139 54 33 the
1377 4140 175 44 liquidator
1574 4145 35 33 of
1629 4146 53 33 the

932 4189 129 35 Poneke
1086 4192 83 34 Gold
1194 4194 129 44 Mining
1346 4197 171 46 Company
1537 4206 32 28 to
1592 4204 90 32 settle

930 4247 54 33 the
1000 4247 65 39 list,
1083 4248 108 34 whilst
1210 4251 51 32 Mr
1275 4252 43 32 M.
1333 4253 185 36 Richmond
1529 4260 153 34 attended

930 4314 42 22 on
988 4304 55 33 the
1066 4309 72 39 part
1154 4307 34 32 of
1200 4307 54 34 the
1279 4309 119 43 largest
1421 4313 211 37 shareholder
1647 4319 33 31 in

930 4361 54 33 the
1000 4372 170 34 company,
1187 4365 63 33 and
1269 4367 139 35 claimed
1431 4370 72 34 that
1520 4372 49 34 his
1586 4374 95 34 client

929 4417 64 33 had
1022 4419 147 33 forfeited
1193 4421 51 33 his
1273 4423 111 35 shares
1411 4426 43 42 by
1479 4434 59 28 not
1560 4430 122 44 having

925 4474 77 44 paid
1024 4476 55 34 the
1102 4476 63 36 last
1188 4479 71 41 call,
1284 4481 64 33 and
1371 4482 72 36 that
1466 4484 42 44 by
1530 4487 104 36 virtue
1651 4490 34 33 of

929 4534 120 31 section
1067 4535 38 31 10
1121 4535 35 32 of
1168 4536 55 33 the
1239 4537 186 47 Amending
1440 4542 72 41 Act,
1531 4546 90 40 1883,
1638 4547 40 34 he

928 4601 65 21 was
1009 4590 94 34 liable
1127 4593 77 43 only
1216 4593 52 34 for
1289 4596 91 33 debts
1397 4610 35 21 or
1453 4600 163 36 liabilities
1632 4605 30 32 in-

927 4646 113 34 curred
1056 4648 86 42 prior
1157 4654 33 29 to
1207 4650 54 33 the
1271 4651 176 37 forfeiture.
1492 4657 40 33 In
1547 4667 134 36 support

927 4702 35 33 of
974 4702 51 33 his
1042 4711 182 37 argument,
1244 4708 52 33 Mr
1318 4709 186 37 Richmond
1525 4715 84 34 cited
1626 4718 52 33 the

927 4772 70 21 case
1010 4761 36 32 of
1059 4762 209 36 Wilberforce
1279 4777 29 21 v.
1320 4767 53 32 the
1388 4768 188 45 Try-Again
1586 4774 69 33 Com-

923 4828 101 33 pany,
1042 4817 99 36 heard
1152 4819 42 44 by
1207 4821 54 34 the
1275 4821 101 37 Court
1387 4824 36 35 of
1431 4827 134 44 Appeal.
1611 4831 67 35 The

925 4876 92 40 point
1038 4878 106 32 raised
1161 4889 66 22 was
1249 4885 58 28 not
1329 4882 153 34 identical
1504 4887 80 33 with
1608 4889 70 34 that

924 4932 106 35 raised
1045 4935 34 33 in
1094 4935 56 34 the
1167 4948 71 22 case
1261 4939 136 35 referred
1414 4946 43 35 to,
1476 4944 55 34 the
1548 4955 130 34 present

923 4992 190 32 contention
1136 4993 96 43 being
1254 4995 71 33 that
1345 4998 158 44 although
1525 4992 163 53 proceed-,

923 5048 72 42 ings
1019 5049 64 32 had
1106 5049 80 34 been
1214 5052 97 33 taken
1337 5055 65 32 and
1424 5057 172 44 iudgment
1624 5062 38 33 ob

925 5103 110 33 tained
1051 5105 114 32 within
1178 5107 59 32 the
1254 5109 78 33 time
1355 5111 127 35 limited
1498 5115 39 39 by
1557 5120 120 33 section

923 5161 50 37 54,
998 5165 56 38 yet
1077 5173 34 22 as
1134 5163 55 33 the
1213 5172 136 28 amount
1372 5170 35 32 of
1426 5171 55 34 the
1501 5174 177 44 judgment

923 5217 64 33 had
1005 5224 56 28 not
1077 5219 79 35 been
1173 5223 75 42 paid
1264 5236 35 21 or
1311 5224 179 39 distrained
1501 5231 47 34 for
1560 5235 114 34 within

923 5275 37 31 21
984 5274 80 42 days
1086 5276 84 33 from
1195 5278 53 34 the
1271 5281 73 34 date
1368 5284 35 32 of
1417 5285 184 44 judgment,
1623 5293 54 32 the

922 5330 111 34 shares
1050 5330 132 37 became
1199 5336 158 36 forfeited.
1402 5342 62 34 His
1483 5344 115 37 Honor
1608 5350 67 33 said

924 5387 38 33 he
979 5395 89 27 must
1084 5391 38 33 be
1138 5392 109 34 bound
1264 5395 40 43 by
1324 5397 71 33 that
1411 5398 153 37 decision.
1609 5406 66 32 The

922 5445 136 42 petition
1074 5447 49 33 for
1137 5450 206 46 winding-up
1359 5454 55 35 the
1431 5468 163 36 company
1610 5473 65 23 was
1687 5438 1 66 I

920 5504 172 40 presented
1129 5515 42 23 oa
1204 5507 59 33 the
1301 5511 76 32 16th
1421 5513 125 42 March,
1585 5520 88 38 1885,

921 5558 110 34 whilst
1046 5560 55 33 the
1117 5561 209 37 shareholder
1335 5567 149 36 forfeited
1498 5571 49 34 his
1561 5574 112 37 shares

921 5626 42 22 on
979 5617 56 32 the
1050 5617 77 34 26th
1147 5619 124 42 March,
1287 5624 92 34 1884.
1424 5626 53 35 He
1494 5640 65 23 was
1579 5631 94 37 liable

922 5677 31 28 to
971 5675 180 33 contribute
1169 5682 31 28 to
1217 5678 54 33 the
1288 5687 191 39 company's
1495 5686 92 34 debts
1611 5691 64 33 and

920 5727 162 38 liabilities
1119 5732 150 37 incurred
1306 5738 87 43 prior
1430 5745 31 30 to
1494 5743 179 40 forfeiture.

922 5786 111 33 Under
1056 5791 121 32 section
1201 5794 39 29 2*2
1264 5794 34 31 of
1315 5796 52 30 the
1395 5799 54 31 Act
1468 5802 34 29 of
1524 5804 77 31 1872
1621 5806 52 31 the

918 5853 157 35 manager
1105 5845 36 35 of
1166 5859 17 22 a
1209 5860 162 36 company
1403 5856 94 35 could
1529 5860 76 44 only
1637 5862 36 34 be

918 5900 136 34 allowed
1077 5903 92 35 three
1198 5908 144 35 months'
1372 5913 109 45 salary
1510 5915 85 36 from
1620 5918 53 36 the

917 5955 63 33 last
996 5960 143 43 meeting
1154 5962 36 32 of
1202 5962 53 35 the
1272 5964 162 48 directory
1450 5974 34 30 at
1499 5972 106 35 which
1618 5976 53 32 tha

915 6012 94 46 plant
1024 6026 66 25 was
1113 6019 80 43 sold,
1210 6022 65 35 and
1292 6023 53 36 the
1362 6026 64 35 fact
1449 6028 73 37 that
1543 6032 41 34 he
1608 6035 45 32 col-

1717 233 102 32 lected
1844 246 17 20 a
1879 236 60 31 call
1962 237 82 31 after
2059 238 74 33 that
2155 239 73 32 dute
2253 240 54 31 did
2331 248 56 25 not
2403 253 51 30 pre-

1717 295 76 28 vent
1811 291 53 33 the
1888 302 163 33 company
2066 293 96 43 being
2181 295 134 34 deemed
2340 302 31 28 to
2388 298 83 34 have

1717 347 112 33 ceased
1854 349 148 43 carrying
2025 361 38 21 on
2092 350 147 35 bnsiness
2270 353 115 34 within
2418 356 53 33 the

1718 402 154 41 meaning
1886 403 34 30 of
1932 403 54 31 the
2003 403 134 33 section.

1958 509 277 35 LATEST

1760 578 290 45 CABLE
2146 582 282 47 NEWS.

2063 707 145 40 London,
2228 709 136 35 October
2383 712 49 34 27.

1759 764 84 30 Lord
1868 765 124 40 George
2016 767 185 36 Hamilton,
2223 769 87 31 First
2334 772 86 30 Lord
2443 773 32 31 of

1717 817 54 33 the
1794 818 196 44 Admiralty,
2015 833 189 23 announces
2232 824 73 34 that
2329 825 25 35 it
2377 826 27 34 is
2427 827 30 33 in-

1717 876 116 31 tended
1851 876 117 42 during
1983 878 55 33 the
2055 886 77 27 next
2150 888 61 26 two
2235 893 94 32 years
2347 888 31 28 to
2396 895 56 23 con-

1717 940 101 27 struct
1833 935 75 33 nine
1931 937 173 41 ironclads,
2127 939 124 42 having
2267 954 18 20 a
2301 944 171 33 combined

1717 995 140 41 tonnage
1873 991 35 35 of
1920 993 114 40 80,000
2050 998 84 31 tons.

2201 1055 185 35 November
2404 1061 28 30 1.

1759 1104 71 35 The
1854 1105 96 36 death
1974 1107 27 34 is
2024 1112 204 41 announced,
2260 1114 80 42 aged
2364 1116 50 39 74,
2444 1116 34 33 of

1718 1161 62 33 His
1796 1163 102 32 Grace
1915 1164 55 32 the
1988 1165 94 34 Duke
2098 1169 35 31 of
2145 1168 175 42 Abercorn,
2340 1172 83 33 K.G.

1903 1221 305 44 Constantinople,
2227 1228 139 33 October
2382 1231 50 31 27.

1759 1275 288 44 Representations
2059 1280 83 35 from
2157 1283 99 35 Great
2269 1285 128 34 Britain
2412 1288 64 33 and

1718 1332 124 32 France
1864 1335 173 43 yesterday
2059 1339 134 32 notified
2218 1345 33 27 to
2275 1342 55 31 the
2355 1342 117 33 Sultan

1717 1388 73 34 that
1813 1388 55 36 the
1891 1394 175 41 respective
2094 1395 241 37 Governments
2359 1400 116 42 agreed

1719 1450 31 29 to
1773 1446 74 34 take
1871 1453 72 38 part
1958 1449 34 34 in
2017 1450 53 35 the
2093 1454 165 43 projected
2281 1456 190 35 conference

1719 1513 41 22 on
1777 1503 54 34 the
1849 1505 177 44 Bulgarian
2042 1511 160 41 question.
2247 1512 70 34 The
2333 1514 141 34 Turkish

1719 1561 162 44 delegates
1910 1563 83 35 have
2019 1574 68 33 not,
2117 1567 161 43 however,
2305 1576 57 38 yet
2393 1571 82 35 been

1719 1620 175 41 appointed
1924 1621 66 33 and
2026 1623 56 33 the
2119 1626 188 35 conference
2343 1629 27 32 is
2402 1640 55 22 con-

1719 1677 172 44 sequently
1906 1680 181 43 postponed
2103 1682 83 34 until
2203 1687 77 31 next
2298 1684 99 35 week.

2232 1741 138 35 October
2385 1744 49 33 29.

1762 1789 87 45 King
1866 1792 115 42 Milan,
1998 1795 35 33 of
2046 1796 122 39 Servia,
2185 1797 60 34 has
2268 1799 174 36 addressed
2458 1814 19 22 a

1720 1846 189 46 diplomatic
1926 1856 74 29 note
2018 1856 32 30 to
2068 1853 53 34 the
2138 1854 175 47 European
2333 1858 142 42 Powers,

1720 1906 33 31 in
1776 1906 106 33 which
1907 1908 41 33 he
1971 1913 100 31 states
2093 1911 41 33 he
2156 1913 28 32 is
2205 1916 137 32 anxious
2362 1919 33 29 to
2419 1927 38 33 up-

1721 1960 78 36 hold
1814 1963 54 35 the
1885 1963 155 47 integrity
2055 1968 36 34 of
2104 1969 55 34 the
2176 1970 119 44 Treaty
2309 1972 34 33 of
2353 1973 124 40 Berlin,

1720 2018 65 32 and
1802 2019 71 33 that
1889 2020 40 34 he
1946 2021 60 34 has
2028 2035 43 22 no
2087 2025 162 34 intention
2267 2028 35 32 of
2322 2028 156 46 breaking

1722 2075 54 33 the
1791 2087 107 32 peace.

1879 2176 53 44 R.
1970 2177 63 45 M.
2072 2180 240 48 COURT.

1816 2285 187 44 Siturbay,
2019 2290 72 34 31st
2107 2291 167 41 October,
2294 2296 90 34 1885.

1767 2378 125 42 (Before
1929 2381 110 34 Frank
2083 2383 91 42 Bird,
2205 2386 95 44 Esq.,
2331 2389 103 44 R.M.)

1765 2435 107 33 Police
1904 2449 30 20 v.
1967 2439 45 31 M.
2048 2440 372 49 Gramatica.—Charge
2449 2449 28 32 of

1724 2491 235 36 drunkenness.
2006 2494 53 35 Mr
2093 2496 186 45 Moynihan
2317 2504 160 42 appeared

1723 2548 49 31 for
1787 2550 147 32 accused.

1765 2607 174 33 Constable
1964 2609 145 34 Bowden
2133 2612 140 43 deposed
2299 2619 32 30 to
2357 2616 123 45 having

1724 2673 76 24 seen
1830 2663 58 35 her
1918 2665 34 34 in
1981 2678 44 23 an
2051 2668 200 38 intoxicated
2275 2678 94 38 state,
2400 2687 80 24 near

1725 2721 93 39 Lyell
1842 2723 103 31 Creek
1969 2724 110 42 bridge
2100 2738 45 20 on
2168 2729 55 31 the
2247 2730 56 32 3rd
2329 2732 148 33 October.

1727 2776 103 45 Being
1845 2778 171 36 otherwise
2034 2783 156 45 engaged,
2208 2786 96 35 could
2320 2792 58 31 not
2394 2802 39 32 go
2446 2793 33 33 to

1724 2835 57 32 her
1798 2841 33 27 at
1846 2848 91 29 once,
1964 2839 55 32 but
2037 2851 18 21 a
2075 2851 78 23 man
2176 2842 202 46 intercepted
2395 2847 83 39 him,

1723 2893 63 32 and
1803 2894 76 33 took
1896 2895 59 33 her
1969 2901 33 28 to
2019 2898 59 33 her
2094 2899 112 35 house.
2253 2903 125 34 Should
2396 2906 83 33 have

1723 2951 143 34 arrested
1882 2951 68 42 her,
1967 2953 58 35 but
2038 2955 72 37 that
2123 2958 90 35 there
2227 2971 67 24 was
2305 2972 17 23 a
2333 2961 147 45 prisoner

1722 3007 31 32 in
1772 3009 54 32 the
1844 3010 144 44 lock-up.

1764 3064 50 43 By
1844 3066 52 33 Mr
1921 3067 306 45 Moynihan,—Did
2253 3077 59 32 not
2338 3087 52 24 see
2421 3077 59 36 her

1722 3133 39 27 go
1786 3122 143 44 through
1957 3126 54 33 the
2044 3130 163 42 township
2222 3141 10 30 ;
2255 3133 129 33 neither
2413 3146 66 23 saw

1722 3188 64 32 any
1803 3181 107 40 parcel
1926 3181 57 33 she
1998 3195 73 31 way
2086 3187 153 43 carrying
2253 3199 7 29 ;
2286 3188 54 34 did
2352 3194 58 29 not
2427 3197 53 36 get

1722 3235 115 35 within
1853 3239 40 33 80
1915 3240 96 42 yards
2028 3242 31 33 of
2077 3242 67 35 her.
2190 3245 132 36 Believe
2346 3247 57 35 she
2423 3253 56 38 got

1722 3293 98 31 home
1858 3296 43 30 all
1938 3297 96 41 right.
2093 3300 73 32 Saw
2202 3302 58 32 her
2296 3307 64 30 two
2400 3306 80 43 days

776 78 137 47 THE
981 81 221 48 LYELL
1265 85 220 57 TIMES,
1553 90 366 62 SATURDAY,
1990 97 377 51 NOVEMBER
2434 119 38 46 7,
2547 109 124 58 1885.

1750 3373 245 44 [Continuation
2013 3381 35 31 of
2063 3382 104 39 News,
2186 3395 51 21 see
2260 3387 59 31 4th
2336 3387 111 44 Page.]

264 256 40 34 V.

732 261 39 32 Pi.

183 363 121 35 GOLD
330 365 172 34 MINING
526 367 169 35 LEASES
717 369 55 33 TO
796 369 58 33 BE

404 412 226 35 GRANTED.

320 504 125 33 Public
470 505 253 34 Notification.

143 595 75 73 IN
237 597 195 44 conformity
447 598 79 34 with
550 599 54 33 the
621 600 76 33 37th
718 600 123 34 seetion
866 601 35 33 of

232 646 18 16 14
265 643 67 34 The
358 644 106 34 Mines
486 645 71 40 Act,
727 648 63 32 and
818 648 76 32 with

144 687 56 33 the
216 689 198 42 regulations
437 691 95 32 made
555 692 104 33 under
681 692 70 33 that
768 694 60 32 Act
851 694 47 32 for

145 734 55 36 the
216 736 152 44 granting
384 736 139 36 ofleases
537 738 47 34 for
596 740 218 41 gold-mining
825 753 53 31 pur-

145 791 102 30 poses,
271 783 26 32 it
319 784 26 31 is
367 783 121 44 hereby
503 785 133 31 notified
660 786 71 31 that
753 786 25 31 it
801 788 25 30 is
850 786 30 31 in-

146 828 117 35 tended
279 835 33 28 to
328 833 94 40 grant
437 829 101 35 leases
562 831 34 33 of
606 831 115 34 Crown
739 831 93 34 lands
849 832 49 33 for

144 875 77 43 gold
225 875 140 44 -mining
390 887 154 33 purposes
578 882 32 28 to
638 878 53 32 the
717 878 181 42 applicants

144 922 153 43 specified
313 924 33 32 in
363 923 53 34 the
433 924 143 34 annexed
596 925 168 35 Schedule,
786 926 109 33 unless

146 967 89 34 there
252 969 83 33 shall
347 969 37 33 be
398 971 86 33 valid
494 971 175 43 objections
680 973 127 41 against
818 971 79 33 such

145 1014 113 35 leases.

189 1061 185 43 Objections
383 1066 31 29 to
424 1063 54 33 the
491 1065 151 43 granting
651 1065 34 31 of
692 1065 78 32 such
785 1066 112 37 leases,

146 1111 90 30 must
251 1107 38 34 be
305 1108 94 34 made
416 1110 31 33 in
461 1110 139 42 writing,
615 1110 63 34 and
693 1111 113 41 lodged
818 1111 78 34 with

147 1153 55 33 the
219 1153 141 33 Warden
377 1159 33 27 at
423 1156 102 42 Lyell,
537 1168 39 20 on
590 1169 34 19 or
635 1157 106 31 before
756 1158 53 32 the
822 1158 74 32 18th

145 1197 65 44 day
226 1199 35 33 of
273 1199 190 38 December,
481 1203 88 32 1885.

187 1244 92 43 Copy
292 1244 35 33 of
336 1245 54 34 the
402 1247 214 42 applications
625 1247 94 33 made
732 1249 61 32 and
805 1249 93 42 plans

144 1290 147 34 annexed
315 1302 78 32 may
416 1293 38 33 be
481 1305 76 22 seen
581 1300 33 27 at
644 1295 54 32 the
727 1295 170 33 Warden's

144 1334 101 35 Office
261 1341 33 27 at
310 1338 103 41 Lyell.

421 1430 202 36 Schedule:

186 1473 191 45 Applicants
391 1486 7 23 :
423 1477 139 34 Edward
585 1480 121 32 Carton
723 1478 65 34 and
805 1479 93 33 Peter

268 1520 31 34 J.
317 1522 204 44 Armstrong.

187 1566 91 44 Style
294 1568 105 34 under
413 1569 107 33 which
537 1570 25 33 it
574 1571 26 33 is
614 1571 155 33 intended
780 1575 31 29 to
825 1583 54 21 con-

270 1613 75 33 duct
368 1614 55 33 the
446 1615 154 33 Business
615 1626 7 22 :
647 1616 68 33 The
733 1617 166 32 Lumsden

269 1658 85 34 Gold
371 1658 130 45 Mining
518 1661 181 43 Company.

185 1703 106 34 Area:
317 1705 37 32 16
369 1716 90 23 acres
474 1707 18 31 2
504 1707 106 33 roods.

186 1748 150 46 Locality
349 1760 6 23 :
380 1751 103 43 Eight
499 1752 89 38 Mile,
607 1753 101 43 Lyell.

188 1795 129 45 Mining
332 1796 157 35 District:
507 1798 123 34 Nelson
649 1799 208 35 South-west.

187 1889 199 44 Applicant:
409 1890 169 44 Alphonso
594 1892 139 33 Jecklin.

188 1934 92 46 Style
295 1934 105 36 under
413 1936 107 35 which
536 1936 25 35 it
576 1937 27 34 is
614 1938 155 35 intended
781 1941 31 32 to
825 1950 56 23 con-

270 1982 78 33 duct
379 1983 54 33 the
464 1984 173 32 Business:
661 1985 69 32 The
762 1986 139 32 General

271 2027 172 36 Komaroff
475 2028 120 44 Quartz
635 2028 129 47 Mining
805 2030 71 35 Com-

270 2084 98 34 pany.

188 2119 103 37 Area:
316 2122 38 34 16
370 2132 88 24 acres
474 2123 19 33 2
506 2122 106 35 roods.

188 2167 167 42 Locality:
378 2168 103 41 Eight
497 2169 89 36 Mile,
604 2169 104 42 Lyell.

190 2211 129 44 Mining
334 2211 155 37 District:
508 2213 122 35 Nelson
647 2215 211 35 South-west,

189 2303 106 37 Given
311 2304 105 36 under
437 2317 58 33 my
517 2307 99 40 hand,
634 2312 34 30 at
683 2308 135 39 Nelson,
836 2309 65 34 this

144 2352 74 33 81st
240 2351 64 43 day
319 2351 36 34 of
374 2352 145 40 October,
542 2365 61 23 one
626 2354 164 35 thousand
812 2355 91 44 eight

146 2397 151 35 hundred
312 2398 64 34 and
391 2398 202 45 eighty-five.

260 2444 182 33 ALFRED
466 2446 310 41 GREENFIELD,

285 2488 256 37 Commissioner
555 2492 35 33 of
603 2491 116 35 Crown
736 2493 122 34 Lands.

397 2536 159 44 (Holding
571 2537 167 43 delegated
754 2540 146 42 powers.)

144 2623 96 34 THE
279 2623 229 35 NATIONAL
544 2625 124 33 BANK
705 2626 55 32 OF
798 2627 105 33 NEW

292 2714 225 39 ZEALAND,
547 2715 210 33 LIMITED,

146 2891 145 67 rpHIS
330 2891 124 34 BANK
484 2892 67 35 will
579 2892 39 34 be
649 2894 184 33 OPENED
871 2899 33 30 to

148 2984 94 35 BUY
265 2984 120 35 GOLD
402 2985 65 33 and
490 2985 228 35 TRANSACT
743 2988 161 34 General

146 3071 211 36 BANKING
393 3072 223 36 BUSINESS
656 3077 34 32 at
730 3075 94 44 Lyell
861 3087 42 22 on

148 3160 251 41 SATURDAY,
433 3161 56 35 7th
527 3163 144 39 NOVR.,
708 3164 105 34 under
848 3165 55 33 the

144 3247 122 44 charge
283 3248 45 35 of
331 3248 55 35 the
403 3248 140 36 Reefton
560 3251 167 44 Manager,
740 3253 27 33 I.
785 3253 116 34 Lewis.

499 3337 52 35 W.
574 3338 204 44 DYMOCK,

680 3429 179 44 Inspector.

1762 3483 148 37 LYELL
1933 3487 249 39 LICENSING
2206 3492 221 38 DISTRICT.

1722 3574 115 36 Notice
1866 3588 30 23 01
1926 3579 208 45 Application
2162 3583 51 36 for
2241 3597 19 23 a
2291 3587 186 37 Publican's

2030 3646 148 36 License.

1722 3732 42 71 J
1817 3732 145 37 JAMES
1996 3737 203 44 ORMOND,
2236 3743 36 33 of
2297 3744 105 44 Lyell,
2437 3746 40 34 do

1769 3791 11 28 )
1826 3796 121 46 hereby
1970 3801 71 42 give
2063 3804 107 34 notice
2194 3805 72 35 that
2282 3807 16 33 I
2318 3809 102 34 desire
2444 3815 32 30 to

1720 3857 122 42 obtain,
1870 3861 65 33 and
1961 3864 66 33 will
2054 3870 33 29 at
2115 3867 55 34 the
2197 3874 78 30 next
2302 3871 175 46 Licensing

1722 3921 144 45 Meeting
1882 3927 32 30 to
1931 3924 38 34 be
1986 3926 119 35 holden
2122 3933 33 30 at
2177 3931 95 43 Lyell
2288 3944 42 22 on
2347 3935 54 34 th®
2417 3936 59 33 3rd

1720 3983 63 43 day
1820 3984 34 34 of
1888 3986 189 45 December,
2116 3994 90 39 1885,
2244 3997 99 42 apply
2371 3998 50 34 for
2456 4011 20 22 a

1720 4045 183 37 Certificate
1938 4051 204 47 authorising
2178 4056 55 34 the
2270 4069 85 25 issue
2394 4061 36 33 of
2456 4074 18 22 a

1720 4110 264 37 PUBLICAN'S
2021 4116 194 36 LICENSE
2248 4121 49 33 for
2327 4134 18 21 a
2375 4124 100 35 house

1719 4170 116 35 situate
1853 4177 31 28 at
1901 4174 77 33 Cliff
1999 4176 114 42 Street,
2142 4180 104 43 Lyell,
2270 4184 66 33 and
2352 4184 120 36 known

1707 4235 1 59 j
1718 4245 34 21 as
1775 4235 54 33 the
1853 4237 215 36 Commercial
2094 4242 110 41 Hotel,
2227 4247 191 44 containing
2434 4251 40 32 20

1717 4308 119 30 rooms,
1853 4301 160 34 exclusive
2030 4304 35 32 of
2076 4304 92 35 those
2186 4308 149 43 required
2350 4310 50 34 for
2416 4312 55 34 the

1717 4371 54 22 use
1788 4362 35 32 of
1835 4362 54 35 the
1905 4364 126 36 family.

1757 4423 106 35 Dated
1881 4426 53 33 the
1950 4429 59 32 3rd
2025 4430 63 43 day
2101 4431 35 34 of
2148 4432 195 43 November,
2359 4438 90 33 1885.

1757 4485 106 36 Name
1886 4489 35 34 of
1934 4490 117 35 Owner
2065 4493 36 32 of
2121 4495 170 42 Premises,
2310 4510 36 21 or
2369 4500 80 35 Mort-

1715 4559 98 32 gagee
1832 4549 38 44 (if
1881 4552 89 43 any).
2014 4553 145 38 JAMES
2183 4558 202 37 ORMOND.

1715 4647 176 36 UNITED
1914 4652 168 35 ALPINE
2104 4656 176 41 QUARTZ
2298 4660 173 37 MINING

1860 4712 221 43 COMPANY,
2112 4718 209 37 LIMITED.

1835 4815 19 22 a
1882 4805 144 46 Meeting
2048 4809 35 33 of
2107 4810 164 37 Directors
2303 4814 77 36 held
2404 4817 66 35 this

1827 4868 73 43 day,
1910 4881 19 21 a
1940 4870 231 37 DIVIDEND
2183 4877 73 42 (No.
2267 4879 49 42 17)
2331 4880 36 33 of
2378 4881 90 32 ONE

1714 4929 222 38 SHILLING
1972 4946 57 32 per
2063 4936 93 37 share
2195 4940 123 46 (32,000
2318 4940 53 46 th)
2404 4957 66 22 was

1713 4993 105 40 made,
1843 4995 137 43 payable
2002 5002 35 30 at
2059 4999 54 34 the
2137 5000 198 47 Company's
2358 5006 111 41 Office,

1712 5055 77 32 GJIIT
1803 5056 115 41 Street,
1937 5059 102 42 Lyell,
2064 5073 42 21 on
2123 5063 64 33 and
2210 5065 83 33 after
2310 5067 131 34 SATUR-

1712 5117 101 41 DAY,
1829 5119 57 33 7th
1904 5120 265 46 NOVEMBER,
2188 5127 90 34 1885.

2000 5195 145 38 JAMES
2174 5199 168 45 INGLIS,

2256 5265 168 45 Manager.

1750 5317 104 45 Lyell,
1871 5320 58 34 3rd
1947 5321 196 45 November,
2157 5327 89 34 1885.

1711 5420 175 35 UNITED
1915 5423 139 36 ITALY
2086 5427 176 43 QUARTZ
2295 5432 172 38 MINING

1852 5479 225 46 COMPANY,
2101 5486 208 38 LIMITED.

1727 5568 80 41 AT
1833 5581 19 23 a
1877 5571 148 47 Meeting
2049 5576 37 34 of
2106 5577 166 38 Directors
2299 5582 76 34 held
2399 5585 66 34 this

1821 5627 75 45 day,
1921 5641 17 24 a
1956 5630 119 38 .CALL
2103 5634 68 45 (th»
2196 5638 92 44 23rd)
2317 5641 37 34 of
2373 5642 90 35 ONE

1710 5685 142 32 PENN'i
1879 5698 55 30 per
1956 5688 105 41 share,
2079 5703 65 21 was
2164 5695 96 33 mode
2279 5698 136 44 payable
2431 5708 34 28 at

1708 5741 54 34 the
1778 5742 200 47 Company's
1994 5746 111 44 Office,
2126 5750 79 37 Cliff
2225 5752 116 43 Street,
2356 5757 107 45 Lyell,

1707 5811 40 19 oil
1774 5799 300 46 WEDNESDAY,
2096 5808 76 34 11th
2196 5811 255 40 NOVEMBER

1710 5856 86 33 1885.

1993 5929 147 39 JAMES
2168 5935 169 46 INGLIS,

2249 5995 168 48 Manager.

1745 6038 104 42 Lyell,
1868 6041 56 34 3rd
1942 6043 194 42 November,
2152 6051 89 34 1885.

2508 244 91 32 THE
2643 247 184 34 CROESUS
2872 251 175 40 QUARTZ
3094 256 148 38 MINING-

2652 308 224 43 COMPANY,
2900 313 208 38 LIMITED.

2526 430 34 43 /V
2582 431 55 34 LL
2657 431 118 37 Shares
2798 435 180 37 numbered
3003 438 146 40 between
3167 445 15 34 1
3200 445 64 37 and

2629 491 122 39 18,000,
2763 494 261 36 FORFEITED
3033 499 49 33 for
3094 501 147 47 Non-pay-

2509 555 92 30 ment
2617 553 35 34 of
2664 565 62 33 any
2746 555 80 43 Call,
2843 559 64 34 will
2918 559 37 36 be
2972 562 111 35 SOLD
3095 565 41 43 by
3151 567 111 36 Public

2508 613 150 42 Auction,
2690 619 33 32 at
2749 618 130 36 Patrick
2906 622 184 39 Brennan's
3121 629 141 37 Auction

2510 677 96 37 Mart,
2631 679 191 45 Broadway,
2848 684 148 41 lieefton,
3014 699 41 21 on
3080 689 181 44 FRIDAY,

2492 740 1 51 j
2509 740 75 34 20th
2603 741 266 47 NOVEMBER,
2895 751 89 40 18S5,
3002 760 34 26 at
3055 753 54 34 the
3127 755 82 35 hour
3231 759 36 32 of

2509 804 16 30 3
2556 806 132 41 o'clock,
2719 818 93 34 p.m.,
2846 812 108 35 unless
2991 817 187 46 previously
3214 832 30 23 re-

2492 851 1 68 j
2508 866 145 35 deemed.

2492 921 1 75 !
2802 949 145 36 JAMES
2971 954 168 42 INGLIS,

3054 1019 167 47 Manager.

2549 1070 104 43 Lyell,
2669 1073 56 33 7th
2743 1074 194 44 November,
2957 1081 88 32 1885.

2735 1185 299 40 NOTICE.

2510 1303 370 96 Drapery

2768 1402 63 72 &
2878 1404 384 99 Clothing.

2509 1566 216 85 John
2811 1574 453 96 PENSELL,

2510 1695 135 46 Having
2679 1700 181 43 purchased
2897 1703 56 36 the
2995 1706 164 42 LARGK,
3197 1711 66 34 aud

2510 1757 406 43 WELL-ASSORTED
2956 1768 139 37 STOCK
3139 1772 39 34 of
3208 1775 56 34 the

2510 1820 112 40 above,
2643 1824 69 42 just
2727 1825 161 45 imported
2911 1829 169 37 DIRECT
3102 1834 84 36 from
3208 1837 56 34 the

2511 1884 111 35 Home
2639 1886 271 46 Manufacturers,
2933 1894 43 43 by
2999 1896 37 33 F.
3062 1898 155 43 Sont^en,
3234 1903 35 32 of

2510 1943 176 49 \Vestp#rt,
2719 1949 78 46 begs
2829 1955 33 33 to
2899 1966 171 27 announce
3106 1959 73 38 that
3208 1962 56 36 tlie

2510 2020 90 22 same
2626 2012 66 33 will
2721 2013 38 35 be
2783 2015 329 52 submitted,—every
3141 2023 64 37 lme
3233 2031 33 31 at

2512 2072 242 38 WESTPORT
2770 2078 170 37 PRICES.

2561 2197 246 51 SUMMER
2822 2205 278 51 DRAPERY.

2557 2269 178 48 DRESS
2751 2274 344 53 MATERIALS.

2558 2338 208 49 PRINTS

2561 2410 340 50 CASHMERES

2559 2477 178 49 DRESS
2756 2482 333 53 TRIMMINGS

2558 2610 504 56 UNDER-CLOTHING

2558 2680 252 51 HOSIERY

2608 2751 82 47 and

2559 2821 331 51 MILLINERY

2559 2953 130 48 MEN
2707 2959 82 45 and
2811 2961 151 48 BOYS
2981 2965 286 54 CLOTHING

2512 3022 162 57 HATS,
2690 3025 182 59 SOCKS,
2887 3032 288 51 TROUSERS
3188 3042 80 43 and

2511 3090 187 50 VESTS.

2552 3221 29 34 A
2608 3222 120 36 GOOD
2753 3225 298 44 ASSORTMENT
3074 3235 66 37 and
3165 3236 46 38 all
3236 3239 36 37 of

2511 3299 272 36 EXCELLENT
2798 3304 165 38 VALUE.

2533 3564 150 36 GOLD
2713 3568 225 40 MINING
2967 3577 183 39 LEASE
3182 3583 63 37 TO

2731 3616 58 33 BE
2813 3617 227 40 GRANTED.

2692 3708 125 35 Public
2834 3711 249 41 Notification.

2511 3797 70 34 TN
2603 3799 198 47 conformity
2822 3805 80 34 with
2918 3807 55 34 the
2992 3811 77 34 37th
3087 3815 119 34 section
3231 3819 35 32 of

2631 3847 25 30 T
2659 3846 40 60 }»
2725 3848 107 35 Mines
2857 3852 72 42 Act,
3094 3860 66 34 and
3183 3862 81 35 with

2509 3893 54 30 the
2579 3893 198 41 regulations
2800 3899 95 32 made
2917 3901 105 34 under
3043 3904 73 35 that
3132 3907 61 33 Act
3214 3909 50 34 for

2509 3935 54 33 the
2592 3948 32 29 gi
2773 3941 36 33 of
2833 3942 102 37 leases
2965 3947 49 34 for
3042 3951 221 45 gold-mining

2508 3993 166 32 purposes,
2697 3985 26 34 it
2744 3986 28 34 is
2794 3987 121 47 hereby
2940 3995 136 34 notified
3099 3998 73 35 that
3187 4001 25 32 it
3234 4003 28 32 is

2508 4029 152 33 intended
2676 4035 33 29 to
2725 4038 95 37 grant
2835 4047 19 22 a
2869 4036 85 37 lease
2972 4040 35 34 of
3019 4041 118 37 Crown
3152 4046 109 35 Lands

2508 4076 48 33 for
2571 4076 219 47 gold-mining
2799 4093 154 34 purposes
2968 4090 33 32 to
3012 4089 54 34 the
3077 4092 184 43 applicants

2508 4123 149 41 specified
2680 4125 33 32 in
2729 4126 55 34 the
2806 4132 148 33 annexed
2971 4134 158 37 Schedule
3152 4140 110 34 unless

2508 4168 90 34 theie
2614 4169 83 35 shah
2713 4171 38 35 be
2761 4174 88 34 valid
2857 4175 176 46 objections
3041 4182 129 44 against
3179 4186 80 34 sueh

2507 4214 95 33 lease.

2549 4260 185 43 Objections
2749 4268 33 31 to
2799 4266 55 35 the
2869 4272 390 47 grantingofsuchlease,

2507 4307 122 44 stating
2645 4309 54 34 the
2714 4313 143 40 grounds
2873 4315 36 34 of
2923 4316 171 46 objection,
3118 4329 89 30 must
3221 4325 40 35 be

2507 4353 96 34 made
2627 4355 35 33 in
2688 4357 139 46 writing,
2858 4363 65 33 and
2951 4365 116 43 lodged
3094 4370 80 33 with
3202 4372 57 34 the

2508 4400 140 33 Warden
2672 4406 32 29 at
2728 4404 103 42 Lyell,
2848 4418 42 22 on
2914 4421 37 21 or
2972 4410 107 37 before
3104 4415 52 34 the
3180 4418 79 33 24th

2506 4445 64 43 day
2585 4446 35 32 of
2632 4447 195 43 November,
2844 4452 90 36 1885.

2547 4492 90 43 Copy
2653 4494 35 33 of
2699 4495 55 35 the
2770 4499 198 43 application
2989 4507 96 34 made
3100 4509 66 33 and
3181 4512 78 40 plan

2505 4539 148 33 annexed
2681 4551 80 34 may
2782 4543 38 34 be
2847 4556 77 25 seen
2946 4553 34 31 at
3004 4551 55 35 the
3092 4555 168 38 Warden's

2506 4588 99 30 Umce
2622 4589 33 31 at
2669 4588 105 43 LyelL

2783 4683 198 38 Schedule:

2544 4733 210 46 Applicants:
2779 4739 89 37 John
2884 4743 128 39 Ritchie
3027 4749 65 35 and
3109 4751 147 39 William

2627 4783 119 34 Burns.

2546 4834 90 47 Style
2653 4839 103 36 under
2770 4842 108 36 which
2895 4845 26 36 it
2932 4848 28 34 is
2970 4849 155 38 intended
3140 4858 33 32 to
3183 4867 54 24 con-

2627 4886 77 33 duct
2726 4888 55 34 the
2806 4890 156 39 Business
2974 4906 6 23 i
3005 4899 69 33 The
3104 4902 73 34 Bon
3198 4904 40 35 Ac-

2626 4932 76 34 cord
2719 4934 119 43 Quartz
2857 4938 129 48 Mining
3001 4944 182 49 Company.

2543 4988 83 33 Area
2641 4998 6 23 :
2673 4992 38 31 1G
2727 5003 90 24 acres
2833 4997 19 31 2
2867 4998 105 35 roods.

2543 5043 164 47 Locality:
2732 5050 102 43 Eight
2852 5054 88 43 Mile,
2958 5058 104 44 Lyell.

2544 5098 129 46 Mining
2688 5102 157 38 District'
2862 5108 123 37 Nelson
3003 5114 210 39 South-west.

2538 5191 109 34 Given
2666 5195 106 35 under
2793 5209 57 33 my
2866 5200 99 43 hand,
2982 5209 35 30 at
3040 5206 133 45 Nelson,
3189 5211 66 37 this

2499 5252 20 42 f
2521 5244 18 26 y
2544 5244 32 26 tii
2602 5244 62 37 clay
2681 5244 37 30 of
2732 5244 147 41 October,
2897 5259 60 23 one
2980 5252 163 37 thousand

2501 5284 148 34 hundred
2667 5287 65 33 and
2742 5289 206 44 'eighty-five.
3196 5287 18 14 °

2612 5352 182 37 ALFRED
2819 5358 310 51 GREENFIELD,

2638 5399 255 39 Commissioner
2908 5408 36 32 of
2956 5410 117 35 Crown
3090 5414 120 37 Lands.

2743 5449 160 47 (Holding
2919 5454 166 47 delegated
3101 5467 148 42 powers.)

2492 5553 44 49 'I
2536 5553 22 49 I
2586 5553 57 49 or
2672 5564 66 24 the
2768 5557 115 36 Blood
2913 5572 29 23 is
2973 5574 66 25 the
3069 5568 102 34 Life

2739 5601 340 46 WORLD-FAMED
3103 5615 150 37 BLOOD

2500 5666 9 9 A
2580 5692 9 5 ,
2733 5661 26 23 18
2782 5657 185 33 warranted
2989 5662 37 30 to
3049 5661 126 36 cleanse
3198 5666 55 33 the

2499 5695 93 29 blood
2608 5695 82 31 from
2715 5696 43 33 all
2780 5699 183 44 impurities
2981 5704 85 35 from
3088 5708 165 37 whatever

2497 5748 94 24 cause
2601 5740 132 45 arising.
2779 5745 63 35 For
2851 5746 156 46 Scrofula,
3020 5752 135 47 Scurvy,
3171 5757 80 36 Skin

2497 5785 64 32 and
2572 5786 104 34 Blood
2686 5790 162 41 Diseases,
2860 5794 65 32 and
2937 5795 94 35 Sores
3044 5800 36 32 of
3088 5801 44 32 all
3143 5802 106 42 kinds,

2495 5831 42 33 its
2552 5830 109 36 effects
2676 5844 54 24 are
2747 5837 207 37 marvellous.
3000 5842 193 41 Thousands
3216 5849 39 35 of

2496 5879 227 34 testimonials.
2769 5883 77 34 Sold
2868 5886 34 33 in
2919 5887 129 43 bottles,
3064 5893 35 33 2s
3121 5894 42 33 6d
3186 5897 62 32 and

2501 5922 52 33 lis
2568 5924 80 33 each
2665 5925 41 43 by
2717 5926 164 38 Chemists
2890 5932 66 35 and
2963 5934 122 38 Patent
3093 5939 159 37 Medicine

2500 5969 142 33 vendois
2664 5974 217 41 everywhere.
2935 5979 74 35 Solo
3037 5982 212 44 Proprietors,

2498 6016 68 32 Ihe
2597 6016 152 37 Lincoln
2778 6032 66 23 and
2882 6024 160 36 Midland

2493 6060 99 35 Drug
2610 6063 69 43 Co.,
2697 6066 137 34 Lincoln
2853 6069 163 44 England.
