3420 6170
134 192 161 40 previous,
313 196 95 33 when
425 198 57 34 she
498 200 69 34 said
581 201 55 35 she
650 213 66 24 w\n
732 192 169 61 suffering]

134 236 82 35 from
235 251 18 21 a
269 252 101 33 spree.
416 244 66 35 Did
497 257 58 24 not
569 260 118 32 appear
698 252 96 34 lame.

178 285 142 35 Michael
342 288 120 45 Healy,
479 292 104 35 called
607 307 35 21 as
664 308 18 22 a
705 300 131 33 witness
852 311 35 22 as

136 336 32 26 Jo
186 330 54 34 the
257 337 158 31 woman's
433 338 177 42 condition,
626 341 58 34 but
695 343 146 35 declined
855 351 30 28 to

134 386 59 33 say
209 377 26 32 if
248 377 94 35 drink
367 391 64 23 was
452 380 54 36 the
530 396 105 29 cause,
657 398 37 22 or
709 393 67 31 not.
821 391 66 33 She

135 423 161 42 appeared
311 425 91 34 weak
419 427 64 33 and
499 432 128 32 unwell.

181 467 51 33 Mr
248 469 180 44 Moynihan
447 474 168 36 addressed
630 479 52 32 the
696 480 115 41 bench,
824 484 61 32 and

137 514 70 32 said
224 514 39 33 he
280 518 106 33 would
403 519 104 35 admit
523 523 53 33 the
593 525 127 40 charge,
738 528 64 33 and
821 530 66 31 reiv

137 570 42 22 on
204 560 54 33 the
282 562 148 46 leniency
449 566 35 33 of
502 567 55 34 the
581 570 111 35 Court.
737 575 69 33 The
829 587 57 21 un-
900 560 1 52 !

138 606 161 35 loitunate
337 621 129 24 woman
503 615 64 33 had
598 617 63 33 had
696 633 17 18 a
751 621 70 32 deal
859 624 34 30 of

141 652 134 40 trouble,
293 655 63 33 and
375 657 38 33 lie
429 658 56 34 felt
495 662 166 34 confident
675 664 54 34 the
742 678 71 22 case
827 681 62 19 was
900 652 1 48 ;

141 709 60 23 one
225 700 106 33 winch
357 704 107 33 would
480 706 94 34 allow
589 709 37 32 of
645 710 54 33 the
723 713 166 43 clemency

141 745 65 32 and
223 745 125 44 charity
365 749 31 32 of
408 750 52 32 the
478 753 12 30 (
505 759 81 32 ourt,
592 760 213 41 —especially
816 772 54 21 con-

143 792 152 42 sideimg,
312 799 24 28 it
346 805 66 23 was
424 796 57 34 her
492 799 69 32 first
574 812 198 31 appearance
786 807 104 32 before

141 837 55 32 the
213 839 163 41 presiding
395 842 86 32 P.M.

184 883 80 34 Fine
281 886 35 32 of
329 888 34 32 5s
379 888 64 33 and
461 895 93 34 costs,
572 893 63 32 and
652 904 17 22 a
687 897 141 32 caution.

191 930 101 35 Police
312 944 26 21 \.
355 934 142 36 Antonio
514 937 333 49 Accolino.—Charge
861 947 35 30 of

142 973 122 47 having
306 982 192 33 committed
541 995 18 21 a
604 986 114 33 breach
761 991 36 29 of
836 992 55 31 the

144 1020 174 43 Licensing
353 1026 70 38 Act,
462 1029 100 40 1881;
600 1031 40 43 by
677 1033 116 46 selling
831 1043 61 28 two

145 1067 120 41 glasses
281 1070 35 34 of
328 1071 125 44 brandy
469 1087 40 21 on
527 1076 55 33 the
608 1080 74 31 19tn
705 1083 189 40 September

144 1114 73 39 last,
234 1114 176 36 defendant
428 1126 55 27 not
506 1121 96 44 being
617 1136 16 20 a
652 1125 77 43 duly
752 1128 140 35 licensed

139 1167 128 35 person.

184 1207 66 30 The
268 1208 105 32 Police
389 1214 200 37 prosecuted,
608 1216 61 31 ami
696 1217 51 31 Mr
765 1219 105 39 Moyni-

141 1247 65 34 han
223 1250 169 35 defended.

182 1295 90 35 John
290 1297 14 33 I
317 1310 100 31 eaice,
435 1313 57 32 age
511 1306 48 38 18,
584 1306 138 43 deposed
738 1312 112 32 ;—Am
875 1326 18 20 a

142 1341 174 34 labourer.*
333 1345 29 32 Vk
374 1357 34 21 as
422 1348 33 30 in
468 1348 203 36 defendant's
684 1354 209 37 dance-room

141 1397 45 22 on
216 1387 95 41 night
334 1390 38 33 of
393 1391 172 46 Saturday,
598 1398 73 32 19th
705 1401 190 42 September

145 1431 71 35 last.
261 1434 77 34 Was
361 1438 77 32 with
456 1440 34 33 C.
515 1441 149 35 Be.swick
678 1455 6 28 ;
709 1446 98 35 asked
824 1449 66 34 him

143 1482 33 29 to
203 1478 83 36 have
313 1492 17 22 a
353 1483 104 33 drink.
504 1487 92 33 Done
624 1491 87 33 what
739 1494 54 32 the
821 1507 54 21 con-

142 1523 103 33 stable
262 1526 68 32 told
353 1538 52 22 me
422 1535 32 27 to
471 1530 51 34 do.
568 1534 16 31 I
602 1534 94 35 know
713 1537 54 35 the
783 1550 110 34 paper,

144 1569 112 41 signed
281 1570 43 45 by
350 1575 126 43 myself,
503 1589 74 24 now
607 1583 173 41 produced.
826 1589 68 32 Mrs

142 1616 156 34 Accolino
335 1630 66 22 was
438 1622 54 32 the
535 1626 77 41 only
650 1629 92 33 other
778 1642 116 33 person

144 1666 139 37 present.
328 1663 58 36 We
410 1678 82 24 were
516 1668 33 35 in
576 1671 55 35 the
659 1674 144 44 kitchen,
829 1682 64 31 and

143 1718 83 23 were
256 1711 113 33 served
402 1713 42 43 by
480 1715 69 42 her,
586 1720 79 33 with
696 1722 136 47 brandy.
878 1728 15 31 I

144 1754 104 34 threw
264 1767 18 22 a
299 1756 132 44 shilling
447 1770 41 24 on
506 1763 55 33 the
577 1765 96 40 table,
691 1770 63 32 and
772 1772 16 31 I
800 1772 94 33 think

144 1800 57 33 she
219 1801 74 33 took
308 1802 43 33 it:
368 1804 58 34 she
442 1805 53 35 did
508 1809 73 34 take
593 1812 54 33 the
661 1824 129 36 money.
836 1818 58 36 We

142 1845 69 36 bad
226 1847 54 35 the
297 1849 122 44 drinks,
437 1855 64 33 and
518 1857 80 33 then
613 1860 66 32 kit.

185 1892 53 43 By
254 1893 48 34 All
323 1896 233 43 Moynihan,—
560 1903 15 30 I
593 1903 82 34 have
690 1905 80 36 been
793 1909 103 44 living

145 1937 80 35 with
242 1938 172 39 Constable
430 1944 143 39 Bowden
591 1951 48 33 for
656 1953 52 33 the
726 1960 71 36 past
807 1957 87 34 three

145 1985 119 41 weeks,
294 1993 33 28 at
356 1989 54 33 the
441 1992 112 44 Camp.
600 1996 51 34 He
683 2000 66 32 told
780 2012 52 23 me
863 2008 32 28 to

148 2030 123 37 borrow
287 2043 19 25 a
327 2034 142 46 shilling,
487 2040 62 33 and
572 2054 40 27 go
635 2045 64 31 and
715 2052 54 34 get
784 2049 110 31 drinks

146 2080 35 29 at
194 2078 154 34 Accolino
361 2092 15 21 s
393 2083 99 41 place.
539 2086 51 34 He
608 2089 52 33 did
683 2099 57 26 not
755 2092 72 45 give
842 2104 54 25 me

147 2125 13 32 t
186 2133 16 25 ®
219 2134 119 36 money
353 2132 33 30 at
402 2128 55 36 the
473 2130 90 42 time,
581 2137 62 32 and
669 2137 15 32 I
700 2144 56 36 got
772 2146 24 26 it
813 2142 83 32 from

143 2180 155 23 someone
308 2173 64 32 else
387 2183 7 22 :
410 2174 99 34 Went
519 2188 43 33 up
572 2179 99 35 about
680 2184 21 32 9
715 2195 76 32 p.m.
821 2186 75 34 Had

146 2212 69 37 foiu
240 2214 151 40 brandies
412 2217 106 40 before
534 2226 98 44 going
649 2233 31 30 to
702 2231 194 36 Accolino's.

153 2263 72 32 \Us
241 2266 108 42 pretty
363 2266 72 34 well
451 2270 104 34 under
575 2272 54 34 the
652 2273 172 45 influence,
842 2280 56 35 but

146 2308 95 34 knew
277 2310 90 36 what
403 2313 17 33 I
450 2325 66 25 was
553 2318 108 46 doing.
706 2324 78 34 Was
821 2327 75 33 then

146 2353 148 45 woiking
328 2357 46 34 foi
407 2359 176 39 defendant
612 2365 33 35 in
680 2369 54 35 the
769 2371 129 36 Croesus

147 2401 101 40 mine,
265 2402 65 34 and
345 2405 83 34 lived
452 2409 78 32 with
549 2411 70 34 him
636 2424 9 29 ;
669 2414 142 36 boarded
833 2420 65 32 and

144 2447 89 43 *lept
267 2447 101 36 there.
414 2451 62 35 His
505 2456 73 34 wife
608 2459 86 35 often
728 2474 80 30 gave
846 2477 51 22 me

149 2492 107 43 liquor
284 2495 138 36 without
445 2507 166 34 payment.
656 2506 18 32 I
704 2519 65 22 was

148 2538 81 33 with
245 2539 163 44 Accolino,
431 2545 95 34 when
542 2548 55 34 the
619 2551 93 35 affair

151 2584 17 32 I
191 2584 104 34 threw
318 2586 54 34 the
391 2590 133 45 shilling
546 2605 41 21 on
611 2596 55 35 the
688 2599 97 35 table.
831 2603 68 35 Mrs

151 2629 38 34 A.
214 2630 59 35 left
294 2630 236 52 immediately.
576 2642 63 35 She
666 2645 55 34 did
744 2648 73 34 take
845 2651 54 33 the

151 2687 131 33 money.
327 2680 170 36 Constable
512 2685 143 36 Bowden
668 2691 59 33 has
737 2696 162 40 promised

151 2731 54 24 me
228 2733 19 23 a
269 2725 110 41 pound
402 2725 27 35 if
449 2727 40 36 lie
516 2743 59 23 can
599 2739 53 38 get
675 2749 18 21 a
716 2742 184 33 conviction

148 2774 133 37 •against
305 2772 164 35 Accolino.
515 2778 67 33 The
612 2792 89 24 same
729 2786 103 42 night,
860 2788 39 34 he

150 2824 81 33 gave
246 2826 53 23 me
315 2828 19 23 a
356 2818 202 47 half-crown,
576 2837 40 22 an
641 2828 83 35 hour
744 2831 91 41 later,
852 2835 49 33 for

151 2865 34 28 to
211 2872 40 31 go
273 2872 43 33 up
341 2867 33 29 to
403 2865 192 46 Accolino's,
623 2875 64 32 and
709 2882 53 37 get
789 2878 111 37 drinks

149 2908 92 33 With.
286 2908 18 34 I
325 2920 66 25 was
407 2915 32 31 to
461 2920 111 30 return
589 2920 62 33 and
672 2922 54 33 tell
743 2924 67 33 him
828 2929 72 31 who

149 2957 18 27 1
197 2955 66 30 had
292 2955 91 32 them
414 2959 91 39 with,
535 2963 65 31 and
636 2966 73 32 who
739 2970 77 32 took
846 2972 54 33 the

151 3006 130 36 money.
328 2999 68 36 Mrs
431 3003 38 34 A.
507 3008 109 36 would
644 3018 60 28 not
734 3015 73 35 take
844 3018 55 34 the

151 3054 122 35 money
298 3047 55 34 the
377 3052 118 33 second
522 3054 90 41 time,
643 3070 33 22 so
702 3061 16 31 I
748 3066 151 32 returned

150 3092 37 33 it*
232 3092 129 36 Cannot
395 3098 77 33 read
509 3111 35 21 or
580 3105 89 33 write
687 3117 7 29 ;
729 3119 59 22 can
825 3113 76 39 only

150 3137 137 35 scribble
302 3151 57 32 my
374 3153 108 24 name.
527 3146 142 37 Bowden
687 3153 99 34 asked
802 3167 49 23 me
869 3165 32 27 to

153 3194 72 31 sign
247 3186 194 44 something,
458 3191 62 32 and
539 3193 76 34 then
638 3199 70 31 said
730 3200 40 32 he
794 3205 105 31 would

150 3239 72 30 give
245 3240 52 21 me
321 3242 18 21 a
360 3235 111 40 pound
493 3236 29 32 if
540 3237 40 33 he
603 3246 55 37 got
680 3243 141 44 through
845 3249 55 34 the

151 3283 72 23 ease
252 3275 97 42 right.
405 3279 17 33 I
450 3280 58 34 left
537 3283 92 44 Lyell
659 3300 19 21 a
706 3290 84 35 little
821 3295 78 33 time

146 3323 96 36 Alter,
266 3322 64 32 and
352 3324 95 35 when
470 3327 17 33 I
512 3333 166 38 returned,
701 3336 41 35 he
768 3340 69 34 said
861 3342 38 34 lie

147 3366 98 34 'could
261 3371 52 40 get
328 3380 53 24 me
398 3373 115 34 twelve
529 3380 133 34 months
678 3383 49 33 for
738 3385 138 36 leaving

192 3413 51 45 By
266 3414 193 40 Constable:
483 3421 17 33 I
522 3423 103 37 called
647 3433 33 28 at
702 3442 83 30 your
808 3435 91 35 office

146 3463 69 31 two
241 3472 36 22 or
302 3463 91 34 three
424 3467 95 34 times
549 3472 72 33 that
650 3476 104 41 night.
799 3480 100 34 Don't

144 3506 161 38 Tecollect.
318 3508 92 35 what
426 3512 16 31 I
458 3514 88 41 said;
571 3515 55 35 but
648 3519 79 45 kept
749 3523 152 36 thinking

144 3553 38 32 •f
193 3553 91 34 what
299 3565 65 32 you
379 3557 69 33 told
464 3570 52 24 me
534 3567 31 28 to
584 3563 51 34 do.
682 3566 71 35 You
769 3571 55 33 did
843 3581 57 25 not

145 3597 60 34 tell
219 3608 54 24 me
295 3611 65 32 you
377 3604 107 33 would
506 3613 56 27 not
586 3608 82 37 have
691 3616 162 41 anything
869 3624 31 29 to

163 3653 71 50 i°mv
309 3690 7 13 i
392 3659 82 24 case.
519 3653 72 34 You
622 3658 119 35 offered
769 3673 53 23 me
846 3665 54 33 the

148 3689 144 44 shilling,
309 3690 57 34 but
382 3693 86 35 drew
483 3696 25 34 it
523 3697 82 37 back
620 3705 106 42 again,
744 3708 65 33 and
831 3711 70 33 said

142 3745 70 33 you
227 3738 108 32 would
349 3738 91 36 leave
462 3742 26 33 it
512 3747 48 30 tor
575 3758 52 22 me
651 3762 41 20 on
709 3763 18 20 a
748 3754 67 32 safe
831 3761 51 27 out-

148 3780 78 33 side.
271 3781 71 35 You
365 3783 55 35 did
441 3792 58 29 not
518 3790 72 44 give
612 3804 53 24 me
689 3795 55 37 the
767 3799 134 36 shilling

146 3829 35 32 to
209 3830 54 41 get
291 3829 57 34 the
377 3835 64 32 two
471 3835 111 36 drinks
612 3842 89 33 with.
747 3846 144 40 (Charge

147 3874 126 44 signed,
289 3877 186 45 produced;
494 3882 52 36 Mr
559 3884 183 46 Moynihan
755 3893 146 45 objected

145 3925 36 30 to
201 3925 28 32 it
248 3925 100 43 being
364 3931 58 37 put
443 3929 146 40 in,—the
612 3943 150 29 contents
779 3941 122 34 havm<*

145 3968 84 33 been
259 3969 132 47 already
419 3983 107 28 sworn
560 3980 56 43 to).
664 3982 103 38 When
799 3987 17 34 I
845 3988 56 39 left

144 4018 186 33 Accolino's
354 4022 141 43 employ,
526 4025 40 33 he
593 4030 90 32 owed
707 4043 51 22 me
783 4037 55 31 <£s.
884 4039 16 31 I

147 4070 100 24 never
261 4073 92 23 came
368 4068 33 29 to
411 4077 88 33 your
515 4070 91 37 office
623 4085 40 23 on
680 4077 52 35 the
749 4080 89 35 20th.
883 4084 17 33 I

148 4105 69 35 told
231 4118 65 32 you
313 4119 42 23 on
371 4110 71 36 that
459 4114 161 48 Saturday
635 4122 106 42 night,
758 4126 73 35 that
847 4129 34 33 de-

142 4154 141 34 fendant
297 4154 66 35 had
379 4157 191 40 threatened
587 4175 52 24 me
662 4166 43 41 by
859 4175 42 32 lie

146 4197 109 35 would
313 4201 89 35 knife
549 4211 49 33 On
615 4215 213 45 squaring.™
845 4223 56 35 20s

146 4255 84 24 were
253 4244 79 47 kept
353 4248 90 44 back,
459 4251 50 37 for
523 4255 158 50 clothing,
701 4262 113 38 drinks
836 4270 63 32 and

141 4293 148 34 tobacco.

188 4338 52 43 By
269 4340 56 33 th.
349 4342 228 43 Court,-Left
609 4352 125 37 district
765 4357 82 35 after
875 4361 26 34 it

146 4383 183 44 happened.
374 4387 104 36 Could
499 4399 54 35 get
575 4405 42 25 uo
645 4399 89 35 work
757 4401 142 40 through

146 4433 126 41 getting
287 4436 169 44 mixed-up
471 4438 35 33 in
522 4439 55 36 the
600 4443 102 37 affair.
746 4451 155 37 Accolino

146 4477 57 32 did
225 4477 150 36 threaten
398 4485 33 31 to
454 4484 40 34 do
516 4498 52 24 me
592 4489 110 47 bodily
724 4494 95 37 harm
836 4499 25 34 if
883 4502 16 31 I

148 4523 158 42 appeared
329 4533 127 36 against
475 4529 81 37 him.
602 4535 51 35 No
678 4540 124 36 threats
818 4543 83 36 have

146 4569 83 34 been
261 4570 81 36 used
370 4584 87 26 since
488 4589 57 34 my
573 4588 124 32 return.
744 4589 110 37 Swear
884 4594 17 33 I

145 4616 79 42 pan!
238 4617 49 33 for
302 4618 55 35 the
375 4620 123 44 drinks,
516 4627 65 33 and
597 4629 72 35 that
682 4644 18 20 a
711 4637 112 39 pound
838 4649 63 23 was

146 4660 76 42 kept
244 4660 84 35 back
344 4664 49 32 for
413 4667 117 42 liquor.
573 4672 70 35 The
666 4679 163 37 constable
846 4682 55 35 did

141 4703 85 36 ■offer
262 4717 52 25 me
351 4711 35 33 '2s
414 4712 42 35 6d
493 4720 33 29 to
562 4721 104 41 spend
695 4725 100 42 there,
835 4731 64 32 and

146 4753 165 41 promised
333 4766 53 24 me
409 4770 19 21 a
441 4763 113 41 pound
569 4766 28 33 if
616 4767 40 34 he
678 4776 56 38 got
756 4772 142 39 through

146 4797 78 34 with
242 4799 54 35 the
312 4813 81 23 case.
855 4806 18 14 °

187 4843 52 43 By
261 4846 172 38 Constable
464 4852 272 47 Bowden,—You
766 4865 55 37 did
843 4874 58 31 not

140 4893 129 34 •decline
292 4893 122 48 having
435 4903 162 44 anything
621 4913 32 27 to
676 4909 40 33 do
741 4914 78 32 with
843 4917 55 32 the

144 4946 82 23 case.
272 4938 128 37 Cannot
429 4946 152 36 reco'llect
610 4952 89 35 what
729 4955 170 46 happened

145 4984 56 32 toe
230 4985 116 35 second
370 4992 80 32 time
476 4993 16 32 1
520 5006 66 23 saw
610 5010 65 31 you
699 5002 70 34 that
793 5006 106 42 night.

145 5031 99 30 Later
266 5041 53 30 on,
342 5045 65 29 you
431 5038 118 36 offered
572 5053 52 24 me
649 5048 34 32 2s
706 5048 40 35 6d
769 5050 49 35 for
842 5054 55 34 the

140 5083 143 35 purpose
302 5077 105 37 before
412 5087 125 32 -stated.

182 5120 288 42 Cross-examined
501 5130 41 45 by
577 5134 53 34 Mr
663 5137 238 49 Moynihan,-

144 5163 174 41 Constable
334 5171 145 39 Bowden
502 5177 54 36 did
575 5184 55 31 tell
654 5176 107 44 me'to
776 5203 41 28 go
833 5194 65 31 and

360 5229 21 32 s
409 5266 34 18 n
455 5223 49 33 lm
527 5227 68 33 safe
600 5252 7 17 '
630 5228 57 37 but
709 5233 190 41 afterwards

140 5260 44 32 lie
201 5260 80 40 said,
299 5274 40 32 go
355 5267 65 33 and
437 5267 123 38 borrow
570 5274 39 33 it.

141 5352 99 42 ■night
266 5358 30 29 of
323 5355 75 36 lJtli
431 5360 190 45 September
647 5369 71 34 last.
765 5374 76 33 Was
865 5378 36 32 in

136 5397 184 35 ■defendant
334 5412 14 23 s
379 5403 219 42 dance-room,
645 5415 118 39 l'earce
795 5421 106 38 called

136 5453 58 26 rae
211 5452 57 30 out
283 5450 33 32 to
330 5446 80 40 have
422 5464 18 23 a
446 5453 109 38 .drink.
603 5460 92 36 Were
709 5465 75 35 both
798 5471 100 31 sober.

142 5493 99 31 Went
269 5501 69 25 into
371 5499 56 30 the
455 5500 134 37 kitchen
619 5509 64 31 and
715 5510 65 34 had
810 5525 89 24 some

140 5533 127 49 brandy
290 5540 65 35 and
379 5548 110 33 water.
542 5549 17 33 I
584 5551 56 35 did
664 5563 58 26 net
747 5570 76 31 pay,
840 5572 61 22 nor

134 5582 60 32 ■did
212 5584 16 31 f
244 5596 52 21 see
314 5587 117 35 Pearce
448 5603 74 31 pay.
569 5596 67 33 Mrs
650 5600 157 37 Accolmo
836 5615 46 24 ser-

142 5629 63 31 ved
219 5638 49 24 us.
313 5631 16 34 1
341 5642 90 27 earce
447 5636 54 35 did
516 5646 59 29 not
589 5653 58 35 say
669 5646 41 34 he
736 5648 64 35 had
819 5651 80 34 been

136 5681 62 33 put
214 5685 43 33 up
273 5681 33 28 to
321 5679 41 34 do
380 5685 161 43 anything
567 5688 42 43 by
635 5692 55 34 the
718 5697 178 35 constable,

140 5717 188 41 defendant
355 5727 63 34 and
446 5730 118 36 l'earce
591 5735 65 35 had
682 5750 89 24 some
795 5745 104 33 words

134 5807 105 38 ihouse
367 5779 83 28 atter
454 5778 6 11 '
464 5787 14 21 3
516 5779 89 34 sistei
606 5778 4 67 '
645 5782 98 47 being
779 5786 34 36 in
842 5789 56 36 the

178 5857 53 42 By
262 5859 52 34 Mr
346 5863 203 44 Moynihan:
583 5872 88 35 Both
694 5877 34 33 of
751 5890 38 23 us
814 5891 85 25 were

139 5901 104 36 sober.
291 5906 64 37 The
372 5910 107 46 liquor
494 5926 68 26 was
577 5919 99 37 taken
689 5923 83 37 from
789 5938 18 23 a
823 5939 56 31 cup-

131 5954 117 28 .board.
305 5954 74 36 Saw
405 5968 43 26 no
470 5971 121 38 money
616 5976 85 34 pass.
746 5970 153 50 Dancing

918 218 66 22 was
1000 207 97 45 going
1113 220 52 23 on.
1211 210 74 34 Saw
1309 223 41 22 no
1380 224 88 24 more
1493 216 37 33 of
1553 217 116 33 Pearce

920 254 69 32 that
1005 256 103 37 night.

960 300 50 43 By
1036 301 53 33 the
1117 302 99 33 Court
1233 312 7 23 :
1266 303 117 34 Pearce
1407 305 56 33 left
1485 306 78 36 first.
1607 308 62 32 Am

920 347 163 32 confident
1099 358 48 22 we
1164 358 81 22 were
1263 349 75 33 both
1355 351 101 32 sober.

962 391 134 34 Charles
1122 392 155 41 Bowden,
1297 396 171 35 Constable
1494 399 33 33 of
1554 398 117 40 Police,

921 437 156 43 deposed:
1117 439 65 32 Am
1213 440 161 34 stationed
1404 448 33 27 at
1468 444 101 43 Lyell,
1623 446 49 32 On

922 483 52 33 the
990 484 94 42 night
1100 484 36 32 of
1157 486 74 32 19th
1251 488 189 40 September
1456 489 71 39 last,
1545 493 127 33 Pearce,

923 540 54 32 my
993 529 69 33 first
1079 531 140 37 witness,
1237 543 90 22 came
1352 540 67 26 into
1437 546 51 31 my
1504 538 89 32 office
1611 537 62 32 and

922 575 79 39 said,
1063 576 50 33 Mr
1139 577 155 35 Bowden.
1325 579 13 32 T
1367 587 87 26 want
1479 591 29 22 to
1538 585 93 30 mike
1657 596 15 19 a

923 626 106 38 report
1057 626 33 29 to
1115 634 63 31 you
1203 626 126 37 against
1357 627 48 31 Mr
1661 631 12 30 [

921 666 81 40 said,
1020 671 17 14 w
1050 679 54 21 ar*
1120 681 63 29 yon
1201 678 56 24 not
1275 683 28 19 m
1329 673 179 32 Accolino's
1530 676 123 42 employ-

924 721 99 30 ment,
1048 714 64 33 and
1136 716 55 31 iia\
1202 728 15 19 e
1241 728 63 29 yon
1329 718 63 31 iiad
1423 732 17 19 a
1464 732 64 21 row
1544 714 4 43 .
1626 722 48 32 !lj

923 759 132 42 replied,
1081 764 18 13 *'
1114 761 11 30 1
1144 761 81 33 have
1236 761 63 33 had
1313 774 40 21 no
1369 775 75 27 row,
1459 765 55 34 but
1525 768 150 32 Acc()lino

925 805 25 30 is
977 806 115 37 selling
1117 819 87 29 grog,
1237 808 172 33 wholesale
1424 822 7 25 ;
1457 812 14 29 I
1503 812 80 33 have
1612 814 63 30 had

925 850 103 42 liquor
1049 851 90 33 there
1167 864 104 21 scores
1298 855 35 32 of
1531 859 49 33 He
1607 859 68 33 said

925 895 49 33 his
990 897 93 33 sister
1099 898 61 32 had
1178 911 81 28 gone
1277 900 100 40 there,
1395 902 71 33 that
1489 904 56 33 she
1571 906 104 32 would

925 953 38 28 £o
982 948 30 27 to
1031 943 52 34 the
1101 943 72 41 bad,
1191 945 64 32 and
1282 946 39 33 lie
1350 949 127 32 wanted
1504 955 31 27 to
1551 963 52 29 gee
1620 951 57 33 her

935 998 92 29 i.way.
1073 989 80 32 Told
1179 990 69 32 him
1273 992 16 31 I
1318 994 104 30 would
1442 993 80 34 have
1539 998 138 43 nothing

926 1038 32 29 at
981 1034 42 33 all
1045 1039 33 28 to
1102 1034 39 33 do
1170 1035 75 35 with
1273 1038 78 33 such
1377 1050 100 24 cases.
1524 1043 50 33 He
1598 1043 76 34 then

926 1080 68 32 said
1010 1081 28 31 if
1052 1083 38 30 he
1115 1083 62 30 had
1200 1094 18 20 a
1234 1083 142 42 shilling,
1400 1087 40 30 he
1457 1089 105 31 would
1578 1101 38 29 go
1633 1099 44 32 up

927 1125 63 33 and
1007 1130 83 38 ''get
1278 1128 57 35 We
1351 1130 64 35 had
1433 1144 89 23 some
1546 1147 111 22 conver-

926 1179 163 26 versatiou
1112 1174 98 33 about
1233 1187 56 28 my
1304 1177 183 42 furnishing
1505 1180 69 32 him
1598 1181 77 31 with

927 1228 17 20 a
975 1216 143 44 shilling,
1150 1222 32 29 to
1209 1230 39 30 go
1275 1223 32 30 to
1337 1221 183 36 Accolino's
1551 1229 32 30 to
1613 1226 64 44 buy

927 1261 111 35 drinks
1050 1264 90 33 with.
1186 1264 51 35 He
1250 1268 166 34 remained
1429 1281 18 21 a
1455 1270 59 34 few
1526 1274 150 39 minutes,

927 1309 94 32 while
1038 1310 15 31 1
1066 1310 77 32 read
1155 1321 43 32 up
1210 1312 54 32 the
1275 1314 82 32 Act:
1374 1315 67 31 told
1454 1316 69 32 him
1534 1318 14 31 I
1562 1319 116 32 should

927 1354 82 33 have
1023 1355 137 43 nothing
1177 1361 31 29 to
1221 1356 40 35 do
1273 1358 77 33 with
1362 1359 53 34 the
1426 1372 82 23 case.
1547 1363 131 45 Shortly

927 1399 187 34 afterwards
1130 1401 40 33 he
1188 1405 151 32 returned
1355 1407 106 42 again,
1478 1408 116 45 asking
1606 1411 72 34 who

927 1445 106 35 would
1049 1447 38 34 be
1103 1459 17 22 a
1134 1448 85 44 good
1243 1451 93 34 mark
1351 1455 32 32 to
1406 1464 39 31 go
1468 1454 78 34 with
1562 1457 47 32 for
1625 1459 53 31 the

927 1492 104 32 drink.
1076 1494 91 33 After
1183 1496 81 38 that,
1283 1499 37 30 he
1332 1501 95 40 again
1440 1502 160 41 returned,
1615 1504 63 32 and

927 1538 68 32 said
1012 1539 40 33 he
1068 1539 66 34 had
1150 1541 168 36 borrowed
1334 1556 17 21 a
1367 1544 144 47 shilling,
1522 1561 82 31 gone
1614 1550 64 34 and

928 1584 63 33 had
1014 1586 111 32 drinks
1144 1593 32 26 at
1199 1589 214 41 defendant's,
1437 1593 79 32 with
1541 1595 138 42 Charley

928 1629 157 42 Beswi<?k,
1103 1632 63 32 and
1181 1643 66 23 was
1264 1635 100 43 ready
1380 1643 32 26 to
1435 1649 40 29 go
1498 1640 65 32 and
1579 1652 101 23 swear

929 1680 30 28 to
976 1676 55 33 the
1047 1677 94 43 thing
1157 1678 106 35 before
1280 1681 52 32 Mr
1350 1683 145 34 Fennell.
1543 1687 135 42 (Record

928 1722 91 34 Book
1062 1725 188 43 produced).
1316 1729 52 33 He
1411 1742 80 28 gave
1539 1744 52 22 me
1637 1735 40 32 all

927 1769 201 41 particulars,
1154 1772 64 31 and
1245 1773 69 32 said
1342 1775 149 34 Beswick
1522 1789 65 22 saw
1612 1779 66 33 him

929 1825 62 33 pa}'
1014 1817 47 32 for
1077 1816 33 34 it.
1157 1817 16 33 I
1190 1819 76 33 read
1284 1820 53 34 the
1362 1834 99 30 paper
1484 1824 140 44 through
1649 1832 31 27 to

930 1862 79 37 him,
1035 1863 64 31 and
1122 1863 40 31 he
1183 1865 74 31 then
1284 1867 111 39 signed
1419 1869 34 30 it.
1498 1869 76 34 Just
1601 1871 81 32 after

929 1905 50 34 his
1003 1911 111 30 return
1137 1908 83 35 from
1247 1909 185 42 Blenheim,
1451 1914 116 36 Pearce
1590 1929 90 22 came

929 1957 31 28 to
984 1965 62 25 me,
1073 1955 118 33 almost
1217 1960 122 40 crying,
1367 1960 64 31 and
1458 1962 68 31 said
1551 1963 38 32 he
1617 1964 64 32 had

930 1998 138 42 nothing
1096 2005 33 29 to
1156 2006 61 35 eat,
1245 2003 64 33 and
1334 2015 42 23 no
1401 2005 91 44 place
1519 2009 106 33 where
1647 2015 35 28 to

930 2045 85 41 sleep
1031 2055 6 27 ;
1063 2046 69 32 that
1157 2049 39 30 he
1220 2049 63 31 had
1310 2050 77 32 been
1412 2052 143 43 sleeping
1571 2056 30 29 iu
1626 2056 54 30 the

929 2099 82 35 open
1028 2089 57 42 air,
1101 2091 66 36 and
1183 2092 71 36 that
1270 2106 81 24 even
1368 2095 51 36 his
1438 2099 126 35 mother
1579 2101 103 35 would

929 2136 81 33 have
1028 2139 138 40 nothing
1181 2146 33 25 to
1231 2142 40 30 do
1289 2143 76 30 with
1382 2143 81 32 him.
1508 2147 89 31 Gave
1614 2148 67 30 him

929 2191 18 23 a
963 2180 61 35 bed
1039 2183 34 33 in
1088 2193 58 34 my
1162 2184 90 35 office
1270 2185 69 36 that
1353 2188 105 44 n-ght.
1504 2190 30 34 It
1549 2203 63 23 was
1621 2200 62 27 wet

929 2229 142 34 weather
1087 2235 34 28 at
1137 2231 54 33 the
1208 2234 88 32 time.
1343 2236 94 33 Since
1461 2237 90 40 then,
1569 2238 38 34 he
1626 2240 57 33 has

929 2273 66 34 had
1017 2278 182 33 occasional
1222 2280 102 33 meals
1347 2286 32 28 at
1402 2294 57 31 my
1482 2284 143 42 place,—
1628 2292 55 27 not

930 2320 95 45 being
1040 2324 71 33 able
1127 2330 34 27 to
1177 2331 51 37 get
1247 2326 52 32 his
1315 2327 101 41 living
1433 2329 185 37 elsewhere.

1139 2384 58 39 (To
1216 2384 34 32 be
1268 2386 199 40 continued).

937 2489 169 32 MINING
1157 2491 321 36 REGULATIONS
1529 2497 57 32 UNDER

1191 2536 144 35 MINES
1358 2541 93 36 ACT,

972 2579 75 43 Any
1063 2592 116 32 person
1197 2583 205 43 discovering
1413 2598 69 23 new
1499 2590 73 38 gold
1584 2590 80 34 work-

932 2628 66 42 ing,
1022 2627 64 34 and
1110 2628 95 43 being
1228 2630 145 35 desirous
1397 2636 35 30 of
1452 2636 170 44 obtaining
1645 2652 39 19 an

931 2674 168 31 increased
1122 2686 74 20 area
1218 2676 135 33 thereon
1384 2680 84 32 shall
1492 2682 90 33 mark
1605 2684 44 33 off
1669 2697 17 21 a

932 2721 208 41 prospecting
1155 2721 107 39 claim,
1280 2735 34 20 as
1331 2726 156 40 provided
1503 2728 31 32 i*
1551 2730 114 39 Regula-

934 2766 66 31 tion
1017 2766 48 39 11,
1082 2767 64 31 and
1160 2767 82 32 shall
1253 2768 225 48 immediately
1490 2781 106 37 report
1609 2778 75 33 such

934 2811 167 44 discovery
1136 2813 80 33 with
1247 2816 31 31 in
1283 2816 21 31 11
1564 2827 32 28 to
1635 2809 63 47 the!

937 2858 148 40 Warden,
1111 2859 63 32 and
1202 2860 54 32 the
1280 2864 126 38 ground
1431 2877 34 21 so
1489 2868 133 35 marked
1646 2872 46 32 off

934 2903 82 35 shall
1033 2905 36 32 be
1087 2907 163 39 protected
1268 2910 82 31 until
1369 2912 54 31 the
1450 2914 138 32 Warden
1606 2919 81 30 shall

935 2949 79 30 have
1032 2950 43 29 tin
1080 2951 39 30 all
1125 2962 21 28 y
1160 2953 128 31 refused
1304 2964 35 21 or
1355 2957 136 38 granted
1503 2959 54 33 the
1571 2961 95 34 claim
1681 2974 6 23 ;

934 2993 56 35 but
1021 2996 54 34 the
1107 2996 140 36 Warden
1273 3011 87 33 may,
1391 3002 27 33 if
1446 3005 38 32 he
1516 3006 95 36 think
1641 2990 46 53 fh'

933 3042 118 33 refrain
1080 3043 84 33 from
1188 3046 153 43 granting
1371 3061 35 21 or
1435 3051 146 43 refusing
1612 3058 75 32 such

933 3088 95 33 claim
1057 3090 96 33 until,
1166 3091 55 32 the
1244 3095 125 37 ground
1393 3096 84 33 slull
1501 3099 82 32 haT*
1610 3103 79 32 hesn

934 3134 115 33 visited
1065 3135 43 44 l>y
1124 3137 130 34 himself
1271 3150 35 22 or
1318 3140 40 43 by
1371 3153 127 33 anyone
1515 3151 172 39 appoint?;]

932 3181 44 35 by
991 3182 81 32 him.

976 3239 130 33 Noijices
1117 3239 35 33 of
1160 3241 41 32 all
1215 3245 204 44 prospecting
1430 3248 115 35 claims
1555 3254 135 40 granted

934 3284 76 32 with
1037 3285 59 32 full
1118 3289 195 38 particulars
1329 3293 35 30 of
1384 3296 141 42 locality,
1550 3298 86 42 yield
1660 3305 29 28 ot

935 3330 83 43 gold,
1037 3331 64 33 and
1112 3332 196 46 description
1320 3338 37 32 of
1369 3341 174 44 workings,
1557 3345 84 33 shall
1655 3346 34 34 be

933 3378 114 42 posted
1070 3378 42 42 by
1136 3379 54 34 the
1212 3381 136 35 Warden
1365 3397 40 21 oa
1431 3388 54 33 the
1509 3392 126 34 outside
1659 3397 31 30 ot

934 3423 49 33 his
1000 3424 91 34 office
1108 3425 49 35 for
1172 3427 108 43 public
1303 3432 222 36 information.

976 3480 31 32 It
1024 3481 83 32 shall
1123 3487 58 28 not
1197 3484 37 32 be
1250 3485 111 34 lawful
1372 3491 49 29 tor
1433 3490 56 33 the
1504 3493 142 35 Warden
1659 3501 32 28 to

933 3530 95 36 giant
1057 3538 19 21 a
1101 3531 205 44 piospecting
1328 3534 96 34 claim
1449 3537 52 33 for
1525 3552 65 27 any
1619 3554 70 22 new

934 3571 168 45 discovery
1132 3580 32 27 at
1195 3588 18 21 a
1242 3578 64 33 less
1341 3580 144 36 distance
1517 3585 79 34 than
1628 3594 63 27 two

934 3617 93 34 miles
1043 3618 84 35 from
1144 3632 65 31 any
1224 3625 186 43 previously
1433 3630 140 42 existing
1589 3636 80 32 work-

934 3663 71 41 ings
1034 3665 32 30 in
1094 3665 134 35 alluvial
1251 3672 136 38 ground,
1405 3684 61 23 nor
1487 3680 31 30 to
1547 3685 95 33 grant
1673 3694 18 20 a

934 3710 205 42 prospecting
1162 3714 96 33 claim
1275 3716 49 32 for
1346 3730 66 29 any
1427 3732 73 22 new
1525 3724 166 42 discovery

934 3755 35 30 of
991 3766 18 19 a
1034 3761 114 36 quartz
1171 3760 71 31 reef
1255 3764 32 28 at
1311 3773 18 21 a
1351 3762 63 33 less
1439 3765 146 37 distance
1611 3771 79 35 than

934 3801 67 32 lull
1023 3812 19 22 a
1061 3802 76 34 mile
1154 3810 83 29 irom
1254 3819 65 33 any
1342 3811 187 46 previously
1551 3818 140 34 existin?

934 3853 111 36 quartz
1063 3850 173 45 workings.
1672 3849 17 14 *

974 3905 111 46 livery
1112 3915 210 40 prospecting
1350 3916 97 34 claim
1477 3921 95 40 shall,
1610 3925 81 34 after

934 3955 96 42 being
1055 3955 147 42 marked,
1227 3958 37 36 be
1289 3959 76 37 held
1387 3962 44 47 by
1453 3976 62 26 one
1538 3981 78 24 man
1643 3985 31 23 re-

934 3999 149 45 maining
1106 4015 42 20 on
1172 4004 54 34 the
1254 4011 125 37 ground
1403 4012 119 44 during
1545 4018 146 41 working

934 4045 98 34 hours
1055 4049 84 32 until
1155 4050 53 34 the
1232 4053 196 44 application
1447 4059 26 34 is
1490 4060 86 36 dealt
1599 4066 78 33 with

934 4092 75 41 and,
1025 4093 28 34 if
1064 4098 148 38 granted,
1230 4100 54 32 the
1301 4102 97 33 claim
1414 4112 99 35 must,
1527 4111 108 33 unless
1648 4112 41 40 by

934 4140 118 41 special
1068 4143 194 40 permission
1278 4147 35 32 of
1329 4148 52 34 the
1397 4150 151 44 Warden,
1561 4155 36 34 be
1611 4157 78 41 fully

934 4187 154 42 occupied
1104 4189 116 34 within
1236 4203 95 23 seven
1349 4195 80 44 days
1444 4199 85 35 from
1546 4202 53 34 the
1616 4204 73 35 date

934 4233 35 30 of
981 4239 106 33 grant.

979 4279 64 31 Ihe
1060 4280 140 34 Warden
1217 4295 88 33 may,
1323 4288 27 31 if
1362 4288 40 33 he
1419 4289 94 35 think
1529 4293 47 40 fit,
1595 4302 96 36 grant

934 4335 17 19 a
961 4327 208 41 prospecting
1177 4328 97 34 claim
1287 4338 32 26 to
1330 4333 53 33 the
1391 4338 107 31 actual
1509 4338 182 37 discoverer

933 4371 32 29 ot
990 4380 73 22 new
1092 4372 77 40 gold
1199 4376 162 43 workings
1392 4382 181 47 conjointly
1611 4388 78 35 with

934 4424 134 33 persons
1092 4417 74 35 who
1188 4419 84 36 have
1289 4425 136 35 assisted
1449 4429 90 35 them
1562 4434 34 33 in
1619 4446 52 30 pro-

934 4463 147 41 specting
1117 4466 104 34 either
1256 4470 79 34 with
1374 4476 238 38 contributions
1656 4494 35 22 or

933 4508 183 42 otherwise,
1133 4524 36 21 or
1184 4514 79 33 with
1276 4517 93 33 other
1381 4530 135 33 persons
1529 4525 73 34 who
1616 4539 75 30 may

934 4554 37 33 be
996 4558 191 34 nominated
1210 4560 42 44 by
1268 4563 55 33 the
1346 4568 109 33 actual
1479 4569 210 47 discoverers,

934 4600 157 45 although
1115 4604 54 35 the
1186 4607 70 34 said
1278 4620 133 32 persons
1428 4625 77 32 may
1527 4623 58 27 not
1608 4620 83 34 have

935 4646 77 31 been
1037 4658 41 22 on
1096 4648 54 35 the
1166 4656 127 38 ground
1307 4655 89 44 prior
1412 4661 32 30 to
1461 4658 56 35 the
1538 4666 154 41 granting

934 4691 133 36 thereof.
1539 4691 18 16 °
1672 4691 18 16 *

974 4739 70 33 The
1063 4741 142 37 Warden
1223 4755 87 35 may,
1327 4757 89 36 upon
1426 4750 56 35 the
1493 4755 198 43 application

933 4788 32 29 ol
980 4797 64 31 any
1061 4798 133 31 persons
1209 4792 145 43 forming
1373 4808 17 18 a
1407 4804 95 36 party
1517 4802 35 30 of
1562 4807 56 27 not
1629 4804 62 33 less

933 4830 79 33 than
1035 4831 82 44 four,
1141 4840 95 39 grant
1252 4841 182 41 protection
1451 4842 49 36 for
1521 4851 59 32 not
1601 4861 90 24 more

936 4878 79 34 than
1032 4878 89 37 three
1145 4885 133 32 months
1295 4887 48 32 for
1359 4901 19 19 a
1393 4894 209 43 prospecting
1618 4908 74 23 area

933 4927 34 28 at
989 4935 19 21 a
1030 4925 144 35 distance
1197 4936 32 24 ot
1244 4934 58 29 not
1321 4932 63 33 less
1407 4934 80 35 than
1511 4941 64 31 two
1597 4941 96 35 milts

930 4967 87 35 from
1044 4982 65 33 any
1134 4975 139 44 existing
1300 4979 164 42 workings
1493 4983 35 33 in
1559 4986 134 36 alluvial

935 5017 135 40 ground,
1088 5029 35 22 or
1138 5020 35 32 in
1189 5021 55 34 the
1261 5033 72 24 case
1350 5025 35 33 of
1399 5032 112 38 quartz
1529 5032 164 36 workings

933 5061 35 33 of
993 5066 58 30 not
1083 5064 63 34 less
1169 5066 81 34 than
1276 5069 72 33 half
1366 5083 18 20 a
1410 5075 77 31 mile
1512 5077 84 33 from
1627 5091 66 28 any

933 5106 140 44 existing
1089 5115 112 37 quartz
1219 5114 184 46 workings:
1429 5118 161 39 Provided
1604 5123 33 36 in
1650 5138 43 23 no

933 5164 71 23 case
1028 5155 84 35 shall
1136 5170 66 31 any
1218 5161 80 33 such
1325 5168 206 42 prospecting
1556 5182 76 22 area
1655 5174 38 32 be

933 5202 135 37 granted
1091 5203 117 33 within
1231 5206 68 33 halt
1316 5219 18 22 a
1357 5211 76 33 mile
1457 5213 36 33 of
1512 5225 66 33 any
1600 5218 94 35 other

933 5245 82 34 sueli
1030 5251 207 42 prospecting
1260 5265 84 22 area.
1390 5253 305 45 Provided'further

935 5291 70 32 that
1027 5294 80 32 such
1131 5300 183 38 protection
1331 5300 84 35 shall
1438 5304 78 44 only
1540 5309 153 37 continue

934 5348 33 23 in
983 5337 85 36 force
1084 5342 85 34 until
1184 5345 75 41 gold
1276 5346 26 33 is
1317 5350 122 40 struck,
1451 5352 33 31 in
1501 5354 108 34 which
1621 5368 72 22 casp

933 5384 55 32 the
1012 5385 171 46 discovery
1207 5390 83 35 shall
1307 5392 39 35 be
1371 5399 160 41 reported,
1551 5412 36 23 or
1609 5406 86 34 until

934 5432 54 33 the
1005 5432 129 37 holders
1150 5447 53 23 are
1220 5440 150 42 required
1386 5442 43 43 by
1439 5446 56 33 the
1507 5448 144 34 Warden
1657 5458 37 26 to

933 5478 95 31 mark
1058 5490 18 20 a
1102 5484 209 43 prospecting
1334 5487 109 42 claim,
1466 5491 35 32 in
1529 5493 105 36 either
1663 5497 35 34 of

933 5523 106 34 which
1056 5536 89 23 cases
1162 5539 18 21 a
1195 5533 211 43 prospecting
1429 5536 99 34 claim
1549 5541 85 33 shall
1657 5544 37 32 be

934 5569 135 32 marked
1095 5573 66 31 and
1185 5576 129 40 applied
1338 5578 49 32 for
1414 5591 35 22 as
1476 5585 157 40 provided
1661 5590 34 33 in

934 5613 195 41 liegulation
1160 5617 48 35 11.
1240 5621 65 35 and
1332 5624 51 40 V.,
1415 5628 66 33 anil
1514 5636 180 37 projection

933 5663 83 29 shall
1032 5663 181 44 thereupon
1232 5679 89 22 cease
1340 5682 33 20 as
1392 5677 30 28 to
1440 5674 55 34 the
1509 5680 186 35 remainder

933 5717 31 21 o>i
980 5707 79 33 such
1076 5714 208 39 prospecting
1300 5727 86 22 area.

975 5752 31 32 It
1032 5754 84 33 shall
1145 5757 35 31 be
1204 5759 111 34 lawful
1337 5762 48 33 for
1409 5764 54 35 the
1491 5767 141 38 Wirden
1663 5777 31 31 to

931 5806 108 26 renew
1062 5800 85 35 from
1173 5808 79 30 time
1274 5814 33 26 to
1332 5814 77 30 time
1434 5813 53 33 the
1510 5821 185 37 protection

933 5846 49 29 tor
1010 5856 18 21 a
1058 5854 211 40 prospecting
1302 5863 85 25 area.
1433 5858 158 39 Prrvided
1622 5866 73 35 that

933 5892 79 30 such
1048 5894 150 35 renewed
1229 5902 184 39 protection
1444 5905 86 36 shall
1560 5915 59 30 not
1657 5913 38 34 be

932 5937 137 40 granted
1094 5939 48 34 for
1166 5952 90 25 more
1272 5945 82 36 than
1380 5948 89 38 three
1499 5957 137 35 months
1662 5963 33 32 to

932 5992 64 34 any
1013 5986 89 33 time.

704 71 139 48 THE
910 75 219 48 LYELL
1192 78 221 57 TIMES,
1480 81 362 56 SATURDAY,
1911 84 373 51 NOVEMBER
2350 104 43 41 y,
2463 94 122 58 1885.

2528 5899 136 36 Printed
2680 5905 66 33 and
2762 5908 176 42 published
2960 5913 51 36 for
3031 5916 55 36 the
3110 5919 186 44 Proprietor

2570 5952 40 39 by
2626 5952 31 30 J.
2676 5952 36 32 F.
2730 5952 110 44 Clark,
2858 5962 35 29 at
2908 5959 57 34 the
2984 5962 195 42 Registered
3193 5968 103 35 .OSk®

2570 5995 94 33 ottlie
2681 6000 19 15 «
2711 5998 95 44 Lyell
2972 6006 78 35 Cliff
3062 6009 233 43 Stre3t,LvdL

2569 6040 133 46 County
2719 6046 35 33 of
2766 6046 124 44 Bullet,
2908 6050 128 47 Colony
3054 6055 37 34 of
3097 6056 83 35 2L2L

1853 226 226 46 SANDER
2105 231 32 43 &
2166 230 147 44 SONS'

1703 277 402 47 EUCALYPTI
2154 282 308 47 EXTRACT.

1749 376 177 41 (Deutsche
1957 377 87 33 MM.
2077 378 261 36 Wochenschrift
2370 385 91 32 1879)

1708 421 32 31 Al
1745 423 93 38 osier,
1856 422 103 39 M.D.,
1978 423 164 34 Professor
2158 433 31 25 Lit
2205 426 53 33 the
2276 428 188 44 University

1707 466 203 40 Greifswald,
1956 470 176 43 Germany.
2179 477 125 38 reports
2322 483 51 22 :
2394 476 70 32 The

1707 513 173 43 Eucalypti
1905 513 136 35 Extract
2070 517 122 43 proved
2214 519 250 46 magnificently

1708 562 136 30 success!
1853 560 30 33 :tl
1922 560 32 47 in
1992 573 77 32 very
2114 574 109 23 severe
2262 567 200 40 contusions,

1711 606 64 30 iirui
1789 617 51 20 ••cs.
1854 618 53 30 spr
1919 606 71 39 ii:\s,
2003 608 144 38 wonnds,
2157 610 122 33 scaldiu
2295 624 35 22 :s.
2341 613 122 34 broken

1710 651 72 38 ribs,
1795 663 39 20 aii
1852 651 4 50 I
1872 654 106 32 huibs.
2019 654 31 33 It
2062 655 185 44 effectually
2260 667 90 34 stays
2361 661 41 30 ail
2415 673 24 20 m-

1710 696 16 31 il
1742 708 77 20 nuin
1834 700 77 30 ttioo
1931 712 38 18 an
1985 700 7 30 1
2011 708 73 23 swvi
2093 707 75 32 IniLf.
2215 705 87 36 Also,
2329 707 52 31 tiie
2399 719 47 21 ser-

1712 744 82 30 vices
1811 743 130 35 der.ved
1958 753 83 25 ii'Oiii
2053 757 24 23 n
2087 759 34 21 iii
2137 748 43 33 ail
2189 749 162 35 disorders
2365 753 34 32 of
2410 754 52 33 thy

1711 790 191 41 respiratwy
1915 802 128 27 organs,
2057 806 34 17 as
2103 805 108 32 croup,
2227 795 172 42 diot'ieria,
2415 800 31 32 in-

1710 833 18 32 tl
1743 837 169 31 munition
1945 837 35 31 of
2001 837 54 33 the
2084 837 167 37 bronchial
2277 843 92 34 tnhes
2398 846 65 33 and

1832 882 132 33 chronic
1989 886 141 37 catarrh,
2149 887 189 36 bronchitis,
2363 893 99 39 colds,

1710 928 64 36 &c.,
1792 939 53 21 are
1863 934 54 26 not
1943 938 31 24 to
1991 929 38 33 be
2046 933 149 40 equalled
2220 936 38 41 by
2283 948 63 32 any
2370 940 94 31 other

1711 973 231 33 medicament.

1745 1030 155 44 Sander
1934 1032 81 44 and
2053 1033 115 46 Son's
2208 1037 220 58 Eucalypti
2482 1030 1 70 j

2002 1085 183 49 Extract.

1752 1135 116 40 Lister,
1893 1136 102 40 M.D.,
2020 1140 175 40 Professor,
2227 1145 65 37 &c.,
2317 1146 148 39 London,

1710 1181 55 31 the
1783 1182 147 39 Leading
1952 1194 138 33 surgeon
2108 1187 35 31 of
2157 1187 53 33 the
2228 1196 129 34 present
2375 1196 90 36 time,

1711 1226 105 34 stated
1833 1235 32 25 at
1881 1228 55 34 the
1952 1229 62 34 last
2037 1234 144 40 meeting
2196 1241 31 27 ot
2251 1237 54 32 tiie
2328 1239 139 33 Clinical

1712 1273 138 43 Society,
1861 1275 148 40 London,
2018 1290 35 20 as
2069 1279 170 42 published
2248 1293 33 20 in
2293 1284 174 33 Gkiillard's

1712 1319 140 32 Medical
1874 1321 149 39 Journal,
2039 1323 73 34 that
2128 1325 53 34 the
2205 1327 174 44 Eucalypti
2403 1330 41 33 Ex-

1712 1370 82 27 tract
1809 1366 27 31 is
1852 1366 55 31 the
1924 1367 68 33 best
2008 1368 120 35 known
2150 1373 173 42 antiseptic
2342 1376 125 41 (means

1712 1410 33 34 of
1760 1413 191 43 preventing
1965 1415 243 45 putrefaction).

1735 1468 156 44 Sander
1931 1470 82 43 and
2060 1472 115 45 Son's
2224 1476 221 58 Eucalypti

1994 1523 183 48 Extract.

1756 1574 186 41 (American
1959 1576 139 33 Medical
2111 1580 147 39 Journal,
2274 1582 193 40 November,

1714 1619 101 42 1881).
1865 1619 40 33 In
1921 1619 140 36 diseases
2077 1624 32 32 of
2131 1624 55 34 the
2208 1625 133 47 kidney,
2366 1630 104 34 either

1714 1665 103 33 active
1834 1669 189 40 congestion
2036 1681 36 21 or
2081 1675 208 39 suppression
2308 1677 159 42 (uraemia)

1714 1712 42 32 all
1772 1711 229 42 albuminuria,
2019 1715 129 44 dropsy,
2165 1718 150 41 lithiasis,
2333 1723 137 40 nothing

1714 1758 66 31 will
1796 1758 94 41 equal
1907 1759 34 32 in
1957 1760 41 31 its
2011 1761 106 33 action
2136 1763 176 47 Eucalypti
2324 1768 145 35 Extract.

1716 1803 114 40 Doses,
1860 1803 63 35 five
1952 1809 33 30 to
2013 1808 92 41 eight
2138 1810 96 43 drops
2262 1815 35 31 in
2334 1827 18 19 a
2387 1815 83 33 little

1715 1850 183 31 sweetened
1927 1859 100 24 water
2057 1855 91 31 twice
2182 1866 35 22 or
2246 1858 91 33 three
2375 1859 96 34 times

1715 1893 98 45 daily.

1740 1952 156 44 Sander
1936 1954 82 43 and
2073 1956 114 47 Son's
2229 1959 219 56 Eucalypti

2005 2008 182 45 Extract.
2482 2008 1 48 i

1759 2055 110 38 (From
1885 2057 172 36 American
2072 2062 138 37 Medical
2221 2064 148 45 Journal,
2383 2067 88 43 Jan.,

1719 2104 102 36 Ibß*2).
1869 2105 118 39 Pitzer,
2021 2109 102 38 M.D.,
2150 2112 164 33 Professor
2343 2116 129 38 Theory

1717 2147 64 31 and
1799 2149 146 34 Practice
1960 2151 36 33 of
2009 2152 169 42 Medicine,
2192 2156 174 38 American
2382 2159 67 36 Med-

1716 2193 63 34 ical
1796 2194 142 42 College,
1956 2209 74 32 says
2055 2201 75 33 —lt
2144 2201 27 34 is
2184 2204 55 33 the
2255 2205 70 34 best
2337 2208 136 44 remedy

1717 2239 120 34 known
1860 2241 34 34 in
1919 2243 267 45 typhomalarial,
2210 2252 137 42 typhoid
2373 2253 99 42 fever,

1717 2287 187 43 erysipelas,
1916 2290 195 43 diphtheria,
2124 2296 117 33 scarlet
2254 2297 95 41 fever,
2364 2301 90 33 small-

1718 2344 72 31 pox,
1808 2333 66 41 &c,;
1898 2335 26 34 it
1946 2336 187 45 effectually
2147 2342 125 35 retards
2295 2345 56 34 the
2375 2347 81 33 disin-

1718 2380 161 39 tegration
1916 2383 35 30 of
1976 2384 56 31 the
2062 2387 123 32 animal
2221 2389 108 40 fluids,
2366 2393 108 33 which

1719 2424 106 43 might
1840 2427 102 33 result
1957 2428 34 33 in
2011 2441 18 22 a
2051 2433 129 37 general
2204 2434 217 47 breaking-up
2444 2441 35 32 of

1719 2471 54 31 the
1792 2471 94 33 blood
1903 2474 66 32 and
1983 2476 35 31 in
2034 2476 109 34 death.

1742 2526 158 46 Sander
1947 2532 82 43 and
2071 2533 116 46 Son's
2235 2537 220 61 Eucalypti

1999 2584 183 49 Extract.

1763 2634 112 35 (From
1917 2636 46 32 St.
2010 2639 98 32 L«uis
2151 2642 141 34 Electric
2337 2645 140 35 Medical

1719 2677 148 42 Journal,
1907 2680 90 41 I)ec<,
2036 2685 104 43 1881).
2202 2688 124 36 Cancer
2354 2693 35 33 of
2422 2693 54 34 the

1721 2725 416 43 Tongue—Patient,-Mrs.
2332 2739 38 31 35
2383 2750 95 31 years

1708 2770 1 50 [
1721 2770 63 33 old.
1844 2773 165 35 Evidence
2038 2777 36 33 «f
2100 2780 178 35 scrofulous
2310 2783 166 36 diathesis.

1722 2818 186 33 Prescribed
1931 2819 73 35 four
2031 2823 97 44 drops
2145 2833 31 26 to
2200 2826 37 33 be
2260 2829 99 34 taken
2387 2832 91 34 three

1722 2864 94 33 times
1844 2864 89 44 daily
1952 2877 6 30 ;
1983 2868 77 41 also,
2089 2878 119 36 tongue
2241 2877 116 32 wetted
2387 2879 91 33 three

1722 2917 95 24 times
1869 2913 79 29 with
1997 2916 56 30 the
2102 2917 177 44 Eucalypti
2330 2922 147 34 Extract.

1708 2954 1 55 |
1729 2954 130 34 treated
1883 2967 34 21 as
2072 2960 50 35 for
2150 2962 74 36 four
2253 2966 117 43 weeks,
2398 2968 81 36 then

1722 3001 191 42 discharged
1930 3007 107 32 cured.

1767 3058 41 40 (J.
1851 3059 40 33 11.
1931 3061 145 46 Ruttley,
2123 3066 101 40 M.D.,
2270 3070 98 41 Prof.,
2413 3074 65 39 &c.,

1724 3106 15 29 1
1752 3106 376 45 hiladelphiu).—Since,
2145 3113 33 32 in
2203 3115 54 33 the
2277 3127 72 23 case
2372 3119 36 32 of
2428 3120 51 32 Mr

1708 3151 1 47 I
1727 3151 131 40 Mercer,
1877 3153 34 32 of
1927 3155 141 41 Kerang,
2084 3158 73 32 who
2175 3160 64 33 had
2250 3161 81 34 been
2347 3165 132 33 advised

1708 3193 33 64 jb
1748 3208 16 20 v
1793 3197 54 33 the
1882 3199 139 34 Medical
2044 3203 124 34 officers
2194 3206 35 32 of
2247 3207 54 34 the
2333 3209 146 45 Bendigo

1708 3243 1 60 j
1726 3243 149 42 Hospital
1894 3250 32 27 to
1943 3246 82 34 have
2043 3248 50 32 his
2112 3257 117 33 tongue
2241 3255 165 40 removed,
2415 3257 65 34 like

1724 3289 149 42 splendid
1889 3292 118 33 results
2025 3294 80 34 have
2117 3298 144 33 attained
2269 3300 141 45 through
2424 3304 55 35 the

1723 3335 199 42 application
1938 3339 35 32 of
1983 3340 56 33 the
2056 3342 177 45 Eucalypti
2250 3346 146 36 Extract.

1749 3392 155 46 Sander
1944 3396 82 45 and
2076 3398 114 47 Son's
2239 3403 220 59 Eucalvpti

2005 3450 182 46 Extract.

1766 3497 18 32 I'
1795 3509 69 22 rem
1886 3499 56 33 the
1967 3501 136 35 Clinical
2127 3505 137 41 Record,
2288 3509 35 33 of
2341 3510 138 43 August,

1726 3544 104 33 18bl).
1904 3546 147 43 Surgical
2088 3551 103 33 Clinic
2236 3553 35 33 of
2314 3556 167 37 Professor

1727 3589 173 44 M'intyre,
1938 3592 129 44 College
2104 3597 36 32 of
2178 3598 195 43 Physicians
2416 3607 65 32 and

1726 3636 173 41 Surgeons,
1914 3638 47 32 St.
1975 3640 254 36 Louis—Scirrh
2234 3656 37 22 us
2281 3647 35 32 of
2323 3648 158 37 Breast—

1725 3681 154 34 Excision
1893 3709 6 7 .
1917 3683 177 46 Eucalypti
2109 3689 137 34 Extract
2261 3695 175 42 employed
2446 3709 35 21 as

1724 3737 108 32 spray,
1863 3729 65 31 and
1957 3729 157 45 dressing.
2159 3734 103 42 Eight
2288 3737 80 44 days
2399 3741 82 35 after

1724 3771 169 44 operation
1911 3774 180 38 Professors
2107 3779 110 36 Bauer
2232 3784 63 33 and
2314 3786 165 46 M'intyre

1724 3820 98 32 noted
1865 3821 56 33 tlie
1963 3823 167 47 following
2173 3830 308 42 conditionMo

1724 3865 155 46 swelling,
1897 3868 76 36 heat
1989 3882 36 23 or
2040 3871 239 46 discoloration,
2297 3892 79 23 near
2396 3895 36 22 or
2448 3887 33 31 in

1725 3915 54 31 the
1802 3917 131 38 wound,
1956 3917 107 34 which
2086 3920 60 35 has
2161 3923 115 35 united
2298 3927 103 45 fully;
2425 3930 55 37 the

1723 3960 126 45 patient
1864 3962 135 37 allowed
2015 3971 32 29 to
2063 3970 114 33 attend
2188 3976 32 29 to
2233 3972 58 33 her
2300 3974 181 38 household

1725 4008 105 32 duties
1846 4011 106 39 again.

1749 4052 155 48 Sander
1953 4057 81 45 and
2076 4060 114 47 Son's
2239 4064 221 53 Eucalypti

2003 4111 183 49 Extract.

1767 4171 149 42 (Clinical
1946 4174 136 41 Record,
2116 4180 87 43 Sept.
2237 4184 244 42 1880).—The

1722 4217 174 35 American
1931 4221 139 36 medical
2107 4229 181 39 profession
2326 4244 84 28 uses,
2449 4237 34 31 in

1722 4265 205 41 gonorrhoea,
1952 4278 34 21 as
2002 4280 42 21 an
2067 4270 168 44 injection,
2253 4287 42 22 an
2319 4280 164 33 emulsion

1723 4311 31 29 of
1783 4321 61 21 one
1867 4322 104 22 ounce
1994 4324 78 32 gum
2099 4318 130 40 Arabic,
2255 4322 35 31 in
2317 4325 40 31 30
2385 4336 37 21 or
2443 4329 40 31 40

1722 4364 120 24 ounces
1858 4358 32 30 of
1906 4360 109 36 water,
2033 4361 130 43 applied
2178 4364 73 35 four
2268 4369 97 35 times
2382 4371 99 45 daily.

1723 4400 101 42 Eight
1846 4402 97 43 drops
1965 4405 98 43 given
2079 4409 171 43 inwardly,
2275 4425 81 24 once
2380 4417 91 44 daily
2475 4398 7 61 j

1724 4452 152 38 prevents
1891 4450 185 46 effectually
2092 4459 261 37 contamination
2372 4464 36 33 of
2426 4465 56 34 the

1719 4492 101 35 •blood
1836 4494 34 33 in
1885 4495 69 34 foul
1971 4498 136 35 disease.

1930 4589 348 42 CAUTION.

1748 4642 157 46 Sander
1952 4647 82 45 and
2078 4648 115 49 Son's
2241 4654 221 55 Eucalypti

2019 4701 184 48 Extract.

1767 4749 59 42 (bt.
1850 4749 89 35 Lous
1962 4751 138 37 Clinical
2116 4757 137 41 Record,
2277 4763 76 33 Jan.
2379 4767 92 38 1882)

1718 4795 193 39 —Hazard,
1937 4797 89 32 M.D.
2051 4800 84 34 Prof,
2161 4803 37 33 of
2216 4805 184 48 Pathology
2422 4812 65 36 and

1725 4840 151 35 Diseases
1900 4842 36 34 of
1954 4843 56 36 the
2036 4846 103 44 Mind,
2172 4861 120 28 states:
2320 4857 58 34 We
2403 4859 83 35 have

1725 4888 173 31 examined
1919 4889 73 33 half
2010 4902 18 21 a
2045 4894 102 33 dozen
2165 4900 183 39 specimens
2365 4903 36 33 of
2419 4905 44 34 Eu-

1725 4931 121 44 calypti
1857 4933 147 36 Extract.
2035 4937 154 39 Sander's
2198 4948 210 41 preparation
2421 4962 67 24 was

1721 4980 60 30 Alie
1825 4980 78 41 only
1945 4992 61 22 one
2044 4985 109 34 which
2198 4995 214 40 corresponds
2455 5001 32 32 to

1725 5024 159 33 scientific
1900 5028 90 32 tests.

1767 5069 69 32 Our
1860 5075 211 38 preparation
2100 5078 28 32 is
2158 5079 55 34 the
2243 5083 80 44 only
2349 5085 139 37 existing

1727 5113 131 37 volatile
1881 5123 136 38 extract,
2041 5121 65 37 free
2123 5125 35 34 of
2177 5127 42 33 all
2243 5130 149 36 resinous
2415 5146 53 31 par-

1726 5162 101 31 ticles.
1881 5165 54 31 All
1971 5167 95 33 other
2101 5176 226 38 preparations
2365 5178 35 32 of
2433 5181 54 33 the

1726 5206 217 46 Eucalyptus,
1970 5221 42 25 no
2038 5219 120 31 matter
2190 5231 106 23 wnere
2321 5228 146 32 manufac-

1726 5254 108 38 tured,
1858 5267 54 20 are
1929 5257 111 40 crude,
2056 5263 149 33 resinous
2228 5266 72 39 oils,
2324 5268 166 36 irritating

1728 5299 64 32 and
1817 5299 181 47 blistering,
2022 5306 111 35 rather
2148 5312 137 44 causing
2301 5300 187 53 inflamma*

1723 5351 73 26 lion
1820 5347 82 32 than
1926 5353 133 40 staying
2080 5353 36 40 it,
2133 5356 66 33 and
2222 5358 36 33 of
2276 5360 66 33 real
2368 5362 122 37 danger

1727 5391 24 32 it
1774 5393 193 47 errcnously
1990 5397 131 47 applied
2144 5402 34 35 in
2201 5403 110 38 throat
2335 5393 153 58 diseais,

1728 5445 54 26 (See.

1770 5482 51 34 No
1849 5483 118 37 bottles
1989 5489 143 41 genuine
2153 5499 113 41 except
2288 5498 94 37 those
2409 5502 80 35 with

1728 5532 70 30 labe
1815 5543 14 19 s
1857 5532 135 42 bearing
2018 5546 60 22 our
2103 5540 168 41 signature
2302 5546 66 33 and
2399 5550 91 32 trade

1728 5577 107 37 maik,
1865 5577 66 33 and
1954 5582 135 34 secured
2112 5587 128 36 outside
2264 5591 79 35 with
2367 5605 19 22 a
2412 5595 80 41 pink

1730 5631 147 32 wrapper
1914 5625 66 32 and
2015 5638 99 28 green
2159 5633 99 42 ban*,
2302 5638 56 33 the
2396 5640 96 35 latter

1732 5670 133 40 healing
1882 5680 58 23 our
1957 5671 138 38 location
2113 5680 65 34 and
2196 5681 177 44 signature.

1769 5724 189 36 Directions
1975 5736 47 26 lor
2037 5742 57 24 use
2109 5734 80 36 with
2207 5739 79 35 each
2304 5741 111 37 bottle.

1752 5817 287 37 BANDER
2090 5826 137 37 AND
2278 5832 193 41 SONS'

1925 5864 197 48 Sandhurst,
2140 5873 156 40 Victoria.

1787 5954 292 42 DUNCAN
2146 5967 155 39 M'LE
2325 5976 107 42 AN,

1938 6018 117 44 Agent,
2070 6021 216 46 Grejmouth.

2603 261 99 36 TIIE
2729 260 164 40 STAMP
2920 267 104 46 ACT,
3055 271 101 37 1875.

2502 373 57 71 Q
2570 374 486 47 AUTlON.—Transferors
3071 387 70 37 and
3152 392 103 37 trans

2612 428 53 37 fer
2686 430 70 37 fees
2774 431 36 37 in
2825 432 80 49 gold
2926 434 137 51 mining
3072 440 70 37 and
3156 442 103 39 other

2499 480 202 49 companies
2731 484 70 37 and
2834 485 167 39 societies
3031 503 60 24 are
3120 496 138 38 warned

2499 534 135 40 iitjsiii.st
2663 537 190 48 executing
2883 553 64 34 any
2989 549 216 36 instrument
3224 552 38 35 of

2498 586 70 35 sale
2589 599 38 22 or
2648 589 153 38 transfer
2821 595 118 34 unless
2956 594 59 39 the
3029 609 101 24 name
3146 605 33 31 of
3199 601 59 38 the

2501 640 189 45 purchaser
2726 655 37 23 or
2800 646 199 39 transferee
3039 649 29 36 is
3102 653 155 38 inserted

2499 691 136 37 therein
2671 699 38 30 at
2745 708 40 23 or
2817 698 118 37 before
2970 699 61 38 the
3069 715 186 29 execution

2669 759 18 23 a
2709 749 185 38 maximum
2929 755 143 42 penalty
3093 761 37 31 of
3156 760 102 35 £IOO

2501 801 106 30 under
2655 801 134 37 section
2833 804 77 44 103,
2956 806 102 49 being
3093 809 162 40 incurred

2499 851 158 45 thei'cby.
2709 853 80 49 Any
2806 856 83 36 juoh
2905 858 5 34 i
2919 864 180 34 nstrumen
3108 868 24 31 t.
3148 876 84 25 more-

2500 915 94 29 ovrr,
2615 917 36 21 so
2668 903 121 47 signed
2811 907 28 36 is
2870 912 200 46 absolutely
3091 916 78 35 void
3190 919 67 35 and

2500 955 230 46 inoper.uive,
2761 959 66 35 and
2857 961 83 36 does
2968 969 63 30 not
3050 965 117 39 divest
3199 969 60 37 the

2502 1011 193 34 Irai.sleror
2715 1010 37 36 of
2785 1012 50 36 his
2852 1013 149 38 interest
3022 1018 150 45 therein,
3191 1025 67 33 and

2502 1059 41 35 he
2563 1062 148 35 remains
2731 1062 104 39 liable
2857 1066 144 38 thereon
3022 1082 37 24 as
3079 1070 28 37 if
3134 1072 40 37 he
3194 1073 64 40 had

2504 1125 102 24 never
2627 1114 164 48 disposed
2811 1122 32 31 of
2879 1119 58 36 the
2959 1136 105 21 same.
3132 1125 33 34 It
3201 1129 58 33 the

2502 1167 196 34 transferor
2731 1168 40 35 be
2791 1182 19 22 a
2843 1169 155 39 licensed
3025 1173 237 42 sharebroker

2504 1215 49 35 his
2574 1216 128 39 license
2738 1219 28 38 is
2798 1221 167 39 forfeited
2997 1239 44 23 oti
3062 1229 200 39 conviction

2502 1272 64 31 and
2589 1270 189 37 thereafter
2809 1274 41 34 he
2869 1276 28 33 is
2927 1277 219 46 disqualified
3178 1281 88 38 from

2502 1320 119 41 acting
2653 1335 36 22 as
2724 1336 18 23 a.
2763 1324 128 37 broker
2911 1339 38 24 or
2981 1332 85 34 from
3105 1331 123 39 haviao
3251 1350 17 22 a

2505 1373 91 35 tresh
2620 1373 129 39 iicense
2763 1376 116 38 issued
2901 1385 34 30 to
2954 1381 78 38 him.

2601 1501 300 45 POSTAGE
2952 1512 221 42 KATES.

2730 1650 107 27 TOWH
2866 1653 174 31 LETTERS.

2552 1687 133 40 Posted
2716 1698 38 31 at
2782 1707 68 34 any
2884 1696 84 37 Post
3003 1699 109 38 Office
3149 1703 122 39 within

2505 1750 60 37 the
2584 1753 125 49 colony
2728 1755 54 37 for
2802 1755 154 54 delivery
2974 1765 35 34 at
3029 1775 37 24 or
3081 1762 87 42 from
3185 1769 86 38 sueh

2509 1813 83 36 Post
2615 1816 111 37 Office
2747 1832 56 21 :—•

2509 1878 70 41 Not
2598 1884 192 51 exceeding
2808 1887 73 39 balf
2898 1904 44 24 an
2962 1905 114 28 ounce
3140 1929 36 8 ...
3233 1903 42 35 Id

2514 1935 197 49 Exceeding
2730 1939 74 37 half
2818 1954 44 24 an
2882 1955 123 37 ounce,
3038 1949 62 38 but
3119 1956 63 32 not

2554 1991 193 44 exceeding
2766 2006 67 24 one
2853 2009 113 24 ounce
3141 2034 34 7 ...
3231 2008 47 35 2d

2512 2039 36 36 K
2562 2053 15 24 r
2596 2053 104 40 every
2722 2043 72 41 halt
2813 2058 112 30 ounce
2944 2062 82 28 over
3045 2067 67 26 one
3142 2089 37 7 ...
3234 2061 43 37 Id

2704 2124 175 29 COUNTRY
2898 2129 176 32 LETTERS.

2558 2161 126 41 Posted
2705 2173 37 30 at
2759 2180 70 36 any
2858 2175 81 41 post
2956 2173 99 38 office
3075 2178 121 38 within
3218 2181 60 39 the

2509 2226 123 50 colony
2670 2229 53 37 for
2758 2230 161 52 delivery
2949 2241 38 31 at
3017 2250 41 25 or
3090 2241 89 38 from
3212 2257 67 38 any

2509 2289 102 38 other
2625 2298 79 42 post
2717 2293 100 39 office
2839 2296 121 41 within
2982 2300 59 39 the
3059 2306 127 50 coleny

2514 2359 71 35 Not
2604 2364 193 45 exceeding
2815 2364 77 37 half
2906 2380 43 24 an
2970 2382 115 26 ounce
3143 2405 22 9 ..
3233 2378 43 37 2d

2516 2411 196 51 Exceeding
2732 2415 73 38 half
2820 2430 44 24 an
2883 2433 125 36 ounce,
3027 2423 64 39 but
3120 2432 64 32 not

2556 2467 193 49 exceeding
2764 2481 66 26 one
2848 2482 115 28 ounce
3143 2511 36 8 ...
3232 2484 47 36 4^

2512 2516 68 36 For
2615 2531 104 35 every
2748 2519 77 39 half
2855 2535 115 28 ounce
2998 2540 85 26 over
3119 2543 67 28 one

2558 2582 114 27 ounce
2766 2606 36 9 ...
2954 2611 37 7 ...
3142 2616 37 8 ...
3233 2589 45 36 2d

2664 2663 236 32 AUSTRALIAN
2928 2669 198 33 COLONIES.

2516 2723 71 36 Not
2606 2728 192 48 exceeding
2818 2728 75 40 half
2913 2745 46 25 an
2979 2747 113 28 ounce
3144 2771 37 9 ...
3234 2744 47 38 2d

2516 2775 198 52 Exceeding
2732 2780 76 38 half
2834 2796 44 24 an
2897 2797 124 37 ounce,
3043 2790 63 37 but
3124 2797 64 33 not

2559 2834 193 46 exceeding
2770 2848 67 25 one
2857 2850 112 27 ounce
3146 2877 35 8 ...
3235 2850 48 38 4^

2516 2881 67 36 For
2618 2898 101 33 every
2751 2886 75 37 half
2858 2902 114 24 ounce
3007 2905 84 25 ever
3123 2909 67 25 one

2542 3026 172 29 ENGLAND
2740 3030 77 27 AND
2843 3032 170 30 FOREIGN
3031 3037 223 34 COUNTRIES.

2726 3104 69 36 Per
2814 3106 93 36 Half
2936 3108 141 41 Ounce.

2521 3151 130 39 Unite*!
2676 3154 190 50 Kingdom,
2898 3159 56 39 via
2982 3163 70 37 San
3078 3164 91 40 Fran-

2562 3206 93 36 cisco
2674 3206 68 38 and
2770 3210 90 37 Suez
3148 3245 40 11 ...

2521 3257 129 38 United
2689 3265 118 34 states
2842 3263 39 37 of
2921 3265 177 52 Anerica,
3139 3272 55 40 via

2563 3311 68 36 San
2653 3312 195 41 Francisco
3152 3357 38 9 <tt
3243 3331 46 39 0^

2517 3363 183 41 Sandwich
2719 3366 154 52 Islands,
2903 3372 53 40 via
2991 3373 70 41 San
3080 3376 91 42 Fran-

2563 3430 94 23 clstco
2959 3456 36 9 ...

2518 3467 179 40 Canadian
2742 3471 226 54 Dominions,
3011 3479 56 39 via
3123 3483 71 41 San

2564 3521 195 40 Francisco
2960 3562 36 8 ...
3242 3542 43 19 oj

2520 3573 130 37 British
2673 3575 189 42 Columbia
2959 3613 37 10 ...
3180 3569 7 9 '
3253 3596 35 20 1-

2519 3626 103 36 West
2641 3626 122 41 Indies
2957 3667 35 9 ...

2517 3678 153 45 Mexico,
2690 3681 53 35 via
2759 3683 68 36 San
2849 3685 195 41 Fraacis-co
3247 3701 13 34 j
3272 3712 16 23 s

2517 3730 146 37 Central
2688 3733 164 42 America

2517 3784 110 38 South
2648 3786 174 49 Awerica,
2839 3790 56 39 vi*
2909 3791 69 40 San
2995 3794 193 47 Francisco
3249 3807 38 39 lg

2772 3872 262 33 SEWSPA.PER3.

2521 3923 127 41 Posted
2684 3939 18 26 a
2751 3942 69 35 any
2851 3931 100 42 office
2983 3935 126 44 within
3137 3944 62 37 tlie

2563 3981 124 48 colony
2705 3989 58 30 lor
2781 3984 157 53 delivery
2956 3993 38 33 at
3020 3991 61 38 the
3099 4006 97 29 same

2563 4031 101 39 office
2962 4074 35 7 i>t
3150 4075 9 8 #
3181 4076 10 9 #

2523 4085 125 37 Posted
2680 4090 38 33 at
2747 4101 70 38 any
2848 4091 101 41 office
2979 4095 127 41 within
3132 4100 86 41 tW
3241 4079 18 20 *

2563 4138 125 51 colony
2709 4140 54 38 for
2782 4142 155 53 delivery
2956 4153 38 33 at
3008 4161 68 39 any
3093 4151 105 42 other

2565 4190 98 40 office
2683 4194 120 39 within
2823 4196 60 39 the
2901 4201 130 49 colony

2520 4243 206 40 Australian
2745 4247 169 41 Colonies

2521 4295 134 37 United
2676 4298 186 46 Kingdom
3152 4341 7 7 .
3244 4315 44 37 2d

2706 4375 69 40 Vi*
2794 4379 70 38 San
2891 4381 210 46 Francisco.

2519 4436 134 40 United
2676 4439 120 41 States
2816 4445 35 36 of
2868 4445 170 43 America
3155 4487 36 9 ...
3246 4460 46 37 id

2520 4492 184 38 Sandwich
2723 4494 144 41 Islands
3246 4514 46 37 2d

2521 4542 181 42 Canadian
2722 4548 215 43 Dominions
3156 4593 36 9 ...
3244 4567 48 36 2d

2526 4596 130 36 British
2679 4600 190 40 Columbia
3246 4617 43 23 oj

2526 4647 99 38 West
2644 4648 126 42 Indies
3152 4645 10 8 *
3245 4672 47 35 2d

2522 4700 145 38 Mexico
3246 4723 46 37 2^

2523 4753 146 36 Central
2690 4757 165 39 America
3246 4774 46 36 2d

2522 4803 114 40 South
2656 4808 189 44 Amerriea
3247 4829 46 37 2d

2503 4892 1 35 .
2758 4892 102 28 BOOK
2886 4896 168 31 PACKETS

2527 4949 128 39 Posted
2686 4957 37 32 at
2751 4967 69 38 any
2852 4960 97 38 otiice
2982 4967 125 36 withm
3136 4968 65 38 the

2570 5004 125 50 colony
2716 5006 55 39 for
2789 5010 156 49 delivery
2963 5021 37 31 at
3017 5017 62 37 the
3094 5033 107 32 same,

2571 5056 122 37 within
2730 5059 62 37 the
2827 5063 139 50 colony,
3003 5067 61 38 the
3107 5071 72 38 Aus-

2570 5108 128 40 tralian
2904 5131 39 23 or
2972 5120 62 37 tire
3066 5122 137 40 United

2572 5160 183 46 Kingdom
2855 5196 37 11 ...
2995 5173 17 36 i
3020 5184 39 26 oz
3160 5208 36 9 _
3251 5181 43 38 y

2855 5249 36 8 ...
2989 5226 69 33 2on
3159 5258 6 8 .
3250 5235 44 35 2d

2618 5264 58 73 [>°
2856 5301 37 10 •••
2994 5275 63 44 ilb
3158 5311 37 11 ...
3248 5285 46 38 4d

2530 5366 22 20 p
2748 5371 8 9 •
2780 5372 6 9 .
2998 5329 59 37 Ub
3158 5365 37 9 •••

2528 5371 112 47 livery
2676 5371 195 46 additional
2899 5381 135 49 pound,
3050 5398 41 24 or
3109 5385 77 42 frac-

2571 5425 113 36 tional
2700 5433 80 40 part
2798 5431 37 33 of
2852 5444 19 22 a
2892 5435 123 43 pound
3163 5471 36 11 t#t

2506 5510 3 48 j
2728 5513 66 31 Via
2813 5510 70 37 San
2904 5511 207 45 Francisco..

2528 5574 133 42 United
2698 5579 132 48 States,
2862 5600 106 37 every
3006 5591 59 43 Jib
3167 5627 35 8 ...
3250 5603 44 35 44

2527 5631 184 39 Sandwich
2734 5635 138 42 Islands
3017 5674 19 18 „
3165 5627 23 62 f
3255 5654 39 37 4^

2528 5682 179 42 Canadian
2728 5689 215 42 Dominions
3257 5708 22 32 6
3289 5707 5 18 ;

2530 5733 132 41 British
2686 5740 190 43 Columbia

2531 5787 103 40 West
2653 5791 128 40 Indies
3276 5773 18 57 1
