2550 3989
664 2522 89 63 New
783 2522 209 63 Zealand
1022 2522 239 63 Gazette.

716 2585 69 23 AND
799 2586 215 23 WELLINGTON
1030 2587 184 24 SPECTATOR.

763 2639 158 28 Wednesday,
937 2641 110 22 October
1060 2642 34 25 20,
1112 2642 60 22 1841.

1289 113 89 31 lington
1401 113 125 31 Spectator
1548 121 51 16 was,
1614 112 89 24 toasted
1726 111 49 24 with
1797 120 16 15 a
1832 111 45 24 full

1289 147 68 23 share
1369 146 26 24 of
1414 146 60 31 good
1493 146 94 31 feeling.
1628 144 57 26 Had
1702 153 36 15 we
1753 144 55 24 been
1825 149 52 19 out-

1289 181 83 29 raging
1405 179 79 31 public
1514 180 92 30 opinion
1637 179 25 23 in
1675 183 3 4 '
1687 177 40 24 the
1748 177 67 31 place,
1842 185 35 16 we

1289 212 57 24 have
1358 220 29 15 no
1405 212 72 23 doubt
1495 212 50 23 that
1563 211 146 32 opportunity
1728 210 70 24 would
1820 210 57 24 have

1289 245 58 23 been
1359 244 72 24 taken
1443 249 23 19 to
1484 244 68 24 make
1571 252 29 16 us
1620 251 72 17 aware
1713 243 26 23 of
1759 243 39 24 the
1821 243 56 24 fact.

1291 278 43 24 We
1343 278 59 24 have
1413 285 31 16 no
1454 278 89 31 private
1553 278 97 30 feelings
1663 280 22 19 to
1696 276 86 31 gratify,
1791 276 46 24 and
1845 284 34 15 we

1290 319 41 15 use
1343 311 38 23 the
1392 318 73 24 paper
1477 315 23 19 to
1512 310 38 24 the
1562 311 51 23 best
1624 311 25 23 of
1665 317 41 16 our
1718 309 74 31 ability
1804 314 24 18 to
1840 309 39 23 the

1290 344 126 30 advantage
1421 344 27 23 of
1456 344 59 23 Port
1522 343 134 25 Nicholson.
1692 342 51 24 The
1752 350 58 16 more
1818 342 62 23 often

1289 384 34 16 we
1336 377 78 23 reflect
1423 384 63 24 upon
1496 375 101 33 Captain
1609 375 120 25 Hobson's
1746 375 53 24 New
1819 375 60 24 Zea-

1289 409 55 24 land
1352 417 85 21 career,
1451 410 38 23 the
1498 414 105 26 stronger
1609 409 101 31 grounds
1717 408 35 23 for
1757 408 122 23 condemn-

1289 443 42 30 ing
1341 442 56 29 him,
1414 450 96 24 appears
1522 447 23 19 to
1556 450 29 16 us
1593 451 6 20 ;
1619 442 44 24 and
1675 449 32 16 we
1717 449 37 16 are
1761 449 54 16 sure
1823 441 57 23 such

1290 480 65 19 must
1365 476 29 23 be
1406 476 40 23 the
1456 476 87 31 feeling
1555 476 26 23 of
1595 482 67 25 every
1673 482 55 16 man
1738 474 44 24 wlio
1801 474 79 24 thinks

1290 508 112 31 uponthe
1413 508 100 31 subject.

1325 548 52 24 The
1386 548 119 32 following
1517 553 87 19 extract
1615 550 19 22 is
1644 558 15 15 a
1665 548 133 31 description
1807 548 25 24 of
1842 547 39 24 the

1291 586 59 19 state
1364 582 25 23 of
1398 582 64 23 mind
1482 582 26 23 of
1522 582 39 23 the
1579 582 81 32 people
1677 581 63 29 here,
1757 581 52 29 and,
1830 586 24 18 to
1867 589 14 15 a

1291 616 86 22 certain
1388 619 89 24 extent,
1489 616 19 22 it
1519 616 19 22 is
1549 620 94 19 correct.
1679 614 49 24 But
1736 622 26 16 we
1772 614 109 24 attribute

1290 647 46 24 this
1357 649 94 29 anxiety
1461 649 26 22 in
1505 656 15 15 a
1538 653 66 26 great
1623 655 95 17 manner
1738 651 18 20 to
1766 647 40 24 the
1819 651 70 24 utte.r..

1291 680 118 32 disregard
1432 681 99 32 Captain
1557 681 99 23 Hobson
1682 680 86 23 showel
1790 685 24 18 to
1839 688 42 15 our

1291 713 61 24 titles
1364 718 23 19 to
1399 714 63 23 land.
1500 713 57 24 Had
1573 714 29 23 he
1613 713 54 31 paid
1684 720 27 16 us
1725 721 14 15 a
1749 713 50 23 visit
1816 718 24 18 at
1851 720 31 16 an

1291 747 63 30 early
1376 747 89 31 period,
1484 746 45 24 and
1545 747 92 23 showed
1654 753 28 16 us
1702 746 116 31 sympathy
1835 746 46 23 and

1291 780 61 30 good
1362 779 94 32 feeling,
1477 779 40 24 the
1534 780 81 32 people
1626 779 76 24 would
1719 783 37 19 not
1771 784 38 18 act
1826 778 55 24 with

1290 821 25 15 so
1327 813 70 23 much
1409 813 72 24 doubt
1494 813 45 24 and
1556 814 151 29 uncertainty.
1745 812 47 23 One
1805 812 25 23 of
1840 820 41 15 our

1289 850 62 20 most
1362 847 90 23 serious
1460 845 97 32 charges
1569 847 91 30 against
1671 845 57 29 him,
1747 845 13 23 is
1775 845 37 23 his
1823 845 58 23 hav-

1290 880 41 30 ing
1338 879 59 24 been
1410 879 128 31 recklessly
1548 880 40 23 the
1600 886 67 17 cause
1679 878 25 23 of
1713 886 26 15 so
1750 878 65 25 much
1826 879 55 30 pain

1291 912 45 24 and
1346 913 107 23 needless
1466 913 102 30 anxiety.
1604 912 68 24 Even
1682 919 60 21 now,
1755 911 35 24 the
1801 911 79 24 Auck-

1291 945 55 24 land
1355 945 116 24 Herald's
1483 946 177 31 correspondent
1677 945 56 23 tries
1752 948 17 20 to
1781 944 74 24 throw
1869 953 13 14 a

1291 978 71 24 doubt
1380 986 64 24 upon
1456 987 42 15 our
1521 979 70 29 titles,
1615 977 95 25 without
1735 979 99 30 question
1857 982 24 19 to

1289 1012 52 30 give
1364 1020 27 15 us
1404 1012 50 23 that
1475 1020 124 16 assurance
1609 1011 74 25 which
1695 1019 33 16 we
1747 1019 32 16 are
1792 1010 50 25 said
1858 1016 23 19 to

1290 1045 61 23 lack.

1321 1086 49 22 The
1385 1089 66 24 great
1465 1087 58 21 fault
1538 1087 27 22 of
1576 1087 37 22 the
1628 1086 79 29 people
1721 1085 55 28 here,
1787 1086 20 22 is
1823 1085 58 23 their

1293 1117 62 18 want
1365 1113 26 22 of
1402 1113 124 23 steadiness
1533 1122 5 13 :
1554 1113 52 28 they
1615 1122 37 14 are
1670 1113 81 27 always
1757 1113 22 22 in
1797 1120 14 15 a
1825 1116 56 18 state

1291 1140 26 22 of
1334 1140 98 22 feverish
1451 1141 139 21 excitement
1597 1148 5 14 :
1618 1141 38 21 the
1673 1139 96 27 slightest
1785 1140 96 22 circum-

1291 1170 77 19 stance
1378 1167 83 21 throws
1470 1167 62 22 them
1541 1167 50 22 into
1599 1175 13 14 a
1622 1166 142 24 commotion:
1776 1167 55 26 they
1837 1174 44 14 run

1291 1197 22 18 to
1324 1194 46 21 and
1379 1194 36 22 fro
1432 1194 85 27 always
1533 1194 93 27 looking
1642 1193 85 23 abroad
1743 1193 28 21 for
1785 1193 66 28 help:

1291 1220 53 27 they
1355 1223 61 19 want
1426 1221 99 21 reliance
1533 1228 29 14 on
1574 1219 133 24 themselves
1715 1219 42 23 and
1764 1219 59 22 their
1831 1228 50 14 own

1291 1254 115 15 resources
1415 1254 5 14 :
1444 1247 54 34 they
1515 1247 89 28 depend
1622 1251 36 19 too
1672 1246 70 22 much
1754 1253 66 20 upon,
1835 1247 46 22 and

1291 1274 167 22 over-estimate
1477 1274 37 22 the
1533 1274 113 23 influence
1666 1274 25 21 of
1711 1273 39 22 the
1761 1273 120 28 Company

1291 1301 53 21 with
1354 1301 38 21 the
1404 1301 158 21 Government
1571 1304 23 18 at
1603 1302 74 20 home.

1323 1339 108 24 Another
1450 1344 88 19 extract
1558 1339 83 24 relates
1665 1343 22 19 to
1699 1339 39 23 the
1755 1339 125 31 Company,

1289 1372 77 24 whose
1383 1373 65 24 slave
1465 1372 47 24 this
1524 1373 110 24 veritable
1651 1372 77 23 writer
1740 1372 95 23 declares
1853 1381 27 15 us

1291 1410 23 19 to
1324 1406 38 29 be,
1376 1405 89 32 though
1482 1406 30 24 he
1524 1406 75 24 would
1616 1405 49 25 find
1681 1406 19 22 it
1711 1413 26 15 as
1753 1405 93 24 difficult
1858 1411 22 19 to

1291 1439 153 24 substantiate
1461 1440 47 23 this
1527 1448 25 15 as
1571 1445 59 18 most
1642 1438 26 26 of
1682 1438 37 24 his
1737 1438 59 24 other
1809 1444 71 19 state-

1290 1477 84 19 ments.
1413 1473 43 23 We
1475 1477 96 28 support
1590 1473 37 24 the
1642 1473 120 30 Company,
1782 1472 98 24 because

1290 1513 34 16 we
1343 1506 89 24 believe
1456 1506 55 32 they
1522 1506 58 24 have
1603 1507 59 23 been
1683 1505 88 24 faithful
1795 1510 23 19 to
1842 1506 38 23 the

1291 1539 139 30 settlement,
1449 1540 46 23 and
1506 1540 46 23 will
1569 1545 39 26 yet
1625 1539 108 25 convince
1751 1547 53 15 even
1822 1539 58 24 their

1291 1578 127 26 opponents
1433 1573 26 22 of
1475 1573 39 23 the
1533 1574 60 30 good
1613 1573 54 32 they
1688 1580 42 15 can
1742 1572 76 24 render
1830 1577 23 19 to
1868 1581 12 15 a

1291 1605 97 32 Colony.
1419 1605 77 24 When
1504 1607 46 23 will
1564 1607 38 23 the
1610 1605 126 25 Auckland
1745 1605 135 25 Goverment

1292 1639 77 23 devise
1380 1647 14 16 a
1405 1639 55 31 plan
1475 1639 32 31 by
1522 1640 73 23 which
1611 1639 103 30 monthly
1731 1640 149 23 communica-

1289 1673 49 22 tion
1345 1672 47 24 will
1402 1673 30 23 be
1439 1673 101 31 brought
1547 1673 69 24 about
1626 1673 104 24 between
1738 1672 32 24 the
1778 1672 102 24 Thames

1289 1706 47 23 and
1347 1705 75 24 South
1434 1706 110 23 America
1552 1707 10 22 ?

1316 1744 49 22 The
1374 1745 87 24 Arrow,
1474 1745 153 27 ninety-three
1638 1745 55 26 days
1703 1743 53 23 from
1765 1743 114 29 England,

1289 1770 98 29 brought
1397 1775 42 18 out
1454 1772 39 21 the
1511 1772 135 27 Company's
1656 1771 6 10 '
1672 1772 68 20 Third
1747 1772 90 26 Report,'
1868 1780 12 14 a

1290 1798 123 22 document
1427 1799 50 22 well
1495 1799 70 21 worth
1582 1797 95 29 perusal.
1706 1799 47 21 The
1762 1799 118 27 Company

1289 1832 51 14 now
1350 1832 65 15 come
1424 1826 77 21 before
1512 1826 37 21 the
1559 1826 74 27 public
1648 1832 24 15 as
1689 1832 14 14 a
1718 1825 84 28 trading
1812 1826 67 27 body.

1289 1851 49 22 The
1348 1853 69 20 much
1427 1853 99 21 vaunted
1541 1853 92 26 uniform
1639 1853 62 27 price
1714 1854 71 25 system
1801 1853 20 21 is
1835 1853 45 22 for-

1291 1879 68 26 mally
1370 1879 142 27 abandoned,
1522 1880 46 21 and
1576 1880 29 27 by
1612 1887 13 14 a
1635 1879 89 23 curious
1733 1880 146 27 coincidence,

1291 1905 36 22 the
1339 1906 52 27 plan
1404 1906 73 22 which
1487 1906 41 22 has
1536 1907 59 22 been
1611 1906 99 28 pursued
1722 1910 24 18 at
1754 1906 124 27 Auckland,

1289 1932 30 27 by
1330 1932 38 22 the
1378 1933 127 27 Governor,
1515 1934 23 21 in
1555 1933 39 22 the
1609 1933 96 29 disposal
1724 1934 26 21 of
1759 1938 61 17 town
1834 1934 46 21 and

1290 1959 113 22 suburban
1411 1960 136 25 allotments,
1554 1960 21 21 is
1583 1960 112 25 distinctly
1702 1960 177 22 recommended.

1324 1994 52 24 The
1388 1995 120 31 Company
1525 1995 49 24 still
1592 1994 96 25 contend
1697 1995 50 23 that
1764 1995 41 23 the
1829 1996 50 23 Go-

1290 2033 121 19 vernment
1429 2028 83 24 should
1528 2030 109 23 maintain
1655 2035 30 16 an
1702 2029 94 23 uniform
1808 2029 70 31 price,

1290 2061 45 23 and
1354 2061 64 24 Lord
1429 2061 62 24 John
1510 2062 94 24 Russell
1622 2062 42 24 has
1676 2061 91 32 adoptei
1785 2062 40 23 the
1841 2070 37 15 re-

1291 2095 190 29 commendation,
1496 2103 25 16 so
1533 2096 35 23 far
1587 2104 23 15 as
1623 2096 39 23 the
1679 2096 134 30 Company's
1825 2103 54 24 pro-

1291 2128 106 31 ceedings
1417 2136 38 16 are
1472 2129 134 24 concerned.
1642 2129 48 24 But
1708 2129 40 23 the
1754 2124 125 36 .Company

1290 2169 69 16 never
1371 2162 141 24 maintained
1523 2162 50 23 that
1587 2162 137 24 individuals
1736 2162 40 23 and
1788 2162 92 31 trading

1289 2194 80 24 bodies
1378 2195 83 23 should
1477 2204 85 23 pursue
1576 2196 37 24 the
1623 2196 47 24 like
1682 2203 81 16 course.
1803 2195 76 25 While

1291 2227 37 24 the
1342 2228 121 32 Company
1477 2237 59 16 were
1550 2230 25 22 in
1587 2230 38 23 the
1635 2230 101 31 position
1748 2229 20 23 of
1777 2228 39 25 the
1829 2229 49 24 Go-

1291 2266 120 19 vernment
1427 2261 63 30 here,
1512 2262 54 31 they
1586 2263 64 23 acted
1668 2270 25 16 as
1711 2262 49 31 they
1780 2262 100 32 thought

1291 2294 38 23 the
1351 2294 159 25 Government
1528 2296 83 23 should
1628 2300 44 20 act.
1709 2296 45 23 But
1768 2295 55 32 they
1841 2304 38 16 are

1291 2335 50 15 now
1362 2336 14 14 a
1395 2328 93 31 trading
1505 2329 68 31 body,
1590 2330 55 23 with
1663 2333 65 27 great
1744 2334 101 27 prospect
1857 2330 26 23 of

1290 2361 64 31 large
1364 2362 90 30 profits,
1467 2362 54 32 only
1533 2367 23 19 to
1568 2363 29 24 be
1608 2362 114 30 obtained,
1733 2362 108 30 however,
1854 2371 25 16 as

1291 2394 52 31 they
1367 2394 81 31 know,
1471 2395 32 32 by
1523 2396 111 32 fostering
1653 2395 58 25 their
1731 2395 146 25 settlements.

1291 2427 43 24 We
1347 2428 106 24 consider
1463 2428 52 24 that
1526 2430 39 23 the
1585 2430 117 31 Company
1712 2437 47 24 may
1773 2429 51 24 deal
1840 2434 40 19 out

1291 2460 59 24 their
1361 2461 67 23 lands
1441 2466 23 19 at
1481 2462 64 31 large
1563 2464 74 30 prices
1649 2468 23 19 to
1684 2471 42 15 our
1737 2463 84 23 mutual
1837 2463 42 23 ad-

1291 2498 104 27 vantage.
1432 2494 48 25 Let
1498 2495 70 30 them,
1581 2496 35 24 for
1630 2497 112 28 instance,
1756 2501 123 27 guarantee

1291 2535 12 15 a
1314 2528 61 30 good
1380 2528 57 23 road
1445 2533 23 19 to
1478 2536 69 24 every
1555 2530 73 23 man's
1638 2530 62 28 door,
1709 2529 44 24 and
1759 2529 56 32 they
1826 2538 53 23 may

1291 2560 82 24 double
1383 2561 40 24 the
1435 2562 63 31 price
1511 2567 24 18 at
1546 2562 73 24 which
1629 2563 54 30 they
1691 2571 38 15 are
1739 2571 44 15 now
1796 2563 84 31 selling

1291 2594 61 24 land.
1388 2594 48 24 Let
1453 2595 64 23 them
1533 2596 94 31 provide
1645 2605 14 15 a
1676 2595 67 24 Loan
1754 2596 123 32 Company,

1291 2627 54 26 wUh
1368 2628 76 31 ample
1463 2636 80 16 means
1563 2629 45 24 and
1624 2628 80 25 liberal
1724 2637 91 23 powers,
1834 2630 45 23 and

1291 2661 54 31 they
1355 2669 54 23 may
1421 2661 44 23 add
1478 2664 33 22 50
1520 2670 41 23 per
1573 2667 58 19 cent,
1639 2670 64 16 more
1715 2667 24 18 to
1750 2661 33 24 tlie
1795 2663 84 31 selling

1291 2695 70 30 price.
1396 2694 68 23 With
1475 2695 65 23 these
1552 2696 57 28 aids,
1622 2695 53 24 land
1686 2699 24 19 at
1721 2696 34 23 3
1764 2695 77 24 would
1849 2696 30 23 be

1292 2728 96 31 cheaper
1400 2727 57 24 than
1468 2729 20 22 it
1503 2729 21 23 is
1541 2736 53 16 now
1612 2735 23 17 at
1654 2729 35 24 1
1711 2736 41 24 per
1759 2736 60 16 acre.
1856 2729 26 24 If

1291 2761 54 23 land
1356 2769 60 15 were
1430 2769 24 15 so
1468 2761 123 30 advanced,
1606 2762 43 23 and
1661 2762 38 23 the
1712 2762 115 32 Company
1838 2771 41 23 ap-

1291 2794 131 31 propriated
1434 2802 43 16 one
1489 2795 51 23 half
1555 2795 39 24 the
1605 2800 93 20 amount
1709 2799 23 19 to
1745 2796 69 29 roads,
1828 2804 51 16 sur-

1293 2835 62 23 veys,
1376 2828 93 30 general
1488 2836 120 24 expences,
1627 2828 45 25 and
1693 2829 121 29 dividends,
1834 2830 46 23 and

1292 2860 39 24 the
1354 2861 66 23 other
1443 2861 50 24 half
1513 2867 23 18 to
1556 2862 131 31 furnishing
1705 2862 48 24 free
1769 2870 111 24 passages

1291 2895 59 22 from
1373 2894 103 32 Europe,
1500 2895 55 32 they
1578 2896 73 24 would
1680 2896 135 31 accomplish
1836 2901 44 19 two

1291 2932 66 26 great
1383 2936 124 23 purposes.
1555 2929 67 32 They
1649 2929 83 29 would,
1757 2934 23 19 at
1809 2930 72 31 thirty

1291 2961 107 31 shillings
1416 2969 44 23 per,
1470 2970 59 21 acre,
1541 2962 91 25 furnish
1644 2970 28 17 us
1683 2962 56 24 with
1751 2962 78 25 double
1841 2964 39 23 the

1291 2995 158 30 immigration
1458 2996 59 23 fund
1536 3003 52 16 now
1608 2996 94 24 secured
1711 3005 6 20 ;
1736 2997 40 23 and
1787 3004 26 16 as
1826 2997 55 31 they

1291 3027 75 24 would
1378 3029 89 23 receive
1478 3034 82 25 grants
1572 3030 58 24 from
1648 3029 39 24 the
1707 3029 86 30 Crown,
1807 3035 23 19 at
1842 3030 39 24 the

1291 3065 49 19 rate
1352 3061 25 23 of
1385 3061 46 23 five
1443 3062 107 31 shillings
1562 3063 35 23 for
1609 3070 67 23 every
1688 3063 73 24 fifteen
1773 3063 108 32 shillings

1291 3102 42 23 per
1350 3102 52 16 acre
1425 3095 56 31 they
1499 3096 119 32 expended
1638 3103 62 24 upon
1722 3097 157 31 immigration,

1293 3128 53 31 they
1358 3128 76 24 would
1445 3129 44 23 add
1501 3130 146 31 enormously
1659 3133 22 20 to
1695 3129 38 24 the
1746 3131 100 31 quantity
1858 3131 26 23 of

1293 3161 53 23 land
1364 3166 23 19 to
1408 3162 76 23 which
1503 3163 54 31 they
1580 3164 73 25 would
1675 3163 87 33 thereby
1785 3164 96 24 become

1293 3194 104 22 entitled.

1325 3234 46 23 We
1381 3242 72 16 never
1464 3236 79 24 reflect
1554 3244 63 23 upon
1628 3237 39 23 the
1681 3241 114 27 prospects
1808 3237 25 23 of
1842 3237 38 24 the

1293 3267 120 31 Company
1424 3269 47 23 and
1488 3269 40 24 the
1548 3270 96 31 Colony,
1657 3269 45 24 and
1713 3269 54 24 their
1782 3270 98 24 relation

1292 3305 23 19 to
1334 3300 56 24 each
1404 3301 75 30 other,
1499 3302 97 24 without
1615 3310 62 16 some
1689 3302 92 32 thought
1793 3304 87 31 arising

1291 3333 107 32 whereby
1409 3342 35 15 we
1460 3342 43 17 can
1517 3359 2 5 ,
1526 3343 39 16 see
1584 3336 38 24 the
1641 3335 116 33 Company
1773 3344 43 16 can
1839 3337 41 24 ad-

1292 3374 70 16 vance
1375 3375 41 15 our
1427 3370 130 30 prosperity
1569 3369 152 32 enormously,
1733 3370 26 31 by
1771 3370 109 31 studying

1292 3400 60 23 their
1364 3408 52 15 own
1435 3401 97 24 interest
1542 3411 6 21 ;
1569 3403 50 24 and'
1623 3411 35 16 we
1669 3402 59 24 have
1742 3403 138 31 satisfactory

1293 3433 106 24 evidence
1413 3434 26 23 of
1448 3434 38 24 the
1498 3435 120 25 Directors
1634 3436 71 31 being
1719 3443 25 16 so
1754 3436 126 31 intelligent

1293 3466 45 24 and
1356 3467 100 30 zealous,
1475 3468 50 23 that
1540 3477 64 16 more
1623 3469 56 24 than
1696 3469 82 31 merely
1796 3469 84 31 calling

1293 3500 59 23 their
1360 3501 117 23 attention
1489 3506 28 19 to.
1525 3510 13 15 a
1550 3502 89 32 subject
1654 3502 21 24 is
1691 3506 42 20 not
1744 3502 101 31 required
1856 3507 24 19 at

1293 3541 41 15 our
1345 3533 83 23 hands.

1942 316 51 23 The
2006 316 31 23 all
2048 316 137 31 engrossing
2196 316 90 32 subject
2304 321 24 19 at
2343 316 68 24 home
2423 316 32 32 by
2465 316 39 25 the

1907 348 47 24 last
1965 354 116 23 accounts,
2095 356 59 16 were
2165 349 38 23 the
2214 349 155 31 forthcoming
2386 349 116 25 elections.

1908 381 53 24 The
1973 389 83 24 papers
2068 389 39 16 are
2119 382 62 23 filled
2197 382 56 23 with
2265 382 38 24 the
2315 382 150 32 proceedings
2482 384 25 23 of

1908 415 180 23 constituencies
2105 415 45 23 and
2168 415 132 24 candidates
2319 415 60 23 from
2401 415 31 23 all
2442 421 63 25 parts

1909 448 26 23 of
1957 448 39 23 the
2018 452 105 26 country.
2166 448 51 23 The
2235 452 65 27 great
2321 449 106 30 question
2444 456 62 24 upon

1908 481 76 23 which
2008 481 122 23 Ministers
2154 481 56 23 seek
2233 482 39 22 the
2295 482 93 30 opinion
2413 482 26 22 of
2467 482 38 24 the

1909 518 99 28 country
2025 515 28 28 is,
2073 513 102 24 whether
2195 514 39 23 the
2255 514 130 23 downward
2403 519 62 27 steps
2484 516 25 23 of

1909 551 134 20 commence'
2048 547 62 23 shall
2120 547 44 23 be~
2168 547 104 24 arrested
2328 547 40 23 the
2387 548 120 24 extension

1909 580 27 24 of
1946 581 49 24 Mr.
2009 580 157 24 Huskisson's
2179 581 145 23 commercial
2328 581 91 33 .policy,
2431 581 76 24 which

1908 613 41 24 the
1973 614 136 31 experience
2131 614 26 23 of
2186 622 64 15 some
2272 614 73 31 years'
2361 614 146 31 'application

1909 651 101 19 warrant
2028 647 65 22 them
2110 647 24 23 in
2142 669 3 3 .
2151 648 123 30 asserting,
2293 648 21 25 is
2331 647 55 26 the,
2394 647 49 24 real
2456 647 52 24 .and

1909 680 55 30 only
1983 680 111 23 antidote.
2140 680 52 23 The
2213 681 132 30 conflicting
2362 681 87 31 parties
2469 689 38 15 are

1909 712 116 31 evidently
2034 713 123 30 preparing
2165 713 36 23 for
2208 722 14 15 a
2233 714 146 23 tremendous
2387 713 104 31 struggle
2499 723 6 20 ;

1909 745 43 24 but
1962 753 34 16 we
2018 750 84 19 cannot
2121 746 80 30 gather
2218 746 61 23 from
2298 746 38 24 the
2352 754 92 23 papers,
2457 747 50 23 that

1909 778 74 24 either
2006 779 20 23 is
2049 783 25 19 at
2102 779 31 23 all
2160 780 113 30 sanguine
2294 779 25 24 of
2345 780 47 23 the.
2411 780 94 25 results.

1909 811 104 31 Though
2024 811 123 24 Ministers
2157 820 54 23 may
2222 812 29 23 be
2263 812 111 30 defeated,
2387 820 35 17 we
2438 813 71 24 doubt

1909 845 22 23 if
1945 845 60 23 their
2016 845 78 32 policy
2105 853 43 15 can
2158 845 29 23 be
2198 845 141 31 repudiated,
2352 846 45 23 and
2407 846 22 23 if
2437 846 70 32 adop-

1909 878 41 23 ted
1959 878 32 31 by
2003 878 40 23 the
2055 878 90 29 Tories,
2157 879 19 22 it
2196 878 47 24 will
2262 879 29 23 be
2302 878 66 25 acted
2378 887 63 24 upon
2452 880 55 24 with

1909 918 66 16 more
1985 911 120 32 cordiality
2117 911 30 32 by
2157 911 40 24 the
2216 911 84 24 House
2316 913 27 23 of
2356 911 85 26 Lords.
2477 913 31 24 In

1909 944 33 23 all
1957 944 141 32 probability
2109 944 50 24 that
2175 944 35 24 for
2229 944 74 25 which
2322 945 39 24 the
2372 945 86 32 Whigs
2469 954 38 16 are

1910 977 141 32 contending
2070 977 50 24 will
2136 978 29 23 be
2183 978 103 29 secured,
2307 979 42 23 but
2365 983 24 19 to
2408 979 100 31 displace

1910 1010 61 24 their
1983 1016 128 26 opponents
2124 1010 53 32 they
2188 1019 53 23 may
2253 1011 48 24 find
2312 1020 14 15 a
2337 1011 99 24 difficult
2446 1012 61 30 task,

1909 1044 80 24 unless
2002 1045 54 30 they
2069 1044 68 31 bring
2153 1044 99 24 forward
2272 1052 62 16 some
2353 1045 26 23 of
2394 1045 40 23 the
2444 1053 63 16 mea-

1910 1085 67 16 sures
1989 1078 26 23 of
2029 1078 93 28 reform,
2134 1077 74 24 which
2220 1078 59 23 have
2290 1086 25 16 so
2327 1078 56 32 long
2391 1079 117 24 remained

1909 1111 27 23 in
1948 1111 125 31 abeyance.

1944 1171 45 23 We
2004 1171 45 24 fiad
2060 1179 35 16 we
2114 1179 57 16 were
2191 1180 81 23 wrong
2288 1173 26 22 in
2329 1172 41 24 the
2390 1173 65 31 price
2473 1181 34 15 we

1909 1204 76 24 stated
1997 1204 40 24 the
2048 1212 78 23 young
2136 1205 87 23 heifers
2234 1213 59 16 were
2305 1205 58 30 sold,
2376 1206 47 23 last
2434 1206 71 29 week,

1909 1237 114 31 imported
2035 1238 31 31 by
2078 1238 39 23 the
2131 1237 117 24 Winwick
2258 1238 59 24 from
2329 1238 107 25 Twofold
2446 1239 59 31 Bay.

1909 1270 98 24 Instead
2018 1271 27 23 of
2058 1271 39 24 8
2113 1273 60 27 10s.,
2186 1272 18 22 it
2216 1271 83 24 should
2309 1272 58 24 have
2385 1272 58 24 been
2451 1274 54 24 JEI2

1909 1311 42 24 per
1968 1303 68 25 head.
2084 1304 51 24 The
2157 1305 126 31 purchaser
2305 1305 42 24 has
2371 1306 64 23 since
2457 1306 50 24 sold

1909 1345 65 15 some
1985 1338 27 23 of
2027 1338 64 23 them
2108 1343 23 18 at
2142 1339 63 28 15,
2225 1339 46 23 and
2288 1339 93 23 refused
2399 1340 55 24 18
2471 1340 36 23 for

1909 1378 45 16 one
1967 1371 25 23 of
2001 1371 71 24 them.

1945 1435 51 24 The
2008 1436 53 30 brig
2072 1436 113 24 Portenia
2196 1437 85 31 passed
2291 1438 39 23 the
2348 1437 158 25 Government

1908 1468 54 31 brig
1978 1468 111 30 Victoria,
2103 1470 76 24 bound
2192 1475 22 19 to
2227 1472 39 22 the
2283 1471 76 30 north,
2379 1479 57 16 near
2447 1472 60 24 East

1910 1503 73 31 Cape,
1995 1511 30 14 on
2038 1503 39 23 the
2090 1503 41 24 6th
2144 1504 111 24 October.

1945 1564 50 24 The
2009 1565 124 31 emigrants
2142 1565 30 31 by
2185 1565 38 24 the
2234 1565 67 24 Arab
2312 1566 58 24 have
2382 1566 68 24 voted
2458 1567 46 23 Dr.

1909 1597 91 30 Butler,
2013 1597 39 24 the
2064 1606 100 23 surgeon
2176 1599 25 23 of
2225 1599 40 24 the
2285 1600 60 31 ship,
2365 1609 13 14 a
2398 1600 66 24 letter
2483 1600 25 24 of

1909 1631 95 29 thanks,
2016 1632 38 23 for
2065 1632 37 23 his
2116 1632 97 24 humane
2226 1632 98 24 conduct
2335 1633 99 24 towards
2443 1633 62 24 them

1909 1664 86 31 during
2007 1665 60 23 their
2085 1673 97 23 passage
2198 1666 60 23 from
2277 1666 111 32 England
2401 1672 23 18 to
2446 1667 57 23 Port

1909 1697 139 25 Nicholson.
2085 1698 24 24 It
2119 1706 45 16 was
2176 1699 82 31 signed
2277 1700 30 31 by
2328 1700 37 24 the
2385 1700 73 24 whole
2481 1701 27 23 of

1909 1730 40 24 the
1961 1739 149 24 passengers.

1945 1799 51 23 The
2008 1799 120 32 following
2139 1800 79 24 article
2231 1802 20 21 is
2263 1801 60 23 from
2334 1800 39 24 the
2385 1800 122 24 Auckland

1908 1831 101 25 Herald.
2055 1833 51 23 The
2126 1833 104 24 remarks
2244 1842 84 23 appear
2340 1839 23 19 to
2375 1835 59 23 have
2444 1835 59 23 been

1909 1866 127 30 suggested
2045 1866 32 31 by
2096 1867 37 24 the
2152 1868 46 23 fact
2216 1868 27 23 of
2269 1875 40 16 our
2331 1868 87 30 having
2439 1867 66 33 ships

1908 1898 106 32 monthly
2029 1899 62 24 from
2109 1900 117 31 England,
2246 1901 113 31 affording
2377 1901 46 23 late
2434 1909 68 22 news,

1908 1931 46 24 and
1966 1940 30 15 an
2008 1933 117 24 abundant
2136 1934 84 32 supply
2230 1935 27 23 of
2271 1935 71 30 goods
2361 1935 73 23 direct
2444 1934 60 25 from

1909 1965 39 22 the
1957 1967 186 30 manufacturing
2156 1967 109 24 districts.
2303 1968 51 22 The
2372 1968 84 22 Editor
2465 1968 39 24 did

1907 2002 42 18 not
1962 1997 54 24 then
2025 1997 70 24 know
2103 1999 38 23 the
2155 1999 175 24 determination
2341 1999 25 24 of
2376 2000 39 23 the
2433 2000 70 23 Com-

1907 2037 64 24 pany
1982 2035 23 19 to
2017 2039 98 23 arrange
2126 2033 35 23 for
2173 2033 68 23 aline
2254 2033 25 23 of
2293 2033 97 31 packets
2403 2033 101 24 between

1908 2063 60 24 Port
1980 2063 129 26 Nicholson
2120 2066 44 23 and
2182 2066 144 32 Valparaiso,
2347 2070 23 19 to
2388 2066 54 23 take
2463 2067 40 23 ad-

1907 2101 100 28 vantage
2019 2099 26 22 of
2066 2098 39 24 the
2121 2104 73 19 steam
2212 2100 192 23 communication
2422 2100 81 24 thence

1908 2134 23 19 to
1954 2130 118 32 England.
2123 2133 58 23 This
2201 2137 167 27 arrangement,
2389 2133 54 24 with
2462 2133 38 24 the

1907 2163 97 32 settling
2027 2165 26 23 of
2083 2165 39 24 the
2149 2166 90 24 Nelson
2262 2167 130 23 settlement
2415 2167 24 23 in
2462 2175 41 15 our

1906 2197 192 31 neighbourhood
2114 2200 54 23 with
2181 2204 74 19 steam
2272 2208 30 15 on
2312 2200 39 23 the
2363 2205 73 24 coast,
2456 2200 44 23 will

1907 2227 71 27 make
1994 2232 19 22 it
2036 2236 38 27 yet
2095 2240 63 16 more
2179 2241 123 24 necessary
2322 2239 23 18 to
2361 2234 82 30 regard
2456 2234 46 23 this

1907 2272 27 15 as
1956 2264 60 24 head
2025 2270 104 26 quarters
2140 2267 36 22 for
2188 2274 126 16 commerce
2326 2267 46 23 and
2383 2275 70 16 news.

1935 2303 69 22 Prom
2015 2303 37 23 the
2063 2308 107 18 accounts
2182 2313 32 14 we
2230 2306 88 21 receive
2327 2305 32 28 by
2368 2312 69 21 every
2448 2305 54 22 mail

1907 2329 61 22 from
1977 2330 106 27 England
2095 2340 25 14 or
2131 2333 99 27 Sydney,
2242 2332 39 22 the
2289 2333 95 21 interest
2393 2332 46 22 and
2448 2333 54 21 feel-

1907 2356 42 27 ing
1959 2358 96 22 towards
2065 2359 56 21 New
2128 2359 101 22 Zealand
2238 2360 119 26 increases,
2365 2359 77 21 rather
2448 2359 53 22 than

1908 2383 112 28 declines;
2039 2385 46 22 and
2102 2386 18 21 it
2136 2387 21 20 is
2173 2394 52 14 now
2241 2387 85 21 certain
2345 2386 56 26 that,
2417 2387 29 26 by
2464 2386 37 21 the

1908 2411 93 27 spirited
2022 2419 113 15 measures
2153 2414 27 21 of
2192 2413 38 22 the
2250 2413 54 22 New
2320 2413 102 22 Zealand
2437 2413 65 22 Com-

1907 2444 70 21 pany,
1988 2438 39 22 the
2036 2442 60 19 most
2111 2439 70 23 direct
2197 2441 46 21 and
2257 2440 83 28 speedy
2350 2440 153 21 communica-

1908 2465 48 21 tion
1966 2466 61 25 from
2039 2465 38 23 the
2087 2467 88 22 mother
2185 2470 96 25 country
2290 2471 23 18 to
2328 2467 57 22 New
2394 2467 107 27 Zealand,

1907 2491 20 22 is
1939 2495 23 18 to
1973 2493 53 21 Port
2039 2493 132 22 Nicholson.

1936 2519 60 22 Such
2013 2520 19 21 is
2049 2520 38 21 the
2103 2521 53 27 fact,
2167 2520 46 23 and
2222 2528 34 15 we
2265 2521 70 22 doubt
2347 2524 41 19 not
2403 2521 48 22 that
2465 2521 37 22 the

1907 2545 69 23 latest
1983 2554 61 14 news
2051 2547 59 22 from
2119 2548 104 27 England
2230 2548 41 21 has
2278 2548 97 22 reached
2381 2548 63 22 there
2449 2548 55 27 long

1908 2573 70 22 since.
2007 2573 33 22 To
2049 2574 60 22 have
2119 2582 12 13 a
2141 2575 77 27 direct,
2227 2575 93 26 certain,
2327 2575 46 22 and
2382 2575 120 27 periodical

1908 2601 194 21 communication
2114 2601 51 22 with
2171 2602 49 21 that
2230 2602 60 25 Port,
2298 2609 33 14 we
2340 2602 106 21 conceive
2452 2609 50 14 now

1908 2628 23 19 to
1942 2626 29 22 be
1980 2627 39 21 the
2025 2627 132 27 imperative
2167 2628 63 27 duty,
2239 2635 24 15 as
2270 2628 49 22 well
2328 2635 25 15 as
2360 2628 51 22 wise
2422 2628 80 28 policy,

1908 2653 27 21 of
1942 2653 38 21 the
1991 2653 158 22 Government
2158 2655 62 22 here.

1935 2679 45 22 For
1997 2680 75 22 weeks
2087 2681 45 22 and
2140 2682 73 21 weeks
2229 2689 34 14 we
2277 2682 87 21 receive
2375 2688 31 15 no
2419 2682 84 21 intelli-

1907 2712 73 20 gence
1996 2707 122 27 whatever,
2129 2708 71 27 while,
2218 2712 23 18 at
2251 2708 39 22 the
2304 2715 55 21 very
2368 2715 62 16 same
2441 2708 61 27 time,

1908 2733 19 21 it
1942 2733 19 21 is
1977 2733 82 22 almost
2067 2735 94 27 certain,
2172 2735 80 22 within
2262 2735 43 22 five
2322 2735 104 22 hundred
2440 2736 64 21 miles

1908 2760 58 22 from
1977 2768 34 19 us,
2022 2761 63 22 there
2101 2761 57 22 have
2168 2762 59 22 been
2241 2766 78 18 recent
2329 2762 94 23 arrivals
2437 2762 65 27 from,

1909 2787 46 21 and
1966 2787 131 28 departures
2107 2791 29 24 to,
2148 2789 113 27 England.

1936 2815 30 20 So
1973 2815 55 26 long
2037 2822 24 15 as
2072 2815 45 22 this
2123 2816 86 28 Colony
2217 2823 45 15 was
2270 2815 129 29 dependent
2408 2823 29 15 on
2447 2816 57 22 New

1909 2841 73 21 South
1992 2841 83 28 Wales,
2088 2842 91 28 Sydney
2195 2843 114 27 naturally
2319 2850 45 15 was
2373 2843 38 22 the
2422 2843 82 27 princi-

1908 2868 39 27 pal
1957 2868 55 22 Port
2019 2869 27 21 of
2058 2871 190 21 communication
2263 2870 36 22 for
2313 2870 152 26 information,
2471 2883 5 10 ,
2480 2877 24 14 as

1909 2895 51 21 well
1971 2902 24 15 as
2005 2895 40 22 the
2055 2903 80 15 source
2150 2897 27 22 of
2192 2896 105 29 supplies,
2312 2897 35 22 for
2363 2897 40 22 the
2418 2898 86 22 settlers

1909 2921 63 23 here.
1979 2927 4 6 '
2001 2922 45 23 But
2055 2923 24 22 in
2091 2923 28 22 all
2129 2928 99 24 respects
2235 2924 58 26 Port
2302 2924 133 27 Nicholson,
2444 2931 58 19 now,

1909 2949 47 21 will
1971 2949 28 22 be
2014 2957 63 15 more
2095 2950 168 28 advantageous
2279 2954 23 19 to
2318 2951 38 22 the
2359 2957 3 6 1
2374 2951 88 22 settlers
2480 2950 23 22 in

1909 2975 131 24 Auckland.
2069 2976 49 23 The
2124 2977 100 22 distance
2233 2978 20 22 is
2259 2979 41 21 hot
2303 2977 53 23 half
2359 2978 22 21 oi
2391 2978 50 21 that
2446 2977 58 22 from

1909 3002 101 28 Sydney,
2022 3003 44 22 and
2081 3004 38 22 the
2132 3005 105 27 monthly
2246 3005 191 22 communication
2451 3004 53 27 they

1909 3029 60 22 have
1983 3031 68 20 direct
2060 3030 59 23 from
2133 3031 107 27 England
2268 3032 31 28 by
2308 3031 81 22 which'
2397 3035 41 18 not
2451 3031 53 27 only

1906 3056 150 28 intelligence
2066 3058 47 22 and
2127 3058 84 28 letters,
2214 3065 3 9 1
2222 3058 42 23 but
2275 3059 62 27 large
2347 3058 121 28 quantities
2482 3057 25 22 of

1909 3084 158 23 merchandise
2076 3092 40 15 are
2124 3085 105 22 received
2257 3086 81 23 render.
2346 3084 58 23 Port
2412 3084 92 23 Nichol-

1909 3117 43 15 son
1967 3115 23 18 at
2007 3111 44 22 this
2067 3112 56 22 time
2139 3119 25 15 as
2179 3113 67 28 good,
2264 3113 21 22 if
2297 3116 40 19 not
2350 3119 20 19 a.
2377 3112 74 22 better
2460 3110 45 23 and

1910 3137 99 28 cheaper
2028 3138 89 23 market
2133 3139 35 22 for
2185 3139 38 22 the
2240 3139 119 23 merchant
2372 3138 47 23 and
2436 3142 68 19 store-

1909 3163 84 28 keeper
2003 3164 60 28 here,
2076 3166 55 22 than
2142 3166 99 28 Sydney.

1938 3192 95 21 Months
2043 3187 83 33 elapse,
2136 3193 46 22 and
2192 3201 33 14 we
2230 3200 71 15 never
2306 3193 57 22 hear
2367 3200 43 15 nor
2415 3192 87 23 receive

1909 3217 147 29 intelligence
2065 3219 61 22 from
2137 3220 39 22 the
2187 3223 60 19 most
2256 3220 110 28 populous
2376 3220 127 22 settlement

1909 3244 28 21 of
1942 3244 150 28 Englishmen
2101 3247 25 22 in
2135 3246 58 23 New
2199 3247 108 27 Zealand,
2314 3247 47 22 and
2370 3246 55 23 with
2429 3246 73 22 whose

1903 3272 133 28 .prosperity
2045 3273 47 22 and
2105 3273 91 22 welfare
2203 3281 24 15 as
2237 3274 123 26 emigrants
2372 3274 60 21 from
2446 3272 57 22 their

1909 3298 77 23 native
2000 3299 62 27 land,
2078 3307 34 15 we
2124 3308 38 14 are
2175 3300 126 23 identified:
2330 3300 54 22 Our'
2392 3299 111 22 excellent

1909 3325 47 22 and
1973 3326 87 28 worthy
2077 3327 119 22 Governor
2212 3327 42 22 has
2273 3334 62 15 now
2347 3327 59 22 been
2424 3326 78 22 absent

1909 3352 66 22 there
1990 3360 71 15 seven
2077 3353 81 27 weeks,
2175 3354 47 21 and
2236 3353 109 27 although
2359 3353 80 22 within
2453 3353 50 22 four

1909 3378 57 25 days
1976 3380 47 26 sail,
2030 3383 46 22 .not
2086 3387 14 14 a
2109 3380 72 22 vessel
2192 3380 41 22 has
2242 3380 89 23 arrived
2340 3380 90 23 thence.

1940 3406 31 21 To
1981 3413 132 15 commence
2123 3406 55 23 such
2189 3415 14 14 a
2212 3408 192 22 communication
2413 3407 20 22 is
2441 3413 61 16 more

1909 3432 138 27 speculative
2061 3432 55 23 than
2131 3441 47 19 any
2187 3434 88 28 private
2289 3434 126 24 individual
2430 3432 73 23 would

1909 3459 109 22 conceive
2031 3460 104 27 prudent,
2154 3460 42 23 but
2210 3462 21 21 if
2245 3461 158 22 Government
2417 3467 57 21 gave
2489 3466 13 14 a

1909 3485 87 22 certain
2013 3486 87 27 bounty
2110 3486 35 23 for
2160 3495 13 14 a
2189 3488 69 27 given
2267 3488 54 22 time
2330 3491 24 19 to
2364 3495 63 15 some
2439 3485 63 24 small

1910 3512 65 27 craft,
1992 3512 70 23 about
2076 3514 44 21 100
2132 3517 51 19 tons
2192 3519 22 18 to
2224 3523 45 15 run
2277 3516 101 22 between
2392 3515 54 21 here
2458 3512 45 23 and

1909 3538 57 22 Port
1974 3539 132 29 Nicholson,
2118 3542 17 21 it
2145 3542 75 22 would
2227 3542 110 28 probably
2347 3549 55 19 very
2410 3547 55 16 soon
2475 3540 27 21 be

1909 3572 26 15 so
1950 3564 124 30 important
2091 3568 45 22 and
2150 3568 119 27 profitable
2279 3577 13 14 a
2307 3569 44 27 trip
2364 3568 37 22 for
2413 3566 88 26 vessels,

1909 3592 50 21 that
1969 3593 38 22 the
2016 3594 67 22 mails
2089 3595 74 23 woula
2172 3596 29 21 be
2211 3592 291 31 periodically.transmitted

1909 3618 67 23 from-
1986 3620 58 22 each
2062 3625 59 24 port,
2140 3622 47 22 and
2210 3622 52 22 thus
2281 3623 66 27 beget
2364 3629 14 14 a
2398 3620 102 27 friendly,

1909 3645 128 29 beneficial,
2055 3648 47 23 and
2117 3656 134 20 prosperous
2263 3649 134 25 intercouse,
2409 3647 93 25 tending

1910 3672 57 22 both
1976 3676 23 19 to
2014 3674 126 24 individual
2156 3676 67 27 profit
2232 3677 47 21 and
2292 3675 84 29 speedy
2385 3674 117 27 develope-

1909 3704 66 18 ment
1983 3700 27 22 of
2016 3701 37 22 the
2063 3709 115 15 resources
2189 3702 46 22 and
2250 3703 73 21 latent
2331 3705 91 25 exports
2433 3701 25 22 of
2464 3699 36 23 the

1909 3726 85 29 colony
2004 3731 23 18 at
2036 3728 71 28 large.
2381 3738 5 13 j
2399 3744 2 5 .

1946 3792 173 25 Simultaneous
2145 3794 115 31 meetings
2288 3798 23 19 to
2337 3794 98 31 petition
2462 3791 36 24 the

1910 3825 86 25 Queen
2007 3827 36 23 for
2062 3826 40 24 the
2123 3827 117 23 exclusion
2254 3827 26 23 of
2293 3827 38 23 the
2349 3827 82 23 Tories
2442 3825 57 25 from

1910 3859 66 24 office
1987 3867 61 16 were
2064 3860 55 23 held
2138 3861 25 22 in
2173 3860 90 23 several
2279 3860 77 31 places
2368 3860 26 23 of
2409 3855 91 28 Ireland

1909 3900 33 16 on
1964 3893 96 30 Sunday
2080 3893 39 23 the
2138 3893 77 24 23rd:
2238 3893 40 24 the
2290 3892 109 32 Evening
2408 3891 58 25 Post
2478 3889 24 25 of

1910 3925 124 33 Thursday
2047 3931 143 20 enumerates
2202 3926 70 31 sixty.

705 2693 52 24 The
768 2693 124 25 Auckland
901 2695 99 29 Herald,
1013 2696 26 23 of
1046 2696 38 23 the
1094 2696 49 23 2nd
1155 2696 107 29 October,

672 2728 103 22 contains
797 2735 14 15 a
828 2728 76 29 letter,
923 2729 50 23 said
991 2733 23 19 to
1032 2729 30 24 be
1073 2730 91 22 written
1178 2729 29 32 by
1225 2730 38 24 the

671 2759 58 24 Port
741 2760 129 25 Nicholson
882 2762 178 32 correspondent
1071 2763 25 23 of
1105 2762 50 25 that
1164 2771 76 26 paper.

707 2793 58 24 This
784 2794 69 23 letter
873 2802 143 16 commences
1035 2796 32 31 by
1085 2797 113 30 asserting
1214 2796 50 24 that

673 2826 98 32 Captain
784 2827 99 24 Hobson
900 2828 45 24 had
957 2829 123 24 succeeded
1091 2830 24 23 in
1128 2830 136 31 reconciling

671 2860 40 23 the
730 2860 117 24 Colonists
861 2862 25 22 of
895 2862 47 22 this
959 2862 65 31 place
1035 2867 23 19 to
1070 2863 37 23 his
1119 2863 144 24 administra-

672 2894 48 23 tion
740 2893 28 24 of-
786 2894 39 23 the
847 2895 158 24 Government
1026 2896 25 23 of
1071 2896 60 24 New
1154 2897 107 24 Zealand.

672 2926 48 24 But
731 2935 30 15 no
778 2928 70 30 proof
863 2928 26 23 of
905 2928 45 24 this
969 2928 84 31 charge
1064 2930 20 22 is
1104 2929 83 24 offered
1195 2939 6 20 ;
1221 2938 41 19 we,

671 2960 112 29 however,
797 2969 43 15 can
850 2961 91 24 furnish
957 2969 14 16 a
978 2962 65 30 fact,
1053 2962 75 24 which
1139 2963 44 24 will
1202 2963 61 24 show

672 2993 39 24 the
733 2998 124 20 statement
879 2999 23 19 to
923 2995 29 23 be
978 2996 167 24 unwarranted.
1180 2997 83 23 Public

672 3027 92 24 dinners
776 3036 38 15 are
827 3028 130 31 commonly
966 3029 109 24 admitted
1086 3033 24 20 to
1121 3030 29 23 be
1160 3038 14 15 a
1183 3034 45 20 test
1240 3031 25 22 of

670 3060 87 32 feeling
768 3061 98 23 towards
877 3070 14 14 a
901 3062 78 31 public
988 3070 61 16 man.
1085 3063 51 23 The
1147 3063 117 24 Governor

671 3102 47 15 was
734 3100 42 18 not
787 3095 55 31 only
859 3098 40 20 not
918 3095 86 24 invited
1022 3100 24 19 to
1058 3104 14 15 a
1084 3095 81 25 dinner
1181 3097 25 23 of
1223 3097 38 24 the

672 3127 64 29 kind,
748 3128 42 23 but
799 3136 68 23 .upon
887 3128 58 29 trial,
959 3129 18 23 it
987 3136 47 16 was
1045 3129 72 23 found
1134 3130 130 32 impossible

672 3164 23 20 to
719 3161 81 24 collect
820 3169 13 16 a
851 3166 69 27 party
943 3162 139 32 sufficiently
1098 3171 123 16 numerous
1241 3169 23 18 to

671 3199 62 18 meet
752 3194 57 29 him,
830 3194 50 24 that
897 3195 76 24 would
990 3196 82 23 render
1092 3196 40 24 the
1152 3197 78 24 dinner
1250 3206 14 15 a

672 3227 156 31 compliment.
972 3228 47 24 this
1040 3229 67 24 effort
1126 3237 47 16 was
1192 3230 73 32 being

670 3260 75 30 made,
768 3262 19 22 it
807 3269 47 15 was
871 3261 142 24 determined
1032 3266 23 19 to
1075 3263 72 23 invite
1169 3263 95 32 Captain

672 3293 96 24 Liardet
779 3295 46 22 and
837 3295 99 31 Captain
947 3294 33 24 A.
988 3295 129 24 Wakefield
1129 3300 23 19 to
1164 3304 12 16 a
1187 3297 77 31 public

672 3326 88 30 dinner,
772 3328 45 23 and
828 3328 56 30 they
893 3335 60 16 were
962 3332 49 20 met
1020 3329 32 31 by
1059 3329 39 23 the
1109 3330 85 31 largest
1205 3330 60 31 body

672 3360 26 23 of
719 3361 116 23 Colonists
854 3361 51 23 that
926 3369 54 16 ever
998 3362 130 24 assembled
1147 3371 29 16 on
1188 3371 14 16 a
1216 3363 48 24 like

672 3395 114 22 occasion.
833 3394 32 24 So
887 3402 132 23 numerous,
1043 3396 91 29 indeed,
1158 3404 44 16 was
1225 3397 39 23 the

672 3427 152 31 assemblage,
868 3427 52 24 that
952 3436 70 23 many
1056 3429 68 23 could
1164 3434 38 19 not
1235 3430 29 23 be

672 3460 109 31 provided
793 3460 56 24 with
860 3465 62 19 seats
941 3465 23 19 at
975 3460 38 24 the
1027 3462 69 24 table.
1134 3462 48 24 The
1200 3470 65 16 room

672 3500 47 16 was
729 3493 101 31 literally
842 3494 115 23 crammed
965 3503 6 20 ;
992 3495 45 23 and
1048 3503 63 16 more
1122 3496 75 23 would
1206 3496 58 24 have

672 3526 58 24 been
752 3526 79 30 there,,
847 3526 46 24 had
916 3527 65 24 there
1003 3528 60 24 been
1086 3529 177 30 acepmodation.

672 3559 78 24 While
762 3559 47 25 this
820 3561 20 22 is
852 3568 30 16 an
894 3568 89 16 answer
994 3564 27 25 to,
1030 3561 38 24 the

673 3592 76 24 stated
762 3598 21 18 to
796 3592 58 25 have
866 3594 59 23 been
936 3594 108 31 acquired
1053 3596 30 29 by
1094 3595 40 23 the
1147 3596 118 24 Governor

673 3625 84 32 during
768 3626 36 23 his
816 3627 62 28 visit,
891 3627 19 23 it
921 3627 20 23 is
949 3627 48 24 also
1007 3632 74 27 pretty
1090 3628 60 31 good
1159 3629 105 24 evidence

673 3659 50 23 that
734 3667 13 16 a
759 3663 125 20 statement
899 3660 70 23 about
987 3669 41 15 our
1045 3669 71 23 paper
1130 3666 41 19 not
1185 3670 79 23 repre-

673 3693 92 30 senting
776 3693 40 23 the
828 3693 93 31 opinion
932 3693 27 24 of
972 3701 15 15 a
998 3694 73 30 single
1079 3695 125 24 individual
1210 3696 55 23 here

672 3726 20 22 is
705 3733 55 23 very
771 3726 36 23 far
818 3726 60 23 from
896 3731 96 19 correct.
1035 3727 25 24 It
1077 3728 21 23 is
1117 3728 89 31 beyond
1223 3737 42 15 our

672 3766 76 23 power
766 3763 24 19 to
811 3763 59 19 state
890 3759 39 24 the
950 3764 94 19 amount
1067 3761 26 23 of
1118 3761 147 31 approbation

672 3791 74 24 which
760 3799 32 16 we
814 3792 68 31 enjoy
903 3800 84 24 among
1004 3801 42 16 our
1065 3793 76 24 fellow
1159 3795 88 24 settlers
1255 3804 7 20 ;

672 3824 42 24 but
726 3832 29 16 on
767 3825 32 23 all
811 3825 117 24 occasions
941 3834 30 15 on
983 3826 73 24 which
1067 3834 34 16 we
1114 3832 61 19 meet
1192 3828 71 29 them,

673 3865 33 16 we
712 3858 126 31 invariably
846 3858 49 24 find
902 3859 115 24 ourselves
1027 3860 51 23 well
1085 3861 110 24 received.
1229 3862 36 23 At

673 3890 39 24 the
724 3891 80 23 dinner
817 3896 23 18 to
853 3892 111 31 Captains
973 3892 130 24 Wakefield
1110 3894 45 23 and
1164 3895 99 28 Liardet,

673 3923 32 24 all
715 3924 51 23 who
776 3931 59 17 were
848 3925 64 24 there
925 3925 46 24 will
988 3933 68 23 agree
1075 3926 51 24 that
1143 3928 37 23 the
1200 3926 63 25 WeU

1326 3594 52 23 The
1393 3593 68 25 Arab
1477 3594 44 24 left
1538 3596 97 24 London
1655 3603 29 15 on
1702 3595 39 23 the
1757 3597 36 23 Ist
1811 3596 68 29 June,

1291 3627 42 24 but
1344 3627 41 23 she
1396 3627 48 24 lost
1454 3627 44 24 her
1510 3633 112 27 topmasts
1633 3629 45 24 and
1688 3628 105 32 bowsprit
1806 3630 25 22 in
1841 3629 39 24 the

1293 3660 113 30 Channel,
1419 3660 76 24 which
1505 3662 67 24 made
1587 3663 17 22 it
1622 3669 122 23 necessary
1753 3662 31 23 for
1799 3661 42 25 her
1858 3667 22 19 to

1292 3698 42 27 put
1345 3694 47 24 into
1405 3693 150 31 Dartmouth,
1567 3695 59 23 from
1644 3694 75 24 which
1736 3694 35 24 she
1790 3695 40 24 did
1841 3700 40 20 not

1293 3728 80 30 depart
1389 3728 62 23 until
1468 3727 40 24 the
1528 3727 58 24 15th
1611 3728 59 23 June
1681 3736 7 20 ;
1721 3728 39 23 and
1782 3728 99 31 Captain

1293 3761 99 23 Sumner
1404 3760 44 24 has
1460 3760 81 32 kindly
1552 3761 120 24 furnished
1681 3768 27 16 us
1721 3761 48 23 witli
1781 3761 100 24 London

1292 3801 83 24 papers
1386 3798 25 19 to
1431 3794 39 23 the
1488 3794 59 24 11th
1562 3794 70 24 June.
1675 3793 44 24 We
1736 3794 52 24 have
1808 3795 48 24 also
1869 3804 12 15 a

1291 3827 59 24 New
1371 3827 106 24 Zealand
1492 3827 102 24 Journal
1609 3828 25 23 of
1649 3827 65 24 22nd
1732 3827 60 31 May.
1830 3829 51 24 The

1293 3860 53 31 only
1357 3861 138 30 interesting
1505 3862 90 30 portion
1605 3861 24 24 of
1637 3868 70 22 news,
1717 3862 21 23 is
1750 3869 23 16 an
1784 3867 97 19 account

1293 3894 25 23 of
1340 3893 38 24 the
1388 3893 4 5 '
1399 3894 81 24 fourth
1495 3894 85 24 annual
1597 3895 101 31 meeting
1713 3895 27 24 of
1757 3895 37 24 the
1814 3895 65 25 Abo-

1293 3928 85 29 rigines
1390 3926 136 25 Protection
1538 3928 99 29 Society.

541 30 100 34 THE
664 30 111 33 NEW
793 31 232 32 ZEALAND
1046 31 226 33 GAZETTE
1293 30 101 32 AND
1415 24 328 39 WI&LINGTON
1759 28 297 33 SPECTATOR.

1940 113 51 23 The
2002 120 138 23 passengers
2150 113 32 30 by
2193 112 39 23 the
2241 111 66 24 Arab
2315 116 68 25 state,
2392 112 51 23 that
2452 113 50 31 just

1903 146 134 30 previously
2051 149 24 19 to
2091 145 92 31 leaving
2201 145 149 29 Dartmouth,
2363 146 19 22 it
2401 153 45 15 was
2465 154 36 16 re-

1904 179 82 30 ported
1997 178 51 24 that
2059 186 14 16 a
2083 179 46 23 riot
2139 178 45 24 had
2203 178 115 24 occurred'
2330 182 25 20 at
2371 177 131 32 Liverpool,

1905 211 77 24 which
1992 211 47 24 had
2048 211 60 23 been
2120 211 106 24 attended
2243 211 57 24 with
2310 210 40 25 the
2363 210 140 25 destruction

1907 244 26 23 of
1955 244 39 23 the
2015 244 188 29 Custom-house,
2223 244 47 24 and
2290 243 88 25 several
2397 243 106 32 dwelling

1906 276 95 23 houses.

732 354 173 25 SHIPPING
924 354 271 23 INTELLIGENCE.

893 405 147 19 ARRIVED.

699 433 50 19 Oct.
762 433 34 23 16,
807 431 49 27 ship
865 432 69 24 Aral,
946 431 42 20 484
998 433 56 21 tons,
1066 430 91 27 Captain
1166 430 93 24 Summer,

673 460 52 20 from
743 459 98 20 London.
872 458 127 25 Passengers
1028 457 87 21 Messrs.
1134 457 125 25 Wilkinson,

673 487 25 21 G.
709 487 35 20 W.
755 486 127 26 Bluthwayt,
900 486 29 20 H.
945 485 128 24 Martineau,
1089 485 37 20 W.
1143 485 22 20 S.
1179 485 80 24 Butler,

673 515 21 19 F.
705 514 88 24 Woods,
805 514 24 20 F.
840 514 75 20 Simon
919 518 2 5 1
923 520 11 17 ;-
944 512 42 20 and
995 513 42 19 200
1044 512 24 20 in
1079 513 36 19 the
1126 515 99 22 steerage.

699 542 61 19 Same
770 541 48 26 day,
830 541 104 20 schooner
950 539 126 26 Harlequin,
1094 539 94 26 Phillips,
1207 539 52 20 from

673 569 79 26 Kapiti.
782 568 154 25 Passengers
938 566 90 27 Captain
1044 566 97 27 Mayhew
1158 567 41 20 and
1217 567 42 20 Mr.

673 597 81 20 Frazer.
961 609 3 4 .
980 609 3 7 ,
1156 604 4 5 *

699 623 49 20 Oct.
760 623 33 27 17,
804 622 47 27 brig
1002 621 89 25 Gibson,
1108 622 57 20 from
1180 621 79 26 Cloudy

673 650 52 26 Bay.

698 678 62 19 Same
783 678 50 25 day,
858 678 105 19 schooner
987 677 61 24 Jane,
1071 675 114 26 Williams,'
1207 676 52 20 from

673 704 73 22 Queen
757 704 130 21 Charlotte's
898 704 80 20 Sound.

698 732 50 21 Oct.
761 732 35 25 19;
807 732 104 20 schooner
924 732 57 23 Gem,
990 730 56 21 from
1053 730 125 26 Wanganui.

912 776 115 20 SAILED.

699 803 50 21 Oct.
762 805 34 23 16,
809 803 84 21 Chilian
908 804 48 26 brig
975 805 97 23 Theresa,
1089 803 58 22 Fish,
1163 803 32 20 for
1211 803 48 20 Val-

673 832 80 25 paraiso
762 839 5 16 ;
782 832 25 20 in
819 831 85 20 ballast.
934 830 127 27 Passengers
1089 830 45 21 Mr.
1152 831 40 19 and
1206 831 53 20 Mrs.

673 859 29 20 U.
713 859 61 20 Hunt
784 858 42 20 and
835 858 81 26 family.

901 903 34 20 IN
951 903 77 20 PORT

727 931 110 20 Schooner
851 930 62 27 Lady
922 931 73 26 Leigh,
1008 930 65 27 King.

724 958 125 26 Brigantine
860 958 111 25 Munford,
984 958 63 26 Kyle.

727 986 84 26 Barque
825 986 108 25 Winwick,
948 986 73 21 Ware.

825 1013 114 25 Clydeside,
952 1012 130 21 Mathieson.

727 1040 53 26 Brig
789 1041 110 23 Portenia,
910 1040 83 20 Frazer.

729 1068 52 26 Ship
791 1069 67 23 Arab,
870 1068 98 20 Sumner.

728 1096 110 19 Schooner
845 1096 126 25 Harlequin,
984 1094 97 27 Phillips.

847 1124 61 24 Jane,
919 1122 113 21 Williams.

727 1150 52 26 Brig
791 1151 118 24 Ullswater,
921 1150 88 20 Gibson.

729 1178 109 20 Schooner
850 1179 58 24 Gem,
920 1177 83 21 Pearce.

699 1233 46 20 The
754 1233 109 26 following
872 1233 63 20 letter
943 1233 38 19 has
991 1232 53 20 been
1055 1233 47 18 sent
1112 1233 23 19 to
1143 1232 35 20 the
1187 1231 72 21 Editor

673 1260 24 20 of
709 1261 36 19 the
754 1261 114 20 Auckland
876 1260 91 20 Herald.

724 1295 49 25 Sir,
803 1295 50 20 You
861 1295 44 20 will
914 1294 69 26 oblige
993 1301 33 13 me
1033 1294 28 26 by
1068 1293 110 27 inserting,
1185 1294 35 20 for
1226 1294 33 20 the

673 1322 77 21 benefit
760 1323 25 20 of
797 1323 78 26 parties
887 1322 83 25 trading
980 1328 28 14 on
1023 1322 36 19 the
1073 1324 67 21 coast,
1155 1322 33 19 the
1202 1321 49 21 bear

673 1350 46 26 ings
729 1350 25 20 of
766 1357 12 13 a
788 1350 47 21 reef
847 1356 28 14 on
885 1350 68 19 which
963 1356 35 20 my
1008 1349 67 20 vessel
1084 1349 92 20 touched
1189 1349 23 20 in
1226 1349 33 20 the

673 1378 44 26 Bay
727 1378 24 19 of
764 1378 82 26 Plenty.
875 1376 47 21 The
928 1377 61 20 West
999 1376 64 21 Point
1079 1376 25 20 of
1121 1376 48 20 Flat
1183 1376 76 25 Island,

673 1405 86 26 bearing
769 1405 28 20 N.
808 1405 29 26 by
846 1405 45 24 W.,
901 1405 42 20 and
953 1405 36 20 the
997 1404 52 20 East
1060 1404 70 25 Point,
1145 1404 63 24 N.E.,
1226 1405 33 20 the

673 1432 72 20 Island
763 1433 81 20 distant
858 1432 66 20 about
941 1431 26 24 If
983 1432 57 20 mile.
1068 1431 46 20 The
1130 1432 51 20 least
1199 1431 60 27 depth

673 1460 79 20 around
768 1466 42 14 was
831 1461 25 18 10
882 1460 49 23 feet,
951 1459 40 20 bnt
1013 1459 23 20 in
1051 1459 80 20 several
1148 1459 68 26 places
1235 1459 24 23 2$

673 1487 98 21 fathoms.
811 1487 11 20 I
837 1487 88 24 remain,
943 1493 54 20 your
1013 1487 99 20 obedient
1127 1489 89 22 servant,
1232 1486 27 21 H.

673 1515 55 21 Fox,
739 1517 79 18 master
828 1515 24 20 of
865 1515 36 19 the
911 1515 47 21 brig
966 1515 66 19 Julia.
1035 1516 5 9 1
1044 1515 5 10 '

845 1565 119 18 CUSTOM
980 1565 107 18 HOUSE.

915 1602 112 11 IMPORTS.

701 1621 129 20 Schooner
1059 1626 66 14 from
1140 1620 92 20 Kapiti.

673 1649 10 19 5
695 1651 50 17 tuns
755 1649 63 19 black
828 1648 35 27 oil,
875 1650 13 18 5
900 1652 48 16 tons
964 1649 63 24 bone,
1046 1649 25 19 10
1089 1648 62 20 casks
1164 1648 52 24 beef,
1235 1648 24 20 16

673 1676 34 20 do.
717 1676 62 26 pork,
790 1677 12 19 5
814 1676 64 20 boxes
889 1682 58 21 soap,
959 1676 27 21 27
995 1676 52 25 kegs
1060 1676 92 27 powder,
1169 1677 11 18 5
1198 1675 61 21 boxes

673 1703 94 21 tobacco.

698 1731 62 20 Brig
997 1736 65 15 from
1089 1731 97 19 Sydnet
1212 1736 47 14 and

673 1757 140 22 Auckland.
843 1759 13 19 2
866 1759 76 20 tierces
952 1758 96 24 tobacco,
1058 1759 27 20 59
1096 1759 61 19 casks
1170 1759 59 23 flour,
1249 1759 10 19 1

673 1785 44 21 bale
727 1786 105 24 blankets,
844 1786 12 20 2
867 1786 79 20 barrels
956 1786 13 20 5
980 1785 50 26 kegs
1039 1786 88 26 brandy,
1137 1786 22 20 /.
1166 1786 66 20 Jones.

673 1814 25 18 50
716 1813 67 20 dozen
802 1813 62 24 wine,
883 1814 11 19 5
912 1819 57 14 cases
985 1814 80 23 cheese,
1085 1814 9 19 1
1115 1819 47 14 case
1176 1814 8 19 1
1199 1813 60 20 tierce

673 1840 94 26 tobacco,
778 1841 27 20 R.
818 1841 50 20 Tod.
900 1842 10 19 1
922 1840 49 21 cask
982 1847 54 18 rum,
1047 1842 24 19 T.
1080 1841 72 20 Jones.

911 1902 116 14 EXPORTS.

699 1922 29 21 In
743 1929 48 14 the
838 1923 79 21 Sally
1032 1929 45 14 for
1093 1924 139 19 Auckland.

673 1951 25 20 12
708 1952 50 19 tons
767 1951 63 24 flour,
842 1952 10 19 1
866 1953 39 18 ton
915 1952 47 23 salt,
976 1952 9 19 1
1000 1951 48 20 bale
1064 1951 103 25 blankets,
1185 1952 11 19 1
1216 1951 43 20 bale

673 1984 54 19 rugs,
739 1979 12 18 2
762 1979 35 18 do.
809 1979 65 25 slops,
887 1979 11 19 1
914 1979 49 19 cask
980 1978 94 24 tobacco,
1093 1979 11 18 1
1123 1978 46 20 bale
1183 1978 76 26 prints,

673 2006 9 19 4
693 2005 66 20 boxes
769 2011 60 17 soap.

844 2378 123 19 LATEST
983 2378 109 19 DATES.

2477 84 1 13 9

692 2410 68 10 uiiuuii
846 2410 52 10 JMiie
932 2410 17 10 a.

694 2423 63 23 ydney
847 2423 44 22 Sep.
922 2425 28 17 33.

697 2449 25 13 an
747 2445 55 18 Diem
804 2449 24 13 an
831 2446 16 16 a

700 2466 56 17 Land
848 2466 52 18 June
921 2468 28 16 30.

978 2424 82 18 Thames
1155 2425 40 17 Oct.
1233 2427 18 15 2.

980 2445 44 18 Port
1033 2445 70 22 Phillip
1114 2447 82 22 ....Aug
1196 2451 2 4 1
1199 2458 5 6 .
1232 2447 18 17 6.

978 2467 91 17 Adelaide
1156 2467 41 22 Sep.
1222 2469 28 16 28.

161 117 58 22 New
233 118 99 22 Zealand
350 118 136 28 Company's
503 118 112 28 Principal

308 145 96 27 Agent's
418 145 80 26 Office,

217 170 145 28 Wellington,
374 171 98 22 October
481 172 20 26 8,
512 172 60 21 1841.

52 202 126 48 BILLS,
191 207 25 17 at
232 203 69 28 thirty
311 203 62 28 days'
390 203 65 28 sight,
472 203 76 22 drawn
564 204 31 27 by
606 203 35 21 the

131 230 112 27 Principal
259 231 77 26 Agent
350 237 35 15 on'
390 230 38 22 the
438 231 115 26 Secretary
569 230 26 21 of
606 230 34 21 the

52 255 56 21 New
125 256 101 22 Zealand
243 257 123 27 Company,
386 257 102 26 London,
501 263 40 15 can
558 257 28 21 be
599 256 43 22 had

51 289 29 14 on
91 282 135 27 application
237 287 22 17 at
270 283 36 22 the
317 284 71 22 above
397 283 73 22 office.

244 317 29 22 D.
288 317 82 27 Lewis,

52 371 109 4 _^
298 344 66 21 Clerk
375 347 21 18 to
407 344 113 27 Principal
531 343 83 28 Agent.

52 386 161 48 MESSRS.
231 387 84 22 JOHN
338 388 45 21 and
399 388 129 22 GEORGE
541 405 7 10 4
548 388 94 21 WADE

130 413 58 22 have
198 414 38 21 the
253 413 87 22 honour
351 418 22 17 to
389 421 120 15 announce
525 414 49 22 that
590 414 52 27 they

51 438 57 22 have
123 440 105 21 received
237 440 145 22 instructions
401 441 58 21 from
477 441 31 21 H.
524 441 116 24 Harrison,

51 465 60 28 Esq.,
123 469 23 19 to
157 466 39 22 sell
205 467 31 26 by
245 467 76 26 public
331 468 97 26 auction,
436 469 112 25 positively
555 468 87 20 without

50 499 87 20 reserve,
148 496 24 19 at
181 492 58 23 their
249 494 114 26 premises,
379 494 32 22 Te
429 496 55 25 Aro,
500 502 29 14 on
539 494 103 28 Tuesday

51 523 61 23 next,
125 520 36 21 the
172 520 53 21 26th
242 520 106 25 October,
360 522 60 25 1841,
432 524 24 18 at
471 523 10 19 1
499 520 85 23 o'clock
593 529 49 19 pre-

51 546 69 27 cisely
127 555 5 18 ;
149 547 34 20 his
198 548 100 30 superior
314 546 64 28 dairy
388 547 62 27 herd,
461 548 123 26 consisting
593 548 26 21 of

51 572 13 23 7
82 573 100 27 superior
197 577 62 23 quiet
276 573 72 22 Milch
365 574 70 26 Cows,
445 576 14 19 3
477 574 26 21 of
515 573 73 23 which
606 582 36 14 are

51 599 77 22 within
140 601 26 20 14
176 599 55 27 days
242 600 26 21 of
279 600 100 27 Calving,
391 600 44 22 and
447 603 10 20 1
468 609 55 19 pure
532 602 110 26 imported

50 625 104 23 Durham
163 626 51 22 Bull
225 627 57 21 from
292 626 37 22 the
340 628 52 21 well
400 627 83 22 known
498 628 62 22 stock
568 628 27 21 of
606 628 36 21 the

188 663 84 21 EARL
292 663 40 22 OF
347 663 159 23 CARLISLE.

51 696 62 27 Also,
125 696 35 23 bis
171 696 48 22 well
231 697 100 21 assorted
345 697 62 21 stock
418 697 26 22 of
455 697 70 28 Dairy
536 697 104 23 Utensils.

79 723 95 22 Further
183 723 132 28 particulars
325 723 45 22 and
381 727 75 24 terms,
464 724 78 22 /which
557 732 37 14 are
606 732 36 14 ex-

51 750 117 27 ceedingly
178 750 85 26 liberal,
275 750 45 22 will
327 758 83 19 appear
419 751 24 21 in
454 758 14 14 a
477 751 119 22 hand-bill.

106 794 91 22 OTICE
216 795 26 21 IS
262 794 129 22 HEREBY
411 795 108 27 GIVEN,
538 795 48 22 that
606 795 36 22 the

118 820 181 28 co-partnership
317 821 86 22 carried
423 829 29 14 on
472 822 126 23 heretofore
619 823 23 21 in

52 847 145 27 Wellington,
213 848 31 27 by
260 847 26 22 T.
299 848 32 21 M.
350 848 116 27 Partridge
484 849 45 21 and
545 849 98 22 William

50 873 148 28 Fitzherbevt,
216 874 72 22 under
306 874 37 22 the
357 875 47 21 title
421 883 26 14 or
463 876 50 21 firm
529 875 26 22 of
565 876 26 22 T.
611 877 31 20 M.

51 900 115 28 Partridge
180 901 46 21 and
237 901 47 26 Co.,
315 908 43 14 was
365 901 51 26 .this
433 902 44 27 day
487 902 112 22 dissolved
614 903 30 26 by

50 927 88 22 mutual
155 931 99 23 consent,
272 928 45 22 and
334 928 45 22 Mr.
394 928 26 22 T.
437 929 34 21 M.
492 929 115 28 Partridge
625 930 18 21 is

51 955 140 26 empowered
201 958 23 18 to
238 955 94 26 receive,
350 955 123 28 discharge,
484 956 45 21 and
539 957 65 21 settle
615 957 29 20 all

51 980 64 22 debts
131 981 44 22 due
190 984 22 18 to
228 981 45 22 and
291 982 31 26 by
341 981 38 22 the
397 983 50 21 said
466 983 178 27 co-partnership

51 1014 105 16 concern.

324 1035 26 22 T.
362 1035 31 22 M.
405 1035 143 28 Partridge,

324 1061 111 23 William
446 1063 170 22 Fitzherbert.

79 1088 98 22 October
188 1090 33 26 19,
238 1090 61 20 1841.

77 1134 94 20 Water
186 1134 138 26 Frontage
336 1139 37 15 on
384 1134 230 27 Lambton-quay.

51 1167 68 49 TO
135 1167 39 22 BE
190 1167 59 23 LET
260 1175 28 15 on
301 1168 103 27 building
412 1168 79 27 leases,
503 1168 38 22 the
548 1169 97 22 remain-

125 1194 40 27 ing
174 1195 101 26 portions
285 1195 26 21 of
325 1195 39 21 the
381 1195 86 22 section
484 1196 95 22 number
595 1197 47 26 486,

48 1221 117 27 adjoining
188 1224 22 18 to
235 1221 38 23 the
294 1225 73 19 stores
385 1222 26 21 of
433 1223 91 21 Messrs.
544 1223 99 26 Robson,

49 1247 78 27 Durie,
139 1247 91 28 Young,
242 1249 41 21 &c.
315 1248 80 28 Apply
402 1252 23 18 to
435 1249 41 22 Dr.
487 1250 83 27 Evans,
579 1252 23 19 at
611 1249 34 22 his

49 1275 84 26 offices,
147 1275 192 28 Lambton-quay.

249 1316 59 25 20
322 1320 126 21 Reward.

268 1346 18 21 it
300 1346 40 22 has
352 1347 56 22 been
419 1347 143 27 represented
573 1351 23 18 to
607 1347 45 22 the'

66 1376 11 17 V
87 1374 15 19 T
146 1372 159 28 undersigned,
319 1374 48 21 that
380 1374 85 21 certain
480 1381 92 20 persons
586 1374 57 22 have

49 1399 120 27 instigated
179 1399 39 22 the
228 1400 87 21 natives
325 1404 23 17 at
358 1401 79 26 Kapiti
448 1404 22 19 to
481 1401 88 27 destroy
578 1401 66 22 cattle

49 1427 35 20 for
94 1426 37 21 the
142 1434 95 19 purpose
248 1426 26 21 of
285 1427 136 27 purchasing
430 1428 38 21 the
479 1435 96 15 carcase.

77 1453 48 22 The
135 1454 70 21 above
216 1454 87 21 reward
311 1454 45 21 will
365 1454 28 21 be
402 1454 54 27 paid
472 1462 29 14 on
518 1455 125 22 conviction

49 1480 28 22 of
87 1487 45 26 any
143 1487 80 20 person
240 1487 25 14 or
280 1488 92 20 persons
388 1480 131 28 destroying
531 1482 68 21 cattle
615 1489 29 14 on

49 1506 38 22 the
98 1507 78 22 Island
183 1507 28 21 of
218 1506 83 28 Kapiti,
313 1515 25 14 or
345 1508 132 28 instigating
485 1508 37 22 the
528 1509 86 21 natives
621 1512 23 18 to

49 1534 29 21 do
88 1534 38 22 the
137 1541 68 14 same.

77 1560 57 23 N.B.
164 1560 48 22 The
223 1560 70 23 above
304 1561 67 22 cattle
385 1569 37 14 are
431 1562 81 27 placed
521 1562 73 22 under
607 1562 37 22 the

49 1587 203 28 superintendence
262 1588 26 21 of
300 1588 45 22 Mr.
357 1588 85 22 Robert
456 1588 79 23 Jillctt.

333 1615 36 22 W.
380 1616 25 21 B.
418 1616 94 21 Rhodes
522 1616 45 22 and
578 1616 38 22 Co.

78 1641 98 22 October
185 1642 35 26 2C>,
233 1642 59 21 1841.

180 1687 92 20 Steam
287 1687 64 20 Mill
366 1687 150 26 Company.

51 1720 92 35 npHE
164 1720 146 22 MEETING
334 1720 19 22 is
375 1720 126 28 adjourned
519 1720 61 23 until
601 1721 42 22 this

57 1742 30 27 JL
127 1747 44 27 day
181 1747 150 27 Wednesday,
344 1751 23 18 at
378 1749 25 20 12
414 1748 95 21 o'clock.

77 1793 57 20 The
149 1793 173 26 Wellington
342 1793 110 27 Baking
466 1793 150 26 Company.

49 1825 91 47 THE
155 1826 254 23 SHAREHOLDERS
419 1827 25 21 in
455 1826 37 23 the
499 1828 70 21 above
577 1828 65 21 Com-

122 1860 61 20 pany
193 1861 38 14 are
240 1854 145 27 respectfully
392 1854 119 26 informed,
520 1854 48 22 that
577 1863 14 14 a
602 1854 41 22 call

123 1880 26 21 of
160 1881 44 20 10s.
216 1887 40 21 per
266 1887 64 16 snare
345 1881 19 22 is
374 1881 105 27 required
489 1884 23 19 to
521 1882 27 21 be
557 1881 54 28 paid
620 1885 22 18 to

49 1905 43 22 Mr.
104 1906 62 22 John
183 1906 78 27 Wade,
282 1907 37 22 the
334 1908 129 26 Treasurer,
482 1915 29 14 on
527 1915 25 15 or
567 1908 76 22 before

48 1933 118 27 Saturday,
179 1933 37 22 the
226 1934 54 22 23rd
289 1934 28 21 of
323 1934 98 22 October
430 1935 93 22 instant.

77 1978 55 20 The
148 1979 174 26 Wellington
341 1980 110 26 Baking
465 1980 149 26 Company.

48 2009 91 47 THE
164 2011 254 23 SHAREHOLDERS
442 2019 38 15 are
503 2011 85 29 hereby
608 2020 35 15 re-

122 2038 120 27 spectfully
251 2039 118 27 informed,
384 2039 49 22 that
447 2039 38 22 the
495 2039 57 22 flour
565 2040 24 21 in
605 2039 37 23 the

120 2065 127 26 possession
265 2066 26 21 of
305 2066 38 21 the
353 2066 71 21 above
437 2066 116 27 Company
564 2067 19 22 is
593 2074 49 14 now

48 2089 70 29 ready
128 2091 35 22 for
173 2092 53 27 sale,
239 2095 22 18 at
276 2093 38 21 the
331 2096 48 19 rate
396 2093 27 21 of
430 2093 41 22 2.
487 2093 32 22 7s.
535 2101 40 19 per
590 2093 50 28 bag,

47 2117 74 22 under
131 2125 28 15 an
168 2119 67 22 order
243 2119 79 28 signed
331 2120 31 27 bjr
372 2127 42 14 one
431 2119 27 22 of
468 2119 37 22 the
522 2120 120 22 Collectors

48 2143 36 22 for
94 2144 58 22 their
165 2146 123 27 respective
301 2147 101 27 districts,
414 2147 46 21 and
470 2148 172 26 countersigned

49 2170 31 27 by
89 2171 44 22 Mr.
142 2171 62 22 John
213 2173 76 27 Wade,
302 2173 37 22 the
348 2173 122 22 Treasurer
479 2173 35 22 for
524 2173 37 23 the
571 2174 70 22 above

50 2199 124 27 Company.

105 2242 83 28 EESE,
205 2244 111 28 DUCKS,
338 2245 151 28 TURKEYS,
512 2253 13 15 a
547 2246 44 22 few
612 2253 28 15 on

132 2270 52 23 sale.
216 2271 75 27 Apply
303 2274 22 19 to

179 2297 125 28 Wallace,
321 2298 93 28 White,
430 2299 45 22 and
490 2300 124 22 Wallace.

49 2341 40 20 To
104 2341 253 26 Agriculturalists,
376 2344 171 25 Carpenters,
568 2344 73 21 Saw-

250 2374 72 21 yers,
336 2370 45 21 &c.
396 2371 46 20 &c.

51 2394 135 35 T^VERY
205 2394 134 29 description
360 2397 26 21 of
400 2396 145 27 agricultural
562 2397 80 28 imple-

49 2423 49 19 JLJ
127 2425 81 23 ments,
220 2423 135 26 carpenters'
365 2423 64 27 tools,
441 2424 40 22 &c.
492 2425 40 21 &c.

77 2448 57 22 N.B.
165 2449 23 21 A
203 2449 62 22 fresh
282 2449 145 28 importation
444 2451 26 21 of
483 2451 112 22 excellent
609 2451 33 28 pit

49 2475 46 21 and
109 2479 110 18 cross-cut
235 2483 63 20 saws,
315 2477 89 28 pit-saw
420 2477 56 28 files,
492 2478 40 22 &c.
548 2479 49 26 &c,
612 2485 29 15 on

50 2501 46 22 sale
106 2505 23 18 at
139 2502 37 22 the
188 2506 69 18 stores
268 2503 26 22 of

183 2529 123 28 Wallace,
323 2530 92 27 White,
432 2531 45 22 and
491 2532 122 22 Wallace.

291 2576 109 21 Notice.

165 2601 164 23 /CAPTAIN
344 2603 101 27 WARE,
461 2603 26 22 of
501 2603 38 22 the
555 2604 87 27 barque

64 2625 94 35 J*!&hk}
167 2634 40 16 v^
239 2630 109 26 Winwick,
360 2630 45 21 will
419 2634 40 18 not
468 2631 28 21 be
506 2630 135 23 answerable

51 2666 111 15 trtrrrvt
177 2656 35 21 for
223 2663 45 21 any
277 2656 63 23 debts
351 2657 130 22 contracted
489 2658 31 26 by
529 2657 34 22 his
578 2665 62 14 crew.

313 2684 35 21 W.
365 2684 25 21 B.
405 2684 96 22 Rhodes
517 2684 44 22 and
577 2685 37 22 Co.

167 2728 164 23 /CAPTAIN
346 2729 190 21 MATHIESON
550 2729 44 21 will
604 2733 40 17 not

234 2755 26 22 be
271 2755 136 22 answerable
418 2756 35 21 for
463 2763 44 20 any
518 2756 62 22 debts
590 2763 53 15 con-

53 2777 111 32 t-j?rr^B
179 2782 87 22 tracted
273 2783 32 26 by
315 2782 38 22 the
364 2790 57 14 crew
431 2783 27 21 of
467 2783 38 22 the
517 2784 112 25 Clydeside.

251 2829 54 19 Fox
324 2828 118 26 Sydney,

207 2864 94 22 FTIHE
331 2864 47 22 fine
400 2864 45 21 fast
468 2864 85 28 sailing,
578 2865 22 22 A
623 2867 19 24 1,

214 2886 30 27 JL
282 2891 84 28 barque
389 2892 109 25 Winwick;
518 2892 34 21 W.
569 2891 72 26 Ware,

54 2913 150 39 /C|iEl|sp^
221 2920 153 20 commander.
412 2918 50 22 Has
480 2919 101 26 spacious
600 2919 44 22 and

52 2941 153 39 3jip||||flb
222 2946 89 26 elegant
329 2945 193 22 accommodation
542 2946 34 22 fur
594 2954 50 19 pas-

222 2980 102 19 sengers;
339 2973 21 21 if
372 2971 113 23 sufficient
499 2973 145 23 inducement

52 3001 72 26 offurs,
143 3001 42 21 will
203 3000 97 27 proceed
319 3006 29 15 on
365 2999 38 21 the
421 3003 63 19 coast
499 3002 23 20 to
540 3000 50 28 ship
606 3001 36 21 oil.

51 3027 44 22 For
104 3027 82 27 freight
196 3034 25 15 or
230 3034 93 20 passage
332 3026 68 28 apply
409 3030 24 18 to

312 3060 36 21 W.
365 3060 25 21 B.
407 3060 97 23 Rhodes
518 3060 44 23 and
577 3062 39 21 Co.

197 3106 54 20 For
269 3105 118 21 London
402 3105 96 25 direct,

68 3133 28 19 To
110 3133 43 19 sail
165 3133 23 20 in
202 3139 14 13 a
228 3133 47 24 few
289 3133 52 25 days
355 3133 59 25 after
428 3133 38 20 her
480 3133 80 21 arrival
567 3133 62 26 from

251 3161 101 19 Hawke's
361 3161 54 25 Bay,

221 3196 92 22 rriHE
329 3197 45 21 fine
389 3196 44 22 fast
445 3196 80 28 sailing
534 3197 110 23 schooner

83 3218 114 40 jSJnS|^v
228 3218 28 26 JL
293 3224 83 26 Bailey,
388 3224 94 27 Captain
499 3224 77 22 James
594 3225 48 21 Sin-

80 3246 134 38 rjP^^g^
221 3250 61 27 clair,
303 3256 89 16 master.
405 3262 3 5 -
429 3251 49 21 Has
497 3258 62 14 room
578 3251 36 22 for
631 3259 13 14 a

58 3272 204 40 c^^^^^~few
289 3280 169 19 measurement
484 3278 69 27 goods
582 3278 60 27 only.

223 3303 42 22 For
284 3304 83 27 freight
386 3312 25 14 or
426 3311 93 20 passage
536 3305 68 27 apply
621 3309 22 18 to

176 3337 24 21 F.
212 3337 28 21 V.
252 3337 86 22 Martin
350 3337 44 22 and
404 3338 48 26 Co.,
465 3345 25 14 or
499 3341 23 18 to

176 3364 21 21 J.
205 3364 33 21 M.
249 3364 89 28 Taylor,
351 3364 54 28 Ship
416 3364 92 27 Broker,
519 3364 31 22 Te
561 3365 55 22 Aro.

198 3410 53 20 For
265 3410 116 20 London
397 3410 96 24 direct,

69 3437 29 20 To
111 3436 43 20 tail
166 3437 23 19 in
202 3443 14 12 a
228 3436 46 26 few
288 3437 51 25 days
354 3437 58 26 after
426 3438 39 22 her
479 3438 80 20 arrival
565 3438 63 26 from

266 3464 100 20 Hawke's
378 3465 55 26 Bay,

231 3500 44 23 nn
280 3500 43 22 HE
339 3501 46 22 fine
392 3501 43 22 fast
445 3502 81 27 sailing
535 3502 110 22 schooner

87 3525 134 37 jaSljSg^
238 3524 30 24 -i-
323 3529 81 26 Bailey,
425 3529 94 27 Captain
543 3529 100 23 Sinclair.

82 3550 139 39 jLTPg^
231 3553 44 22 For
284 3561 92 21 passage
387 3555 60 27 only,
459 3556 67 27 apply
536 3559 23 18 to

65 3577 160 34 -/raKsHiw
417 3582 89 22 Willis
521 3582 44 22 and
578 3583 38 22 Co.

61 3604 164 31 fggasSgP
232 3606 145 28 Wellington,
388 3608 60 27 Sept.
458 3610 34 25 20,
503 3610 59 21 1841.

259 3653 54 19 For
323 3653 117 25 Sydney,

87 3681 28 19 To
125 3680 41 20 sail
176 3680 21 19 in
207 3685 14 14 a
228 3679 48 26 few
285 3679 52 25 days
346 3679 58 25 after
414 3681 38 19 her
461 3681 80 20 arrival
549 3681 63 26 from

282 3707 46 20 the
341 3707 68 26 Coast,

64 3736 108 35 ^ZQgL
214 3738 92 33 npHE
329 3738 46 22 fine
401 3738 50 21 first
478 3738 56 23 class
560 3740 84 28 barque

79 3761 108 38 jr&L
225 3770 24 16 *
273 3766 42 25 R5
315 3772 3 10 r
318 3772 7 13 *
327 3772 12 13 a
359 3767 39 20 ISO
416 3768 57 24 tons,
484 3766 76 21 James
573 3767 71 22 Bruce

260 3796 90 19 master,
361 3792 44 22 will
416 3792 42 21 sail
472 3792 34 21 for
521 3792 37 22 the
575 3793 69 22 above

54 3813 153 40 -jggtfJFi
228 3825 15 20 P
245 3825 25 14 or
271 3822 14 24 t>
307 3819 38 21 aft*
345 3826 7 8 3
354 3827 11 14 ?
392 3818 85 27 having
495 3818 60 23 filled
574 3827 31 20 up
623 3824 23 18 at

54 3841 156 37 %SSSKpg
230 3845 86 27 Cloudy
332 3846 56 27 Bay.
418 3845 48 22 Has
484 3846 111 22 excellent
610 3854 35 15 ac-

230 3872 166 22 commodation
402 3872 35 21 for
445 3879 137 21 passengers.
603 3873 43 22 For

53 3897 85 28 freight
147 3906 25 15 or
179 3905 102 22 passage,
291 3899 68 27 apply
369 3902 24 19 to

409 3926 23 21 J.
443 3925 45 23 and
498 3925 27 22 G.
538 3926 80 23 Wade.
638 3925 4 15 ;

806 117 54 21 For
868 115 159 27 Wanganui
1037 114 96 25 direct,

754 151 29 21 To
791 151 42 21 tail
844 151 22 19 in
882 151 35 19 the
926 155 72 15 course
1007 148 28 27 of
1044 155 13 13 a
1061 148 47 26 few
1122 148 56 27 days,

827 179 45 39 rjp
876 186 44 22 HE
935 186 46 22 fine
998 186 44 21 fast
1058 185 81 27 sailing
1154 183 105 24 schooner

697 212 113 33 iJHfcP\
833 220 32 15 --
904 219 39 14 ane
943 229 6 5 '
978 212 44 22 For
1038 212 83 27 freight
1131 219 26 14 or
1171 218 88 20 passage

677 233 150 33 -*4flPig
854 240 68 28 apply
941 243 23 18 to
990 238 105 25 Wallace,
1112 238 81 26 White,
1217 237 42 22 and

675 261 153 43 PPHm|
855 266 107 27 Wallace,
974 273 25 14 or
1009 269 23 18 to

764 2060 126 20 AGENTS
903 2060 57 20 FOR
976 2060 73 19 THIS
1061 2060 110 19 PAPER.

691 2086 38 17 Mr.
741 2086 131 18 BURCHAM
966 2086 74 17 Petoni.

691 2107 38 17 Mr.
741 2108 24 16 R.
777 2107 117 17 BARRETT
969 2107 47 17 New
1024 2107 110 21 Plymouth,
1140 2106 99 18 TaranaVi.

691 2129 38 17 Mr.
742 2129 25 17 H.
779 2128 124 18 CHURTON
968 2128 114 22 Wanganui.

691 2150 38 17 Mr.
741 2150 30 17 W.
783 2150 101 17 WILSON
967 2149 40 22 Bay
1015 2149 22 17 of
1046 2148 83 18 Islands.

690 2188 41 19 The
739 2188 98 23 following
844 2193 33 13 are
884 2188 34 18 tho
925 2190 79 20 quarter
1014 2188 48 22 days
1070 2188 21 18 of
1103 2188 40 18 this
1149 2192 58 18 paper
1213 2194 5 10 :

779 2210 68 17 March
1110 2211 48 16 31st.

778 2231 52 17 June
1108 2231 51 18 30th.

777 2252 114 22 September
1108 2253 52 17 30th.

777 2274 108 17 December
1109 2275 48 16 31st.

691 2294 82 18 Persons
780 2294 111 22 previously
898 2296 21 16 to
931 2294 146 23 discontinuing
1089 2295 52 17 their
1148 2300 68 17 paper?
1223 2294 36 18 and

671 2315 166 22 advertisements,
846 2317 52 16 must
906 2316 57 17 settle
971 2315 33 18 the
1014 2317 93 17 accounts
1115 2317 38 17 due
1160 2321 24 17 up
1198 2317 20 16 to
1228 2316 31 18 the

671 2336 52 18 date.
