2550 3989
559 11 107 33 THE
685 12 113 34 NEW
811 14 232 34 ZEALAND
1066 16 233 35 GAZETTE
1312 21 104 32 AND
1435 22 330 37 WELLINGTON
1790 28 294 34 SPECTATOR.

255 92 252 25 AUCKLAND.

709 98 178 31 contemplation
902 104 84 19 cannot
1003 101 60 23 raise
1082 101 25 23 in
1125 101 38 24 the
1164 109 4 4 1
1179 103 65 22 mind
1258 110 41 16 one

707 130 52 23 idea
767 131 27 23 of
802 132 85 31 utility.
909 132 25 25 A
941 136 87 20 trustee
1036 133 26 23 of
1070 139 116 26 property,
1193 143 25 15 or
1225 141 29 17 an
1264 136 35 24 in-

706 167 120 27 terpreter,
847 165 19 23 is
883 173 30 15 an
929 165 140 32 intelligible'
1084 167 66 23 office
1161 176 6 20 ;
1195 168 43 23 but
1248 168 4 4 '
1262 169 37 23 the

706 197 117 23 existence
836 198 25 23 of
878 198 132 26 Protectors
1027 200 20 22 is
1059 199 122 33 admitting
1192 201 50 24 that
1261 202 38 23 the

704 229 90 23 natives
815 230 46 24 will
884 236 39 18 not
941 232 29 23 be
989 232 111 31 regarded
1119 233 30 31 by
1160 233 38 24 the
1216 234 44 24 law
1275 242 24 16 as

704 261 90 24 British
802 263 101 31 subjects
911 273 5 19 ;
928 264 46 23 and
985 265 20 22 if
1014 265 55 31 they
1078 266 30 23 be
1116 270 47 25 not,
1172 273 33 17 we
1217 267 82 24 should

702 294 50 23 like
770 299 23 19 to
812 296 68 23 know
899 296 38 24 the
956 302 93 19 amount
1061 298 26 24 of
1101 300 132 30 protection'
1247 299 49 25 Mr.

704 327 87 25 Clarke
802 329 66 23 could
880 329 71 24 afford
963 330 38 23 the
1012 332 76 23 native
1099 332 141 31 population.

737 360 52 24 The
800 360 87 32 Sophia
899 362 68 30 Pate,
986 363 58 23 after
1062 365 94 31 visiting
1173 364 125 26 Auckland

702 393 46 23 and
755 393 40 24 the
806 393 51 32 Bay
866 395 26 23 of
901 395 100 30 Islands,
1013 398 128 29 proceeded
1152 403 23 19 to
1185 399 111 31 Kiapara,

701 430 24 18 to
737 426 52 24 load
807 428 90 23 timber.
934 428 48 23 She
993 430 173 32 unfortunately
1177 437 40 25 got
1234 440 63 24 upon

700 466 15 15 a
725 458 59 24 sand
795 459 63 24 bank
870 465 24 19 at
907 461 36 23 the
962 466 114 26 entrance,
1096 464 46 23 and
1152 465 41 22 has
1203 465 93 24 become

699 499 16 15 a
729 492 56 23 total
802 493 83 24 wreck.
922 494 149 32 Melancholy
1083 500 23 19 to
1125 497 77 30 relate,
1222 492 77 30 out~of

700 526 34 22 24
752 533 137 24 passengers
909 535 30 15 on
956 527 80 30 board,
1056 534 142 26 twenty-one
1216 536 48 19 met
1282 539 14 16 a

699 562 85 26 watery
796 566 77 22 grave.
909 560 52 23 The
974 569 58 15 crew
1043 569 59 16 were
1114 564 77 23 saved.

733 591 37 31 By
781 600 15 14 a
802 593 184 31 metereological
997 595 61 23 table
1069 595 56 31 kept
1136 601 22 18 at
1169 597 123 24 Auckland

697 623 85 32 during
794 625 38 24 the
842 625 45 24 last
895 626 81 25 twelve
986 628 99 29 months,
1099 630 19 21 it
1127 637 95 24 appears
1233 635 22 19 to
1265 639 27 15 us

697 656 40 24 the
748 658 91 24 climate
850 659 26 23 of
890 659 50 25 that
951 660 46 24 and
1008 661 46 23 this
1064 663 133 23 settlement
1208 664 20 22 is
1237 672 55 23 very

695 691 80 31 nearly
787 691 39 24 the
837 700 70 16 same.
944 693 26 24 It
981 701 94 25 appears
1085 700 24 19 to
1116 697 51 22 rain
1178 696 45 24 and
1233 696 59 24 blow

695 724 57 23 with
763 724 64 24 them
838 734 29 16 on
878 726 38 23 the
925 734 64 16 same
996 727 56 31 days
1061 728 19 23 it
1091 729 62 23 rains
1165 729 45 24 and
1221 729 71 24 blows

695 757 56 23 with
772 766 37 21 us,
833 759 45 24 and
895 759 65 24 there
983 760 20 23 is
1021 768 29 15 an
1069 762 68 30 equal
1153 762 97 24 number
1268 763 24 23 of

695 790 76 31 windy
782 791 57 32 days
856 793 25 23 in
892 792 55 24 both
958 793 86 32 places.
1080 794 46 24 We
1138 795 45 23 will
1195 795 54 24 take
1261 804 30 16 an

694 826 149 30 opportunity
861 830 23 19 to
904 826 70 23 make
991 835 14 14 a
1024 828 143 30 comparison
1187 828 103 25 between

694 856 40 24 the
746 858 73 23 tables
831 858 56 32 kept
898 863 24 19 at
931 859 57 23 both
999 860 84 31 places.

729 891 50 23 The
804 891 72 24 Court
899 893 25 22 of
946 892 120 31 Requests
1076 900 5 2 '
1094 895 146 23 commenced
1254 900 36 19 sat

693 923 126 24 Auckland
836 933 29 15 on
876 924 39 24 the
935 926 43 25 7th
992 926 144 31 September,
1156 928 44 23 and
1212 928 77 24 closed

693 964 30 15 on
733 956 37 24 the
778 957 51 24 9th.
854 958 50 23 The
915 959 54 29 only
977 967 51 15 case
1035 959 26 22 of
1071 960 97 23 interest
1177 962 58 23 tried
1241 970 48 15 was

692 997 14 15 a
718 989 99 24 demand
827 990 30 31 by
866 991 40 23 the
913 991 127 24 Auckland
1053 992 108 33 Printing
1169 994 119 32 Company

691 1023 91 30 against
795 1023 48 24 Mr.
857 1023 28 24 C.
899 1025 101 29 Brewer,
1019 1025 35 23 for
1072 1025 39 24 the
1124 1035 51 15 sum
1186 1028 26 23 of
1222 1029 64 29 £20,

690 1054 36 25 for
734 1056 89 31 deposit
831 1057 44 24 and
883 1058 51 23 first
939 1058 134 24 instalment
1080 1060 26 22 of
1113 1060 60 31 forty
1180 1061 107 32 shillings

690 1096 63 24 upon
770 1090 45 23 five
836 1090 86 24 shares.
964 1091 70 24 After
1052 1092 98 32 hearing
1168 1094 39 23 the
1225 1103 60 21 case,

690 1121 38 24 the
741 1127 64 19 court
819 1123 92 24 decided
922 1123 51 24 that
985 1124 48 25 Mr.
1047 1126 94 24 Brewer
1153 1127 28 23 do
1192 1135 45 24 pay
1247 1128 39 24 the

688 1163 53 16 sum
754 1156 25 23 of
788 1157 55 23 £20
855 1157 45 23 and
911 1162 70 18 costs.

722 1189 175 26 Legislative
920 1191 124 24 Council.
1046 1205 34 3 —
1080 1192 46 24 We
1144 1194 140 24 understand

687 1221 50 25 that
749 1223 39 23 the
800 1223 141 31 Legislative
955 1225 97 23 Council
1065 1226 46 23 will
1124 1232 60 19 meet
1194 1227 42 27 for.
1246 1228 38 23 the

686 1255 105 33 dispatch
799 1257 26 23 of
835 1257 125 31 important
966 1258 106 24 business
1085 1267 30 15 on
1127 1260 155 33 Wednesday,

687 1288 38 24 the
747 1291 35 22 Ist
796 1290 26 23 of
839 1290 137 30 December,
996 1291 44 24 and
1052 1300 33 15 we
1104 1294 75 23 would
1195 1301 88 17 recom-

685 1322 69 24 mend
765 1324 30 23 all
805 1324 86 31 parties
899 1325 121 31 intending
1031 1330 23 18 to
1062 1326 69 31 apply
1141 1327 35 23 for
1188 1327 94 24 Private

685 1355 60 25 Bills
755 1364 25 16 or
798 1357 151 30 Ordinances,
972 1362 22 19 to
1012 1359 49 22 lose
1073 1367 30 15 no
1120 1360 54 23 time
1190 1361 23 22 in
1226 1361 56 24 sub-

685 1390 92 31 mitting
797 1390 39 24 the
854 1390 71 25 drafts
938 1395 24 19 to
980 1391 39 24 the
1035 1399 84 24 proper
1138 1394 142 29 authorities,

683 1422 75 24 which
769 1431 33 16 we
814 1423 87 25 believe
920 1429 22 19 to
955 1425 28 23 be
995 1425 38 23 the
1047 1425 72 24 Clerk
1132 1427 26 22 of
1174 1427 104 24 Council.

682 1468 34 5 —
718 1455 97 24 Herald.

802 1517 199 25 ENGLISH
1026 1519 132 24 NEWS.

121 145 37 31 By
175 145 40 24 the
231 145 54 32 brig
302 145 119 31 Portenia,
431 157 3 5 ■
441 147 75 24 which
534 148 91 24 arrived
648 157 30 16 on

87 178 85 30 Friday
193 178 52 29 last,
269 186 35 16 we
324 179 60 24 have
406 179 65 25 dates
494 181 82 23 thence
596 186 24 19 to
638 183 40 23 the

86 211 47 24 2nd
146 211 108 24 October.

118 241 45 26 We
173 244 58 23 have
241 244 72 24 taken
324 245 39 23 the
370 245 118 32 following
498 251 89 20 extract
596 256 29 15 on
637 248 39 25 the

85 276 88 32 subject
196 277 26 23 of
239 277 80 23 claims
337 282 24 19 to
379 278 54 25 land
453 280 25 23 in
496 280 58 24 New
573 280 103 25 Zealand

83 310 59 22 from
154 309 38 23 the
203 308 122 25 Auckland
334 310 100 25 Herald.

99 360 3 5 •
107 342 40 32 tip
156 350 24 18 to
189 346 38 22 the
236 352 93 23 present
339 349 60 27 time,
408 350 63 23 there
481 351 59 22 have
548 351 60 22 been
618 352 57 27 pub-

83 372 72 23 lished
160 374 41 21 595
212 375 80 24 claims,
300 375 31 27 by
337 377 43 21 280
388 377 145 23 individuals.
562 378 34 22 Of
601 378 72 28 these,

83 400 61 22 there
154 407 38 14 are
201 402 40 20 435
252 402 80 27 claims,
344 402 27 22 of
381 404 73 22 which
463 404 46 22 the.
518 405 56 21 total
583 405 19 21 is
617 406 56 20 thir-

83 429 45 19 teen
137 428 97 24 millions,
245 430 50 19 nine
310 430 97 21 hundred
414 432 44 19 and
473 433 77 25 twenty
561 432 110 26 thousand,

74 454 56 26 four
143 455 96 21 hundred
247 457 45 20 and
300 458 122 25 eighty-two
432 465 67 14 acres.

107 480 48 22 The
169 483 128 27 remaining
308 486 39 20 160
363 492 62 15 cases
440 492 37 15 are
487 489 40 18 not
537 486 91 22 defined
641 486 32 27 by

80 507 106 28 ordinary
194 508 55 23 land
258 510 83 28 marks,
352 511 41 21 but
401 519 39 14 are
450 512 89 22 limited
548 513 30 27 by
588 513 84 26 degrees

78 534 28 22 of
111 535 90 21 latitude
208 537 43 20 and
259 538 114 26 longitude,
381 538 44 22 and
436 539 120 28 computed
565 540 24 21 in
596 546 76 21 square

78 563 59 19 miles
144 562 89 22 instead
242 564 28 21 of
275 571 64 15 acres
347 564 7 22 !
361 564 7 21 !
375 564 6 21 .'

104 588 73 22 These
184 589 68 22 latter
260 590 80 23 claims
349 592 81 26 would,
441 595 24 19 at
473 592 115 22 moderate
596 593 74 23 calcu-

75 614 79 28 lation,
172 616 29 22 be
216 616 83 23 double
314 618 39 21 the
368 619 41 21 435
424 619 80 22 claims
509 627 5 20 ;
536 626 25 14 so
577 620 56 29 that,
644 621 24 23 in

76 642 73 21 round
165 643 114 27 numbers,
296 644 38 22 the
349 645 57 21 total
424 646 85 27 claims,
528 653 25 15 as
568 651 42 22 yet
619 652 50 18 seht

74 672 48 18 into
132 668 38 22 the
176 669 195 29 .Commissioners,
380 673 86 27 maybe
475 673 67 27 fairly
549 674 119 24 estimated

76 698 23 19 at
108 702 62 15 more
181 696 54 22 than
238 698 68 26 forty
314 700 92 19 millions
415 700 27 21 of
448 707 62 15 acres
516 700 6 21 !
532 700 5 21 !
546 700 6 20 !

102 722 45 21 For
155 724 43 22 400
212 730 57 15 cases
285 731 25 14 or
323 727 78 21 claims,
411 726 112 23 affidavits
536 727 59 23 have
609 728 58 23 been

74 748 73 28 made,
158 749 46 22 and
213 750 38 23 the
262 752 56 22 total
326 753 68 22 .value
403 752 24 23 in
436 753 72 27 goods
520 753 46 23 and
575 762 90 18 money,

74 776 19 21 is
101 775 104 27 £34,096.
299 785 4 3 ■
536 798 3 6 ,
643 767 13 16 y
659 772 6 11 '

100 802 45 21 For
155 804 39 21 195
205 811 61 16 cases
279 813 30 14 no
325 806 66 23 value
401 806 18 22 is
436 807 80 28 stated,
526 807 41 23 but
582 808 23 22 if
610 809 57 27 .paid

73 829 34 22 for
114 836 23 15 m
147 829 39 22 the
193 837 61 16 same
264 833 64 27 ratio,
340 833 39 23 the
389 838 94 18 amount
494 834 45 22 will
547 835 29 21 be
587 836 79 27 nearly

65 856 65 26 forty
146 858 104 21 thousand
260 861 92 25 pounds,
365 861 131 28 equivalent
506 865 22 19 to
545 868 40 14 one
593 868 73 21 penny

64 884 43 25 for
116 885 59 20 three
183 891 65 17 acres.

98 911 93 26 Among
204 912 62 23 these
278 914 78 23 claims
366 922 38 15 are
413 918 42 19 not
464 916 127 28 comprised
601 916 63 24 thoso

71 938 26 21 of
112 938 38 22 the
167 938 57 24 New
239 940 103 23 Zealand
356 941 66 23 Land
438 943 116 28 Company
569 947 26 18 at
611 944 54 22 Port

69 964 132 28 Nicholson,
226 966 81 28 which,
332 969 122 27 according
478 973 23 19 to
524 971 38 21 the
586 971 76 25 public

69 991 78 27 prints,
156 997 94 18 amount
258 997 23 19 to
285 996 46 25 jive
340 997 91 20 millions
438 996 27 22 of
471 1004 68 19 acres,
548 997 47 21 and
602 997 60 28 daily

69 1017 59 22 fresh
137 1018 78 23 claims
225 1028 37 14 are
273 1026 51 18 sent
332 1026 22 18 to
364 1023 38 22 the
410 1023 187 23 Commissioners
604 1024 58 22 from

68 1046 29 20 all
107 1048 109 25 quarters.

93 1070 42 23 We
145 1079 51 15 now
205 1074 42 22 call
258 1074 39 22 the
303 1076 112 22 attention
425 1079 23 19 to
459 1076 38 22 the
507 1077 51 26 fact,
567 1077 50 22 that
622 1077 39 23 the

64 1099 78 26 largest
147 1101 55 25 part
212 1101 26 21 of
245 1101 38 22 the
296 1102 88 23 Islands
391 1103 44 22 lias
445 1104 155 26 notyetbe.en
611 1105 48 21 sold

67 1126 28 26 by
106 1126 37 21 the
154 1127 86 22 natives
245 1135 36 13 :—
282 1128 35 22 for
326 1130 111 27 instance,
446 1129 39 23 the
492 1131 105 22 Waikato
608 1131 51 23 Dis-

66 1153 55 26 trict,
142 1154 45 21 and
204 1154 63 23 those
282 1155 27 22 of
323 1157 37 21 the
376 1157 100 26 interior,
488 1158 51 26 viz.,
557 1158 102 22 Rotorua

66 1179 43 22 and
122 1180 106 28 Taupo—
229 1189 24 14 as
263 1182 51 22 well
324 1190 25 15 as
365 1185 80 26 nearly
455 1184 38 22 the
504 1185 71 21 whole
588 1186 26 21 of
621 1185 37 23 ihe

64 1206 94 22 Eastern
169 1208 67 22 Coast
243 1209 26 21 of
276 1209 52 28 this,
342 1210 39 23 the
390 1211 116 22 Northern
517 1211 85 23 Island.

90 1234 148 28 Considering
247 1236 31 22 all
296 1236 62 24 these
371 1239 64 26 facts,
450 1246 41 14 our
508 1239 90 21 readers
613 1239 45 22 will

62 1260 113 23 doubtless
186 1261 27 22 be
227 1264 113 27 surprised
351 1265 64 21 when
426 1273 34 14 we
475 1266 106 27 acquaint
595 1267 62 22 them

62 1287 47 21 that
125 1287 38 22 the
180 1288 72 23 whole
269 1291 88 22 surface
375 1292 26 22 of
414 1292 38 22 the
462 1293 59 21 three
534 1294 85 20 Islands
634 1294 27 21 of

62 1314 56 22 New
137 1314 101 24 Zealand
257 1317 54 22 does
335 1322 42 18 not
396 1320 92 21 contain
512 1328 62 14 more
598 1321 56 22 than

60 1342 77 26 80,600
147 1350 80 19 square
238 1344 71 27 miles,
321 1352 25 15 or
354 1347 128 27 51,584,000
494 1354 69 15 acres.

95 1376 50 24 The
156 1378 68 24 mode
235 1380 25 22 in
271 1380 75 24 which
365 1381 39 24 the
423 1383 55 23 time
488 1383 26 23 of
538 1383 39 23 the
600 1391 55 16 sur-

60 1417 80 24 veyors
152 1411 20 23 is
184 1411 69 33 being
262 1415 110 30 occupied
373 1428 33 4 —
407 1415 39 24 the
455 1421 87 26 system
560 1418 26 22 of
601 1417 53 24 land

59 1443 59 24 sales
120 1456 33 4 —
154 1445 45 23 and
210 1445 37 24 the
258 1447 63 30 price
334 1452 24 19 at
364 1448 74 24 which
447 1449 66 25 lands
521 1458 37 15 are
568 1450 86 25 offered

59 1481 24 18 at
104 1477 125 25 Auckland
229 1492 34 4 —
264 1488 39 15 are
320 1481 102 31 subjects
441 1491 63 23 upon
521 1483 75 24 which
615 1484 39 24 the

60 1508 96 25 Herald
164 1511 131 39 frequently
303 1519 133 25 comments,
450 1517 46 23 and
506 1517 54 30 they
567 1525 86 23 appear

59 1543 30 23 all
100 1544 91 32 equally
203 1546 23 23 in
244 1545 39 25 the
302 1548 92 31 opinion
413 1550 27 22 of
461 1550 39 23 the
519 1550 91 30 Editor,
629 1555 23 19 to

58 1576 29 23 be
94 1576 51 32 just
156 1585 79 17 causes
248 1580 25 22 of
289 1580 188 26 dissatisfaction.

92 1610 50 24 The
167 1611 217 33 Harbour-master,
408 1616 24 23 in
451 1624 14 15 a
483 1616 66 24 letter
568 1622 23 19 to
613 1618 38 23 the

57 1651 76 23 paper,
146 1644 56 24 calls
215 1648 112 22 attention
338 1652 23 19 to
372 1648 38 24 the
417 1649 113 24 unfitness
542 1651 26 23 of
577 1651 73 31 ships'

57 1677 63 23 boats
132 1677 35 23 for
176 1678 95 32 landing
282 1688 69 24 cargo
367 1686 24 19 at
406 1682 133 31 Auckland,
556 1684 45 23 and
614 1692 36 16 re-

57 1711 129 24 commends
199 1712 48 23 that
255 1718 82 27 strong
347 1715 82 32 barges
441 1716 84 24 should
536 1717 28 23 be
582 1717 67 30 built,

57 1743 123 25 calculated
192 1750 22 18 to
226 1747 65 23 work
304 1748 54 23 with
368 1757 42 15 one
422 1750 51 29 sail,
485 1750 45 24 and
540 1751 110 31 provided

56 1776 53 24 with
122 1786 43 15 one
177 1779 86 23 anchor
274 1781 45 23 and
332 1782 68 23 chain
410 1783 71 24 cable.

88 1810 25 23 It
123 1819 46 15 was
182 1814 134 23 announced
327 1815 24 23 in
364 1816 39 23 the
413 1816 123 24 Auckland
546 1815 102 32 Herald,

55 1843 48 23 that
115 1844 18 23 it
145 1852 46 16 was
205 1849 21 20 to
245 1846 28 23 be
293 1848 79 24 issued
389 1850 185 31 semrai-weekly
592 1851 58 24 after

55 1877 37 23 the
104 1879 85 23 second
201 1879 26 23 of
241 1879 111 31 October,
371 1883 44 22 and
426 1883 38 24 the
476 1884 69 30 price,
556 1885 26 22 in
594 1893 54 15 con-

55 1917 118 25 sequence,
186 1920 46 16 was
244 1917 23 19 to
280 1914 29 23 be
320 1915 116 25 advanced
447 1916 60 24 from
518 1918 36 23 £2
568 1921 23 19 to
610 1919 37 23 £3

53 1950 40 21 per
102 1952 94 17 annum.

88 1976 51 23 The
146 1977 116 33 following
266 1980 20 22 is
295 1980 38 24 the
339 1982 121 23 estimated
467 1982 150 31 expenditure
624 1983 27 23 of

55 2008 37 24 the
105 2010 57 23 New
173 2011 103 25 Zealand
289 2013 159 25 Government
460 2016 34 23 for
516 2023 42 16 one
574 2025 54 22 year
639 2025 6 19 ;

55 2043 28 29 by
95 2043 73 24 which
179 2053 34 14 we
225 2053 100 24 suppose
342 2048 21 22 is
382 2053 79 19 meant
477 2049 39 23 for
533 2049 39 24 the
590 2058 56 22 year

57 2078 71 22 1841.
175 2077 77 26 While
271 2080 39 23 the
329 2089 112 23 expenses
461 2091 38 14 are
517 2084 76 30 given,
614 2091 33 16 we

53 2117 39 15 are
103 2110 41 23 left
156 2111 96 25 without
263 2121 46 24 any
320 2119 97 19 account
429 2116 27 23 of
470 2116 39 24 the
521 2124 61 23 ways
601 2117 46 23 and

55 2150 76 16 means
144 2145 25 22 of
184 2147 101 30 meeting
297 2147 45 24 this
354 2156 122 17 enormous
487 2150 157 30 expenditure.

55 2175 73 24 There
142 2185 37 16 are
191 2183 40 19 not
240 2187 64 17 more
314 2181 56 23 than
387 2184 67 22 5000
473 2183 138 31 Europeans
622 2185 25 22 in

55 2209 55 23 New
133 2211 108 32 Zealand,
262 2215 164 31 consequently
447 2216 39 23 the
505 2225 100 23 expense
623 2217 26 24 of

54 2244 126 32 governing
198 2245 54 25 then
270 2253 108 19 amounts
396 2253 23 19 to
443 2250 56 24 £10
520 2258 41 23 per
578 2250 67 29 head,

55 2283 58 22 man,
125 2285 97 24 woman,
234 2281 47 23 and
292 2281 69 24 child.
398 2282 53 24 The
461 2283 76 24 Lords
555 2284 27 23 of
603 2284 42 24 her

55 2309 119 33 Majesty's
187 2312 118 33 Treasury
317 2315 49 23 will
379 2316 83 31 regard
480 2317 46 23 this
540 2317 105 24 estimate

53 2340 53 26 with
116 2345 92 24 wonder
219 2347 45 23 and
274 2354 153 19 amazement.

280 2858 163 22 WILLOUQHBY
460 2859 149 28 ShORTLAND,

332 2885 102 22 Colonial
447 2886 125 28 Secretary.

70 2908 101 24 Colonial
182 2910 136 28 Secretary's
328 2911 79 28 Office,
412 2912 136 28 -Auckland,
624 2921 12 12 \

135 2937 59 22 New
203 2937 108 28 Zealand,
323 2939 58 27 July
391 2940 21 26 2,
423 2939 63 22 1841'.
487 2942 14 20 \

76 2972 148 31 Subsequent
244 2973 111 25 numbers
374 2975 26 23 of
429 2974 40 25 the
492 2983 71 24 paper
583 2977 55 31 give

43 3011 61 17 some
116 3005 26 24 of
162 3006 39 24 the
217 3006 83 25 details
319 3008 27 23 of
367 3008 46 24 this
432 3010 114 23 estimate.
591 3010 46 24 We

44 3036 45 25 find
105 3038 49 24 that
171 3039 39 24 the
229 3041 73 24 £450
319 3041 37 24 for
372 3041 174 25 Ecclesiastical
563 3043 73 24 Esta-

43 3068 121 28 blishment
174 3074 21 23 is
207 3078 22 19 to
241 3074 29 23 be
283 3074 119 32 expended
412 3076 26 23 in
454 3076 67 31 equal
538 3084 98 24 propor-

43 3103 57 25 tions
109 3113 61 24 upon
182 3115 15 15 a
207 3107 102 25 resident
318 3108 109 25 Minister
435 3114 25 19 at
466 3110 59 23 Port
536 3110 99 23 Nichol-

43 3143 47 23 son,
99 3137 133 33 Auckland,'
239 3141 46 24 and
295 3141 39 24 the
341 3142 52 31 Bay
400 3142 27 24 of
436 3143 102 24 Islands.
575 3143 60 25 This

42 3176 65 23 grant
130 3173 64 31 gives
224 3178 23 20 to
276 3175 57 24 each
357 3176 111 24 Minister
492 3177 72 24 £150
591 3184 44 24 .per

41 3210 98 24 annum;
169 3208 160 32 considerably
346 3208 47 25 less
419 3210 57 24 than
492 3210 39 23 the
548 3211 87 23 annual

43 3236 85 31 stipend
138 3240 38 24 the
188 3241 58 24 Port
257 3241 130 25 Nicholson
397 3243 93 24 settlers
507 3244 84 30 agreed
609 3248 23 19 to

41 3275 43 25 pay
106 3271 48 26 Mr.
180 3274 114 25 Churton.
336 3275 38 32 By
396 3285 31 15 an
448 3277 79 23 article
544 3278 26 22 in
593 3277 39 24 the

41 3300 100 34 Herald,
164 3307 18 24 it
205 3316 97 24 appears
321 3309 47 23 this
389 3309 124 25 allowance
534 3311 19 22 is
576 3318 57 24 very

43 3335 88 27 inferior
143 3344 22 19 to
177 3340 39 25 the
227 3342 93 31 stipend
331 3342 95 25 allowed
438 3351 46 24 any
499 3344 133 31 clergyman

41 3367 23 24 in
71 3377 42 24 any
123 3380 43 16 one
178 3374 27 24 of
219 3374 38 25 the
269 3375 120 33 adjoining
401 3377 117 24 Colonies.
566 3381 4 3 '

73 3408 48 26 The
133 3412 82 33 charge
226 3415 73 25 under
316 3417 39 23 the
368 3421 58 20 term

40 3447 19 17 is
70 3446 22 20 to
108 3452 14 16 a
133 3448 154 25 considerable
304 3455 102 25 amount,
424 3451 206 32 disproportionate

38 3478 24 19 *°
81 3476 37 25 the
139 3480 99 26 Salaries
256 3483 47 23 and
321 3483 179 32 Contingencies
518 3485 25 23 of
563 3486 72 23 other'

38 3507 168 33 Departments.
242 3514 25 25 It
278 3516 22 23 is
311 3524 26 15 as
347 3518 89 23 follows
445 3531 35 4 —

64 3877 56 25 This
131 3880 20 24 is
161 3890 14 15 a
187 3882 83 32 charge
281 3892 35 16 we
332 3885 60 31 hope
403 3885 47 24 will
462 3894 56 15 soon
528 3886 29 23 be
575 3887 47 23 dis-

32 3911 82 26 pensed
124 3914 53 25 with
186 3924 7 20 ;
209 3924 14 16 a
234 3917 174 33 Protectorship
419 3919 22 23 is
452 3919 96 25 useless.
587 3919 36 24 Its

749 1575 79 27 [From
840 1576 36 23 the
890 1578 96 21 Colonial
996 1580 94 24 Gazette,
1105 1580 56 27 May
1169 1580 46 27 26.]

715 1604 52 24 The
787 1605 105 25 Queen's
908 1606 121 33 birth-day
1040 1616 46 15 was
1108 1609 128 24 celebrated
1254 1610 23 23 in

681 1637 90 24 Dublin
782 1639 33 30 by
834 1647 13 15 a
867 1641 82 22 review
969 1641 46 23 and
1033 1641 66 24 sham
1118 1642 59 31 fight
1196 1643 25 23 in
1240 1643 37 23 the

681 1670 101 25 Phoenix
795 1672 73 30 Park,
878 1674 24 22 in
915 1674 39 22 the
965 1682 110 23 presence
1092 1675 27 23 of
1143 1675 38 24 the
1202 1675 75 25 Lord-

680 1703 151 24 Lieutenant.

713 1737 66 24 Lord
803 1739 116 32 Cardigan
941 1748 47 16 was
1006 1741 102 24 balloted
1136 1742 37 23 for
1198 1750 15 16 a
1234 1743 43 23 few

680 1770 56 32 days
749 1772 63 23 since
824 1773 35 23 for
871 1773 126 24 admission
1009 1779 23 18 to
1043 1775 39 23 the
1091 1775 83 24 Senior
1188 1776 88 24 United

680 1804 93 24 Service
784 1805 60 24 Club
854 1815 5 20 ;
873 1807 29 23 he
915 1807 45 23 had
972 1808 107 31 fifty-one
1092 1808 70 24 black
1172 1809 68 25 balls.

712 1837 46 24 We
770 1838 57 24 have
838 1839 37 24 the
891 1841 90 29 painful
1001 1841 148 31 intelligence
1169 1848 23 18 to
1212 1851 63 16 com-

678 1872 117 23 municate
813 1873 26 22 of
864 1873 38 23 the
917 1874 55 23 total
993 1874 140 24 destruction
1153 1876 30 31 by
1198 1876 42 24 fire
1253 1877 25 23 of

680 1903 93 25 Tetcott
788 1905 89 30 House,
899 1907 37 23 the
955 1912 108 26 property
1076 1908 27 23 of
1118 1909 39 22 Sir
1169 1909 106 24 William

678 1936 159 30 Molesworth,
862 1940 109 28 Baronet,
996 1949 30 15 on
1049 1942 87 30 Friday
1154 1942 121 25 afternoon

676 1970 54 22 last.
767 1971 52 23 The
830 1971 79 30 house,
922 1972 75 24 which
1010 1980 46 16 was
1064 1974 59 23 built
1132 1975 69 23 about
1206 1983 69 16 seven

676 2010 68 22 years
756 2004 71 29 since,
847 2010 50 18 cost
915 2005 106 32 upwards
1039 2007 26 23 of
1086 2008 98 28 £9,000
1203 2009 24 23 in
1243 2010 31 22 its

676 2037 109 23 erection.
822 2038 23 24 A
856 2044 78 26 report
944 2047 47 15 was
1003 2040 90 31 spread,
1108 2042 115 31 ascribing
1234 2042 40 24 the

675 2070 42 23 fire
727 2074 23 19 to
763 2070 28 24 be
802 2071 40 23 the
854 2072 63 23 work
934 2072 26 24 of
976 2073 132 32 incendiary
1116 2083 7 20 ;
1137 2075 42 23 but
1197 2076 19 23 it
1228 2076 43 24 has

675 2102 60 24 been
752 2105 143 23 ascertained
912 2110 23 19 to
955 2106 57 24 have
1031 2107 59 23 been
1108 2109 81 30 purely
1212 2110 61 22 acci-

676 2136 84 29 dental,
773 2138 114 31 resulting
897 2138 60 25 from
967 2147 29 16 an
1005 2141 168 23 accumulation
1181 2143 26 23 of
1221 2147 52 19 soot

676 2171 23 21 in
723 2178 15 15 a
756 2171 69 23 crack
847 2172 26 23 of
899 2172 38 24 the
960 2173 47 23 flue
1030 2173 83 31 taking
1134 2175 49 24 fire.
1220 2175 53 24 The

675 2203 114 24 furniture
812 2205 45 23 and
868 2213 83 24 papers
972 2214 58 16 were
1045 2208 79 23 saved.
1125 2220 35 5 —
1164 2208 64 24 West
1245 2209 30 31 of

674 2235 114 30 England
800 2237 169 27 Conservative.

709 2269 53 24 The
773 2276 96 26 country
882 2280 75 16 seems
969 2272 92 32 already
1080 2274 26 24 in
1118 2272 38 26 the
1165 2275 71 24 midst
1248 2276 25 23 of

675 2310 13 16 a
699 2304 96 30 general
803 2304 98 25 election
909 2314 6 16 :
923 2324 3 6 ,
935 2306 40 24 the
985 2314 145 24 newspapers
1149 2317 38 15 are
1208 2309 64 24 filled

674 2337 56 23 with
742 2337 39 24 the
794 2342 108 20 accounts
915 2339 25 24 of
956 2340 39 23 the
1007 2342 139 30 canvassing
1162 2342 26 24 of
1209 2343 61 23 elec-

674 2374 48 19 tors
733 2371 25 23 in
769 2379 69 24 every
847 2377 61 19 town
925 2373 49 23 and
993 2378 104 27 country,
1114 2375 46 24 and
1181 2376 26 23 of
1230 2377 39 23 the

673 2404 111 31 probable
805 2405 97 32 shifting
914 2406 25 23 of
954 2409 201 28 representatives.

725 2460 80 28 [From
815 2461 38 22 the
865 2463 94 20 Colonial
970 2464 95 25 Gazette,
1075 2464 68 22 .June
1151 2465 65 28 2nd.]

707 2489 52 24 The
771 2490 64 24 chief
848 2491 102 24 incident
962 2497 24 19 at
998 2493 73 23 Court
1092 2493 47 23 this
1151 2495 65 23 week
1226 2494 42 24 has

672 2522 59 24 been
749 2523 40 24 the
808 2524 119 31 departure
940 2526 28 23 of
983 2525 39 24 the
1040 2526 109 24 Duchess
1162 2528 26 23 of
1202 2528 67 24 Kent

669 2555 38 24 for
725 2556 41 24 the
784 2557 134 30 Continent,
935 2566 32 17 on
977 2567 14 16 a
1001 2560 56 24 visit
1076 2564 24 20 to
1111 2560 38 24 the
1169 2561 66 31 King
1245 2562 25 23 of

670 2589 41 24 the
720 2590 121 30 Belgians.

705 2623 41 23 On
768 2624 131 32 Thursday,
923 2625 44 25 her
988 2626 78 32 Royal
1084 2627 123 31 Highness
1221 2628 44 24 left

671 2655 111 26 Clarence
796 2658 91 30 House,
904 2659 46 24 and
963 2660 124 24 embarked
1106 2665 24 20 at
1140 2660 127 25 Woolwich

669 2690 36 23 for
717 2690 39 24 the
775 2691 134 25 Continent.
946 2693 52 23 The
1018 2694 83 25 Queen
1119 2695 46 23 and
1183 2695 83 24 Prince

668 2723 87 24 Albert
775 2725 166 32 accompanied
963 2726 61 25 their
1044 2727 79 32 Royal
1141 2733 82 26 parent
1243 2734 23 18 to

669 2756 142 28 Woolwich..
843 2759 51 23 The
911 2759 73 24 whole
996 2761 26 23 of
1037 2761 38 23 the
1095 2766 77 27 troops
1184 2768 25 18 at
1226 2762 39 24 the

668 2789 78 32 depot,
760 2791 82 25 .under
865 2792 38 24 the
926 2793 122 24 command
1067 2794 26 24 of
1112 2794 152 25 Lieutenant-

669 2822 103 25 General
790 2824 65 24 Lord
863 2825 145 30 Bloomfield,
1027 2827 55 24 with
1100 2836 15 15 a
1132 2831 132 22 numerious

668 2857 61 28 staff,
749 2865 59 16 were
828 2858 76 24 drawn
924 2864 42 19 out
979 2868 39 18 .on
1041 2860 37 24 the
1101 2863 93 30 parade,
1218 2863 46 23 and

668 2889 98 25 saluted'
775 2891 43 23 the'
834 2891 77 32 Royal
927 2897 69 27 party
1007 2902 25 15 as
1049 2894 54 31 they
1115 2896 90 30 passed,
1224 2896 39 23 the

666 2922 64 24 band
740 2924 96 32 playing
872 2926 60 25 God.
937 2934 54 15 save
1003 2927 39 24 the
1055 2928 92 25 Queen;
1175 2946 2 5 ,
1195 2929 68 31 They

666 2963 60 17 were
737 2958 106 24 received
854 2963 23 19 at
889 2959 38 23 the
939 2965 53 26 gate
1005 2961 25 23 of
1042 2960 38 24 the
1092 2961 129 33 Dockyard
1233 2963 29 31 by

666 2989 107 24 Admiral
786 2991 40 24 Sir
837 2992 103 24 William
952 2992 92 25 Parker
1052 3003 7 20 ;
1078 2995 47 24 and
1137 3004 57 16 were
1207 3004 54 16 con-

666 3022 85 24 ducted
762 3024 30 31 by
803 3024 40 24 the
854 3025 115 30 Admiral,
988 3027 23 23 in
1024 3035 13 15 a
1047 3028 106 31 pinnace,
1173 3029 88 24 steered

664 3055 32 32 by
718 3057 100 32 Captain
836 3058 88 33 Phipps
946 3058 109 34 Hornby,
1076 3062 47 23 and
1143 3063 76 23 rowed
1229 3063 32 31 by

664 3089 66 32 eight
756 3091 90 30 sailors,
876 3093 119 31 alongside
1013 3094 31 25 .of
1067 3094 40 25 the
1130 3095 129 25 Firebrand

664 3126 106 22 steamer:
783 3132 3 5 ■
808 3125 51 24 The
876 3126 61 23 band
956 3127 26 23 of
998 3126 39 25 the
1057 3128 79 31 Royal
1155 3130 104 24 Marines

662 3156 84 31 played
1040 3160 85 33 during
1144 3163 39 23 the
1203 3164 54 30 trip.

663 3189 52 24 The
734 3191 76 24 banks
822 3192 26 23 of
861 3193 39 23 the
911 3193 68 29 river,
993 3194 104 25 crowded
1108 3196 54 24 with
1177 3196 82 31 people

661 3224 125 31 variously,
794 3225 143 25 exhilarated
956 3226 32 31 by
999 3227 110 32 curiosity
1122 3237 26 15 or
1163 3230 103 30 loyalty,-

661 3257 123 31 presented
796 3266 30 15 an
837 3259 115 24 animated
963 3261 122 30 spectacle.

696 3290 53 24 The
767 3291 108 25 Duchess
887 3293 26 23 of
927 3292 75 30 Kent,
1024 3294 54 24 witli
1097 3295 46 24 her
1153 3304 43 16 son
1212 3295 45 25 and

660 3322 215 33 daughter-inrlaw,
889 3326 99 24 .arrived
1005 3331 24 20 at
1050 3328 99 30 Qstend,
1170 3325 86 28 on'the

660 3364 49 23 way
719 3356 31 33 |to
762 3358 125 30 Brussels,,
899 3367 61 15 soon-
978 3360 58 24 after
1046 3361 54 24 four
1120 3362 89 24 o'clock
1226 3370 30 16 on

659 3389 96 33 Friday.
909 3394 4 19 :
1011 3412 3 3 .

650 3434 4 4 -
694 3424 52 24 The
758 3425 82 25 Queen
858 3433 58 24 gave
934 3426 123 25 audiences
1059 3441 34 6 —
1093 3436 30 16 on
1140 3429 114 24 Wednes-

659 3457 52 31 day,
731 3462 24 19 to
767 3459 115 24 Viscount
900 3459 139 26 Melbourne
1047 3471 7 19 ;
1064 3461 2 7 '
1075 3469 30 16 on
1123 3462 130 32 Thursday,

648 3495 34 23 :to
701 3492 118 24 Viscount
835 3492 153 31 Melbourne;
1005 3502 36 16 -on
1052 3494 96 33 Friday,
1160 3500 23 20 to
1193 3496 59 27 Vis-

657 3529 71 18 count
741 3525 137 24 Melbourne
890 3526 45 23 and
945 3526 67 24 Lord
1022 3528 61 23 John
1096 3528 112 30 Russell;
1224 3537 30 16 on

657 3558 123 32 Saturday,
798 3563 25 19 to
833 3558 115 25 Viscount
960 3560 148 31 Melbourne,
1120 3562 51 24 who
1183 3563 69 23 after-

655 3592 77 23 wards
756 3592 107 24 attended
885 3601 14 15 a
922 3593 99 24 Cabinet
1044 3594 99 25 Council
1165 3600 24 19 at
1214 3596 38 23 the

656 3624 104 33 Foreign
782 3626 91 29 Office;
901 3634 29 16 on
953 3627 114 32 Monday,
1090 3633 28 19 to-
1137 3629 115 24 Viscount

655 3657 141 25 Melbourne
815 3659 45 24 and
875 3664 24 19 to
909 3660 64 24 .Earl
982 3661 72 31 Grey,
1073 3662 53 23 who
1137 3662 114 24 delivered

654 3691 40 23 the
704 3692 84 24 riband
799 3693 45 23 and
855 3692 72 32 badge
940 3694 27 23 of
976 3694 38 24 the
1026 3694 66 24 order
1104 3695 26 23 of
1139 3695 38 24 the
1189 3695 61 24 Bath

654 3731 64 17 worn
729 3726 31 30 by
772 3726 38 23 the
818 3726 45 23 late
875 3727 58 24 Earl
944 3728 27 23 of
979 3727 117 25 Durham.
1110 3733 4 6 '

688 3757 25 24 It
732 3759 21 22 is
770 3760 117 31 generally
898 3760 140 24 understood
1053 3761 51 23 that
1115 3761 39 23 the
1173 3761 77 24 Lord-

653 3790 143 25 Lieutenant
805 3793 30 22 of
850 3793 94 24 Ireland
961 3794 23 22 is
994 3794 70 23 about
1076 3798 24 19 to
1118 3802 77 23 marry
1209 3794 40 25 the

652 3822 117 33 Dowager
784 3824 69 31 Lady
865 3826 143 29 Somerville,
1021 3826 80 23 widow
1112 3827 26 23 of
1153 3824 96 35 th/e}late

652 3856 40 24 Sir
711 3857 97 24 Marcus
819 3864 3 4 '
828 3858 144 29 Somerville,
996 3859 46 22 and
1059 3860 155 30 step-mother
1224 3861 27 22 of

652 3888 40 24 Sir
720 3889 104 24 William
847 3891 143 29 Somerville,
1021 3892 38 23 the
1083 3892 107 24 Member
1212 3892 35 24 for

652 3921 135 33 Drogheda.
835 3923 51 25 The
904 3924 148 25 bride-elect,-
1060 3925 20 23 is
1092 3933 93 24 .-young,
1202 3925 52 27 and.

1329 103 118 31 beautiful,
1459 106 52 23 and-
1517 107 126 24 described'
1649 108 32 31 by
1692 110 30 22 all
1735 118 24 15 as
1776 112 147 24 remarkable-

1328 136 34 23 for
1395 135 47 27 her'
1461 141 222 30 'accomplishments
1711 143 45 23 and
1779 144 143 32 fascinating

1328 176 117 19 manners.

1360 202 44 24 Dr.
1430 204 72 24 Short
1519 213 52 19 .was
1590 209 147 23 consecrated
1754 217 25 15 as
1791 209 89 33 Bishop
1894 212 28 23 of

1328 234 73 25 Soder
1417 237 46 24 and
1473 238 68 29 Man,
1560 247 30 15 on
1608 240 96 32 Sunday
1715 244 106 29 morning
1838 244 30 30 by
1880 244 37 23 the

1327 267 146 34 Archbishop
1491 272 27 22 of
1532 272 75 29 York,
1627 273 25 23 in
1668 273 38 24 the
1727 274 87 32 Chapel
1831 276 84 31 Royal,

1327 300 133 27 Whitehall.
1509 304 51 24 The
1583 305 101 31 Bishops
1706 307 26 23 of
1751 307 99 24 London
1872 310 44 23 and

1326 332 77 32 Ripon
1424 336 99 24 assisted
1538 338 27 22 in
1584 338 39 23 the
1642 340 134 24 ceremonial
1786 350 6 19 ;
1812 342 45 23 and
1877 343 39 22 Sir

1325 365 89 26 Robert
1431 368 64 24 Peel'
1500 369 44 24 and
1557 371 88 23 several
1657 372 26 23 of
1698 372 38 24 the
1747 373 167 32 distinguished

1323 407 95 23 persons
1432 402 51 23 who
1500 403 91 31 usually
1602 404 80 24 attend
1698 405 38 24 the
1749 406 95 32 Chapel,
1857 415 57 17 were

1323 438 101 25 present.
1922 437 2 23 j

1357 465 78 33 Major
1447 467 119 31 Malcolm,
1585 469 26 23 of
1626 470 39 23 the
1683 470 72 24 Third
1767 472 73 31 Light
1851 473 61 25 Dra-

1322 505 80 24 goons,
1422 501 21 23 is
1461 505 23 19 to
1505 509 140 23 accompany
1657 503 94 24 Colonel
1772 505 39 24 Sir
1830 506 82 32 Henry

1322 531 121 32 Pottinger
1454 538 23 19 to
1487 534 82 30 China,
1583 543 24 15 as
1617 535 37 24 his
1666 537 82 23 official
1760 539 116 24 assistant.
1879 553 33 4 —

1323 564 106 26 United
1442 567 113 25 Service
1569 567 135 26 Gazette.

1355 597 51 25 The
1429 600 68 23 claim
1511 600 35 23 -of
1566 600 64 25 Lord
1643 602 103 24 Hotham
1770 608 22 19 to
1805 609 51 19 vote
1876 606 35 23 for

1321 629 62 25 Irish
1398 632 167 32 Representive
1584 634 73 24 Peers
1669 643 46 16 was
1733 637 65 23 made
1810 638 58 30 good
1887 640 22 22 in

1320 663 39 24 the
1372 664 81 25 House
1466 666 27 23 of
1500 666 76 24 Lords
1588 675 30 16 on
1630 668 130 32 Thursday.

1354 696 37 24 Sir
1402 698 97 24 Wilmot
1511 699 93 24 Horton
1616 700 54 24 died
1680 709 30 16 on
1720 701 111 32 Monday.

1353 730 23 23 A
1386 732 79 23 crowd-
1477 733 130 24 assembled
1618 741 31 16 on
1668 734 107 32 Tuesday
1787 736 120 24 afternoon

1318 766 25 19 at
1353 763 38 23 the
1403 769 108 19 entrance
1522 770 22 18 to
1558 766 39 24 the
1609 766 83 24 House
1704 768 25 23 of
1741 768 131 30 Commons,
1885 775 23 18 to

1318 796 92 24 witness
1421 797 40 24 the
1472 799 84 22 arrival
1567 799 26 23 of
1607 800 40 23 the
1661 800 61 32 huge
1735 801 101 24 Chartist
1847 804 61 30 peti-

1318 829 47 23 tion
1387 830 55 24 with
1462 833 134 27 1,300,000
1614 833 131 30 signitures,
1764 835 73 24 which
1863 844 45 16 was

1316 861 70 25 borne
1409 863 32 31 by
1462 864 40 23 the
1524 865 172 32 working-men
1718 867 23 23 in
1764 870 141 28 procession.

1317 894 94 33 Shortly
1424 897 58 23 after
1493 898 51 22 four
1556 899 89 23 o'clock
1664 900 37 23 the
1718 903 131 28 procession
1866 911 40 23 ap-

1315 929 90 30 peared,
1423 929 88 25 headed
1527 931 31 31 by
1570 940 63 15 some
1645 933 148 24 well-known
1805 935 103 24 Chartist

1315 956 95 31 leaders.
1447 963 52 24 The
1522 966 96 29 petition
1641 973 46 16 was
1711 967 86 24 carried
1817 976 29 16 on
1868 969 38 24 the

1315 994 120 25 shoulders
1458 997 26 23 of
1504 997 64 31 eight
1590 999 82 31 sturdy
1690 1007 60 21 men,
1774 1001 23 22 in
1820 1001 86 25 fustian

1311 1027 101 31 jackets.
1449 1030 101 24 Arrived
1562 1035 22 19 at
1595 1032 39 23 the
1642 1034 50 22 iron
1703 1037 59 26 gate,
1777 1042 13 14 a
1801 1042 105 24 message

1313 1068 46 16 was
1367 1067 50 18 sent
1429 1067 22 19 to
1464 1063 49 24 Mr.
1525 1063 103 25 Thomas
1642 1065 143 31 Duncombe,
1794 1067 49 24 who
1855 1068 48 24 had

1315 1095 83 30 agreed
1417 1100 23 19 to
1457 1101 95 26 present
1571 1098 27 23 it.
1634 1098 42 24 An
1692 1107 87 16 answer
1791 1108 45 16 was
1854 1107 52 18 sent

1313 1127 66 24 down
1396 1129 124 31 analagous
1539 1134 23 20 to
1577 1131 37 24 the
1626 1131 99 24 formula
1737 1133 167 31 within-doors,

1341 1161 83 24 Please
1443 1167 23 18 to
1479 1163 68 31 bring
1560 1164 19 23 it
1684 1166 51 23 The
1746 1166 87 24 lobbies
1845 1176 60 16 were

1313 1194 109 30 crowded,
1438 1197 88 23 several
1539 1197 119 24 Members
1670 1200 99 30 running
1781 1204 22 19 to
1816 1208 38 16 see
1866 1201 38 24 the

1311 1234 131 17 monstrous
1451 1229 132 25 document.
1619 1231 93 32 Finally
1720 1233 19 23 it
1746 1241 45 15 was
1799 1235 104 23 received

1311 1260 31 31 by
1355 1261 45 23 Mr.
1416 1262 139 25 Duncombe
1567 1265 44 23 and
1624 1265 50 24 Mr.
1688 1265 130 25 O'Connell
1825 1276 6 19 ;
1852 1268 50 23 who

1311 1295 119 30 managed,
1443 1296 55 23 with
1511 1305 62 16 some
1586 1298 118 31 difficulty,
1718 1303 23 19 to
1752 1300 44 23 roll
1807 1301 17 22 it
1835 1301 32 23 in.

1344 1328 24 23 A
1381 1328 112 24 Common
1507 1329 58 25 Hall
1577 1338 46 16 was
1634 1331 54 24 held
1702 1333 119 31 yesterday
1832 1334 70 23 after-

1310 1368 67 22 noon,
1402 1362 24 23 in
1445 1362 39 23 the
1508 1363 127 30 Guildhall,
1654 1365 37 23 for
1708 1365 38 24 the
1767 1374 100 23 purpose
1880 1368 25 24 of

1308 1395 138 31 petitioning
1457 1396 143 24 Parliament
1606 1398 25 22 in
1640 1398 78 23 favour
1728 1399 25 23 of
1763 1399 37 23 the
1812 1400 91 32 Budget

1308 1429 162 30 propositions.
1502 1430 50 23 The
1560 1430 108 29 platform
1677 1439 45 16 was
1734 1433 101 23 crowded
1847 1434 54 23 with

1308 1468 69 24 many
1388 1462 25 23 of
1430 1462 38 24 the
1479 1463 127 25 wealthiest
1624 1472 54 16 men
1689 1466 24 23 in
1725 1465 38 24 the
1777 1466 61 31 City.
1875 1467 24 24 A

1307 1495 96 30 petition
1432 1500 22 19 to
1492 1496 143 25 Parliament
1664 1505 46 17 was
1739 1501 160 31 unanimously

1308 1527 108 30 adopted.

1341 1561 40 24 Mr
1393 1561 131 25 O'Connell
1537 1563 42 24 has
1592 1565 90 23 written
1694 1573 28 16 an
1771 1566 128 32 hereditary

1460 1596 74 29 letter,
1548 1598 141 31 instructing
1700 1599 39 23 the
1748 1599 64 24 Irish
1819 1601 80 30 people

1305 1627 25 24 in
1341 1628 59 23 their
1412 1629 56 31 duty
1480 1634 24 19 at
1522 1630 38 23 the
1571 1636 94 26 present
1679 1632 116 31 juncture.
1830 1633 69 24 After

1304 1669 31 15 an
1470 1663 71 23 series
1551 1664 26 23 of
1586 1668 38 20 ten
1634 1670 140 25 arguments,
1788 1674 24 15 or
1819 1667 79 24 rather

1304 1694 69 30 dicta,
1391 1696 148 32 expounding
1558 1697 38 24 the
1617 1698 57 31 duty
1686 1698 25 24 of
1726 1698 38 24 the
1776 1699 71 30 Irish,
1866 1700 30 24 he

1304 1735 64 16 sums
1379 1736 31 22 up
1421 1728 59 24 their
1492 1729 62 25 force
1567 1731 53 23 thus
1623 1744 33 3 —

1358 1766 82 28 Firstly
1440 1779 27 3 —
1468 1767 46 22 Get
1525 1768 121 27 Repealers
1655 1769 112 23 wherever
1778 1779 44 19 you
1833 1779 49 15 can.

1355 1793 111 27 Secondly
1467 1806 29 3 —
1497 1795 45 21 Get
1558 1796 105 22 Radicals
1673 1797 71 22 where
1759 1805 46 20 you
1815 1803 80 18 canuot

1303 1823 38 24 get
1354 1820 129 27 Repealers.

1357 1847 92 27 Thirdly
1449 1859 28 4 —
1480 1848 45 22 Get
1534 1849 78 27 Whigs
1624 1849 73 23 where
1711 1858 45 20 you
1767 1855 84 19 cannot
1859 1856 36 23 get

1303 1874 73 21 either
1386 1874 122 28 Repealers
1518 1883 25 14 or
1553 1877 113 21 Radicals.

1357 1901 109 28 Fourthly
1466 1914 28 4 —
1496 1902 89 28 Oppose
1600 1903 38 22 the
1654 1904 76 22 Tories
1746 1906 149 27 everywhere,

1303 1927 46 22 and
1358 1928 23 21 in
1392 1936 67 20 every
1473 1929 71 27 thing.
1564 1936 3 4 •

1357 1955 83 27 Fifthly
1441 1966 29 5 —
1473 1956 21 21 It
1502 1957 19 21 is
1532 1957 47 21 also
1584 1965 58 18 your
1650 1957 55 28 duty
1713 1963 22 17 to
1740 1959 111 22 entertain
1858 1959 37 23 the

1301 1983 85 20 utmost
1395 1986 118 24 contempt
1524 1983 34 21 for
1569 1983 36 22 the
1612 1984 122 27 judgment
1744 1985 25 21 of
1779 1993 43 19 any
1835 1994 59 20 man,

1302 2008 46 21 and
1362 2011 22 18 to
1395 2013 90 23 suspect
1499 2009 33 21 his
1551 2010 103 27 honestj',
1672 2011 48 22 who
1731 2012 57 22 shall
1798 2020 57 21 now,
1867 2013 28 28 by

1301 2034 96 28 abusing
1410 2035 39 22 the
1462 2036 84 27 Whigs,
1562 2044 63 15 serve
1637 2038 44 22 and
1696 2043 100 23 promote
1812 2040 38 22 the
1860 2041 35 21 in-

1302 2064 78 19 terests
1390 2062 27 22 of
1424 2062 38 22 the

1334 2097 24 24 A
1368 2097 191 31 thunder-storm,
1574 2100 74 23 which
1661 2101 81 23 visited
1754 2102 39 23 the
1805 2102 87 24 Metro-

1299 2130 59 31 polis
1370 2138 30 16 on
1412 2131 124 32 Thursday
1546 2134 106 30 evening,
1673 2135 117 23 extended'
1804 2143 55 16 over
1880 2145 12 14 a

1300 2163 62 32 large
1374 2173 68 23 space
1454 2166 24 22 in
1491 2165 38 24 the
1546 2167 157 31 surrounding
1720 2174 103 26 country,
1849 2170 43 23 and

1299 2204 46 16 was
1363 2205 55 16 even
1432 2206 62 16 more
1507 2200 86 23 violent
1602 2205 24 19 at
1638 2209 14 15 a
1664 2201 108 24 distance.
1810 2203 30 23 In
1852 2203 40 23 the

1299 2230 84 24 Forest
1405 2232 26 23 of
1457 2232 135 30 Berkshire,
1621 2234 63 31 huge
1706 2235 124 24 hailstones
1853 2237 39 23 fell

1299 2264 83 24 amidst
1404 2266 86 23 terrific
1514 2265 98 25 thunder
1630 2268 47 23 and
1698 2268 122 32 lightning,
1848 2270 44 23 and

1298 2297 90 31 injured
1400 2299 88 23 several
1500 2300 125 24 mansions.
1669 2300 118 26 Accounts
1806 2303 25 23 of
1854 2303 38 24 the

1297 2335 72 19 storm
1380 2331 58 24 have
1449 2333 59 23 been
1520 2333 103 24 received
1633 2333 48 24 also
1692 2335 59 23 from
1764 2335 127 31 Plymouth

1297 2364 45 23 and
1355 2364 120 32 Brighton.
1524 2366 31 23 In
1568 2367 37 24 the
1623 2368 146 31 Metropolis,
1790 2369 101 25 William

1297 2397 93 31 Taylor,
1403 2406 14 16 a
1428 2399 163 30 hair-dresser,
1604 2408 46 16 was
1663 2401 79 24 struck
1758 2403 132 31 speechless

1297 2430 30 31 by
1339 2439 14 15 a
1362 2432 60 23 flash
1435 2433 24 23 of
1482 2432 124 33 lightning,
1626 2434 68 24 while
1713 2436 80 31 sitting
1813 2441 23 19 at
1853 2437 37 23 his

1297 2464 58 30 shop
1367 2465 64 24 door.

1330 2498 161 32 Birmingham
1503 2500 41 23 has
1562 2501 59 23 been
1640 2501 100 25 alarmed
1758 2503 33 30 by
1808 2511 13 15 a
1841 2503 46 23 dis-

1296 2536 90 19 astrous
1408 2533 50 23 fire.
1508 2533 24 24 It
1555 2534 73 24 broke
1652 2538 39 20 out
1714 2544 29 15 on
1765 2536 122 33 Thursday

1295 2565 73 31 night,
1392 2570 24 19 at
1436 2575 13 14 a
1461 2567 202 29 coach-builder's,
1676 2568 73 24 where
1760 2577 63 16 some
1835 2578 52 16 men

1296 2605 57 17 were
1393 2600 94 30 ringing
1532 2608 13 16 a
1557 2602 187 28 carriage-wheel
1756 2603 55 23 with
1823 2611 13 16 a
1848 2605 39 22 red

1294 2633 40 22 hot
1346 2633 49 23 iron
1407 2634 52 23 tire.
1504 2634 51 23 The
1567 2634 67 24 stock
1651 2635 27 23 of
1700 2636 81 24 timber
1793 2638 44 22 and
1849 2637 38 23 the

1294 2666 110 29 premises
1416 2674 60 16 were
1489 2667 120 31 destroyed
1621 2677 7 20 ;
1649 2669 45 23 and
1709 2669 88 24 several
1807 2671 26 22 of
1850 2671 37 23 the

1294 2698 104 32 adjacent
1409 2700 118 32 buildings
1539 2709 59 15 were
1609 2702 99 31 injured.
1752 2703 32 23 So
1802 2704 85 24 alarm-

1294 2732 40 31 ing
1346 2741 13 15 a
1367 2733 50 30 fire,
1438 2735 19 22 it
1468 2735 21 22 is
1508 2734 58 29 said,
1585 2734 42 24 has
1647 2743 69 16 never
1736 2737 108 23 occurred
1862 2738 25 23 in

1293 2765 161 33 Birmingham
1466 2772 81 27 except
1564 2773 24 18 at
1605 2768 40 24 the
1658 2769 57 24 riots
1725 2770 25 23 in
1764 2771 63 25 1791
1842 2772 45 22 and

1296 2801 73 23 1839.

1325 2833 49 24 Mr.
1400 2834 96 23 Charles
1516 2834 89 30 Foster,
1631 2835 39 24 the
1697 2836 77 24 fourth
1797 2845 43 16 son
1863 2838 24 23 of

1292 2865 78 25 Baron
1383 2867 90 30 Foster,
1487 2876 46 15 was
1544 2868 116 31 drowned,
1673 2870 25 23 in
1719 2870 39 23 the
1779 2870 67 24 Lake
1863 2871 24 24 of

1292 2899 89 30 Collon,
1394 2909 30 16 on
1438 2901 103 31 Monday
1548 2902 73 24 week.
1659 2903 40 23 He
1710 2911 54 21 was,
1779 2904 58 24 with
1841 2914 3 4 ■
1849 2904 35 24 his

1290 2933 75 30 uncle,
1382 2933 49 25 Mr.
1444 2934 92 24 Arthur
1547 2935 93 30 Foster,
1657 2937 87 31 rowing
1755 2937 30 23 in'
1791 2945 14 16 a
1817 2938 67 23 small

1290 2966 54 24 boat
1371 2973 38 18 on'
1424 2968 40 23 the
1486 2968 76 30 Lake,
1586 2969 76 26 which
1684 2970 21 23 is
1731 2970 81 24 within
1844 2972 39 23 the

1290 2999 107 25 demesne
1406 3001 25 23 of
1447 3001 65 24 Lord
1525 3002 108 29 Ferrard,
1653 3003 25 23 in
1691 3003 92 31 County
1795 3004 86 29 Louth,

1289 3033 73 30 when,
1376 3034 100 32 through
1489 3043 62 16 some
1565 3036 103 24 accident
1685 3037 38 23 the
1738 3037 51 23 boat
1804 3042 76 27 upset,

1289 3067 44 23 and
1343 3067 57 24 hoth
1407 3067 40 25 fell
1459 3069 49 23 into
1519 3068 57 32 deep
1588 3074 78 19 water.
1709 3069 48 24 Mr.
1778 3070 101 32 Delaph,

1289 3100 135 25 son-in-law
1452 3102 26 23 of
1505 3102 65 23 Lord
1593 3102 107 30 Ferrard,
1727 3111 47 15 was
1793 3111 35 22 on,
1844 3105 37 23 the

1287 3133 75 25 banks
1371 3139 24 19 at
1406 3134 40 24 the
1458 3135 64 29 time,
1534 3136 45 23 and
1599 3136 96 31 directly
1706 3144 69 16 swam
1788 3142 23 18 to
1822 3137 59 24 their

1287 3167 52 29 aid;
1353 3168 56 23 with
1419 3173 67 26 great
1497 3170 104 23 exertion
1612 3169 37 24 he-
1654 3170 95 23 rescued
1760 3170 38 23 the
1805 3171 74 29 uncle,

1286 3200 42 24 hut
1350 3209 59 15 was.
1414 3202 92 29 unable,
1530 3201 59 25 after
1609 3203 123 23 continued
1750 3203 85 31 diving,
1856 3209 24 18 to

1285 3233 49 24 find
1345 3234 38 24 the
1395 3235 104 31 nephew.
1546 3236 52 23 Nor
1605 3236 59 23 have
1677 3236 38 24 the
1726 3236 78 24 efforts
1816 3238 63 23 since

1285 3267 66 23 made
1363 3272 22 19 to
1397 3276 93 16 recover
1503 3269 38 23 the
1553 3269 59 30 body
1624 3269 60 24 been
1694 3270 146 25 successful.:

1320 3300 50 25 The
1388 3302 98 23 number
1499 3302 26 23 of
1539 3302 127 31 emigrants
1684 3303 50 24 who
1752 3304 89 24 arrived
1856 3309 22 19 at

1285 3333 38 24 the
1343 3339 52 27 port
1416 3335 26 23 of
1455 3335 60 23 New
1525 3335 68 24 York
1612 3335 77 30 alone,
1698 3336 25 24 in
1741 3339 72 27 184Q,
1828 3345 50 18 .was

1285 3374 52 16 over
1348 3368 62 30 sixty
1423 3367 130 25 thousand!
1564 3392 3 3 .
1588 3368 73 25 From
1672 3369 38 24 the
1728 3371 37 22 Ist
1777 3371 100 30 January

1285 3403 22 20 to
1319 3400 38 24 the
1370 3403 38 22 Ist
1419 3401 59 31 May
1489 3402 26 23 in
1526 3401 51 24 that
1593 3410 63 23 year,
1670 3410 29 16 no
1717 3402 45 25 less
1774 3403 56 24 than
1841 3407 37 20 ten

1282 3433 115 25 thousand
1408 3435 126 31 emigrants
1546 3443 63 16 came
1627 3440 24 19 to
1666 3435 45 24 this
1722 3441 64 26 port.
1819 3437 58 23 This

1282 3474 64 23 year,'
1357 3472 22 20 to
1391 3468 59 31 May
1459 3468 42 24 the
1516 3471 44 26 Ist,
1572 3468 39 24 the
1623 3469 97 23 number
1731 3470 20 23 is
1762 3470 47 24 less
1822 3471 55 23 than

1275 3500 62 30 four
1357 3501 121 24 thousand.
1522 3501 120 24 Rumours
1663 3502 26 23 of
1708 3510 47 16 war
1773 3503 46 24 and
1838 3504 38 23 the

1282 3537 59 20 state
1358 3535 25 23 of
1397 3539 121 27 monetary
1529 3535 76 24 affairs
1626 3535 68 24 have^
1703 3535 46 25 had
1769 3537 59 23 their
1839 3538 36 22 in-

1280 3566 89 25 fluence
1381 3575 62 24 upon
1454 3568 40 23 the
1513 3568 70 23 timid'
1597 3568 80 24 and—
1678 3568 101 25 t'oth:ers.
1783 3568 6 18 :
1789 3582 27 4 —
1817 3569 58 24 New

1282 3599 65 24 York
1358 3599 123 31 Mercury.
1515 3598 2 6 '
1581 3599 14 27 '.
1713 3600 11 15 •'

1310 3898 40 23 Sir
1372 3897 85 32 Henry
1481 3898 122 31 Pottinger
1628 3899 50 24 also
1700 3899 126 32 proceeded
1835 3921 3 7 ,
1848 3905 22 20 to

1276 3930 69 25 India
1355 3930 31 30 by
1397 3931 40 24 ths
1449 3939 64 16 same
1521 3931 87 25 -vessel.

1315 3633 75 24 Rear-
1390 3633 107 24 Admiral
1506 3634 38 23 Sir
1551 3634 104 24 William
1661 3635 97 30 Parker,
1765 3636 107 28 X.C.8.,

1279 3666 51 24 who
1341 3667 148 32 has.recenty
1500 3667 58 24 been
1570 3668 124 31 appointed
1711 3673 24 19 to
1753 3669 39 23 the
1812 3677 60 16 com-

1278 3700 71 23 mand
1360 3700 26 23 of
1391 3699 114 25 "tlie'rleet
1517 3701 24 23 in
1551 3701 40 22 the
1609 3701 62 23 East
1682 3701 90 30 Indies,
1781 3702 42 24 left
1835 3702 37 23 the

1278 3732 132 32 Admiralty
1438 3741 37 22 on,
1489 3734 105 30 Monday
1614 3734 99 31 evening
1731 3735 36 23 for
1786 3735 86 24 South-

1278 3770 101 28 ampton,
1391 3767 108 24 attended
1517 3767 36 30 by.
1558 3767 37 22 his
1607 3768 134 23 secretaries
1758 3768 44 23 and
1814 3768 58 30 flag-

1278 3800 78 22 officer
1365 3807 9 21 j
1400 3800 76 23 where
1497 3800 39 22 the
1556 3799 109 25 Admiral
1682 3800 45 23 and
1744 3801 61 23 suite
1823 3809 49 17 em-

1277 3831 88 24 barked
1376 3840 31 15 on
1417 3833 72 22 board
1496 3833 38 22 the
1549 3833 74 22 Great
1628 3832 130 32 'Liverpool
1764 3838 107 26 steamer,

1276 3869 24 18 at
1311 3873 30 15 an
1353 3865 61 30 early
1427 3865 58 24 hour
1497 3865 120 30 yesterday
1630 3867 114 28 morning.

1983 114 52 24 The
2056 116 130 25 settlement
2207 118 26 23 of
2259 118 38 24 the
2320 120 60 24 risks
2409 130 59 23 upon
2496 124 33 24 the

1948 144 122 26 President
2081 150 92 23 entered
2184 151 48 23 into
2244 156 24 18 at
2279 151 95 32 Lloyd's
2385 162 45 16 was
2443 160 23 19 to
2477 155 52 25 have

1948 179 70 23 taken
2029 181 64 30 place
2113 183 127 31 yesterday,
2252 185 42 23 but
2315 186 17 22 it
2353 194 44 16 wa3
2409 190 120 29 postponed

1948 216 22 18 to
1981 212 40 23 the
2036 214 55 23 11th
2105 215 94 30 instant,
2211 221 23 19 to
2246 217 67 23 allow
2323 218 87 25 further
2426 221 54 24 time
2497 223 32 23 fox

1946 251 61 17 news
2019 247 129 31 respecting
2157 249 49 23 her.
2229 257 3 6 •

1979 277 52 24 The
2044 284 80 25 agents
2135 282 35 22 for
2190 282 38 23 the
2246 282 123 33 Liverpool
2386 285 143 26 Association

1946 309 25 23 of
1997 310 177 32 Underwriters,
2195 316 23 22 in
2237 324 14 14 a
2269 316 67 24 letter
2353 317 65 24 dated
2436 319 93 31 Lisbon,

1946 341 58 33 May,
2015 344 66 29 24th,
2094 353 41 23 say
2147 346 49 25 that
2208 356 29 15 on
2258 348 38 24 the
2319 351 57 25 17th
2386 351 53 30 they
2453 354 76 23 waited

1945 383 60 22 upon
2019 377 26 23 S.
2057 378 115 30 Almeida,
2185 380 38 24 the
2234 387 86 18 master
2331 384 25 23 of
2370 384 38 23 the
2421 384 73 25 Conde
2505 386 24 23 de

1943 406 91 32 Palma,
2047 411 25 22 in
2090 419 111 25 company
2212 414 55 23 with
2288 415 97 32 Captain
2406 418 123 30 Sartorius,

2040 451 14 14 a
2076 444 70 23 Vice-
2149 446 104 24 Admiral
2272 448 24 22 in
2322 449 37 23 the
2386 450 143 32 Portuguese

1943 473 75 32 Navy,
2029 475 49 24 who
2089 476 45 25 had
2145 478 57 23 been
2214 480 86 26 struck,
2306 482 54 23 with
2371 482 37 24 the
2420 484 50 22 idea
2482 484 47 24 that

1943 506 36 23 the
1990 507 64 32 large
2066 513 98 21 steamer
2179 519 53 16 seen
2244 512 30 31 by
2287 514 26 23 S.
2326 515 106 24 Almeida
2450 524 23 15 ra
2485 518 44 23 .the

1941 539 104 25 Atlantic
2073 548 63 18 must
2157 544 29 23 be
2209 545 38 23 the
2269 545 128 34 President,
2419 550 44 23 and
2486 550 43 24 had

1942 572 111 25 therefore
2066 576 72 23 called
2149 585 29 15 on
2190 578 38 23 the
2246 583 80 26 agents
2338 589 5 20 ;
2362 581 47 23 and-
2425 590 29 15 on
2475 590 54 16 con-

1939 604 89 33 ferring
2045 608 55 24 with
2117 609 36 24 the
2172 612 107 28 mariner,
2298 613 29 23 he
2346 615 110 30 appeared
2480 616 48 24 still

1940 646 62 16 more
2012 642 122 23 convinced
2146 644 26 22 of
2187 644 38 23 the
2242 646 144 31 probability.
2423 647 40 25 He
2475 649 54 23 then

1939 672 75 24 stated
2025 673 35 23 his
2073 675 94 30 opinion
2178 681 22 19 to
2212 677 39 24 the
2264 678 88 24 British
2373 688 78 23 envoy,
2465 681 63 25 Lord

1940 703 102 26 Howard
2054 706 27 23 de
2092 708 103 30 Walden,
2209 711 50 23 who
2272 712 93 23 ordered
2377 718 38 18 out
2426 714 39 23 the
2476 715 53 30 brig

1938 735 97 32 Espoir,
2049 739 139 27 Lieutenant
2207 743 110 30 Paulson,
2330 746 72 23 which
2422 754 45 16 was
2488 748 40 23 the

1938 769 52 31 only
2004 771 88 25 British
2103 776 75 23 vessel
2189 776 25 23 of
2229 784 46 16 war
2286 778 25 22 in
2323 778 37 23 the
2373 778 96 32 Tagus-j
2484 781 44 24 and

1939 802 77 25 Count
2032 805 108 31 Bomfim,
2158 809 39 23 the
2216 809 142 32 Portuguese
2379 812 108 25 Minister
2505 814 24 23 of

1938 835 102 30 Marine,
2052 843 23 18 at
2087 839 39 24 the
2144 844 135 28 suggestion
2290 844 26 23 of
2331 844 96 32 Captain
2446 846 81 24 Sarto-

1936 869 56 29 rius,
2005 875 53 19 sent
2070 877 40 19 out
2121 877 43 21 two
2183 875 67 24 small
2269 877 86 23 vessels
2376 879 25 22 of
2409 877 52 25 'war
2472 880 54 23 with

1936 903 127 30 provisions
2072 914 6 20 ;
2099 906 30 23 all
2140 912 23 18 to
2176 909 73 23 cruise
2261 909 25 24 in
2297 911 79 23 search
2388 912 25 22 of
2427 912 39 23 the
2478 913 47 23 dis-

1936 934 66 25 abled
2023 941 106 22 steamer.
2171 941 48 24 Mr.
2232 941 139 33 Macgregor
2388 944 79 30 Laird,
2487 946 39 23 the

1936 968 120 32 Secretary
2068 975 23 19 to
2103 972 38 24 the
2153 973 89 25 British
2259 976 45 23 and
2313 976 122 25 American
2447 978 79 24 Steam

1936 1000 140 34 Navigation
2097 1005 126 33 Company,
2242 1009 92 31 applied
2352 1014 22 19 to
2392 1011 38 23 the
2441 1011 84 24 Admi-

1934 1034 59 31 ralty
2005 1035 36 24 for
2052 1045 30 15 an
2101 1044 89 19 extract
2201 1040 60 25 from
2273 1042 39 23 the
2322 1042 112 32 log-hook
2451 1045 26 23 of
2487 1046 39 22 the

1934 1067 57 30 Dee,
2005 1069 44 24 and
2060 1071 106 25 obtained
2178 1082 13 14 a
2203 1081 65 25 copy.
2305 1075 50 24 The
2367 1075 51 25 Dee
2428 1085 54 21 was,
2494 1087 32 15 on

1934 1100 39 23 the
1985 1102 48 24 23d
2051 1103 76 31 April,
2140 1114 26 15 m
2182 1107 95 24 latitude
2296 1110 45 22 41°
2361 1112 28 26 2',
2408 1110 117 31 longitude

1934 1135 45 22 38°
1992 1136 40 25 47'
2042 1145 5 19 ;
2068 1138 45 23 and
2131 1147 29 15 on
2178 1140 68 31 April
2268 1141 40 23 the
2324 1142 62 24 24th
2393 1143 25 23 in
2428 1143 96 25 latitude

1934 1166 45 24 41°
2004 1171 46 27 58',
2078 1170 118 32 longitude
2226 1176 46 21 35°
2294 1176 47 23 39.
2387 1175 61 25 The'
2460 1177 64 32 large

1933 1204 99 21 steamer
2051 1211 54 16 seen
2122 1206 30 31 by
2165 1206 25 24 S.
2204 1207 116 30 Almeida,
2339 1208 119 31 therefore,
2476 1219 46 15 was

1932 1236 40 20 not
1993 1235 39 23 the
2052 1236 60 24 Dee.
2146 1239 48 24 Mr.
2214 1241 138 31 Macgregor
2373 1242 78 30 Laird,
2470 1244 51 24 who

1932 1265 42 24 has
1985 1268 91 25 written
2087 1274 23 20 to
2123 1272 87 24 France
2223 1277 22 19 to
2256 1274 68 24 know
2336 1275 19 23 if
2369 1283 44 24 any
2424 1281 98 20 steamer

1932 1307 46 16 was
1991 1306 41 19 out
2049 1303 45 23 and
2112 1304 71 32 likely
2195 1311 22 18 to
2237 1307 30 23 be
2284 1315 56 16 seen
2352 1308 72 25 where
2436 1310 27 23 S.
2475 1310 45 24 Al-

1932 1333 74 24 meida
2018 1343 45 16 saw
2075 1345 14 14 a
2099 1337 63 32 large
2174 1346 105 23 steamer,
2300 1341 43 23 has
2357 1342 102 25 received
2476 1343 46 25 this

1931 1366 64 32 reply
2003 1368 59 24 from
2070 1369 40 24 the
2119 1377 80 25 agents
2211 1373 26 23 of
2246 1373 38 23 the
2296 1374 87 24 British
2391 1375 44 24 and
2444 1376 78 25 North

1931 1399 124 27 American
2078 1404 80 24 Steam
2183 1406 141 31 Navigation
2353 1408 116 33 Company
2497 1415 25 19 at

1932 1432 79 24 Havre
2012 1448 35 4 —

1980 1465 49 23 The
2039 1468 55 27 only
2103 1472 96 21 steamer
2206 1470 125 30 belonging
2341 1475 21 19 to
2378 1472 36 23 the
2432 1474 87 23 French

1930 1498 67 21 navy,
2008 1493 50 22 that
2067 1496 67 21 could
2144 1497 27 21 be
2182 1498 77 22 within
2270 1506 24 14 or
2304 1500 22 21 in
2343 1499 38 22 the
2396 1502 123 27 proximity

1931 1520 24 19 of
1978 1520 38 22 the
2032 1521 81 28 Tropic
2132 1531 29 14 on
2179 1524 37 22 the
2230 1526 61 21 22nd
2308 1526 26 21 of
2354 1526 70 28 April,
2443 1527 20 22 is
2482 1528 37 22 the

1931 1548 111 27 Tonnerre,
2052 1549 27 21 of
2100 1551 39 20 130
2159 1550 65 23 horse
2242 1559 78 20 power
2337 1553 45 22 and
2399 1555 41 21 600
2459 1557 58 21 tons.

1932 1573 45 22 Ihe
1986 1574 44 22 last
2040 1582 61 15 news
2112 1577 56 22 from
2178 1578 44 22 this
2239 1582 97 19 steamer
2352 1580 18 22 is
2386 1580 27 21 of
2429 1581 39 21 ths
2486 1583 33 21 Ist

1928 1600 110 29 January,
2054 1606 23 17 at
2092 1603 72 22 which
2180 1605 54 22 time
2251 1606 40 21 she
2306 1613 46 16 was
2366 1607 62 27 lying
2442 1611 24 18 at
2480 1608 38 22 the

1929 1628 70 21 Plata.
2030 1629 45 22 She
2084 1630 19 21 is
2119 1632 110 26 supposed
2244 1635 24 19 to
2284 1632 58 23 have
2357 1633 42 22 left
2414 1634 63 22 there
2493 1636 25 22 in

1927 1655 80 22 March
2022 1656 35 21 for
2068 1656 144 30 Martinique,
2225 1659 74 22 where
2308 1660 40 22 she
2357 1660 73 22 would
2439 1662 77 22 obtain

1928 1688 14 14 a
1960 1682 83 28 supply
2058 1683 27 22 of
2106 1684 59 22 coals
2184 1685 46 22 and
2250 1687 106 22 continue
2376 1687 40 22 her
2431 1695 88 22 voyage

1928 1708 134 23 homeward.
2092 1710 44 23 She
2146 1711 40 22 has
2196 1716 39 18 not
2245 1717 39 23 yet
2291 1714 87 22 arrived
2387 1715 24 21 in
2418 1715 86 23 France
2510 1724 5 19 ;

1927 1741 33 15 we
1976 1735 57 22 shall
2051 1737 27 22 be
2096 1738 111 23 informed
2222 1740 26 21 of
2270 1740 40 22 her
2324 1741 87 27 arrival,
2428 1742 49 22 and-
2489 1743 28 22 be

1927 1761 95 23 allowed
2031 1766 23 19 to
2063 1764 56 22 read
2129 1765 36 22 the
2177 1766 91 26 journal
2278 1767 30 22 dv
2318 1768 81 27 board,,
2411 1771 21 19 to
2448 1768 67 24 know

1927 1789 21 20 if
1958 1796 28 14 on
1998 1790 38 21 the
2047 1792 58 21 22nd
2112 1792 25 21 of
2149 1792 64 27 April
2223 1793 40 22 she
2274 1801 45 15 was
2324 1795 70 22 in-the
2400 1795 115 28 longitude

1925 1816 64 21 40.28
1998 1816 95 23 latitude
2105 1820 69 26 29.29,
2186 1821 121 27 according
2317 1824 22 19 to
2355 1824 38 20 the
2408 1827 76 23 report
2493 1824 26 22 of

1927 1842 37 22 the
1976 1844 68 21 Conde
2052 1845 25 20 de
2086 1846 83 27 Pahna,
2175 1848 102 26 recently
2284 1848 87 22 arrived
2378 1852 22 18 at

1960 1872 51 25 The
2024 1874 116 32 following
2151 1875 45 23 tale
2207 1876 21 22 is
2240 1876 59 24 from
2319 1877 37 23 the
2376 1877 59 24 Cork
2455 1877 58 25 Con-

1925 1904 134 24 stitutional
2059 1920 34 4 —

2018 1938 66 23 letter
2101 1940 71 22 dated-
2188 1940 71 23 'Bath
2276 1942 119 28 Tuesday/
2413 1942 100 24 and'ad-

1926 1963 91 23 dressed
2028 1969 21 18 to
2059 1973 14 14 a
2087 1967 138 27 gentleman,
2243 1968 24 21 in
2284 1969 45 21 this
2344 1970 50 26 city,
2413 1971 100 22 contains

1926 1990 36 21 the
1981 1991 118 29 following
2117 1994 113 22 reference
2249 1998 24 18 to
2293 1995 38 22 the
2346 1997 167 23 President^-*!

1925 2023 96 21 suppose
2028 2026 50 20 you-
2084 2020 55 22 have
2157 2020 69 23 heard
2240 2022 51 21 that
2307 2022 38 22 the
2364 2023 117 23 President
2493 2025 20 22 ia

1924 2043 50 22 lost.
2004 2046 22 21 A
2035 2046 77 22 sealed
2120 2048 70 21 bottle
2200 2055 44 15 was
2252 2049 83 27 picked
2343 2057 31 20 up
2383 2055 23 17 at
2413 2058 38 15 sea
2460 2059 53 15 con-

1925 2071 86 28 taining
2022 2079 13 15 a
2045 2073 66 22 letter
2119 2074 86 23 written
2215 2076 31 27 by
2256 2076 79 22 Power
2341 2077 37 21 the
2387 2081 67 24 actor,
2463 2079 50 22 who

1924 2098 50 21 said
1983 2099 50 22 that
2040 2103 26 18 ab
2074 2100 38 22 the
2120 2101 52 22 time
2183 2102 28 21 he
2220 2109 46 15 was
2277 2103 94 28 writing,
2388 2105 61 21 there
2467 2111 45 17 was

1924 2126 99 27 scarcely
2033 2133 40 21 anj
2088 2127 58 28 hope
2156 2128 26 22 of
2193 2128 69 28 being
2269 2130 74 27 saved,
2361 2131 45 21 and
2416 2131 50 23 that
2475 2133 38 21 the

1924 2152 85 23 officers
2021 2152 44 23 had
2075 2154 57 22 done
2140 2155 59 22 their
2205 2156 56 27 duty
2269 2157 76 28 nobly.
2373 2157 71 23 There
2456 2166 57 16 were

1923 2185 62 16 some
1995 2180 94 23 buckets
2099 2182 53 21 with
2161 2182 38 22 the
2208 2183 66 21 letter
2292 2184 24 21 P.
2333 2192 28 14 on
2379 2185 67 27 them,
2467 2187 46 22 and

1923 2213 42 15 one
1976 2208 26 20 of
2013 2207 40 22 her
2063 2208 70 22 boat's
2143 2213 61 18 stern
2214 2210 82 27 picked
2305 2218 31 20 up
2350 2211 29 28 by
2396 2212 37 22 the
2449 2220 62 16 same

1956 2262 100 31 Several,
2068 2264 111 32 exploded
2196 2270 97 27 reports,
2320 2266 110 31 however,
2453 2268 58 25 have

1922 2297 113 23 eminated
2046 2297 65 24 from'
2117 2298 38 23 the
2161 2307 73 15 .same-
2241 2304 100 27 quarter.
2386 2321 3 5 ,
2425 2309 5 3 •

1957 2329 81 25 Under
2050 2331 38 23 the
2101 2331 51 24 date
2164 2332 24 24 of
2204 2332 154 32 Gottenbnrg,
2372 2334 57 32 May
2443 2335 65 29 19th,

1920 2361 38 24 the
1970 2362 152 25 Borsenhalle
2132 2366 67 30 gives
2211 2366 38 23 the
2261 2366 117 32 following
2378 2380 33 5 —

2021 2394 57 23 have
2089 2396 56 22 been
2163 2397 91 22 assured
2270 2397 49 22 that
2336 2406 12 14 a
2363 2399 61 27 large
2441 2399 69 28 ship's

1920 2419 63 28 deck,
1995 2423 111 27 supposed
2116 2426 23 19 to
2148 2424 28 21 be
2183 2424 48 22 that
2240 2425 27 21 of
2278 2432 13 14 a
2301 2425 59 27 large
2371 2427 137 28 steam-ship,

1919 2447 40 22 has
1978 2448 59 23 been
2057 2450 72 22 found
2147 2450 31 27 by
2197 2458 62 15 some
2279 2451 128 29 fishermen,
2431 2454 25 22 in
2470 2455 39 21 the

1919 2474 109 28 Cattegat,
2040 2476 45 22 and
2096 2478 71 21 towed
2178 2478 47 21 into
2494 2479 4 8 '

1953 2504 51 23 The
2028 2503 75 32 grand'
2124 2505 88 32 display
2233 2507 27 23 of
2279 2507 40 23 the
2342 2508 103 24 Teetotal
2463 2510 45 23 and

1917 2537 158 32 Temperance
2087 2539 112 24 Societies
2211 2540 55 24 took
2278 2540 65 31 place
2355 2549 28 16 on
2395 2542 111 32 Monday.

1917 2570 56 24 The,
1980 2571 140 24 abstemious
2131 2572 69 29 folks,
2211 2581 33 15 as.
2249 2575 25 22 in
2286 2574 56 31 duty
2350 2575 82 30 bound;
2440 2577 67 23 made

1915 2612 15 15 a
1941 2605 86 30 goodly
2038 2605 63 24 show
2122 2606 26 23 of
2164 2611 107 19 neatness
2290 2608 46 23 and
2352 2610 115 31 propriety
2485 2610 25 23 of

1915 2638 125 23 behaviour
2050 2648 6 19 ;
2076 2639 39 23 the
2132 2641 69 22 wives
2220 2640 46 24 and
2277 2640 122 32 daughters
2416 2642 92 32 joining

1915 2672 25 22 in
1962 2671 38 24 the
2024 2674 152 29 processions,
2200 2681 26 16 as
2249 2674 52 23 well
2324 2683 26 15 as
2378 2675 37 23 the
2414 2693 7 12 x
2444 2684 62 16 men.

1916 2704 95 24 Several
2023 2705 54 24 took
2087 2707 132 23 excursions
2228 2714 30 16 on
2270 2707 38 24 the
2319 2708 66 29 river,
2396 2709 24 23 in
2432 2712 73 21 steam

1914 2738 65 23 boats
1989 2747 6 20 ;
2105 2744 59 19 went
2182 2741 48 22 into
2242 2740 38 24 the
2275 2744 5 5 1
2295 2745 95 28 country
2399 2742 31 31 by
2442 2742 61 30 land,

1914 2772 25 22 in
1952 2772 95 24 covered
2057 2780 64 16 vans.
2204 2778 3 5 '
2379 2774 4 6 '
2466 2773 4 4 '
2472 2773 5 7 x
2490 2768 3 6 '

1950 2805 49 24 The
2022 2806 177 31 correspondent
2216 2806 25 24 of
2256 2807 40 24 the
2302 2809 3 5 '
2315 2807 111 32 Morning
2445 2809 60 23 Post

1913 2846 54 23 says
1976 2839 51 23 that
2112 2845 99 26 greatest
2390 2843 117 30 prevailed

1913 2872 25 23 in
1951 2872 160 31 Birmingham
2119 2874 66 23 when
2195 2874 38 23 Sir
2243 2873 91 25 Rohert
2345 2874 75 25 Peel's
2430 2876 74 24 notice

1913 2905 26 23 of
1949 2913 13 15 a
1974 2906 239 27 want-rofrconfidence
2225 2908 88 24 motion
2324 2916 45 16 was
2381 2907 84 25 known
2480 2911 26 22 in

1912 2937 40 24 the
1963 2943 70 20 town.
2068 2940 25 24 A
2103 2941 97 30 petition
2210 2942 25 22 in
2247 2946 97 27 support
2357 2942 26 23 of
2391 2943 25 28 it,
2429 2942 76 31 styled

1993 2973 98 30 petition
2112 2973 25 23 of
2157 2973 38 24 the
2218 2974 155 31 undersigned
2393 2975 108 30 hankers,

1910 3005 139 30 merchants,
2062 3006 138 30 tradesmen,
2212 3008 108 28 artisans,
2333 3008 44 23 and
2389 3008 64 24 other
2465 3010 36 23 in-

1911 3038 116 24 habitants
2049 3039 24 24 of
2094 3039 38 24 the
2153 3040 113 31 borough-
2275 3041 26 23 of

1911 3079 46 16 was
1968 3072 155 32 immediately
2134 3078 35 18 set
2181 3081 30 16 on
2226 3074 55 28 foot,
2296 3074 49 23 and
2414 3075 38 24 the
2464 3076 36 24 in-

1910 3105 102 31 credibly
2024 3106 64 23 short
2100 3114 66 23 space
2179 3107 25 23 of
2216 3106 79 24 eleven
2305 3107 78 30 hours,
2396 3109 105 31 upwards

1910 3139 26 23 of
1945 3139 62 23 three
2021 3139 113 24 thousand
2153 3140 129 31 signatures
2318 3148 58 17 were
2387 3142 112 24 attached.

1909 3172 25 23 It
1953 3172 125 31 originated
2090 3173 140 32 exclusively
2240 3173 59 23 with-
2315 3173 38 25 the
2372 3175 128 25 Conserva-

1910 3205 47 24 tive
1967 3210 76 27 party.

1942 3238 25 24 A
1977 3240 101 31 meeting
2087 3243 27 20 to-
2122 3240 94 31 petition
2227 3241 92 30 against
2329 3241 41 24 the'
2379 3241 119 25 alteration

1908 3272 26 23 of
1945 3272 36 23 the
1995 3273 132 23 Corn-laws
2136 3281 48 16 was
2200 3273 55 24 held
2266 3278 24 19 at
2308 3271 85 28 Stroud
2404 3283 29 16 on
2444 3275 54 24 Fri-

1907 3305 45 32 day
1958 3306 51 24 last.
2047 3306 52 24 The
2110 3306 61 24 chair
2183 3314 45 16 was
2238 3307 110 32 occupied
2356 3307 30 32 by
2393 3316 13 15 a
2413 3308 71 31 Whig
2490 3318 6 20 ;

1906 3338 43 24 but
1960 3339 30 24 all
2005 3339 98 24 allusion
2122 3344 21 19 to
2155 3348 69 22 every
2235 3340 103 32 political
2352 3341 88 32 subject
2451 3349 45 16 was

1907 3372 128 31 absolutely
2044 3372 139 32 .prohibited.

1939 3405 25 24 A
1976 3407 101 30 meeting
2094 3407 25 22 in
2131 3410 95 27 support
2238 3407 27 24 of
2280 3407 39 24 the
2336 3408 118 23 Ministers
2471 3408 25 23 in

1906 3438 60 24 their
1988 3447 50 15 new
2059 3440 77 30 policy
2143 3448 5 4 ■
2159 3442 52 21 was'
2228 3441 99 30 signally
2350 3441 101 24 defeated
2472 3446 24 20 at

1906 3471 129 24 Newcastle
2048 3480 29 15 on
2096 3472 93 32 Friday.
2226 3473 25 24 It
2272 3481 47 16 was
2338 3471 114 27 c6nvehed
2450 3469 4 8 r
2456 3468 9 9 '
2465 3470 3 10 t
2470 3474 24 24 in

1906 3505 38 24 the
1957 3505 120 24 Guildhall
2087 3514 7 20 ;
2107 3506 81 29 which,
2200 3506 56 31 long
2266 3507 78 23 hefore
2355 3507 37 24 the
2402 3507 59 23 hour
2472 3507 26 23 of

1905 3539 147 30 assembling,
2077 3546 47 16 was
2146 3540 105 23 crowded
2272 3540 32 31 by
2322 3540 38 24 the
2379 3540 114 31 working-

1905 3572 92 24 classes.
2034 3572 52 24 The
2096 3572 91 24 needful
2195 3573 139 24 resolutions
2341 3573 85 31 hnviug
2437 3573 58 24 been

1903 3605 99 23 moved.
2002 3605 32 31 by
2052 3605 38 24 the
2110 3610 127 27 promoters
2254 3607 27 23 of
2297 3607 40 22 the
2353 3607 106 30 meeting,
2480 3615 13 14 a

1904 3638 49 24 Mr.
1974 3638 96 28 Mason.
2077 3639 82 23 moved
2181 3647 29 15 an
2233 3639 152 28 amendment,
2409 3643 22 19 to
2454 3639 39 24 the

1903 3671 68 24 effect
1981 3672 51 23 that
2043 3680 13 15 a
2064 3672 77 31 repeal
2149 3672 25 23 of
2183 3673 38 23 the
2234 3672 129 24 Corn-laws
2375 3672 66 23 could
2451 3677 43 19 not

1903 3704 28 23 be
1946 3706 110 30 expected
2068 3704 95 25 without
2179 3714 14 14 a
2204 3706 108 31 previous
2330 3706 118 23 extension
2468 3706 26 23 of

1903 3737 38 24 the
1953 3737 125 24 franchise.
2113 3738 66 28 This,
2198 3738 58 23 after
2273 3738 70 23 much
2355 3739 137 31 squabbling

1902 3770 46 24 and
1958 3779 42 15 one
2013 3770 106 24 doubtful
2132 3771 103 29 division,
2252 3778 46 16 was
2310 3770 105 32 rejected,
2434 3772 32 31 by
2477 3781 14 15 a

1901 3803 69 24 small
1980 3803 116 32 majority.
2131 3805 25 23 A
2165 3804 98 31 petition
2274 3811 46 17 was
2334 3804 54 24 then
2398 3805 91 25 moved.

1901 3836 36 23 To
1956 3837 18 22 it
1993 3838 49 23 Mr.
2063 3837 86 24 Mason
2159 3836 114 32 proposed
2291 3841 24 20 to
2334 3837 44 24 add
2393 3845 15 17 a
2418 3838 69 30 rider,

1901 3871 137 30 expressing
2054 3874 61 20 want
2127 3870 25 23 of
2166 3870 130 24 confidence
2308 3871 26 23 in
2352 3871 118 24 Ministers
2480 3881 7 21 ;

1900 3903 46 22 and
1957 3902 57 25 after
2028 3911 14 16 a
2053 3911 67 17 scene
2132 3902 27 25 of
2172 3904 105 24 renewed
2293 3904 127 31 confusion,
2439 3905 50 24 that

1900 3935 147 25 amendment
2057 3944 46 16 was
2115 3936 94 25 carried.
2216 3951 51 11 ....
2287 3953 4 6 .
2320 3955 3 7 ,
2357 3955 19 8 ...
2387 3933 33 31 >•,'/.
2433 3960 4 8 tit
2444 3932 36 32 i'~

330 2394 74 15 ouncu

503 2395 41 16 nnt

53 2425 42 23 No.

241 2431 99 24 Service.

494 2421 104 23 Amount
608 2423 27 21 of

506 2448 116 22 Estimate.

50 2493 48 20 1.-—
99 2493 42 23 His
151 2496 139 31 Excellency
301 2499 37 23 the
350 2499 120 24 Governor

111 2522 45 22 and
163 2523 77 29 Judge
496 2529 64 26 2,200
588 2531 14 20 0
628 2531 15 20 0

49 2549 48 19 2.—
98 2549 57 22 Civil
164 2552 172 23 establishment
482 2557 76 26 16,609
573 2558 27 20 16
616 2558 26 20 10

46 2575 51 20 3.—
97 2576 86 28 Survey
193 2578 142 28 department
494 2583 64 27 6,164
572 2585 28 20 12
628 2585 14 21 6

47 2602 49 21 4.—
96 2602 149 28 Department
262 2607 28 21 of
302 2607 77 28 public
395 2609 71 22 works

114 2630 45 22 and
169 2632 113 29 buildings
491 2637 65 27 5,354
585 2639 13 20 0
626 2640 14 20 0

47 2658 50 18 s.—
97 2658 98 22 Judicial
205 2660 143 28 department
492 2665 63 26 3,068
572 2666 8 20 1
587 2666 10 20 1
625 2666 15 21 3

46 2684 124 23 6.~-Police
181 2686 45 22 and
236 2688 65 27 gaols
306 2703 4 5 .
314 2711 2 5 ,
494 2691 63 28 7,957
586 2693 13 20 9
626 2693 14 20 3

47 2713 49 19 7.—
96 2713 164 23 Ecclesiastical
270 2716 194 24 establishment..
515 2719 42 21 450
585 2720 14 20 0
626 2721 14 20 0

45 2739 21 20 8.
67 2748 27 5 —
95 2738 80 23 School
185 2741 172 24 establishment
514 2747 38 19 140
582 2748 14 19 0
623 2748 13 19 0

45 2766 49 21 9.-—
94 2765 180 29 Miscellaneous.
493 2771 64 28 8,977
572 2774 26 20 13
625 2774 14 21 6

301 2823 145 28 T0ta1.......
459 2825 96 27 £50,922

583 2827 14 20 3

624 2828 16 20 4

64 3547 67 24 Chief
144 3554 114 24 protector
323 3548 25 30 7>
504 3557 41 22 400
573 3559 15 20 0
616 3557 12 20 0

63 3575 14 19 *
82 3582 40 15 our
129 3578 184 29 sub-protectors,
326 3584 24 18 at
359 3582 60 22 £150
434 3583 57 22 each
504 3585 41 21 600
573 3586 15 20 0
615 3586 13 20 0

65 3603 48 20 One
129 3604 61 22 clerk
506 3611 39 21 125
573 3612 15 20 0
614 3613 14 20 0

63 3632 83 25 ■forage
156 3631 36 22 for
202 3639 42 16 one
253 3632 76 24 horse.
517 3638 26 21 45
573 3639 15 20 0
614 3640 14 19 0

63 3655 128 25 Allowance
202 3659 34 22 for
240 3659 36 23 six
287 3661 87 22 natives
381 3661 33 22 for
424 3662 63 22 chief

88 3687 117 24 protector,
216 3686 46 22 and
268 3687 52 22 four
325 3687 35 23 for
367 3689 56 21 each
433 3689 49 28 sub,

88 3712 23 18 at
119 3710 46 23 £20
180 3720 41 19 per
230 3720 95 21 annum,
341 3715 56 22 each
502 3718 41 20 440
571 3719 15 19 0
613 3720 14 19 0

64 3736 123 30 travelling
201 3746 109 20 expenses
503 3745 40 20 522
571 3746 15 20 0
613 3746 14 20 0

64 3763 124 29 travelling
202 3773 110 22 expenses
326 3768 47 22 and
386 3773 102 23 presents
501 3788 4 2 .

87 3791 22 19 to
131 3793 87 22 natives
501 3798 42 20 200
570 3799 15 20 0
613 3800 12 19 0

226 3847 67 23 Total
460 3849 80 23 £2335
557 3852 27 20 12
612 3853 13 19 0
