2380 3636
5 10 2336 109 THE

5 119 584 109 OXFORD
686 119 292 109 AND
1075 119 390 109 CUST
1562 119 779 109 OBSERVER

5 228 305 109 AND
411 228 1015 109 CANTERBURY
1528 228 813 109 LIBERAL,

1921 534 131 29 Peioe—
2054 532 83 31 ONE
2179 532 143 31 PENNY

718 551 107 30 EAST
873 548 184 33 OXFORD,
1107 543 235 38 S4TURDAST,
1386 542 92 30 MAY
1519 544 49 32 21,
1616 540 76 29 J892

17 559 63 29 Vol
132 558 59 28 3—
191 556 58 29 No.
293 554 86 39 143.1

1825 648 68 43 M.
1961 643 408 53 SANDSTEDT

1833 711 88 49 HAS
1945 717 45 14 now
2006 712 73 19 moved
2093 712 47 19 into
2155 711 34 20 bis
2205 712 65 20 NEW
2287 712 54 20 PRE

1913 737 91 24 MISES,
2023 743 27 14 on
2070 738 35 19 the
2121 738 43 19 Site
2181 738 68 19 which
2267 738 26 20 he
2311 738 40 19 has

1826 762 98 26 occupied
1933 762 75 26 during
2018 763 35 20 the
2068 764 47 24 past
2125 764 145 24 twenty-seven
2284 770 68 18 years,

1826 788 42 20 and
1886 789 77 24 opened
1981 789 33 20 his
2033 789 67 21 NEW
2123 788 93 26 STOCK,
2235 790 117 25 purchased

1825 814 59 19 when
1894 820 27 14 on
1931 814 33 20 his
1974 815 49 20 visit
2036 818 21 17 to
2066 816 89 24 F-arope.

1852 844 162 26 Arrangements
2021 845 77 25 hnving
2103 846 51 19 been
2164 846 61 20 made
2232 847 33 19 for
2270 847 82 24 regular

1828 870 97 26 Monthly
1940 871 120 25 Shipments
2077 872 21 19 of
2119 872 48 20 New
2183 872 75 24 Goods,
2270 872 26 21 he
2311 872 40 21 haff

1828 896 85 20 marked
1929 896 36 21 the
1980 897 62 20 Sto^k
2061 898 21 19 at
2097 898 51 19 such
2162 898 66 25 piices
2241 904 24 14 as
2274 904 76 14 oanno<

1827 922 38 19 fail
1875 924 22 17 to
1906 928 70 15 secure
1990 928 12 14 a
2011 922 61 25 quick
2087 924 50 19 sale.
2165 942 2 3 .
2178 924 43 19 The
2230 925 77 24 capital
2315 925 37 20 in-

1829 948 68 19 vested
1908 949 56 20 must
1973 948 25 20 be
2007 949 103 25 promptly
2120 949 74 22 turned
2203 955 53 16 over.

1856 978 33 20 He
1910 978 40 21 has
1973 980 94 24 pleasure
2088 980 23 19 in
2130 980 100 24 directing
2248 981 105 21 attemioa

1828 1004 99 24 specially
1943 1006 21 18 to
1980 1004 36 21 the
2032 1005 150 24 DIAMONDS,
2199 1007 56 19 loose
2264 1007 42 20 and
2317 1009 37 21 set,

1828 1029 42 20 and
1879 1030 60 19 other
1948 1030 96 19 Precious
2053 1030 81 21 Stones.

1856 1060 167 20 WATCHES.-
2029 1061 32 25 By
2071 1062 76 25 special
2163 1064 145 23 arrangement
2326 1063 28 20 he

1830 1086 17 19 is
1864 1086 87 20 enabled
1968 1088 21 18 to
1999 1087 45 24 give
2060 1087 36 20 the
2105 1087 44 20 best
2164 1088 61 20 value
2233 1089 23 19 in
2265 1089 89 24 genuine

1829 1112 159 23 English-made
1998 1113 65 20 Silver
2078 1113 42 20 and
2129 1114 54 19 Gold
2194 1114 95 20 Watches
2304 1115 50 20 that

1830 1137 39 20 has
1878 1144 46 14 ever
1933 1138 52 20 been
1995 1139 75 20 offered
2079 1145 22 14 in
2111 1140 43 19 this
2164 1140 85 25 Golony.

1856 1168 86 26 Having
1950 1170 75 24 family
2039 1171 135 19 connections
2183 1171 51 19 with
2243 1171 60 20 Paris
2312 1178 44 14 ana

1830 1194 89 22 London
1934 1195 105 21 Diamond
2056 1197 41 19 and
2108 1196 106 25 Jewellery
2230 1197 119 21 Merchants

1829 1221 70 24 places
1916 1220 45 21 him
1980 1221 22 20 in
2021 1228 12 13 a
2051 1223 92 24 position
2159 1225 22 18 to
2200 1223 37 19 sell
2255 1223 36 20 the
2308 1224 47 20 best

1829 1246 83 20 articles
1921 1248 23 19 at
1953 1253 13 14 a
1974 1247 122 20 reasonable
2107 1248 64 26 price.
2213 1249 44 19 The
2265 1249 91 25 Jobbing

1830 1272 42 20 and
1880 1272 171 26 Manufacturing
2060 1274 18 19 is
2094 1275 78 19 carried
2188 1277 37 18 out
2241 1275 66 21 under
2321 1276 34 20 his

1830 1303 45 16 own
1885 1300 128 25 supervision
2023 1301 23 19 at
2053 1300 34 21 the
2093 1300 80 22 Lowest
2180 1301 69 21 Prices
2256 1301 101 23 Possible.

1858 1350 29 21 M.
1899 1352 157 21 SANDSTKIN
2065 1353 39 20 has
2119 1352 111 27 appointea
2240 1355 42 19 Mb.
2291 1355 24 20 B.
2326 1355 29 21 H.

1830 1376 80 21 Pabish
1926 1383 23 15 as
1965 1378 34 20 his
2014 1379 77 20 Oxford
2105 1380 100 24 AGENT,
2220 1380 46 22 who
2282 1382 42 19 will
2333 1388 13 14 a

1830 1409 42 18 any
1882 1404 51 20 time
1941 1410 91 19 procure,
2047 1411 26 14 on
2090 1407 144 25 approbation,
2253 1408 105 23 Watches,

1831 1429 80 24 Clocks,
1922 1430 41 19 and
1973 1431 111 24 Jewellery,
2094 1432 33 19 for
2142 1432 34 20 his
2188 1434 77 19 Oxford
2281 1434 74 20 clients

1834 1456 23 19 to
1867 1456 63 19 select
1943 1456 63 24 from,
2016 1458 22 18 at
2047 1456 36 21 the
2100 1463 57 14 same
2166 1459 55 24 price
2237 1466 24 13 as
2268 1460 91 25 charged

1830 1482 21 19 at
1861 1481 36 20 the
1906 1482 149 21 Christchnroh
2065 1484 172 21 Establishment.

1873 1534 57 39 M.
1974 1534 339 47 SANDSTEIN,

1975 1585 108 21 OASHEL
2097 1587 115 24 STREET,

1919 1620 348 28 CHRISTCHUBCH.

1835 1700 173 56 A.B-
2037 1702 319 60 Hassall

1950 1768 284 41 SADDLER

2060 1822 59 20 AND
2218 1833 6 4 .

1906 1928 56 57 G
1998 1931 60 52 U
2094 1932 172 65 $T.

1838 1995 96 50 BEGS
1943 1997 22 19 to
1979 1996 67 21 thank
2054 1997 36 21 the
2103 1998 131 22 inhabitants
2249 2001 23 21 of
2286 2002 69 20 North

1906 2021 129 28 Canterbury
2051 2025 33 19 for
2098 2025 36 21 the
2150 2026 72 21 liberal
2241 2029 113 24 patronage

1832 2048 90 20 received
1941 2048 75 26 during
2039 2050 35 20 the
2096 2053 47 24 past
2167 2055 34 18 ten
2223 2059 67 19 years,
2312 2054 43 21 and

1831 2072 77 22 desires
1917 2075 23 19 to
1946 2075 40 20 call
1996 2077 104 20 attention
2110 2079 22 19 to
2141 2078 33 20 his
2184 2079 70 21 varied
2263 2080 59 20 stook
2330 2081 24 20 of

1858 2099 153 26 SADDLEBY,
2025 2102 40 24 &0.,
2079 2103 68 21 whioh
2155 2105 19 18 is
2183 2104 61 26 being
2253 2106 76 20 offered

1999 2128 22 20 at
2029 2128 81 22 Loweat
2118 2130 76 21 Prices.

1832 2176 132 34 Subjoined
1974 2187 41 17 are
2026 2188 15 16 a
2051 2181 103 25 number
2162 2182 26 24 of
2192 2183 97 25 articles
2296 2183 59 33 kept

2013 2212 27 24 in
2052 2213 68 24 stock
2130 2221 5 16 :
2137 2228 34 4 —

1863 2251 121 26 Harness.
1985 2267 33 5 —
2020 2253 58 28 Cab,
2101 2255 54 31 Dog
2177 2256 65 28 Cart,
2266 2257 86 33 Buggy

1830 2282 89 32 (plated
1953 2284 49 25 and
2034 2284 68 27 brass
2129 2287 137 35 furniture),
2295 2290 58 31 Gig,

1832 2314 80 30 Shaft,
1924 2316 118 32 Leading,
2054 2319 49 24 and
2115 2319 106 32 Plough.

1863 2347 137 26 ohAin3.—
2000 2349 109 33 Leading
2128 2352 91 25 Chains
2238 2353 63 25 from
2324 2357 29 23 6s

1829 2379 32 25 6d
1870 2387 6 22 ;
1893 2380 96 33 Plough
1997 2382 100 31 Chains,
2105 2384 63 26 from
2177 2387 29 24 3s
2214 2386 44 31 6d;
2275 2387 70 25 Back

1828 2412 59 31 Tug,
1901 2413 48 24 and
1961 2415 55 31 Dog
2027 2416 100 25 Chains.

1863 2445 118 26 Saddles.
1999 2462 33 4 —
2049 2448 165 27 Gentlemen's
2244 2451 107 30 Saddles,

1829 2476 63 26 from
1908 2477 37 25 £?,
1956 2486 6 21 ;
1986 2479 96 26 Ladies'
2104 2481 107 30 Saddles,
2228 2486 26 22 at
2268 2484 85 26 Prices

1828 2511 26 22 to
1865 2510 49 24 suit
1925 2510 34 25 all
1969 2514 139 25 customers;

1861 2541 121 26 Belting.
1994 2558 34 4 —
2045 2545 55 24 Mill
2122 2547 48 23 and
2192 2547 162 26 Chafl-cutter

1831 2572 67 26 Belts
1910 2575 26 23 of
1944 2582 49 24 any
2002 2575 87 32 length
2101 2579 49 23 and
2160 2580 83 24 width.

1863 2605 87 24 Horse
1959 2606 146 27 Medicines.
2107 2624 33 4 —
2140 2611 128 25 Elliman's
2275 2613 77 30 Eoyal

1830 2637 181 30 Embrocation,
2032 2640 99 26 Cottie's
2151 2643 111 25 Colonial
2280 2644 71 30 Cure,

1829 2668 93 32 Fryer's
1930 2670 109 30 Balsam,
2046 2673 86 25 Worm
2141 2675 121 30 Powders,
2274 2676 80 27 Sweet

1828 2700 78 30 Nitre,
1931 2702 118 31 Stevens',
2072 2705 99 31 James',
2190 2709 49 23 and
2261 2708 91 26 Slesin-

1827 2736 61 28 gers'
1902 2734 150 34 Blisterings.

1862 2766 112 32 Carriage
2004 2770 99 30 Lamps,
2141 2771 96 32 Whips,
2267 2773 85 32 Spurs,

1828 2797 162 33 Breaking-in
2008 2801 72 28 Gear,
2102 2802 53 25 Soft
2179 2803 72 33 Soap,
2274 2806 79 32 Lamp

1831 2830 82 29 Black,
1927 2831 80 33 Sheep
2020 2832 81 31 Skins,
2115 2834 63 26 Sack
2188 2836 89 32 Twine,
2289 2839 63 32 Leg-

1828 2862 78 32 gings,
1920 2864 169 32 Currycombs,
2108 2861 58 32 iron
2176 2870 50 24 and
2245 2871 109 26 Wooden

1828 2895 100 28 Harnes,
1941 2897 44 23 &c.
2127 2911 21 15 

1860 2926 113 25 Kope.—
1973 2928 111 31 Manilla,
2107 2930 90 33 Hemp,
2220 2934 49 24 and
2291 2935 64 25 Flax

1828 2958 27 24 of
1874 2959 33 23 all
1932 2960 73 27 sizes.
2024 2962 116 31 (English
2167 2965 49 24 and
2244 2966 110 27 Colonial

1829 2991 189 33 manufacture).
2080 2996 152 31 Tarpaulins,
2271 2999 82 30 Tents,

1830 3022 90 25 Binder
1949 3024 107 32 Aprons,
2084 3027 133 31 Elevators,
2245 3031 107 31 Butters,

1830 3055 148 33 Polestraps,
1991 3057 92 33 Biding
2094 3060 95 26 Bridles
2195 3062 103 32 (Snaffle
2303 3065 49 25 and

1833 3087 129 34 Pelhans),
1974 3090 62 24 from
2049 3093 58 23 6s6d
2120 3096 26 22 to
2158 3095 55 27 125.
2215 3095 38 24 6d.

1830 3145 1 2 .
1866 3119 105 27 Oils.—
1971 3121 22 25 A
2004 3122 66 32 large
2082 3126 113 33 quantity
2202 3128 26 24 of
2239 3128 114 27 Machine

1829 3152 53 25 Oils
1893 3155 26 23 at
1942 3154 174 28 Christchurch
2123 3159 86 30 prices,
2228 3161 127 33 including

1828 3184 60 24 Raw
1898 3187 49 23 and
1959 3187 86 25 Boiled
2051 3189 113 31 Linseed,
2178 3192 90 30 Castor,
2277 3184 75 36 L*rd°

1828 3215 96 26 Golden
1942 3219 152 34 Machinery,
2112 3223 137 31 Valvdhne,
2269 3226 83 29 Colza,

1826 3248 49 25 and
1879 3249 139 34 .Neatsfo.pt.
2340 3273 3 3 .

1829 3308 167 27 Second-land
2022 3312 98 27 Saddles
2150 3316 85 33 bought
2261 3328 28 16 or
2313 3329 40 17 tfx-

1974 3344 105 31 changed
2092 3347 39 24 for
2149 3356 57 15 new.

1905 3380 61 18 tTrm
1970 3385 32 11 mi
2005 3377 269 26 TTTrrr'T'UROHASED.

1830 3426 80 32 Agent
1927 3427 38 26 for
1982 3429 41 25 the
2041 3430 124 32 Lyttelton
2183 3433 88 26 Times.
2284 3434 72 25 Com-

1830 3467 71 24 pany.
1936 3461 89 26 Orders
2036 3462 70 25 taken
2121 3464 38 25 for
2170 3466 53 32 and.
2229 3466 126 33 Subscrip-

1830 3493 65 23 tions
1906 3494 108 24 received
2025 3503 31 17 on
2063 3499 110 25 account,
2178 3498 27 26 of
2211 3499 145 31 ''Lyttelton

1830 3525 101 26 Times,'
1944 3527 23 31 g«
1978 3526 151 33 Canterbury
2167 3530 100 29 sTimes,'
2308 3532 51 25 and

1832 3556 85 35 Star.\i
2016 3565 4 7 '
2170 3557 3 32 ;
2282 3580 4 2 .

1253 682 177 45 JOHN
1495 677 283 51 INGRAM,

1253 768 58 20 HAS
1324 768 56 20 FOR
1393 767 70 21 SALE
1479 766 36 21 BY
1531 766 47 20 PiII
1580 766 15 20 V
1597 765 54 20 ATE
1663 762 117 22 TREATY.

1360 910 32 21 On
1402 912 89 19 accourt
1500 911 22 20 of
1531 911 35 20 Mr
1574 909 103 21 Johnson.

1256 973 59 25 Shop
1321 974 42 19 and
1377 974 102 25 dwelling,
1488 975 97 22 fronting
1594 973 38 21 the
1641 971 59 21 Main
1712 969 67 23 Road,

1256 999 97 25 opposite
1362 999 91 21 Pearson
1473 1001 58 19 Park
1552 1006 29 14 on
1599 999 45 20 half
1653 1004 28 14 an
1700 997 50 19 Aore
1759 995 23 21 of

1254 1025 60 20 land.

1258 1144 56 22 That
1332 1147 23 19 H
1360 1147 101 21 o-storied
1480 1148 98 25 Building
1595 1154 27 15 on
1642 1147 36 21 the
1693 1147 94 20 Terrace'

1258 1172 96 25 opposite
1364 1173 44 19 Mrs
1417 1174 79 19 Leurs'.

1352 1235 33 20 On
1395 1237 88 18 account
1492 1234 27 21 of
1524 1237 34 19 Mr
1573 1237 28 20 H.
1612 1237 79 20 Beabit.

1258 1279 40 20 His
1307 1286 50 20 very
1372 1278 98 29 compart
1497 1284 55 19 little
1561 1284 99 26 Property
1676 1282 24 20 in
1718 1282 70 25 Queen

1259 1305 72 24 Street,
1341 1309 123 26 containing
1472 1310 64 20 about
1544 1310 27 26 4|
1580 1311 61 18 Acres
1651 1309 21 20 of
1679 1308 45 21 rich
1730 1307 57 24 land,

1260 1332 121 22 subdivided
1391 1335 47 20 into
1447 1337 77 19 several
1535 1337 62 19 small
1606 1335 111 26 paddocks,
1736 1333 49 20 with

1259 1359 53 23 good
1330 1359 72 21 Hoase
1420 1362 93 25 thereon;
1531 1363 57 20 brick
1606 1363 52 19 well.
1682 1362 50 19 Cost
1750 1360 36 20 the

1258 1389 69 15 owner
1337 1387 60 19 £2f>o.
1427 1388 47 20 Will
1485 1389 24 19 be
1519 1389 44 20 sold
1573 1390 22 18 at
1605 1395 12 14 a
1627 1394 48 19 very
1684 1386 101 22 oonsider-

1257 1409 45 21 ab'e
1310 1411 108 22 reduction
1428 1420 28 14 on
1465 1415 69 21 above
1543 1422 60 19 price.

1355 1526 33 19 On
1399 1530 88 19 account
1498 1530 23 19 of
1529 1527 39 23 Ihe'
1573 1530 125 25 Mortgagee.

1289 1568 44 22 The
1341 1571 63 20 Fr.rm
1414 1573 62 26 lately
1490 1576 22 19 in
1528 1576 36 20 the
1578 1577 122 24 occupation
1717 1576 22 20 of
1754 1575 33 20 Mr

1263 1595 64 24 Snoll,
1345 1597 58 21 three
1420 1601 59 19 miles
1494 1602 53 19 from
1564 1603 57 19 West
1637 1602 85 25 Oxford,
1740 1607 47 14 con-

1263 1622 82 25 taining
1361 1624 40 20 335
1414 1632 64 15 acres.
1519 1628 52 20 Well
1585 1628 87 21 watered
1688 1627 42 22 and
1739 1627 47 21 Bub-

1263 1649 89 21 divided.

1378 1775 33 21 Oh
1421 1778 87 19 account
1517 1778 23 19 of
1550 1778 33 20 Mr
1591 1778 71 21 Rows.

1259 1814 39 20 116
1315 1812 63 23 Acres
1396 1817 22 19 of
1436 1818 57 23 land,
1510 1819 117 27 adjoining
1639 1820 37 19 Mr
1691 1820 96 20 Duder's

1258 1839 61 25 land,
1331 1842 22 18 at
1362 1841 56 20 View
1428 1843 52 22 Hill,
1486 1845 228 25 frohlingFourJCJhain
1721 1846 64 20 Road.

1221 1886 9 2 _
1233 1886 4 2 .
1259 1867 126 31 Watejrj|ttte
1380 1888 10 8 r
1394 1874 38 22 rup
1427 1888 6 9 r
1434 1869 169 28 ning^^alongaide
1609 1869 152 28 of%Be-Proper
1762 1874 26 23 ty
1788 1886 7 8 v
1799 1886 5 1 -

1374 2059 32 20 On
1416 2062 89 19 account
1517 2062 23 21 of
1549 2064 33 19 Mr
1591 2064 70 22 Keats.

1255 2093 137 26 FortyAeres
1401 2097 57 21 Bush
1467 2098 56 25 land,
1534 2098 60 22 West
1604 2101 84 22 Oxford.

1341 2168 56 20 FOR
1410 2170 177 22 SALE-VERY
1594 2173 101 22 CHEAP.

1282 2193 40 20 200
1331 2194 61 20 Acres
1400 2196 22 19 of
1432 2197 69 24 partly
1510 2198 82 20 worked
1601 2201 36 18 out
1646 2200 58 21 Bush
1713 2201 60 21 Land

1254 2225 15 14 a
1291 2220 57 23 large
1367 2223 47 22 part
1437 2223 23 19 of
1485 2223 18 20 it
1525 2224 44 21 laid
1591 2225 61 21 down
1684 2228 24 20 to
1717 2234 59 18 grass

1254 2245 61 20 Price
1321 2246 45 24 low,
1375 2248 46 20 and
1430 2250 65 19 terms
1504 2255 55 20 easy.
1633 2260 3 10 >

1475 2403 83 23 AjiSo—

1336 2492 32 20 On
1379 2495 88 20 account
1476 2496 23 19 of
1507 2496 34 20 Mr
1549 2497 58 21 John
1616 2497 87 23 Fishes.

1256 2526 42 20 His
1308 2528 95 21 valuable
1413 2530 65 21 Stone
1487 2532 81 26 Quarry
1576 2535 23 18 at
1608 2534 56 22 View
1675 2535 49 23 Hill,
1735 2542 47 14 con-
1795 2550 4 6 ,

1256 2554 85 26 taining
1352 2554 35 20 the
1397 2555 44 20 best
1451 2556 94 26 building
1554 2559 60 20 stone
1622 2559 23 21 in

1258 2580 49 19 with
1317 2582 27 17 20
1353 2580 62 20 Acres
1425 2582 22 19 of
1454 2582 61 21 Land
1524 2589 28 15 on
1571 2584 68 21 whioh
1657 2586 58 21 there
1733 2589 19 19 is
1770 2596 13 14 a

1257 2610 58 16 seam
1326 2606 21 20 of
1355 2606 127 23 Limestone.

1322 2852 32 20 On
1365 2855 88 20 aocount
1468 2855 23 20 of
1505 2855 79 27 Joseph
1601 2858 114 23 Powyalke.

1282 2887 68 26 Eight
1359 2895 57 14 acres
1426 2890 22 20 of
1456 2891 59 23 land,
1525 2893 51 20 with
1595 2895 54 23 good
1668 2897 13 18 3
1698 2899 85 21 roomed

1256 2917 96 25 dwelling
1371 2919 92 25 thereon,
1477 2922 47 19 nioe
1547 2924 86 25 garden,
1653 2928 130 22 BUrrounded
1789 2939 12 3 -

1254 2947 53 21 with
1313 2948 25 20 fir
1349 2950 61 20 trees.
1464 2952 60 20 Prioe
1535 2954 50 25 only
1599 2956 61 29 £lQjg.

1218 3094 2 10 r

1465 3139 36 22 TO
1514 3141 62 24 LET.

1414 3174 27 21 In
1458 3175 87 28 Homy
1548 3180 79 23 Estate.

1258 3206 61 22 Good
1327 3208 97 27 dwelling
1432 3212 51 21 with
1493 3214 43 20 Ten
1545 3221 57 16 acres
1611 3218 24 21 of
1642 3219 57 22 land.

1260 3299 189 38 JOHN
1479 3306 303 43 INGRAM

1218 3367 2 41 |
1313 3400 28 9 .^
1404 3371 235 35 AUCTIONEER,
1675 3384 68 23 ,-—
1744 3381 55 10 --■—

1339 3454 28 33 O
1400 3456 31 30 X
1464 3459 25 29 F
1523 3460 26 31 O
1585 3461 28 30 R
1648 3463 28 29 D
1696 3486 8 8 .

698 1907 174 28 GENERAL
894 1911 259 29 STOREKEEPER

682 1952 94 45 Teas,
816 1954 130 47 Coffees,
983 1957 125 47 Cocoas,
1140 1969 45 31 an

764 2004 139 40 General
926 2006 177 42 Groceries-

714 2053 139 33 WEST
915 2056 220 35 OXFORD,
1147 2062 31 38 f

661 2218 79 52 H.
764 2220 63 52 J.
842 2222 343 61 LAMING

754 2297 338 41 SADDLER

889 2342 63 22 AND

663 2374 282 44 HARNESS
979 2382 206 43 MAKER

806 2429 71 25 NeAK
894 2431 147 31 SaIiEYAJRDS,

696 2469 134 42 OX
853 2473 193 43 FOB,
1068 2478 83 42 P.

662 2540 85 25 Orders
759 2544 50 23 and
825 2544 102 31 Repairs
938 2549 123 31 promptly
1072 2551 116 26 executed

821 2589 26 21 at
858 2587 84 24 lowest
954 2592 73 22 rates.

764 2645 140 43 HOUSE
927 2651 160 42 COTEES

663 2697 98 40 made
773 2698 35 39 to
824 2700 100 40 Order
938 2704 68 38 and
1020 2704 168 50 Repaired

721 2809 254 31 CALEDONIAN
991 2817 142 28 HOUSE.

664 2869 214 46 JAMES

743 2925 82 25 BOOT.
842 2926 83 27 SHOE.
941 2930 25 25 &
980 2930 127 29 SUPPER.

795 2957 256 36 Manufacturer.

764 2999 115 32 WEST
912 3003 176 33 OXFORD.
1155 3012 7 16 >

665 3046 47 22 Haa
722 3055 29 13 on
759 3048 61 21 hand
829 3056 13 13 a
851 3052 101 24 splendid
959 3057 129 19 assortment
1095 3057 24 21 of
1123 3059 67 21 Boots

665 3079 43 20 and
718 3079 69 21 Shoes
795 3081 65 21 made
879 3088 29 14 on
917 3085 38 19 the
964 3086 104 25 preoises
1086 3090 25 19 at
1119 3096 69 18 prices

664 3109 53 20 that
726 3111 51 26 defy
786 3114 148 24 competition.
961 3116 60 26 Boys
1029 3118 78 21 School
1114 3120 73 27 Boots,

664 3140 57 21 back
730 3147 71 16 seams
809 3144 45 20 and
862 3144 62 22 front
933 3146 61 21 hand
1001 3154 64 19 sewn,
1074 3153 81 19 cannot
1161 3153 28 20 be

665 3173 123 25 surpassed.
895 3177 48 21 best
948 3180 147 26 watertights,
1104 3184 84 25 pegged

666 3204 49 26 15/-.
754 3205 95 26 Bespoke
849 3206 6 9 5
1032 3213 102 25 carefully
1157 3216 33 19 at-

665 3234 83 21 tended
762 3236 29 20 to.
819 3236 39 21 Fit
875 3231 54 28 and^
939 3239 44 27 \Xp,
989 3242 99 21 kiuanshi
1097 3252 7 6 -
1122 3245 69 21 Guar-

665 3266 85 20 anteed.
778 3267 92 25 Repairs
877 3269 75 24 neatly
962 3266 164 36 JtHcPpromptly
1135 3276 56 22 done

665 3297 26 21 at
698 3298 127 21 reasonable
832 3300 73 25 prices
1044 3301 5 4 '
1093 3301 51 17 -•-■^-.,

679 3370 8 7 %
695 3350 57 20 anch
765 3351 192 22 Establishment:
971 3354 59 21 Near
1047 3356 65 21 Town
1131 3359 54 20 Hall

848 3377 56 22 Fißt
913 3379 90 22 Oxford.

689 3448 49 39 G.
761 3450 51 38 E.
841 3451 352 52 WEYIJVNDTV

799 3512 108 28 FAMILY
922 3514 144 30 BUTCHER.

712 3542 152 44 EAST
893 3544 257 48 OXIJ'OPO,

36 1856 47 58 J.
124 1856 55 57 J,
209 1853 354 59 WESBSR;
588 1860 13 38 :

119 1916 69 29 High
200 1914 87 28 Street,
299 1914 63 23 Bast
381 1913 99 23 Oxford.

120 1974 122 27 PICTURE
262 1973 98 27 FRAME
382 1972 102 27 MAKER

73 2025 88 25 Dealer
169 2025 27 24 in
208 2025 93 28 Paints,
315 2025 59 28 Oils,
388 2025 83 25 White
491 2026 74 27 Lead,

41 2058 86 27 Scrim,
150 2058 208 30 Paperhangings,
378 2057 75 26 Sheet
484 2058 82 28 Glass,

42 2091 46 23 and
103 2098 66 23 every
183 2090 85 24 article
291 2090 130 24 connected
443 2091 60 24 with
525 2091 43 24 the

42 2123 74 24 trade.

75 2154 80 31 Agent
172 2154 37 24 for
235 2154 39 24 W.
297 2154 140 24 Rainbow's
459 2154 109 25 Cordials

40 2187 50 23 and
145 2186 139 28 Medicines,
330 2187 49 23 and
422 2187 145 31 Waterbury

44 2218 122 28 Watches,
179 2218 95 28 Cldcks,
298 2220 40 23 &c.

157 2286 84 24 Paints
252 2286 81 24 mixed
341 2288 26 22 to
378 2287 76 23 order.

126 2394 149 31 COALS!
299 2396 141 30 COALS!
465 2397 7 29 !

61 2474 144 29 Newcastle,
217 2474 135 31 Westport,
371 2475 181 32 Coalpitheath,

222 2507 117 27 Malvern,
352 2508 47 23 and

79 2538 172 24 Blacksmiths'
270 2539 113 26 Brunner
393 2540 65 24 Nuts
470 2541 64 24 Coal.

44 2601 149 21 FIREWOOD
207 2602 23 19 in
243 2602 93 25 Lengths
350 2604 23 20 to
391 2604 47 20 Suit
451 2605 119 21 CLIENTS

123 2659 83 24 jg^AT
218 2660 87 19 Lowest
315 2662 99 19 Oubbent
423 2663 61 20 Ratb

44 2711 22 24 A
76 2711 154 31 Conveyance
236 2714 77 23 meets
320 2721 71 23 every
399 2715 72 24 train.
490 2716 81 25 Goods

57 2744 122 30 conveyed
189 2747 26 21 to
226 2752 70 24 every
306 2748 55 28 part
373 2747 26 23 of
407 2747 42 25 the
458 2748 102 25 district.

112 2775 98 25 Booked
216 2777 92 29 parcels
320 2778 119 25 delivered
445 2780 62 25 Free

167 2808 88 24 within
266 2810 42 23 the
320 2810 121 31 Borough.

47 2838 160 26 Commercial
228 2841 142 25 Travellers'
402 2844 170 30 requirements

77 2872 50 25 will
137 2873 91 25 receive
239 2873 33 24 all
275 2881 126 24 necessary
412 2876 127 26 attention.

219 2912 46 30 A
301 2912 195 33 BTJRT

140 2947 161 25 GENEEAL
324 2947 158 32 CARRIER,

47 2977 86 26 COAL
145 2979 110 35 &*i^E
258 2979 98 26 WOOD
374 2982 197 30 MERCHANT,

246 3011 132 26 Rangioea.

46 3073 87 24 Orders
145 3081 55 23 may
211 3074 28 23 be
244 3074 43 25 left
296 3077 25 22 at
329 3075 38 25 Mr
375 3076 25 24 C.
412 3077 21 23 I.
442 3078 130 31 Jennings,

177 3106 129 29 Stationer,
315 3108 129 31 Rangiora.

49 3192 45 42 J.
117 3192 52 43 T.
197 3193 195 53 Brown,
414 3197 40 42 &
475 3198 96 44 Son

102 3256 109 21 TIMBER
219 3257 19 21 &
248 3257 71 21 COAL
332 3259 178 23 MERCHANTS.

220 3294 161 23 IMPORTERS

51 3330 35 26 Of
115 3330 138 28 TIMBER
281 3334 52 26 and
362 3333 47 27 All
437 3335 87 26 Kinds
547 3337 29 26 of

103 3377 183 26 BUILDING
310 3378 216 29 MATERIALS.

236 3422 148 28 CORNER

49 3462 160 26 COLOMBO
249 3464 19 22 &
296 3463 95 26 TUAM
425 3465 151 27 STREETS

206 3506 189 26 Cbbistchuroh

360 653 56 47 j;
459 658 59 39 s.
562 657 253 42 coos,

559 708 41 19 The
619 706 89 26 People's
732 706 95 23 Chemist,

787 739 91 28 Qashel
894 737 94 31 Street,

818 772 274 29 CHRISTCHURCH.

834 817 126 32 (Opposite
970 816 42 24 the
1033 816 54 23 A.I.
1101 812 85 31 Hotel)

50 895 12 19 I
71 894 52 19 have
131 893 93 25 pleasure
234 890 22 21 in
266 889 102 26 thanking
378 897 34 19 ray
421 890 78 21 friends
509 890 42 20 and
555 890 123 25 'supporters
688 889 33 19 for
730 887 36 21 the
782 886 118 22 oonfidenoe
918 884 52 27 and^
977 890 49 19 very
1043 883 73 20 liberal
1134 882 45 26 pat-

32 936 77 17 ronage
118 929 67 19 which
195 927 38 20 has
243 928 49 19 been
300 926 98 21 extended
408 929 20 17 to
435 932 32 14 me
474 926 33 20 for
516 925 35 21 the
560 927 48 24 past
615 930 67 20 years,
691 924 12 19 I
712 925 54 20 trust
775 923 47 20 that
839 923 13 19 I
870 922 55 21 shall
940 922 61 19 merit
1020 920 36 20 the
1074 918 112 22 continued

33 968 113 22 patronage
154 965 22 18 of
186 970 34 18 my
229 963 78 20 friends
316 963 42 19 and
366 962 36 19 the
411 962 70 26 public
487 962 110 25 generally.
623 961 82 24 During
714 960 35 21 the
757 965 59 20 years
824 960 12 19 I
849 959 53 20 have
907 958 52 20 been
968 958 23 19 in
1008 955 149 22 Ohrstohureh
1170 955 12 19 I

32 1001 53 20 have
94 999 109 25 dispensed
210 1005 63 18 many
281 998 113 19 thousands
405 998 20 19 of
436 998 146 25 prescriptions
591 997 42 20 and
642 997 133 23 sucocsßfully
784 995 79 21 treated
874 993 77 21 several
970 993 117 20 thousands
1106 992 21 20 of
1145 997 36 19 my

23 1037 98 25 patients.
148 1036 54 18 lam
213 1035 50 23 fully
272 1034 124 23 acquainted
405 1033 50 19 with
464 1033 35 19 the
513 1033 94 19 business
613 1033 23 19 in
646 1033 28 18 ah
683 1032 28 20 its
719 1031 108 24 branches,
837 1031 42 19 and
888 1030 18 19 it
909 1031 19 19 is
931 1037 38 19 my
978 1030 117 19 endeavour
1104 1029 76 23 always

60 1071 116 26 personally
190 1070 71 19 attend
271 1071 21 18 to
302 1070 33 19 the
342 1069 148 24 requirements
499 1069 42 20 and
548 1068 71 21 obtain
630 1068 35 21 the
674 1067 118 21 oonfidenoe
807 1067 22 20 of
846 1066 30 20 all
894 1066 46 20 who
959 1064 72 26 kindly
1048 1065 73 23 favour
1149 1070 33 14 me

21 1108 53 19 with
83 1106 54 21 their
149 1108 118 21 patronage.
1172 1111 9 10 ;>

22 1145 65 20 TRY
105 1144 49 21 MY
177 1143 92 21 CURE
287 1143 62 20 FOR
369 1142 62 23 ALL
448 1142 161 21 KINDS.OF
625 1143 79 20 SKIN
721 1139 182 28 IDISEASE-

181 1178 11 20 I
202 1183 36 14 am
247 1176 130 25 exceedingly
386 1177 110 19 successful
508 1177 22 19 in
541 1183 35 17 my
581 1177 99 20 remedies
689 1177 32 19 for
730 1177 43 19 this
780 1176 122 25 complaint,
913 1176 52 19 have
974 1181 13 14 &
992 1176 56 24 large
1064 1174 88 20 number
1162 1174 21 19 of

222 1212 147 21 testimonials.

23 1259 65 21 TRY
106 1259 48 20 MY
173 1256 72 22 NEW
263 1256 140 21 REMEDY
422 1256 62 21 FOR
503 1256 95 21 LIVER
610 1256 218 21 COMPLAINTS
845 1257 69 19 AND
932 1256 250 24 INDIGESTION.—

193 1290 112 20 Hundreds
314 1291 22 19 of
345 1296 35 19 my
389 1291 92 24 patients
490 1290 53 20 have
552 1291 77 24 proved
638 1291 17 19 it
665 1291 73 24 highly
752 1291 140 26 satisfactory.

169 1338 78 30 Large
260 1336 74 26 Stock
350 1336 27 25 of
385 1336 34 28 all
430 1336 70 24 kinds
511 1337 26 24 of
547 1336 86 26 Patent
655 1337 132 25 Medicines
808 1341 27 21 at
862 1338 70 24 Store
948 1339 92 24 Prices.

253 1390 20 22 A
284 1388 123 35 complete^
422 1389 146 24 Assortment
587 1390 26 23 of
632 1388 175 33 Homcepathic
832 1391 139 25 Medicines.

88 1439 43 27 All
148 1438 123 27 DRUGS
286 1439 188 24 Guaranteed
490 1438 83 32 Pure,
590 1439 73 25 Best
684 1440 127 34 Quality,
831 1442 55 23 and
902 1443 117 23 Lowest
1044 1442 90 24 Price.

219 1485 301 25 PMRSORIPTIONS
535 1487 117 31 carefully
669 1489 49 21 and
736 1489 110 29 correctly
869 1489 130 29 dispensed.

352 1537 597 35 CO^vSTJTL.T^LTrONS
987 1541 191 33 FRJSID

446 1588 113 33 JOHN
782 1608 6 17 ;
796 1612 4 4 .
1059 1607 21 11 -
1149 1600 11 32 ;.

413 1649 141 31 Registered
586 1650 204 27 Pharmaceutical
808 1652 115 31 Chemist,

744 1698 109 26 Cashel
877 1700 114 32 Street,

874 1744 279 32 nURISTCHUECHv
