2490 3860
61 1422 325 30 BRACKENFIELD
402 1421 168 29 HOUNDS.

91 1511 19 21 A
123 1510 106 29 meeting
243 1509 46 23 will
301 1508 57 24 take
368 1508 68 28 place
448 1509 25 22 at
482 1507 97 30 Paget's

56 1548 83 26 Hotel,
154 1555 30 15 on
193 1546 136 29 Thursday,
342 1544 58 31 May
423 1544 68 27 26tb,
514 1545 26 22 at
562 1544 15 22 4

55 1595 68 22 p.m.,
136 1586 37 24 for
186 1586 42 24 the
250 1591 104 25 purpose
373 1583 26 25 of
420 1583 102 31 making
542 1590 47 32 ar.^

56 1624 156 30 rangements
235 1622 37 23 for
294 1622 42 23 the
363 1623 84 22 return
481 1621 25 23 of
537 1620 42 23 the

153 1661 190 22 Brackenfield
376 1659 104 23 Houjjds

56 1701 50 23 this
118 1708 93 15 sea-on.
246 1699 39 23 All
298 1697 70 25 those
384 1697 129 24 intoivsted
538 1705 41 15 are

54 1736 158 32 particularly
221 1734 126 32 requested
358 1736 26 22 to
401 1734 95 24 attend.

339 1773 29 24 F.
387 1773 96 24 Ckowe.

1330 2774 50 26 MR
1397 2775 139 25 DIXON'S
1554 2775 211 28 IRRIGATION.

1471 2814 148 24 SCHEME.

1313 2892 34 24 As
1358 2892 126 28 irrigation
1496 2894 26 23 in
1534 2894 42 25 the
1587 2901 61 16 near
1658 2894 81 23 future
1750 2902 54 22 pro-

1281 2931 73 24 mises
1366 2933 25 23 to
1402 2932 99 24 become
1513 2940 46 16 one
1571 2932 26 24 of
1606 2932 42 24 the
1668 2934 64 22 most
1752 2941 53 22 pro-

1281 2968 96 24 minent
1389 2968 106 30 subjects
1506 2969 37 24 for
1550 2969 136 25 discussion
1693 2971 113 29 amongst

1281 3007 103 23 farmers
1396 3007 48 23 and
1456 3003 113 35 graziers',
1582 3008 49 23 and
1640 3013 3 5 '
1650 3008 156 32 particularly

1282 3053 26 16 so
1319 3045 27 23 in
1358 3045 42 23 the
1409 3046 91 23 Oxford
1512 3047 48 22 and
1569 3047 112 32 adjacent
1689 3047 115 28 districts,

1282 3084 80 24 where
1375 3092 13 16 a
1400 3085 68 29 large
1490 3085 49 23 and
1561 3086 128 29 expensive
1709 3086 97 23 scheme

1282 3123 21 23 is
1315 3122 74 25 about
1401 3125 24 22 to
1437 3122 30 26 be
1478 3124 140 24 considered
1630 3124 31 31 by
1673 3132 15 16 a
1695 3125 112 31 properly

1283 3160 101 24 elective
1397 3160 89 25 Board.
1521 3161 14 24 I
1546 3161 62 24 have
1620 3161 73 25 taken
1717 3162 90 31 special

1284 3197 72 30 pains
1367 3199 26 22 to
1405 3198 86 23 collect
1503 3207 26 15 as
1552 3198 75 24 much
1649 3199 159 27 information

1283 3242 27 15 as
1332 3234 106 30 possible
1460 3242 66 22 upon
1548 3235 42 24 the
1624 3236 101 30 subject,
1759 3236 49 25 and

1282 3270 81 25 which
1374 3271 14 23 I
1399 3271 46 30 beg
1456 3273 25 22 to
1493 3271 68 31 place
1572 3273 25 22 at
1609 3272 42 24 the
1671 3273 90 24 service
1784 3273 27 25 of

1282 3315 60 22 your
1354 3308 105 27 readers,
1472 3309 109 29 trusting
1589 3309 20 23 it
1620 3315 57 25 may
1694 3309 35 25 ,be
1750 3311 58 23 read
1828 3308 3 10 "'

1282 3344 27 23 in
1321 3343 42 24 the
1375 3351 67 16 same
1454 3344 69 30 spirit
1535 3346 25 22 in
1572 3345 81 26 which
1664 3346 20 24 it
1699 3346 21 24 is
1742 3348 66 27 writ-

1283 3383 42 22 ten
1338 3382 57 30 (viz)
1408 3390 14 15 a
1434 3382 76 23 desire
1522 3385 25 21 to
1559 3382 89 25 benefit
1660 3393 41 21 my
1717 3386 90 23 fellow-

1282 3419 124 28 colonists,
1420 3420 48 23 and
1486 3421 41 23 the
1541 3421 99 24 -Oxford
1664 3422 95 25 district
1780 3424 26 23 in

1282 3455 139 30 particular.
1457 3452 100 36 Saving
1569 3459 108 23 received
1689 3466 14 16 a
1714 3462 92 22 courte-

1284 3499 44 16 ous
1339 3492 131 25 invitation
1482 3494 63 23 from
1557 3494 40 26 Mr
1613 3495 40 24 :M.
1677 3495 83 24 Dixon
1784 3498 24 22 to

1283 3529 57 26 visit
1349 3529 39 24 his
1401 3530 174 30 experimental
1587 3532 87 24 works,
1687 3533 48 23 and
1755 3535 52 23 also

1284 3567 42 22 the
1338 3566 45 23 site
1395 3566 25 23 of
1430 3565 38 24 his
1481 3569 117 28 proposed
1620 3569 66 29 large
1709 3567 98 26 scheme

1284 3605 79 24 where
1375 3603 12 24 I
1404 3612 49 18 was
1475 3609 65 20 most
1562 3608 144 28 generously
1728 3610 80 23 enter-

1284 3641 82 23 tained
1379 3641 48 23 and
1439 3640 127 25 furnished
1575 3643 59 25 with
1646 3651 27 15 as
1684 3644 75 23 much
1771 3645 37 23 in-

1284 3680 131 24 formation
1427 3687 27 16 as
1465 3679 14 25 I
1490 3680 88 25 choose
1590 3683 25 24 to
1627 3682 44 24 ask
1690 3681 38 24 for
1749 3683 67 23 with.

1284 3723 62 20 carte
1359 3718 94 25 blanche
1465 3720 24 22 to
1501 3718 99 30 publish
1613 3727 27 16 as
1651 3720 75 26 much
1747 3729 27 18 as
1797 3722 13 24 I

1283 3758 88 23 choose
1383 3760 25 25 to
1430 3757 104 35 divulge,
1569 3759 23 26 I.
1593 3767 102 25 propose
1707 3762 29 28 to.
1755 3761 53 27 des-

1904 175 64 25 cribe
1980 184 27 17 as
2018 178 85 32 briefly
2115 186 27 18 as
2153 179 105 32 possible
2270 179 42 26 the
2334 181 93 31 experi-

1901 215 93 23 mental
2007 215 105 29 scheme,
2124 217 100 30 passing
2235 225 31 16 on
2286 219 26 22 to
2334 226 14 15 a
2371 218 53 24 des-

1901 252 102 30 cription
2027 253 27 24 of
2074 254 42 24 the
2139 254 58 24 land
2219 255 80 25 which
2321 256 21 24 is
2369 263 56 24 pro-

1901 289 75 31 posed
1987 293 26 22 to
2023 292 108 31 irrigate,
2143 294 115 31 glancing
2269 297 25 21 at
2314 295 40 24 the
2378 296 47 24 site

1899 327 27 23 of
1936 327 42 24 the
1990 328 141 25 headworks
2143 331 47 23 and
2202 332 112 30 pointing
2325 334 42 21 out
2379 332 43 23 the

1898 365 115 31 probable
2026 375 84 17 course
2121 369 27 24 of
2157 369 42 24 the
2216 378 61 19 race,
2290 371 48 23 and
2361 371 60 24 then

1897 406 25 22 to
1934 407 100 23 venture
2046 414 31 16 an
2089 408 99 29 opinion
2201 416 65 22 upon
2287 409 42 23 the
2348 409 72 24 effect

1901 441 80 24 which
2004 444 50 22 will
2076 444 28 23 be
2126 444 120 30 produced
2279 452 65 23 upon
2378 446 45 24 the

1898 481 97 28 general
2006 482 75 23 water
2093 483 85 29 supply
2200 483 105 28 scheme,
2328 485 27 22 in
2377 485 44 23 the

1900 519 71 21 event
1983 518 28 27 of,
2018 519 40 22 Mr
2070 519 101 24 Dixon's
2183 520 78 31 larger
2272 520 58 32 plnn
2349 522 74 30 being-

1898 556 92 23 carried
2001 559 43 22 out
2056 566 31 15 on
2101 559 42 24 the
2153 560 63 23 lines
2228 561 79 24 which
2319 562 33 23 he
2373 562 48 23 has

1895 592 50 24 laid
1956 593 70 25 down

1927 629 53 24 The
1991 631 45 23 site
2057 632 27 22 of
2103 633 43 24 the
2167 633 141 25 headwoks
2330 635 27 24 of
2377 635 41 25 Mr

1894 668 105 24 Dixon's
2012 671 173 28 experimental
2197 673 98 23 scheme
2305 674 22 23 is
2344 675 76 23 about

1895 705 13 21 3
1922 704 70 25 miles
2005 705 78 26 South
2096 707 61 25 East
2179 708 26 24 of
2225 710 38 23 his
2285 711 133 27 residence,

1894 740 48 24 and
1954 748 31 16 on
1997 742 42 24 the
2058 744 74 23 north
2155 744 65 23 bank
2242 746 27 23 of
2286 748 42 21 the
2352 747 63 24 Wai-

1893 777 116 24 makariri
2030 779 71 24 river.
2118 780 82 24 .The'
2211 781 65 25 bank
2298 783 22 23 is
2343 783 75 25 about

1894 815 31 22 10
1936 816 48 23 feet
1996 815 74 24 above
2082 817 42 23 the
2135 818 113 32 ordinary
2260 821 73 23 water
2345 821 72 27 level,

1893 853 118 25 therefore
2023 863 14 16 a
2056 856 95 31 cutting
2173 858 90 24 carried
2287 861 43 22 out
2353 863 25 21 at
2401 868 17 16 a

1893 891 60 24 dead
1964 892 61 25 level
2037 893 61 25 rises
2108 896 26 23 to
2145 894 42 25 the
2204 896 66 30 plain
2292 897 27 24 in
2342 898 77 26 about

1893 929 30 22 34
1946 929 93 24 chains.
2073 931 53 24 The
2147 933 95 29 cutting
2276 933 45 24 has
2354 934 61 25 ticea

1892 967 70 23 made
1974 969 59 23 with
2046 976 14 16 a
2072 970 74 23 Avidth
2159 971 26 23 of
2200 973 28 22 11
2254 972 47 24 feet
2322 975 26 22 at
2373 976 43 22 the

1892 1003 104 29 bottom,
2009 1006 48 22 and
2068 1006 68 24 there
2148 1007 63 24 i.s.an
2225 1016 100 23 average
2339 1010 76 31 di^-ih

1893 1042 27 23 of
1929 1043 30 22 24
1971 1043 85 24 inches
2068 1045 26 22 of
2103 1049 74 19 water
2190 1048 106 29 running
2307 1048 109 31 through
2456 1047 5 13 '

1893 1078 27 23 it-
1955 1079 32 23 At
1999 1080 42 23 the
2053 1084 40 26 top
2105 1081 26 23 of
2141 1081 41 24 the
2194 1083 95 31 cutting
2307 1091 16 17 a
2341 1085 77 23 sftifce

1893 1116 55 29 gate
1958 1114 22 25 is
1992 1117 37 23 set
2040 1115 25 25 in
2077 1120 118 26 concrete,
2207 1120 49 23 and
2279 1120 70 24 when
2371 1122 45 23 the

1893 1154 55 27 gate
1959 1152 21 23 is
1992 1153 93 30 opened
2096 1161 14 15 a
2122 1155 47 22 two
2186 1155 49 25 feet
2246 1155 41 25 fall
2300 1157 21 23 is
2333 1158 88 28 gained

1893 1188 25 23 in
1941 1188 42 23 the
2007 1190 30 22 84
2059 1189 93 24 chains.
2187 1190 52 24 The
2270 1194 96 29 cutting
2396 1194 23 22 is

1893 1225 69 23 made
1985 1225 45 24 five
2042 1225 48 24 feet
2103 1227 59 30 high
2177 1235 25 16 so
2218 1235 28 17 as
2264 1230 26 23 to
2312 1229 71 24 allow
2406 1237 16 17 a.

1893 1261 45 25 full
1949 1270 75 23 range
2046 1262 37 24 for
2105 1267 15 20 a;
2141 1264 64 23 flood
2227 1265 57 28 rise*
2307 1267 47 23 and
2378 1267 43 24 the

1892 1300 75 22 water
1978 1307 45 15 can
2036 1300 28 23 be
2076 1301 133 23 cantroJk'd
2219 1303 30 30 by
2272 1302 43 24 the
2335 1311 31 16 ov,
2372 1312 46 15 nor

1893 1339 26 22 at
1930 1338 39 23 his
1981 1336 56 26 will.
2071 1339 24 24 It
2107 1347 45 16 can
2164 1340 29 23 be
2204 1341 60 23 used
2276 1341 77 24 either
2364 1345 25 21 at
2401 1350 17 17 a

1891 1375 47 24 low
1950 1374 62 25 level
2024 1376 59 23 with
2095 1384 15 15 a
2122 1377 63 24 swift
2196 1378 109 30 running
2316 1381 102 25 stream,

1894 1419 27 16 or
1932 1413 25 22 at
1969 1420 14 15 a
1994 1412 60 29 high
2065 1413 62 24 level
2138 1414 57 23 with
2208 1422 15 15 a
2235 1414 58 23 slow
2310 1416 109 29 running

1893 1449 64 32 body
1968 1450 27 24 of
2007 1452 81 22 water.
2122 1451 53 24 The
2197 1451 74 25 latter
2293 1453 22 23 is
2336 1456 26 21 at
2385 1453 33 24 all

1894 1488 73 22 times
1989 1488 134 29 preferable
2144 1489 38 23 for
2202 1489 128 31 irrigation
2358 1498 60 22 pur-

1892 1533 78 22 poses.
2005 1526 53 24 The
2068 1526 94 31 deposit
2174 1528 26 24 of
2221 1528 42 25 silt
2284 1528 50 24 has.
2352 1528 64 25 been

1893 1572 26 17 so
1931 1567 69 28 great
2013 1566 54 24 that
2090 1566 42 24 the
2153 1568 159 29 percolation,
2334 1567 82 25 which

1893 1609 48 17 was
1952 1611 57 22 very
2020 1603 160 30 conspicuous
2191 1608 26 19 at
2228 1604 62 30 first,
2310 1604 47 25 has
2376 1613 42 17 en-

1893 1641 69 30 tirely
1974 1648 68 17 cease
2049 1641 18 28 1,
2080 1641 57 25 and.
2140 1641 42 26 the
2194 1641 45 26 bed
2256 1641 26 27 of
2301 1642 44 26 the
2366 1644 52 24 cut-

1893 1677 53 30 ting
1967 1678 22 24 is
2011 1686 55 16 now
2096 1680 141 30 practically
2269 1681 151 31 watertight.

1893 1714 52 23 The
1957 1714 75 24 sluice
2044 1718 56 27 gate
2156 1717 42 23 the
2211 1718 41 29 top
2263 1717 30 24 of.
2304 1717 43 24 the
2368 1719 50 23 ter-

1893 1758 55 16 race
1959 1752 22 23 is
1993 1752 42 23 the
2047 1753 70 29 point
2128 1754 63 22 from
2203 1754 87 24 which!
2308 1752 41 25 the
2371 1754 49 24 dis-

1893 1789 118 25 tribution
2023 1790 27 25 of
2059 1791 42 24 the
2123 1794 74 22 water
2218 1792 22 24 is
2262 1793 79 23 made.
2376 1793 40 30 By

1893 1834 85 16 means
1990 1827 57 31 o/a
2070 1829 94 29 simpltT
2180 1830 76 27 300i%~

1893 1871 58 16 man
1964 1871 44 17 can
2021 1866 96 29 operate
2129 1865 59 24 with
2200 1874 62 22 ease,
2276 1867 43 25 the
2340 1870 76 22 water

1893 1910 45 16 can
1950 1903 29 24 be
1990 1911 47 17 run
2048 1903 53 25 into
2120 1905 42 24 the
2185 1905 59 30 high
2267 1906 60 24 level
2351 1915 63 18 race,

1893 1942 79 24 which
1984 1950 60 16 runs
2063 1944 26 22 in
2112 1951 31 16 an
2164 1945 103 30 easterly
2290 1945 126 29 direction,

1893 1978 48 25 and
1953 1979 21 24 is
1986 1979 70 24 made
2067 1980 57 24 with
2137 1989 15 15 a
2163 1981 43 25 fall
2218 1982 26 24 of
2253 1990 46 16 one
2310 1982 57 26 inch
2389 1983 29 25 in

1894 2026 70 22 every
1976 2018 54 24 four
2047 2019 94 24 chains.

1926 2056 110 25 Another
2046 2065 54 17 race
2111 2067 59 16 runs
2181 2060 27 23 in
2220 2067 14 16 a
2257 2061 72 23 pouth
2353 2064 65 22 east-

1892 2096 48 30 erly
1953 2096 117 25 direction
2083 2099 25 22 at
2119 2106 15 15 a
2145 2098 73 30 grade
2230 2099 26 24 of
2266 2101 34 29 1
2308 2100 59 23 inch
2390 2103 27 21 to

1894 2135 41 24 the
1957 2135 54 24 four
2033 2135 93 29 chains,
2150 2137 49 23 and
2225 2139 116 23 conducts
2374 2139 43 24 the

1892 2175 74 22 water
1977 2174 105 30 through
2094 2175 58 24 land
2164 2176 70 30 lying
2245 2184 32 16 on
2289 2176 43 25 the
2343 2178 73 23 south

1893 2213 50 23 side
1954 2213 27 23 of
1990 2213 41 24 the
2043 2216 121 28 property.
2197 2215 54 24 The
2271 2215 73 23 latter
2361 2223 57 16 race,

1891 2251 22 23 is
1924 2251 116 24 intended
2061 2254 26 22 to
2110 2260 90 23 convey
2223 2261 15 16 a
2258 2253 87 30 duplex
2368 2253 51 25 and

1892 2289 109 31 auxilary
2013 2290 86 31 supply
2110 2290 73 24 while
2206 2290 42 26 the
2270 2291 63 32 high
2352 2291 75 26 level,

1891 2336 54 14 race
1957 2329 49 22 will
2017 2337 94 21 convey,
2120 2331 33 21 all
2164 2330 44 24 the
2220 2330 98 29 surplus
2340 2333 74 20 water

1891 2365 54 23 into
1963 2364 42 25 the
2026 2365 108 24 manuka
2153 2366 79 24 scrub.
2267 2366 54 25 The
2341 2370 77 21 water

1892 2404 21 23 is
1922 2404 92 23 carried
2026 2404 74 30 along
2110 2404 32 32 by
2160 2412 86 17 means
2269 2404 27 25 of
2313 2405 103 31 scooped

1891 2443 118 23 channels
2020 2443 37 24 for
2067 2450 16 16 a
2094 2443 109 24 distance
2214 2444 27 23 of
2251 2444 42 25 six-
2300 2451 27 17 or
2338 2452 72 17 seven

1894 2481 79 27 miles,
1995 2481 119 30 openings
2143 2482 26 24 in
2192 2482 42 25 the
2257 2483 64 22 bank
2343 2483 73 31 being

1893 2519 71 25 made
1975 2521 25 22 at
2012 2527 70 23 every
2094 2520 73 24 chain
2179 2523 27 21 to
2220 2521 130 26 distribute
2372 2522 45 26 the

1894 2559 73 23 water
1978 2566 27 16 as
2022 2559 121 30 required.
2176 2559 74 24 From
2262 2560 44 23 the
2326 2562 89 22 nature

1893 2596 27 24 of
1929 2596 42 24 the
1982 2596 77 24 work's
2071 2597 96 30 already
2178 2597 62 24 done
2250 2598 48 23 and
2310 2598 42 24 the
2370 2599 47 25 im-

1893 2636 88 29 proved
1993 2643 150 23 appearance,
2153 2636 27 24 of
2189 2636 41 27 the
2242 2636 44 26 soil
2298 2637 49 23 and
2362 2645 54 22 pas-

1893 2674 53 22 ture
1958 2672 20 25 it
1988 2673 22 24 is
2021 2672 51 25 safe
2082 2674 26 23 to
2119 2673 92 31 predict
2223 2674 55 24 that
2300 2674 42 24 the
2364 2674 52 24 face

1893 2709 26 25 of
1929 2710 49 24 this
1988 2710 88 27 barren
2087 2711 66 30 piece
2164 2711 26 24 of
2199 2711 57 24 land
2276 2711 47 25 will
2336 2711 28 25 be
2376 2720 42 16 en-
2448 2716 13 34 J

1893 2747 71 30 tirely
1976 2747 109 30 changed
2096 2747 32 32 by
2150 2747 42 26 the
2214 2748 154 26 introdueton
2392 2748 27 25 of

1892 2784 43 24 the
1946 2785 80 23 water.
2061 2784 13 22 I
2085 2785 81 23 notice
2177 2784 55 24 that
2243 2793 31 15 on
2287 2785 58 25 Dec.
2355 2785 61 28 29th

1894 2821 41 24 the
1945 2821 133 31 -Lyttelton
2086 2821 90 24 Time3*
2188 2822 112 31 reported
2307 2822 55 25 that
2371 2824 50 22 25Q

1893 2865 67 17 acres
1971 2855 50 28 ha'l
2042 2858 97 31 already
2161 2858 59 25 been
2243 2859 100 28 treated,
2367 2859 50 25 and

1891 2895 21 23 it
1924 2902 50 16 was
1995 2895 106 30 possible
2124 2896 64 26 that,
2202 2897 43 23 the
2267 2897 77 24 wbole
2366 2898 53 25 cost
2435 2918 23 5 .....

1894 2933 79 25 would
1985 2933 28 24 be
2024 2934 211 33 rec6uped,iT||i|ife
2253 2942 93 21 season,
2368 2934 93 26 and^

1893 2972 13 23 I
1929 2980 40 15 am
1991 2972 82 31 happy
2095 2975 25 21 to
2143 2980 42 23 say
2209 2973 55 25 that
2287 2973 54 27 that
2363 2982 53 25 pre-

1894 3011 91 25 diction
1996 3012 46 23 has
2054 3011 60 24 been
2126 3012 62 30 rally
2210 3012 107 26 verified.

1926 3047 14 22 I
1952 3048 61 23 have
2024 3055 33 17 no
2068 3048 75 24 doubt
2164 3056 26 15 as
2213 3048 42 25 the
2277 3048 66 26 work
2364 3057 54 22 pro-

1894 3086 70 23 ceeds
1976 3086 49 24 and
2040 3086 42 24 the
2104 3087 70 24 fields
2197 3088 98 23 become
2316 3088 102 28 fruitful,
2443 3111 3 2 .
2456 3107 2 2 .

1895 3125 48 24 and
1954 3125 43 24 the
2008 3125 59 24 fruit
2085 3126 49 24 and
2156 3125 73 27 forest
2252 3129 62 24 trees
2336 3126 85 33 spring

1893 3172 41 23 up,
1948 3165 77 24 which
2039 3165 39 26 Mr
2089 3165 82 24 Dixon
2181 3166 99 26 intends
2291 3168 26 26 to,
2324 3166 90 30 'plant,

1894 3202 54 24 that
1960 3203 51 23 this
2021 3203 115 30 partially
2147 3203 142 24 waste-land
2300 3203 49 24 will
2372 3205 44 22 xxoi

1894 3239 57 29 only
1973 3238 99 31 becqme
2100 3239 84 31 highly
2197 3260 2 2 .
2212 3240 140 30 productive
2375 3240 43 24 but

1894 3283 58 24 very
1971 3276 126 25 beautiful.
2324 3295 3 2 .

1926 3313 53 24 The
1990 3315 52 23 cost
2065 3313 36 27 of,
2111 3313 42 24 the
2176 3314 65 24 work
2264 3322 27 17 so
2312 3314 38 24 far
2372 3314 46 25 has

1894 3350 61 24 been
1973 3351 73 23 about
2070 3351 77 29 300,
2171 3359 15 16 a
2208 3360 66 16 me^e
2298 3347 118 35 bagatelle,

1894 3389 154 30 considering
2064 3390 43 22 the
2128 3391 121 22 immense
2271 3391 145 29 advantages

1894 3427 25 21 to
1932 3425 28 23 be
1971 3425 96 32 gained,
2080 3427 43 22 not
2133 3426 58 31 only
2207 3426 28 25 in
2246 3427 42 24 the
2309 3427 109 26 increase,

1894 3462 27 23 of
1929 3462 42 23 the
1983 3463 121 29 products,
2115 3463 44 24 but
2180 3464 27 23 in
2229 3464 42 24 the
2293 3462 126 28 erihanoed.

1893 3499 70 23 value
1975 3499 27 24 of
2016 3500 43 23 the
2080 3500 67 26 land.
2181 3501 14 23 I
2216 3501 63 25 have
2300 3508 33 20 no.
2355 3501 63 24 hesi-

1892 3536 79 23 tation
1983 3537 27 23 in
2022 3539 92 29 stating
2136 3539 54 23 that
2213 3539 26 24 in
2262 3539 157 31 multiplying

1893 3573 59 24 both
1964 3575 31 30 by
2007 3577 49 27 ten,
2077 3577 14 23 I
2113 3577 88 24 should
2223 3579 44 22 not
2289 3577 128 26 overshoot

1891 3612 43 23 the
1945 3614 79 24 mark.
2060 3615 33 24 So
2105 3616 74 25 much
2195 3617 38 23 for
2254 3617 44 23 the
2320 3617 95 29 experi-

1891 3650 94 26 mental
1997 3652 96 24 scheme
2105 3654 80 24 which
2198 3654 31 31 by
2237 3662 114 19 common
2360 3662 55 18 con-

1893 3688 55 23 sent
1959 3688 26 23 of
1995 3688 33 25 all
2040 3690 55 23 who
2107 3691 61 24 have
2181 3699 56 18 seen
2249 3692 20 24 it
2287 3692 23 23 is
2331 3699 16 17 a

1889 3723 113 35 jounced
2014 3734 105 20 success.
2154 3729 73 31 Upon
2239 3729 50 26 this
2312 3736 102 20 success,

1894 3763 40 27 Mr
1946 3763 84 29 Dixon
2040 3766 46 27 has,
2097 3767 106 28 founded,
2221 3768 38 28 his
2280 3768 138 28 conviction.

685 2253 111 17 Oxford
815 2253 55 17 and
889 2253 74 17 Cust
982 2253 167 17 Obserber.

685 2270 246 24 PUBLISHED
958 2270 191 24 WEEKLY.

695 2294 166 23 SATURDAY.
918 2294 54 20 May
1004 2296 49 20 21st
1091 2296 58 20 1892.

666 2403 9 18 '
710 2398 64 29 The
801 2397 100 40 policy
930 2398 32 29 of
989 2408 55 19 our
1072 2401 122 35 present

669 2437 123 30 Liberal
823 2438 263 35 Administration,
1129 2439 63 29 like

670 2488 59 28 any
758 2479 86 28 other
872 2482 87 35 great
987 2479 205 38 undertaking

671 2517 144 39 designed
849 2518 49 29 for
939 2521 69 26 vast
1037 2519 156 38 Jmprove-

670 2562 97 25 ments
795 2558 31 28 in
854 2559 52 28 the
930 2559 123 28 welfare
1080 2559 32 28 cf
1139 2559 53 30 the

670 2597 115 38 people,
800 2598 26 28 is
840 2606 69 21 sure
920 2603 32 24 to
979 2598 134 38 provoke
1141 2599 51 28 the

672 2637 133 38 hostility
820 2637 31 28 of
863 2637 69 29 that
946 2638 113 29 section
1084 2637 34 30 of
1141 2638 52 29 the

671 2678 184 38 community
869 2678 99 28 whose
982 2679 140 27 interests
1142 2688 51 19 are

672 2717 102 30 bouud
800 2727 42 28 up
870 2717 33 29 in
932 2717 82 38 large
1052 2718 140 38 holdings

672 2757 96 29 either
793 2757 32 28 of
852 2757 72 28 land
952 2767 34 18 or
1013 2767 118 29 money,
1160 2768 34 18 or

672 2796 98 29 whose
786 2797 146 28 members
947 2806 51 19 are
1026 2797 166 29 associated

673 2837 158 30 therewith
858 2837 41 38 by
923 2837 106 39 family
1058 2837 57 29 ties
1157 2846 34 20 or

670 2877 76 29 class
749 2876 187 39 prejudices,
953 2877 60 28 and
1040 2878 151 29 therefore

671 2914 70 31 lehfl
740 2917 11 18 M
769 2917 127 38 suppdrt
923 2920 32 25 to
984 2918 121 28 ancient
1133 2918 59 28 and

673 2957 225 37 deeply-rooted
908 2958 166 37 stumbling
1082 2958 112 30 blocks,

673 2996 100 29 which
799 2999 80 26 must
912 2998 203 27 nevertheless
1157 2998 36 28 be

673 3036 171 29 eradicated
859 3036 39 38 by
913 3046 152 19 measures
1080 3037 32 27 of
1125 3040 69 25 true

673 3076 120 29 reform.

713 3114 28 29 A
769 3114 121 30 notable
912 3115 134 30 instance
1074 3116 32 28 of
1143 3116 52 29 the

675 3156 90 28 effect
792 3154 34 30 of
846 3155 52 29 the
927 3156 195 37 provocation
1150 3167 46 20 we

675 3196 99 28 allude
788 3199 42 30 to,
846 3205 59 18 was
920 3198 140 33 reported
1082 3197 31 27 in
1143 3198 52 27 the

675 3236 98 31 Home
788 3234 185 38 cablegrams
986 3236 137 28 received
1138 3237 60 28 last

673 3275 92 30 week.
807 3275 30 28 A
851 3274 113 30 former
978 3274 156 30 Governor
1163 3276 32 29 of

676 3315 79 27 New,
766 3314 140 35 Zealand,
939 3314 65 30 who
1031 3324 56 20 can
1116 3315 77 29 have

674 3352 76 29 little
765 3363 105 18 reason
885 3356 30 24 to
931 3354 147 37 complain
1094 3355 32 28 of
1148 3355 52 30 the

673 3394 163 26 treatment
850 3417 4 3 ,
899 3392 37 28 he
1001 3394 194 37 experienced

673 3431 103 31 whilst
786 3431 96 38 living
896 3434 139 36 amongst
1045 3443 44 24 us,
1101 3443 95 20 seems

673 3473 32 27 to
717 3471 75 29 have
816 3471 133 39 thought
976 3472 35 30 fit
1035 3476 31 26 to
1094 3473 101 29 attack

675 3511 50 27 the
741 3511 114 38 Colony
870 3511 31 29 in
929 3521 19 19 a
974 3522 126 19 manner
1127 3513 68 30 that

676 3551 98 28 would
795 3551 38 30 do
861 3561 82 19 more
971 3553 97 28 credit
1091 3556 31 25 to
1150 3553 45 28 his

673 3589 107 29 valour
793 3590 75 30 than
887 3593 32 26 to
946 3591 47 28 his
1023 3591 170 29 discretion.

676 3628 48 29 Sir
743 3628 130 29 William
888 3629 120 30 Jervois
1025 3631 97 29 would
1142 3641 51 29 ap-

673 3676 73 28 pear
760 3670 32 27 to
807 3668 137 30 consider
958 3669 68 31 that
1039 3680 56 19 our
1115 3670 80 29 Gov-

673 3711 138 24 ernment
825 3711 97 26 wants
950 3711 33 26 to
1011 3713 44 25 set
1084 3710 109 35 capital

673 3746 117 40 against
818 3746 124 38 labour;
979 3749 133 31 whereas
1150 3760 44 22 we

1289 183 49 18 are
1352 173 130 30 inclined
1498 178 33 25 to
1559 174 71 30 hold
1659 174 68 31 that
1754 177 52 28 the

1283 213 71 28 booL
1378 214 99 28 would
1506 215 35 28 fit
1582 216 125 28 another
1747 217 58 37 leg,

1282 253 68 37 viz.,
1364 253 68 29 that
1447 254 111 38 capital
1574 253 98 31 would
1689 255 59 30 like
1774 261 31 24 to

1284 301 116 22 resume
1416 293 203 30 Government
1630 295 61 29 and
1701 296 106 29 labour

1284 333 98 38 might
1409 333 71 29 take
1510 334 50 28 the
1586 334 75 29 back
1689 338 64 25 seat
1781 337 24 26 it

1283 372 54 29 has
1352 372 132 30 hitherto
1499 374 60 28 had
1572 377 32 26 to
1617 377 122 26 content
1766 375 38 28 it-

1284 412 58 28 self
1356 411 83 30 with.

1320 452 40 29 It.
1363 452 25 29 is
1404 452 40 29 all
1459 463 74 29 very
1561 453 67 29 well
1651 456 31 25 to
1712 454 90 38 pooh-

1282 492 78 35 pooh
1389 492 51 27 the
1465 493 123 27 Labour
1615 494 128 26 element
1771 494 33 27 in

1282 540 56 18 our
1365 535 122 34 present
1522 532 91 28 social
1641 532 161 35 condition,

1281 571 55 27 but
1350 571 24 27 it
1389 572 62 27 will
1466 580 93 29 prove
1572 572 49 27 far
1644 572 100 28 better
1771 576 32 24 to

1280 611 157 37 recognize
1466 612 67 28 that
1576 611 51 29 the
1672 613 130 36 people's

1280 650 85 28 voice
1389 653 80 25 must
1493 650 158 29 command
1677 652 52 28 the
1757 655 45 25 at-

1280 689 116 28 tention
1411 690 25 28 it
1446 690 26 28 is
1484 690 125 29 entitled
1626 694 30 25 to
1667 699 6 26 ;
1698 691 57 28 and
1770 692 32 28 in

1280 729 87 28 order
1383 734 29 23 to
1428 739 104 19 ensure
1548 730 50 28 the
1616 731 62 28 best
1691 731 110 29 results

1280 768 49 28 for
1342 768 52 28 the
1416 768 100 30 future
1543 770 122 28 welfare
1692 770 32 28 of
1751 771 51 28 the

1280 807 114 37 Colony
1410 808 57 28 and
1479 809 51 29 the
1555 808 102 38 world,
1687 809 25 29 it
1738 811 71 28 will'

1278 848 37 28 be
1326 848 67 28 best
1405 848 34 28 of
1449 848 40 28 all
1504 853 31 24 to
1550 858 84 20 cease
1753 854 47 26 at-

1280 887 96 35 tacks,
1394 888 95 28 which
1505 887 62 30 will
1576 888 73 40 only
1659 890 143 39 intensify

1280 932 106 32 strong
1399 928 121 37 feeling,
1536 929 59 27 and
1611 930 88 35 bring
1710 930 91 30 about

1280 977 18 19 a
1313 967 129 35 conflict,
1472 968 51 29 the
1545 968 130 39 possible
1699 979 100 20 conse-

1280 1017 129 28 quences
1434 1008 33 28 of
1492 1008 100 29 which
1619 1019 46 19 we
1693 1009 106 29 should

1280 1050 52 25 not
1348 1057 66 19 now
1428 1047 62 29 like
1505 1052 28 24 to
1550 1048 108 37 depict.

1320 1085 110 40 Seeing
1470 1087 68 29 that
1579 1088 51 29 the
1685 1088 115 38 gallant

1279 1127 170 38 gentleman
1466 1127 98 29 whose
1579 1129 115 27 unwise
1709 1132 92 25 utter-

1280 1175 89 20 ances
1401 1167 38 37 (if
1460 1167 146 38 correctly
1646 1168 153 38 reported)

1279 1215 61 20 was
1355 1207 72 32 only
1439 1207 93 36 lately
1562 1207 104 38 trying
1693 1210 33 25 to
1751 1209 50 27 ob-

1278 1245 63 29 tain
1357 1246 53 29 the
1425 1247 83 28 office
1522 1246 34 29 of
1574 1245 228 39 Agent-Gener-

1279 1287 29 27 al
1323 1287 32 28 of
1369 1286 75 30 New
1458 1286 60 29 Zea
1519 1287 8 15 7
1530 1287 67 35 and,
1615 1286 59 30 and
1701 1288 101 28 would

1280 1326 76 29 have
1370 1327 75 28 been
1462 1327 114 37 willing
1593 1330 32 25 to
1653 1327 69 29 take
1750 1338 52 18 an-

1279 1366 88 29 other
1377 1369 72 27 turn
1465 1370 32 25 at
1510 1367 54 29 the
1575 1367 228 39 governorship,

1280 1416 44 19 we
1336 1416 51 19 are
1400 1407 93 36 ready
1507 1410 32 26 to
1564 1407 87 29 make
1679 1417 56 19 one
1759 1409 43 27 al-

1279 1445 133 30 lowance
1427 1445 48 28 for
1499 1445 209 39 disappointed
1739 1457 63 19 arn-

1281 1485 104 29 bition.
1426 1485 58 30 We
1494 1496 75 19 once
1584 1487 69 28 read
1679 1496 19 19 a
1722 1487 82 29 fable

1280 1525 103 32 about.
1387 1535 18 19 a
1418 1525 54 29 fox
1487 1526 58 28 and
1560 1536 72 19 sour
1655 1536 109 29 grapes
1777 1528 5 28 !

1312 1617 31 23 In
1354 1617 43 24 the
1415 1618 47 23 last
1479 1618 66 30 days'
1556 1618 26 24 of
1589 1618 47 26 .Sir
1652 1618 29 24 F.
1711 1619 93 24 Dillion

1279 1654 74 24 Bell's
1403 1656 152 29 occupation,
1581 1656 27 23 of
1637 1657 43 23 the
1714 1657 89 30 Agent-

1279 1693 127 24 General's
1418 1693 68 24 office
1500 1695 67 22 there
1579 1703 49 15 was
1646 1695 75 23 much
1752 1696 51 23 talk

1279 1730 75 23 about
1367 1730 37 24 his
1416 1738 130 17 successor.
1580 1731 53 24 The
1644 1733 68 29 great
1723 1734 81 28 quest-

1279 1767 46 31 ion_
1332 1766 51 25 was'
1393 1765 54 26 who
1458 1775 49 16 was
1519 1770 25 22 to
1556 1768 29 23 be
1597 1768 42 24 the
1648 1776 56 16 new
1714 1768 89 31 Agent-

1281 1802 112 29 General,
1407 1803 48 24 and
1469 1803 71 29 .there
1557 1811 62 17 were
1728 1807 119 27 appli-
1851 1822 2 2 -

1279 1840 77 22 cants.
1392 1839 96 30 Among
1516 1841 73 22 tHenT
1695 1841 46 23 Hit
1763 1841 38 23 W.

1280 1875 102 29 Jervois,
1394 1875 66 25 Lord
1472 1876 120 24 Onslow's
1609 1877 159 30 predecessor;
1777 1877 27 23 in

1279 1915 43 23 the
1340 1914 188 31 Governorship,
1558 1923 28 17 as
1613 1916 13 22 I
1653 1916 63 24 have
1742 1916 62 28 been

1279 1952 127 24 reminded
1416 1952 81 30 today,
1509 1952 38 24 for
1557 1952 43 24 the
1608 1952 49 25 fact
1666 1961 50 16 was
1722 1953 81 31 public

1279 1991 115 29 property
1410 1991 25 23 at
1452 1989 42 24 the
1511 1990 67 24 time.
1613 1990 14 24 I
1654 1991 60 23 hear
1740 1991 62 28 that,

1280 2027 78 24 when'
1363 2026 42 25 the
1416 2027 149 30 resignation
1581 2027 26 24 of
1621 2028 67 24 Lord
1705 2028 99 30 Onslpw

1279 2074 51 16 was
1341 2067 152 26 announced,
1507 2067 39 23 Sir
1564 2067 38 23 W.
1621 2067 94 24 Jervois
1733 2067 70 23 made

1279 2104 102 23 interest
1397 2107 26 21 to
1442 2105 41 29 get
1500 2110 14 17 a
1532 2104 88 24 second
1637 2107 61 21 term
1717 2104 26 24 of
1761 2105 42 23 the

1281 2140 188 30 Governorship.
1505 2140 75 24 What
1592 2140 139 24 has'struck
1749 2143 53 28 gbs-

1280 2180 76 30 sipers
1374 2179 64 29 here,
1458 2180 65 25 since
1541 2179 41 25 the
1599 2182 80 28 report
1707 2180 27 23 of
1764 2180 39 23 his

1281 2219 87 29 speech
1385 2220 26 22 at
1427 2219 43 23 the
1487 2219 113 24 Colonial
1617 2219 116 24 Institute
1761 2219 42 23 the

1280 2255 70 24 other
1361 2255 47 31 day
1422 2255 103 24 reached
1542 2264 37 19 us,
1597 2257 21 22 is
1636 2256 54 23 that
1707 2264 30 15 on
1756 2258 47 21 two

1279 2293 124 24 occasions
1416 2292 40 26 Sir
1467 2293 38 24 W.
1520 2293 95 24 Jervois
1632 2293 41 24 did
1690 2295 43 21 not
1750 2293 51 25 fear

1279 2333 43 22 the
1335 2332 99 23 Labour
1450 2338 78 23 party,
1546 2340 27 15 or
1590 2333 168 28 detnagoaues,
1767 2335 2 21 '.
1777 2340 26 15 or

1279 2377 54 15 new
1348 2369 116 27 taxation,
1494 2368 79 24 which
1591 2368 88 31 during
1697 2370 41 22 the
1755 2370 48 22 dis-

1279 2405 97 24 cussion
1388 2414 32 15 on
1434 2405 38 24 Mr
1484 2405 134 24 Perceval's
1635 2413 74 23 paper
1726 2406 31 23 he
1775 2414 26 16 so

1279 2445 106 30 severely
1403 2445 149 24 denounced.

1458 2491 164 25 VISITORS.

1312 2543 47 25 Sir.
1370 2543 108 25 William
1496 2544 94 23 Jervois
1618 2544 59 24 sails
1704 2544 26 23 in
1761 2545 41 27 the

1279 2580 124 24 Kaikoura
1413 2588 33 17 on
1458 2581 56 30 May
1526 2582 30 21 26
1569 2581 37 23 for
1615 2581 57 23 New
1686 2581 115 27 Zealand,

1278 2617 80 24 where
1391 2618 31 23 he
1450 2618 98 25 intends
1577 2619 24 22 to
1629 2618 76 31 spend
1733 2626 67 17 sorae

1279 2657 98 23 months
1377 2664 3 6 1
1382 2674 6 6 .
1763 2674 2 10 ;

1669 2711 7 21 ''
1763 2737 1 5 ,

514 59 168 33 OXFORD
724 60 86 32 AND
852 59 103 33 OUST
997 58 224 33 OBSERVER
1265 59 228 39 SATURDAY,
1535 63 86 30 MAY
1663 64 47 34 21,
1756 67 75 30 1892

778 171 315 44 WANTED/

675 303 165 57 WANTED
852 311 15 15 a
877 310 83 24 young
971 311 58 16 man
1040 304 153 25 accustomed

735 358 11 3 ..
762 337 22 21 to
788 353 3 8 :
801 335 98 30 general
921 335 63 24 farm
1006 335 74 24 work.
1115 336 78 30 Apply

768 373 29 24 R.
821 373 128 28 Blundbn,
967 373 127 25 Bennetts.

818 412 33 22 Or
864 412 25 24 S.
908 412 85 26 Wood,
1013 420 30 15 in
1055 410 42 25 the
1108 412 83 23 Farm.

720 494 54 50 G,
810 494 335 50 MARSHAL,

758 558 141 23 MARKET
917 558 184 28 GARDINER,

844 600 69 24 West
930 600 99 24 Oxford.

671 640 53 24 Has
746 641 37 24 for
800 642 51 24 sale
873 642 112 31 Cabbage
1006 643 97 30 Plants,
1130 644 63 23 local

670 679 73 23 taken
773 680 90 30 garden
894 680 76 23 seed?.
1005 681 91 30 Young
1135 681 60 23 fruit

671 720 63 22 trees
756 719 49 23 and
826 719 143 30 vegetables,
993 720 129 24 wholesale
1144 720 47 24 and

670 757 79 23 retail.

816 848 224 43 DRINK

687 908 202 41 H7SLOFS
903 909 119 38 PURE
1046 909 122 39 TEAS.

668 958 69 35 The,
745 959 90 29 finest
848 960 53 29 the
915 959 103 30 World
1034 961 154 38 produces.

670 1005 73 29 Sold
753 1005 43 38 by
824 1004 50 29 Mr
887 1005 35 29 F.
937 1006 38 27 A.
1004 1006 185 35 Waterman,

709 1044 77 29 East
798 1045 124 31 Oxford.

668 1084 50 29 Mr
737 1085 23 27 R
764 1108 10 10 B
790 1084 115 31 Fisher,
925 1083 84 30 West
1021 1085 127 28 Oxford.

669 1123 47 30 Mr
734 1124 34 29 E.
786 1123 47 28 W.
863 1123 125 39 Coopor,
1017 1124 85 36 Oust,
1131 1125 60 29 and

709 1174 91 28 many
819 1163 108 28 others.

715 1284 434 39 ANNIVERSARY.

682 1372 11 23 A
708 1372 218 24 NNIVERSARY
945 1372 26 24 of
984 1373 42 24 the
1049 1374 23 24 U
1097 1374 34 24 .M
1152 1374 37 24 .F.

672 1409 34 19 X
742 1405 106 24 Church.
883 1405 61 24 East
979 1405 98 24 Oxford.
1112 1406 78 24 Three

666 1450 110 17 sermons
788 1443 49 23 will
849 1443 29 24 be
890 1443 121 30 preached
1022 1444 27 23 in
1061 1443 43 25 the
1116 1444 74 25 above

665 1483 68 28 place
742 1482 27 23 of
774 1482 105 29 worship
890 1490 32 16 on
933 1482 108 31 Sunday,
1050 1483 58 30 May
1117 1485 74 26 22nd,

661 1516 75 31 }&SZ,
749 1519 31 30 by
793 1519 41 24 the
845 1519 53 24 Rav
913 1520 33 23 H.
971 1519 29 23 8.
1009 1539 2 2 .
1026 1520 121 24 Reda-oae
1165 1521 28 23 of

666 1556 131 30 Rangiora.
835 1556 117 28 Morning
975 1557 29 22 11
1028 1563 68 22 a.m.,
1120 1557 71 24 after-

665 1603 74 19 noon,
752 1596 15 23 3
778 1603 68 22 p.m.,
860 1595 48 24 and
920 1595 110 31 evening,
1045 1597 63 22 6.30.
1130 1604 60 22 p.m.

666 1632 133 25 Collection
812 1634 25 23 at
861 1633 60 24 each
946 1633 90 24 service
1055 1634 27 23 in
1105 1634 40 24 aid
1169 1634 26 25 of

667 1673 74 23 Trust
765 1671 68 25 fund.

661 1807 22 42 ;:
713 1766 449 72 TENDERS^

666 1884 169 26 fTISNDERS
852 1893 41 16 are
906 1885 93 25 invited
1011 1885 36 25 for
1070 1886 121 32 grubbing

670 1912 22 29 X
700 1933 24 13 /
730 1917 120 26 Gorse.on
862 1918 147 24 Woodstock
1016 1918 77 25 Road.
1129 1919 62 24 Ten-

757 1958 26 23 to
794 1957 30 24 be
836 1959 55 22 sent
912 1958 26 23 in
962 1957 80 24 before
1062 1958 65 24 June
1150 1960 45 26 Ist,

670 1997 71 23 1892.
950 2007 22 16 ...
1095 2021 2 2 .

799 2033 38 25 W.
856 2033 23 25 J.
906 2034 166 29 BASSETT,>
1081 2049 3 15 :
1170 2027 3 26 i

1004 2065 156 31 Wooctstock.

129 1860 388 62 TENDERS.

244 1977 41 16 are
301 1968 93 24 invited
416 1968 37 24 for
476 1957 117 40 erecting/

67 1992 18 35 1
124 2011 46 16 one
191 2002 60 24 mile
272 2002 27 24 of
318 2001 98 31 fencing
439 2000 35 24 6ft
502 2000 81 24 hearts

58 2044 75 30 posts,
147 2042 35 23 9t
194 2043 76 29 apart,
283 2041 36 25 7ft
330 2040 110 27 strainer,
469 2040 15 22 4
507 2039 73 23 chain

59 2081 77 28 apart,
150 2080 13 22 6
176 2079 68 30 plain
254 2079 70 23 wires
336 2077 48 23 and
395 2085 32 15 on
438 2076 60 24 barb
515 2076 65 24 wire.

61 2118 77 24 Work
160 2120 25 22 to
208 2117 29 23 be
260 2116 134 30 completed
416 2123 46 16 one
495 2109 98 35 month/

60 2158 62 21 trom
140 2156 143 30 acceptance
300 2154 26 24 of
346 2152 92 24 tender.
473 2152 109 24 Particu-

60 2195 50 23 lars
122 2202 32 16 on
165 2193 146 31 application
331 2194 26 21 to

233 2230 24 23 J.
275 2230 35 23 M.
328 2229 92 28 Booth,
435 2230 4 3 '

360 2266 77 24 .West
450 2265 99 24 Oxford.

154 2356 323 46 TENDEIIS.

62 2480 78 23 HPHE
169 2479 89 24 Oxford
280 2479 107 23 Domain
406 2478 80 24 Boaid
507 2478 76 24 invit3

66 2502 20 35 JL
126 2512 106 23 Tenders
244 2511 36 24 for
291 2511 42 24 the
345 2511 106 23 erection
462 2510 27 23 of
498 2518 15 15 a
524 2507 58 26 two^

62 2549 100 25 roomed
184 2548 109 30 building
315 2547 26 23 in
371 2547 106 24 Pearson
510 2547 72 32 Park,

65 2587 43 25 Six
119 2586 101 23 months
230 2585 51 23 will
289 2584 30 24 be
328 2584 99 23 allowed
435 2584 37 23 for
483 2586 25 20 to
521 2585 63 21 erect

61 2626 28 23 it.
124 2624 107 24 Tenders
253 2625 26 22 to
301 2624 29 22 be
353 2624 54 21 sent
428 2622 26 23 in
484 2624 24 21 to
542 2622 41 24 the

58 2663 166 30 undersigned
236 2671 32 15 on
288 2671 27 15 or
336 2661 80 24 before
439 2662 56 23 31st
517 2661 66 31 May,

63 2702 75 24 Plans
150 2701 48 24 and
211 2699 183 32 Specifications
406 2707 56 23 may
480 2698 28 24 be
529 2706 56 16 seen

64 2742 25 21 at
101 2747 40 22 my
154 2739 74 23 office.
263 2738 52 23 The
328 2739 83 21 lowest
423 2745 28 15 or
462 2744 47 22 any
533 2743 52 16 rea-

64 2777 42 23 der
117 2777 44 22 not
171 2775 146 30 necessarily
329 2773 121 30 accepted.

199 2811 87 25 JOHN
303 2810 142 28 INGRAM,

420 2848 64 24 Hon.
499 2847 55 25 Seo.

130 2957 136 25 OXFORD
293 2956 90 25 ROAD
400 2956 122 24 BO4RD.

65 3039 159 25 TENDERS
236 3047 41 15 are
287 3038 93 24 invited
390 3037 37 23 for
438 3038 43 24 the
496 3037 91 24 follow-

65 3077 43 30 ing
129 3076 119 24 works.

66 3114 128 32 Grubbing
205 3122 70 24 gorse
286 3122 32 16 on
330 3113 145 25 Woodstock
494 3113 76 24 Road.
577 3128 2 6 ,

66 3152 128 31 Grubbing
216 3153 122 24 tussocks-
353 3151 153 24 M'Jarrow's
540 3149 47 26 and

65 3190 114 25 Carleton
188 3189 75 25 Road.

31 3229 135 31 /^Carting
185 3228 96 32 shingle
303 3227 47 25 and
374 3227 118 32 patching
508 3227 81 32 Depot

34 3265 109 26 .Road.

66 3303 100 31 Carting
188 3302 95 30 shingle
306 3301 48 24 and
376 3302 118 30 patching
516 3301 70 23 Road

65 3330 64 23 froth
137 3329 98 30 Paget's
247 3335 25 19 to
279 3341 42 10 -ni.
355 3342 9 9 i.
376 3340 50 16 -r^n
449 3339 62 17 -p~~j

67 3368 100 30 Carting
179 3368 94 31 ehingle
285 3370 48 24 and
343 3370 118 31 patching
475 3370 112 27 Powell's

68 3407 47 22 and
130 3407 150 24 M'Jarrow's
303 3408 88 24 Roads.

68 3441 101 32 Carting
180 3443 95 29 shingle
286 3445 49 24 and
345 3445 117 31 patching
468 3445 120 28 Bennetts

68 3480 126 31 boundary
204 3481 76 25 Road.

66 3518 124 31 Breaking
200 3520 74 24 metal
287 3520 110 26 Skffans'
415 3521 76 26 Road.

101 3556 107 24 Tenders
218 3558 25 22 to
255 3557 30 25 be
296 3560 54 22 sent
361 3558 26 23 in
399 3558 31 31 by
443 3561 29 22 12
495 3562 91 24 o'clock

67 3602 33 15 on
112 3593 158 32 Wednesday,
283 3596 64 24 June
360 3598 45 27 Ist,
420 3598 70 24 1892.

68 3633 53 22 The
131 3633 83 23 lowest
226 3641 27 15 or
263 3642 49 24 any
323 3635 85 25 tender
429 3638 43 22 not
494 3644 93 18 necess-

67 3669 62 31 arily
147 3669 119 30 accepted.

164 3708 108 25 JAMES
291 3709 33 25 H,
350 3709 140 30 SHARPS,

293 3748 71 26 Clerk
375 3750 26 24 to
411 3749 43 28 the
465 3749 89 27 Board.

114 172 197 45 TOWN
341 172 194 52 HALL,

170 237 106 30 EAST
300 238 172 29 OXFOKD.

62 285 94 29 Special
167 286 127 24 attraction
301 286 36 24 for
345 286 102 28 Queen's
456 286 127 31 Birthday.

144 334 165 29 TUESDAY,
328 335 79 28 MAY,
432 335 69 28 24th,

61 375 85 24 Under
167 377 41 23 the
229 377 110 30 auspices
360 376 27 24 of
417 377 42 23 the
493 377 90 24 Oxford

60 417 127 24 Dramatic
200 418 135 30 Company,
349 418 48 23 and
408 418 32 31 by
450 419 133 29 particular

269 461 103 31 request,

223 502 85 29 THE
331 502 90 31 EMU

144 549 357 38 MINSTRELS,

61 600 21 24 A
92 600 78 31 newly
181 601 127 30 organised
320 600 175 24 Christchurch
508 600 70 24 Com-

59 644 66 23 pany
136 638 26 23 of
181 638 89 23 Ladies
292 637 49 24 and
363 637 147 24 Gentlemen
532 636 49 24 will

59 675 72 23 make
142 676 64 23 their
216 675 54 24 first
282 682 149 23 appearance
441 676 27 22 in
491 674 92 24 Oxford

59 721 32 16 on
102 713 43 24 the
156 713 76 24 above
243 713 64 24 date.

59 755 149 24 MUSICAL
221 754 200 25 OVERTURES
431 754 21 23 &
460 753 121 24 SELEC-

92 798 106 27 TIONS,
212 797 75 24 NEW
303 796 116 29 SONGS,
434 796 113 29 SOLOS,

219 839 136 24 DUETTS
367 840 50 28 &c,
468 861 2 2 .

57 882 125 31 Arranged
195 883 120 30 expressly
327 886 36 19 lor
380 881 44 23 the
446 880 133 31 Company.

199 925 35 23 To
247 925 28 23 be
286 923 110 26 followed
407 923 31 31 by

123 967 20 24 A
164 966 208 25 LAUGHABLE
396 965 118 24 FARCE.

57 1010 153 29 Admission,
227 1010 77 24 Front
318 1010 69 23 Seats
399 1017 27 16 or
437 1008 86 25 Chairs
536 1008 44 32 2/-,

105 1048 75 27 Back,
195 1048 44 31 1/-,
254 1048 125 27 Children,
394 1046 135 30 half-price.

200 1090 35 23 To
247 1088 115 25 conclude
381 1088 59 23 with

182 1134 24 22 A
224 1130 122 26 PUBLIC
364 1130 97 24 BALL.

57 1175 147 27 Admission,
228 1174 86 26 Gents,
338 1172 43 32 2/-,
405 1172 89 23 Ladies
521 1172 57 28 free,

120 1214 126 28 including
257 1213 49 23 Tea
315 1212 48 23 and
372 1211 86 24 Coffee.

58 1256 45 24 See
125 1256 111 29 opinions
270 1255 26 23 of
326 1254 43 24 the
402 1252 175 26 Christchurch

56 1296 71 23 Press
139 1302 26 16 as
177 1297 25 21 to
214 1294 42 24 the
278 1294 84 29 ability
384 1293 49 23 and
455 1292 78 24 talent
555 1291 26 24 of

55 1334 43 24 the
109 1333 75 24 above
205 1333 133 30 Company.
