2490 3860
53 184 63 16 anoe
131 178 27 23 of
172 178 49 24 fine
239 179 105 24 weather
370 188 33 22 up
428 181 28 24 to
484 178 91 34 Friday

52 214 129 24 afternoon
214 222 32 17 no
272 215 76 25 doubt
374 217 105 24 induced
512 219 65 29 largo

50 252 121 24 amnibers
182 252 27 25 of
216 254 40 22 the
267 254 119 24 residents
397 255 26 23 in
434 255 40 23 the
483 256 94 24 district

54 290 34 22 to-
98 289 130 24 determine
245 292 25 22 to
287 292 61 23 avail
378 292 146 24 themsel-ve.}
552 293 25 23 of

52 327 46 22 the
109 328 156 31 opportunity
276 328 27 24 of
311 329 101 31 hearing
424 338 26 15 so
465 330 54 24 able
530 331 46 22 and

53 365 104 29 popular
174 374 14 15 a
204 367 115 29 preacher
331 375 7 20 ;
366 367 94 26 besides
487 368 88 28 which,

56 402 69 23 there
137 402 48 24 had
197 402 59 24 been
266 411 31 16 an
307 405 130 30 unusually
448 406 66 30 large
525 413 53 23 pro-

53 440 99 28 portion
162 440 28 24 of
198 442 140 24 candidates
346 443 37 23 for
390 443 186 28 Confirmation,

55 477 118 29 prepared
189 477 36 24 for
252 479 42 23 the
322 480 122 29 reception
472 480 26 23 of
524 480 54 24 that

57 515 95 24 solemn
168 516 54 24 rite.
256 517 38 24 On
312 516 127 32 Saturday,
456 518 43 23 the
517 520 63 22 state

56 552 27 23 of
93 552 42 23 the
149 554 100 23 weather
257 562 50 15 was
315 555 167 23 calculate&to
493 555 88 23 banish

55 588 76 31 hopes
143 589 26 24 of
178 598 14 16 a
203 590 65 31 large
282 591 152 27 attendance,
447 599 14 16 a
479 591 97 30 bitterly

56 628 56 24 cold
124 628 145 25 Sou'wester
281 629 57 24 with
350 629 78 31 heavy
440 631 53 22 raiu
506 629 70 30 b-oing

56 666 26 23 in
95 666 45 24 full
151 667 64 23 force
223 668 38 23 till
270 668 110 30 evening,
392 668 71 24 when
474 668 42 23 the
524 668 54 30 fury

57 705 27 24 of
93 703 41 26 the
152 708 73 21 storm
254 705 94 29 abated,
377 706 48 23 and
453 713 14 16 a
497 706 79 28 bright

57 743 136 29 moonlight
220 744 71 29 night
324 743 59 23 with
400 744 95 22 intense
523 743 55 24 cold

57 779 117 23 followed.
209 779 46 24 His
266 779 121 29 Lordship
399 780 54 23 who
463 779 44 24 had
519 779 59 24 been

58 817 96 28 staying
166 817 36 21 for
213 823 14 16 a
239 816 43 22 few
294 816 59 22 days
367 816 25 22 in
411 816 41 22 the
469 816 109 22 Malvern

58 850 110 30 District,
181 852 106 30 walking
298 859 56 16 over
364 852 26 22 in
409 854 61 27 sjute
487 851 26 24 of
538 851 42 24 the

58 890 173 25 unfavourable
248 890 135 25 conditions
410 890 36 24 for
479 890 101 24 outdoor

58 929 148 31 enjoyment,
225 930 47 23 and
289 929 92 24 arrived
399 932 26 20 at
452 929 42 24 the
522 929 56 23 Par-

58 974 90 23 sonage
159 969 25 21 in
197 967 42 23 the
251 967 118 30 Evening.
404 965 45 25 We
464 969 78 28 regret
554 968 25 22 to

58 1011 42 22 say
112 1003 54 23 that
178 1003 42 24 the
230 1003 66 31 right
308 1003 113 24 reverend
438 1004 140 29 geat'emaa

56 1041 47 23 has
114 1044 44 20 not
169 1042 60 23 been
246 1042 66 29 quite
329 1049 32 22 up
388 1044 26 21 to
441 1042 40 23 his
510 1042 69 23 usual

58 1080 115 23 standard
190 1080 26 23 of
232 1080 81 24 health
341 1080 82 31 lately,
441 1080 26 23 in
495 1088 82 16 conse-

56 1124 93 22 quence
160 1117 26 24 of
195 1117 60 30 high
266 1124 110 23 pressure
386 1117 26 24 of
421 1117 73 24 work.

91 1153 99 31 Sunday
203 1154 110 30 morning
324 1154 73 24 broke
407 1155 27 22 in
450 1157 64 21 most
525 1161 52 23 per-

56 1190 49 24 fect
114 1190 95 31 beauty,
223 1191 41 24 the
275 1191 58 30 lofty
347 1191 140 24 mountains
496 1190 82 25 coated

56 1228 59 23 with
128 1228 64 23 their
204 1229 84 23 winter
296 1228 67 30 garb.
372 1237 6 2 -
398 1228 72 24 Consi
477 1228 100 31 quontly

56 1275 16 16 a
82 1267 61 30 good
155 1266 171 32 congregation
337 1267 114 24 attended
463 1267 113 29 morning

57 1304 89 23 service
164 1306 25 21 at
206 1305 29 22 11
254 1304 100 27 o'clock,
383 1304 70 24 when
479 1311 99 23 prayers

56 1348 62 17 were
129 1341 57 24 read
198 1341 30 31 by
240 1342 42 23 the
294 1342 58 23 Eev.
370 1342 29 23 ft.
419 1342 28 23 F.
466 1341 111 27 Garbett,

56 1378 43 23 the
116 1378 92 30 Bishop
235 1378 134 31 delivering
400 1386 32 16 an
460 1378 119 24 excellent

56 1414 123 24 discourse
190 1422 32 16 on
235 1415 30 23 St
276 1415 70 23 Mark
358 1423 55 15 xxv.
427 1416 74 22 25-34
512 1422 5 20 ;
531 1414 49 23 and

56 1453 43 24 the
110 1453 146 24 celebration
268 1453 26 25 of
319 1454 66 30 Holy
413 1454 164 24 Communion

57 1499 49 17 was
118 1492 113 24 attended
244 1492 31 31 by
293 1494 31 21 60
340 1500 109 22 persons.

89 1531 33 24 At
133 1532 14 23 8
159 1539 59 22 p.m.
238 1532 41 23 the
296 1532 91 24 church
406 1539 47 17 was
471 1531 108 24 crowded

56 1572 26 21 to
94 1578 89 19 excess,
199 1578 73 24 many
284 1570 26 24 of
336 1570 42 24 the
405 1572 173 29 congregation

55 1607 93 31 having
158 1610 25 22 to
195 1608 72 24 stand
279 1607 149 31 throughout
445 1608 41 24 the
515 1608 52 24 Gon

54 1647 126 23 iirination
225 1646 104 25 Service.
389 1647 60 23 The-
485 1647 93 30 Bishop

55 1685 129 25 addressed
196 1686 41 24 the
249 1685 139 25 candidates
399 1685 55 24 who
463 1685 113 24 number-

55 1725 28 23 ed
97 1725 74 24 about
183 1727 29 21 50
247 1724 87 28 which,
348 1725 30 30 by
390 1725 41 23 the
441 1733 60 23 way,
512 1727 67 21 must

54 1763 31 24 be
96 1764 115 29 regarded
223 1771 25 16 as
260 1771 15 16 a
286 1763 70 30 proof
364 1764 27 23 of
400 1764 42 23 the
454 1771 89 23 energy
554 1764 26 24 of

55 1801 43 24 the
109 1801 113 23 reverend
233 1800 141 25 incumbent
385 1800 27 23 in
424 1801 43 24 the
488 1801 91 30 perfor-

56 1847 86 16 mance
153 1839 27 24 of
194 1839 39 23 his
257 1838 145 24 ministerial
424 1839 79 24 duties
524 1847 56 16 over

57 1877 58 21 such
127 1882 32 16 an
181 1875 117 23 extended
319 1882 63 19 area,
423 1875 27 21 in
461 1875 43 21 the
515 1879 64 17 most

55 1911 141 30 impressive
215 1918 109 20 manner,
345 1910 122 31 solemnly
489 1909 91 32 calling

58 1958 64 22 upon
134 1950 67 24 them
214 1952 24 22 to
249 1950 134 24 remember
395 1950 42 24 the
448 1951 87 23 nature
555 1949 26 23 of

55 1990 66 23 their
131 1988 146 31 professions
289 1988 104 23 towards
405 1988 54 24 God
471 1988 49 23 and
533 1988 46 23 His

59 2025 110 25 Church.
203 2025 69 24 Each
286 2025 26 24 of
332 2025 42 24 the
395 2033 84 23 young
499 2026 84 30 people

60 2070 50 17 was
118 2063 60 23 thtn
186 2063 127 30 presented
320 2064 27 23 to
354 2063 38 23 his
399 2063 121 30 Lordship
529 2063 28 23 wl
569 2070 14 17 o

57 2101 49 24 laid
118 2109 32 16 on
161 2102 78 23 hands
251 2103 26 22 in
289 2101 42 24 the
353 2101 136 30 prescribed
509 2101 71 28 form,

56 2141 49 23 and
117 2140 139 25 afterwards
268 2140 143 25 distributed
423 2148 15 17 a
449 2140 131 25 certificate

58 2180 26 21 to
96 2178 42 23 the
148 2178 92 23 several
248 2179 137 28 confirmees.

90 2214 51 24 The
153 2214 93 30 Bishop
258 2216 26 21 at
296 2214 41 24 the
349 2214 141 24 conclusion
502 2214 27 24 of
539 2214 42 24 the

58 2251 90 24 service
160 2259 55 16 was-
220 2253 51 22 met
281 2250 32 31 by
324 2251 42 24 the
378 2251 59 24 Rev.
455 2251 39 24 W.
517 2251 59 24 Fen-

56 2289 52 24 dall
119 2289 59 24 with
188 2290 55 23 who
246 2297 24 15 in
282 2289 30 23 he
322 2290 133 29 proceeded
475 2293 25 21 to
523 2291 59 23 hold

56 2328 104 31 evening
173 2328 89 25 service
275 2330 25 22 ab
314 2327 36 26 St.
364 2327 105 26 James's
487 2329 93 24 church

60 2367 69 25 Cust.

75 2459 245 25 WESTOXFOKD
345 2460 130 24 SCHOOL
487 2459 79 25 COM-

254 2498 140 25 MITTEE.

92 2582 21 24 A
131 2582 89 31 special
253 2583 109 30 meeting
379 2591 49 16 was
460 2583 57 25 held
550 2592 33 16 on

58 2619 109 31 Monday
179 2620 68 23 14th.
265 2620 95 23 instant
376 2622 99 28 present
492 2620 91 25 Messrs

58 2656 125 31 Benning,
195 2657 135 27 chairman,
348 2656 88 26 Ancall
461 2657 122 29 KnowJes,

59 2695 49 23 and
126 2693 79 25 Dean.

94 2734 23 22 A
134 2734 72 23 letter
238 2740 50 17 was
315 2733 108 23 received
451 2733 62 24 from
540 2734 43 23 the

58 2770 82 24 Board
153 2770 93 31 stating
257 2769 55 25 that
325 2768 41 26 the
378 2769 90 25 School
480 2778 48 16 was
539 2773 44 22 not

58 2807 104 24 entitled
179 2808 25 23 to
222 2806 102 25 another
341 2806 73 31 Pupil
430 2808 99 24 teacher
555 2808 27 24 in

58 2846 45 23 the
115 2846 68 30 place
195 2846 26 23 of
232 2846 60 24 Miss
303 2846 86 23 Marsh
406 2846 119 30 resigned.
559 2847 25 23 It

56 2893 51 16 was
119 2884 99 25 decided
229 2886 25 24 to
266 2886 67 23 write
346 2887 25 22 to
383 2885 42 24 the
441 2885 82 24 Board
534 2886 49 24 and

35 2926 10 10 v
59 2931 99 23 express
181 2932 15 16 a
218 2924 62 30 hope
299 2924 56 24 that
376 2924 78 24 under
475 2925 42 24 the
544 2933 41 23 pe-

54 2961 79 24 culiar
148 2961 198 28 circumstances,
360 2961 42 24 the
413 2961 81 25 Board
506 2963 80 24 would

57 3000 141 25 reconsider
209 3000 64 24 their
293 3000 195 25 determination.

92 3039 25 24 It
129 3047 49 16 was
190 3039 100 24 decided
301 3040 26 22 to
338 3041 55 22 vote
404 3039 37 24 for
453 3040 39 23 Mr
503 3040 28 24 T.
545 3040 39 24 W.

56 3077 103 29 Adams,
172 3086 27 16 as
211 3077 109 25 member
331 3078 37 24 for
380 3079 103 24 Board's
495 3081 89 23 vacant

58 3116 62 23 seat.
277 3136 2 2 .

192 3208 259 24 ANGLO-ISEAEL.

97 3297 40 24 Mr
148 3297 97 30 Wright
257 3297 113 32 repeated
381 3300 40 23 his
440 3298 94 26 lecture
556 3299 32 25 oh

64 3336 44 23 ttie
129 3335 76 24 above
232 3336 105 33 siibje^t.
357 3340 27 22 at
414 3338 45 24 the
491 3338 98 32 Baptist

63 3369 120 31 Chureh^
195 3373 64 24 East
282 3374 165 28 OxforoV^on
480 3377 109 31 Monday

62 3406 114 32 evening.
211 3408 68 24 After
291 3410 94 31 rapidly
395 3412 130 32 reviewing
546 3414 44 24 the

65 3443 93 24 Jewish
181 3444 94 32 history
296 3453 29 16 as
346 3448 112 24 recorded
484 3449 31 24 in
548 3451 42 23 the

63 3479 82 29 Bible,
158 3481 30 24 he
200 3482 132 29 proceeded
349 3482 25 23 in
397 3482 40 25 his
458 3486 86 23 search
566 3487 27 23 of

63 3517 45 26 the
120 3519 48 24 lost
180 3519 74 25 tribes
264 3520 29 23 of
300 3520 79 25 Israel
398 3522 138 32 eventually
555 3524 34 25 lo-

64 3556 86 30 cating
160 3556 68 24 them
240 3557 26 23 in
282 3557 106 25 London
409 3565 28 17 or
458 3559 84 24 rather
563 3561 27 23 in

64 3594 107 27 Britian,
183 3595 51 23 and
245 3596 45 22 her
299 3595 185 29 dependencies,
506 3599 84 23 claim-

62 3629 46 31 ing
119 3629 55 26 that
186 3630 56 32 they
256 3630 48 25 had
325 3631 133 27 continued
480 3634 25 24 to
527 3634 64 26 fulfil

65 3669 45 23 the
121 3669 140 31 prophesies
271 3670 150 31 concerning
440 3671 79 29 them,
540 3674 51 24 and

63 3706 81 24 would
155 3708 140 30 eventually
306 3707 64 26 fulfil
381 3709 65 24 their
456 3710 96 32 destiny
562 3720 28 16 as

61 3744 54 26 laid
131 3744 72 28 down
222 3745 29 26 in
273 3745 44 26 the
337 3745 59 34 holy
418 3747 61 28 writ,
512 3749 78 33 Many.

667 171 143 25 authorities
821 181 60 16 were
900 172 89 32 quoted
1011 174 26 23 in
1060 174 84 25 favour
1166 174 28 25 of

668 210 39 23 his
728 210 161 25 contentions.
924 210 40 25 He
985 212 141 24 mentioned
1149 213 42 23 the

668 247 49 23 fact
728 247 27 24 of
762 247 104 24 London
876 247 74 31 being
962 248 42 24 the
1015 256 88 24 money
1111 252 81 22 centre

668 283 27 25 of
704 283 43 25 the
757 284 84 28 world,
853 285 49 23 and
914 283 104 26 claimed
1030 286 55 25 that
1102 287 20 24 it
1143 294 51 17 was

668 327 15 17 a
694 320 133 24 fulfilment
837 321 26 23 of
872 321 44 24 the
926 322 120 31 prophesy
1064 324 128 24 containtd

668 358 26 23 in
706 358 42 24 the
760 359 43 23 6th
814 367 68 16 verse
898 360 28 23 of
945 360 42 24 the
1011 361 59 24 15th
1081 380 6 6 ,
1093 361 100 31 chapter

668 398 26 22 of
719 397 191 31 Deuteronomy.
945 398 40 24 Mr
1016 399 97 30 Wright
1144 408 49 16 was

670 442 56 22 very
736 435 127 30 emphatic'
882 443 32 17 on
938 436 42 24 the
1002 433 145 35 superiority
1168 439 28 23 of

669 472 43 23 the
722 473 95 24 British
842 481 56 16 race
920 475 26 22 in
969 476 39 23 art
1030 476 94 23 science
1146 476 50 23 and

669 516 56 21 war,
737 509 50 24 and
797 509 49 25 had
858 510 77 24 aliens
946 510 60 25 been
1017 515 97 27 present
1126 520 67 17 some

668 547 26 23 of
703 547 38 24 his
764 548 109 24 remarks
895 549 80 24 would
980 577 4 5 v
997 550 63 24 have
1082 551 109 24 sounded

668 584 83 23 rather
763 586 245 30 uncomplimentary.
1042 586 13 24 I
1072 595 49 16 was
1143 589 48 21 rat-

668 621 44 25 her
724 622 84 30 pained
822 626 25 21 to
858 624 63 27 hear,
927 624 55 24 that
1000 633 15 16 a
1037 624 76 32 slight
1135 627 57 22 mis-

670 661 55 24 take
736 661 49 24 had
794 661 62 24 been
870 662 70 24 made
951 663 25 23 in
997 663 43 24 the
1061 666 132 28 genealogy

670 699 27 23 of
707 699 80 28 Queer
801 698 111 25 Victoria
923 708 27 16 as
963 708 67 17 some
1042 701 25 24 of
1074 702 45 24 her
1141 704 52 28 pat-

668 736 104 23 riarchal
783 737 150 30 progenitors
955 738 30 31 (if
999 738 113 24 relatives
1136 739 56 30 they

670 773 71 30 were)
766 780 60 16 were
849 774 84 22 rather
950 774 78 31 rough
1063 776 83 22 sticks.
1180 776 14 22 I

669 818 49 14 was
740 811 82 22 rather
841 812 104 28 puzzled
968 815 48 22 too,
1040 814 154 29 consideiing

668 854 44 16 our
724 847 81 24 mixed
817 847 117 24 relations
945 856 32 17 on
987 849 67 24 what
1075 849 119 30 principle

668 885 42 23 the
721 884 107 32 drafting
839 886 48 23 and
900 887 155 31 earmarking
1066 888 80 25 would
1164 888 30 23 be

667 922 142 24 conducted.
844 922 66 25 Take
933 923 37 25 for
992 925 120 28 instance,
1148 932 45 16 our

667 958 94 24 British
773 958 78 25 fellow
863 959 113 32 subjects,
999 961 41 23 the
1063 961 130 24 half-caste

668 996 87 26 Maori,
768 996 47 23 and
828 997 42 23 the
882 1005 108 23 progeny
1012 998 26 23 of
1059 1006 15 15 a
1096 998 98 30 Botany

667 1034 60 30 Bay,
740 1035 95 23 convict
846 1035 24 24 in
884 1038 99 22 consort
994 1035 61 25 with
1077 1045 32 16 an
1130 1037 62 24 Aus-

667 1070 88 24 tralian
773 1071 84 28 Black,
881 1072 13 23 I
916 1073 73 32 fancy
1011 1073 42 24 the
1076 1073 69 30 spirit
1168 1074 25 22 of

667 1107 76 24 Jacob
754 1107 21 23 if
783 1108 32 24 he
827 1108 86 24 hovers
922 1117 66 20 near,
997 1110 80 24 would
1087 1110 105 31 scarcely

667 1144 45 23 feel
723 1144 114 24 flattered
848 1146 26 22 at
885 1144 43 25 the
939 1146 171 30 relationship.

699 1177 115 35 Refering
825 1183 26 22 to
862 1181 43 24 the
928 1182 60 24 11th
1011 1190 68 17 verse
1102 1182 26 25 of
1148 1183 45 24 the

668 1219 60 23 35th
741 1219 101 31 chapter
853 1221 26 23 of
889 1220 112 29 Genesis,
1013 1221 54 27 _the
1088 1223 106 23 lecturer

667 1258 108 24 asserted
797 1258 54 25 that
873 1259 51 25 this
946 1258 108 27 foretells
1076 1260 117 31 Imperial

667 1295 152 30 Federation,
837 1296 15 22 I
863 1296 89 25 should
973 1297 49 24 like
1039 1299 26 23 to
1088 1297 105 25 criticise

667 1332 41 24 the
730 1332 92 25 lecture
844 1334 66 30 right
934 1334 115 31 through,
1074 1334 43 24 but
1142 1343 49 15 me-

667 1369 84 24 thinks
762 1369 14 23 I
787 1369 59 24 hear
856 1378 48 23 you
917 1378 51 24 say,
986 1372 59 23 shut
1068 1379 32 23 up
1109 1373 6 23 I
1144 1379 48 24 you

667 1406 62 23 have
740 1407 118 23 exceeded
868 1414 62 23 your
946 1408 101 23 allotted
1065 1416 71 22 space
1159 1410 34 23 al-

666 1442 81 31 ready.
783 1443 49 23 But
845 1443 48 29 Sir,
910 1444 122 24 whatever
1043 1452 61 24 your
1126 1445 68 32 opin-

665 1479 43 24 ion
719 1487 27 16 or
757 1480 67 25 mine
836 1488 55 23 may
905 1481 34 31 be,
952 1482 39 23 Mr
1005 1482 95 30 Wright
1123 1483 22 24 is
1167 1485 26 23 at

666 1524 49 22 any
728 1518 50 23 rate
789 1517 115 25 favoured
916 1518 31 30 by
959 1518 42 25 the
1013 1519 115 31 majority
1135 1520 58 25 hav-

665 1553 44 31 ing
720 1554 108 24 received
840 1562 15 16 a
865 1555 86 31 hearty
971 1557 49 22 and
1043 1557 151 26 unanimous

665 1594 56 22 vote
732 1592 27 24 of
768 1593 91 25 thanks
869 1593 38 25 for
917 1594 40 25 his
968 1603 58 23 very
1048 1597 146 31 interesting

666 1631 100 23 lecture.

828 1722 93 26 VIEW
937 1724 93 24 HILL.

699 1799 24 26 It
735 1809 50 16 was
797 1809 14 16 a
821 1803 125 31 generally
958 1804 128 31 expressed
1094 1804 100 32 opinion

668 1839 26 22 at
717 1838 42 24 the
781 1838 103 32 Library
908 1840 81 25 Social
1012 1848 32 17 on
1067 1841 128 31 Thursday

662 1876 117 26 -evening,
791 1877 56 20 that
871 1878 109 27 '.'things
1002 1879 27 21 in
1051 1879 68 22 View
1143 1881 52 21 Hill

668 1917 41 16 are
720 1910 106 32 looking-
831 1919 33 24 up

701 1947 80 26 There
792 1956 49 17 was
852 1957 15 16 a
879 1957 57 24 very
946 1952 59 31 jolly
1017 1952 130 33 gathering
1170 1954 27 24 of

668 1984 87 30 people
765 1985 58 25 who
837 1986 116 25 intended
973 1990 25 23 to
1020 1985 72 35 enjoy
1113 1990 82 25 them-

667 2020 86 30 selves,
765 2023 49 23 and
831 2025 25 23 to
868 2024 75 31 spend
955 2033 16 17 a
988 2026 74 25 social
1083 2027 64 24 hour
1169 2036 27 15 or

668 2062 49 22 two
729 2062 120 29 together,
861 2063 50 24 and
932 2065 43 23 the
997 2065 104 32 Library
1124 2066 71 25 Com-

668 2098 86 23 mittee
765 2098 50 25 had
831 2100 119 31 certainly
972 2109 33 17 no
1027 2102 123 26 intention
1172 2104 26 24 of

668 2137 90 31 letting
781 2137 68 25 them
873 2147 30 23 go
923 2147 67 24 away
1018 2141 177 33 disappointed.

669 2178 6 11 4
687 2175 104 31 Coming
803 2177 66 24 Thro
872 2180 4 6 1
889 2178 41 24 the
942 2179 70 31 Eye,*
1023 2188 62 23 sung
1094 2181 31 30 by
1134 2182 61 24 Miss

670 2211 134 30 Simmons,
838 2214 91 24 evoked
964 2217 156 24 tremendous
1153 2226 41 24 ap-

668 2248 94 31 plause,
774 2251 130 32 especially
915 2251 62 25 from
990 2253 43 24 the
1054 2255 66 24 male
1140 2263 55 23 por-

670 2286 52 23 tion
734 2287 27 23 of
770 2287 42 24 the
824 2288 124 30 audience,
962 2290 71 24 while
1045 2298 82 24 songs,
1136 2293 59 23 reoi-

670 2324 99 30 tations,
783 2326 48 23 and
842 2326 113 32 readings
978 2336 62 17 were
1062 2330 56 24 well
1139 2338 55 16 ren-

667 2363 72 24 dered
762 2364 30 31 by
815 2365 96 25 Messrs
946 2367 91 29 Smith,
1071 2369 123 32 Simpson,

667 2401 98 29 Baxter,
778 2403 86 24 Duder
873 2405 49 23 and
933 2405 67 25 Pole.
1036 2407 21 24 A
1070 2411 6 11 '
1088 2408 107 25 Shadow

668 2440 22 25 P
704 2442 124 24 ntomime
856 2443 95 26 worked
964 2444 30 32 by
1005 2445 40 25 Mr
1056 2446 85 25 Maber
1149 2448 49 24 and

672 2481 38 22 Mr
722 2480 87 30 Harle,
828 2490 48 16 was
898 2491 15 16 a
934 2486 68 28 great
1024 2493 104 21 success,
1151 2487 45 24 but

670 2516 43 24 the
725 2518 124 30 crowning
865 2526 96 18 success
983 2521 27 24 of
1028 2522 43 24 the
1093 2524 104 30 evening

670 2559 50 18 was
731 2554 41 24 the
811 2555 44 24 Art
866 2556 70 24 Loan
1138 2568 57 16 con-

670 2589 89 33 sisting
769 2591 28 24 of
805 2599 75 24 many
891 2595 98 30 strange
1000 2596 49 24 and
1060 2597 135 25 wonderful

669 2627 93 31 objects
772 2630 115 25 collected
899 2631 31 31 by
942 2632 39 24 Mr
998 2634 93 25 Maber.
1125 2636 70 24 After

670 2666 43 25 the
723 2667 117 26 audience
851 2669 50 25 had
912 2672 128 25 examined
1062 2674 49 24 and
1130 2674 65 25 criti-

670 2704 65 25 cised
746 2705 42 25 the
800 2706 91 31 objects
902 2708 27 24 in
951 2709 42 25 the
1018 2709 176 28 'Exhibition'

669 2741 59 31 they
739 2742 117 30 gathered
865 2745 79 23 round
965 2746 44 25 the
1029 2747 99 31 blazing
1151 2749 44 23 fire

670 2779 48 24 and
730 2780 49 23 had
790 2787 15 17 a
817 2782 103 25 sociable
932 2784 58 24 chat
1001 2792 57 17 over
1069 2793 15 17 a
1100 2794 48 23 cup
1171 2787 27 24 of

671 2816 120 25 excellent
802 2818 82 28 coffee,
896 2820 115 31 provided
1022 2821 31 32 by
1065 2823 49 25 the.
1124 2823 71 25 Com-

671 2853 86 24 mittee
769 2856 25 22 at
805 2855 42 24 the
858 2857 125 24 moderate
993 2859 89 31 charge
1103 2861 27 24 of
1150 2869 47 17 one

670 2897 81 24 penny
762 2899 43 22 per
816 2899 46 24 cup
872 2900 6 21 ;
897 2893 100 26 biscuits
1009 2904 40 17 are
1069 2897 52 24 also
1141 2906 54 23 pro-

671 2927 72 24 vided
762 2930 26 22 at
810 2937 32 15 an
865 2932 96 30 equally
983 2933 124 27 moderate
1134 2937 61 22 rate.

671 2964 52 25 The
735 2965 146 26 Committee
893 2975 40 17 are
945 2969 107 32 working
1064 2973 65 22 most
1152 2979 42 17 en-

671 3003 138 31 ergetically
822 3005 25 22 to
859 3005 72 24 make
952 3006 43 24 the
1016 3006 90 33 library
1128 3017 68 17 more

670 3041 104 30 popular
784 3041 26 24 in
822 3041 43 25 the
877 3042 102 30 district,
992 3046 48 23 and
1051 3046 20 24 it
1081 3047 22 24 is
1118 3051 26 20 to
1166 3048 29 25 be

671 3076 79 31 hoped
759 3079 55 23 tnat
825 3079 64 24 their
900 3080 82 25 efforts
993 3083 51 24 will
1056 3083 29 24 be
1104 3092 91 17 crown-

671 3113 30 24 ed
711 3113 60 24 with
783 3121 104 19 success.
923 3116 52 25 The
986 3121 59 22 next
1054 3119 82 25 Social
1143 3121 52 25 will

671 3151 30 24 be
711 3152 58 24 held
780 3160 32 17 on
824 3153 58 32 May
898 3156 70 24 26th.

843 3246 180 26 SHOOTING.

694 3319 78 29 ':6toce
781 3325 72 30 again
863 3326 44 24 the
918 3326 119 33 shooting,
1043 3336 86 18 season
1150 3330 45 25 has

672 3368 69 19 coine
752 3364 85 28 round,
850 3364 49 25 and
918 3366 59 23 with
999 3366 21 24 it
1039 3367 42 25 the
1103 3371 92 23 annual

672 3399 59 31 days
742 3400 86 30 outing
835 3402 25 23 at
872 3401 42 24 the
922 3401 103 25 Warren
1038 3403 105 31 Station,
1164 3406 31 30 by

673 3435 60 25 kind
743 3436 130 26 invitation
889 3437 28 25 of
936 3438 40 24 Mr
997 3439 29 24 F.
1049 3440 91 27 Crowe.
1174 3442 21 25 A

673 3474 47 31 day
732 3476 25 22 at
768 3475 50 25 this
822 3477 75 29 .place
908 3476 21 24 is
942 3477 90 32 always
1042 3479 87 25 looked
1147 3481 47 24 for-

673 3511 66 25 ward
750 3513 25 22 to
786 3512 59 24 with
856 3515 68 28 great
934 3514 111 31 pleasure
1067 3516 50 24 this
1138 3524 57 23 year

675 3547 72 31 being
757 3549 170 31 n<yxeeption
938 3552 26 22 to
975 3552 43 23 the
1039 3552 61 24 rule.
1134 3553 61 26 Last

675 3585 122 32 Saturday
806 3588 66 23 week
884 3596 15 17 a
909 3590 71 30 party
990 3590 28 23 of
1032 3590 73 25 about
1128 3592 66 31 eigh-

673 3623 56 24 teen
740 3625 60 27 met,
813 3624 96 29 but.tlie
920 3627 107 24 weather
1037 3634 50 18 was
1098 3629 28 24 of
1134 3630 61 25 such

675 3660 136 26 boisterous
821 3665 86 22 nature
927 3663 54 25 that
987 3676 12 10 .
1003 3665 42 25 the
1065 3668 63 24 start
1146 3667 49 26 had

674 3700 26 23 to
711 3700 30 25 be
762 3699 100 37 delated
883 3702 27 24 in
933 3703 42 23 the
997 3703 75 32 hopes
1094 3705 64 28 that,
1175 3707 20 24 it

673 3737 80 26 would
763 3745 60 31 sopn
834 3738 64 26 clear
908 3747 42 26 up.
985 3740 78 28 There
1074 3742 73 34 being
1162 3751 33 20 no

1282 198 65 30 signs
1358 200 32 31 by
1401 208 46 16 one
1458 201 99 28 o'clock,
1570 210 13 15 a
1596 203 61 23 start
1666 210 50 16 was
1733 202 71 24 made

1283 235 72 31 along
1366 237 42 23 the
1416 238 126 28 river-bed,
1554 238 45 23 but
1611 238 42 24 the
1664 239 71 23 hares
1747 240 56 29 kept

1282 271 52 25 well
1356 281 90 23 among
1467 273 43 24 the
1531 282 77 22 gorse.
1642 276 100 30 Among
1761 276 42 24 the

1283 311 117 28 tussocks,
1421 313 102 29 though,
1537 313 58 31 they
1606 322 61 16 were
1679 317 44 27 put
1735 323 31 22 up
1778 315 26 24 in

1283 347 66 30 large
1359 349 117 24 numbers
1488 350 47 23 and
1557 358 16 16 a
1594 351 61 30 good
1677 351 46 24 few
1745 360 61 16 were

1284 384 63 24 shot.
1382 385 68 24 After
1472 388 135 29 traversing
1629 395 14 17 a
1661 388 44 24 few
1737 396 67 16 more

1283 422 129 30 paddocks,
1430 424 79 24 where
1530 426 41 23 the
1593 428 75 22 water
1690 429 26 21 at
1738 435 66 16 some

1283 459 80 30 places
1374 468 49 16 was
1436 460 73 25 about
1521 462 61 23 knee
1597 462 67 30 deep,
1688 471 35 16 we
1745 471 59 23 gave

1283 495 20 24 it
1314 503 40 23 up,
1368 497 48 23 and
1439 498 99 24 wended
1559 506 45 17 our
1627 507 52 23 way
1702 501 102 22 towards

1285 534 41 23 the
1338 534 110 25 Warren.
1482 535 21 25 A
1514 537 90 31 perfect
1626 537 107 25 blizzard
1756 546 49 17 was

1283 572 160 29 experienced,
1449 574 71 24 when
1531 569 87 29 within
1630 582 14 16 a
1662 577 97 28 quarter
1781 576 26 23 of

1282 617 15 14 a
1309 609 57 23 mile
1376 610 63 23 from
1450 608 27 30 it',
1490 611 80 24 which
1582 619 58 23 gave
1653 620 28 15 us
1703 620 14 16 a
1739 621 64 15 com-

1284 648 63 29 plete
1380 649 143 31 drenching.
1557 648 115 33 Arriving
1698 653 26 22 at
1763 652 42 23 the

1284 686 110 28 Warren,
1408 687 39 23 Mr
1459 688 81 23 Crowe
1552 689 40 22 did
1615 690 142 30 everything
1778 690 26 23 in

1284 722 39 24 his
1340 730 80 18 power
1442 726 25 22 to
1490 725 70 23 make
1587 733 30 16 us
1639 726 165 28 comfortable,

1283 761 83 30 giving
1377 762 42 23 the
1436 765 64 21 most
1512 763 26 23 of
1547 771 29 15 us
1587 772 15 15 a
1612 772 53 16 new
1677 764 93 31 change
1782 765 26 24 of

1284 798 101 23 clothes.

1317 834 68 23 After
1396 835 128 30 partaking
1535 836 27 24 of
1570 843 15 17 a
1606 843 57 24 very
1684 838 122 30 tempting

1284 871 95 28 dinner,
1391 880 15 16 a
1419 876 64 21 most
1494 873 125 30 enjoyable
1643 875 104 29 evening
1757 883 49 16 was

1287 910 79 27 spent.
1401 910 40 23 Mr
1462 910 30 24 B.
1517 910 119 25 Gilchrist
1658 919 61 23 sang
1740 919 68 17 some

1284 953 58 23 very
1354 946 113 30 amusing
1476 955 80 22 songs,
1569 948 77 24 MrF.
1658 948 76 24 Luers
1740 948 66 31 play-

1286 983 43 29 ing
1341 982 41 25 the
1394 984 211 30 accompaniment
1627 985 26 24 in
1676 985 39 24 his
1737 986 69 23 usual

1285 1019 62 30 good
1359 1020 70 30 style.
1463 1020 53 24 The
1526 1021 67 29 piece
1604 1021 80 24 which
1697 1029 49 16 was
1765 1021 43 24 the

1286 1053 77 26 tit-bit
1375 1055 26 25 of
1411 1057 40 23 the
1467 1057 111 30 evening,
1596 1057 102 31 though,
1722 1066 49 17 was
1793 1066 15 16 a

1285 1094 102 31 reading
1398 1095 31 31 by
1441 1095 40 23 Mr
1488 1095 29 24 P.
1530 1096 106 29 Wright.
1669 1097 26 23 It
1714 1099 37 21 set
1766 1096 43 24 the

1284 1133 80 24 whole
1372 1141 118 23 company
1511 1134 119 31 lang'.iing
1651 1134 49 24 aud
1720 1135 20 23 it
1759 1143 50 19 was

1286 1170 63 24 hard
1360 1170 37 24 for
1409 1170 42 25 the
1463 1178 119 24 company
1594 1172 26 24 to
1631 1171 99 28 refrain,
1752 1171 59 31 long

1286 1207 61 24 after
1361 1207 42 24 the
1425 1208 66 30 piece
1512 1216 51 16 was
1583 1207 115 26 finished.
1733 1208 77 25 Other

1285 1247 140 29 gentlemen
1437 1254 60 23 sang
1509 1255 66 16 some
1585 1255 58 23 very
1651 1248 62 30 good
1720 1248 88 30 pieces,

1286 1285 49 24 and
1347 1285 42 25 the
1399 1288 71 29 party
1481 1286 73 25 broke
1565 1294 34 23 up
1610 1286 62 25 after
1693 1286 116 32 drinking

1287 1324 41 24 the
1340 1324 83 25 health
1439 1325 27 23 of
1476 1325 39 24 Mr
1535 1325 90 29 Crowe,
1648 1325 82 25 whose
1752 1327 56 23 hos-

1286 1360 97 31 pitality
1394 1362 50 23 will
1459 1362 58 31 long
1540 1369 28 17 oe
1589 1362 167 24 remembered
1777 1362 31 31 by

1287 1399 69 25 those
1372 1402 105 29 present.

1287 1513 184 63 LOCAL
1507 1513 2 63 AND
1546 1513 261 59 GENERAL

1318 1635 130 30 Wedbing,
1482 1636 37 24 On
1532 1636 105 30 Tuesday
1656 1637 57 30 May
1795 1645 14 15 a

1285 1677 76 27 p>*etty
1383 1673 105 28 wedding
1517 1682 47 15 was
1585 1674 125 23 celebrated
1733 1674 24 23 in
1779 1673 29 25 St

1284 1712 110 26 Andrews
1406 1711 90 25 Cliurch
1508 1713 31 29 by
1550 1712 39 23 the
1601 1712 49 24 Rev
1662 1712 29 24 R.
1710 1712 98 24 Garbett

1286 1751 48 23 The
1354 1752 144 29 contracting
1519 1752 86 29 parties
1628 1760 56 14 were
1706 1752 58 23 Miss
1776 1752 30 24 G.

1286 1787 120 31 Chapman
1417 1788 24 23 of
1453 1788 88 24 Oxford
1553 1788 46 23 and
1621 1787 39 25 Mr
1671 1788 32 24 H.
1725 1788 83 24 Harri3

1285 1826 24 24 of
1321 1826 96 24 Okain's
1428 1826 60 31 Bay.
1523 1826 49 24 The
1583 1827 63 23 bride
1658 1835 44 16 was
1725 1827 83 24 attired

1285 1866 24 23 in
1321 1873 13 15 a
1346 1873 56 22 grey
1414 1865 117 24 cashmere
1543 1866 103 24 trimmed
1660 1866 58 23 .with
1730 1866 78 29 moire,

1284 1910 14 15 a
1309 1902 74 31 lovely
1395 1903 44 22 veil
1451 1903 45 22 and
1508 1910 85 23 orange
1608 1903 120 23 blossoms.
1762 1903 46 23 She

1285 1948 46 17 was
1342 1941 111 23 attended
1475 1941 30 30 by
1528 1941 36 25 six
1586 1941 149 25 bridesmaids
1758 1943 50 23 who

1287 1986 61 16 wore
1359 1978 69 24 white
1439 1982 115 21 costiimes
1565 1980 56 22 with
1633 1980 103 23 coloured
1749 1980 59 23 ribb-

1285 2025 49 15 ons.
1370 2017 50 23 The
1431 2018 141 30 bridegroom
1592 2025 45 16 was
1659 2019 98 23 assisted
1780 2020 28 29 by

1285 2054 37 23 his
1333 2054 102 28 brother,
1448 2054 39 24 Mr
1506 2054 39 25 W.
1557 2054 91 25 Harris.
1682 2055 66 24 After
1769 2056 39 23 the

1285 2100 118 24 ceremony
1414 2101 46 16 was
1472 2101 54 16 over
1536 2101 13 15 a
1561 2094 97 23 number
1675 2094 25 23 of
1722 2094 87 27 friends

1286 2133 46 20 met
1343 2130 63 23 them
1418 2133 26 20 at
1455 2130 41 23 the
1507 2131 115 23 residence
1633 2131 25 23 of
1676 2132 39 22 the
1735 2131 73 24 brides

1285 2167 89 23 mother
1395 2167 73 23 where
1498 2176 13 14 a
1533 2171 137 26 sumptuous
1693 2168 116 24 breakfast

1285 2211 46 16 was
1353 2202 53 25 laid.
1441 2204 66 23 After
1534 2204 71 23 which
1640 2213 79 22 games
1752 2213 57 15 were

1285 2241 110 31 indulged
1411 2242 24 23 in
1454 2242 58 23 until
1530 2242 65 28 dark,
1613 2243 65 23 when
1695 2251 14 16 a
1736 2244 72 23 dance

1284 2278 99 24 finished
1400 2287 43 15 one
1460 2279 24 23 of
1500 2279 41 24 the
1558 2282 62 21 most
1636 2280 121 30 enjoyable
1783 2281 25 22 ol

1285 2317 65 30 days.

1319 2355 95 25 Timbeb
1448 2355 71 29 Sale,
1554 2355 121 33 Although
1709 2359 42 22 not
1783 2358 24 23 in

1285 2401 131 29 possession
1428 2401 25 22 of
1463 2401 82 22 details
1568 2408 42 16 our
1632 2402 176 30 correspondent

1285 2442 96 24 informs
1393 2450 27 16 us
1432 2442 52 24 that
1496 2443 37 23 the
1544 2442 83 25 timber
1637 2446 26 21 at
1674 2442 39 25 Mr
1729 2442 31 25 E.
1777 2443 31 24 B.

1286 2484 152 31 Youugmans
1470 2485 83 23 timber
1594 2486 67 29 yards
1710 2486 97 24 realized

1285 2527 145 30 satisfactory
1463 2528 80 29 prices.
1581 2528 38 23 Mr
1652 2528 27 24 J.
1712 2528 94 31 Ingram

1286 2569 69 30 being
1366 2569 39 23 the
1430 2569 136 25 auctioneer.

1317 2613 31 24 U.
1361 2613 36 24 M.
1415 2613 29 24 F.
1462 2613 113 29 Church,
1609 2613 33 25 As
1669 2615 20 23 it
1721 2615 20 24 is
1769 2616 39 23 the

1284 2655 148 31 anniversary
1443 2656 25 23 of
1483 2656 39 23 the
1533 2656 61 23 East
1606 2656 89 24 Oxford
1710 2652 33 29 tj.
1771 2657 35 24 M.

1284 2696 29 25 F.
1326 2697 95 25 Church
1432 2706 31 16 on
1482 2697 96 32 Sunday
1594 2703 62 25 next,
1675 2700 61 23 thera
1763 2700 46 24 will

1284 2743 45 19 not.
1342 2740 26 22 be
1384 2748 46 22 any
1446 2741 85 23 service
1548 2742 52 22 held
1616 2742 25 23 in.
1658 2742 40 23 the
1715 2743 93 31 Baptist

1286 2780 99 28 Church,
1399 2788 42 16 nor
1457 2782 24 22 in
1498 2783 40 22 the
1555 2782 31 24 U.
1604 2783 36 23 M.
1658 2783 30 26 F,
1706 2783 100 30 Church,

1285 2822 68 24 West
1364 2822 97 30 Oxford,
1474 2823 23 25 in
1509 2823 42 25 the
1578 2825 99 31 evening
1703 2826 26 23 of
1755 2827 53 24 that

1286 2866 52 30 day.

1318 2904 58 29 Tea,
1412 2905 49 24 The
1474 2906 85 24 annual
1570 2909 38 22 tea
1620 2909 101 30 meeting
1733 2909 24 24 of
1768 2910 40 23 the

1286 2946 60 23 East
1363 2947 89 23 Oxford
1468 2948 32 23 U.
1535 2948 35 24 M.
1599 2949 29 24 F.
1658 2950 93 24 Church
1777 2959 30 16 on

1285 2985 109 32 Tuesday'
1404 2992 63 24 next,
1480 2990 160 30 commencing
1650 2994 25 19 at
1688 2992 13 23 5
1713 2991 95 25 o'clock.

1285 3028 33 24 At
1329 3031 16 23 7
1355 3029 89 24 o'clock
1455 3039 13 15 a
1486 3031 76 30 public
1579 3033 101 30 meeting
1707 3034 45 24 will
1779 3036 27 22 be

1284 3071 61 29 held,
1358 3074 24 21 to
1395 3072 26 23 be
1437 3072 122 25 addressed
1576 3074 30 31 by
1622 3075 40 24 the
1679 3076 70 25 Revs.
1778 3077 29 24 T.

1286 3112 124 31 Wagstaff,
1423 3114 45 23 and
1481 3114 24 24 J.
1517 3115 176 32 Benning.ahd
1721 3118 87 25 Messrs

1285 3154 30 24 R.
1330 3154 119 29 Meredith,
1462 3156 34 24 M.
1509 3156 34 25 H.
1555 3157 39 29 R.,
1613 3157 28 26 A.
1660 3159 100 31 Wright,
1778 3161 30 24 A.

1277 3196 39 31 ,D,
1323 3197 109 29 JBassall,
1444 3200 47 22 and
1501 3200 85 25 others.
1621 3201 94 26 Tickets
1725 3204 36 24 for
1771 3207 37 21 tea

1286 3240 35 23 Is.
1333 3240 102 24 children
1448 3242 39 23 9d.

1279 3300 5 4 .
1317 3282 210 29 Football,-t-Oh
1560 3285 96 29 Queens
1688 3287 121 33 Birthday

1286 3319 39 24 24.
1338 3319 58 30 inst,
1408 3322 106 24 married
1524 3330 23 21 v,
1560 3323 87 33 single,
1670 3333 139 19 commence

1285 3359 26 23 at
1322 3359 16 23 2
1347 3357 92 26 o'clock
1447 3360 82 32 sharp.

1316 3401 245 30 PHONOGBAPH.-^Mr
1571 3406 72 31 Kelly
1654 3415 60 23 gave
1725 3417 33 16 an
1769 3418 39 16 ex-

1283 3436 105 28 hibition
1399 3447 26 17 n
1437 3441 40 24 the
1489 3441 72 25 Town
1576 3443 57 25 Hall
1644 3444 61 25 East
1717 3446 91 25 Oxford

1284 3474 24 23 of
1319 3474 102 26 Edisons
1430 3477 158 32 Phonograph
1597 3481 108 25 Machine
1715 3484 54 23 with
1777 3484 31 24 all

1284 3510 38 24 the
1334 3511 68 25 latest
1414 3513 187 32 improvements,
1608 3520 24 20 to
1641 3526 14 15 a
1677 3519 63 30 large
1752 3521 57 23 aud-

1283 3552 72 26 ience.
1390 3554 71 26 Much
1470 3563 146 22 amusement
1623 3568 47 16 was
1677 3563 90 22 created
1776 3562 32 32 by

1282 3596 164 33 reproducting
1456 3607 13 15 a
1492 3600 168 26 characteristic
1679 3604 82 30 speech
1783 3605 25 23 of

1282 3635 36 24 Dr
1329 3636 75 31 Weld,
1414 3639 51 25 and.
1482 3648 31 16 an
1535 3647 185 20 announcement
1747 3644 59 25 from

1282 3676 39 24 Mr
1329 3677 81 26 Parish
1421 3682 53 23 that
1486 3683 38 25 the
1535 3684 64 26 Emu
1611 3685 118 26 Minstrels
1747 3687 58 24 from

1282 3718 166 28 Chiistchurch
1460 3726 75 23 would
1545 3727 53 31 give
1608 3736 15 15 a
1644 3728 162 33 performance

1282 3764 26 23 at
1330 3762 41 26 the
1394 3763 71 28 Town
1489 3767 64 32 Hall,
1573 3769 61 27 East
1655 3771 96 30 Oxford,
1777 3781 31 17 on

1896 198 108 28 Tuesday
2027 200 66 19 next.
2126 198 38 21 On
2186 198 86 27 Friday
2302 198 115 27 morning,

1896 239 37 24 Mr
1944 239 70 29 Kelly
2026 239 104 29 ropeated
2154 240 40 22 the
2214 239 157 31 performance
2394 239 25 22 at

1896 282 37 22 the
1945 280 61 24 East
2017 280 88 25 Oxford
2130 280 90 28 School,
2240 280 69 24 much
2331 282 25 21 to
2379 279 40 24 ihe

1896 324 130 25 enjoyment
2037 324 24 22 of
2072 324 40 22 the
2130 324 109 22 children.

508 57 165 33 OXFORD
714 61 88 29 AND
846 62 104 31 CUST
994 60 222 34 OBSERVER
1260 65 234 42 SATURDAY,
1536 71 86 30 MAY
1684 73 47 34 21,
1777 74 85 30 1892.

1894 3627 100 24 Printed
2016 3630 50 23 and
2104 3631 135 25 Published
2249 3634 31 31 Ly
2305 3617 124 40 Richard*
2445 3615 18 42 I

1927 3668 105 27 Holman
2053 3671 99 32 Pabibh,
2176 3675 26 24 at
2218 3674 40 26 his
2277 3674 139 33 Registered
2446 3657 17 45 I

1926 3710 114 35 Prmtinp
2051 3714 83 30 Office,
2156 3717 67 32 Hifb
2247 3710 89 40 Street
2337 3710 22 20 :V
2356 3718 66 29 E*ak
2445 3700 18 43 I

1926 3753 97 28 Oxfora.
2034 3756 149 27 Capterburv
2434 3743 29 40 J

1892 1083 49 29 All
1956 1086 95 28 Work
2065 1088 78 28 done
2152 1096 38 20 on
2199 1089 53 28 the
2263 1089 150 28 Premises

2013 1131 60 29 and
2096 1133 195 36 guaranteed.

1926 1188 39 25 Mr
1976 1189 52 25 Gus
2040 1190 75 25 Jones
2123 1192 49 24 will
2179 1192 57 25 visit
2245 1192 89 24 Oxford
2344 1201 71 24 every

1893 1226 71 24 other
1983 1227 55 25 Sale
2060 1228 54 31 day,
2137 1230 167 30 commencing
2326 1230 87 25 Thurs-

1893 1265 54 31 day,
1960 1265 57 24 Feb.
2028 1267 52 28 4th,
2093 1267 48 24 and
2158 1267 49 25 will
2219 1268 70 31 bring
2310 1277 14 15 a
2346 1269 68 24 stock

1925 1303 25 23 of
1964 1303 122 28 Watches,
2099 1304 95 28 Clocks,
2206 1305 45 23 and
2264 1306 117 29 Jewellry.

1926 1364 85 25 Orders
2029 1365 45 24 left
2093 1368 24 22 at
2136 1368 42 22 the
2201 1366 115 31 Working
2338 1368 79 24 Men's

1927 1397 66 28 Club,
2007 1397 97 28 Oxford,
2116 1398 49 25 will
2187 1399 94 27 receive.
2285 1402 98 28 prompt

2087 1430 129 23 attention.

1977 1545 53 45 E.
2053 1547 55 43 B.
2138 1548 192 46 LANE.

1995 1608 89 40 (Late
2100 1610 34 30 B.
2151 1610 159 40 Butcher.)

1905 1655 247 37 Watchmaker,
2166 1659 179 34 Jeweller,
2361 1659 44 30 &c

1893 1701 120 30 Importer
2040 1702 27 24 of
2103 1702 103 26 Musical
2244 1703 171 31 Instruments,

1892 1740 108 25 Victoria
2019 1740 37 29 Sfc,
2074 1741 131 31 Rangiora.

1892 1807 130 31 Speciality
2030 1817 5 16 :
2069 1810 27 22 in
2103 1810 105 30 superior
2218 1811 114 30 English-
2340 1811 78 25 Lever
2442 1823 21 15 v

1892 1845 112 24 Watches
2014 1846 28 23 in
2054 1848 68 22 extra
2133 1849 84 28 strong
2228 1855 65 17 cases
2305 1849 70 23 made
2387 1851 27 21 to
2446 1855 9 8 *

1892 1890 41 20 my
1944 1882 70 23 order
2025 1884 25 21 to
2062 1883 49 22 suit
2129 1883 44 23 the
2192 1884 176 29 requirements
2390 1886 27 23 of

1892 1916 51 24 this
1959 1916 102 24 district.

1924 1956 29 23 F.
1966 1955 29 23 B.
2008 1956 69 23 Lane
2088 1956 67 24 visits
2178 1956 90 25 Oxford
2279 1979 3 2 .
2291 1957 122 32 monthly,

1892 1994 96 31 staying
1995 1996 25 22 at
2032 1994 132 25 Mitchell's
2179 1996 122 31 Boarding
2321 1996 93 25 House.

1892 2032 41 25 All
1943 2032 92 32 repairs
2046 2041 39 16 are
2096 2033 63 24 done
2167 2034 75 24 under
2253 2043 42 22 my
2303 2035 110 31 personal

1892 2071 158 31 supervision,
2074 2072 45 23 and
2141 2072 14 23 I
2177 2078 132 24 guarantee
2342 2074 71 23 satis-

1892 2109 98 25 faction.
2023 2110 45 24 All
2079 2110 98 32 jobbing
2185 2111 44 24 left
2246 2116 26 20 at
2294 2112 122 25 Weeber'a

1892 2146 83 32 Fancy
1987 2147 149 31 Repository,
2159 2148 62 24 East
2244 2149 97 28 Oxford,
2364 2149 49 24 will

1892 2187 90 23 receive
1993 2194 42 23 my
2047 2186 53 24 best
2111 2187 121 24 attention
2249 2188 49 23 and
2316 2196 97 16 reason-

1892 2224 54 24 able
1957 2225 71 23 rates.

2077 2250 150 15 .-~?
2279 2257 2 1 .
2366 2257 2 1 .
2429 2257 12 7 _

1925 2262 115 24 Caution.
2074 2263 40 24 No
2124 2264 143 24 connection
2285 2264 60 25 with
2367 2272 47 24 any

1892 2301 70 24 other
1973 2301 60 30 shop
2046 2302 26 23 of
2082 2302 94 24 similar
2193 2303 107 23 address.

2024 2414 259 46 NOTICE.

1948 2525 174 31 Saturday
2156 2528 205 37 Afternoon,

1973 2572 187 31 DANCING
2200 2574 133 31 CLASS.

1892 2620 74 30 Will
1994 2622 36 29 be
2058 2623 140 30 resumed
2225 2624 52 29 the
2305 2626 109 31 second

1892 2661 93 32 week,
2004 2662 33 29 in
2063 2662 89 36 June,
2194 2664 107 31 should
2334 2666 79 29 suffi-

1892 2701 81 30 cient
1999 2702 195 31 inducement
2221 2705 38 29 be
2287 2705 124 32 offered.

1893 2742 165 38 Intending
2071 2744 102 37 pupils
2186 2748 82 26 must
2282 2746 73 28 send
2382 2746 32 29 in
2452 2762 6 3 -

1893 2782 78 28 their
1996 2791 100 20 names
2126 2787 30 25 to
2185 2784 49 29 the
2262 2784 92 31 Office
2381 2785 58 39 o%

1892 2820 62 31 this
1968 2821 109 40 Paper,
2088 2822 104 32 before
2207 2823 81 34 June,
2316 2825 55 32 Ist

2024 2884 2 1 -
2086 2882 3 5 .-
2098 2873 2 1 '
2261 2888 2 2 .
2281 2872 24 18 '...
2314 2869 42 22 &-'

2023 2966 9 10 .
2057 2942 268 35 Jp^_LJCjJti^

2149 2988 89 24 RftAD;

1943 3016 51 39 \jE
2002 3025 89 30 AST
2140 3027 206 32 OXFORD.

2014 3073 100 30 Pinus
2142 3073 150 32 Insignis.

1892 3111 231 39 Transplanted,
2154 3115 59 28 and
2253 3115 48 29 for
2341 3115 79 35 sale,*

1892 3151 123 39 Applet,
2031 3153 62 37 &c,
2115 3154 32 30 in
2171 3154 83 39 large
2268 3165 35 20 or
2326 3155 87 31 small

1893 3201 81 30 quau
1976 3193 94 31 titles.

1919 3251 2 13 :
1978 3261 2 8 ;
2033 3257 36 9 u_i_
2428 3254 23 15 r.

1893 3385 170 57 WANTED
2074 3390 25 21 at
2118 3396 57 18 once
2197 3391 16 23 2
2235 3398 51 17 men
2308 3391 56 24 used
2387 3394 27 21 to

1980 3419 50 23 mill
2052 3421 46 23 and
2120 3421 88 25 horses.
2242 3422 67 25 Good
2331 3431 81 23 wages.

1892 3457 67 25 None
1969 3459 42 24 but
2023 3462 61 29 good
2107 3471 52 15 men
2180 3464 77 31 apply.
2290 3465 78 32 Apply
2388 3468 25 22 to

2006 3502 88 26 JOHN
2128 3504 174 31 SHARPLIN,

1907 3539 81 24 Alford
2000 3541 84 25 Forest
2097 3543 52 25 Saw
2161 3544 72 28 Mills,
2247 3544 151 33 Springburh.
