2520 4029
713 524 170 25 SHIPPING
901 523 291 24 INTELLIGENCE.

642 587 19 7 ..
675 588 10 6 .
722 589 3 3 .
772 590 37 4 -■■
832 576 21 27 J-
875 575 148 24 ARRIVED..
1233 575 18 25 rf.

651 627 7 7 ,
680 608 117 21 December
805 608 37 23 29,
847 608 53 26 ;ship
917 608 98 25 Bombay,
1026 607 49 24 400,
1086 607 85 24 Moore,
1186 607 60 29 from;

652 636 89 21 London
752 636 33 21 via
795 635 89 20 Nelson.
889 636 23 16 ••'

680 664 118 20 December
814 663 35 24 30,
860 662 104 21 schooner
983 662 73 25 Ocean,
1073 662 35 25 30,
1126 661 112 27 Ferguson)

652 690 54 21 from
717 692 112 21 the-,coast.
1167 692 4 4 '
1218 688 28 25 "'lf'

894 734 116 23 SAILED.
1234 722 10 42 (

680 767 117 20 December
806 768 36 24 28,
852 767 106 20 schooner
966 767 74 25 Mana,
1054 767 26 20 27
1091 768 57 23 tons,
1160 765 84 27 SwanyJ

652 795 33 20 for
697 794 92 21 Akaroa.
918 803 2 3 •
1016 807 2 5 ■
1235 788 7 37 ]

681 821 116 21 December
806 822 35 26 29,
851 822 104 21 schooner
964 820 123 26 Richmond,
1098 821 36 25 30,
1145 815 96 30 Sinclair]

642 845 4 18 ;
652 849 35 20 for
697 849 89 27 Poverty
795 849 53 27 Bay.
1235 848 7 31 j

644 914 40 12 ».-..
879 894 34 20 IN
928 894 86 21 PORT.
1235 905 7 24 |

675 927 3 8 :
683 930 82 25 Barque
774 928 190 27 ,Clydeside,i.2s6.
976 930 57 22 tons,
1051 927 89 25 Adams,
1159 927 88 27 loading

652 958 34 20 for
697 957 98 20 London.
823 956 68 20 Waitt
952 955 76 26 Tyser,
1035 956 91 25 Agents.

680 985 84 26 Barque
771 984 128 24 Indemnity,
908 984 42 19 450
966 986 60 21 tons,
1041 983 88 25 Adams,
1142 981 104 28 refitting'

646 1013 96 25 .Agents,
752 1012 69 19 Waitt
829 1011 43 20 and
881 1011 76 25 Tyser.

681 1040 109 21 Schooner
803 1039 67 24 -Ann,
895 1040 27 19 22
947 1040 59 23 tons,
1030 1038 86 25 Brown,
1140 1038 45 20 laid
1195 1040 44 25 '.up,

652 1067 79 27 Agent,
741 1062 118 25 Waitt^nd
870 1066 82 26 Tyser.,
1183 1060 6 5 '
1221 1083 4 4 .

682 1095 110 20 Schooner
800 1094 80 24 Maori,
893 1095 26 19 15
930 1097 58 16 tons.
1225 1087 26 29 '■',)

682 1122 108 20 Schooner
793 1127 2 5 '
802 1122 105 19 Governor
912 1121 102 25 -Hobson,
1025 1121 28 20 40
1063 1123 57 23 tons,
1133 1115 114 28 CrumnerA

653 1150 90 25 Agents,
756 1149 56 20 Hort
822 1149 41 19 and
875 1148 39 21 Co.
927 1149 98 21 lOn^be
1036 1149 173 25 slip.^repairing.
1237 1144 7 24 t

643 1188 13 8 -.
682 1177 188 29 Schoonep^Jane,
889 1174 37 28 15*
926 1174 75 28 tons,*
1014 1175 85 26 Veudy.
1129 1176 21 21 J.
1171 1169 77 31 Wade]'

737 1205 23 20 At
788 1224 5 5 y
810 1219 2 5 .
873 1215 5 3 -
1241 1214 8 16 }

682 1232 109 20 Schooner
800 1231 118 24 Elizabeth,
933 1231 34 25 52,
971 1233 57 22 tons,
1047 1231 77 19 Smith.
1152 1231 96 22 Wallace,

654 1259 42 21 and
706 1259 49 23 Co.,
766 1259 88 26 Agents.
892 1280 6 3 .
927 1271 34 16 .'„
971 1280 4 2 .
1242 1254 5 37 j

667 1295 7 9 j
682 1287 108 19 Schooner
802 1285 77 24 Ganet]
891 1286 28 20 40
1003 1285 137 26 Popplewell.
1166 1285 81 31 Agent,;

657 1314 138 20 Hornbrook.
811 1313 48 28 ,On
870 1313 37 21 the
917 1313 48 26 slip,
976 1313 113 26 repairing.
1190 1326 5 3 -
1242 1317 7 25 \

682 1342 83 25 Barque
783 1341 90 25 "Bright'
880 1341 85 25 Planet,
986 1342 40 20 187
1046 1344 57 21 tons,
1128 1340 122 22 Morrison.t

654 1369 78 26 Agent,
743 1369 25 20 C.
778 1369 33 19 M.
823 1363 100 30 Evans.-jr
940 1384 4 4 ,
1046 1388 12 5 
1245 1361 7 35 {

684 1396 107 20 Schooner
795 1393 86 31 \Anita,
890 1396 49 20 '219
959 1398 55 23 tons,
1032 1396 65 26 King.
1135 1396 117 26 Ridgways!

655 1424 42 21 and
707 1423 48 24 Co.,
766 1424 86 25 Agents.

684 1451 50 25 Brig
743 1451 98 25 Eleanor,
852 1451 42 19 253
905 1453 55 18 tons.
990 1450 125 25 Machattie,
1126 1451 78 26 Agent.
1233 1452 2 3 '
1249 1454 4 3 '

684 1478 107 20 Schooner
800 1478 52 20 New
859 1478 123 24 Zealander,
993 1480 35 23 27,
1040 1478 101 26 Crosbey.
1167 1480 76 24 Agent,
1253 1478 2 4 '

656 1506 80 20 Guard.

684 1533 108 20 Schooner
802 1533 35 20 Sir
846 1533 55 20 John
910 1534 104 26 Franklin,
1026 1534 27 20 52
1063 1536 57 23 tons,
1128 1533 115 27 Campbell.

656 1561 87 25 Agents,
756 1560 55 21 Hort
821 1560 40 20 and
873 1560 39 21 Co.
1253 1565 3 14 i

685 1588 107 20 Schooner
806 1589 102 25 Dolphin^
922 1589 28 19 40
966 1590 55 23 tons,
1033 1588 77 22 Smith.
1140 1588 104 21 Simmons
1253 1584 3 23 i

656 1616 42 19 and
709 1615 107 26 Hoggard,
827 1616 88 26 Agents.

685 1643 52 26 Ship
753 1643 98 25 Bombay,
868 1643 42 20 40'J
920 1645 56 23 tons,
993 1643 84 21 Moore.
1106 1643 137 25 Fitzherbert,
1251 1638 5 15 ;

656 1671 77 25 Agent.

685 1697 107 21 Schooner
810 1699 72 25 Ocean,
894 1699 26 19 30
935 1700 57 23 tons,
1009 1697 115 26 Ferguson.
1153 1697 91 21 Wallace

656 1725 42 21 and
707 1725 49 25 Co.,
768 1726 87 25 Agents.
1040 1736 3 10 i
1246 1734 10 17 .;

823 1786 130 18 CUSTOM
969 1786 111 18 HOUSE.

709 1845 6 10 i
829 1857 13 11 m
896 1849 111 14 IMPORTS.

685 1875 28 21 In
723 1881 48 15 the
957 1882 64 14 from
1031 1875 100 21 London
1140 1875 33 19 via
1183 1874 61 21 Nbli-

658 1904 220 22 son.—Fitzherbert,
891 1904 75 24 Agent.
967 1915 27 3 —
997 1904 24 19 60
1019 1924 6 5 r
1032 1903 62 20 hhds.
1106 1903 56 22 beer,
1178 1903 9 19 1
1199 1909 46 13 case

656 1930 153 25 merchandize,
821 1932 13 19 3
845 1930 56 20 bales
917 1932 43 24 do.,
971 1932 12 19 5
999 1937 57 13 cases
1066 1930 44 24 do.,
1131 1930 113 27 Order.^3

657 1958 60 19 casks
728 1965 50 16 «ier<
784 1958 96 23 handize,
891 1960 2 5 '
899 1959 13 19 6
922 1958 86 23 trucks,*
1023 1960 12 17 5
1047 1958 63 23 bales,
1113 1958 101 26 Johnson
1222 1957 25 26 'fy

656 1986 74 19 Moore
738 1997 26 3 —
767 1986 9 19 1
799 1992 47 13 case
863 1986 93 25 apparel,
979 1986 59 24 Capt.
1058 1986 85 19 Daniel.
1180 1984 86 26 Cabjij..

658 2012 123 26 Passengers
783 2025 26 3 —
811 2013 38 20 Dr.
875 2013 149 25 Hodgkinson,
1053 2012 54 21 Mrs.
1133 2012 112 27 Readings,
1251 2021 15 13 i.-

875 2045 47 17 son,
947 2034 191 27 MrsT'WTfiiams;
1159 2038 102 33 Messrs.]

659 2066 69 26 Brady
737 2066 40 19 and
790 2072 47 17 son,
850 2066 126 26 Hughlings,
990 2066 128 24 Parkenour,
1129 2065 42 20 and
1180 2066 76 26 thirty;

657 2093 23 20 in
691 2094 34 19 the
736 2096 99 23 steerage.

687 2120 27 21 In
731 2127 45 14 the
802 2124 14 8 ••
986 2127 61 14 krom
1065 2120 105 21 Sydney.
1206 2122 38 19 600

658 2148 71 27 sheep,
739 2150 27 18 44
776 2148 52 20 head
840 2148 23 20 of
873 2148 71 21 cattle.
956 2149 25 19 10
992 2151 48 18 tons
1050 2148 49 26 hay.
1124 2148 121 27 Passengers

657 2187 28 4 —
685 2176 22 21 J.
719 2176 111 24 M'Laren,
841 2176 60 26 Esq.,
913 2176 41 20 and
964 2176 49 20 nine
1023 2176 24 19 in
1056 2179 36 17 tne
1102 2178 99 24 steerage.

807 2231 116 20 Inwards
924 2242 26 3 —
953 2230 148 21 Coastwise.

686 2264 29 21 In
739 2270 47 14 the
908 2263 66 21 John
1185 2269 60 15 from

659 2292 112 21 Poverty
781 2292 60 19 Bay.
844 2302 25 4 —
873 2292 56 19 Hort
938 2291 42 19 and
992 2291 41 25 Co.,
1045 2292 86 23 Agents.
1133 2302 26 3 —
1162 2292 26 19 20
1199 2291 47 26 bags
1265 2299 2 9 i

658 2314 135 30 flomyijOOO
804 2320 44 19 feet
863 2317 31 21 V.
907 2318 27 20 D.
946 2318 25 20 L.
990 2318 82 25 timber,
1099 2332 5 10 (
1106 2319 40 19 000
1165 2318 81 21 bushels

658 2344 112 29 maize|?64
780 2347 54 26 pigs,
846 2346 10 19 5
868 2348 48 17 cwt.
926 2345 29 22 N.
966 2345 26 20 Z.
1003 2345 74 26 bacon,
1093 2346 23 19 15
1128 2351 46 15 cwt.
1186 2346 28 20 N.
1222 2346 24 21 Z.

658 2376 62 26 pork.
1231 2383 3 11 i

687 2403 35 20 In.
734 2408 45 14 the
982 2407 65 14 from
1065 2401 64 20 East
1149 2401 98 20 CApe.->

659 2431 104 20 Simmons
785 2430 43 19 and
850 2428 112 27 Haggard,
985 2430 87 24 Agents.
1075 2439 25 5 —
1101 2429 41 20 300
1166 2429 81 20 bushels

659 2458 74 24 maize,
743 2458 13 19 4
766 2457 54 27 pigs.
1160 2473 4 5 .
1249 2455 5 22 i

806 2518 140 18 outwards,
958 2518 143 15 coastwise.

687 2545 30 21 In
741 2552 46 13 the
823 2546 5 10 '
1006 2551 45 14 for
1075 2551 47 14 the
1146 2545 53 19 Bay
1223 2550 28 14 of
1265 2555 2 13 \

661 2574 111 20 Islands.
774 2583 26 4 —
804 2573 84 25 Cooney,
908 2574 76 23 Agent.
986 2583 27 4 —
1015 2573 11 20 1
1053 2573 49 19 cask
1127 2572 87 26 brandy,
1237 2572 12 20 5
1263 2565 3 32 |

660 2601 60 20 casks
732 2607 53 16 rum,
805 2601 25 18 15
842 2600 49 26 kegs
908 2600 85 24 biscuit,
1006 2600 61 23 7,000
1084 2600 45 19 feet
1139 2600 82 22 timber,
1239 2600 10 19 l
1256 2612 3 8 (
1260 2595 6 23 i,

660 2632 46 17 cwt.
719 2628 60 23 wool,
785 2628 46 19 .500
842 2628 42 20 feet
896 2628 82 21 timber.
1008 2628 125 24 Passengers
1134 2638 25 4 —
1162 2626 88 26 Captain
1260 2637 2 8 i

660 2656 105 26 Mayhew,
776 2656 55 20 Mrs.
847 2656 99 23 Bennett,
958 2655 54 21 Miss
1013 2658 3 3 I
1028 2656 49 19 Ann
1089 2655 92 26 Harvey,
1198 2654 53 21 Miss

660 2683 53 21 Jane
726 2683 90 25 Harvey,
827 2683 40 20 and
879 2680 121 24 T.'Pisher.

690 2711 27 20 Ix
724 2717 47 14 the
779 2710 14 24 '.'
799 2710 131 21 Susannah
1024 2716 46 15 for
1075 2716 47 14 the
1130 2710 121 20 Chatham

763 2748 24 4 —
788 2738 23 20 J.
830 2738 72 24 Wade,
917 2739 76 24 Agent.
994 2748 24 5 —
1021 2738 16 23 $
1052 2741 38 17 ton
1105 2744 69 19 sugar,
1186 2738 10 19 1
1216 2740 35 17 ton

661 2767 49 21 salt.
723 2767 25 19 10
759 2766 64 20 boxes
830 2772 61 20 Boap,
902 2766 27 19 20
934 2766 52 20 iron
1001 2768 56 24 pots,
1070 2766 9 19 1
1091 2765 42 20 box
1143 2765 64 27 slops,
1225 2766 28 19 30

661 2795 51 24 kegs
722 2793 66 27 paint,
800 2794 12 19 5
823 2796 47 18 cwt.
884 2793 62 21 flour.
1133 2804 5 8 \

691 2821 28 20 In
739 2827 46 14 the
830 2820 196 24 Shkpherdfss,''
1050 2826 46 14 for
1115 2820 109 20 Akaroa.
1226 2830 28 4 —

665 2849 105 25 Schultze,
780 2849 76 26 Agent.
858 2859 28 4 —
887 2849 12 19 2
911 2854 57 14 cases
978 2848 43 25 gin,
1033 2849 13 19 2
1056 2848 63 20 hhds.
1133 2854 53 17 rum,
1199 2849 55 24 l,qr.

663 2877 49 19 cask
722 2876 89 25 brandy,
824 2877 9 19 1
846 2876 49 20 cask
905 2876 90 27 -wine,,l
1004 2876 38 23 ,do.
1059 2876 93 25 vinegar,
1164 2876 13 18 2
1194 2875 60 20 casks

663 2904 54 23 beef,
733 2904 12 19 3
756 2904 61 20 casks
834 2903 61 26 pork,
907 2904 12 20 8
937 2903 63 26 bags,
1005 2909 68 20 sugar,
1084 2905 14 17 4
1116 2903 50 25 bags
1176 2903 47 23 salt,
1240 2903 15 19 4

662 2931 64 20 boxes
738 2935 40 19 tea,
783 2931 19 29 J,
812 2937 47 14 case
868 2931 64 25 glass,
1032 2931 48 19 iron
1090 2930 67 23 work,
1167 2931 27 19 46
1205 2930 50 25 bags

663 2959 61 24 flour,
738 2959 12 19 6
770 2958 60 20 cask's
839 2959 62 23 nails,
912 2959 13 19 3
933 2958 59 26 ,bags
1001 2957 44 25 do.,
1064 2959 11 19 1
1086 2958 51 20 cask
1146 2957 79 24 butter,
1243 2958 10 20 1

663 2986 41 20 box
714 2992 59 20 soap.
802 2986 124 26 Passengers
927 2998 29 4 —
959 2986 87 20 Messrs.
1057 2985 108 25 Schultze,
1179 2985 75 25 Bruce,

665 3013 110 25 Richards,
786 3013 100 24 Christie;
898 3013 40 20 and
950 3013 62 20 Mrs.,
1015 3013 85 20 Brown.

684 3075 41 18 The
732 3075 98 19 following
837 3079 32 13 are
877 3074 34 18 the
918 3075 80 19 quarter
1008 3074 48 20 days
1064 3074 23 18 of
1093 3074 43 18 this
1143 3079 59 15 paper
1207 3081 6 12 :
1214 3084 23 4 —

670 3105 7 8 ,:
771 3101 69 12 March
1101 3101 50 12 31st.

771 3117 52 17 June
1101 3117 59 21 30th..

771 3138 133 22 September..
953 3150 14 6 ..
1026 3150 6 6 .
1082 3139 72 17 ..30th.

771 3159 132 19 December..
920 3157 10 6 "'
941 3158 26 19 '..
1016 3165 19 12 ..•
1076 3161 75 17 -..31st.

685 3181 84 18 Persons
774 3181 111 22 previously
891 3181 22 17 to
924 3180 150 24 discontinuing
1083 3181 54 18 their
1144 3186 69 17 paper?
1220 3186 27 13 an.
1250 3181 6 18 1

665 3203 168 21 advertisements,
840 3203 54 17 must
900 3203 59 17 settle
966 3202 33 18 the
1009 3204 96 16 accounts
1111 3202 37 18 due
1156 3207 26 18 up
1193 3204 22 16 to
1224 3203 32 18 the

665 3225 52 16 date.
797 3230 10 8 ■■'
821 3225 2 5 '
1027 3229 3 6 '

880 3449 189 20 FREIGHTS.

668 3493 99 21 London
948 3498 131 14 ...-...%...
1165 3494 15 20 6
1206 3494 14 20 0
1246 3494 14 20 0

641 3528 3 3 '
668 3524 64 22 New-
740 3524 88 22 South-
833 3523 87 22 Wales
934 3530 47 15 and
992 3523 28 22 V.
1032 3523 30 22 D.
1073 3523 27 22 L.
1129 3538 5 7 .
1141 3538 6 7 .
1164 3525 16 21 2
1206 3526 14 19 0
1246 3526 14 19 0

666 3556 23 22 N
692 3563 83 16 bison.,
781 3570 7 6 .
796 3570 6 6 .
809 3554 49 22 .''.•.-.
864 3561 20 15 .;
891 3569 34 6 ...
934 3561 34 15 .v.
974 3561 90 14 ..»;.;.
1164 3557 17 20 2
1206 3557 14 19 0
1246 3557 15 20 0

666 3588 126 23 Taranaxl
802 3595 47 14 and
948 3583 23 25 .''.'
975 3585 90 24 .'.,*'..'.
1147 3588 3 5 '
1207 3590 14 20 0
1227 3590 36 23 ._O.

668 3621 131 21 Auckland
819 3618 12 23 ~.
1053 3618 12 22 '.
1157 3643 3 1 ,
1174 3642 6 2 „
1194 3618 60 26 «*&...'

850 3663 112 21 LATEST
975 3663 104 22 DATES.

678 3698 80 18 London
851 3697 54 23 Sept.
929 3698 17 16 2.
959 3698 4 21 1
975 3697 74 18 Nelson
1167 3697 47 20 Dec.
1221 3700 28 20 10.
1258 3705 5 3 -

678 3719 103 19 Auckland
847 3720 53 21 Sept.
920 3719 26 17 17.
975 3718 48 18 New
1029 3719 124 22 Plymouth..
1168 3719 48 24 July
1221 3721 28 18 26.

679 3741 77 21 Sydney
847 3742 44 17 Oct.
919 3741 29 16 28.
960 3737 5 20 I
976 3740 42 22 Bay
1026 3740 21 17 of
1058 3741 98 17 Islands..'
1167 3742 44 19 Oct.
1232 3741 17 19 61
1262 3741 2 5 '

678 3762 42 18 Van
745 3762 101 19 Dieman's
926 3778 3 4 .
946 3777 4 3 .
961 3759 5 20 I
978 3761 47 18 Port
1032 3761 81 22 Phillip.
1129 3774 28 7 ....
1172 3765 88 22 Aug.3Q:'

699 3784 54 17 Land
846 3783 53 22 Sept.
920 3783 30 18 30.
962 3780 5 20 I
977 3783 132 19 Adelaide"..',,.
1125 3787 28 20 .;,
1157 3780 57 28 Sept?
1222 3783 30 21 13.'

765 3827 115 19 AGENTS
896 3827 60 19 FOR
975 3827 71 19 THIS
1060 3828 102 18 PAPER.

689 3861 38 18 Mr.
739 3860 87 18 BURCH
828 3860 37 17 AM
945 3863 10 15 \
960 3860 77 19 Petbni.

689 3887 38 18 Mr.
739 3886 22 18 C.
772 3886 113 22 ELLIOTT,
896 3886 106 19 Examiner
1007 3887 66 22 Office;
1080 3882 75 23 Nelson
1163 3888 76 18 Haven.
1256 3898 2 6 .

689 3913 38 20 Mr.
738 3913 19 17 J.
764 3912 23 18 B.
796 3912 92 19 BAINES
901 3918 58 13 ....;.
964 3913 276 22 New.Plymouthi'Taranakf.
1258 3916 4 3 '

689 3939 38 18 Mr.
739 3933 123 24 H.CHtfRf
862 3938 97 19 0N......
964 3938 116 24 Wanganui.
1125 3947 37 11 ..-._
1190 3942 15 13 :,
1216 3935 31 21 --'■,

686 3962 46 21 Mr..
739 3964 31 18 W.
779 3964 101 19 WILSON
899 3963 58 20 ...;
962 3964 42 23 Bay
1010 3964 22 19 of
1041 3964 87 19 ißitad*.
1145 3975 3 5 
1214 3982 8 5 .
1225 3968 12 15 '•.
1261 3973 2 11 :

1876 138 81 28 tution,
1971 137 24 23 of
2004 137 38 23 the
2053 135 207 33 responsibility;of.
2268 134 84 32 public,
2363 134 99 29 officers,

1876 170 45 24 and
1933 170 56 23 such
1999 170 48 22 like
2058 169 160 32 phraseology,'
2228 168 64 23 there
2305 168 19 23 is
2336 175 29 15 no
2382 175 79 16 means

1877 203 25 27 o.f
2093 202 114 29 attaching
2229 201 44 23 the-
2288 208 62 16 mass
2373 200 26 23 of
2422 201 40 22 the

1877 235 79 32 people
1969 241 21 18 to
2002 236 76 31 public
2089 234 148 28 institutions,
2252 228 82 36 but'tfy
2347 232 117 32 affording

1877 269 61 23 them
1950 269 37 23 the
2000 276 76 16 means
2089 269 26 22 of
2129 267 154 27 information,
2295 266 44 24 and

1878 302 60 23 them
1962 306 22 19 to
2003 300 66 25 think
2093 300 52 23 and'
2159 299 85 24 reflect.
2283 299 113 23 Mankind
2423 306 42 17 can

1878 335 53 30 only
1952 334 29 24 be
1999 333 64 25 ruled
2082 333 98 31 through
2199 332 69 23 their,
2277 332 59 22 fears
2359 340 26 15 or
2404 331 60 24 their

1872 375 98 16 •reason.

1873 399 13 28 '■;
1912 399 23 24 It
1947 408 52 22 may
2009 399 29 24 be
2049 399 79 23 asked,
2133 399 50 30 why
2192 405 38 16 are
2243 397 39 23 the
2291 401 65 26 great
2368 405 61 16 mass
2441 397 25 23 of

1879 433 36 23 the
1928 433 80 31 people
2018 440 26 15 so
2056 433 25 22 ill
2093 431 109 24 informed
2215 438 62 23 upon
2288 430 31 23 all
2335 435 93 18 matters
2439 438 26 16 so

1879 466 125 35 intimately
2015 466 121 22 connected
2149 464 52 24 with
2213 464 59 22 their
2284 462 45 24 real
2341 463 124 25 interests?

1878 499 51 22 The
1942 499 60 31 plain
2015 499 125 36 answjris,
2151 499 97 22 because
2261 496 53 30 they
2328 495 57 23 have
2397 503 68 17 never

1878 532 57 23 been
1947 531 98 23 suffered
2056 523 124 39 toVcquire
2194 530 48 23 that
2254 530 87 30 species
2351 528 25 23 of
2387 528 78 23 know-

1879 565 65 31 ledge
1956 565 71 22 which
2035 564 80 23 -would
2126 563 78 24 enable
2216 562 98 23 thenvto
2326 561 141 24 understand

1879 598 34 28 it;
1933 598 43 22 and
1989 598 22 22 in
2023 589 122 39 after'ages
2166 598 17 21 it
2196 595 45 23 will
2260 595 28 23 be
2303 594 102 30 scarcely
2417 602 50 16 cre-

1879 630 61 23 dited
1964 631 47 22 that
2030 631 25 22 in
2074 630 40 23 the
2133 628 83 25 middle
2236 628 26 23 of
2277 628 42 23 the.
2335 627 132 24 nineteenth

1880 669 94 24 century
1987 672 13 15 a
2013 662 119 36 tax^upon
2145 660 134 31 knowledge
2296 668 46 15 was
2361 660 106 24 enforced

1881 696 54 23 with
1947 697 29 23 all
1989 697 36 23 the
2039 702 83 18 terrors
2142 696 32 23 of
2182 694 37 23 the
2239 694 147 31 Inquisition,
2400 701 25 15 as
2438 701 29 15 an

1880 729 162 32 indispensible
2135 728 26 24 of
2184 728 38 23 the
2242 734 117 16 resources
2380 727 26 22 of
2430 727 38 22 the

1880 768 67 18 state.
1983 763 29 23 In
2034 762 115 31 England,
2162 767 23 18 at
2202 760 39 24 the
2260 761 54 23 time
2327 760 25 23 of
2368 760 38 22 the
2418 759 50 23 Re-

1880 796 57 23 form
1957 796 117 30 agitation,
2094 796 63 24 there
2178 801 52 21 was,
2246 792 57 32 (and
2324 801 55 15 even
2392 798 23 17 at
2431 792 39 23 the

1880 834 92 25 present
1983 829 42 30 day
2039 828 40 30 is,)
2091 836 14 16 a.
2112 829 66 30 -large
2189 827 57 30 body
2259 827 26 23 of
2298 833 96 24 persons
2411 825 58 29 who,

1881 862 104 30 for)want
1997 862 25 23 of
2037 862 107 30 knowing
2157 863 79 25 better,
2250 859 65 24 when
2332 859 53 30 they
2397 858 72 23 heard

1875 895 43 28 .the
1937 895 116 23 definition
2074 895 26 23 of
2121 894 96 24 Reform
2236 892 99 31 through
2357 891 39 24 the
2416 892 54 31 only

1881 928 108 23 channels
2001 928 24 23 of
2035 928 145 23 information
2194 926 54 23 with
2262 925 72 24 which
2347 925 53 30 they
2412 924 57 23 have

1881 969 42 23 any
1933 962 188 22 communication
2123 974 33 3 —
2158 960 96 30 namely,
2267 958 36 24 the
2312 963 58 18 state
2383 958 86 23 church

1880 995 75 31 pulpit
1966 994 43 24 and
2022 994 37 23 the
2069 994 161 23 Conservative
2242 1000 73 23 press,
2324 991 59 23 from
2397 990 73 24 which

1881 1028 53 31 they
1945 1028 73 23 learnt
2031 1028 32 23 for
2103 1028 94 22 Reform
2232 1025 54 23 read
2299 1026 6 10 '
2315 1024 155 28 Revolution,'

1881 1061 48 23 that
1941 1062 30 22 .is
2199 1057 105 25 enforced
2328 1058 29 30 by
2381 1057 30 23 all
2432 1057 38 23 the

1881 1095 89 28 crimes,
1982 1095 80 28 follies,
2076 1094 44 23 and
2133 1093 156 28 misfortunes,
2303 1090 73 24 which
2395 1095 74 18 atten-

1870 1123 52 27 ded
1945 1128 37 22 the
2004 1127 90 23 French
2274 1125 25 23 of
2323 1125 145 30 ninety-two,

1881 1160 109 28 believed,
2004 1160 49 22 that
2070 1155 177 38 all|Reformers
2260 1165 57 16 were
2329 1158 141 22 cut-throats

1881 1193 43 22 and
1944 1193 119 28 assassins,
2076 1192 76 23 whose
2171 1191 47 23 sole
2239 1190 75 31 object
2333 1191 19 21 is
2363 1189 106 31 plunder.

1881 1226 66 23 Thus
1959 1226 38 22 the
2009 1225 47 23 rich
2074 1225 47 23 fool
2142 1225 104 23 becomes
2265 1222 106 24 alarmed.
2376 1223 35 22 for
2422 1222 48 23 fear
2479 1235 2 5 •

1882 1259 23 23 oi'
1921 1259 36 23 his
1978 1264 123 25 property;
2129 1257 39 24 the
2187 1255 86 24 church
2294 1255 121 31 hierarchy
2431 1256 48 22 for^

1882 1292 58 23 their
1952 1292 95 30 plunder
2057 1301 5 19 ;
2083 1290 45 24 and
2140 1290 123 25 thousands
2277 1289 23 23 of
2316 1289 76 23 others
2403 1288 66 23 with-

1882 1330 39 18 out
1940 1325 69 30 being
2027 1325 49 23 able
2096 1330 23 18 to
2140 1325 76 28 assign
2237 1330 46 23 any
2295 1330 79 15 reason
2393 1327 24 17 at
2429 1322 38 23 all.

1882 1358 54 23 And
1948 1358 81 31 why-is
2042 1358 30 23 all
2092 1358 45 23 this
2147 1358 9 23 ?
2194 1356 101 23 Because
2314 1355 59 31 they,
2379 1363 39 16 are
2430 1360 40 18 not

1882 1391 93 24 allowed
1991 1396 27 20 .to
2037 1391 54 23 hear
2111 1391 36 23 the
2166 1389 70 25 truth.
2274 1389 43 23 We
2335 1389 55 22 have
2413 1388 56 24 been

1881 1424 37 24 led
1929 1425 48 23 into
1989 1433 13 15 a
2013 1432 61 15 more
2086 1423 111 24 extended
2206 1422 139 31 description
2357 1429 60 23 upon
2431 1421 38 24 the

1882 1463 93 26 present
1986 1457 99 32 political
2098 1462 58 19 state
2176 1457 24 23 of
2215 1456 38 23 the
2266 1455 203 30 Mother-country

1883 1492 53 22 than
1949 1499 32 15 we
1994 1491 42 23 had
2049 1491 112 28 intended,
2172 1491 40 23 but
2220 1497 32 15 we
2265 1494 58 18 trust
2335 1489 37 22 the
2386 1489 84 30 weight

1882 1525 44 23 and
1938 1525 138 30 importance
2089 1524 26 23 of
2128 1524 38 23 the
2179 1523 97 31 subject,
2286 1522 43 23 and
2342 1521 37 23 the
2392 1529 77 15 extra-

1883 1558 105 29 ordinary
2009 1555 143 33 shadowing?
2173 1556 24 24 of
2218 1556 152 29 forthcoming
2391 1560 79 17 events

1883 1591 72 23 which
1968 1599 36 15 are
2016 1590 105 24 reflected
2134 1591 56 23 from
2202 1589 39 23 the
2259 1588 100 31 political
2374 1588 96 23 horizon

1884 1624 44 23 will
1940 1624 65 31 plead
2018 1632 40 15 our
2076 1632 91 20 excuse,
2180 1622 127 25 diversified
2328 1629 25 15 as
2371 1622 19 22 it
2410 1621 19 23 is
2441 1629 29 15 on

1884 1657 29 23 all
1925 1658 60 22 sides
1999 1657 54 23 with
2064 1657 39 23 the
2116 1657 95 29 heaving
2223 1655 45 23 and
2289 1654 146 24 convulsions
2446 1655 26 23 of

1883 1690 71 31 living
1967 1690 138 29 multitudes,
2119 1689 129 30 sensitively
2258 1688 99 23 alarmed
2369 1687 30 31 by
2409 1695 63 16 some

1884 1723 142 30 indefinable
2038 1724 41 23 but
2092 1729 34 18 not
2142 1723 38 23 the
2197 1722 47 23 less
2260 1722 78 22 active'
2343 1720 129 31 disturbing

1884 1765 77 21 cause,
1973 1757 90 24 hurried
2076 1762 23 18 to
2112 1757 43 23 and
2168 1756 57 23 thro'
2239 1756 24 22 in
2276 1755 122 29 trembling
2410 1755 62 22 hesi-

1886 1791 71 23 tation
1977 1791 74 23 where
2070 1796 23 18 to
2112 1790 53 24 look
2186 1796 37 16 or.
2227 1788 75 23 where
2322 1793 21 18 to
2363 1792 52 18 turn
2439 1788 35 22 for

1884 1824 81 30 safety,
1982 1824 58 23 from
2060 1824 38 23 the
2120 1822 131 25 threatened
2259 1843 5 4 .
2270 1822 104 30 eruption
2395 1821 25 22 of
2436 1821 38 23 the

1885 1857 104 30 political
2002 1865 12 15 v
2009 1878 6 6 s
2016 1857 87 30 plcano.

1919 1890 28 23 In
1959 1899 14 14 a
1993 1889 138 32 subsequent
2150 1889 141 32 publication
2314 1896 33 15 we
2368 1896 39 15 are
2426 1887 48 23 told

1886 1923 37 23 the
1927 1927 8 12 J
1936 1925 72 29 rising
2027 1924 22 22 in
2062 1924 39 22 the
2119 1922 181 31 manufacturing
2312 1922 100 22 districts
2429 1920 47 24 still

1886 1957 127 28 continued,
2037 1957 44 23 and
2105 1964 44 15 was
2172 1956 118 30 assuming
2312 1963 28 15 an
2363 1955 113 29 alarming

1886 1995 85 26 aspect.
2007 1990 75 31 Large
2094 1990 77 23 bodies
2183 1989 25 22 of
2223 1997 53 15 men
2296 1990 23 21 in
2333 1995 62 15 some

1886 2023 56 21 from
1955 2028 37 16 ten
2006 2028 21 16 to
2039 2023 78 21 fifteen
2128 2023 119 20 -thousand
2252 2023 39 19 -in
2312 2029 14 12 a
2344 2028 62 13 mass
2418 2027 58 14 were

1886 2055 70 30 going
1968 2053 95 31 through
2077 2054 143 28 thecountry
2231 2051 137 31 compelling
2380 2059 94 23 persons

1888 2092 20 18 to
1922 2088 61 22 leave
1997 2087 57 23 their
2067 2086 97 31 employ,
2178 2085 115 30 declaring
2311 2084 48 23 that
2371 2092 30 15 no
2413 2092 62 15 more

1888 2120 61 24 work
1961 2120 57 23 shall
2031 2120 27 23 be
2070 2120 57 23 done
2140 2118 57 25 until
2209 2118 37 23 the
2260 2118 105 30 People's
2379 2117 97 24 Charter

1888 2162 44 15 was
1954 2153 87 31 passed.
2084 2153 12 23 I
2101 2158 86 18 inmost
2208 2159 64 15 cases
2293 2151 53 30 they
2359 2151 43 23 had
2423 2151 51 23 des-

1888 2187 77 30 troyed
1987 2195 62 15 some
2060 2188 89 29 portion
2169 2184 25 25 of
2209 2184 38 23 the
2260 2189 69 18 steam
2345 2184 84 30 engine
2440 2188 32 19 at-

1888 2220 80 23 tached
1980 2225 22 19 to
2015 2220 45 27 the,
2063 2220 96 31 factory,
2173 2217 71 25 which
2255 2217 26 24 of
2289 2225 78 16 course
2380 2217 95 31 stopped

1888 2254 37 23 the
1938 2254 71 23 entire
2022 2253 83 24 works.
2142 2253 50 24 The
2207 2252 100 30 military
2321 2251 42 22 had
2376 2258 64 15 come
2451 2251 25 22 in

1888 2292 90 18 contact
1998 2285 65 32 (very
2084 2285 165 32 unexpectedly
2271 2292 28 16 no
2319 2283 82 31 doubt)
2423 2284 52 23 with

1888 2320 61 23 them
1963 2328 27 16 on
2004 2320 62 23 three
2088 2329 25 14 or
2131 2321 49 22 four
2199 2319 124 27 occasions,
2336 2317 37 31 (so
2376 2341 2 5 v
2387 2317 49 23 that
2448 2325 27 15 no

1879 2353 78 24 -doubt
1978 2354 57 31 they,
2043 2358 22 18 at
2084 2354 44 23 last
2147 2353 91 23 became
2257 2352 62 30 quite
2331 2351 57 23 used
2401 2356 21 18 to
2434 2349 39 32 it,)

1889 2388 15 21 V
1915 2387 44 23 and
1972 2387 85 23 several
2068 2387 44 24 had
2125 2387 55 26 bee.n
2193 2385 103 23 shot.and
2309 2393 12 14 a
2333 2388 65 27 great
2410 2391 66 24 many

2058 2420 99 31 Though
2176 2421 18 21 it
2205 2418 55 24 does
2273 2423 39 18 not
2324 2426 39 22 say
2376 2417 100 23 whether

1890 2454 36 23 the
1940 2454 144 23 unfortunate
2102 2454 90 23 victims
2211 2459 59 16 were
2282 2451 93 24 soldiers
2389 2459 24 14 or
2426 2451 50 22 citi-

1889 2495 61 20 zens,
1964 2488 40 22 but
2016 2487 51 23 dare
2080 2496 41 22 say
2133 2489 17 21 it
2162 2485 74 24 would
2253 2485 90 31 require
2355 2492 28 16 no
2397 2484 79 31 conju-

1889 2529 35 15 rer
1936 2525 23 18 to
1971 2529 77 23 guess.

1922 2554 85 29 There,
2026 2553 111 30 however,
2162 2560 57 16 were
2351 2550 79 24 bodies
2453 2550 26 24 of

1890 2592 76 26 troops
1978 2588 92 30 moving
2082 2587 96 24 towards
2191 2586 37 23 the
2239 2584 117 24 disturbed
2363 2590 111 26 quarters,

1889 2621 44 22 and
1943 2621 18 22 it
1975 2628 43 16 was
2030 2620 140 32 anticipated
2181 2619 48 24 that
2242 2639 4 3 .
2250 2618 62 23 there
2332 2618 74 23 would
2425 2618 27 22 be
2464 2625 13 15 a

1890 2653 101 23 dreadful
2003 2654 104 30 example
2116 2654 67 23 .made
2196 2652 87 23 beiore'
2285 2651 61 31 quiet
2363 2651 75 22 would
2449 2651 27 22 be

2023 2686 6 24 !
2040 2687 6 23 !
2056 2686 5 24 !
2106 2680 28 25 "■'?

1924 2720 109 30 Pleasing
2049 2719 159 31 anticipations
2225 2724 30 15 no
2276 2717 78 23 doubt.
2380 2717 5 5 '
2402 2716 76 32 Large

1890 2753 79 23 bodies
1988 2753 27 23 of.
2034 2758 77 25 troops
2133 2759 59 16 were
2213 2750 93 30 moving
2323 2749 97 23 towards
2441 2751 38 21 the

1892 2786 107 23 dsturbed
2020 2786 108 28 districts,
2147 2792 55 23 very
2220 2783 44 24 odd
2284 2784 49 22 that
2353 2783 38 23 the
2404 2788 75 26 troops

1892 2820 81 23 should
1985 2820 27 23 be
2024 2820 99 30 moving,
2138 2819 52 30 they
2202 2817 79 30 surely
2298 2816 38 24 did
2357 2821 42 19 not
2416 2824 63 16 move

1893 2853 24 23 of
1933 2853 57 24 their
2002 2861 49 15 own
2067 2852 82 24 accord
2158 2861 6 20 ;
2185 2851 44 22 and
2251 2858 33 15 we
2302 2858 52 22 may

1894 2887 54 28 that;
1962 2886 52 31 they
2025 2886 45 24 had
2089 2885 101 24 received
2206 2884 157 23 instructions,
2375 2887 24 19 to
2417 2890 63 16 move

1893 2920 21 23 in
1928 2920 48 23 that
1988 2920 118 28 direction,
2119 2919 43 23 and
2175 2925 32 16 we
2226 2917 59 23 have
2293 2941 3 4 .
2305 2924 29 16 no
2352 2916 72 23 doubt
2443 2916 37 23 the

1893 2954 117 30 sagacious
2034 2953 83 23 Editor
2140 2950 99 26 founded
2262 2950 36 24 his
2321 2950 158 31 anticipations

1893 2986 49 24 that
1953 2994 63 16 some
2027 2985 103 24 dreadful
2142 2984 104 32 example
2255 2983 74 24 would
2336 2984 27 23 be
2371 2983 30 23 be
2410 2982 70 29 made,

1894 3020 55 24 from
1962 3028 14 15 a
1987 3020 133 31 knowledge
2140 3020 24 23 of
2180 3018 38 24 the
2234 3018 149 23 instructions
2405 3016 76 24 issued

1893 3054 57 23 from
1963 3053 38 24 the
2016 3053 76 24 Horse
2105 3053 99 27 Guards,
2218 3051 31 31 by
2261 3051 38 24 the
2310 3054 64 28 great
2383 3050 96 31 Captain

1894 3087 24 23 of
1934 3087 38 23 the
1983 3095 49 23 age,
2046 3091 22 19 to
2086 3087 66 23 those
2163 3085 50 24 who
2226 3092 60 16 were
2298 3089 23 18 to
2333 3082 153 33 superintend-

1895 3120 36 23 the
1943 3125 139 18 movements
2102 3120 24 23 of
2142 3120 38 23 the
2197 3119 65 30 large
2277 3117 60 31 body
2356 3117 26 23 of
2395 3122 84 25 troops,

1895 3153 71 23 which
1979 3162 32 15 we
2022 3161 37 15 are
2072 3153 47 23 told
2129 3160 57 16 were
2197 3159 26 15 so
2231 3150 152 33 opportunely,
2390 3150 91 28 moving

1895 3187 95 24 towards
2002 3187 37 23 the
2052 3186 118 24 disturbed
2187 3185 109 28 districts,
2316 3184 44 23 and
2381 3183 56 27 who,
2450 3181 27 30 by

1895 3228 61 16 some
1978 3220 79 31 slight'
2069 3220 26 23 of
2104 3232 3 6 <
2121 3220 68 27 hand,
2214 3226 59 16 were
2295 3223 36 18 to.
2340 3216 65 24 effect
2432 3214 54 23 that-

1895 3253 100 24 dreadful
2009 3253 112 31 example,
2133 3253 94 23 without
2246 3251 81 28 which,
2348 3251 18 22 it
2376 3254 103 25 appears,

1895 3288 62 31 quiet
1964 3287 65 23 could
2042 3293 40 17 not
2094 3287 28 23 be
2132 3285 136 26 restored.-'.
2291 3284 51 23 We'
2353 3283 72 29 began
2438 3288 41 15 our

1896 3320 109 30 remarks,
2017 3319 34 33 by'
2060 3320 128 31 observing,
2201 3318 49 24 that
2261 3318 85 29 variety
2357 3315 19 23 is
2389 3313 90 24 charm-

1954 3354 45 24 and
2018 3354 56 23 that-
2089 3354 39 23 the
2151 3352 100 31 English
2276 3357 36 16 are
2334 3347 143 31 proverbally

1895 3387 92 32 pleased
1997 3388 53 23 with
2062 3388 26 28 it,
2102 3387 43 24 and
2152 3385 9 20 i
2166 3385 52 24 God
2239 3385 78 22 knows
2336 3380 55 31 they
2412 3380 67 29 have,

1895 3426 22 18 to
1929 3428 160 25 appearances,
2102 3418 95 34 enjoyed
2207 3418 26 28 it,
2247 3423 41 16 one
2308 3413 75 24 would
2403 3413 74 30 think,

1889 3460 28 18 -to
1930 3455 31 23 all
1972 3454 57 24 their
2042 3454 77 23 hearts
2130 3455 98 22 content.
2265 3446 68 26 Hark
2343 3447 7 25 !
2363 3455 53 24 says
2420 3449 7 14 :
2429 3455 50 22 oue,

1896 3488 37 24 the
1944 3496 59 23 guns
2015 3496 38 15 are
2063 3488 77 30 firing,
2152 3483 77 25 what's
2247 3481 39 23 the
2303 3489 61 16 news
2373 3482 10 23 ?
2429 3480 52 25 The

1897 3522 97 23 Chinese
2015 3529 38 15 are
2070 3520 84 27 licked,
2176 3522 51 23 says
2249 3514 38 24 the
2305 3515 73 28 other,
2391 3514 45 24 and
2448 3521 32 16 we

1896 3555 55 23 have
1963 3560 39 26 got
2013 3562 29 15 an
2054 3546 109 30 awfiil.Jot
2173 3548 25 25 of
2213 3555 70 24 swag.
2321 3548 69 23 Hark
2401 3548 6 24 !
2427 3555 52 23 says

1895 3588 101 29 another,
2009 3587 38 24 the
2058 3594 59 23 guns
2128 3591 36 17 are
2176 3581 77 32 firing,
2263 3581 83 27 .-what's
2356 3581 38 24 the
2402 3588 58 17 new-
2469 3580 10 24 1

1896 3621 77 32 Large
1983 3620 77 24 bodies
2079 3618 25 24 of
2124 3622 76 26 troops
2218 3623 40 16 are
2275 3616 92 30 moving
2384 3613 98 25 towards

1896 3655 38 23 the
1957 3652 114 25 disturbed
2094 3650 108 28 districts,
2225 3648 46 24 and
2293 3649 58 23 have
2371 3655 65 17 come
2456 3648 25 22 in

1897 3691 88 20 contact
1995 3686 54 24 with
2060 3684 38 24 the
2109 3684 60 28 mob,
2182 3682 45 24 and
2248 3682 88 24 several
2349 3682 57 23 have
2424 3681 58 23 been

1896 3718 106 27 shot'and
2016 3727 13 15 a
2045 3722 65 26 great
2129 3724 69 23 many
2218 3715 110 24 wounded
2338 3724 7 20 ;
2364 3714 46 24 and
2429 3714 52 24 then

1896 3761 63 16 came
1977 3760 13 16 a
2009 3750 53 25 loud
2081 3751 90 29 huzza;
2185 3749 59 24 'but
2266 3748 101 25 whether
2387 3748 36 23 for
2445 3747 38 24 the

1895 3787 99 31 glorious
2004 3792 61 17 news
2081 3784 58 24 from
2152 3783 82 28 China,
2247 3790 26 16 or
2285 3783 34 23 for
2331 3782 38 26 the
2381 3781 101 32 glorious

1896 3819 105 31 example
2011 3818 75 24 which
2100 3818 44 24 had
2162 3818 58 23 been
2239 3815 145 32 anticipated,
2405 3815 21 23 is
2443 3813 41 25 not'

1896 3852 82 30 clearly
1992 3851 72 24 stated
2076 3860 7 20 ;
2096 3851 50 24 who
2158 3849 46 25 will
2215 3858 41 23 say
2269 3849 58 24 after
2336 3848 98 31 reading
2444 3846 38 24 the

1897 3885 117 31 foregoing
2025 3889 129 25 statement,
2168 3884 48 23 that
2233 3891 35 15 -we
2286 3882 57 24 have
2361 3886 42 19 not
2420 3879 63 26 made

1896 3919 58 31 good
1974 3926 41 16 our
2034 3919 111 23 assertion
2162 3917 50 25 that
2228 3916 41 24 the
2286 3914 101 33 English
2408 3914 75 24 nation

1898 3954 63 24 beats
1972 3952 30 25 all
2013 3951 39 26 the
2062 3951 74 25 world
2143 3952 28 24 in
2182 3949 59 25 their
2251 3949 52 29 love
2314 3949 26 24 of
2354 3948 95 30 variety.

1301 326 75 24 There
1387 327 19 22 is
1418 334 28 15 an
1458 327 36 23 old
1506 327 81 30 saying
1630 326 86 30 variety
1728 325 19 23 is
1759 325 89 23 charm-

1348 359 44 23 and
1411 359 108 32 certainly
1531 359 37 23 the
1586 358 100 31 English
1698 359 160 30 nation,,may,t

1264 393 31 26 .be
1306 392 49 23 said
1368 397 22 18 to
1402 396 98 28 surpass'
1511 393 37 23 the
1559 396 47 19 rest
1618 391 35 28 of;
1659 391 37 22 the
1705 391 77 29 .world,
1789 399 25 15 as
1827 396 22 19 to

1260 426 86 30 -ability
1357 430 22 18 to
1396 426 91 30 indulge
1503 426 23 22 in
1526 422 10 12 fr
1543 425 50 23 that
1605 424 91 30 feeling,
1715 424 36 23 for
1771 424 54 23 take
1836 433 14 14 a

1268 459 80 22 review
1360 458 25 23 of
1390 458 44 23 her
1446 459 68 22 social
1525 457 114 28 condition
1652 462 77 25 atjiny
1740 457 77 31 period
1828 457 25 23 of

1267 491 41 23 her
1315 501 4 5 •
1325 491 95 31 history,
1442 490 293 31 bu.t4.mow?;particuliarly
1748 490 39 23 the
1805 490 46 23 last

1268 524 53 23 half'
1327 528 101 27 century;
1442 525 42 22 and
1496 525 18 22 it
1526 524 49 23 will*
1581 523 28 23 be
1616 523 83 28 -found,
1715 523 48 23 that
1774 523 35 23 for
1821 531 28 15 an

1262 558 129 23 .exhibition
1408 558 26 22 of
1449 558 84 22 riotous
1552 556 134 31 splendour,
1696 556 45 23 and
1761 556 99 31 squalid,

1260 587 97 34 'misery,
1381 589 106 32 England
1510 598 51 22 may
1580 589 117 30 challenge
1720 589 38 23 the
1779 589 72 23 whole

1268 623 111 24 habitable
1391 624 73 30 globe,
1477 623 50 25 and,
1532 623 63 23 when
1608 629 33 16 we
1651 622 150 31 contemplate
1813 622 38 23 the

1268 657 83 30 apathy
1360 657 54 23 with
1427 657 51 23 with
1488 657 70 23 which
1572 656 38 22 the
1622 655 123 31 privileged
1757 655 92 29 classes,

1268 689 147 31 contemplate
1428 689 36 24 the
1475 690 66 23 latter
1553 688 72 24 under
1637 695 41 16 our
1693 688 94 23 boasted
1795 688 56 23 'civil

1264 722 180 31 jurisprudence,
1462 721 88 24 backed
1570 721 44 24 arid
1635 721 105 23 enf-rced
1764 722 28 30 by
1813 721 38 25 the

1268 762 106 24 presence
1385 756 26 23 of
1425 763 29 15 an
1464 763 120 15 enormous
1596 754 108 30 standing
1715 762 72 23 array,
1808 756 43 22 and

1268 789 37 22 the
1313 788 81 24 almost
1406 796 60 16 more
1479 788 53 23 than
1544 788 84 23 human
1641 787 146 23 forbearance
1797 789 53 22 with

1268 820 52 24 with
1335 821 76 24 which,
1427 821 36 24 the
1481 824 64 28 great
1562 821 60 31 body
1635 821 25 22 of
1676 820 37 23 the
1731 820 122 32 labouring

1268 854 43 23 and
1322 855 138 23 industrious
1479 854 90 28 classes,
1587 861 55 24 year
1654 853 57 23 after
1729 862 55 22 year
1796 854 55 24 sub-

1268 888 40 23 mit
1320 892 23 19 to
1355 888 131 31 apparently
1503 887 158 24 interminable
1679 887 113 31 druggery
1803 888 48 31 pri-

1268 921 74 23 vation
1361 921 45 23 and
1425 922 89 29 misery,
1536 928 31 15 we
1580 920 80 31 hardly
1673 920 66 24 know
1753 921 99 24 whether

1268 961 40 16 our
1327 954 89 31 disgust
1427 960 22 17 at
1466 954 37 23 the
1516 954 95 23 conduct
1623 954 26 23 of
1665 953 37 24 the
1717 961 42 16 one
1778 960 73 26 party,

1268 994 26 16 or
1305 995 42 15 our
1365 988 55 30 deep
1433 988 179 22 commiseration
1623 987 36 23 for
1679 988 42 22 the-
1729 987 122 31 sufferings

1268 1021 26 22 of
1303 1021 37 22 the
1353 1021 84 27 others,
1457 1028 37 15 are
1512 1025 39 18 not
1562 1021 126 29 altogether
1699 1021 111 23 absorded
1824 1022 28 30 by

1269 1053 38 23 the
1319 1054 87 30 painful
1427 1054 123 22 conviction
1561 1054 74 22 which
1658 1054 36 23 the
1700 1072 4 2 .
1715 1054 79 31 steady
1811 1055 42 23 but

1268 1087 65 31 rapid
1355 1094 104 24 progress
1481 1087 25 22 of
1526 1090 77 19 events
1626 1087 74 22 forces
1729 1094 68 24 upon-
1810 1095 42 16 our

1269 1120 83 29 minds,
1364 1120 49 22 that
1424 1118 93 31 nothing
1528 1118 64 23 short
1603 1119 32 23 of'
1644 1127 13 15 a
1667 1119 104 31 frightful
1784 1126 68 18 waste

1270 1153 25 23 of
1314 1153 83 24 human
1420 1153 38 23 life
1481 1152 46 23 will
1551 1153 120 22 terminate
1693 1153 39 22 the
1760 1159 93 24 present

1270 1187 103 30 struggle
1390 1187 98 22 between
1506 1185 36 23 the
1559 1184 146 33 aristberacyy
1713 1185 45 23 and
1774 1186 78 22 demo-

1270 1228 65 22 cracy
1348 1221 22 22 in
1382 1219 50 24 that
1444 1217 118 26 distracted
1574 1224 130 29 country.^
1715 1219 28 23 In
1756 1227 41 15 our
1809 1219 44 23 last

1270 1254 96 22 number
1382 1261 32 15 we
1433 1252 117 31 presented
1570 1259 40 16 our
1630 1252 91 23 readers
1742 1252 53 23 with
1815 1252 38 24 the

1269 1287 91 31 perusal
1379 1286 25 23 of
1420 1286 36 23 the
1473 1285 171 31 proclamation,
1667 1285 73 23 which
1762 1285 32 31 by
1815 1285 38 24 the

1260 1319 87 23 ■advice
1371 1320 23 22 of
1413 1319 49 23 her-
1477 1319 26 23 Pi
1509 1319 52 32 iyy^
1571 1318 96 23 Council
1689 1317 62 32 (that
1771 1319 21 22 is
1815 1319 38 23 the

1414 1352 40 23 her
1467 1351 99 31 Majesty
1575 1351 45 24 had
1627 1352 81 23 caused
1721 1357 22 18 to
1755 1352 28 23 be
1795 1352 58 30 pub-
1866 1349 1 39 [

1270 1386 81 28 lished,
1360 1386 96 23 wherein
1464 1386 57 23 after
1533 1384 83 31 calling
1714 1385 29 23 all
1752 1385 40 23 her
1797 1385 56 23 Jus-

1270 1419 56 23 tices
1338 1419 24 23 of
1373 1419 37 23 the
1425 1411 174 31 PeacfSheriffs
1609 1418 21 23 &
1642 1418 79 24 Under
1731 1418 121 29 Sheriffs,'-'

1270 1452 43 23 and
1326 1452 30 23 all
1369 1452 63 23 other
1444 1452 50 23 civil
1507 1452 88 23 officers
1614 1457 23 17 to
1650 1451 27 23 do
1689 1448 59 27 tlfeir
1768 1457 86 18 utmost

1264 1490 30 18 ,to
1305 1485 109 29 discover,
1434 1485 136 31 apprehend,
1588 1485 45 23 and
1645 1485 67 31 bring
1724 1490 21 18 to
1760 1485 92 31 justice,

1270 1518 31 23 all
1312 1526 94 23 persons
1418 1518 123 23 concerned
1561 1518 74 28 injthe
1648 1518 85 23 riotous
1746 1519 107 30 proceed-

1270 1552 52 30 ings
1334 1551 98 23 referred
1442 1556 20 18 to
1474 1553 21 21 in
1508 1551 38 23 the
1557 1559 71 15 same.
1665 1551 50 23 The
1727 1551 124 32 proclama-

1270 1585 47 23 tion
1329 1593 54 23 goes
1396 1593 29 14 on
1438 1589 20 19 to
1469 1593 39 23 say
1522 1584 47 23 that
1606 1592 25 15 as
1641 1584 107 24 afurther
1759 1584 94 25 induce-

1272 1623 61 17 ment
1345 1623 21 18 to
1378 1618 38 23 the
1431 1617 116 29 aforesaid,
1559 1618 77 31 public
1649 1618 171 28 functionaries,
1830 1627 24 15 as

1272 1651 48 23 well
1331 1659 25 15 as
1374 1657 21 17 to
1408 1650 82 30 others,
1510 1650 48 23 who
1572 1651 58 23 shall
1643 1645 110 35 discover,
1773 1659 81 23 appre-

1271 1684 67 29 hend,
1359 1683 32 25 or'
1397 1692 65 16 cause
1483 1689 22 18 to
1517 1684 27 23 be
1556 1684 138 28 discovered,
1708 1685 45 23 and
1772 1692 82 24 appre-

1270 1718 87 23 hended
1360 1733 16 13 r
1380 1717 36 24 the
1430 1717 97 29 authors,
1540 1718 109 27 abettors,
1662 1723 191 25 orprepetrators,

1271 1751 25 23 of
1305 1758 43 23 any
1359 1751 24 23 of
1392 1751 38 23 the
1439 1756 102 25 outrages
1555 1750 75 24 before
1641 1751 99 25 referred
1753 1756 30 23 to,
1795 1751 58 23 shall

1270 1784 28 23 be
1310 1784 93 23 entitled
1421 1789 23 18 to
1456 1784 37 23 the
1510 1791 50 16 sum
1573 1784 26 23 of
1614 1784 63 28 £50,
1689 1784 36 23 for
1743 1784 55 23 each
1811 1785 44 23 and

1271 1825 65 22 every
1349 1825 81 23 person
1444 1817 46 23 who
1508 1817 58 23 shall
1573 1830 3 5 •
1584 1816 40 24 be'-
1631 1817 161 30 so«cpnvicted,
1811 1819 44 22 and

1270 1850 57 23 shall
1340 1851 87 22 receive
1439 1859 40 14 our
1490 1850 175 31 mostVgracious
1672 1850 90 31 pardon
1771 1851 35 23 for
1818 1852 37 22 the

1263 1883 57 23 •said
1332 1884 85 23 offence
1430 1885 21 22 in
1464 1892 51 15 case
1528 1882 49 25 thei
1583 1891 84 24 person
1686 1884 95 30 making
1799 1885 56 23 such

1271 1917 115 31 discovery
1399 1917 57 23 shall
1476 1918 26 22 be
1515 1917 65 23 liable
1593 1922 22 18 to
1637 1917 26 23 be
1675 1918 134 29 prosecuted
1821 1918 35 23 for

1272 1950 36 23 the
1321 1958 60 15 same
1395 1951 4 23 !
1409 1951 5 23 !
1425 1951 15 23 !,
1453 1950 52 24 Goi
1522 1958 53 15 save
1591 1950 36 23 the
1641 1950 81 26 Queen
1731 1951 5 23 !
1801 1951 55 23 And

1272 1991 24 16 so
1310 1992 30 15 we
1349 1991 44 23 jay
1404 1983 50 24 God
1467 1992 52 15 save
1531 1985 36 22 the
1581 1984 81 25 Queen
1674 1984 55 23 from
1741 1984 38 23 the
1792 1985 64 30 pain-

1315 2017 235 34 liecessjty^of^being.
1554 2017 76 22 forced
1640 2022 30 18 ..to
1682 2017 56 22 have
1752 2025 104 15 recourse

1273 2054 23 18 to
1307 2049 55 23 such
1382 2049 145 31 proceedings
1546 2056 25 15 as
1591 2049 64 22 those
1674 2048 99 23 referred
1785 2053 30 24 to,
1834 2054 22 17 to

1273 2090 103 23 preserve
1395 2082 38 23 the
1449 2082 98 30 stability
1565 2082 29 22 of
1605 2082 41 22 her
1665 2081 92 23 Throne
1775 2089 25 15 or
1808 2103 3 7 ,
1820 2082 37 23 the

1273 2124 68 22 peace
1359 2115 44 24 and
1422 2115 133 30 securityof
1571 2114 40 23 her
1629 2114 125 30 Kingdom.
1792 2115 66 23 Good

1275 2149 51 23 God
1338 2150 19 22 is
1371 2150 16 22 it
1399 2149 97 31 possible
1515 2153 21 18 to
1548 2148 52 23 read
1614 2148 39 23 the
1665 2148 91 23 debates
1769 2148 25 23 of
1804 2149 61 22 both'

1277 2182 90 23 Houses
1378 2183 25 22 of
1419 2181 182 33 Parliament||at
1618 2181 38 23 the
1668 2181 99 31 opening
1779 2182 25 23 of
1821 2182 37 23 the

1273 2215 44 24 last
1327 2216 114 28 Session?,
1451 2215 96 23 wherein
1557 2214 52 32 her'
1609 2214 119 32 Majesty's
1738 2215 120 23 Ministers

1275 2257 57 15 were
1351 2249 123 31 compelled
1492 2254 22 17 to
1527 2249 30 22 sit
1576 2247 66 31 night
1660 2248 57 23 after
1737 2249 66 30 night
1815 2249 43 22 and

1268 2299 2 9 ,
1275 2282 71 23 admit
1363 2282 38 23 tlfe
1410 2280 69 25 'truth
1492 2282 25 23 of
1591 2287 135 17 statements
1746 2282 64 23 made
1830 2282 27 31 by

1277 2315 148 24 Honourable
1442 2315 115 24 Members
1571 2315 24 23 of
1605 2315 37 23 the
1655 2320 60 18 utter
1726 2315 132 24 destitution

1275 2349 25 23 of
1321 2355 50 17 vast
1392 2348 77 24 bodies
1492 2348 25 23 of
1541 2348 40 23 her
1605 2348 122 31 Majesty's
1750 2348 108 32 subjects,

1275 2382 44 23 and
1349 2382 76 23 forced
1449 2383 30 29 by
1498 2382 38 23 the
1562 2382 113 30 revolting
1703 2381 80 24 details
1808 2382 51 23 thus

1275 2416 100 31 publicly
1397 2415 143 31 proclaimed,
1569 2419 23 19 to
1600 2426 5 3 -
1621 2416 62 22 issue
1703 2423 14 15 a
1739 2415 121 24 miserable

1277 2450 97 30 pittance
1399 2449 57 23 from
1481 2449 37 23 the
1540 2449 76 31 public
1642 2454 111 25 treasury,
1778 2449 80 28 which,

1276 2482 65 24 aided
1358 2490 25 15 as
1406 2483 19 22 it
1444 2490 43 15 was
1506 2482 29 31 by
1552 2482 92 31 appeals
1663 2487 23 18 to
1707 2482 38 23 the
1762 2482 98 31 wealthy

1277 2516 92 28 classes,
1381 2516 71 22 under
1464 2516 37 23 the
1514 2515 111 23 influence
1638 2516 25 22 of
1672 2515 38 23 the
1722 2515 63 31 royal
1797 2523 63 16 com-

1266 2549 97 28 <mands,
1383 2549 73 23 would
1474 2548 78 31 hardly
1565 2549 71 23 admit
1656 2548 24 24 of
1696 2557 25 14 so
1738 2550 89 22 minute
1848 2557 13 15 a

1260 2577 10 32 |
1277 2581 139 32 divisibility,
1437 2590 23 15 as
1484 2587 21 18 to
1531 2581 90 24 include
1628 2604 5 3 ,.
1650 2590 13 15 a
1688 2581 64 31 tythe
1773 2583 25 22 of
1823 2582 47 27 the?

1403 2616 132 31 applicants.
1573 2614 24 24 Is
1610 2616 24 22 it-
1640 2615 107 30 possible,
1766 2623 33 15 we
1811 2623 49 22 say,

1278 2649 47 23 that
1336 2649 38 23 the
1386 2657 61 15 same
1460 2657 48 15 men
1527 2648 64 24 could
1605 2649 66 30 bring
1689 2648 137 23 themselves
1839 2654 22 18 to

1279 2682 139 24 recommend
1432 2682 56 24 their
1500 2682 75 31 Royal
1585 2682 107 23 Mistress
1705 2686 22 18 to
1740 2682 54 23 offer
1806 2682 54 23 £50

1279 2724 37 22 per
1329 2715 54 24 head
1397 2716 35 23 for
1451 2715 37 24 the
1500 2715 165 32 apprehension
1681 2715 24 23 of
1722 2723 66 22 every
1801 2715 59 23 indi-

1280 2749 74 23 vidual
1372 2748 81 24 wretch
1472 2749 58 29 who,
1552 2748 88 31 goaded
1662 2748 30 31 by
1710 2748 106 23 madness
1839 2754 23 18 to

1282 2783 89 23 commit
1388 2790 63 16 some
1468 2787 37 19 act
1524 2783 24 23 of
1567 2783 98 30 atrocity
1683 2790 61 22 upon
1767 2783 94 29 society,

1282 2816 53 23 from
1350 2816 36 23 the
1399 2821 59 18 want
1469 2816 25 23 of
1503 2823 25 16 as
1538 2823 67 23 many
1614 2823 71 23 pence
1697 2823 25 15 as
1731 2815 63 23 there
1804 2823 58 16 were

1282 2849 85 31 pounds
1380 2849 81 23 offered
1470 2849 35 23 for
1517 2849 35 23 his
1560 2849 137 28 conviction^
1707 2848 45 24 and
1764 2848 99 32 perhaps

1282 2883 136 30 subsequent
1441 2882 66 23 death
1529 2890 25 15 as
1566 2901 5 4 r
1569 2889 47 17 .ani
1630 2887 131 19 atonement
1780 2887 22 18 to
1826 2882 37 24 the

1284 2915 93 24 violated
1396 2915 55 24 laws
1470 2916 24 23 of
1510 2916 35 23 his
1562 2917 111 29 country.'
1690 2919 4 12 :
1703 2915 51 24 We,
1764 2915 59 24 have
1833 2924 30 15 no

1283 2949 71 24 doubt
1370 2957 32 14 we
1421 2948 59 24 shall
1497 2949 29 24 be
1534 2949 126 24 'answered
1681 2948 30 32 by
1723 2949 78 29 abuse,
1820 2950 43 23 and

1284 2981 94 25 taunted*
1382 2982 30 31 by
1420 2982 37 24 the
1463 2983 136 31 application
1608 2982 26 24 of
1639 2981 104 30 Radical,
1753 2982 110 29 Chartist,

1284 3016 155 31 Demagogue,
1450 3016 43 23 and
1506 3014 153 33 Incendiary.'
1740 3023 38 16 are
1790 3014 44 25 riot'
1841 3021 23 18 to

1284 3049 27 23 be
1322 3049 125 30 frightened
1459 3049 29 31 by,
1498 3056 140 24 unmeaning
1646 3049 77 30 abuse,
1734 3057 25 15 or
1767 3049 96 24 induced

1320 3082 74 31 forego
1405 3090 41 15 our
1462 3083 67 23 claim
1545 3087 24 19 to
1579 3082 91 32 -.loyalty
1684 3091 24 15 or
1726 3082 139 24 attachment

1284 3121 23 19 to
1320 3115 64 23 order
1400 3115 43 23 and
1455 3116 135 25 wholesome
1610 3117 115 28 restraint,
1738 3124 26 15 or
1780 3116 83 23 refrain

1286 3150 56 23 from
1353 3149 129 31 expressing
1491 3157 40 16 our
1543 3141 158 41 opinionjjnhat
1712 3149 38 24 the
1762 3150 102 30 political

1286 3182 139 31 expediency^
1432 3183 24 22 of
1472 3183 55 23 both
1677 3182 37 24 the
1726 3188 66 23 state,
1813 3191 51 23 pre-

1286 3221 50 18 sent
1348 3216 40 22 but
1399 3223 14 15 a
1423 3216 115 24 miserable
1551 3216 119 31 catalogue
1687 3216 24 23 of
1728 3216 81 23 crimes
1821 3216 44 23 and

1286 3249 81 28 follies,
1383 3248 50 23 and'
1442 3249 47 23 that
1507 3249 58 23 their
1585 3249 123 31 principles
1727 3249 68 23 merit
1811 3250 54 30 only

1286 3282 38 24 the
1348 3283 116 22 contemot'
1480 3282 44 24 and
1545 3282 81 23 hatred
1646 3282 26 24 of
1691 3282 60 24 their
1778 3282 87 24 fellow-

1277 3333 2 5 .
1287 3320 156 26 countrymen.
1451 3340 2 5 ,
1637 3313 4 5 '
1797 3336 4 4 ,

1319 3355 44 25 We
1375 3355 51 24 well
1437 3355 99 25 recollect
1547 3355 66 25 when
1625 3356 38 25 the
1681 3362 66 26 great
1762 3357 103 31 struggle

1287 3397 45 16 was
1360 3389 67 24 made
1454 3388 18 25 tb
1498 3394 39 27 get
1564 3390 39 23 the
1639 3390 227 31 would-be-thought

1287 3422 92 24 Liberal
1391 3420 175 26 administration
1579 3428 22 19 to
1613 3423 76 32 repeal
1700 3421 45 27 'the
1759 3430 65 17 taxes
1836 3432 29 16 on

1289 3455 140 32 knowledge,
1439 3453 172 35 two\objections
1621 3457 144 25 were^raised
1775 3458 91 31 against

1280 3490 46 23 -the
1349 3489 138 29 concession,
1490 3489 3 5 I',1
1491 3497 5 15 ',
1507 3498 47 15 one.
1571 3498 45 16 was
1644 3498 28 16 on
1679 3501 3 4 •
1695 3490 39 24 the
1757 3499 64 15 score
1844 3493 25 22 of

1289 3530 104 22 revenue,
1406 3522 38 23 the
1455 3522 60 24 other
1527 3523 36 24 the
1581 3523 49 24 fear
1649 3524 24 23 of
1689 3524 39 23 the
1747 3524 80 32 spread
1844 3526 25 22 of

1260 3561 1 12 1
1289 3555 145 25 Democratic
1451 3556 125 31 principles,
1592 3557 98 30 through
1710 3557 38 23 the
1766 3558 99 23 medium

1260 3594 8 15 >.
1289 3589 24 24 of
1322 3590 38 23 the
1373 3588 71 32 cheap
1461 3588 147 32 publications
1620 3590 26 23 of
1661 3590 39 24 the
1717 3591 51 30 day.
1804 3591 25 24 It
1846 3592 21 23 is

1289 3627 38 19 not
1339 3621 38 25 the
1385 3622 53 23 first
1448 3622 53 23 time
1502 3624 3 6 1
1514 3622 33 24 the
1556 3622 83 24 Tories
1649 3623 58 24 have
1718 3624 57 23 been
1786 3625 82 31 taught

1289 3656 38 23 the
1352 3662 151 24 ousequences
1511 3655 21 24 of
1540 3656 90 31 relying
1640 3664 60 24 upon
1708 3657 39 24 the
1754 3658 113 24 influence

1289 3689 24 24 of
1330 3690 122 32 ignorance
1474 3688 45 24 and
1538 3690 152 30 superstition,
1712 3691 77 23 rather
1811 3691 55 24 than

1265 3740 4 11 ,
1286 3727 61 27 .upQn;
1360 3721 39 24 the
1407 3721 87 24 natural
1505 3721 68 24 result
1582 3722 25 24 of
1616 3730 82 17 reason
1706 3724 43 23 and
1762 3732 104 16 common

1267 3765 3 16 i
1284 3751 83 33 'sense,,
1375 3762 61 24 upon
1448 3755 38 23 the
1494 3760 62 25 great
1562 3762 63 18 mass
1637 3757 25 23 of
1670 3756 38 24 the
1717 3758 149 30 community,

1267 3804 4 4 •
1289 3788 72 25 which
1373 3788 41 24 has
1423 3788 36 25 led
1463 3788 69 23 -them
1543 3793 21 19 to
1574 3789 99 24 mistake
1686 3790 138 25 submission
1832 3791 35 24 for

1260 3837 2 4 -
1284 3823 172 30 acquiescence,
1468 3821 58 23 until
1543 3822 37 23 the
1595 3830 107 23 pressure
1720 3823 42 24 has
1774 3824 93 24 become

1268 3862 58 18 .too
1344 3860 64 26 great
1425 3855 35 23 for
1479 3854 131 25 endurance.
1648 3856 23 24 It
1689 3856 20 23 is
1731 3857 25 23 in
1773 3858 54 23 vain
1844 3862 23 19 to

1287 3888 132 31 atterhpt.to
1432 3887 47 23 talk
1492 3892 22 18 to
1527 3895 50 15 men
1593 3888 49 24 who
1660 3896 41 16 can
1714 3889 88 24 neither
1815 3891 52 23 read

1290 3929 23 16 or
1326 3923 62 21 write
1399 3928 60 24 upon
1479 3920 57 24 such
1552 3919 99 34 subjects
1669 3930 24 15 as
1706 3922 66 32 equal
1794 3923 74 31 rights

1261 3969 10 10 ,-
1289 3954 47 29 qoJ
1345 3954 67 31 fegual
1428 3954 62 28 laws,
1502 3954 25 22 of
1536 3954 38 23 the
1587 3954 97 25 beauties
1696 3955 26 25 of
1732 3955 38 25 the
1782 3957 85 23 consti-

547 60 99 48 C%t
653 84 6 22 :
672 60 118 42 Wtto
1052 55 190 46 (Siajrttc
1251 54 108 50 #«*
1382 53 300 45 W&ttltnQton
1706 48 262 49 £pmatar.

1265 227 3 3 New
1267 227 2 3 Zealand
1268 227 1 3 Gazette

1259 230 72 33 AND
1355 230 241 33 WELLINGTON
1620 230 241 33 SPECTATOR.

1354 274 128 26 Saturday,
1497 274 130 22 December
1641 273 33 26 31,
1686 263 132 31 1842.

141 152 156 27 Important
310 149 96 23 Public
421 141 101 36 Sale%»

237 185 96 20 Without
347 189 86 14 reserve.

42 219 92 29 TV/TR.
158 217 220 24 FITZHERBERT
399 216 41 22 has
450 234 4 4 .
463 213 165 32 received^in-:

41 239 62 28 IVL
115 245 7 7 *
132 245 119 22 structions
260 245 57 22 from
326 243 93 23 Messrs.
431 241 68 23 Waitt
508 241 113 28 STTyser,
627 252 3 5 •

39 275 24 18 to
73 272 47 27 sell,
130 274 88 19 without
228 277 84 20 reserve,
322 274 24 18 at
360 269 59 23 their
433 269 81 25 Stores,
525 268 32 22 Te
568 267 53 26 Aro,

40 306 30 14 on
88 299 110 28 Tuesday,
216 299 101 26 January
334 298 21 25 3,
376 297 70 26 1843/-
452 299 23 18 at
494 297 26 20 10
539 294 84 23 o'clock

38 325 118 28 precisely,

67 358 27 21 16
103 361 52 18 tons
165 356 108 27 damaged
282 356 64 25 flour,
395 375 4 3 .
405 353 7 13 ''
449 377 3 4 .
473 377 4 3 .
574 378 4 6 ,

68 386 27 20 10
104 384 64 22 hhds.
178 391 59 18 rum,
273 386 13 26 •;
443 384 37 17 •"'.'
513 397 24 19 _^

67 412 27 21 10
104 417 62 15 cases
176 410 145 26 champagne,
328 412 3 5 '
449 408 41 26 'v,
612 426 5 7 ,

66 438 28 21 50
104 436 83 22 barrels
197 436 48 22 coal
257 440 46 20 tar,.
463 436 10 9 ■'
499 433 99 18 •>•*'.'-.•"'

66 465 40 20 100
116 462 72 23 chests
198 466 43 22 tea,
253 463 27 20 10
290 462 53 25 bags
354 459 76 28 coffee,

66 491 14 21 5
89 490 56 27 bags
155 496 89 21 papper.

240 542 80 22 After
334 547 85 19 which,

122 575 32 21 At
163 573 37 23 the
217 574 74 21 Stores
301 573 26 21 of
341 573 43 21 Mr.
396 570 145 27 Fitzherbert,
558 580 5 4 -
614 580 18 18 p.

65 607 14 21 5
97 606 85 21 barrels
201 605 43 22 salt
263 605 57 26 beef,
348 603 75 23 Dutch
447 603 45 21 and

38 633 87 26 cheese,
142 634 41 20 100
198 631 81 22 buttles
296 630 105 26 mustard,
412 631 27 20 50
454 629 54 26 bags
518 629 47 26 salt,

39 667 72 20 sugar,
129 660 28 20 50
174 659 56 26 bags
249 659 74 21 brown
341 664 71 20 sugar,
430 658 40 21 15.0
485 657 63 28 bags,,.
551 655 74 27 bright

38 693 74 20 sugar,
124 688 13 19 3
148 686 50 21 tubs
207 692 67 19 sugar
289 684 78 27 candy,
379 686 13 19 8
408 684 79 21 tiereds
498 681 133 29 negrphead,

40 714 99 25 tobacco,
151 713 13 20 5
176 719 61 15 cases
246 712 78 25 cigars,
337 713 28 19 90
374 710 71 22 dozen
456 709 83 21 bottled
550 711 75 24 porter

40 739 33 26 (in
85 738 112 22 excellent
212 738 132 25 condition),
355 739 28 19 20
399 737 71 21 dozen
485 735 86 22 bottled
580 734 43 27 ale,

37 767 29 21 3D
73 765 54 27 bags
135 765 45 21 and
191 764 82 22 barrels
281 763 25 22 of
313 764 98 27 superior
417 769 76 15 white
499 761 44 22 and

38 792 99 26 biscuits,
155 793 26 20 20
200 792 71 20 boxes
286 790 97 24 candles,
400 791 27 20 20
446 789 70 21 boxes
534 796 59 18 soap,
611 789 14 19 2

39 826 62 14 cases
117 818 58 27 slops
195 817 75 26 (shirts
286 817 60 26 &c),
362 817 28 21 20
405 815 65 22 hhds.
478 825 3 3 •
487 815 138 28 of^tfoLLOw

40 852 64 15 ware
117 846 59 26 (ship
182 845 42 21 and
236 843 133 28 carpenter's
379 843 63 25 tools,
449 842 82 26 &c.),'a
540 841 89 27 variety-

39 872 26 21 of
71 871 87 22 sailor's
168 871 105 26 clothing,
282 877 71 15 shoes
365 869 88 26 (men's,
465 867 106 23 women's
579 867 46 23 and

38 897 139 27 children's).

66 925 38 21 An
115 927 133 19 atsortment
257 923 27 22 of
291 923 32 22 tin
332 930 58 15 ware
405 921 46 23 and
462 921 110 28 crockery,
585 922 40 20 100

38 951 98 23 Manilla
145 951 57 26 hats,
212 953 26 19 20
247 950 82 22 beaver
343 949 58 26 hat?,
417 951 13 19 3
445 949 58 27 kegs^
515 948 118 22 cahnister.

38 978 97 25 powder,
146 977 85 22 several
241 976 84 22 barrels
334 977 26 21 of
374 975 83 23 British
465 975 69 28 pitch,
546 975 80 21 Stock-

38 1005 60 21 holm
119 1008 41 23 tar,
177 1003 87 23 several
282 1003 56 22 coils
357 1003 88 26 Europe
467 1001 44 23 and
531 1001 94 22 Manilla

37 1038 61 19 rope,
108 1032 16 20 4
130 1038 54 14 cans
195 1030 64 27 copal
269 1028 96 28 varnish,
373 1029 65 21 white
448 1028 51 22 lead
511 1028 43 22 and
562 1028 63 22 other

37 1058 82 26 paints,
148 1065 14 13 a
183 1057 44 21 few
253 1055 88 23 feather
369 1055 65 27 beds,,
458 1054 110 28 pillows/
579 1054 45 22 and

36 1083 127 23 bedsteads.

233 1117 75 15 TERMS
323 1116 28 15 AT
367 1116 62 15 SALE.

65 1146 147 27 Wellington,
224 1146 125 21 December
358 1147 34 23 30,
405 1146 61 20 1842.

249 1190 74 22 THIS
339 1190 75 22 DAY.

37 1226 60 21 Sale
114 1226 41 21 'of
171 1226 46 20 the
236 1226 100 19 Wreck
355 1224 37 27 of.
403 1225 45 20 the
465 1224 160 27 Brigantine

581 1255 24 26 .^

96 1286 44 20 For
150 1285 34 21 the
194 1285 74 26 benefit
278 1285 27 22 of
310 1285 67 19 whom
386 1285 18 19 it
413 1290 49 19 may
471 1290 94 14 concern.

38 1319 163 48 MESSRS.
213 1318 151 23 BETHUNE
375 1325 46 15 and

137 1346 40 21 sell
197 1346 30 26 by
244 1345 79 22 Public
344 1344 106 26 Auction,
473 1349 23 17 at
514 1344 111 23 Lambton

36 1379 67 20 quay,
115 1379 28 14 on
157 1372 115 26 Saturday,
284 1372 37 21 the
330 1372 51 21 31st
391 1372 127 21 December
527 1374 98 23 current,

37 1402 24 19 at
71 1400 26 20 12
107 1398 88 22 o'clock
200 1398 117 28 precisely,

104 1432 66 22 THE
191 1431 366 26 BRIGANTINEvJIf/JVEBF^,
577 1429 23 34 <\

37 1466 25 15 as
73 1459 39 21 she
129 1466 50 14 now
196 1459 41 21 lies
252 1458 105 22 stranded
377 1459 22 20 in
418 1459 64 26 Open
501 1459 54 26 Bay,
573 1458 55 22 with

35 1486 42 22 her
85 1485 59 26 sails,
156 1490 74 22 masts,
242 1485 73 28 yards,
327 1485 80 26 tackle,
415 1485 44 22 and
468 1486 97 27 apparel,
577 1487 49 24 &c,

37 1520 24 14 as
69 1520 37 19 per
115 1513 118 26 inventory
240 1519 23 15 m
271 1511 37 22 the
316 1512 72 21 hands
396 1512 25 21 of
429 1512 36 22 the
472 1512 154 29 Auctioneers^

64 1546 103 22 Without
175 1553 96 19 reserve,
283 1546 34 21 for
325 1546 74 21 whom
408 1546 18 21 it
435 1553 52 21 may
499 1553 104 15 concern.
621 1565 2 6 ,

251 1585 82 18 TERMS,
350 1585 64 14 CASH.

64 1610 146 25 Wellington,
221 1610 127 21 December
357 1611 34 22 28.
404 1611 61 20 1842.

86 1654 45 22 HE
146 1654 214 22 WELLINGTON
383 1655 181 22 ALMANACK
583 1656 45 23 will

122 1682 28 21 be
169 1681 120 28 published
300 1678 38 25 'on
357 1682 112 26 Monday,
489 1682 101 27 January
606 1683 20 26 2,

38 1709 61 21 1843.
129 1708 71 27 Price,
213 1709 31 20 Is.
254 1709 37 21 6d.

65 1735 126 21 Estimated
222 1735 111 22 distances
357 1736 56 21 from
421 1733 155 31 /Wellington
605 1739 23 18 to

36 1762 137 26 Wanganui,
191 1762 54 22 with
261 1770 12 14 a
291 1763 56 27 Map
364 1761 26 22 of
458 1762 110 27 Harbour,
584 1762 43 22 will

37 1788 48 22 also
96 1789 28 20 be
134 1789 117 25 published
262 1796 29 14 on
301 1790 37 20 the
346 1796 60 14 same
417 1789 52 27 day.
499 1789 70 27 Price,
577 1789 35 22 6d.

69 1816 87 20 Gazette
165 1816 79 26 Office,
256 1816 168 27 December,3l,
437 1817 61 21 1842.

234 1861 71 21 Flax
319 1862 111 20 School.'

35 1897 51 47 A
102 1894 123 23 SCHOOL
238 1896 32 21 for
281 1895 103 24 teaching
395 1895 37 22 the
442 1895 99 22 children
551 1896 26 21 of
584 1903 46 20 any_
631 1920 4 6 t

115 1923 26 20 of
153 1922 38 21 the
207 1922 93 26 settlers,
312 1922 135 32 the>.Nariye
462 1922 65 22 mode
543 1923 25 20 of
579 1920 56 29 pre-?

35 1948 80 28 paring
125 1948 38 22 the
174 1949 56 21 New
240 1948 99 22 Zealand
351 1944 63 32 Fbix,
425 1949 17 21 ia
454 1949 85 27 opened
550 1950 22 20 in
585 1956 42 14 one

35 1976 28 21 of
73 1975 37 22 the
122 1975 130 27 emigration
265 1976 88 26 homes,
364 1976 120 21 Thorndon
497 1976 56 21 Flat.

35 2007 75 21 Hours
114 2007 63 26 from
188 2010 34 18 ten
233 2009 20 18 to
264 2009 78 26 twelve,
353 2008 42 20 and
403 2007 115 26 from'iwo
528 2009 34 19 till
564 2007 55 26 four
619 2015 11 13 ',

29 2054 6 6 .
65 2034 125 25 D.ecemhar
200 2035 27 20 31
230 2033 134 28 JL842^^
364 2030 262 31 —^Mss^^^J^^
634 2039 2 6 '

207 2078 108 21 Tui-tui
331 2078 43 21 for
389 2078 69 23 Sale.

37 2113 67 49 TO
121 2113 40 21 BE
176 2112 104 27 disposed
297 2112 25 21 of
332 2111 161 26 immediately,
504 2111 39 22 tlie
559 2111 67 28 polesi

97 2140 87 25 rafters,
196 2139 46 22 and
251 2139 83 25 tui-tui,
346 2139 25 21 of
379 2146 12 14 a
401 2139 60 26 large
470 2138 74 22 Maori
553 2146 75 14 warre.

37 2167 43 22 For
90 2166 133 29 particulars
233 2166 65 27 apply
309 2171 21 16 at
341 2165 23 22 J.
375 2166 91 22 Taine's
475 2171 66 16 store.
565 2174 4 6 '

200 2212 68 20 New
284 2212 95 20 Year's
398 2212 67 25 Day.

38 2246 93 50 THE
146 2245 233 23 UNDERSIGNED
395 2245 39 22 has
448 2245 48 27 just
510 2245 66 22 taken
592 2250 38 18 out

114 2273 25 22 of
157 2273 60 21 bond
237 2272 37 22 the
294 2273 44 21 last
355 2272 114 27 hogshead
486 2273 22 20 «>t
530 2273 35 21 the
581 2273 48 21 real

37 2300 98 27 genuine
146 2299 146 29 Campbelton
304 2299 116 28 Whiskey,
431 2306 28 15 ex
471 2301 114 25 Clydeside.

399 2331 111 23 William
525 2332 73 22 Lyon-

66 2360 85 21 Corner
162 2360 25 21 of
194 2359 160 22 Willis-street.
475 2362 21 24 '
578 2376 6 12 ,

38 2411 52 47 A
104 2409 148 22 MEETING
268 2409 26 21 of
301 2409 37 21 the
350 2409 113 22 Members
473 2409 25 21 of
506 2409 39 21 the
556 2404 74 31 O/der

118 2436 25 22 of
152 2436 52 22 Odd
214 2435 99 27 Fellows,
325 2436 46 22 will
383 2436 50 22 take
442 2436 63 27 place
517 2443 28 14 on
564 2431 23 26 lfr
590 2443 40 13 on-

40 2463 42 27 day
99 2463 104 26 Evening
217 2467 62 22 next,
291 2466 24 18 at
327 2463 28 21 11.
366 2463 95 25 Davis's,
478 2463 38 21 the
536 2463 92 26 Aurora,

40 2497 28 14 on
84 2489 102 23 business
200 2491 25 21 of
240 2490 151 27 importance;
413 2490 46 22 and
475 2489 30 23 all
525 2489 105 23 Brothers

39 2523 38 15 are
86 2517 118 27 requested
216 2521 22 17 to
249 2517 85 21 attend.

89 2565 45 23 HE
147 2566 151 22 MEMBERS
314 2566 67 22 AND
397 2566 135 25 FRIENBS
550 2566 26 22 of
593 2566 38 22 the

117 2593 47 21 first
188 2593 157 27 Independent
369 2593 96 24 Church,
492 2593 53 21 m*ll
555 2593 75 27 ligton,

40 2619 136 27 assembling
196 2619 34 22 for
248 2619 103 28 Worship
367 2620 23 22 in
405 2620 37 21 the
453 2620 77 22 Infant
543 2621 87 26 School,

40 2646 124 22 Thorndon
184 2646 57 27 Flat,
259 2647 45 21 will
319 2647 52 21 take
388 2651 36 17 tea
440 2647 101 27 together
556 2647 22 21 in
595 2647 37 21 the

40 2674 72 21 above
129 2680 62 14 room
202 2681 28 14 on
249 2673 108 28 Monday,
369 2674 101 27 January
479 2675 20 25 2,
511 2675 68 26 1843,.
583 2677 23 18 at
618 2675 13 20 5

42 2699 94 28 o'clock,
153 2701 57 21 after
226 2700 81 27 which,
323 2708 13 14 a
351 2701 75 27 public
437 2701 98 26 meeting
545 2701 52 21 will*
605 2701 27 21 be

41 2726 62 22 held.

71 2754 44 22 His
124 2753 106 29 Worship
239 2754 37 22 the
283 2755 82 27 Mayor
373 2754 41 22 has
423 2754 80 29 kindly
512 2755 121 22 consented

43 2784 23 19 to
75 2781 97 27 preside.

71 2808 58 22 N.B.
130 2819 28 4 —
160 2807 66 23 After
240 2808 53 27 Tea,
311 2815 13 14 a
339 2808 148 22 contribution
506 2809 32 25 (in
557 2808 75 27 silver)

43 2835 44 22 will
97 2835 28 21 be
136 2835 109 27 expected
252 2836 58 20 from
320 2835 56 21 each
386 2842 79 20 person
477 2840 21 17 to
508 2835 77 28 defray
596 2835 37 22 the

44 2869 118 20 expences.

71 2894 127 21 December
207 2895 33 25 21,
252 2894 63 22 1842.

271 2944 99 21 Notice
379 2944 5 21 !
391 2944 6 21 !
404 2944 5 22 !

63 2977 16 20 A
97 2975 39 22 LL
146 2974 140 23 PERSONS
296 2974 85 28 having
394 2983 44 20 any
448 2975 96 22 demand
554 2983 28 16 on
597 2976 38 22 the

45 3006 51 18 JLX.
124 3001 157 27 undersigned,
291 3009 36 14 are
341 3002 119 28 requested
473 3006 23 19 to
506 3002 54 23 send
573 3003 61 22 them

43 3029 25 22 in
79 3028 153 28 immediately
242 3028 35 22 for
287 3028 129 28 liquidation
423 3037 6 19 ;
453 3030 45 21 and
508 3030 28 21 all
546 3037 89 21 persons

42 3056 111 28 indebted
163 3059 22 18 to
203 3056 38 21 the
250 3055 159 28 undersigned,
427 3063 38 15 are
478 3057 117 27 requested
613 3061 22 18 to

44 3083 66 22 settle
119 3082 58 22 their
187 3086 108 18 accounts
305 3089 29 16 on
343 3089 26 15 or
382 3083 77 22 before
470 3083 36 22 the
515 3086 49 20 31st
578 3084 56 22 lust.

414 3117 25 22 C.
451 3117 33 23 M.
496 3118 84 22 Evans.

75 3143 126 23 December
212 3145 32 25 19,
252 3144 65 28 ,1842.
398 3142 29 34 ,J$

153 3193 198 22 SUFFOLK
380 3193 149 28 BTOTEL,
627 3180 5 36 !

327 3228 30 14 BY

219 3263 3 5 ,
256 3247 34 21 K.
310 3247 54 21 Gar
367 3248 58 25 rod,

101 3281 127 16 THORNDON
249 3280 69 21 QUAY,
334 3281 62 15 NEAR
416 3282 93 15 PIPITEA
529 3282 61 16 PAH.^

308 3312 26 4 —
337 3308 11 13 O
349 3312 28 5 —

49 3331 78 26 Wines,
149 3329 88 30 Spirits,
257 3328 38 26 2jrc
315 3329 27 25 of
357 3329 35 21 the
404 3331 55 25 first
478 3331 88 29 quality,
583 3338 52 21 upon

243 3357 121 20 reasonable
376 3359 69 20 terms.

47 3405 68 32 T\T
149 3402 108 27 SEEAR,
273 3402 140 23 Carpenter
428 3404 42 21 and
485 3404 112 27 Builder,
603 3411 32 15 re-

60 3430 17 23 V
84 3426 19 27 V
120 3442 11 10 •
163 3430 119 27 spectfully
290 3437 131 16 announces
427 3433 21 18 to
455 3430 37 22 the
501 3430 134 23 inhabitants

49 3458 27 21 of
89 3458 65 22 Port'
164 3456 130 26 Nicholson,
313 3456 49 22 that
377 3456 27 22 he
414 3456 41 22 has
464 3457 125 27 completed
604 3458 31 22 his

48 3491 49 16 new
105 3497 5 4 •
117 3484 138 27 workshops)-
263 3483 45 22 and
320 3484 19 22 is
357 3490 49 15 now
418 3484 74 27 -ready
509 3488 22 18 to
541 3485 57 27 -give
607 3486 28 21 'in

49 3511 106 23 Tenders.
157 3512 38 21 far.
204 3510 39 22 the
252 3510 98 22 erection
361 3510 26 22 of
393 3510 124 27 Buildings.
545 3517 19 7 ••
588 3515 47 16 •<--'.

61 3559 3 4 .
77 3543 194 26 Manners-street,
282 3542 32 22 Te
324 3543 54 26 Aro,
386 3540 94 24 'NovJ-9.
538 3548 3 4 •
550 3546 5 6 '
619 3548 4 3 •

49 3594 51 49 A
134 3592 141 28 HURLEY,
287 3592 81 22 Bread
382 3599 48 16 and
442 3592 104 26 Biscuit.
550 3592 85 29 Baker,

106 3632 10 11 •
166 3620 93 22 Pastry
275 3620 78 24 -Cook,
379 3626 47 15 and
454 3620 181 28 Confectioner-,

48 3650 89 20 returns
145 3646 37 22 his
191 3647 87 21 sincere
288 3645 83 23 thanks
378 3648 25 21 to
413 3646 33 22 his
452 3646 86 22 friends
547 3646 44 22 and
601 3647 34 22 the

49 3674 75 27 public
137 3674 37 21 for
190 3674 38 21 the
243 3673 80 22 liberal
338 3677 92 23 support
443 3673 30 22 he
487 3673 41 22 has
537 3673 98 23 received

50 3700 61 23 since
121 3700 35 22 his
168 3703 196 19 commencement
372 3700 23 21 in
404 3700 38 21 the
451 3700 71 22 above
531 3700 54 26 line,
596 3701 39 21 and

49 3727 55 27 begs
113 3729 23 21 to
144 3728 82 21 inform
236 3726 61 22 them
308 3726 49 22 that
365 3726 29 22 he
403 3726 41 22 has
450 3726 88 28 opened
548 3726 33 22 his
590 3734 45 14 new

49 3755 108 27 premises
167 3761 28 15 on
209 3754 190 27 Lambton-quay,
410 3754 44 21 and
469 3757 73 24 trusts,
553 3753 49 22 that
611 3754 24 28 by

29 3783 2 7 '
49 3781 82 27 telling
140 3780 70 28 goods
220 3780 25 22 of
256 3788 13 14 a
278 3780 107 22 first-rate
399 3780 92 28 quality,
501 3780 28 22 he
539 3780 56 22 shall
604 3788 31 14 re-

50 3808 63 22 ceive
124 3807 49 23 that
181 3810 91 25 support
287 3808 20 21 it
316 3806 59 23 shall
388 3807 90 22 everbe
488 3807 36 22 his
531 3806 74 29 'study
616 3811 19 18 to

50 3835 74 22 merit.
379 3848 3 4 •
429 3844 11 9 <•
501 3842 5 5 •
516 3842 4 5 •
581 3839 4 8 l

63 3862 101 21 Familiet
176 3862 47 22 find
242 3862 104 26 Shipping
362 3862 97 25 supplied
467 3875 3 6 .
475 3867 30 19 on,
521 3862 35 20 the
572 3863 54 19 most

145 3903 4 4 ■
166 3900 4 5 '
246 3889 119 21 reasonable
374 3891 77 19 terms.-

52 3933 73 49 ON
139 3932 89 29 SALE*
242 3937 22 18 at
274 3927 46 28 this
330 3933 73 26 office,
414 3933 69 23 blank
494 3935 57 22 Bitt
562 3935 73 22 Books

907 140 159 24 Resfdence.
1100 137 23 22 ~~-
1171 153 5 3 '
1206 170 3 3 .

645 177 74 49 TO
734 177 40 21 BE
787 175 88 26 SOLD,
885 174 59 30 'vjith
959 173 128 22 immediate
1098 168 146 31 '-possession,?
1262 178 2 10 <

696 199 43 29 iVa
747 202 90 28 genteel
847 201 62 22 Villa
923 197 199 29 Residenc'efwith
1139 198 96 28 Garden;
1261 220 2 5 ,

644 230 134 22 •suitable-to
786 236 16 14 a
811 228 64 22 small
884 227 86 28 family.
1070 234 12 5 ~
1093 230 66 30 ol<s
1219 225 27 36 Jjf
1262 238 2 3 •

678 252 222 34 Commands^a^nne
912 253 91 23 viewof
1014 253 39 21 the
1070 252 112 26 Hafbpur,
1193 255 54 26 ap#

651 283 78 23 within
736 281 66 23 three'
808 281 97 23 minutes
913 280 92 32 walkjjof
1011 279 38 22 the
1059 276 180 25 Custom-house?
1257 286 6 15 ?.

679 310 44 22 For
733 308 139 28 particulars;
881 307 67 28 apply
959 306 31 23 to'i
1006 325 5 3 .
1034 324 5 4 .
1126 306 5 3 '
1218 304 30 26 ?«

745 335 4 4 *
852 333 28 28 \'
986 333 36 21 W.
1037 332 175 22 Fitzherbert.
1227 338 20 6 '"

645 373 3 4 •
672 382 3 4 .
680 362 131 24 November
1212 380 22 4 _
1262 368 2 14 :

653 406 140 49 BLANK
978 401 212 30 INDENTURES,
1211 390 34 36 on'
1262 414 2 5 ■

727 440 70 20 paper
805 432 54 22 'and
880 431 140 28 parchmentj
1041 431 41 21 for-
1092 429 46 23 sale
1157 433 24 18 at
1202 429 37 23 the

777 3263 109 23 .Notice
901 3265 30 19 to
948 3263 183 21 Subscribers.

667 3301 79 25 Papers
762 3299 44 20 will
818 3300 36 19 not
868 3299 24 20 be
905 3300 48 19 sent
970 3300 22 19 to
1004 3304 90 20 persons
1106 3299 68 25 living
1190 3300 36 19 out
1235 3300 22 20 of

758 3332 121 24 Nicholson,
896 3331 70 20 unless
981 3333 160 24 arrangements
1153 3338 37 14 are
1199 3332 58 20 made

659 3376 7 11 ,■
691 3365 39 24 for
738 3365 36 20 the
778 3366 102 24 payment
889 3364 28 26 of
922 3362 46 22 the'
967 3371 65 20 same,
1044 3365 94 25 through
1148 3371 28 14 an
1188 3365 69 26 Agent

694 3399 24 18 at
731 3397 146 24 Wellington.'
916 3394 3 3 '
962 3396 14 25 '\
