2529 4029
1223 33 98 31 THE

59 89 461 132 NEW
624 89 877 132 ZEALAND
1607 84 856 142 GAZETTE

1238 251 101 32 AND

59 283 1145 160 WELLINGTON
1318 283 1145 160 SPECTATOR.

591 483 218 33 PUBLISHED
854 483 134 33 EVERY
1032 483 257 33 WEDNESDAY
1332 483 87 33 AND
1468 483 226 33 SATURDAY
1740 483 201 33 MORNING.

587 599 130 30 PORT
740 599 286 38 NICHOLSON,
1048 596 305 35 WEDNESDAY
1376 597 239 40 MORNING,
1639 600 148 31 APRIL
1811 604 29 33 6,
1867 604 88 29 1842.

78 605 64 31 No.
160 604 85 39 130.]

2258 603 98 40 [Vol.
2379 603 68 30 111.

1897 688 39 21 To
1958 689 43 20 the
2023 690 165 25 Merchants,
2211 692 195 26 Ship-owners,
2424 695 54 23 &c,

2049 716 30 21 of
2091 718 65 19 Port
2169 718 159 22 Nicholson.

1894 746 105 47 TD.
2025 746 101 23 PRATT
2148 748 53 27 begs
2216 752 60 18 most
2293 750 144 27 respectfully
2456 754 23 18 to

1943 782 10 11 •
1982 777 78 19 return
2076 775 34 21 his
2122 775 79 21 thanks
2218 776 35 21 for
2270 776 38 21 the
2322 777 89 21 favours
2427 784 53 14 con-

1957 800 72 22 ferred
2046 808 28 14 on
2091 802 53 26 him,
2155 802 64 21 while
2235 803 24 21 in
2277 803 139 30 partnership
2427 804 52 21 with

1895 826 43 21 Mr.
1949 827 25 21 T.
1985 828 84 26 Bevan,
2082 829 44 21 and
2136 828 52 27 begs
2198 833 22 17 to
2230 829 82 21 inform
2324 829 61 22 them
2394 832 48 19 that
2450 830 29 22 he

1896 853 16 21 is
1922 861 51 14 now
1982 855 179 27 manufacturing
2170 863 71 20 ropes,
2253 856 63 27 lines,
2328 857 73 25 twine,
2413 857 26 21 of
2449 857 31 21 all

1896 880 144 27 descriptions
2049 889 5 19 ;
2070 886 58 17 mats
2141 883 26 20 of
2180 883 29 21 all
2225 883 63 26 sizes,
2310 885 39 19 &c.
2388 883 93 27 Fishing

1896 910 48 18 nets
1963 908 64 21 made
2045 909 45 20 and
2108 909 106 27 repaired,
2234 910 44 20 and
2298 916 66 20 every
2383 910 55 21 kind
2458 911 26 20 of

1896 934 75 21 article
1985 934 24 21 in
2027 934 37 22 the
2080 935 69 21 above
2166 935 51 27 line,
2235 936 30 21 all
2281 936 56 22 from
2355 937 54 21 New
2424 937 56 21 Zea-

1896 960 52 21 land
1964 960 52 27 flax,
2028 962 45 21 and
2087 969 29 14 on
2127 962 36 22 the
2173 967 57 17 most
2240 963 129 21 reasonable
2380 963 100 27 charges.

1898 994 41 21 No.
1957 996 18 25 1,
2000 995 229 28 Molesworth-street,
2258 996 144 28 Wellington,
2428 998 53 22 Port

2124 1023 129 22 Nicholson.

1896 1068 50 45 A
1974 1066 131 28 HEWITT,
2118 1068 158 24 Fishmonger,
2288 1068 110 21 Lambton
2407 1069 72 26 Quay,

1951 1104 9 10 •
1978 1093 145 27 Wellington,
2130 1099 86 17 returns
2226 1095 34 21 his
2270 1095 85 21 sincere
2365 1096 82 20 thanks
2457 1101 23 15 to

1896 1119 36 22 the
1952 1120 137 22 inhabitants
2107 1123 22 20 ot
2153 1122 42 21 this
2214 1122 86 27 Colony
2317 1122 35 21 for
2369 1122 38 21 the
2426 1130 55 19 very

1895 1146 77 22 liberal
1990 1151 92 23 support
2098 1148 28 21 he
2140 1148 40 21 has
2195 1148 98 22 hitherto
2308 1149 109 27 received,
2435 1149 46 21 and

1895 1173 53 27 begs
1958 1177 22 18 to
1989 1174 83 22 inform
2082 1175 61 21 them
2152 1175 47 21 that
2214 1175 27 21 he
2252 1176 39 21 has
2300 1176 65 21 made
2375 1183 106 19 arrange-

1895 1205 72 16 ments
1983 1200 35 21 for
2037 1209 12 13 a
2064 1205 102 18 constant
2181 1202 80 27 supply
2281 1202 25 21 of
2326 1202 36 21 the
2383 1202 98 22 choicest

1896 1228 100 20 varieties
2006 1228 26 21 of
2042 1228 50 26 fish,
2110 1228 70 22 which
2197 1230 27 20 he
2241 1229 138 27 confidently
2395 1236 86 14 recom-

1896 1254 78 21 mends
1983 1257 21 18 to
2016 1254 37 22 the
2062 1255 75 26 public
2147 1263 22 13 as
2176 1256 67 26 being
2252 1256 25 20 of
2288 1256 37 21 the
2332 1256 50 20 best
2387 1256 93 26 quality.

1923 1287 81 22 Orders
2015 1288 33 21 for
2058 1289 103 27 shipping
2169 1290 110 26 received,
2294 1289 44 22 and
2349 1290 132 27 punctually

1896 1315 105 21 attended
2011 1318 30 19 to.

2051 1349 97 14 OYSTERS
2162 1350 71 14 FRESH
2249 1350 77 14 DAILY.

1923 1375 62 27 Also,
1997 1383 13 13 a
2020 1376 80 27 supply
2110 1377 25 21 of
2150 1377 126 26 vegetables
2292 1377 60 22 fresh
2366 1377 59 21 from
2442 1377 38 21 the

1896 1402 83 27 garden
1990 1402 68 27 daily.

2119 1455 29 22 H.
2164 1455 93 27 READ,

2032 1490 116 22 Tinman
2160 1492 52 20 and
2222 1492 119 25 Brazier,

1973 1524 61 21 Near
2044 1524 37 21 the
2093 1525 153 26 Court-house,
2258 1525 145 27 Wellington.

2040 1576 141 22 CHARLES
2197 1577 139 27 HARVEY,

2105 1611 99 24 Tailor,
2218 1612 56 23 &c,

2025 1644 113 26 Adjoining
2152 1645 69 19 Kumu
2238 1646 51 19 Toto
2303 1646 55 25 Pah,

2113 1686 157 20 WELLINGTON,

1898 1711 105 49 BEGS
2020 1714 22 19 to
2059 1716 75 18 return
2152 1713 79 22 thanks
2249 1717 23 19 to
2289 1714 37 22 the
2342 1717 81 24 gentry
2437 1714 45 22 and

1973 1739 74 26 public
2060 1739 20 21 of
2092 1739 55 23 New
2157 1740 100 22 Zealand
2266 1741 34 21 for
2308 1742 37 21 the
2354 1744 90 24 support
2453 1741 28 22 he

1898 1765 40 21 has
1953 1766 102 20 received
2070 1766 57 22 from
2144 1767 59 21 them
2219 1769 61 21 since
2294 1768 28 22 he
2337 1768 145 22 commenced

1899 1792 105 26 business,
2023 1793 44 21 and
2087 1793 28 22 he
2133 1802 83 14 assures
2234 1795 60 21 them
2311 1795 48 21 that
2375 1795 17 21 it
2403 1791 26 25 'is
2447 1795 35 22 his

1898 1819 109 21 intention
2019 1824 21 17 to
2051 1821 104 21 continue
2165 1821 33 21 his
2214 1826 60 18 most
2288 1825 117 19 strenuous
2420 1829 62 13 exer-

1898 1847 58 20 tions
1967 1851 21 16 to
1999 1847 66 21 merit
2074 1855 13 13 a
2097 1849 146 21 continuance
2254 1849 26 21 of
2288 1849 55 21 their
2354 1854 127 21 patronage.

1926 1880 23 21 C.
1960 1880 28 21 H.
1999 1880 62 22 takes
2079 1880 42 23 this
2142 1882 142 27 opportunity
2300 1883 26 20 of
2336 1882 82 26 stating
2435 1882 48 21 that

1898 1906 33 21 his
1943 1907 60 22 stock
2015 1908 92 21 consists
2118 1908 25 21 of
2154 1917 13 12 a
2176 1910 58 25 good
2243 1910 85 26 variety
2340 1910 24 21 of
2371 1908 111 28 superfine

1898 1933 76 27 cloths,
1987 1934 110 27 doeskins,
2115 1937 86 25 tweeds,
2217 1936 129 27 moleskins,
2357 1936 125 25 velveteen,

1898 1960 55 28 pilot
1968 1961 66 27 cloth,
2046 1962 40 21 &c.
2097 1963 47 25 &c,
2160 1963 44 21 and
2219 1964 35 21 his
2271 1964 91 26 charges
2375 1964 46 26 (for
2435 1964 48 19 cash

1898 1989 57 24 only)
1967 1988 121 21 moderate.

1988 2033 244 25 GOVERNMENT
2251 2034 139 24 NOTICE.

1898 2072 145 49 NOTICE
2064 2072 27 21 IS
2113 2072 125 22 HEREBY
2254 2072 107 27 GIVEN,
2378 2073 49 22 that
2446 2073 38 23 the

1971 2099 68 21 Couit
2056 2099 25 21 of
2097 2099 93 24 Quarter
2206 2100 99 21 Sessions
2323 2101 121 26 appointed
2461 2106 23 17 to

1897 2126 26 20 be
1940 2125 81 21 holden
2039 2129 22 17 at
2077 2125 140 28 Wellington,
2237 2134 29 14 on
2284 2127 37 21 the
2344 2127 39 21 sth
2401 2128 43 27 day
2460 2129 26 21 of

1898 2153 63 26 April
1972 2157 60 22 next,
2040 2153 45 21 will
2094 2157 40 17 not
2143 2153 26 21 be
2180 2161 24 13 so
2214 2153 89 27 holden,
2311 2154 45 21 and
2363 2154 38 22 the
2409 2155 75 26 jurors

1897 2180 132 21 summoned
2039 2180 85 21 thereto
2134 2180 43 21 will
2187 2185 38 17 not
2235 2181 88 27 require
2334 2186 22 16 to
2366 2182 50 26 give
2427 2183 57 21 *heir

1898 2207 130 21 attendance
2039 2207 62 21 there
2117 2214 28 14 on
2161 2207 48 21 that
2225 2207 51 27 day,
2290 2208 39 21 but
2346 2212 30 17 all
2392 2214 91 21 pdr»ofts

1898 2234 69 20 under
1981 2235 159 26 recognizance
2157 2239 21 16 to
2198 2242 82 19 appear
2294 2242 24 14 as
2336 2241 146 21 prosecutors,

1898 2265 118 22 witnesses,
2028 2268 24 14 or
2063 2261 128 21 defendants
2201 2261 76 22 before
2288 2261 54 22 such
2359 2263 74 27 Court,
2446 2272 36 13 are

1898 2292 40 17 not
1948 2288 130 27 discharged
2095 2288 25 21 of
2133 2288 55 22 their
2202 2289 169 27 recognizance;
2389 2290 40 21 but
2439 2291 45 21 will

1898 2315 27 21 be
1935 2315 103 27 required
2047 2319 22 17 to
2079 2315 50 26 give
2140 2315 58 21 their
2214 2316 133 21 attendance
2357 2320 23 18 at
2388 2317 39 21 the
2437 2317 47 22 first

1899 2342 68 22 Court
1977 2343 24 20 of
2014 2343 105 21 Criminal
2133 2342 129 22 Judicature
2279 2347 21 17 to
2316 2343 27 21 be
2360 2343 83 23 holden
2461 2348 23 18 at

1901 2369 141 27 Wellington,
2054 2376 28 14 on
2093 2369 36 21 the
2140 2369 57 21 third
2207 2369 103 28 Tuesday
2321 2370 26 20 of
2354 2371 64 27 April
2428 2376 56 17 next

1900 2397 76 26 (being
1992 2397 36 21 the
2044 2397 59 21 22nd
2120 2397 117 26 proximo,)
2249 2400 23 18 at
2289 2397 52 21 nine
2359 2397 85 22 o'clock
2458 2399 26 21 in

1899 2423 37 22 the
1952 2424 114 25 forenoon,
2079 2423 44 21 and
2137 2423 36 21 the
2183 2423 78 23 Jurors
2277 2424 45 22 will
2338 2425 87 21 receive
2441 2425 42 22 due

1899 2451 72 22 notice
1981 2451 35 21 for
2026 2451 56 21 their
2093 2451 134 22 attendance.

2065 2486 94 22 Robert
2173 2486 28 22 R.
2216 2487 101 26 Strang,

2209 2513 66 22 Clerk
2289 2515 25 20 of
2325 2514 37 22 the
2377 2514 80 23 Peace.

1900 2541 68 21 Court
1978 2541 83 25 House,
2072 2540 140 27 Wellington,
2225 2541 80 21 March
2316 2543 32 24 28,
2361 2543 60 20 1842.

1991 2587 244 24 GOVERNMENT
2253 2587 141 24 NOTICE.

2136 2626 73 21 Police
2220 2625 78 28 Office,
2311 2626 145 28 Wellington,

2195 2654 81 21 March
2287 2654 31 26 15,
2331 2656 59 19 1842.

1979 2687 112 21 Annual
2105 2687 147 27 Licensing
2268 2687 133 27 Meeting.

1898 2721 146 50 NOTICE
2069 2721 27 22 IS
2122 2721 127 21 HEREBY
2275 2721 108 27 GIVEN,
2403 2721 48 22 that
2471 2729 13 14 a

1990 2748 98 22 General
2106 2748 98 26 Meeting
2222 2748 26 21 of
2263 2748 96 21 Justices
2378 2748 26 21 of
2419 2748 65 27 Petty

1900 2776 102 26 Sessions,
2016 2776 74 26 acting
2100 2775 22 21 in
2140 2776 42 20 and
2195 2775 33 20 for
2246 2775 37 21 the
2301 2774 84 22 district
2395 2775 25 21 of
2432 2775 52 21 Port

1899 2802 127 26 Nicholson,
2042 2802 44 21 will
2096 2802 28 21 be
2134 2802 51 21 held
2195 2804 22 19 at
2227 2801 43 22 this
2287 2802 70 21 Office
2373 2809 28 14 on
2415 2802 69 21 Tues-

1899 2829 49 27 day,
1964 2829 36 22 the
2019 2829 49 22 19th
2086 2829 41 27 day
2138 2829 24 21 of
2170 2828 69 28 April,
2256 2830 58 24 1842,
2333 2832 22 17 to
2371 2828 51 21 take
2436 2828 46 21 into

1898 2856 161 21 consideration
2074 2857 54 20 such
2138 2856 141 27 applications
2288 2856 36 21 for
2340 2855 104 22 Licenses
2460 2862 24 13 as

1898 2891 47 19 may
1955 2886 49 18 have
2019 2885 48 19 been
2077 2884 71 25 lodged
2157 2884 50 19 with
2217 2889 32 14 me
2266 2889 25 13 on
2301 2889 25 13 or
2340 2883 69 25 before
2420 2883 63 20 Tues-

1898 2912 47 25 day,
1957 2912 36 21 the
2002 2912 38 20 sth
2055 2911 43 26 day
2104 2910 25 21 of
2143 2910 63 27 April
2212 2912 61 24 next,
2283 2910 70 21 under
2359 2909 124 27 provisions

1898 2939 24 21 of
1936 2942 37 18 the
1988 2939 45 20 Act
2047 2938 24 21 of
2089 2938 94 24 Council,
2201 2938 13 21 2
2231 2936 107 26 Victoria,
2357 2936 43 22 No.
2412 2938 32 25 18,
2460 2936 27 22 of

1899 2968 58 19 1838.

2060 2991 94 21 Robert
2169 2990 27 21 R.
2212 2990 100 26 Strang,

2166 3016 65 22 Clerk
2242 3016 25 21 of
2275 3016 64 27 Petty
2350 3017 104 22 Sessions.

2120 3061 237 27 Surveyor-General's
2374 3061 79 27 Office,

2189 3088 80 21 March
2279 3089 20 25 5,
2311 3089 60 21 1842.

1970 3124 38 20 To
2024 3122 183 22 Landowners
2222 3122 55 20 and
2292 3122 116 26 Agents.

1898 3157 144 50 NOTICE
2065 3156 26 21 IS
2112 3155 126 21 HEREBY
2258 3155 106 27 GIVEN,
2385 3155 49 22 that
2453 3164 29 14 on

1977 3183 124 27 Thursday,
2112 3182 38 22 7th
2160 3182 63 27 April
2234 3187 61 22 next,
2307 3183 96 21 sections
2413 3183 22 21 in
2445 3183 37 21 the

1898 3211 95 23 districts
2013 3210 24 21 of
2054 3210 134 26 Manewatu,
2209 3209 93 26 Ohariu,
2323 3209 44 22 and
2390 3209 92 23 Porirua

1898 3239 44 21 will
1956 3239 26 21 be
2000 3237 83 22 offered
2101 3237 33 21 for
2150 3236 106 22 selection
2273 3240 23 17 at
2312 3236 43 22 this
2372 3236 71 22 Office
2459 3241 23 17 at

1898 3267 24 21 11
1933 3264 85 22 o'clock
2028 3271 48 14 a.m.
2106 3263 136 27 Proprietors
2256 3267 40 17 not
2311 3263 84 26 having
2405 3267 77 23 agents

1898 3296 88 24 present
2000 3295 23 17 at
2040 3290 37 22 the
2094 3290 54 22 time
2163 3291 25 20 of
2201 3290 107 22 selection
2324 3290 44 22 will
2386 3291 27 21 be
2430 3298 52 13 con-

1898 3319 85 22 sidered
1997 3321 23 19 to
2030 3317 57 22 have
2097 3317 104 22 reserved
2209 3317 58 21 their
2277 3317 87 22 choices
2373 3317 35 21 for
2417 3317 64 21 lands

1897 3350 37 23 yet
1950 3344 149 28 unsurveyed.
2129 3344 66 22 Plans
2211 3345 26 20 of
2248 3344 38 22 the
2301 3344 94 22 sections
2410 3343 23 21 in
2443 3343 38 22 the

1898 3373 83 21 district
1994 3372 25 21 of
2027 3372 134 26 Manewatu,
2169 3378 51 20 may
2230 3372 28 21 be
2268 3378 53 14 seen
2329 3373 23 19 at
2362 3370 42 21 this
2410 3369 71 22 Office

1898 3408 27 14 on
1938 3399 100 27 Monday
2047 3402 56 18 next
2117 3399 44 21 and
2175 3398 114 26 following
2299 3397 53 26 days
2359 3404 5 19 ;
2380 3396 62 22 those
2457 3397 24 21 in

1897 3427 37 21 the
1944 3426 95 22 districts
2049 3426 26 21 of
2089 3426 91 21 Porirua
2188 3425 46 22 and
2244 3425 84 21 Ohariu
2340 3430 29 14 on
2380 3423 101 28 Monday

1898 3454 51 21 14th
1959 3453 44 22 and
2013 3453 114 26 following
2137 3453 61 26 days.

2059 3486 36 21 W.
2111 3486 33 21 M.
2159 3486 82 26 Smith,
2258 3484 61 26 Capt.
2331 3483 67 27 R.A.,

2204 3529 3 7 ,
2223 3510 228 27 Surveyor-General.

2127 3554 235 28 Surveyor-General's
2373 3554 78 27 Office,

2194 3581 80 23 March
2284 3583 33 25 18,
2328 3583 61 21 1842.
2410 3587 3 5 •

2046 3610 161 24 Additional
2221 3609 110 21 Notice.

1915 3648 16 21 A
1950 3648 14 21 S
1978 3646 64 23 THE
2057 3634 138 34 NUMBER'
2203 3642 38 22 OF
2256 3641 148 22 SECTIONS
2419 3644 23 18 to
2451 3640 30 23 be

1897 3674 51 23 jOL
1959 3674 66 27 given
2037 3677 38 19 out
2084 3673 23 22 in
2117 3670 63 29 April
2189 3672 62 24 next,
2260 3669 47 21 will
2315 3669 26 22 be
2352 3675 54 20 very
2411 3667 70 28 large,

1898 3701 45 22 and
1952 3702 18 21 it
1979 3701 44 22 will
2031 3701 29 22 he
2068 3696 125 31 impossible
2203 3700 22 17 to
2232 3702 31 20 £0
2274 3695 95 26 through
2380 3695 61 21 them
2451 3695 32 21 all

1897 3729 23 21 in
1931 3735 42 15 one
1983 3728 51 28 day,
2045 3728 18 21 it
2071 3726 27 22 is-
2107 3723 104 24 intended
2221 3728 23 16 to
2260 3722 50 27 give
2321 3726 39 17 out
2369 3725 44 20 tw.o
2423 3721 59 22 hun-

1898 3755 55 22 dred
1962 3756 100 21 Sections
2072 3760 30 14 on.
2119 3752 36 21 the
2172 3750 37 23 7lh
2226 3749 27 22 of
2263 3748 70 28 April,
2345 3748 45 22 and
2400 3748 38 22 the
2446 3756 36 14 re-

1898 3782 101 23 mainder
2015 3782 38 23 the
2068 3783 56 20 next
2134 3778 44 26 ,day
2180 3788 27 4 —
2208 3776 38 23 the
2262 3776 107 21 selection
2386 3779 23 18 to
2420 3782 61 15 com-

1898 3816 77 16 mence
1984 3815 30 15 on
2024 3806 55 23 both
2089 3806 54 27 days
2152 3809 22 18 at
2180 3804 81 22 eleven
2272 3802 94 28 o'clock,
2375 3810 52 15 a.m.
2452 3813 4 3 •

2094 3839 37 23 W.
2141 3837 33 23 M.
2185 3837 83 25 Smith,
2279 3836 69 22 Capt.
2360 3836 68 27 R.A.,
2461 3853 6 4 -

2225 3862 231 29 Surveyor-General.

1902 3912 121 55 SEEDS,
2034 3911 38 24 the
2080 3909 98 28 produce
2190 3909 27 22 of
2229 3908 39 23 the
2284 3909 94 28 Colony,
2387 3907 36 27 for
2437 3907 48 26 lilt

860 690 163 20 Manewatu
1030 689 5 21 !
1044 689 4 21 !
1057 690 5 20 !

668 723 92 49 ONE
772 723 25 21 of
804 723 36 21 the
852 724 87 21 earliest
950 723 88 23 choices
1051 723 24 21 in
1085 723 44 21 this
1139 722 86 22 district
1232 722 19 21 is

746 750 81 22 offei-ed
837 751 34 21 for
881 751 46 21 sale
937 751 30 27 by
977 751 84 26 private
1071 752 105 19 contract.

693 776 46 22 The
749 777 119 28 purchaser
877 778 45 21 will
937 777 58 21 have
1011 777 36 21 the
1064 777 75 26 option
1150 775 69 22 either
1230 776 24 21 of

666 804 134 27 purchasing
816 805 21 21 in
847 804 44 22 this
908 804 92 25 district,
1012 811 25 13 or
1047 804 25 20 of
1086 803 113 26 reserving
1214 802 38 22 the

667 830 82 27 choice,
760 831 72 22 which
844 831 73 22 would
925 830 108 28 probably
1044 830 74 21 entitle
1130 829 37 22 the
1183 831 68 20 fortu-

828 862 50 18 nate
890 858 119 26 purchaser
1019 860 22 17 to
1052 857 37 21 the

803 892 124 21 FIRST
956 890 161 22 CHOICE

831 918 23 21 in
863 925 44 20 any
921 918 63 21 other
995 917 88 21 district.

734 944 64 22 Price
809 945 31 24 £3
850 952 39 20 per
899 952 56 19 acre,
967 944 44 21 and
1021 948 67 17 terms
1097 944 85 21 liberal.

692 970 47 22 The
751 972 107 21 attention
873 971 26 21 of
914 971 126 27 capitalists,
1057 971 44 21 and
1117 979 62 14 more
1190 978 60 20 espe-

666 998 66 26 cially
742 998 26 21 of
779 997 64 22 small
859 998 99 26 farmers,
977 998 18 21 is
1010 998 141 26 particularly
1164 998 86 22 invited

666 1027 22 17 to
706 1024 44 21 this
767 1026 149 26 opportunity,
932 1032 25 14 as
976 1024 84 22 several
1079 1025 71 27 might
1169 1025 82 22 advan-

665 1051 114 27 tageously
799 1051 100 22 combine
920 1056 21 17 to
960 1051 108 27 purchase
1087 1059 23 14 so
1133 1052 86 27 eligible
1238 1060 14 13 a

666 1077 82 27 choice,
760 1078 55 21 such
831 1078 61 28 early
901 1078 89 23 choices
1005 1078 67 28 being
1087 1079 72 27 rarely
1170 1079 81 22 offered

666 1104 32 20 for
710 1105 52 21 sale.

693 1131 43 21 For
753 1132 87 21 further
856 1132 140 28 particulars,
1014 1132 66 27 apply
1094 1136 23 17 to
1134 1133 26 22 R.
1178 1134 71 25 Park,

666 1158 60 27 Esq.,
743 1163 23 16 at
784 1158 34 22 his
837 1160 122 25 residence,
979 1167 24 14 or
1022 1163 23 17 at
1064 1159 38 22 the
1122 1160 129 27 Surveyor's

666 1186 71 20 Oih'ce
748 1193 27 13 on
787 1186 37 21 the
835 1186 43 26 day
890 1187 25 20 of
922 1186 52 21 sale.

667 1231 159 48 GEORGE
852 1231 124 27 BRIGGS,
1000 1232 110 25 Painter,
1138 1233 111 26 Glazier,

774 1259 43 20 and
847 1259 191 25 Paper-hanger,
1066 1259 182 27 Murphy-street,

665 1283 144 28 Wellington,
821 1289 87 18 returns
924 1285 35 22 his
976 1286 85 20 sincere
1075 1285 80 22 thanks
1171 1290 22 18 to
1212 1286 38 21 the

664 1311 134 22 inhabitants
817 1313 25 20 of
857 1313 54 21 Port
930 1313 122 21 Nicholson
1070 1312 35 21 for
1122 1313 36 21 the
1174 1313 76 22 liberal

664 1344 90 21 support
769 1339 28 21 he
814 1339 38 21 has
866 1339 104 21 received
985 1340 60 20 since
1061 1338 34 22 his
1111 1347 139 15 commence-

663 1370 61 16 ment
738 1366 23 20 in
777 1366 100 22 business
887 1367 22 20 in
920 1367 42 20 this
978 1366 90 27 Colony,
1080 1366 45 22 and
1136 1367 73 26 hopes,
1221 1369 29 25 by

663 1393 62 20 strict
735 1393 107 21 attention
853 1398 22 16 to
884 1393 82 26 orders,
976 1397 22 17 to
1007 1394 65 20 merit,
1080 1401 12 13 a
1104 1395 145 21 continuance

664 1419 25 21 of
697 1419 36 21 the
747 1427 69 14 same.

895 1466 118 19 Wanted

664 1500 50 47 A
730 1499 72 21 MAN
817 1499 42 21 and
877 1499 34 21 his
927 1499 82 21 WIFE
1024 1506 24 14 as
1063 1499 66 21 house
1146 1503 103 18 servants.

753 1526 75 27 Apply
837 1530 20 17 to
869 1527 45 20 Mr.
925 1526 81 26 Watt,
1019 1527 146 27 Berhampore
1177 1527 71 21 Farm.

893 1579 127 25 Wanted,

665 1614 50 47 A
730 1612 132 21 NUMBER
878 1612 39 22 OF
934 1613 153 22 WHALERS
1099 1617 21 18 to
1132 1621 84 20 engage
1226 1614 23 21 in

743 1640 106 21 Barrett's
859 1640 92 27 Fishery
963 1645 23 16 at
996 1641 116 22 Taranaki.
1143 1642 74 26 Apply
1227 1644 22 18 to

821 1674 130 27 Ridgways,
970 1675 105 27 Guyton,
1091 1675 45 22 and
1150 1675 71 21 Earp.

811 1741 3 4 ■
831 1728 90 20 Beach
938 1729 144 25 Frontage.

668 1762 64 47 TO
748 1762 38 21 BE
802 1762 64 26 LET,
882 1762 70 21 beach
964 1762 100 26 frontage
1079 1763 43 21 lots
1134 1763 22 20 in
1167 1762 84 22 section

738 1791 41 19 490
790 1797 27 13 on
835 1789 36 21 the
884 1789 54 21 Plan
950 1789 26 21 of
984 1789 36 21 the
1031 1790 66 21 Town
1113 1790 26 21 of
1146 1790 105 25 Welling-

664 1821 45 21 ton,
722 1816 114 26 adjoining
848 1816 42 21 Mr.
899 1816 89 21 Taine's
997 1820 66 22 store;
1080 1816 44 21 and
1134 1817 22 20 in
1168 1817 82 21 section

664 1845 46 25 610,
720 1844 99 21 bi'tween
829 1844 74 26 Major
913 1844 90 20 Baker's
1014 1843 43 21 and
1066 1844 44 21 Mr.
1118 1844 133 21 Swainson's

664 1870 86 21 houses.

692 1898 54 20 Also
757 1897 38 21 the
804 1897 113 27 following
927 1897 96 21 sections
1033 1905 29 13 on
1072 1898 37 20 the
1118 1898 54 21 Plan
1182 1898 25 20 of
1214 1896 37 22 the

664 1924 75 26 Town,
751 1932 46 13 viz:
800 1935 28 4 —

767 1952 26 19 55
930 1953 23 18 31
959 1952 13 19 0
1121 1952 40 19 922

753 1979 42 20 240
931 1979 41 19 718
1109 1979 53 20 1079

690 2004 75 27 Apply
781 2012 22 13 to
1260 2019 2 11 ,

840 2032 26 20 E.
883 2031 21 21 J.
921 2030 150 28 Wakeheld,
1087 2038 24 14 or

839 2065 36 20 W.
891 2065 28 21 V.
936 2065 107 26 Brewer,
1058 2065 191 21 Manners-street.

664 2120 121 25 Country
801 2119 124 20 Sections
945 2119 43 19 for
1008 2119 60 19 Sale
1089 2124 36 14 on
1145 2119 106 19 Liberal

909 2146 102 19 Terms.

666 2179 164 49 SEVERAL
865 2179 101 21 Sections
996 2179 24 21 of
1052 2179 99 26 Country
1180 2179 71 26 Land,

729 2207 90 26 already
831 2206 82 22 chosen
923 2207 23 20 in
957 2206 38 21 the
1009 2207 92 21 Porirua
1116 2206 90 26 district,
1218 2206 34 21 for

664 2233 57 28 Sale,
734 2241 74 14 terms
819 2241 104 13 liberal.
953 2233 76 28 Apply
1040 2237 22 17 to

760 2268 24 21 F.
800 2268 28 21 A.
842 2268 173 24 Moleswortii,
1033 2266 183 28 Murphy-street,
1228 2274 24 13 or

758 2301 37 22 W.
811 2302 26 21 V.
854 2302 107 26 Brewer,
974 2302 193 20 Manners-street.

664 2355 144 48 LAND
831 2354 260 22 AGENCIES.—
1091 2353 40 21 TO
1155 2353 97 21 LAND-

741 2382 182 21 HOLDERS.—
922 2381 49 21 The
990 2380 156 27 Undersigned
1164 2381 43 26 beg
1230 2383 22 19 to

664 2410 54 21 offer
728 2409 132 21 themselves
871 2412 22 18 to
903 2408 59 21 their
971 2407 85 22 friends
1066 2408 44 21 and
1125 2407 37 21 the
1179 2407 73 27 public

664 2444 23 14 as
697 2437 87 26 Agents
794 2436 34 22 for
837 2436 38 21 the
886 2435 96 28 disposal
991 2435 25 21 of
1021 2435 70 21 Town
1101 2435 45 21 and
1154 2435 98 27 Country

664 2463 82 27 Lands,
758 2463 45 21 and
812 2466 57 18 trust
878 2463 58 21 their
946 2461 97 23 colonial
1054 2462 132 27 experience
1201 2469 51 20 may

664 2491 77 21 entitle
751 2490 63 22 them
823 2493 22 19 to
856 2498 13 14 a
881 2489 64 22 share
956 2489 27 21 of
993 2489 37 21 the
1039 2489 74 27 public
1124 2492 128 24 patronage.

690 2524 63 28 They
764 2525 45 21 will
817 2525 28 21 be
854 2524 75 27 happy
939 2527 23 18 to
972 2530 94 20 arrange
1079 2525 34 19 for
1124 2523 44 21 and
1179 2531 74 19 super-

662 2552 80 22 intend
751 2552 38 21 the
799 2559 92 19 surveys
898 2550 45 23 and
950 2550 160 22 sub-divisions
1118 2550 26 21 of
1150 2550 36 21 the
1192 2550 60 21 land.

664 2580 89 21 Liberal
764 2579 109 21 advances
884 2578 45 21 will
941 2578 30 21 be
986 2577 65 22 made
1062 2585 28 14 on
1099 2577 66 22 lands
1174 2577 79 27 placed

663 2607 23 21 in
697 2607 57 21 their
764 2606 71 22 hands
842 2606 34 21 for
884 2606 53 21 sale.
966 2604 64 28 They
1037 2604 44 22 will
1089 2604 47 22 also
1145 2605 26 20 be
1180 2606 71 25 happy

664 2638 21 17 to
697 2634 64 21 assist
770 2633 135 28 proprietors
915 2632 23 21 in
948 2632 87 26 leasing
1045 2632 58 21 their
1111 2632 73 21 lands.

945 2667 64 20 John
1019 2666 45 21 and
1076 2666 58 21 Geo.
1145 2665 80 22 Wadb.

877 2712 165 27 ■Wanganui.

666 2745 87 49 FOR
768 2745 84 22 SALE.
854 2757 28 3 —
883 2745 65 21 Land
966 2745 101 21 between
1087 2751 42 15 one
1149 2743 44 22 and
1211 2747 42 17 two

737 2773 65 21 miles
819 2773 23 21 of
855 2772 37 22 the
908 2771 111 27 township
1037 2775 23 17 at
1079 2771 127 26 Wanganui
1220 2771 34 20 for

665 2800 51 26 sale,
727 2799 24 22 in
761 2799 77 21 blocks
849 2799 25 21 of
885 2799 43 21 five
939 2806 63 14 acres
1015 2798 42 21 and
1073 2798 108 27 upwards,
1194 2805 23 14 or
1232 2800 21 18 to

664 2827 32 20 let
706 2834 28 13 on
747 2834 55 19 very
814 2826 77 21 liberal
902 2829 76 22 terms,
989 2825 53 21 with
1052 2825 37 21 the
1103 2825 59 26 right
1172 2825 26 21 of
1204 2832 50 20 pur-

665 2853 73 22 chase.
768 2853 75 27 Apply
854 2857 22 17 to
886 2853 28 21 R.
926 2852 66 27 Park,
1004 2852 60 27 Esq.,
1073 2860 25 13 or
1108 2855 23 18 to

1005 2886 23 21 J.
1043 2885 44 22 and
1103 2886 28 21 G.
1147 2885 80 22 Wade.

666 2931 156 27 Wanganui
844 2932 78 20 Land
945 2932 94 25 Agent
1059 2931 54 19 and
1138 2930 115 21 General

784 2957 186 22 Commission
984 2958 152 20 Merchant.

667 2993 91 49 THE
777 2992 152 26 undersigned
947 2992 55 26 begs
1019 2994 23 18 to
1056 2990 54 22 offer
1127 2990 92 22 himself
1231 2994 22 17 to

741 3020 37 21 the
795 3019 74 27 public
885 3027 24 13 as
926 3018 65 22 Land
1004 3018 76 26 Agent
1096 3017 45 22 and
1157 3018 97 21 General

666 3047 148 21 Commission
837 3046 120 21 Merchant
984 3046 35 21 for
1046 3045 38 21 the
1112 3044 86 22 district
1232 3045 26 21 of

666 3074 135 26 Wanganui.
830 3074 37 21 He
878 3073 40 22 has
927 3074 59 21 been
997 3072 34 21 for
1040 3072 37 21 the
1087 3072 44 21 last
1138 3073 14 20 9
1164 3071 90 22 months

666 3108 29 14 on
713 3101 37 21 the
766 3101 55 21 staff
834 3100 122 28 surveying
972 3099 49 22 that
1040 3099 91 26 district,
1151 3098 44 22 and
1214 3098 39 22 has

666 3128 162 28 consequently
837 3128 66 22 been,
906 3126 96 22 enabled
1014 3129 21 18 to
1052 3126 90 26 acquire
1151 3129 102 18 accurate

666 3155 143 21 information
826 3154 125 29 respecting
966 3154 38 21 the
1020 3153 62 22 land.
1110 3152 61 26 This,
1182 3152 72 22 added

667 3185 22 18 to
700 3183 37 21 the
748 3181 131 28 experience
889 3181 29 22 he
927 3181 41 21 has
978 3180 45 22 had
1031 3180 24 21 in
1066 3176 106 26 Scotland
1182 3180 23 21 in
1216 3179 37 22 the

666 3213 159 23 management
840 3209 26 21 of
880 3208 56 22 land
953 3208 45 22 and
1014 3207 69 27 stock,
1094 3207 28 21 he
1134 3210 66 18 trusts
1210 3206 43 21 will

667 3236 79 22 enable
756 3236 48 22 him
814 3239 22 18 to
847 3235 28 22 do
886 3242 67 20 every
960 3234 82 28 justice
1052 3238 22 18 to
1084 3234 34 22 his
1129 3234 124 27 employers

666 3263 23 21 in
709 3263 37 21 the
765 3263 107 21 selection
896 3270 25 13 or
941 3262 109 27 purchase
1075 3261 25 21 of
1120 3260 60 22 land.
1216 3260 36 21 He

667 3289 84 22 flatters
774 3289 96 27 himself,
891 3289 48 21 that
963 3288 35 22 his
1017 3288 161 27 acquaintance
1200 3286 53 22 with

666 3316 92 27 general
772 3317 101 21 business
884 3315 44 22 will
945 3315 81 22 enable
1041 3315 47 22 him
1099 3319 22 17 to
1131 3315 50 27 give
1191 3314 62 21 satis-

666 3343 84 22 faction
767 3347 22 17 to
800 3343 61 21 those
873 3342 49 22 who
937 3349 53 20 may
1000 3342 91 27 consign
1108 3342 70 27 goods
1189 3344 21 18 to
1219 3340 35 22 his

667 3371 81 26 charge
758 3371 34 21 for
802 3369 52 23 sale.
884 3368 61 22 With
958 3376 14 14 a
981 3369 56 21 view
1046 3373 23 17 to
1085 3369 84 26 adding
1183 3371 22 18 to
1219 3368 34 21 his

666 3397 103 22 facilities
776 3397 24 21 in
810 3395 113 28 disposing
933 3396 26 21 of
965 3395 63 22 stock
1035 3395 45 23 and
1089 3394 164 28 merchandize,

666 3425 29 21 he
704 3425 41 21 has
755 3424 68 22 taken
833 3427 39 19 out
882 3430 29 14 an
921 3423 157 21 Auctioneer's
1088 3422 103 22 Licence.

1028 3455 61 22 John
1107 3456 120 21 Cameron.

694 3492 45 22 Kai
748 3498 71 16 warra
828 3498 76 19 warra,
915 3490 127 22 December
1050 3491 34 25 31,
1092 3491 61 20 1841.

767 3538 104 21 Nelson
887 3536 77 21 Land
979 3535 145 27 Agencies.

667 3571 91 50 THE
773 3569 152 28 undersigned
938 3569 45 27 beg
992 3572 22 18 to
1025 3569 53 21 offer
1088 3568 133 22 themselves
1231 3569 22 20 to

741 3599 38 21 the
789 3597 74 28 public
874 3604 24 14 as
908 3600 79 23 agents
997 3596 34 21 for
1040 3596 38 21 the
1088 3596 107 21 selection
1210 3594 44 22 and

666 3625 97 28 disposal
773 3625 25 21 of
806 3628 58 18 town,
874 3623 46 22 and
929 3626 95 23 country
1040 3623 65 21 lands
1114 3623 25 21 in
1150 3622 38 22 the
1205 3629 49 14 new

666 3653 128 22 settlement
821 3652 26 21 of
871 3651 94 21 Nelson.
1004 3649 75 28 Apply
1103 3653 22 18 to
1148 3648 105 27 Wallace,

668 3680 81 27 White,
760 3679 45 22 and
815 3677 106 27 Wallace,
932 3676 146 27 Wellington.

788 3713 122 22 Patciiett
924 3710 45 23 and
984 3710 91 27 White,
1086 3710 65 22 Land
1160 3710 93 27 Agents,

966 3744 93 23 Nelson.

692 3774 132 27 December,
836 3774 62 22 1841.

777 3819 77 22 Land
869 3818 117 26 Agency
995 3818 29 20 at
1037 3816 113 21 Nelson.

665 3853 107 50 JOHN
795 3852 36 21 W.
850 3849 191 27 BARNICOAT,
1066 3843 187 34 Survkyor'aKi^

730 3881 66 21 Civil
810 3879 131 24 Engineer,
957 3876 94 26 Nelson,
1068 3874 45 22 will
1132 3874 28 22 be
1172 3872 81 33 %app)f

665 3912 22 17 to
699 3913 85 20 engage
798 3903 93 24 himself
903 3903 24 22 in
937 3903 40 21 the
986 3902 71 21 above
1070 3900 88 23 named,
1167 3907 87 21 capnci?

665 3935 48 25 ties,
725 3940 24 15 as
758 3940 30 14 an
803 3935 67 24 agent
878 3932 37 21 for
924 3930 38 22 the
972 3928 107 22 selection
1089 3928 25 22 of
1123 3926 62 28 land,
1193 3926 59 26 win

670 3968 43 21 any
724 3959 64 24 other
798 3966 48 20 way
855 3956 126 25 eonmeted
991 3955 52 23 with
1051 3954 35 24 hit
1101 3953 139 30 profession*.

195 697 53 21 For
263 695 105 21 Nelson
383 694 103 22 Haven,

54 726 106 35 **&$-.
200 731 92 30 npHE
308 730 88 22 WELL
412 727 118 23 KNOWN
546 727 87 26 regular

71 751 110 38 JaJlfaSk
207 749 29 31 JL
260 758 81 27 packet
356 756 113 24 Pickwick,
481 755 62 27 Capt.
554 754 78 27 Styles,

50 779 148 38 /*SeJH»
212 785 43 22 will
276 784 39 22 sail
338 784 24 21 in
382 791 13 14 a
412 783 42 21 few
472 782 53 27 days
544 781 34 22 for
597 781 36 21 the

48 809 150 32 flgjßgßjflgg
214 813 69 21 above
295 812 53 21 Port
356 819 4 19 ;
376 810 84 27 having
472 816 53 20 very
536 808 97 28 superior

48 832 150 37 q£g|j^j^p
213 838 191 23 accommodation
414 837 34 21 for
457 843 137 21 passengers.

73 870 43 20 For
126 869 82 27 freight
217 874 25 15 or
249 873 100 21 passage,
361 864 65 28 apply
437 867 22 18 to

306 900 36 21 W.
358 900 25 21 B.
400 899 94 22 Rhodes
509 897 44 21 and
568 897 37 21 Co.

45 948 56 20 The
115 948 172 26 Wellington
302 946 55 20 and
371 942 147 23 Auckland
532 942 102 20 Packet

226 974 83 20 Sarah

85 1005 78 34 >*3§^
213 1012 43 17 rri
262 1010 51 20 HIS
336 1009 45 20 fine
403 1007 44 21 fast
466 1005 79 26 sailing
563 1004 71 22 vessel

75 1029 107 37 jfiS/Tjls.
219 1029 30 29 JL
280 1035 44 21 will
332 1035 28 21 be
371 1032 134 28 despatched
515 1032 33 20 for
557 1031 76 21 Auck-

72 1054 131 40 f]F/§fs|g'
223 1062 53 22 land
295 1062 23 20 in
342 1061 101 21 fourteen
468 1059 60 26 days,
553 1057 81 32 haying

59 1082 145 36 ijlgVPjypL!!!
224 1097 56 19 very
305 1087 98 28 superior
431 1084 202 24 accommodations

47 1106 162 37 S§£sSS^
224 1116 34 21 for
277 1121 137 22 passengers.
449 1113 43 21 For
510 1111 81 26 freight
610 1118 23 14 or

227 1149 100 20 passage,
339 1141 64 27 apply
414 1144 22 17 to
451 1139 37 22 the
501 1139 132 26 undersign-

44 1171 35 27 ed,
92 1178 24 14 or
126 1174 22 18 to
159 1171 44 21 Mr.
212 1169 106 22 Maxwell
330 1176 28 13 on
369 1167 74 22 board.

304 1203 35 21 W.
356 1202 26 21 B.
398 1202 94 21 Rhodes
507 1200 44 21 and
567 1200 37 21 Co.

72 1231 79 22 March
162 1233 33 24 23,
209 1232 60 20 1812.

221 1277 54 20 For
297 1274 158 23 Auckland,

200 1312 28 19 To
243 1310 41 19 sail
297 1310 23 19 in
334 1315 13 14 a
355 1308 46 25 few
417 1308 57 25 days,

221 1348 92 49 THE
337 1346 44 21 fine
400 1346 47 20 first
471 1344 55 22 class
549 1344 82 26 barque

315 1376 52 19 New
393 1374 56 19 York
472 1373 85 24 Packet,
583 1372 47 25 269,

78 1398 115 35 lj£§3s^sv
232 1402 94 27 Captain
338 1402 112 25 Gregory;
471 1399 40 21 has
522 1398 111 21 excellent

75 1421 132 38 rTFJSf'sig'
232 1428 192 22 accommodation
443 1427 34 20 for
493 1432 137 21 passengers,

233 1456 43 21 For
286 1455 82 27 freight
383 1462 24 13 or
423 1461 96 20 passage,
532 1452 66 27 apply
609 1456 22 17 to

234 1483 36 21 the
283 1482 93 28 Captain
388 1489 28 14 on
432 1480 76 26 board,
520 1487 24 14 or
555 1484 21 16 to

277 1517 74 26 Hort,
368 1516 121 25 Mocatta,
506 1513 45 22 and
566 1513 38 21 Co.

71 1551 32 22 Te
114 1552 55 25 Aro,
178 1551 79 22 March
269 1553 20 24 0,
299 1551 61 21 1842.

194 1597 53 20 For
263 1597 108 24 Sydney
387 1595 94 20 direct.

52 1632 105 28 .^T^LgL
198 1630 93 21 rriHE
314 1630 45 21 fine
380 1629 43 20 fast
447 1628 80 26 sailing
550 1627 82 27 barque

76 1651 95 27 JSMffIL
205 1650 29 28 JL
272 1658 79 24 Bright
367 1657 82 25 Planet,
462 1657 41 20 200
518 1658 49 17 tons
581 1654 51 21 bur-

212 1685 59 26 then,
284 1685 60 20 John
362 1684 108 20 Morrison
482 1681 148 26 commander,

43 1707 149 34 TOie!JSS»~-
210 1711 44 21 w^
265 1711 40 21 sa^
315 1710 117 27 positively
442 1717 28 13 on
478 1708 82 27 Friday
571 1711 60 23 next,

43 1731 150 40 J£§gg£gg|i
211 1739 37 20 the
264 1738 38 22 9th
317 1739 92 24 instant;
429 1736 42 21 has
485 1736 97 26 superior
597 1743 36 14 ac-

91 1758 60 16 H^*
151 1758 38 15 ffF
211 1765 163 21 commoddtion
383 1764 35 21 for
426 1770 137 20 passengers.
589 1762 43 21 For

43 1795 82 26 frieght
136 1803 24 13 or
168 1800 99 23 passage,
283 1792 66 27 apply
360 1795 22 17 to
393 1791 37 21 the
442 1790 156 26 undersigned,
611 1793 20 18 at

44 1822 43 22 Mr.
101 1823 21 21 J.
134 1822 95 25 Wade's,
240 1828 23 14 or
272 1823 21 17 to
303 1819 37 21 the
351 1818 92 27 Captain
454 1824 27 14 on
491 1816 76 21 board.

429 1845 25 20 C.
471 1844 33 21 M.
520 1844 84 21 Evans.

270 1886 53 20 For
336 1885 69 23 Sale,

92 1923 98 24 Delivery
200 1927 26 14 on
236 1921 38 19 her
283 1921 75 18 return
364 1918 62 25 from
448 1917 77 24 Cloudy
536 1917 52 24 Bay.

198 1956 93 30 rpHE
307 1955 75 21 FINE
403 1953 110 22 schooner
530 1954 100 22 Blossom,

72 1974 96 40 $j^sL
205 1974 29 31 _1_
259 1983 69 21 about
340 1984 27 19 60
381 1981 60 22 Tons
454 1979 102 27 burthen,
569 1980 61 27 Capt.

42 2030 149 43 ZZ£^jsr?3
224 2040 44 22 She
275 2040 18 21 is
301 2039 50 22 well
359 2038 68 21 found
433 2038 22 21 in
462 2045 65 24 every
534 2041 85 24 respect
624 2042 5 17 ;

42 2061 150 33 Sg^fp^pl^
212 2068 40 21 has
272 2066 99 27 superior
385 2065 185 26 accomodations,
590 2065 41 21 and

209 2095 19 21 is
238 2094 51 22 well
299 2092 95 28 adapted
402 2092 34 21 for
446 2100 13 13 a
469 2092 56 21 New
532 2092 100 21 Zealand

42 2123 92 22 Trader.
163 2122 77 28 Apply
249 2125 22 17 to

441 2150 86 17 Willis
539 2148 44 19 and
593 2148 39 19 Co.

42 2178 146 26 Wellington,
198 2175 82 23 March
290 2176 33 25 28,
335 2175 61 20 1842.

271 2228 53 19 For
335 2226 69 25 Sale,

75 2259 67 31 vis^L
167 2259 99 31 npHE
296 2258 50 21 well
376 2257 89 27 known,
492 2258 139 26 fast-sailing,

69 2287 82 31 rgCQi
178 2279 23 29 JL
237 2289 72 19 cutter
327 2286 69 24 Royal
416 2286 100 23 William,
536 2286 26 20 43
583 2289 49 17 tons

47 2305 112 40 j|Sft|3j|!
212 2314 100 26 register,
330 2312 53 21 with
400 2312 29 21 all
447 2312 40 21 her
504 2315 76 23 stores,
593 2312 38 21 &c.

47 2333 114 38 •§g|||pF
182 2342 39 21 &c.
240 2342 40 20 &c.
310 2339 70 21 Stows
396 2347 14 13 a
422 2339 60 27 large
501 2346 71 19 cargo,
589 2339 44 21 and

182 2368 77 22 makes
276 2374 30 19 up
322 2367 49 20 four
387 2366 76 21 berths
477 2366 24 21 in
513 2366 36 21 the
560 2366 71 21 cabin.

43 2397 44 21 She
102 2395 41 23 has
151 2395 85 28 proved
245 2394 87 22 herself
343 2401 13 13 a
368 2393 59 26 good
438 2400 37 14 sea
489 2393 60 26 boat,
560 2392 45 22 and
615 2393 18 21 is

41 2424 51 22 well
106 2423 96 27 adapted
217 2423 35 21 for
267 2421 89 26 trading
373 2421 100 21 between
490 2420 38 21 the
545 2420 88 21 various

42 2451 140 22 settlements
193 2457 27 14 on
232 2449 38 21 the
282 2451 61 19 coast
354 2447 24 21 of
390 2447 56 21 New
457 2447 106 21 Zealand.

70 2478 43 22 For
122 2477 87 22 further
217 2475 140 29 particulars,
369 2474 67 27 apply
447 2478 22 17 to

257 2510 23 21 J.
291 2510 32 21 M.
334 2509 102 25 Taylor,
449 2508 155 28 Ship-Broker,

370 2536 32 21 Te
414 2536 55 21 Aro.

243 2586 4 5 '
270 2583 53 20 For
339 2582 67 20 Sale.

156 2617 93 51 THE
260 2616 46 21 fine
323 2616 44 21 fast
377 2614 80 28 sailing
473 2618 73 18 cutter
556 2616 75 20 Cathe-

245 2645 46 19 rine
308 2644 109 24 Johnston,
443 2642 67 21 about
533 2643 25 20 15
583 2646 50 18 tons

69 2669 82 35 S§j||s^
170 2672 104 26 burthen,
302 2670 91 28 Sydney
416 2669 64 25 built,
510 2670 45 21 and
583 2670 49 21 well

45 2691 110 37 fsf&£§%~c
171 2699 77 23 found.
280 2698 43 22 She
330 2698 40 21 has
380 2696 85 28 proved
474 2691 85 26 herself
567 2704 13 13 a
587 2697 45 21 fine

174 2734 38 14 sea
228 2726 61 25 boat,
305 2724 84 27 having
407 2723 66 22 made
489 2723 38 21 the
548 2731 84 20 voyage

41 2756 56 21 from
115 2754 91 27 Sydney
219 2757 23 17 to
261 2752 127 22 Auckland.
417 2750 44 22 For
479 2750 86 22 further
584 2759 49 19 par-

39 2781 98 27 ticulars,
149 2782 65 25 apply
228 2783 22 17 to

170 2814 127 26 Wallace,
312 2813 93 25 White,
422 2811 45 22 and
481 2811 124 22 Wallace.

68 2849 146 26 Wellington,
223 2847 82 22 March
315 2848 34 24 21,
360 2847 62 20 1842.

233 2891 40 21 TO
292 2889 150 23 MORROW.

170 2927 40 21 To
221 2927 39 20 let
270 2925 43 20 for
324 2930 83 15 seven
417 2929 89 21 years,

43 2961 162 53 TWELVE
224 2958 211 23 ALLOTMENTS
451 2957 39 22 OF
506 2957 88 22 LAND
605 2965 29 14 on

106 2989 84 22 section
200 2987 43 22 No.
254 2988 14 20 4
279 2990 23 17 at
316 2985 44 22 Kai
376 2992 71 14 warra
464 2992 76 18 warra,
552 2985 83 21 consis-

43 3019 49 26 ting
108 3017 26 22 of
151 3023 42 14 one
209 3021 50 14 acre
278 3012 55 22 each
350 3012 53 21 with
421 3019 12 14 a
449 3011 99 26 frontage
569 3011 66 27 along

44 3046 38 21 the
99 3043 80 23 Petoni
196 3040 73 23 Road.
299 3039 36 22 No
353 3041 11 19 1
383 3039 26 21 of
426 3038 63 22 these
508 3039 127 21 allotments

44 3072 41 22 has
104 3079 14 14 a
135 3067 208 24 weather-boarded
361 3066 70 21 house
450 3065 90 21 erected
558 3072 30 14 on
608 3065 25 27 it,

45 3099 45 22 and
100 3098 47 22 also
158 3097 44 22 No.
214 3097 12 20 3
236 3095 42 21 has
289 3101 12 14 a
310 3093 100 26 recently
420 3092 55 22 built
485 3092 71 21 maori
565 3092 69 22 house

46 3134 29 13 on
90 3126 24 26 it,
132 3123 122 25 consisting
273 3121 26 21 of
314 3121 52 20 four
384 3122 143 25 apartments.
562 3119 72 21 These

45 3153 128 22 allotments
184 3157 37 15 are
238 3147 73 23 suited
327 3150 24 18 to
366 3147 124 21 tradesmen
503 3145 45 22 and
556 3145 79 22 labou-

45 3187 52 19 rers,
108 3178 69 27 being
187 3185 25 14 so
227 3175 135 22 convenient
370 3177 23 18 to
403 3173 39 21 the
459 3172 79 22 Public
555 3173 80 22 Works

45 3214 51 14 now
115 3206 67 27 going
198 3211 29 14 on
243 3202 56 23 both
315 3201 58 22 sides
392 3201 26 21 of
436 3199 38 22 the
495 3199 45 21 Kai
556 3206 77 16 warra.

45 3234 63 27 They
118 3239 37 16 are
171 3232 46 22 also
231 3230 52 22 well
297 3228 74 23 suited
386 3228 35 21 for
438 3234 102 14 bathing
555 3234 78 19 boxes,

45 3261 68 26 being
123 3260 38 21 the
172 3258 50 28 only
233 3258 86 27 private
336 3255 63 28 place
409 3255 22 21 in
449 3253 36 22 the
501 3253 134 27 neighbour-

45 3287 65 22 hood.
139 3286 63 22 With
212 3286 37 21 the
267 3282 117 29 exception
400 3282 26 21 of
438 3281 37 22 the
490 3281 61 21 hank
569 3281 66 26 along

45 3314 38 22 the
99 3314 55 21 road
170 3313 38 22 the
222 3311 56 23 land
295 3311 18 21 is
330 3308 95 23 cleared.
463 3308 20 21 A
501 3314 57 14 cows
574 3314 61 19 grass

46 3341 44 22 will
105 3341 29 21 be
150 3340 67 27 given
233 3342 24 18 at
272 3345 15 14 a
302 3337 115 22 moderate
434 3338 51 19 rent
501 3338 22 17 to
541 3341 45 20 any
600 3342 35 13 re-

46 3368 88 28 quiring
150 3368 27 21 it.
215 3366 49 22 The
282 3365 139 22 Allotments
442 3361 44 23 will
510 3361 27 22 be
556 3362 32 21 let
605 3361 31 28 by

235 3399 82 15 PUBLIC
336 3397 107 19 AUCTION,

45 3428 44 22 ON
111 3426 179 27 THURSDAY,
306 3425 58 23 7TH
386 3423 67 28 PAY
474 3422 39 22 OF
527 3422 107 27 APRIL,

286 3453 65 22 when
361 3451 37 23 the

45 3481 79 22 Terms
139 3481 26 21 of
174 3480 38 22 the
225 3480 73 22 leases
313 3479 46 22 will
373 3479 28 21 be
416 3484 61 15 more
491 3476 144 27 particularly

45 3507 125 23 described.
199 3507 26 21 In
236 3507 37 21 the
287 3505 140 27 meanwhile,
440 3503 132 30 application
583 3510 52 20 may

45 3535 29 22 be
89 3533 65 23 made
172 3536 23 19 to
209 3533 46 21 Mr.
262 3533 147 26 Macdonald,
421 3535 23 19 at
459 3531 45 23 Kai
518 3538 77 19 warra,
610 3538 25 13 or

45 3565 24 19 to
80 3561 45 22 Mr.
137 3560 59 22 John
210 3559 72 22 Wade
290 3568 5 19 ;
310 3560 38 22 the
363 3560 84 21 former
462 3558 26 22 of
501 3557 73 22 whom
588 3557 45 22 -will

45 3589 62 22 shew
116 3587 38 22 the
165 3586 136 22 Allotments
310 3589 23 19 to
343 3586 116 27 intending
470 3585 97 22 offerers.

75 3615 45 22 Kai
129 3620 71 16 warra
209 3620 77 19 warra,
297 3613 52 21 24th
360 3613 86 26 March,
459 3613 60 21 1842.

45 3661 54 21 For
119 3660 46 21 the
185 3658 103 21 benefit
308 3657 29 21 of
357 3658 44 20 the
426 3656 207 25 Underwriters,

97 3693 30 15 or
143 3686 79 21 those
238 3684 92 21 whom
344 3684 23 21 it
381 3690 64 20 may
460 3689 125 16 concern.

45 3721 70 49 TO
135 3720 39 22 BE
195 3717 80 23 SOLD
297 3717 40 22 BY
358 3718 146 25 AUCTION,
527 3716 106 23 EARLY

102 3747 35 23 IN
147 3745 103 26 APRIL,
261 3744 65 22 THE
336 3744 87 22 HULL
434 3745 39 21 OF
486 3745 65 21 THE
560 3743 73 23 NEW

153 3771 130 26 BARQUE

45 3809 33 21 As
86 3808 41 23 she
136 3815 52 15 now
196 3806 43 23 lies
246 3813 33 14 on
289 3804 38 23 the
337 3804 65 23 rocks
411 3808 22 18 at
443 3804 37 23 the
495 3808 105 19 entrance
609 3804 28 23 of

45 3835 85 22 Nelson
141 3836 90 22 Haven.
257 3833 36 22 At
301 3832 38 22 the
350 3839 60 15 same
421 3832 53 21 time
490 3832 45 21 will
548 3832 29 22 be
587 3832 46 22 also

45 3862 48 22 sold
101 3869 90 15 sundry
202 3867 84 16 stores
296 3858 122 28 belonging
426 3862 22 18 to
455 3858 37 22 the
501 3858 47 23 said
554 3858 78 23 vessel.

45 3888 44 22 For
98 3888 131 28 particulars
239 3886 68 29 apply
316 3889 24 19 to
351 3886 44 21 Mr.
405 3885 108 27 Poynter,
527 3885 104 28 solicitor,

45 3915 86 23 Nelson
141 3917 90 26 Haven,
244 3921 24 16 or
278 3916 24 20 to

302 3940 103 24 Messrs.
420 3938 91 22 Willib
524 3938 45 23 and
582 3938 32 23 Go
616 3954 5 14 r
623 3954 7 12 ,

371 3966 55 23 Port
435 3964 132 25 Nicholson.

1421 688 89 20 Town
1524 688 84 20 Acres
1624 689 29 19 to
1668 688 56 20 Let.

1282 720 178 48 NUMBERS
1472 728 28 14 on
1512 721 36 21 the
1557 720 239 28 Surveyor-General's
1806 728 58 20 map,

1470 749 40 19 510
1673 749 39 19 263

1309 774 42 21 For
1359 774 137 27 particulars,
1507 774 65 28 apply
1581 777 22 18 to
1613 774 106 26 Wallace,
1733 774 80 26 White,
1823 774 43 21 and

1283 800 103 22 Wallace.

1356 846 132 27 Building
1502 847 170 19 Allotments
1686 847 29 19 to
1730 847 59 21 Let,

1282 878 89 35 npHE
1390 880 200 21 ADVERTISER
1605 879 65 21 offers
1685 886 60 20 upon
1761 878 106 27 Building

1289 901 28 26 JL
1357 906 87 26 Leases,
1456 914 14 13 a
1479 907 93 21 number
1583 906 26 21 of
1619 906 68 21 Town
1697 906 136 21 Allotments
1842 906 24 21 in

1282 932 35 21 the
1327 936 58 17 most
1394 933 109 22 desirable
1513 936 59 24 parts
1582 933 26 22 of
1619 933 44 21 this
1673 932 138 22 Settlement.

1307 959 47 22 The
1373 961 110 20 attention
1501 960 26 21 of
1543 960 37 21 the
1598 960 75 27 public
1689 960 19 21 is
1724 959 143 27 particularly

1281 986 70 21 called
1370 989 22 18 to
1412 986 39 22 the
1469 987 123 26 advantage
1612 987 27 20 of
1656 986 104 27 Building
1778 986 87 27 Leases,

1280 1012 71 22 which
1361 1012 37 22 the
1408 1014 152 26 undersigned
1568 1014 18 21 is
1599 1014 94 21 enabled
1702 1017 22 18 to
1734 1017 72 23 grant,
1815 1014 50 26 viz.,

1280 1040 57 21 from
1346 1047 68 15 seven
1425 1044 23 17 to
1465 1044 137 24 twenty-one
1619 1048 72 18 years,
1709 1040 119 26 according
1844 1044 22 17 to

1280 1067 37 21 the
1336 1067 64 22 value
1419 1068 27 21 of
1466 1067 37 22 the
1527 1067 113 27 buildings
1661 1068 110 26 proposed
1793 1071 22 18 to
1839 1068 27 21 be

1282 1094 93 21 erected.
1404 1094 78 27 Apply
1492 1097 22 18 to

1444 1121 21 20 J.
1481 1121 25 21 T.
1522 1121 145 25 Wicksteed,
1680 1129 25 13 or

1443 1148 36 21 W.
1494 1148 28 20 V.
1538 1148 106 26 Brewer,
1661 1148 191 21 Manners-street.

1282 1192 65 48 TO
1364 1192 37 20 BE
1418 1192 67 25 LET,
1501 1191 37 21 the
1556 1195 60 17 town
1635 1199 49 14 acre
1701 1192 44 21 No.
1757 1194 49 25 210,
1833 1200 28 14 on

1354 1218 102 27 building
1466 1219 66 26 lease,
1541 1219 35 20 for
1585 1219 102 21 fourteen
1699 1226 70 19 years.

1307 1245 32 21 To
1348 1245 28 21 be
1386 1245 32 22 let
1426 1253 25 14 or
1461 1245 54 26 sold,
1527 1245 36 21 the
1574 1249 60 17 town
1642 1253 49 14 acre
1702 1246 43 21 No.
1756 1247 48 21 642.

1552 1278 21 22 J.
1590 1278 26 22 T.
1632 1279 144 27 Wicksteed,

1617 1306 221 21 Hawkstone-street.

1449 1352 89 20 Beach
1552 1352 145 25 Frontage.

1282 1384 66 35 rpO
1359 1384 38 21 BE
1412 1384 87 26 SOLD,
1508 1385 23 20 in
1540 1384 43 21 lots
1594 1384 25 21 of
1626 1388 40 17 not
1675 1384 42 21 less
1725 1384 54 21 than
1789 1386 27 19 20
1823 1385 44 21 feet

1291 1410 26 23 X
1368 1411 24 21 in
1411 1411 101 26 breadth,
1532 1411 36 21 the
1590 1411 71 21 whole
1680 1412 25 20 of
1725 1411 38 21 the
1783 1412 84 21 section

1281 1438 42 21 No.
1332 1439 39 20 485
1382 1445 30 14 on
1423 1438 37 21 the
1470 1438 53 21 Plan
1534 1438 25 21 of
1563 1438 37 21 the
1610 1438 69 21 Town
1689 1438 26 21 of
1721 1438 144 27 Wellington,

1280 1464 82 27 having
1372 1465 114 26 frontages
1496 1472 58 20 upon
1566 1465 180 27 Latnbton-quay
1753 1466 44 21 and
1807 1473 59 19 upon

1280 1491 242 27 Wellington-terrace.
1551 1492 112 21 One-half
1675 1496 21 17 ot
1713 1492 37 21 the
1759 1492 108 27 purchase

1282 1525 78 20 money
1369 1518 45 22 will
1424 1519 27 20 be
1459 1518 91 21 allowed
1561 1523 21 16 to
1589 1520 86 20 remain
1683 1527 58 18 upon
1753 1523 113 22 mortgage

1280 1546 34 20 for
1324 1546 43 21 five
1377 1553 72 19 years,
1466 1549 23 17 at
1506 1547 25 19 10
1545 1553 38 19 per
1599 1550 57 17 cent.
1686 1546 77 21 Terms
1774 1553 51 20 may
1840 1547 27 20 be

1280 1572 91 22 learned
1381 1579 30 14 on
1421 1572 134 27 aiiplieation
1567 1577 22 16 to

1550 1607 99 21 Hanson
1665 1607 43 21 and
1723 1607 116 21 Alzdorv.

1417 1652 86 20 Town
1519 1652 76 20 Land
1607 1652 42 20 for
1664 1652 67 20 Sale.

1282 1685 91 32 npHE
1388 1685 73 22 whole
1479 1685 25 21 of
1518 1689 58 17 town
1579 1707 8 5 v
1586 1685 165 22 sections,Nos.
1761 1687 47 24 285,
1821 1687 45 25 10G,

1289 1707 29 27 JL
1357 1712 43 22 and
1418 1714 47 25 878,
1477 1712 44 22 and
1536 1717 48 22 part
1595 1713 25 20 of
1635 1716 57 18 town
1708 1713 97 21 sections
1820 1715 46 24 201,

1280 1740 13 19 2
1299 1741 29 23 IS,
1340 1739 43 21 and
1398 1741 42 19 528
1458 1746 36 14 are
1508 1739 81 21 offered
1600 1741 33 19 for
1643 1739 52 22 sale.
1725 1740 58 21 Half
1795 1740 25 20 of
1832 1741 35 20 the

1280 1766 108 27 purchase
1405 1774 82 19 money
1498 1770 22 17 to
1531 1767 83 20 remain
1627 1774 27 13 on
1672 1771 120 22 mortgage,
1804 1771 23 17 at
1843 1769 24 19 10

1282 1801 38 18 per
1331 1797 56 17 cent.
1418 1794 44 20 For
1472 1793 135 28 particulars,
1620 1793 64 28 apply
1695 1799 22 15 to

1553 1826 98 22 ll\nson
1666 1828 43 20 and
1725 1828 116 21 Alzdorp.

1396 1873 123 26 Country
1536 1874 75 19 Land
1627 1873 41 20 for
1683 1874 67 20 Sale,

1283 1908 66 20 nno
1365 1906 38 21 BE
1419 1906 79 21 SOLD
1516 1906 32 21 IN
1566 1906 81 27 LOTS,
1664 1910 22 17 to
1703 1908 43 20 suit
1761 1908 38 21 the
1816 1915 52 14 con-

1290 1928 27 27 5-
1357 1934 109 20 venience
1477 1934 25 20 of
1510 1934 135 26 purchasers,
1656 1934 42 21 No.
1706 1936 11 19 .'J
1728 1934 24 21 in
1763 1934 36 21 the
1810 1939 57 17 town

1287 1960 85 26 lutrict,
1385 1960 42 21 No.
1439 1962 27 19 44
1476 1961 22 20 in
1510 1960 35 21 the
1561 1960 59 21 Hutt
1631 1961 90 25 district,
1733 1961 44 21 and
1788 1961 43 22 No.
1842 1964 25 19 (>$

1269 1985 2 17 '<
1282 1994 13 12 i>
1298 1985 10 14 >%
1309 1984 49 23 Miq
1379 1987 92 20 Porirua
1491 1987 96 21 district:
1604 1987 50 21 half
1666 1988 24 20 of
1706 1988 37 20 the
1760 1988 108 25 purchase

1282 2020 81 19 money
1373 2012 44 21 will
1433 2013 26 20 be
1471 2012 91 22 allowed
1578 2017 22 17 to
1609 2014 86 20 remain
1706 2021 27 14 on
1745 2020 121 21 mortgage,

1282 2043 23 17 at
1316 2041 25 20 10
1349 2047 39 19 per
1398 2044 59 17 cent.
1488 2040 43 21 For
1540 2040 137 27 particulars,
1689 2041 64 26 apply
1765 2045 21 16 to

1553 2074 98 21 Hanson
1665 2075 43 20 and
1724 2075 116 21 Alzdorf.

1302 2120 83 19 Tov/n
1402 2120 56 19 and
1473 2120 121 25 Country
1609 2120 77 20 Land
1700 2122 28 18 to
1744 2121 34 19 be
1794 2121 57 20 Let.

1285 2152 166 48 SECTIONS
1468 2152 45 21 and
1529 2153 99 26 portions
1646 2153 25 21 of
1684 2153 100 21 Sections
1800 2153 23 21 in
1839 2153 28 21 all

1353 2183 59 22 parts
1430 2180 26 20 of
1472 2179 36 21 the
1527 2179 68 21 Town
1616 2179 26 21 of
1659 2180 143 27 Wellington,
1822 2181 45 21 also

1284 2207 97 26 Country
1391 2206 102 21 Sections
1507 2206 22 20 in
1541 2206 37 21 the
1595 2206 96 22 districts
1708 2207 24 21 of
1747 2207 37 21 the
1802 2207 65 28 Hutt,

1284 2233 36 21 the
1335 2233 83 26 Kaiori,
1430 2233 38 21 the
1479 2233 74 26 Ohiro,
1567 2233 45 21 and
1626 2233 36 21 the
1677 2234 98 22 Porirua.
1806 2234 62 27 Long

1284 2260 68 21 leases
1364 2260 24 20 of
1395 2260 37 21 the
1450 2264 93 23 country
1554 2260 53 22 land
1623 2261 46 21 will
1685 2261 27 21 be
1727 2261 94 26 granted
1840 2269 28 14 on

1283 2287 128 21 reasonable
1423 2292 74 17 terms.
1528 2287 41 21 For
1580 2287 130 28 particulars
1720 2289 66 26 apply
1797 2292 22 18 to

1310 2319 94 21 Hanson
1417 2319 46 20 and
1478 2319 115 27 ALZDOiir,
1603 2319 193 27 Thorndon-quay
1813 2327 24 14 or
1847 2323 21 18 to

1311 2346 91 21 Robekt
1414 2346 94 27 Stokes,
1521 2346 63 21 Land
1600 2347 110 26 Surveyor
1726 2347 45 21 and
1786 2347 81 27 Agent,

1466 2373 218 22 Woolcomb-street.

1284 2418 78 22 PORT
1383 2418 181 22 NICHOLSON
1595 2418 68 22 AND
1686 2418 182 23 WANGANUI.

1393 2453 93 20 Lands
1497 2454 28 19 to
1536 2453 31 20 be
1579 2454 51 19 Let
1640 2459 30 14 or
1679 2453 73 20 Sold.

1285 2486 162 49 SEVERAL
1468 2486 69 21 Town
1555 2487 45 21 and
1615 2487 98 26 Country
1732 2487 96 21 sections
1846 2487 22 21 in

1348 2513 35 22 the
1397 2514 54 20 Port
1461 2513 123 22 Nicholson
1602 2513 89 27 district,
1708 2514 44 21 and
1771 2514 99 27 Country

1283 2540 94 22 sections
1383 2541 23 21 in
1418 2541 37 21 the
1466 2540 126 27 Wanganui
1601 2541 92 25 district,
1703 2541 52 21 with
1766 2541 36 21 the
1812 2541 58 26 right

1284 2567 24 21 of
1328 2567 58 27 early
1406 2567 90 22 choices
1515 2568 80 25 (under
1612 2569 35 25 14)
1666 2568 25 21 of
1710 2567 38 22 the
1762 2568 108 22 intended

1284 2595 105 27 township
1397 2595 70 26 there,
1477 2599 22 17 to
1505 2595 27 21 be
1538 2595 48 21 sold
1593 2602 25 14 or
1625 2595 37 21 let.
1691 2595 43 21 For
1741 2595 129 26 particulars

1284 2621 43 21 and
1337 2625 73 24 terms,
1422 2622 67 27 apply
1500 2626 22 16 to

1469 2649 92 21 Robert
1576 2649 27 20 R.
1619 2648 99 27 Strang,
1733 2648 109 22 Solicitor.

1308 2675 147 28 Wellington,
1466 2676 58 21 Nov.
1534 2677 32 24 25,
1579 2677 52 19 1841

1473 2722 92 20 James
1581 2722 99 26 Spiers,

1285 2756 190 22 PROSPECT
1498 2756 211 22 BOARDING
1733 2756 135 27 HOUSE,

1299 2787 2 12 1
1364 2792 130 14 GUILDFORD
1509 2791 109 18 TERRACE,
1632 2791 52 13 HILL
1700 2790 91 19 STREET,

1336 2819 26 19 In
1381 2819 37 20 the
1437 2825 49 14 rear
1505 2818 26 25 of
1545 2818 42 20 Dr.
1607 2818 89 20 Evans's
1710 2818 110 21 residence.

1466 2860 73 14 TERMS
1555 2860 130 14 MODERATE.

1293 2898 93 21 TOHN
1412 2898 111 26 HALES,
1548 2898 199 26 Cabinet-maker,
1778 2897 90 21 Upiiol-

1285 2929 23 16 V
1346 2932 95 18 steuer,
1459 2925 189 25 Paper-hanger,
1664 2925 39 20 &c.
1719 2924 48 26 &c,
1783 2924 53 26 begs
1846 2927 21 18 to

1285 2955 73 18 return
1368 2952 33 21 his
1412 2952 86 21 sincere
1510 2951 80 22 thanks
1600 2955 23 18 to
1640 2951 33 21 his
1683 2951 84 22 friends
1777 2950 44 22 and
1832 2950 35 21 the

1285 2978 71 26 public
1376 2978 24 22 of
1414 2979 54 21 Port
1487 2978 122 22 Nicholson
1626 2978 113 26 generally
1758 2978 34 21 for
1811 2976 57 22 their

1285 3004 52 23 kind
1352 3009 130 23 patronage,
1496 3006 44 21 and
1555 3006 23 21 in
1595 3005 111 27 soliciting
1721 3004 58 21 their
1794 3004 74 22 future

1285 3037 93 22 support,
1395 3032 64 22 takes
1470 3032 43 22 this
1528 3032 143 28 opportunity
1686 3032 25 21 of
1724 3031 144 26 announcing

1285 3058 45 23 that
1340 3059 27 22 he
1379 3060 93 21 intends
1482 3060 96 26 keeping
1587 3067 13 14 a
1610 3058 152 23 considerable
1774 3057 62 22 stock
1846 3058 25 21 of

1285 3087 103 21 seasoned
1399 3087 65 21 wood
1475 3087 25 21 of
1506 3086 30 21 all
1545 3086 145 27 descriptions
1705 3093 28 13 on
1743 3084 68 26 hand,
1823 3084 44 21 and

1285 3120 41 20 any
1342 3113 76 22 orders
1437 3114 73 21 which
1529 3113 51 27 they
1597 3120 53 19 may
1663 3112 73 28 please
1754 3115 22 17 to
1789 3111 79 22 favour

1285 3140 42 21 him
1338 3140 51 21 with
1399 3141 46 22 will
1455 3141 27 21 be
1494 3140 114 27 diligently
1619 3138 109 23 executed
1738 3145 29 14 on
1778 3145 89 14 reason-

1285 3167 45 21 able
1341 3170 75 18 terms.

1308 3202 56 21 N.B.
1366 3213 27 5 —
1394 3202 23 21 A
1428 3202 92 26 turning
1526 3201 59 22 lathe
1596 3208 30 14 on
1636 3200 37 22 the
1683 3199 116 28 premises.

1309 3235 196 28 Ingestrie-street,
1517 3235 30 21 Te
1559 3235 46 21 Aro
1615 3234 57 22 Flat.

1284 3288 198 48 WNEAL,
1503 3288 87 20 Watch
1612 3286 46 21 and
1679 3286 76 21 Clock
1771 3285 94 25 Maker,

1353 3327 10 10 •
1409 3315 54 27 begs
1482 3313 143 29 respectfully
1642 3317 23 18 to
1684 3312 82 22 inform
1782 3312 36 21 the
1833 3312 34 21 in-

1285 3342 108 22 habitants
1412 3342 27 21 of
1456 3342 52 21 Port
1515 3340 130 26 Nicholson,
1664 3340 47 26 &c,
1729 3339 49 21 that
1786 3338 28 22 he
1828 3338 40 21 has

1285 3369 101 22 lemoved
1399 3369 36 21 his
1449 3369 101 21 business
1566 3368 50 21 S.E.
1629 3367 25 21 of
1665 3367 90 21 Messrs.
1766 3365 101 22 Bethune

1286 3396 41 22 aid
1338 3396 116 26 Hunter's,
1466 3395 44 21 and
1520 3395 75 27 hopes,
1606 3394 31 26 by
1647 3394 61 21 strict
1717 3392 116 26 attention,
1846 3395 21 18 to

1286 3423 61 21 merit
1362 3430 14 14 a
1392 3423 150 22 continuance
1559 3421 25 21 of
1599 3420 58 22 their
1672 3420 95 26 favours,
1785 3418 82 28 having

1286 3450 40 22 l:ad
1336 3451 25 20 20
1373 3449 72 27 years'
1456 3449 130 27 experience
1596 3448 23 21 in
1631 3447 99 22 London.

1310 3477 38 21 All
1367 3473 67 25 kinds
1450 3476 25 21 of
1487 3476 92 26 foreign,
1598 3474 89 26 British,
1703 3472 99 27 musical,
1823 3472 44 22 and

1285 3504 112 27 repeating
1403 3503 97 22 watches
1506 3503 44 21 and
1560 3502 82 26 clocks,
1650 3500 45 22 and
1702 3500 165 21 chronometers

1286 3531 90 22 cleaned
1385 3530 45 22 and
1440 3529 107 28 repaired.

1390 3564 59 22 N.B.
1450 3575 29 3 —
1480 3562 95 23 Musical
1584 3562 70 21 boxes
1663 3559 108 30 repaired.

1285 3610 36 21 To
1331 3610 45 20 the
1386 3608 163 22 Mercantile
1561 3607 54 20 and
1632 3604 132 27 Shipping
1780 3604 87 21 Inter-

1404 3637 57 19 ests
1473 3635 30 21 of
1515 3635 64 20 Port
1588 3632 160 22 Nicholson.

1285 3669 155 51 THOMAS
1458 3667 105 23 BEVAN
1580 3666 46 22 and
1642 3665 81 26 SONS,
1734 3664 58 22 New
1809 3665 58 22 Zea-

1343 3705 59 14 land
1423 3703 59 14 ROPE
1501 3702 44 14 AND
1565 3700 75 15 TWINE
1663 3699 203 20 MANUFACTURERS,

1285 3725 39 27 beg
1339 3728 22 18 to
1371 3724 83 21 inform
1464 3721 58 22 their
1530 3720 84 22 friends
1627 3719 45 22 and
1680 3719 37 21 the
1727 3719 82 27 public,
1820 3719 48 22 that

1284 3752 50 26 they
1343 3750 57 23 have
1416 3747 108 24 removed
1539 3750 23 18 to
1577 3746 58 22 their
1651 3753 49 15 new
1716 3747 106 26 premises
1839 3753 27 15 on

1284 3778 188 26 Lambton-quay,
1487 3781 77 15 corner
1580 3773 26 22 of
1623 3773 156 28 Willis-street,
1795 3773 73 22 where

1283 3812 65 20 every
1356 3804 79 22 article
1445 3803 24 20 in
1477 3801 36 22 the
1524 3801 69 22 above
1604 3800 73 22 trades
1686 3807 52 21 may
1747 3801 29 24 be
1785 3799 45 24 had
1839 3807 29 15 on

1282 3832 36 24 the
1329 3832 96 24 shortest
1433 3829 83 22 notice.

1278 3867 14 19 ,t
1410 3860 58 25 nets,
1478 3858 63 24 mats,
1552 3855 50 26 &c,
1612 3855 66 22 made
1687 3855 45 21 and
1740 3855 111 26 repaired.

1287 3906 5 12 t
1308 3893 27 24 T.
1343 3892 26 24 B.
1377 3881 49 40 jjixd
1437 3891 57 21 Sons
1503 3896 37 15 are
1548 3888 69 29 ready
1627 3892 24 18 to
1656 3887 127 24 .undertake
1790 3890 79 26 expoijt

1280 3919 78 31 ,«!'ders
1365 3922 25 20 -to
1399 3925 46 21 any
1453 3919 86 24 extent,
1550 3923 29 15 on
1588 3915 131 26 reasonable
1729 3918 76 20 terms.

1274 3942 13 47 \[
1309 3951 243 36 N.weaser3o,lß4l.
