2529 4029
788 117 370 36 MISCELLANEOUS.'

711 178 94 31 Shortly
816 178 58 24 after
885 178 39 24 the
932 178 72 24 battle
1016 179 26 23 of
1056 178 118 26 Waterloo
1186 181 18 23 it
1216 187 55 17 was*

675 211 114 31 proposed
799 215 23 19 to
832 211 69 24 make
912 219 64 15 some
991 211 101 31 changes
1110 213 25 23 in
1153 213 40 24 the
1210 214 54 23 uni-

675 244 60 23 form
752 244 27 23 of
793 244 38 23 the
851 244 53 23 Life
922 244 102 29 Guards^
1037 244 46 24 and
1102 245 91 31 George
1216 245 47 25 IV.

676 277 94 23 ordered
781 284 42 16 one
840 276 26 23 of
880 277 39 23 the
937 277 104 24 soldier's
1059 281 25 20 to
1103 278 28 23 be
1150 282 52 19 sent
1219 279 44 29 for,

675 310 51 23 who
743 317 48 16 was
811 309 49 23 said
879 313 24 20 to
924 309 59 23 have
1005 310 60 24 slain
1085 311 37 24 six
1145 319 26 16 or
1194 318 71 17 seven

676 342 91 24 French
779 343 89 22 officers
885 343 25 22 in
930 343 75 30 single
1023 343 99 25 combat.
1157 344 41 24 He
1216 346 55 25 was!;

675 376 74 23 asked
760 384 14 15 a
784 376 87 29 variety
882 375 25 23 of
916 376 124 30 questions,
1053 380 24 19 to
1091 377 54 23 each
1154 378 27 23 of
1188 376 75 25 which

674 408 30 23 he
721 408 112 29 assented,
844 408 60 23 until
922 408 40 24 the
980 408 67 32 King
1064 411 131 31 perceiving
1212 411 59 28 that;

675 442 39 23 the
737 442 103 23 soldier's
863 442 93 30 opinion
977 449 58 16 was,
1051 442 93 25 biassed
1170 444 32 30 by
1225 442 46 26 the!

674 482 109 23 presence
809 473 25 24 of
853 475 100 30 royalty,
973 475 46 24 and
1037 475 38 24 his
1097 484 48 15 own
1164 477 107 29 officers,!

676 507 49 24 said
744 511 23 20 to
786 507 56 29 him,
885 507 67 29 Well,
972 508 21 23 if
1007 517 46 22 you
1071 517 57 16 were
1149 510 72 31 going
1239 514 32 20 to'

674 540 59 24 have
753 540 58 24 such
830 541 94 23 another
943 541 64 30 day's
1019 541 65 24 work
1096 550 24 15 as
1132 547 25 19 at
1170 542 93 24 Water-
1268 538 3 17 1

674 573 46 29 100,
743 572 52 25 how
816 573 74 24 would
911 581 47 24 you
981 574 48 24 like
1054 579 23 19 to
1099 576 28 23 be
1149 575 95 24 dressed
1253 576 10 24 ?
1269 579 2 11 '

700 606 83 24 Please
794 614 58 23 your
1002 608 29 24 he
1044 608 96 31 replied,
1179 609 24 23 in
1214 609 50 23 that

676 647 51 16 case
738 639 25 27 I.
764 640 74 23 would
849 640 76 24 rather
935 640 30 24 be
979 641 27 24 in
1023 649 40 23 my
1074 642 58 23 snirt
1150 642 112 24 sleeves.''

675 685 33 4 —
710 671 113 33 Sporting
833 672 100 26 Review.

708 705 94 33 Among
815 706 38 23 the
870 706 120 25 donations
1002 707 35 24 for
1049 708 85 31 special
1150 715 113 24 purposes

674 740 103 24 received
790 740 31 31 by
831 739 39 24 the
880 740 92 31 Society
981 741 35 23 for
1027 740 39 24 the
1078 741 155 31 Propagation
1241 741 25 24 of

675 772 38 23 the
725 773 87 31 gospel,
829 780 34 16 we
871 774 48 23 find
936 773 39 24 the
986 774 117 30 following
1111 783 6 15 :
1136 774 128 24 Collection

675 805 30 31 by
713 806 39 23 the
762 807 59 23 Rev.
832 804 31 26 E.
875 807 128 30 Coleridge,
1014 804 71 31 Etonj
1092 807 35 23 for
1135 807 126 30 Australia,

674 840 71 23 £250
755 849 6 19 ;
784 839 59 24 Rev.
856 839 36 24 H.
903 840 29 23 T.
948 839 146 29 Hutcheson,
1110 840 151 32 Canterbury,

674 872 35 24 for
722 872 124 29 Australia,
864 873 72 23 £100
945 881 6 19 ;
970 872 39 24 the
1024 872 63 24 Miss
1104 873 157 30 Hutchesons,

674 905 36 24 for
722 905 118 24 Australia
850 906 37 23 £5
897 914 6 19 ;
924 905 91 24 Oxford
1031 905 107 29 District,
1149 906 35 24 for
1197 906 66 24 Aus-

675 938 66 24 tralia
752 939 54 24 £60
816 948 7 19 ;
845 936 32 26 A.'
896 939 33 23 R.
949 938 42 29 A.,
1009 938 35 24 for
1056 938 119 24 Australia
1190 940 57 24 £10
1256 948 6 16 :

673 971 33 23 A.
718 971 42 29 A.,
772 972 36 23 for
827 971 39 22 the
883 971 113 31 purchase
1008 971 25 24 of
1051 979 30 16 an
1090 978 70 26 organ
1171 973 35 23 for
1224 973 39 24 the

673 1004 52 23 first
742 1004 93 29 church,
844 1011 51 17 now
910 1004 106 31 building
1031 1006 26 22 in
1077 1005 59 24 New
1153 1006 109 30 Zealand,

673 1037 82 23 £100.

707 1097 55 24 Don
781 1098 99 31 Miguel,
896 1098 50 24 who
964 1099 20 23 is
997 1106 50 16 now
1058 1098 74 33 living
1146 1100 26 23 in
1183 1108 13 16 a
1207 1108 55 23 very

673 1131 84 23 retired
777 1139 95 15 manner
890 1136 23 19 at
929 1132 100 29 Albano,
1040 1140 57 16 near
1114 1133 83 29 Rome,
1216 1141 46 16 was

674 1171 29 16 on
715 1164 38 23 the
763 1166 65 30 point
834 1165 30 22 iof
878 1165 100 31 leaving.
1015 1165 39 24 He
1075 1166 47 23 still
1133 1166 98 30 refuses,
1244 1167 18 23 it

673 1197 87 30 is^said,
774 1202 23 19 to
809 1197 101 24 abdicate
929 1199 37 22 for
986 1207 14 15 a
1019 1199 124 31 pecuniary
1155 1200 105 23 conside-

673 1232 81 28 ration,
767 1231 44 23 and
822 1232 20 22 is
853 1232 88 30 greatly
953 1232 24 23 in
987 1237 61 18 want
1060 1232 29 23 of-
1099 1240 91 23 money.

706 1265 24 22 A
748 1268 64 27 great
831 1265 96 23 number
946 1265 36 28 of,
990 1265 38 24 the
1046 1265 102 31 Spanish
1165 1266 97 32 nobility

672 1297 58 23 have
741 1298 129 23 renounced
887 1298 61 23 their
966 1298 61 24 titles
1037 1298 83 24 rather*
1125 1299 57 23 than
1191 1307 47 24 pay
1250 1308 12 14 a

674 1331 86 23 certain
777 1332 95 30 annuity
882 1331 103 31 imposed
997 1339 62 24 upon
1071 1331 62 24 them
1144 1332 35 23 for
1194 1333 68 23 bear-

673 1364 40 30 ing
734 1364 38 24 the
790 1372 70 16 same.
896 1364 52 24 The
967 1364 101 24 Madrid
1087 1364 95 24 Gazette
1202 1366 60 31 daily

673 1397 85 23 notices
771 1397 38 23 the
822 1398 121 23 surrender
955 1397 24 24 of
998 1405 63 16 some
1073 1397 24 24 of
1113 1398 64 24 these
1189 1400 71 28 titles,

673 1430 45 23 and
737 1430 39 24 the
794 1430 116 24 forfeiture
930 1431 27 23 of
974 1432 85 28 others,
1078 1431 81 30 which,
1174 1432 88 32 though

673 1463 48 24 still
740 1463 79 30 borne,
837 1464 58 23 have
912 1470 41 17 not
971 1468 40 27 yet
1021 1464 54 31 paid
1087 1464 37 23 the
1136 1465 55 24 fees.
1228 1466 34 23 At

671 1497 47 23 this
737 1501 49 19 rate
805 1497 39 23 the
859 1497 98 31 nobility
970 1498 26 23 of
1011 1498 73 31 Spain
1095 1498 45 24 will
1158 1506 58 16 soon
1234 1500 28 22 be

671 1530 99 23 reduced
782 1534 23 19 to
817 1538 13 15 a
840 1529 44 24 few
894 1538 89 15 names.

1292 129 178 24 ESTIMATE
1497 128 47 25 OF
1567 129 73 30 THE
1666 130 185 25 PROBABLE
1875 123 190 32 EXPENSES
2074 131 52 25 OF
2142 132 72 25 THE
2237 134 242 26 GOVERNMENT

1533 161 45 25 OF
1597 162 79 25 NEW
1692 163 164 24 ZEALAND
1875 164 69 24 FOR
1961 164 75 24 THE
2053 163 96 27 YEAR
2167 167 74 24 1842.

153 127 37 23 the
201 129 32 19 Ist
237 126 109 27 January,
354 126 61 25 1838,
425 125 55 22 with
485 124 38 23 the
532 125 117 25 exception

59 153 26 23 of
95 162 16 14 a
119 155 43 21 few
171 153 83 27 garden
267 151 91 28 patches
363 151 75 22 'about
453 151 117 28 Adelaide,
576 163 3 5 -
586 152 63 22 there

59 187 47 15 •was
115 188 29 14 no
153 182 94 24 attempt
260 181 24 18 at
297 178 138 22 cultivation.
464 179 33 21 At
510 178 49 23 that
572 179 77 28 period

59 206 39 23 the
106 206 63 24 stock
175 206 23 22 in
204 205 38 22 the
252 204 86 29 Colony
347 212 44 14 was
401 205 117 21 estimated
527 209 24 19 at
551 216 27 5 —

170 232 72 27 Sheep
463 233 79 25 28,000

174 258 72 22 Cattle
318 261 19 18 ;.
342 254 3 16 ;
344 272 7 6 .
465 259 77 26 '2,500

168 285 85 22 Horses
370 298 88 7 .......
487 286 54 22 >480

169 311 52 27 Pigs
230 310 52 22 and'
287 311 69 21 Goats
500 311 41 23 780

87 339 45 22 For
141 337 38 22 the
191 344 54 22 year
255 339 53 20 1839
317 344 34 15 we
360 337 45 22 had
419 338 113 22 tojecord
539 339 38 22 the
586 346 63 14 com-

59 371 144 16 mencement
208 365 26 21 of
237 364 115 27 enclosing
357 364 46 22 and
406 365 146 27 agriculture.
572 365 77 23 About

58 398 15 14 a
81 391 110 22 thousand
199 398 63 15 acres
270 398 58 14 were
337 391 103 22 enclosed
450 391 80 28 during
544 392 46 22 that
599 399 49 15 sea-

58 425 49 20 son,
119 418 25 22 of
150 417 72 22 which
236 418 121 21 somewhat
370 418 44 22 less
427 418 56 22 than
494 419 43 21 five
546 419 103 21 hundred

58 451 64 15 acres
129 451 57 15 were
199 444 74 22 under
282 444 135 27 cultivation,
432 444 81 28 chiefly
522 445 24 22 in
559 447 37 21 the
605 446 44 21 im-

57 471 99 22 mediate
166 471 93 27 vicinity
267 470 28 22 of
300 470 38 22 the
348 474 68 19 town.

85 498 49 22 The
148 498 100 21 increase
259 498 26 20 of
296 498 64 22 stock
372 498 83 27 dnring
467 498 49 22 that
528 506 55 21 year
594 505 54 15 over

58 525 57 21 1838
132 531 45 15 was
193 525 47 21 also
259 525 157 27 encouraging,
422 524 5 3 '
436 532 25 16 as
479 525 37 21 the
536 525 112 26 following

59 550 63 22 table
132 550 44 22 will
186 551 61 22 show
255 558 5 14 :
262 562 29 5 —
344 560 4 4 •
388 557 3 5 '

186 590 6 6 .
216 585 4 3 •
349 579 41 18 1838
476 579 39 16 1839
558 578 89 17 Increase.

58 597 74 29 Sheep
349 601 76 25 28,000
454 600 89 25 108,700
553 619 4 3 .
570 598 77 28 80,700

59 625 73 21 Cattle
319 621 25 26 '.'.
362 626 64 27 2,500
480 625 64 26 7,600
605 626 42 21 320

58 650 86 23 Horses
382 653 42 20 480
502 653 41 20 800
605 652 42 21 320

57 677 54 28 Pigs
122 675 142 31 and^GoatSv
273 694 5 6 .
285 694 12 10 .,
300 694 60 11 .......
380 679 46 25 ,780
476 678 68 25 .1,700
575 698 5 2 .
605 680 42 20 920

83 705 50 22 The
144 706 119 22 successful
277 705 79 22 results
366 705 26 21 of
403 704 39 22 the
452 705 141 26 agricultural
607 712 40 15 ex-

55 732 124 26 periments
185 733 65 22 made
257 732 23 21 in
290 732 48 25 this,
342 739 60 20 year,
412 738 62 20 gave,
480 738 29 14 an
517 731 97 28 impetus
623 736 23 17 to

56 757 39 23 the
106 766 101 20 progress
214 759 26 21 of
246 759 128 26 the.Colpny
379 759 21 20 in
400 768 2 11 i
411 759 45 20 this
462 762 93 23 respect,
566 759 79 26 which,

56 785 200 27 notwithstanding
271 785 38 22 the
318 785 129 27 .pecuniary
463 785 118 28 adversity,
602 786 51 22 and,

55 818 35 15 we
105 819 53 20 may
170 812 52 21 with
235 812 81 27 justice
329 811 48 26 .add
391 811 38 22 the
438 811 100 28 political
551 812 94 28 neglect,

55 838 73 22 South
141 839 113 21 Australia
262 838 40 21 has
318 839 58 21 been
389 839 98 21 doomed
501 842 22 18 to
537 840 108 26 undergo,

54 864 43 22 has
106 873 24 13 as
139 868 38 24 yet
185 865 104 22 received
298 872 30 15 no
339 865 94 22 sensible
443 865 77 22 check.
532 879 5 13 :
577 887 3 4 ,
596 880 2 4 .

83 892 30 21 In
123 893 53 20 1840
186 891 36 22 the
233 891 130 23 cultivation
371 892 25 21 of
403 892 39 22 the
452 892 41 21 soil
503 892 144 23 commenced

54 918 26 22 in
90 921 95 19 earnest.
214 919 28 21 In
259 919 49 21 that
320 926 54 20 year
388 919 38 22 the
443 919 55 22 total
513 920 94 21 number
621 920 28 21 of

57 952 64 15 acres
146 945 121 22 cultivated
285 946 121 21 amounted
431 950 23 17 to
473 949 42 18 two
536 946 110 22 thousand

58 972 64 27 eight
134 972 106 22 hundred
254 973 46 21 and
318 973 155 27 twentyrthree
473 983 29 4 —
503 979 28 15 an
547 973 98 21 increase

58 1006 31 14 on
101 998 36 22 the
147 999 103 27 previous
259 1006 54 20 year
320 999 26 22 of
354 1000 68 21 about
431 1002 44 19 two
483 999 110 22 thousand
601 999 45 22 five

57 1025 106 22 hundred
172 1033 68 14 acres.
247 1048 3 5 ,

84 1052 49 21 The
151 1053 63 21 stock
216 1070 10 9 v
233 1048 134 31 augmented
386 1052 80 27 nearly
485 1051 24 22 in
529 1059 29 14 an
580 1052 65 28 equal

55 1079 58 21 ratio
115 1089 27 5 —

294 1118 3 4 .
313 1106 46 16 1839.
433 1115 3 4 •
445 1105 49 17 1840.
539 1119 3 3 .
556 1105 88 17 Increase.

56 1126 73 27 Sheep
136 1126 6 20 .
296 1126 89 26 108,700
439 1127 91 25 200,160
539 1129 3 3 '
556 1127 4 5 '
570 1128 76 25 91,460

57 1153 115 21 Cattle..:
318 1153 66 27 '7,600
454 1155 75 25 16,100
582 1155 63 25 8,500

57 1180 85 21 Horses
168 1183 5 17 '.
284 1181 11 18 \
316 1182 4 4 '
347 1181 54 21 800'
471 1181 61 26 1,060
604 1182 41 20 260

83 1207 49 21 The
141 1209 87 19 returns
238 1206 24 22 of
273 1206 38 22 the
327 1214 52 20 year
394 1207 62 26 1841,
470 1206 108 23 collected
592 1207 53 22 with

57 1237 63 23 great
129 1240 50 15 care
189 1233 46 22 and
241 1240 108 21 accuracy
355 1234 34 21 for
399 1233 37 23 the
447 1235 69 19 South
522 1236 123 19 Australian

55 1261 118 20 Almanack
179 1260 35 22 for
223 1261 59 25 1842,
294 1267 50 15 now
383 1260 37 22 the
431 1268 77 14 course
515 1263 27 19 of
547 1262 98 27 publica-

55 1288 56 26 tion,
122 1290 88 25 present
218 1287 79 21 results
317 1287 88 28 equally
414 1288 127 27 gratifying.

57 1314 91 27 During
163 1313 35 23 the
214 1320 78 16 season
307 1313 48 22 that
364 1314 40 21 has
412 1315 82 26 closed,
506 1315 70 22 above
584 1315 62 28 eight

58 1341 112 22 thousand
179 1348 62 14 acres
254 1340 57 22 have
323 1341 56 21 been
393 1341 75 22 under
476 1349 60 20 crop.
564 1341 52 23 This
626 1343 19 21 is

57 1367 113 23 exclusive
180 1368 26 21 of
211 1367 39 21 the
259 1367 55 21 land
327 1367 71 22 under
413 1367 76 28 tillage
502 1373 143 23 preparatory

55 1397 25 19 to
90 1402 52 20 crop
155 1395 34 21 for
203 1394 39 22 the
260 1397 89 19 current
362 1402 60 20 year,
440 1395 43 22 and
496 1396 24 20 of
531 1395 38 23 the
581 1400 64 23 great

57 1425 79 18 extent
145 1421 25 22 of
179 1421 53 22 land
242 1428 50 14 now
307 1421 104 22 enclosed
424 1422 47 22 and
485 1423 68 27 ready
563 1423 33 21 for
605 1423 38 21 the

55 1448 93 28 plough.
176 1448 23 21 It
212 1448 20 22 is
252 1447 123 23 calculated
392 1448 31 27 by
444 1456 13 14 a

39 1475 4 12 '
57 1475 50 22 that
122 1475 139 27 thirty-eight
276 1475 110 21 thousand
402 1482 62 15 acres
480 1483 37 15 are
527 1476 79 22 fenced
619 1477 24 21 in

55 1502 36 21 for
102 1502 135 22 cultivation.
266 1501 54 22 This
330 1508 31 15 we
372 1501 71 28 think,
459 1503 19 21 is
494 1507 41 17 not
543 1503 34 22 far
584 1504 59 21 from

55 1528 39 23 the
106 1529 68 26 mark',
191 1529 45 21 and
244 1529 21 21 if
271 1536 31 19 so,
314 1528 42 22 'the
365 1531 88 20 returns
465 1529 26 23 of
503 1530 38 22 the
551 1531 93 26 ensuing

57 1562 54 21 crop
128 1555 46 22 will
188 1555 34 22 far
242 1555 92 28 outstrip
353 1557 49 26 any'
414 1557 103 27 previous
536 1564 106 21 progress,

55 1585 64 24 great
125 1581 46 23 and
179 1582 138 27 satisfactory
327 1590 23 14 as
360 1583 61 21 these
432 1583 57 22 have
498 1583 65 23 been.

84 1609 33 21 To
135 1609 95 27 proceed
243 1612 23 18 to
281 1609 88 27 figures.
397 1610 48 22 The
462 1618 63 19 crops
539 1611 35 22 for
590 1612 52 21 1841

56 1635 59 23 have
123 1635 62 23 been'
191 1643 23 14 as
224 1635 72 23 under
302 1644 6 14 :
309 1648 30 4 —

488 1665 74 21 Acres.

166 1689 83 23 Wheat
508 1693 55 21 4666

166 1717 83 28 Barley
509 1721 54 20 1018

167 1743 54 22 Oats
522 1747 41 21 568
596 1750 6 11 *

166 1770 76 22 Maize
523 1773 42 22 817

167 1797 103 22 Potatoes
522 1800 43 22 467

168 1825 102 21 Gardens
279 1826 45 21 and
333 1833 63 20 crops
407 1829 40 19 not

192 1851 106 28 specified
523 1855 42 20 460
583 1858 7 16 .'

191 1905 66 23 Total
266 1913 76 25 acresj,
513 1908 56 21 8002

83 1933 49 23 The
141 1933 149 28 comparative
298 1935 76 27 yearly
377 1941 102 20 progress
485 1934 26 21 of
515 1934 38 22 the
560 1934 83 27 Colony

54 1961 26 22 in
90 1961 132 27 agriculture
231 1960 45 22 will
287 1960 28 22 be
326 1961 46 22 best
381 1961 78 22 shown
473 1962 30 27 by
511 1961 38 22 the
560 1961 83 22 follow-

55 1988 41 26 ing
106 1987 58 22 table
172 1995 5 13 :
179 1998 28 4 —

251 2012 48 17 183r.
322 2015 47 15 1338.
411 2014 49 16 1839.
503 2015 47 16 1840.
593 2015 50 15 18*1.

85 2033 82 22 Wheat
259 2044 30 5 —
294 2048 3 6 .
327 2035 43 21 -20
421 2036 41 20 120
509 2037 42 19 816
588 2036 55 21 4666

36 2081 5 3 .
84 2061 81 27 Barley
258 2071 31 5 —
355 2063 11 20 1
430 2063 29 20 28
508 2063 40 21 258
590 2063 52 21 1018

85 2088 54 21 Oats
259 2099 30 4 —
350 2089 13 21 5
428 2089 28 21 30
476 2107 1 6 ,
509 2089 41 21 246
572 2095 3 5 '
602 2091 40 20 568

84 2114 76 22 Maize
277 2116 12 24 £
340 2117 26 20 10
429 2117 28 19 60
525 2116 24 22 71
603 2118 40 21 817

83 2142 104 21 Potatoes
262 2143 27 25 1J
338 2143 29 21 40
429 2142 28 22 75
511 2143 42 22 227
602 2145 41 21 467

83 2168 70 28 Crops
162 2169 60 21 notl
259 2194 30 4 _
337 2194 29 4 _
428 2182 29 20 7Q
510 2184 14 18 g
524 2175 4 5 '
525 2182 23 20 7l

95 2194 134 29 specified/
259 2194 30 4 —
337 2194 29 4 —
428 2185 29 19 70
503 2185 46 21 ,971
570 2185 4 21 I
602 2199 41 21 4fi6

83 2222 100 23 Gardens
272 2225 15 20 6
341 2224 26 21 25
429 2224 31 20 60
476 2232 4 3 •
499 2222 4 11 ;
513 2224 38 21 135
563 2217 10 33 J

110 2277 74 22 Totals
275 2278 27 26 1%
343 2279 27 21 86
424 2278 42 20 443
505 2279 55 21 2823
589 2279 54 21 8002

84 2309 120 32 Injustice
219 2313 30 18 to.
256 2309 38 22 the
309 2309 61 27 early
379 2309 94 27 settlers,
490 2309 18 22 it
523 2310 20 21 is
552 2310 59 27 right
619 2312 23 19 to

55 2336 91 27 explain
156 2336 48 23 that
213 2336 39 23 the
262 2336 142 28 preliminary
416 2336 47 22 and
476 2336 64 22 other
549 2341 93 23 country

54 2362 56 22 land
119 2363 53 27 only
180 2364 91 22 became
282 2363 108 22 available
399 2366 23 19 to
434 2363 61 22 them
505 2366 24 19 at
537 2363 37 22 the
584 2364 58 22 close

55 2390 28 21 of
97 2391 52 20 1838
163 2390 44 23 and
222 2391 107 27 begining
344 2390 26 22 of
382 2392 62 21 1839.
472 2390 82 23 There'
562 2398 36 15 are
612 2398 30 15 no

55 2416 87 22 official-
152 2420 86 19 returns
254 2418 26 21 of
293 2418 37 22 the
344 2415 63 29 crop's
417 2418 35 21 for
467 2417 37 22 the
520 2417 64 22 three'
595 2418 47 21 first

55 2450 65 20 years
128 2444 25 21 of
158 2444 36 22 the
204 2445 71 22 above
279 2445 70 27 table;
358 2444 38 21 the
405 2444 81 22 results
492 2451 37 14 are
536 2444 106 28 gathered

54 2470 60 22 from
123 2470 143 23 calculation's
276 2472 65 22 made
349 2474 23 19 at
381 2470 38 23 the
425 2471 61 26 time,
497 2472 46 21 and
552 2479 36 14 are
596 2475 44 24 not,

57 2504 34 15 we
100 2497 92 28 believe,
202 2498 69 22 much
280 2498 57 23 wide
347 2498 25 22 of
380 2498 36 21 the
426 2498 71 21 truth.'

83 2524 49 22 The
141 2524 100 23 increase
251 2526 26 21 of
287 2525 63 22 stock
358 2525 35 22 for
403 2525 39 22 the
454 2524 43 23 last
511 2524 51 23 four
576 2533 66 20 years

57 2557 93 22 appears
159 2554 22 19 to
189 2552 29 22 be
224 2560 5 14 :
231 2563 28 5 —

152 2589 3 8 ,
190 2580 48 16 1838.
318 2580 47 17 1839.
450 2579 47 17 1840.
581 2580 47 16 1841.

55 2598 74 29 Sheep
179 2601 70 21 28000
297 2601 81 23 108700
427 2599 88 23 200160'
560 2602 82 21 242239

54 2625 92 23 Cattle'
178 2629 72 21 -2500
326 2629 54 22 7600
403 2646 5 4 .
443 2629 68 20 16100
574 2628 68 22 17510

55 2652 86 23 Horses
207 2656 43 21 480
339 2657 40 20 800
457 2655 54 21 1060
588 2656 54 21 1154

82 2688 42 21 We
133 2687 56 24 have
199 2696 31 15 no
240 2691 86 21 returns
334 2689 35 22 for
376 2688 39 22 the
424 2691 44 19 two
483 2688 44 22 last
542 2687 70 29 years'
620 2690 26 21 of

54 2712 40 24 the
103 2715 97 22 increase
209 2716 24 21 in
242 2717 48 27 pigs
304 2716 44 22 and
362 2719 81 24 goats.-
469 2715 24 22 It
507 2719 83 19 cannot
603 2716 40 22 but

52 2740 30 23 be
91 2744 69 24 great,
171 2749 23 15 as
203 2743 54 21 both
267 2744 62 22 these
346 2742 147 28 descriptions
502 2742 28 22 of
548 2744 94 21 animals

52 2767 75 23 thrive
136 2770 132 27 amazingly.

83 2795 48 22 The
140 2796 56 21 wool
205 2799 88 19 returns
303 2800 81 19 cannot
397 2796 31 22 be
445 2796 125 27 completed
584 2797 35 21 for
629 2804 13 14 a

54 2822 81 22 month
154 2825 21 18 to
191 2830 69 20 come,
278 2824 46 22 and
329 2824 49 20 'the
396 2823 101 21 increase
516 2826 82 18 cannot
613 2824 29 21 be

55 2848 127 28 accurately
191 2850 145 22 ascertained;
365 2850 23 21 It
396 2849 46 22 will
450 2849 26 22 of
488 2857 77 18 cpurse
574 2850 33 27 be,
619 2853 24 19 at

54 2875 59 23 least
120 2876 165 28 proportionate
294 2881 23 18 to
327 2876 37 22 the
369 2877 101 21 increase
476 2876 27 21 of
513 2876 72 28 sheep,
596 2878 46 21 and

50 2901 64 24 'from
183 2907 107 18 accounts
306 2904 37 21 the
355 2902 59 23 'wool
433 2902 63 22 itself
509 2904 46 20 will
573 2911 26 14 De
617 2904 25 22 in

54 2930 71 22 much
133 2930 99 27 superior
246 2929 117 23 condition'
376 2930 55 21 than
447 2929 48 22 that
510 2930 26 22 of
546 2930 37 22 the
593 2938 49 20 pre-

55 2957 66 21 vious
130 2962 80 22 years.'
240 2957 28 21 In
279 2958 66 26 1839,'
350 2964 41 14 one
402 2957 50 27 ship
462 2956 52 22 took
527 2957 66 22 home
603 2965 40 15 our

55 2984 59 21 wool
152 2984 23 21 in
192 2985 55 21 1840
264 2984 51 22 four
332 2983 83 22 vessels
433 2991 58 14 were
504 2983 80 23 loaded
591 2992 6 20 ;
617 2984 25 22 in

57 3011 53 21 1841
122 3011 43 21 five
174 3010 82 22 vessels
266 3017 57 15 were
334 3010 77 27 taking
421 3010 24 22 in
457 3010 42 22 full
513 3018 90 20 cargoes
607 3012 38 29 \of

56 3045 43 14 our
116 3037 94 23 colonial
222 3038 112 27 produce,'
343 3037 46 21 and
404 3036 93 22 another
516 3038 54 21 will'
582 3046 60 14 com-

55 3071 80 15 mence
145 3065 91 25 loading
244 3064 152 26 immediately
406 3071 30 15 on
445 3064 42 22 her
496 3064 80 22 arrival
584 3065 58 23 from

90 3126 52 24 The
156 3125 112 25 Adelaide
285 3124 150 28 Chroniclers
444 3128 24 20 at
479 3133 13 15 a
502 3124 47 25 loss
562 3130 27 21 to.
594 3126 49 24 find

32 3168 4 11 >
56 3159 107 24 evidence
174 3160 26 24 of
219 3160 59 24 Port
287 3158 127 25 Nicholson
429 3159 129 30 prosperity
568 3159 24 23 in
604 3159 38 24 the

55 3198 108 19 accounts
174 3193 60 24 from
246 3201 41 16 our
298 3192 137 25 settlement.
482 3191 40 24 On
540 3191 102 25 the-con-

54 3228 64 29 trary
144 3234 40 16 our
312 3225 135 25 Australian
472 3229 170 28 contemporary

55 3265 61 24 says,
127 3259 48 24 that
184 3260 56 31 they
258 3261 91 23 contain
367 3259 16 12 **
391 3259 104 30 nothing,
499 3259 141 31 interesting,

54 3290 128 29 butto.our.
191 3293 84 30 minds,
283 3300 18 17 'a
313 3293 99 30 striking
422 3292 98 24 absence
532 3292 26 23 of
572 3300 68 23 every

54 3326 189 29 practical-token
254 3327 26 24 of
489 3325 69 24 Then
567 3325 75 24 follow

55 3364 16 16 a
80 3358 95 24 icamber
186 3360 25 24 of
226 3360 119 24 selections
363 3359 59 25 from
441 3359 39 24 the
498 3359 103 23 columns
619 3359 26 24 of

55 3388 41 25 the
115 3391 57 24 New
189 3392 109 29 Zealand,
309 3396 4 5 '
318 3394 100 28 Gazette,
440 3392 141 32 mentioning
603 3392 39 24 the

54 3422 111 25 intention
176 3426 26 22 of
210 3434 14 15 a
235 3427 93 32 Sydney
339 3426 119 26 merchant
468 3431 23 19 to
499 3430 143 20 concentrate

55 3455 40 24 all-
99 3455 36 24 his
147 3457 100 32 dealings
257 3460 25 23 in.
293 3460 58 25 Port
367 3460 146 29 Nicholson;
534 3459 37 24 the
591 3460 49 23 safe

55 3489 86 24 arrival
151 3490 23 23 of
190 3499 14 15 a
214 3492 63 31 large
292 3494 97 24 number
407 3494 26 23 of
454 3493 85 24 vessels
558 3493 24 23 in
601 3500 41 16 our

57 3527 54 27 port
121 3532 6 21 ;
147 3523 39 23 the
196 3525 47 22 sale
259 3525 26 24 of
298 3526 72 30 stock,
389 3526 114 33 imported
513 3526 58 24 from
583 3526 59 24 New

57 3556 76 24 South
144 3556 87 30 Wales,
250 3562 24 20 at
289 3559 57 30 good
354 3560 88 31 prices;
462 3559 37 25 the
510 3561 46 23 rise
567 3561 24 23 in
602 3559 38 25 the

56 3590 65 31 price
132 3589 26 24 of
171 3589 55 25 land
242 3598 25 15 as
280 3593 83 29 proved
377 3593 32 31 hy
427 3593 58 24 bona
496 3593 51 31 fide
567 3593 59 24 sales
632 3601 6 21 ;

58 3623 46 23 and
115 3623 38 24 the
163 3623 96 24 demand
269 3624 36 24 for
315 3625 80 24 horses
403 3626 47 24 and
460 3626 72 24 brood
547 3634 75 16 mares
633 3635 7 16 :

56 3668 35 5 —
92 3657 31 23 all
134 3656 73 25 which
210 3657 66 24 .facts
287 3657 39 25 the
337 3660 119 30 sagacious
466 3667 64 19 man.
536 3664 24 20 at
575 3657 65 27 Ade-

57 3689 61 25 laide
129 3690 98 24 adduces
238 3691 24 23 in
274 3695 93 28 support
379 3692 25 24 of
417 3693 39 23 his
471 3695 110 23 assertion
591 3693 55 24 that

56 3723 51 25 that
116 3723 65 25 there
195 3725 22 23 is
235 3732 14 16 a
266 3724 124 32 ''striking
405 3726 96 24 absence
524 3727 25 24 of
573 3735 68 23 every

45 3758 118 29 •practical
174 3758 71 24 token
257 3757 26 24 of
297 3758 126 31 prosperity
435 3763 24 19 at
469 3760 59 24 Port
544 3760 96 24 Nichol-

135 3791 44 24 and
194 3791 52 24 that
264 3790 40 24 the
321 3791 83 24 foolish
416 3791 154 32 Adelaidians,
590 3793 50 24 who

83 3832 38 16 are
132 3824 68 25 about
210 3829 25 19 to
244 3824 65 24 leave
316 3824 35 24 for
363 3824 49 24 that
429 3825 129 25 settlement
595 3827 46 23 had

55 3856 73 26 better
139 3862 51 28 stay
200 3858 77 24 where
289 3858 53 32 they
353 3865 48 16 are.
440 3857 26 24 If
487 3857 39 26 the
543 3860 97 24 circum-

55 3894 91 22 stances
156 3891 89 32 quoted*
251 3899 38 17 are
301 3891 107 25 evidence
419 3890 27 25 of
454 3890 119 34 adversity,
581 3892 58 31 how,

54 3923 28 24 in
101 3924 39 24 the
159 3933 69 16 name
245 3925 26 24 of
294 3932 106 18 common
417 3932 75 22 sense,
509 3932 47 18 are-
565 3933 34 17 we
617 3930 24 20 to

54 3956 88 26 exhibit
151 3957 146 34 prosperity?

699 1593 113 21 -Relative
833 1593 107 30 strength
969 1593 26 23 of
1026 1593 39 22 the
1093 1593 100 30 English
1216 1593 45 23 and

673 1625 122 23 American
807 1625 85 24 navies.

755 1662 111 15 ENGLISH.
1052 1663 133 16 AMERICAN.

673 1684 62 26 Ships
746 1685 24 19 of
786 1685 37 20 the
840 1685 44 20 line
908 1685 40 20 104
978 1685 61 27 Ships
1235 1686 26 21 11

673 1712 92 25 Frigates
921 1712 27 21 86
977 1713 94 26 Frigates
1094 1728 106 7 ........
1235 1714 26 20 16

673 1740 94 20 Cruisers
906 1740 41 20 200
978 1741 75 26 Sloops
1234 1742 26 20 21

673 1767 103 20 Steamers
920 1768 26 19 51
977 1768 61 26 Brigs
1247 1769 14 19 4

901 1805 1 4 1
977 1795 118 21 Schooners
1249 1797 12 20 9

700 1822 62 20 Total
904 1823 42 19 441
979 1823 138 21 Steamers.'.
1248 1825 13 19 4

673 1850 23 20 In
739 1851 80 19 Actual
849 1851 98 20 Commis-
978 1851 120 26 Store-ship
1250 1853 10 19 1

781 1879 52 19 sion.
1257 1889 4 6 ■

1005 1906 62 20 Total
1236 1907 25 20 66

673 1932 61 26 Ships
746 1933 24 19 of
793 1933 35 20 the
847 1933 43 20 line
919 1933 27 20 29
976 1933 28 20 In
1042 1932 81 22 Actn'al
1165 1935 96 20 Commis-

673 1959 91 26 Frigates
867 1974 19 8 ...
920 1961 27 19 29
1093 1962 51 20 sion.

673 1987 74 26 Sloops
920 1988 27 19 35
979 1987 62 27 Ships
1064 1988 25 20 of
1100 1989 36 19 the
1148 1989 43 19 line
1235 1990 26 19 *4

673 2015 103 19 Steamers
920 2015 28 19 46
977 2015 94 25 Frigates
1094 2029 116 7 .....,..-
1249 2016 12 19 5

673 2041 87 21 Smaller
765 2041 77 21 vessels
866 2055 7 7 .
878 2056 8 7 .
907 2042 40 20 100
979 2041 75 27 Sloops
1236 2043 25 20 13

977 2069 69 26 Brigs.
1053 2075 34 14 ..'.
1249 2071 12 20 3

698 2095 64 21 Total
906 2097 42 20 239
978 2096 117 20 Schooners
1245 2100 16 19 ,8

866 2134 4 6 •
881 2134 32 6 ■■■■
935 2133 13 6 ■'
979 2124 104 20 Steamers
1250 2127 11 18 2

673 2150 94 21 Manned
774 2151 29 26 by
807 2157 45 14 sea-
979 2151 119 27 Store-ship
1126 2166 75 8 ......
1251 2154 10 19 1

693 2185 48 13 men
866 2179 79 24 21,000
1240 2190 4 6 .
1259 2190 2 7 ■

673 2206 92 21 Marines
886 2207 62 24 9,000
1005 2206 63 21 Total
1235 2209 26 20 36

673 2233 56 26 Boys
885 2234 63 24 4,000

981 2261 96 22 Manned
1087 2262 29 26 by
1127 2262 57 27 (men
1194 2267 6 3 *

698 2288 62 21 Total
872 2289 77 25 34,000
1007 2289 42 20 and
1057 2289 61 28 boys)
1130 2305 46 6 ....
1199 2291 62 25 9,135

697 2323 77 21 *Some
783 2340 3 3 .
793 2324 24 19 of
837 2324 59 20 these
914 2324 59 25 ships
992 2330 35 14 are
1041 2325 156 26 unseaworthy,
1219 2325 42 20 and

673 2357 61 20 many
753 2351 25 20 of
799 2352 36 19 the
853 2352 71 19 others
943 2352 88 26 require*
1049 2352 106 20 extensive
1174 2353 87 25 repairs.

673 2378 73 21 Under
755 2380 59 19 these
823 2378 170 26 circumstances,
1011 2385 29 14 we
1049 2378 61 21 think
1119 2380 19 20 it
1146 2380 53 26 high
1209 2381 51 20 time

673 2406 44 20 that
734 2406 119 26 something
872 2413 41 13 was
933 2406 55 21 done
1006 2406 90 21 towards
1113 2409 148 26 permanently

673 2434 172 26 strengthening
854 2429 43 25 ancf
905 2434 119 26 increasing
1034 2440 41 15 our
1084 2441 60 21 navy.
1146 2445 28 5 —
1174 2436 85 20 Ameri-

673 2468 37 14 can
715 2467 75 17 paper.
1064 2461 4 3 '
1082 2471 2 5 •

821 2509 173 18 GOVERNESS

701 2537 47 20 Our
757 2544 111 20 governess
878 2538 39 19 left
925 2543 35 18 us,
971 2537 49 20 dear
1028 2536 95 27 brother,

727 2565 52 20 Last
789 2566 60 25 night
859 2565 23 20 in
892 2572 12 13 a
913 2568 85 23 strange
1009 2566 29 23 fit,
1044 2565 26 24 of.
1080 2566 92 26 piques-

697 2592 53 21 Will
759 2599 44 21 you
811 2592 75 27 kindly
895 2593 50 20 seek
955 2596 38 17 out
1002 2592 35 21 for
1044 2593 88 20 another
1141 2594 19 21 ?,.

725 2620 40 21 We
774 2623 54 18 want
837 2621 38 20 her
885 2623 21 17 at
919 2621 64 19 latest
993 2622 51 19 next
1059 2621 64 20 week.

697 2647 45 21 But
751 2648 37 21 I'll
796 2648 45 26 give
850 2654 43 20 you
901 2654 14 14 a
924 2648 40 20 few
973 2648 57 26 plain
1048 2648 132 21 credentials.

725 2676 46 20 The
781 2676 87 26 bargain
876 2676 53 20 -with
938 2676 66 26 speed
1012 2678 25 18 to
1047 2676 106 26 complete
1161 2683 7 17 ;

698 2704 57 20 Take
765 2710 13 13 a
786 2710 70 20 pea—
854 2704 44 24 just
908 2705 33 18 set
951 2703 61 20 down
1023 2704 37 19 the
1070 2704 115 24 essentials,

725 2731 51 20 And
783 2731 62 26 begin
854 2733 23 18 at
880 2731 42 20 'the
932 2734 37 23 top
982 2731 25 20 of
1017 2731 37 20 the
1065 2731 67 21 sheet.

699 2768 42 21 She
750 2770 57 18 must
816 2774 78 15 answer
904 2768 29 20 all
943 2768 82 26 queries
1035 2768 99 27 directly,

727 2796 36 20 All
772 2796 91 20 sciences
873 2796 51 20 well
937 2795 160 21 understand—

697 2823 63 21 Faint
769 2824 22 19 in
802 2823 47 23 oils,
859 2822 75 21 sketch
943 2823 57 20 from
1010 2825 75 18 nature
1092 2824 113 26 correctly,

725 2851 51 20 And
785 2850 59 21 write
854 2850 91 21 German
955 2853 47 18 text
1010 2851 42 20 and
1062 2851 62 20 short
1133 2851 57 20 hand
1198 2858 6 18 ;

698 2878 42 20 She
746 2880 57 18 must
809 2878 46 25 sing
861 2878 50 20 with
917 2884 78 21 power,
1001 2878 89 24 science,
1095 2879 41 19 and
1141 2881 116 24 sweetness,

725 2905 44 21 Yet
777 2906 34 19 for
820 2907 95 19 concerts
924 2907 58 18 must
991 2907 38 18 not
1039 2905 50 26 sigh'
1094 2909 23 16 at
1132 2906 59 20 all—

669 2942 2 3 '
699 2933 42 20 She
750 2935 57 18 must
816 2933 66 19 dance
890 2933 52 19 with
951 2933 94 19 ethereal
1054 2933 115 26 fleetness,,

726 2960 44 20 Yet
779 2966 63 15 never
852 2962 57 18 must
918 2966 27 19 go
955 2962 24 18 to
989 2966 13 14 a
1011 2960 50 20 ball.

699 2994 42 21 She
750 2996 58 19 must
816 2996 38 18 not
863 2994 54 21 have
926 2994 74 26 needy,
1006 2994 100 25 gelations
1113 3002 8 17 ;

690 3034 6 2 -
726 3022 46 21 Her
781 3023 57 20 dress
848 3024 56 18 must
914 3022 26 19 be
950 3022 94 23 tasteful,
1055 3024 36 24 yet
1099 3022 59 27 plain
1169 3029 6 18 ;

698 3050 46 20 Her
755 3050 106 21 discourse
871 3052 58 18 must
938 3049 85 20 abound
1030 3049 26 20 in
1069 3050 121 26 quotations
1198 3057 6 17 ;

727 3077 46 21 Her
781 3083 94 21 memory
884 3078 28 19 all
922 3077 59 20 dates
991 3079 57 18 must
1057 3078 69 20 retain
1134 3085 6 17 ;

698 3105 42 20 She
749 3107 57 18 must
811 3105 61 27 point
882 3107 38 18 out
927 3105 52 20 each
986 3105 95 20 author's
1088 3105 57 20 chief
1149 3105 96 21 beauties
1254 3113 3 13 :

671 3149 2 5 ,
686 3135 3 3 '
726 3133 43 20 She
778 3135 56 18 must
842 3138 88 21 manage
937 3132 47 20 dull
992 3134 86 18 natures
1088 3133 50 20 with
1147 3133 51 20 skill
1206 3141 6 17 ;

697 3159 46 21 Her
752 3161 105 26 pleasures
867 3163 58 17 must
934 3160 28 20 lie
971 3159 24 21 in
1005 3161 37 19 her
1051 3159 69 21 duties
1127 3168 7 17 ;
1141 3168 7 13 •,

727 3187 42 21 She
777 3190 61 18 must
844 3194 62 14 never
915 3188 27 20 be
951 3194 92 14 nervous
1053 3194 25 14 or
1087 3187 32 21 ill.

698 3221 22 21 If
732 3222 37 21 she
777 3223 70 20 writes
856 3229 79 19 essays,
946 3222 57 24 odes,
1012 3222 89 26 themes,
1111 3222 46 21 and
1162 3224 95 24 sonnets,

725 3248 44 22 Yet
777 3250 26 19 be
812 3252 38 17 not
859 3250 99 26 pedantic
968 3255 25 15 or
1002 3252 48 24 pert
1059 3257 6 17 ;

698 3276 24 21 If
733 3276 38 21 she
780 3283 53 14 wear
842 3283 55 14 none
906 3277 101 28 but^deep
1017 3277 183 26 cottage,bonnets
1211 3285 14 17 ;.

726 3303 24 20 If
761 3304 37 20 she
809 3304 59 20 deem
877 3304 17 20 it
903 3304 52 26 high
966 3307 85 18 treason
1060 3307 24 18 to
1092 3305 44 20 flirt
1142 3312 7 17 ;

697 3331 23 20 If
730 3333 23 18 to
763 3332 100 20 mildness
872 3332 38 20 she
920 3332 42 19 add
971 3338 59 14 sense
1039 3332 43 20 and
1092 3329 63 30 spirit
1162 3339 7 18 ;
1205 3345 6 3 -
1242 3343 5 3 -

711 3375 4 4 .
722 3358 93 27 .Engage,
820 3359 39 20 her
868 3361 22 18 at
898 3365 53 14 once
960 3359 91 21 without
1057 3359 53 22 fear.
1122 3358 5 22 ',

697 3386 13 20 I
718 3386 48 20 love
777 3389 21 17 to
807 3387 79 19 reward
895 3386 84 20 modest
987 3387 76 25 merit,.

725 3413 51 21 And
785 3413 12 21 I
805 3414 75 26 give—
880 3415 77 24 /we»/y
964 3415 87 24 guineas
1060 3420 74 19 a-year
1144 3416 11 20 !

708 3469 50 21 The
777 3468 114 21 Meeting
911 3474 30 14 of
959 3474 48 14 the
1024 3467 84 22 Poets.
1109 3479 28 4 —
1137 3468 46 21 The
1204 3469 53 21 New

673 3497 86 20 Orleans
770 3497 86 20 Gazette
861 3498 73 22 states,
941 3495 47 21 that
1019 3495 24 20 in
1052 3502 14 14 a
1075 3495 45 28 city
1124 3497 47 19 well
1179 3496 78 21 known

670 3528 22 17 to
703 3530 62 21 every
774 3524 56 26 body
830 3534 25 5 —
856 3523 20 21 if
882 3524 51 25 they
943 3529 39 14 can
988 3523 45 20 find
1049 3525 38 18 out
1096 3525 36 19 the
1146 3530 63 14 name
1231 3534 26 5 —

669 3559 13 13 a
690 3552 93 27 poetical
791 3551 73 26 genius
873 3557 42 14 was
929 3550 77 21 hauled
1018 3557 31 20 up
1058 3551 72 21 before
1143 3558 14 13 a
1165 3551 92 26 poetical

670 3580 120 26 magistrate
795 3579 33 21 for
837 3579 81 25 kissing
927 3584 14 14 a
949 3578 42 26 girl
999 3579 42 19 and
1047 3578 87 27 kicking
1139 3585 30 20 up
1178 3585 13 13 a
1201 3579 56 24 dust,

670 3608 41 19 and
718 3607 37 20 the
761 3606 107 26 following
875 3606 155 20 characteristic
1035 3605 96 27 dialogue
1136 3606 81 21 ensusd
1224 3613 33 13 :—

670 3634 132 27 Magistrate.
805 3645 25 4 —
830 3633 23 20 Is
863 3640 52 20 your
925 3639 61 14 name
996 3633 59 20 John
1063 3633 41 26 Jay
1111 3634 9 19 ?
1132 3641 4 4 •

698 3662 105 21 Prisoner.
804 3672 27 4 —
831 3661 52 25 Yes,
892 3667 56 21 your
956 3660 85 25 Honor,
1052 3666 24 15 so
1084 3661 36 20 the
1129 3660 76 26 people
1214 3666 43 20 say.

670 3690 35 21 M;
705 3700 25 5 —
732 3689 50 21 Was
791 3689 18 20 it
818 3695 43 20 you
870 3689 47 20 that
925 3688 72 21 kissed
1003 3688 37 21 the
1049 3688 40 26 girl
1095 3688 42 21 and
1146 3688 70 21 raised
1223 3688 34 20 the

752 3717 81 21 alarm?
1077 3721 104 19 >-■'

697 3745 54 22 P.—
750 3744 51 25 Yes,
819 3750 55 21 your
891 3744 85 24 Honor,
996 3742 39 22 but
1054 3742 12 23 I
1085 3742 91 27 thought
1192 3742 20 21 it
1230 3747 27 18 no

751 3772 68 21 harm.

669 3800 34 21 M.
703 3810 27 5 —
730 3799 51 21 You
799 3798 67 21 rascal
873 3801 6 18 1
898 3798 38 21 did
953 3803 45 22 yon
1015 3803 61 16 come
1090 3798 50 20 here
1156 3798 23 19 to
1197 3796 60 21 make

751 3827 99 27 rhymes?

696 3854 25 22 P.
723 3864 26 6 —
749 3854 44 24 No,
807 3859 54 21 your
868 3852 83 26 Honor,
964 3852 41 21 but
1012 3852 19 20 it
1041 3851 43 21 will
1096 3851 83 27 happen
1188 3856 69 15 some-

753 3881 70 21 times.

669 3908 34 22 M.
703 3918 28 6 —
731 3907 32 21 Be
770 3907 35 25 off,
816 3912 43 21 you
868 3911 71 21 scamp
947 3907 6 18 1
984 3905 42 22 Get
1035 3907 40 19 out
1083 3905 23 21 of
1110 3911 38 21 my
1157 3904 64 26 sight.

696 3935 54 22 P.—
749 3934 117 24 Thankee,
882 3938 54 22 your
951 3932 100 28 Honour,
1066 3933 44 23 cad
1125 3932 132 28 I'Ubid.you

751 3961 59 30 fcood
817 3961 72 28 night.

564 36 243 49 Q&tttism
831 38 211 43 SSfatantr
1065 31 194 56 &*?ttt*
1282 40 94 41 att&
1398 40 304 48 C^eliingtott
1721 37 97 52 &st
1818 42 157 42 ttator*

1276 212 5 14 I
1333 224 3 2 .
1411 217 3 3 '

1582 272 5 4 ■
1606 267 4 4 '
1830 266 100 20 Salaries.
2057 266 160 27 Contingencict.
2308 278 4 6 ■
2358 268 87 26 qf'each
2482 264 3 8 '

2334 295 146 25 Department.

1602 319 25 26 L
1652 319 74 26 THE
1744 319 193 26 GOVERNOR
1953 320 76 25 AND
2046 320 124 28 JUDGE.

1818 351 24 24 £
1895 359 17 15 #.
1940 353 23 21 d.
2073 352 22 24 £
2143 360 20 15 t.
2195 354 35 25 4._
2335 354 24 23 £
2411 362 19 14 m.
2457 356 22 21 d.

1292 378 47 25 His
1350 379 140 34 Excellency
1500 380 40 24 the
1552 380 120 24 Governor
1700 397 9 7 .
1717 396 7 8 .
1734 396 7 8 .
1750 396 8 8 .
1797 383 66 22 1200
1896 384 16 22 0
1945 384 82 22 0..

1289 411 50 25 His
1350 413 99 25 Honour
1458 414 40 24 the
1510 414 72 24 Chief
1590 413 88 25 Justice
1699 428 59 10 ....
1797 416 65 22 1000
1896 417 16 21 0
1945 416 81 23 0..
2253 431 24 8 ..
2317 412 3 5 '
2357 435 3 5 .
2396 436 2 6 ,

1983 502 5 5 ,
2313 483 67 23 2200
2413 484 16 22 0
2464 485 17 21 0

1298 508 179 44 ;.'*■:'
1646 511 38 26 11.
1705 511 96 26 CIVIL
1818 512 304 25 ESTABLISHMENT.
2154 514 3 4 '

1513 552 216 19 ESTABLISHMENT
1747 552 32 17 OF
1797 553 42 17 HIS
1857 553 170 17 EXCELLENCY
2044 553 50 18 THE
2113 554 149 17 COVERNOR.
2444 551 9 24 .'

1284 577 100 25 -Private
1395 579 119 31 Secretary
1814 581 48 22 150
1896 582 16 21 0
1945 582 82 21 0..

1289 610 174 34 Aid-de-camp,
1476 613 36 26 7s.
1526 612 39 24 6d.
1576 619 44 24 per
1634 611 61 24 diem
1732 627 24 8 ..
1813 613 48 23 136
1881 613 30 25 17
1945 613 16 23 6
2001 628 26 8 ..

1291 644 191 32 Superintendant
1493 645 27 24 of
1526 645 38 24 the
1573 645 115 24 Domain.
1698 660 7 9 .
1731 660 25 8 ..
1812 646 48 23 180
1895 648 15 21 0
1945 647 82 22 0..

1291 677 94 31 Ranger
1396 683 23 19 at
1429 680 36 23 4s.
1479 678 40 24 6d.
1528 686 41 23 per
1581 678 61 24 diem
1680 693 76 9 ....
1827 679 33 23 82
1894 679 15 23 2
1943 679 16 23 6
2001 694 7 8 .
2017 695 8 7 .

1291 710 170 33 Office-keeper
1472 715 23 20 at
1506 713 38 23 3s.
1557 711 40 25 6d.
1612 718 42 24 per
1665 710 90 25 diem..
1826 712 33 23 63
1879 711 30 26 17
1943 712 17 23 6
2001 726 69 9 ...
2253 728 24 8 „.
2297 735 3 2 .

1291 743 128 25 Labourers
1464 761 30 11 ...
1634 759 23 9 ..
1735 759 24 9 ..
2004 761 23 7 ..
2064 745 50 23 438
2149 747 17 21 0
2199 745 96 24 0..'

1291 776 88 32 Forage
1390 777 35 24 for
1441 777 65 24 three
1522 777 82 24 horses
1615 777 36 23 for
1662 777 39 24 the
1713 777 50 23 Go-

1322 817 89 22 vernor,
1423 819 42 15 one
1477 811 36 23 for
1524 811 95 23 Private
1632 810 128 31 Secretary,

1322 843 47 23 and
1386 851 42 16 one
1445 844 36 23 for
1498 843 177 31 Aid-de-camp,
1688 847 25 20 at
1722 845 39 24 2s,
1943 852 6 6 -

1322 877 44 23 6s..
1372 876 56 24 each
1437 885 42 24 per
1489 877 61 24 diem
2001 893 8 7 .
2018 893 7 9 .
2063 878 49 22 228
2146 879 17 22 0
2197 879 16 22 0
2252 892 35 10 ..,

1973 920 5 8 >

1973 920 5 8 >

1810 944 50 22 612
1880 943 29 25 17
1943 944 16 22 6
2000 959 24 8 ..
2062 944 49 23 666
2145 945 16 23 2
2196 945 16 22 6
2251 960 24 8 ..
2315 944 64 26 1279
2413 946 17 22 0
2464 947 15 21 0

1612 982 145 18 EXECUTIVE
1776 982 54 17 AND
1848 982 167 18 LEGISLATIVE
2033 983 130 18 COUNCILS.

1293 1008 69 25 Clerk
1373 1009 26 24 of
1408 1009 37 25 the
1456 1009 110 25 Councils
1649 1026 8 7 .
1666 1026 8 8 .
1735 1025 7 8 .
1751 1025 8 8 .
1813 1011 50 23 350
1898 1012 14 21 0
1947 1012 80 22 0..

1291 1042 50 25 One
1354 1043 71 24 Clerk
1466 1066 3 3 .
1564 1060 8 7 .
1582 1059 7 7 .
1815 1044 47 23 125
1897 1045 15 21 0
1945 1045 17 21 0
2002 1059 8 7 .
2018 1059 8 8 .

1289 1075 136 32 Messenger
1831 1075 32 24 70
1897 1078 129 22 00..
2253 1092 24 8 ..

1290 1108 76 25 Extra
1376 1109 37 24 do.
1425 1109 84 31 during
1521 1109 96 24 Session
1624 1108 25 24 of
1656 1108 106 29 Council,

1323 1150 43 23 say
1378 1144 32 22 80
1420 1142 55 31 days
1486 1147 24 18 at
1522 1144 37 22 ss.
1679 1145 6 6 v
2002 1158 8 8 
2080 1144 34 22 22
2133 1145 31 21 10
2198 1144 17 22 0
2253 1158 24 9 

1290 1175 130 25 Incidental
1431 1182 112 25 expenses
1598 1191 8 8 .
1615 1190 8 9 .
1733 1190 7 9 
2001 1191 24 9 ..
2079 1177 33 22 20
2146 1179 16 21 0
2196 1178 17 22 0
2252 1193 31 10 ...

1801 1219 38 6 —
1839 1217 2 7 .

1801 1219 38 6 —
1839 1218 2 6 ,

1809 1242 49 23 545
1893 1243 16 22 0
1942 1243 81 23 0..
2077 1243 33 22 42
2130 1244 31 22 10
2194 1244 17 22 0
2248 1259 26 12 
2329 1243 49 25 587
2398 1243 33 23 10
2464 1245 17 22 0

1626 1280 128 18 COLONIAL
1774 1274 168 24 SECRETARY'S
1960 1281 185 18 DEPARTMENT.

1290 1307 104 25 Colonial
1409 1308 121 31 Secretary
1597 1324 8 8 .
1614 1323 8 8 .
1664 1323 8 9 .
1681 1324 8 7 .
1732 1323 8 8 .
1749 1323 8 8 .
1811 1309 51 22 610
1896 1310 14 21 0
1945 1310 80 22 0..
2175 1320 3 5 •
2252 1324 8 8 .
2269 1324 8 8 .
2432 1324 4 6 ,

1291 1341 69 24 Chief
1369 1341 70 25 Clerk
1813 1342 50 23 300
1898 1344 14 21 0
1945 1343 82 22 0..

1291 1374 90 30 Clerks,
1394 1382 42 16 one
1454 1379 25 19 at
1493 1374 80 29 £170,
1587 1378 45 20 two
1650 1377 24 20 at
1689 1374 73 24 £140

1322 1408 65 30 each,
1400 1408 44 23 and
1453 1415 42 16 one
1507 1412 24 19 at
1542 1408 71 24 £125
1664 1423 7 7 .
1681 1423 8 8 .
1734 1423 6 8 .
1749 1423 8 8 .
1813 1407 49 25 575
1896 1409 15 22 0
1945 1410 81 21 0..

1290 1441 136 32 Messenger
1830 1440 33 26 70
1897 1443 14 21 0
1945 1443 17 21 0
2003 1456 23 9 ..

1290 1474 51 24 One
1354 1474 121 25 Assistant
1487 1474 72 24 Clerk
1569 1478 25 20 at
1606 1474 36 23 6s.
1651 1480 43 24 per
1705 1473 59 24 diem
2003 1490 8 7 .
2019 1490 9 9 .
2067 1474 48 24 109
2149 1476 15 22 0
2199 1476 80 22 0..

1289 1507 129 25 Incidental
1429 1514 111 25 expeoses
1599 1522 160 10 .......
2003 1523 24 8 ..
2083 1509 31 22 10
2148 1509 130 23 00..

1797 1575 65 22 1555
1896 1575 14 22 0
1945 1575 17 21 0
2003 1589 24 9 ..
2067 1575 47 23 119
2133 1575 31 23 10
2199 1575 18 22 0
2254 1589 25 14 
2317 1574 67 27 1674
2401 1575 33 23 10
2467 1576 16 22 0

1817 1613 142 18 TREASURY.

1289 1640 127 26 Treasurer
1462 1656 24 9 ..
1529 1655 25 9 ..
1597 1656 26 8 ..
1665 1656 7 8 .•.
1681 1655 9 9 •
1717 1647 42 17 '».
1812 1641 50 23 610
1883 1643 27 25 ,0
1945 1642 17 22 0
1982 1657 43 7 ...
2252 1656 25 8 ..
2425 1650 11 5 -

1291 1674 70 24 Chief
1372 1673 70 26 Clerk
1815 1674 50 23 200
1898 1676 16 21 0
1948 1675 80 22 0..

1291 1708 91 28 Clerks,
1398 1713 43 18 two
1452 1711 24 20 at
1487 1707 72 25 £140
1577 1706 64 29 each,
1659 1706 46 24 and
1721 1713 44 17 one

1322 1746 25 19 at
1359 1742 71 24 £120
1814 1741 49 23 405
1898 1742 16 21 0
1947 1742 80 22 0..

1289 1774 153 24 Auctioneers
1455 1773 154 25 Commission
1667 1789 92 16 •__•••
2003 1789 7 8 •
2019 1790 7 7 •
2066 1774 48 23 100
2147 1775 16 23 0
2199 1775 16 22 0

1290 1808 52 24 One
1349 1807 191 25 Sub-Treasurer
1545 1806 85 25 atPort
1634 1805 128 25 Nicholson
1815 1808 48 21 100
1896 1808 16 22 0
1945 1808 81 23 0..
2253 1823 7 8 .
2269 1822 9 9 .

1796 1874 65 23 1315
1896 1875 14 22 0
1944 1875 17 22 0
2001 1889 24 9 ..
2064 1875 48 22 100
2147 1876 16 21 0
2197 1875 17 22 0
2251 1889 26 8 ..
2316 1875 64 23 1515
2416 1875 16 22 0
2466 1875 17 22 0

1843 1913 88 17 AUDIT.

1293 1941 76 24 Three
1388 1940 190 25 Commissioners
1652 1955 7 8 .
1669 1955 7 8 .
1736 1954 25 9 ..
2004 1956 26 8 ..
2257 1955 8 9 .
2273 1955 8 8 .

1291 1974 68 24 Chief
1369 1974 72 24 Clerk
1811 1974 51 22 220
1895 1975 15 22 0
1922 1995 4 3 .
1943 1975 18 21 0
2001 1989 7 7 .
2017 1989 8 8 .
2254 1988 25 11 ...

1279 2007 153 29 jClerk^.one
1440 2011 25 19 at
1473 2007 72 24 £l4o
1552 2005 96 24 andone
1655 2010 23 19 at
1689 2006 71 25 £125
1811 2007 51 22 265
1895 2008 15 22 0
1943 2008 82 22 0..
2253 2022 24 9 ..
2314 2003 69 28 '485
2417 2008 16 22 0
2466 2008 18 22 0

1826 2045 121 18 CUSTOMS.

1824 2071 126 24 Auckland.

1291 2105 114 24 Collector
1455 2120 25 9 ..
1812 2106 51 23 500
1896 2107 15 22 0
1945 2106 81 23 0..

1289 2138 134 25 Additional
1434 2142 23 20 to
1474 2142 92 28 present
1582 2136 81 25 holder
1735 2153 25 9 ..
1815 2139 49 23 100
1896 2140 17 22 0
1946 2140 18 22 0
1996 2150 31 12 •».

1291 2172 52 24 One
1357 2172 113 24 Collector
1815 2172 48 23 150
1896 2173 16 22 0
1945 2172 18 23 0
2003 2188 7 7 .
2019 2187 7 8 .
2256 2187 77 12 ...

1291 2205 52 24 One
1352 2205 109 31 Landing
1471 2204 89 25 Waiter
1577 2203 47 25 and
1633 2203 60 25 Tide
1705 2203 59 25 Sur-
2194 2212 4 15 \

1323 2247 71 23 veyor
1815 2239 49 22 200
1898 2240 15 22 0
1947 2240 81 22 0..

1288 2271 55 26 .One
1355 2271 92 25 Locker
1682 2287 9 8 •
1735 2287 7 8 .
1751 2286 8 8 .
1815 2271 48 24 150
1898 2274 15 20 0
1947 2273 80 22 0..
2255 2286 24 8 ..

1291 2305 52 24 One
1356 2306 136 31 Messenger
1564 2321 7 7 .
1581 2318 8 10 *
1667 2320 92 8 ....
1831 2304 33 26 70
1898 2306 14 22 0
1947 2306 17 21 0
2003 2320 8 8 .
2020 2320 8 8 .

1290 2339 64 24 Five;
1364 2339 113 24 Boatmen
1496 2342 25 20 at
1538 2338 61 26 £70.
1608 2336 57 25 each
1736 2353 24 8 ..
1816 2339 49 23 350
1899 2340 15 22 0
1946 2339 83 23 0..

1291 2372 59 24 Hire
1369 2372 27 24 of
1411 2376 65 20 extra
1493 2370 59 25 Tide
1561 2370 102 25 Waiters
1735 2386 9 8 .
1752 2386 9 9 .
2004 2387 7 8 .
2021 2386 8 9 .
2067 2372 48 23 100
2149 2372 16 23 0
2200 2372 17 22 0

1289 2405 131 25 Incidental
1441 2412 113 25 expenses
1634 2420 8 8 .
1651 2419 7 9 .
1735 2419 8 9 .
1752 2419 9 9 .
2003 2405 276 23 ..5000..

1797 2473 65 22 1520
1896 2474 15 21 0
1945 2473 18 22 0
2002 2471 111 24 ..150
2147 2473 16 22 0
2198 2472 25 24 0.
2254 2486 25 14 
2317 2470 67 27 1670
2417 2472 17 23 0
2466 2473 18 22 0

1838 2503 101 25 Russell.

1276 2528 1 46 j
1290 2538 53 25 One
1355 2538 180 25 Sub-Collector
1601 2554 8 8 .
1618 2554 7 8 .
1707 2551 53 11 ...
1815 2539 50 23 200
1898 2540 16 22 0
1947 2539 82 23 0..
2255 2553 9 8 .
2272 2552 8 9 .

1276 2577 1 26 j
1289 2572 52 24 One
1354 2572 108 31 Landing
1470 2571 91 25 Waiter
1572 2571 47 25 and
1629 2570 60 25 Tide
1705 2570 59 25 Sur-

1321 2614 71 23 veyor
1497 2622 8 8 .
1514 2621 8 8 .
1632 2621 8 7 •
1649 2621 8 8 •
1734 2619 8 9 •
1750 2619 9 9 •
1815 2605 48 23 150
1897 2607 15 21 0
1947 2605 81 24 0..
2255 2619 10 9 •
2272 2616 9 11 *

1289 2638 52 25 One
1354 2639 92 24 Locker
1458 2638 45 25 and
1514 2638 59 25 Tide
1584 2638 89 24 Waiter
1731 2653 26 8 ..
1813 2639 49 22 130
1895 2640 15 21 0
1944 2640 17 21 0
2001 2654 24 8 ..

1289 2672 57 24 Five
1359 2673 112 24 Boatmen
1482 2676 25 20 at
1516 2672 53 26 £70
1582 2671 58 24 each
1697 2684 3 5 •
1732 2687 9 7 .
1749 2686 8 8 .
1813 2672 49 23 350
1896 2673 15 21 0
1945 2673 82 23 0..
2254 2685 8 9 •
2271 2685 8 9 .

1291 2705 58 25 Hire
1366 2706 30 24 of-
1408 2710 64 20 extra
1489 2704 61 25 Tide
1559 2705 103 24 Waiters
1735 2720 7 8 .
1752 2719 7 9 .
2083 2705 33 22 20
2150 2705 16 23 0
2200 2705 18 22 0
2255 2719 25 8 ...

1289 2739 130 25 Incidental
1429 2746 113 25 expenses
1630 2753 129 9 ....
1858 2750 5 5 ■
2001 2753 25 9 ..
2081 2738 33 24 30
2148 2739 131 21 00..

1813 2806 49 22 830
1895 2807 15 21 0
1944 2806 17 22 0
2000 2820 25 9 ..
2079 2805 33 23 50
2147 2805 15 23 0
2197 2805 17 22 0
2253 2819 24 8 
2332 2803 50 24 880
2415 2805 16 21 0
2464 2805 18 22 0

1812 2836 148 32 Wellington.
2443 2838 5 5 '
2475 2858 3 5 ,

1289 2871 59 27 One,
1353 2873 179 25 Sub-Collector
1622 2887 23 9 ..
1731 2887 25 9 ..
1811 2873 49 22 200
1895 2873 14 22 0
1944 2873 81 22 0..
2253 2885 24 8 ..

1289 2905 53 25 One
1359 2906 97 25 Clerks
1564 2922 25 7 ..
1815 2906 48 23 130
1897 2906 15 22 0
1947 2906 17 22 0
2003 2920 25 9 ..

1289 2938 51 25 One
1354 2939 108 33 Landing
1471 2939 90 25 Waiter
1572 2938 47 25 and
1629 2938 59 24 Tide
1704 2938 59 24 Sur-

1322 2981 71 23 veyor
1564 2988 8 8 .
1581 2989 7 8 .
1734 2987 8 8 .
1751 2987 8 8 .
1813 2972 51 22 200
1897 2972 15 23 0
1946 2972 81 22 0..

1289 3005 52 25 One
1353 3006 58 25 Tide
1422 3006 89 24 Waiter
1522 3007 46 23 and
1584 3005 94 25 Locker
1733 3020 26 9 ..
1814 3005 56 26 130,
1896 3005 16 23 0
1946 3005 81 22 0..
2253 3017 24 9 ..
2476 3012 5 4 •

1364 3040 113 24 Boatmen
1488 3044 25 19 at
1532 3040 55 26 £70
1605 3038 57 25 each
1720 3052 39 10 -..
1813 3038 50 23 350
1896 3038 131 23 00..
2252 3050 25 9 ..

1289 3073 59 23 Hire
1361 3073 26 24 of
1396 3077 65 21 extra
1471 3073 60 24 Tide
1542 3073 101 24 Waiters
1733 3087 8 7 .
1750 3086 8 8 .
2000 3085 9 8 .
2017 3085 8 8 .
2064 3070 48 23 100
2146 3070 17 22 0
2197 3069 18 23 0
2253 3084 9 8 .
2270 3083 8 9 .

1288 3106 128 25 Incidental
1427 3114 112 25 expenses
1613 3122 8 8 .
1629 3121 7 8 .
1731 3120 8 7 •
1748 3119 8 8 •
1999 3118 9 9 .
2016 3117 7 9 .
2077 3103 34 22 50
2145 3104 16 21 0
2196 3103 17 22 0
2251 3117 9 10 .
2269 3117 8 8 .

1796 3171 66 22 1010
1895 3171 15 22 0
1944 3171 17 22 0
2000 3183 25 10 ..
2063 3169 49 24 150
2146 3170 15 22 0
2197 3170 17 22 0
2251 3183 26 10 ..
2315 3169 67 24 1160
2415 3169 17 24 0
2464 3170 18 23 0

1808 3225 5 13 t
1837 3200 94 26 Nelson.
2051 3219 4 4 .
2163 3225 4 3 ,
2220 3200 3 4 '

1288 3239 52 25 One
1372 3238 179 27 Sub-Collector
1579 3237 46 25 and
1653 3235 110 32 Landing

1319 3273 89 24 Waiter
1552 3288 8 8 .
1569 3287 9 8 .
1729 3285 7 8 •
1745 3284 9 9 •
1809 3270 49 22 200
1891 3271 15 21 0
1941 3270 112 22 0..-
2248 3284 8 8 .
2265 3274 11 19 ;
2324 3293 6 4 .
2378 3295 7 5 T
2444 3273 14 4 ~

1287 3306 58 24 Five
1355 3307 112 24 Boatmen
1479 3309 24 20 at
1520 3305 56 26 £70
1591 3303 57 25 each
1732 3318 25 10 ...
1813 3303 49 23 350
1896 3305 15 20 0
1944 3303 81 22 0..
2252 3317 26 9 ..

1287 3339 131 25 Incidental
1428 3346 112 25 expenses
1623 3353 25 8 ..
1731 3351 25 9 ..
1971 3350 37 10 .•
2016 3350 9 9 •
2078 3335 34 24 20
2146 3336 131 24 00..

1810 3403 50 22 550
1893 3404 16 21 0
1942 3404 24 22 0.
1999 3417 24 8 ..
2079 3402 95 28 20.0.
2196 3403 18 23 0
2239 3418 38 12 ...
2330 3400 50 26 570
2411 3400 18 23 0
2461 3400 18 23 0

1782 3434 59 25 New
1858 3433 132 33 Plymouth.
2076 3458 4 10 t
2474 3443 5 4 -

1288 3472 52 25 One
1371 3472 177 25 Sub-Collector
1579 3470 46 25 and
1653 3468 109 31 Landing
1928 3476 3 4 •
2081 3473 3 5 '

1319 3506 90 24 Waiter
1553 3520 25 8 ..
1730 3517 26 9 ..
1810 3502 50 23 200
1894 3503 15 22 0
1943 3503 82 23 0..
2250 3514 24 9 ..

1287 3539 57 25 Five
1357 3539 111 25 Boatmen
1481 3542 24 20 at
1515 3538 56 26 £70
1580 3535 57 25 each
1728 3550 26 9 ..
1810 3536 51 23 350
1895 3536 15 23 0
1944 3536 80 23 0..
2182 3560 4 2 .
2250 3546 26 11 ..
2329 3532 3 9 '
2380 3559 4 3 .
2411 3539 60 35 '{^

1287 3572 129 25 Incidental
1426 3578 112 26 expenses
1569 3571 109 22 •'-..-
1732 3583 25 9 ..
1861 3578 9 3 -
2001 3583 24 9 ..
2079 3569 40 27 20.
2146 3569 16 23 0
2195 3567 18 23 0
2250 3580 24 10 ..

1441 3647 7 4 -
1809 3636 51 23 550
1893 3637 16 22 0
1943 3635 17 23 0
2000 3649 24 9 ..
2077 3635 34 23 20
2146 3635 15 22 0
2195 3633 32 27 0,
2250 3646 25 10 ..
2329 3631 50 29 57Q
2411 3632 28 29 0,.
2461 3632 18 23 0

1320 3687 205 19 COMMISSIONERS
1542 3686 52 17 FOR.
1611 3684 120 19 HEARING
1745 3684 55 19 AND
1816 3679 156 23 REPORTING'
1982 3684 35 18 ON
2035 3684 88 18 TITLM
2138 3682 56 19 ANJB
2211 3681 92 19 CLAIMS
2318 3680 34 18 TO
2364 3680 80 18 LAND.

1288 3715 53 24 One
1351 3714 178 26 Commissioner
1612 3727 25 9 ..
1731 3726 25 9 ••
1796 3712 66 26 1000
1895 3713 26 26 0.
1944 3713 17 22 0
2001 3727 9 10 .
2017 3726 8 8 .
2251 3722 25 10 ••
2451 3714 29 21 A.

1288 3748 53 25 One
1354 3746 70 27 Clerk
1433 3746 45 25 and
1488 3746 142 32 Interpreter
1731 3760 8 9 .
1748 3760 9 9 .
1811 3745 50 24 150
1895 3746 15 23 0
1945 3746 80 23 0..
2243 3742 15 24 '..-■.
2266 3753 34 12 .-■
2401 3757 5 3 -
2450 3755 3 4 •

1287 3781 133 30 Travelling
1433 3780 122 32 Expenses
1628 3793 128 10 ....
1886 3790 2 9 -
1999 3792 25 9 ..
2061 3776 49 24 200
2145 3776 16 23 0
2194 3776 19 23 0
2250 3778 34 21 ..'
2323 3792 3 7 >
2377 3783 3 9 >
2385 3777 4 10 :
2401 3775 3 5 '
2446 3773 7 25 .'

1386 3861 3 4 •
1401 3852 19 18 v
1613 3865 5 3 .
1795 3846 66 22 1150
1886 3838 23 41 JO
1943 3845 17 22 0
1985 3857 39 16 ...
2061 3843 51 24 200
2135 3842 29 29 .0
2195 3842 80 23 0..
2312 3840 68 25 1350

1356 3931 4 7 ,
1418 3908 17 26 ',
1642 3924 4 7 .
1754 3909 101 27 Amount
1865 3908 91 26 carried
1954 3907 115 33 forward
2089 3922 25 12 ••
2156 3922 27 11 ••
2224 3922 27 11 ••
2288 3907 76 30 H»74
2397 3907 45 27 10.
2462 3903 21 27 0'
