3300 4360
110 155 30 18 As
150 162 29 12 we
190 155 94 24 advance,
296 156 35 19 the
340 163 74 19 ranges
428 157 55 19 draw
498 158 22 19 in

82 182 24 17 rto
115 181 36 18 the
169 182 54 18 river
242 182 54 19 until
314 189 29 13 we
360 189 35 13 are
411 183 110 26 travelling

84 207 61 18 down
157 214 11 12 a
175 207 53 26 deep
243 215 77 12 narrow
339 215 63 19 gorge
418 209 48 19 with
486 210 34 18 the

84 232 56 19 bush
149 239 75 18 ranges
234 234 66 24 rising
309 235 97 23 abruptly
414 241 27 12 on
454 235 66 19 either

85 258 50 19 side.
164 259 63 24 Many
236 259 91 20 deserted
334 261 87 24 kaingas
432 267 34 13 are
474 268 34 17 pas-

84 284 36 18 sed
134 285 49 18 with
200 286 89 23 willows,
307 286 83 25 poplars
411 286 40 19 and
469 288 50 18 fruit

82 312 61 21 irees.,
162 311 59 19 while
239 318 108 13 numerous
365 312 40 18 fine
425 313 94 25 carvings

77 342 40 13 .are
126 342 47 13 seen
181 340 21 16 at
212 344 54 13 some
277 338 21 18 of
310 338 56 18 these
376 337 33 19 old
425 338 93 25 places—

82 369 12 12 a
103 362 45 24 pity
159 363 43 19 that
212 364 49 24 they
270 363 73 19 should
353 363 25 19 be
388 363 38 19 left
436 363 49 20 hore
492 367 23 17 (to

82 388 63 24 decay
157 389 59 19 when
228 390 49 24 they
286 389 66 25 might
370 389 25 19 be
409 391 108 23 preserved

80 414 35 19 for
124 415 69 19 future
204 416 128 24 generations
344 415 21 18 of
381 415 136 26 ethnologists

82 442 21 16 to
109 440 67 26 study.
207 444 27 16 At
244 441 174 25 Ohana-te-rangi
428 448 30 13 we
474 443 43 20 hail

78 471 16 12 a
100 469 95 16 remnant
205 466 234 26 of.Ngati-Rongokarae
449 469 67 20 whose

82 492 117 19 settlement
205 493 18 18 is
231 493 88 19 situated
336 493 21 18 in
374 499 11 12 a
404 497 52 16 most
473 496 33 24 pic-

80 520 97 23 turesque
194 518 45 26 spot
257 519 40 18 and
313 519 47 18 hare
382 525 30 12 we
438 520 77 21 elevate

83 543 36 19 the
128 544 91 19 cheerful
232 544 95 23 William,
336 544 64 19 which
415 545 89 24 gladden-

82 570 36 18 6th
134 570 35 19 the
181 570 59 20 heart
255 571 20 18 of
289 577 52 12 man.
357 570 65 25 Truly
439 578 12 12 a
468 574 47 18 wild

80 595 49 19 land
152 596 41 19 this
211 596 40 19 and
272 603 13 12 a
305 596 80 25 rugged
400 597 50 19 with
461 598 54 20 little

78 622 136 19 •cultivatable
221 622 79 19 surface
308 623 37 18 but
353 629 13 12 a
374 623 75 24 typical
455 624 59 20 home

80 647 33 19 for
124 655 12 11 a
146 649 105 18 mountain
261 649 78 24 people.

107 673 69 20 Below
188 674 71 19 Ohn.ua
275 675 35 17 the
326 675 101 26 crossings
442 676 22 20 of
480 677 34 19 the

80 701 55 17 river
150 706 33 13 are
198 706 49 19 very
268 706 108 13 numerous
385 702 40 18 and
444 702 15 19 it
477 703 24 19 be-

80 725 63 19 hoves
172 727 34 18 the
228 727 117 24 pedestrian
362 730 22 16 to
400 729 65 19 travel
492 736 22 12 as

80 751 77 25 lightly
167 752 44 19 olnd
221 760 21 11 as
247 752 94 25 possible,
358 753 70 19 advice
449 755 64 19 which

79 778 78 19 certain
167 779 99 18 members
275 779 23 18 of
306 785 37 12 our
349 782 59 22 party
418 782 83 23 proceed-

79 803 26 19 ed
115 807 21 15 to
143 804 47 19 take
199 805 21 18 in
237 811 12 12 a
265 808 52 15 most
333 804 71 22 liberal
422 813 90 13 manner.

82 831 26 17 At
117 830 98 19 Tawiwhi
224 837 30 13 we
265 837 50 12 wore
325 831 70 20 shown
404 833 68 19 where
479 833 33 19 the

79 856 80 19 famous
176 860 91 15 ancestor
282 857 42 18 and
339 859 93 24 explorer
447 859 52 19 Tane-

77 885 50 16 atua
139 882 37 19 left
193 883 33 18 the
240 889 71 13 course
326 884 20 18 of
356 884 34 19 the
404 885 53 19 river
472 886 40 18 and

78 908 100 19 ascended
186 908 37 19 the
235 915 64 19 range
315 916 26 12 on
357 910 35 19 the
403 910 38 19 left
457 911 55 19 bank

106 941 25 11 on
145 935 65 18 which
219 941 64 19 range
293 936 69 19 stands
380 936 34 19 the
432 937 80 20 famous

78 960 70 19 hinau.

106 986 98 25 Arriving
212 990 20 15 at
244 986 123 26 Matairangi
378 995 29 12 we
422 988 37 19 left
476 990 35 18 the

82 1012 128 20 Wlfakntano
239 1013 39 18 and
303 1014 125 24 clambering
453 1021 28 19 up
500 1023 10 12 a

78 1043 56 20 steep
145 1038 36 19 hill
192 1045 25 12 on
228 1039 35 18 the
270 1038 38 19 left
318 1040 56 18 bank
384 1042 62 22 again
465 1042 34 18 des-

75 1064 78 19 cended
164 1065 41 18 into
223 1065 35 18 the
268 1064 85 20 channel
363 1066 22 18 of
395 1066 35 19 the
440 1066 56 20 Puka-

77 1097 47 12 reao
144 1092 80 21 stream,
241 1091 65 18 which
316 1091 103 26 tributary
434 1093 21 18 of
475 1094 35 19 the

77 1115 132 21 Wkiikatane
219 1117 49 18 rises
275 1119 21 17 at
306 1117 35 19 the
350 1117 49 20 base
407 1119 21 19 of
439 1124 70 14 mount

245 1143 124 26 Continuing
379 1150 27 19 up
420 1145 34 19 tho
470 1145 39 19 bed

77 1169 21 18 of
108 1169 41 19 this
165 1172 74 15 stream
251 1169 32 18 for
298 1176 54 12 some
364 1171 59 19 miles
440 1178 30 12 we
489 1175 21 15 at

76 1194 72 25 length
160 1194 94 25 emerged
265 1196 42 18 into
315 1195 35 19 the
358 1202 51 19 open
430 1198 78 24 portion

77 1221 21 18 of
108 1221 34 19 the
148 1220 68 25 valley
223 1221 64 18 which
298 1221 36 19 has
344 1221 49 19 been
402 1223 107 19 inhabited

76 1247 32 18 for
118 1247 169 27 majry-centuries
297 1248 51 18 until
359 1249 21 17 of
389 1248 41 19 late
440 1256 65 16 years,

76 1272 37 20 hut
126 1273 18 18 is
159 1279 44 13 now
224 1279 12 12 a
258 1273 67 22 lonely
348 1274 40 18 and
416 1275 92 19 deserted

74 1301 53 23 spot.
156 1299 25 18 In
204 1298 79 20 ancient
305 1299 58 19 times
385 1300 42 20 this
442 1301 65 25 valley

75 1331 41 13 was
128 1325 47 19 held
190 1325 28 25 by
235 1325 33 18 the
286 1324 153 26 Ngati-Kotore
456 1328 52 18 tribe

76 1351 65 18 which
151 1351 48 19 with
212 1350 113 26 Ngapotiki
341 1352 39 19 and
399 1353 109 21 Njrati-Ha

75 1384 52 12 were
138 1377 98 18 branches
256 1378 20 17 of
298 1378 33 18 the
351 1380 58 22 great
429 1379 79 19 Tini-o-

75 1405 57 18 Awa.
167 1403 42 18 The
227 1403 78 19 Kotore
323 1404 53 18 tribe
395 1411 74 19 appear
488 1409 19 16 to

74 1429 52 19 have
136 1429 46 18 held
193 1429 53 19 their
261 1436 45 12 own
320 1430 21 18 in
357 1430 41 19 this
414 1432 92 19 secluded

74 1455 66 24 valley
151 1456 31 17 for
190 1461 61 19 many
261 1456 127 23 generations
405 1458 51 18 after
473 1458 34 18 the

73 1482 44 18 first
127 1481 101 24 explorers
246 1482 21 18 of
283 1480 107 21 Mataatua
408 1484 98 19 ascended

71 1508 37 19 the
118 1506 136 25 Whakatane,
266 1507 32 18 for
307 1514 29 12 we
346 1507 49 20 hear
412 1510 21 18 of
452 1510 54 19 them

74 1534 86 23 holding
171 1533 29 19 Fa
207 1533 103 19 ITinauma
319 1536 21 16 at
349 1534 111 24 Pukareao,
469 1543 26 11 un-

74 1560 36 18 der
119 1560 29 18 Te
158 1559 148 26 Kereru-pirau
317 1560 46 23 only
374 1567 60 13 seven
446 1568 48 18 gene-

73 1586 77 19 rations
159 1585 58 20 back.
245 1586 20 18 It
275 1586 66 18 would
352 1586 24 19 be
386 1586 121 26 interesting

73 1614 21 16 to
103 1612 61 18 know
174 1612 90 18 whether
272 1612 48 25 they
338 1619 51 12 were
407 1613 60 19 allied
487 1616 19 16 to

74 1638 34 20 the
118 1638 160 18 Kotore-o-Hua
292 1644 25 13 an
328 1639 115 24 aboriginal
458 1646 36 19 peo-

73 1665 34 23 ple
118 1664 45 18 who
174 1663 52 19 lived
237 1667 21 15 at
272 1670 22 12 or
310 1671 49 11 near

72 1690 26 19 In
115 1691 91 23 crossing
225 1691 55 17 these
298 1691 50 18 wide
362 1691 97 19 stretches
486 1692 20 19 of

72 1716 81 25 rugged
167 1722 73 19 ranges
258 1716 19 19 of
291 1716 69 19 Tuhoe
376 1717 64 24 Land,
461 1724 44 13 now

69 1743 60 24 .quite
136 1742 92 18 deserted
238 1743 16 17 it
266 1743 15 17 is
289 1742 120 25 interesting
420 1747 21 15 to
450 1750 55 12 come

73 1774 54 19 upon
138 1768 56 18 these
204 1768 76 24 valleys
292 1769 47 18 such
351 1776 21 11 as
390 1769 113 24 Pukareao,

73 1794 87 25 bearing
179 1795 54 23 signs
242 1795 21 18 of
272 1801 12 12 a
294 1795 73 19 former
386 1795 118 26 population

73 1820 40 19 and
129 1820 118 19 cultivation
267 1820 38 19 but
320 1828 44 12 now
385 1822 118 19 abandoned

70 1846 43 19 and
138 1847 47 24 only
220 1847 132 25 occasionally
378 1847 73 20 visited
479 1848 26 25 by

71 1872 91 19 hunters.

97 1898 22 19 It
129 1899 17 18 is
160 1899 55 24 quite
226 1899 94 24 startling
339 1903 20 14 to
378 1906 55 13 come
451 1907 53 19 upon

72 1925 33 18 the
115 1925 41 18 fine
164 1925 86 22 willows,
265 1926 80 23 poplars
363 1926 41 19 and
423 1933 69 12 numer-

72 1957 36 12 ous
117 1950 51 19 fruit
181 1953 51 16 trees
242 1951 66 19 which
325 1952 58 18 mark
399 1952 56 19 these
471 1953 33 18 old

71 1976 48 19 time
132 1976 88 26 kaingas
237 1983 42 12 now
297 1978 93 24 occupied
412 1978 25 25 by
458 1979 46 18 wild

70 2002 58 25 hogs.
163 2004 18 17 A
199 2003 100 18 beautiful
320 2004 41 18 and
383 2004 121 26 interesting

70 2029 68 24 valley
153 2029 18 18 is
185 2028 113 20 Pukareao.
326 2030 48 18 This
390 2030 78 19 district
487 2032 17 17 is

71 2055 70 18 owned
163 2054 27 25 by
211 2054 34 20 the
266 2055 160 25 Ngai-Tawhaki
446 2057 55 25 hapu

70 2081 21 18 of
100 2081 71 18 Tuhoe
181 2081 47 24 they
243 2081 63 24 being
320 2082 34 18 tho
370 2082 133 19 descendants

70 2107 22 18 of
101 2107 98 19 Tawhiiki
210 2107 20 19 of
241 2108 33 18 the
287 2108 112 18 thirteenth
417 2115 73 17 genera-

70 2133 43 18 tion
136 2134 51 18 from
210 2133 34 19 the
263 2133 117 26 übiquitous
404 2134 43 23 Toi,
463 2136 39 18 and

69 2159 66 19 whom
146 2166 33 12 are
190 2162 34 16 ten
235 2160 127 25 generations
374 2163 19 16 to
406 2160 33 19 the
458 2167 33 16 peo-

68 2184 33 25 ple
112 2186 21 17 of
143 2192 37 11 our
188 2185 46 24 day.
263 2185 96 19 Tawhaki
368 2187 16 17 it
400 2193 41 11 was
458 2187 45 18 who

69 2211 126 19 commenced
218 2211 34 18 the
273 2215 96 21 conquest
393 2212 21 18 of
446 2212 56 26 Ng.-

66 2237 66 24 potiki
153 2237 40 19 and
209 2237 61 19 allied
293 2237 66 25 hapus
373 2238 21 18 of
410 2238 41 19 this
470 2246 22 12 re-

70 2262 53 25 gion.

94 2288 21 19 it
126 2296 42 12 was
179 2289 20 19 in
211 2296 12 11 a
232 2289 100 19 beautiful
344 2289 70 23 sylvan
425 2293 43 22 spot
481 2291 20 19 in

68 2314 41 19 this
125 2314 64 20 clanic
206 2315 45 19 vale
268 2316 21 18 of
306 2315 106 19 Pukareao
425 2317 38 18 viz.
482 2320 21 16 at

68 2340 27 19 Te
110 2340 89 21 Hauwai
215 2341 43 19 that
270 2348 28 11 we
308 2343 97 23 prepared
420 2345 20 16 to
456 2350 45 17 pass

67 2366 35 20 the
112 2366 62 26 night
183 2367 41 19 and
230 2373 22 14 as
267 2374 36 12 our
319 2368 54 18 stock
388 2369 21 18 of
425 2369 77 19 rations

68 2399 42 12 was
127 2395 110 17 somewhat
253 2393 38 19 low
303 2397 38 15 two
350 2394 20 18 of
386 2401 36 12 our
442 2398 60 22 party

67 2418 71 24 girded
149 2425 28 19 up
187 2420 53 17 their
250 2419 52 19 loins
313 2420 39 17 and
363 2420 70 19 sallied
446 2421 55 21 forth

67 2444 22 19 in
99 2445 70 18 search
181 2446 20 17 of
209 2445 33 20 the
253 2446 46 18 wild
310 2446 57 24 hog's
374 2446 61 26 reedy
443 2447 58 19 home

66 2470 82 26 Luring
159 2472 53 17 their
222 2472 85 18 absence
323 2479 11 11 a
351 2475 62 16 smart,
424 2473 79 19 shower

72 2497 20 18 of
98 2498 44 17 rain
153 2497 37 19 fell
202 2498 39 18 and
253 2498 33 18 the
297 2503 66 19 weary
371 2498 94 26 pilgrims
480 2500 21 18 in

68 2529 58 18 camp
145 2526 101 16 retreated
267 2524 43 19 into
327 2530 26 12 .in
372 2524 34 19 old
424 2531 37 13 rua
480 2531 22 13 or
520 2524 1 23 '

69 2550 206 18 semi-subterranean
299 2550 47 18 food
363 2554 52 15 store
436 2551 65 19 which

66 2575 49 19 bore
124 2576 95 18 evidence
228 2576 20 18 of
257 2576 76 24 having
343 2576 50 19 been
405 2578 96 17 tenanted

66 2601 28 24 by
103 2601 36 19 the
157 2602 132 19 descendants
306 2603 21 17 of
344 2602 86 25 Captain
446 2603 55 19 Cook

65 2633 17 12 o?
116 2628 70 18 rather
211 2627 31 20 his
263 2628 80 25 porcine
372 2629 127 19 namesakes.

65 2651 84 27 Shortly
158 2654 53 20 after
223 2655 34 17 the
266 2654 76 25 gallant
355 2654 83 20 hunters
451 2662 51 12 were

66 2678 61 20 heard
139 2680 107 24 returning
257 2680 47 19 with
315 2680 84 19 hideous
416 2682 85 18 outcries

66 2705 40 20 and
118 2706 87 19 fiendish
215 2706 79 18 shrieks
306 2707 63 17 which
392 2707 59 19 made
466 2708 35 18 the
520 2705 1 21 .

66 2738 49 19 very
131 2732 74 18 welkin
216 2732 118 23 ring—that
351 2733 16 17 is
385 2734 16 17 if
417 2733 85 19 welkins

67 2764 33 12 are
112 2758 81 18 stocked
207 2758 21 18 in
243 2758 70 19 Tuhoe
327 2758 65 19 Land.
421 2759 81 19 Amidst

65 2783 36 19 the
112 2784 89 25 barking
211 2784 21 18 of
242 2785 50 24 dogs
303 2785 39 17 and
359 2785 106 25 shrieking
481 2786 22 18 of

66 2810 115 25 .affrighted
190 2809 146 26 porkers—the
353 2811 75 18 tumult
439 2815 63 21 swept

68 2835 42 20 iuto
121 2842 58 19 cam])
191 2842 12 13 a
211 2837 90 18 stalwart
311 2837 38 18 and
359 2837 62 25 grisly
438 2839 55 23 speci-

66 2869 46 14 men
124 2863 22 18 of
157 2862 52 19 bush
216 2863 61 18 boars
286 2863 59 18 mode
356 2863 62 19 direct
426 2864 32 18 for
467 2864 36 18 the

67 2894 37 13 rua
114 2888 97 26 thinking
219 2888 103 19 doubtless
330 2893 20 14 to
359 2895 80 14 esconce
450 2890 40 19 him-

68 2914 38 19 self
115 2914 77 19 therein
214 2914 40 19 and
272 2914 34 19 bid
326 2915 88 19 defiance
433 2918 21 16 to
470 2916 33 19 his

68 2941 89 18 enemies
167 2940 62 25 biped
239 2942 40 17 and
298 2940 112 19 otherwise.
446 2942 20 19 It
486 2942 17 19 is

68 2966 92 19 needless
171 2969 20 16 to
200 2966 81 19 remark
291 2966 45 19 that
344 2967 56 18 those
411 2968 21 18 in
445 2975 47 12 occu-

68 2993 71 23 pation
158 2992 41 19 had
221 2996 75 20 urgent
313 2992 93 19 business
423 2994 80 19 outside

69 3018 62 19 about
143 3018 44 19 that
199 3018 55 19 time.
271 3018 100 19 However
378 3019 35 19 the
420 3020 82 19 coveted

68 3044 37 25 pig
115 3051 40 11 was
165 3044 59 23 slain,
235 3044 40 19 and
285 3044 72 19 within
374 3051 12 12 a
402 3046 39 19 few
461 3046 42 19 feet

68 3071 23 18 of
100 3070 34 18 the
145 3070 36 19 fire
190 3070 24 19 lit
225 3075 19 14 to
255 3070 48 19 cook
314 3070 41 19 him
365 3070 31 25 by.

94 3096 56 19 Next
160 3097 94 23 morning
265 3103 40 12 saw
322 3103 23 12 us
359 3104 23 12 on
402 3097 35 19 the
456 3098 47 19 trail

69 3123 61 24 again
148 3126 40 14 and
204 3122 106 25 following
327 3129 27 18 up
374 3123 36 19 the
428 3126 75 16 stream

68 3148 40 18 and
127 3151 47 22 past
190 3155 55 12 more
266 3149 91 18 deserted
378 3149 125 21 settlements

69 3175 53 17 until
132 3180 28 12 we
171 3175 86 18 reached
267 3175 34 18 the
312 3175 42 18 foot
364 3176 21 17 of
402 3175 35 19 the
453 3176 50 25 high

69 3207 63 18 range
157 3201 92 24 dividing
277 3201 33 18 Ibe
334 3201 125 19 watersheds
483 3203 21 17 of

70 3226 131 19 Whakat.uie
212 3227 40 18 and
265 3226 127 24 Rangitaiki.
420 3228 19 18 A
454 3227 50 26 long

71 3255 66 22 tramp
148 3258 27 19 up
186 3253 33 18 the
230 3258 62 19 range
308 3253 91 24 brought
408 3260 23 12 us
442 3257 20 15 to
477 3260 26 12 an

70 3278 32 17 /ild
117 3279 90 24 clearing
217 3279 20 16 of
247 3279 138 23 considerably
399 3282 69 15 extent
484 3283 21 14 at

72 3304 28 18 Te
106 3304 75 24 Kopua
191 3305 40 18 and
239 3304 77 24 shortly
323 3305 51 18 after
382 3312 30 12 we
419 3305 86 19 reached

73 3330 33 18 the
125 3331 82 18 summit
223 3331 20 18 of
259 3330 174 25 Tutaepukepuke
453 3332 50 18 from

72 3356 81 21 whence
164 3363 29 12 we
204 3356 94 19 obtained
313 3363 12 12 a
341 3357 60 18 nonle
416 3357 51 19 view
484 3358 22 18 of

71 3384 63 16 forest
145 3389 73 16 ranges
228 3383 40 18 and
279 3383 34 18 the
323 3382 66 24 valley
400 3384 21 17 of
437 3382 58 20 lloro-

72 3409 135 22 inanga—far
231 3415 56 19 away
313 3411 19 16 to
353 3408 34 19 the
412 3410 52 24 peak
484 3410 22 18 of

72 3434 114 19 Tawhiuau
211 3434 65 19 which
299 3434 69 19 stands
387 3435 65 19 above
470 3436 35 18 the

73 3460 66 24 plains
150 3460 20 17 of
185 3460 125 19 Kuha-.vaea.
345 3460 49 19 This
409 3467 63 19 range
488 3462 18 18 is

73 3486 34 18 the
128 3485 106 26 boundary
249 3487 22 17 of
286 3486 164 25 Ngai-T,iwhaki
466 3488 40 18 nnd

73 3518 29 12 we
112 3518 44 12 now
167 3518 46 19 pass
220 3512 43 19 into
270 3512 33 18 the
312 3512 93 25 territory
414 3514 20 17 of
442 3513 52 19 Patu-

72 3537 82 20 houheu
172 3545 23 11 or
219 3544 21 12 as
266 3538 47 24 they
336 3545 50 12 were
409 3539 97 25 formerly

73 3563 74 19 known
155 3563 144 25 Ngati-Haka.
312 3564 49 19 This
369 3564 52 19 tribe
429 3564 66 27 origin-

74 3589 41 25 ally
125 3589 95 26 occupied
230 3590 34 18 the
277 3590 61 19 whole
352 3591 21 18 of
381 3591 36 18 the
439 3591 54 19 Horo-

74 3621 75 19 manga
167 3615 66 25 valley
249 3615 39 19 and
308 3616 94 25 adjacent
421 3617 84 22 district,

74 3641 43 19 also
127 3641 34 19 the
172 3641 136 25 Mangapouri
326 3642 100 19 tributary
440 3643 66 18 which

75 3667 63 18 heads
148 3674 28 17 up
195 3667 88 19 towards
306 3667 64 19 Otairi
393 3668 53 24 peak
466 3669 40 18 and

74 3693 67 18 where
152 3694 47 23 they
210 3693 47 19 held
270 3693 35 19 the
321 3700 27 18 pa
362 3693 133 20 Tukerodiuri-

73 3719 40 19 hia.
129 3719 17 18 A
158 3719 47 24 long
216 3719 39 18 and
266 3723 56 21 sleep
330 3720 81 18 descent
418 3720 88 24 through

75 3745 62 18 dense
148 3745 51 18 bush
211 3745 89 25 brought
313 3752 21 12 us
345 3749 20 15 to
375 3745 34 19 the
421 3746 49 19 iiead
486 3748 21 17 of

74 3771 34 18 tho
125 3770 134 26 Horomanga
276 3775 72 15 stream
366 3771 38 19 and
421 3771 26 19 he
462 3773 45 18 who

75 3796 66 21 would
163 3796 56 19 learn
244 3797 55 19 what
321 3804 11 11 a
353 3798 112 24 paekhorse
486 3799 22 18 of

76 3822 70 19 Tuhoe
157 3822 57 19 Land
223 3829 36 12 can
272 3823 120 25 accomplish
402 3824 20 18 in
440 3824 66 24 rough

73 3851 85 23 cojantry
169 3848 71 19 should
251 3850 52 17 have
314 3850 51 17 been
375 3850 21 18 of
404 3856 36 12 our
447 3853 59 23 party

73 3875 44 18 that
127 3874 46 24 day.
200 3876 19 17 A
233 3874 57 24 day's
308 3877 67 22 tramp
394 3876 59 18 down
472 3878 35 17 the

73 3900 40 18 bed
124 3900 21 18 of
155 3900 40 18 this
211 3904 73 15 stream
303 3901 90 25 through
408 3902 35 18 the
461 3908 47 13 over

75 3928 82 23 present
169 3925 52 19 bush
232 3927 38 17 and
282 3926 85 19 towards
381 3928 89 24 evening
479 3935 28 12 we

75 3951 96 26 emerged
181 3958 25 12 on
218 3952 33 18 the
261 3952 119 20 Kuhawaea
395 3953 71 19 Plains
473 3961 23 17 op-

75 3978 65 25 posite
154 3977 49 19 Port
219 3977 84 19 Galatea
324 3978 39 19 and
383 3980 85 23 turning
487 3984 21 15 to

74 4004 34 18 the
117 4003 78 24 setting
204 4010 38 12 sun
253 4010 29 12 we
290 4005 74 23 passed
373 4004 90 26 joyfully
472 4009 36 15 out

73 4029 44 19 into
127 4030 35 18 the
175 4033 44 15 ''ao
359 4031 40 18 and
413 4031 35 19 the
459 4031 49 19 laud

73 4057 22 17 of
106 4062 73 18 square
190 4054 69 20 meals.

544 156 98 20 PLUMP
663 158 124 20 AGAINST
806 162 19 18 A
835 162 49 20 BIG
902 163 70 19 FACT.

541 283 103 24 sponsible
654 283 46 19 task
715 287 23 15 to
756 286 58 19 those
832 288 68 19 whose
918 295 48 13 voca-

540 309 44 18 tion
593 308 18 19 it
620 308 23 19 is.
672 309 42 19 But
719 316 27 13 no
753 317 47 14 man
807 319 37 14 can
853 314 124 24 continually

541 335 57 18 write
609 341 26 12 on
645 334 35 19 the
690 336 80 24 subject
783 339 66 19 which
858 340 118 19 constitutes

540 360 35 19 the
595 360 78 19 burden
691 361 22 18 of
731 362 58 19 these
807 370 69 18 essays
891 366 85 18 without

539 391 46 14 now
590 386 41 19 and
641 386 50 19 then
711 388 90 26 running
809 390 72 26 plump
895 391 81 23 against

539 417 13 13 a
560 412 81 24 mighty
651 412 40 19 fact
700 412 22 19 in
733 416 80 19 morals.
842 416 21 19 If
877 423 41 18 you
934 417 40 19 will

540 436 24 20 be
575 438 52 24 good
637 438 82 25 enough
727 441 21 16 to
761 442 49 18 read
820 442 34 19 the
870 442 104 25 following

538 463 57 19 short
605 463 69 19 letters
684 464 12 18 1
706 464 42 19 will
767 466 49 20 then
836 471 32 21 try
887 473 20 14 to
919 469 54 19 show

538 489 47 24 why
593 489 13 19 I
616 496 41 12 was
666 490 72 19 moved
746 493 20 17 to
776 494 64 23 speak
858 500 23 13 as
891 494 10 18 I
922 495 51 19 have

538 515 91 25 spoken-.

565 542 13 9 •'
586 541 36 24 My
630 541 102 26 daughter
743 543 66 20 Annie
906 546 67 19 writes

538 566 45 19 thai
591 574 70 18 young
679 567 58 25 girl's
757 571 85 23 mother,
878 579 44 12 now
933 572 38 19 live

536 598 59 18 years
614 593 21 19 of
644 599 43 19 age,
700 600 40 12 was
750 601 13 12 a
769 595 41 20 fine
820 597 83 26 healthy
918 598 53 19 child

537 618 143 25 uptoMaron,
696 620 59 23 1891,
767 621 59 21 when
846 624 35 18 she
902 624 67 25 began

537 645 20 18 to
578 644 67 19 sickeu
656 645 40 18 and
716 645 38 19 fall
773 653 63 16 away.
872 650 39 19 She
931 650 40 19 had

536 676 26 13 no
573 671 89 25 appetite
672 671 41 18 and
723 678 60 19 every
793 675 84 23 particle
887 676 20 19 of
924 676 46 19 food

536 697 35 18 she
583 696 47 19 took
643 703 55 12 came
710 703 32 19 up.
771 699 41 19 She
821 701 39 18 lost
878 703 91 24 strength

536 722 80 25 rapidly
635 722 40 19 and
696 723 71 20 within
786 731 12 13 a
814 727 101 25 fortnight
934 729 35 18 she

536 754 41 13 was
583 749 45 18 thin
643 755 22 12 as
673 755 13 12 a
701 749 56 25 rake,
779 751 61 26 being
856 757 36 15 not
910 755 59 18 much

536 774 40 19 else
585 774 49 19 than
646 774 47 19 skin
704 775 39 18 i.nd
763 776 58 20 bone.
857 779 41 19 For
919 781 49 23 days

535 800 40 18 and
585 800 49 24 days
640 801 37 18 she
696 800 42 19 laid
748 802 21 19 in
779 809 13 12 a
811 804 157 21 hall-conscious

535 826 109 23 condition,
667 827 87 24 scarcely
771 831 83 25 moving
873 831 54 20 hand
947 840 21 12 or

534 852 50 23 foot,
604 852 40 19 and
654 856 21 15 to
692 852 27 19 nil
740 859 125 20 appearance
885 858 81 20 lifeless.

534 877 11 20 I
571 878 42 19 had
627 884 12 13 a
656 878 68 19 doctor
741 882 108 26 attending
873 884 36 19 her
936 885 31 19 for

534 904 47 19 four
597 904 71 23 weeks,
680 904 42 19 and
729 906 26 18 he
766 906 45 20 said'
819 910 35 18 the
866 910 53 20 child
928 918 39 12 was

534 930 99 25 suffering
642 930 52 18 from
701 930 131 27 indigestion,
844 938 38 22 yet,
895 944 20 12 so
935 937 32 20 far

534 962 22 12 as
564 963 29 13 we
604 956 59 19 could
674 963 39 16 see,
724 957 33 19 his
767 961 108 19 treatment
885 962 39 20 had
941 970 25 12 no

534 982 63 21 offect.
634 981 37 26 My
680 982 96 21 husband
793 987 40 18 and
844 988 15 22 1,
881 990 40 17 and
939 990 26 17 all

534 1009 44 18 who
588 1015 40 13 saw
639 1008 34 18 the
686 1015 50 18 poor
748 1009 59 26 baby,
823 1014 88 26 thought
931 1015 34 19 she

534 1041 40 12 was
584 1035 69 24 slowly
671 1035 70 24 dying,
763 1038 40 18 and
821 1046 30 13 we
870 1048 51 12 were
936 1041 20 18 al-

533 1063 50 16 most
593 1061 58 18 heart
668 1060 78 20 broken
755 1066 20 16 at
786 1064 34 20 the
837 1065 89 27 thought
945 1067 21 19 of

532 1086 67 25 losing
608 1087 41 19 her.

583 1113 92 23 Nothing
708 1114 46 19 that
781 1122 30 14 wo
846 1125 50 17 gave
929 1118 35 19 her

533 1139 33 18 did
588 1139 37 18 her
651 1139 35 18 the
715 1140 94 25 slightest
837 1145 59 24 good,
926 1145 37 18 and

532 1165 34 18 the
576 1165 53 18 child
640 1171 40 12 was
690 1165 73 26 fading
775 1175 64 18 awav,
850 1171 57 19 when
927 1178 37 12 one

532 1191 37 24 day
580 1191 87 18 towards
677 1191 34 19 the
722 1193 38 18 end
778 1195 21 18 of
805 1196 63 25 April,
889 1204 12 11 a
918 1197 45 19 lady

532 1217 68 23 called,
620 1217 39 18 and
670 1218 52 19 after
739 1221 70 25 seeing
827 1222 66 19 Annie
912 1223 51 19 .Tano

531 1243 83 19 advised
633 1250 23 11 us
673 1246 21 16 to
713 1251 35 12 use
774 1247 82 20 Mother
880 1249 83 18 Seigel's

532 1271 71 23 Syrup.
640 1270 39 19 She
705 1270 44 19 said
769 1273 35 19 she
830 1274 40 20 had
889 1275 73 19 known

531 1295 33 19 the
573 1296 50 18 lives
633 1296 21 18 of
670 1302 61 19 many
750 1298 90 20 children
858 1301 61 18 saved
937 1301 25 23 by

531 1321 41 19 this
587 1322 97 18 medicine
703 1323 44 18 who
768 1331 50 13 were
838 1327 58 18 down
914 1327 47 19 with

531 1348 33 18 the
576 1354 54 11 same
640 1348 115 24 complaint,
782 1354 12 15 JL
804 1352 82 19 hurried
893 1355 19 16 to
929 1355 33 22 got

531 1380 11 12 a
552 1374 64 18 buttle
627 1373 51 20 from
689 1374 33 19 Mr
736 1375 83 27 Routly,
830 1379 91 22 chemist,
942 1378 19 19 in

531 1400 83 18 Susan's
632 1399 59 20 Road
709 1401 41 18 and
763 1402 65 26 began
839 1405 17 18 it
865 1405 21 18 in
905 1404 56 19 small

531 1426 62 18 doses.
631 1425 25 19 In
675 1426 40 18 less
745 1428 49 20 thin
830 1430 131 25 twenty-four

529 1452 62 19 hours
602 1451 33 19 the
645 1452 55 19 child
712 1453 66 24 began
787 1459 21 15 to
820 1459 38 19 eat,
870 1457 35 18 the
912 1456 48 19 side

530 1485 44 11 ness
594 1478 92 24 stopped,
708 1480 40 18 and
767 1487 29 12 wo
814 1482 58 19 could
891 1489 32 12 see
950 1489 12 12 a

530 1504 77 24 change
620 1505 30 17 for
660 1505 33 18 the
700 1505 72 20 better.
868 1508 49 25 kept
936 1515 25 12 on

530 1531 71 24 giving
614 1530 32 18 the
741 1532 40 20 and
796 1533 22 19 in
836 1537 39 16 two
896 1534 65 19 weeks

529 1557 66 18 Annie
616 1562 40 12 was
666 1563 22 12 as
700 1558 46 18 well
755 1565 22 12 as
799 1567 47 12 ever
865 1561 40 18 and
921 1560 40 19 fast

529 1583 80 24 getting
630 1582 50 19 back
694 1583 36 19 her
749 1585 57 19 flesh.
844 1586 58 20 Since
917 1586 44 20 that

529 1608 119 19 time—now
668 1609 47 19 four
731 1616 60 18 years
807 1612 103 25 ago—she
926 1612 35 19 has

529 1640 61 12 never
608 1634 51 19 been
684 1635 29 19 ill.
745 1637 37 19 We
802 1639 91 18 consider
917 1639 44 18 that.

529 1660 80 19 Mother
618 1661 85 25 .Seigel's
714 1662 66 26 Syrup
791 1665 62 18 saved
863 1665 37 18 her
918 1665 41 19 life.

528 1686 45 19 You
585 1693 35 12 cm
637 1687 83 25 publish
736 1689 40 18 this
792 1693 109 16 statement
921 1691 38 19 and

529 1714 52 17 refer
599 1719 78 17 anyone
698 1718 20 14 to
737 1721 38 12 me.
804 1717 95 24 (Signed)
918 1717 42 18 Mrs

527 1738 67 19 Annie
623 1739 123 24 Alexander,
773 1743 31 22 35,
841 1742 119 19 Melbourne

528 1765 64 22 Head,
604 1765 134 24 Eastbourne,
752 1767 83 25 August
847 1770 30 16 Ist

577 1792 37 24 My
627 1798 34 11 sou
789 1795 66 18 writes
874 1795 33 18 Mr
925 1794 23 19 Jo-

527 1818 48 24 seph
585 1818 63 18 Bond,
668 1818 20 18 of
706 1818 82 19 Salter's
809 1819 72 23 Green,
903 1821 42 23 May-

527 1843 53 22 field,
602 1844 79 19 Sussex,
735 1852 41 11 was
799 1853 61 12 never
884 1849 74 21 strong.

528 1869 32 19 He
571 1870 34 18 did
617 1873 34 14 not
662 1876 55 13 come
728 1878 25 11 on
764 1872 41 19 like
821 1873 58 18 other
899 1872 49 19 child-

527 1901 41 13 ren.
598 1896 32 18 He
641 1903 41 11 was
691 1897 64 23 weak,
767 1898 70 24 sickly,
849 1899 39 18 and
907 1905 52 18 puny

528 1922 32 18 He
570 1926 32 14 ate
613 1922 36 18 but
660 1922 58 23 Utile,
729 1924 40 17 and
787 1931 40 11 was
846 1924 78 25 usually
940 1925 19 18 in

527 1949 46 23 pain
586 1948 49 18 until
653 1948 24 18 he
687 1950 88 18 vomited
794 1953 52 16 most
865 1951 21 18 of
896 1952 14 17 it
933 1957 26 17 up

527 1974 66 25 again.
632 1974 94 25 Nothing
734 1982 53 16 gave
808 1976 41 19 him
860 1977 97 23 strength.

527 2000 23 18 In
581 1999 107 26 February,
719 2002 55 20 1894,
792 2002 31 18 his
856 2002 40 19 feet
920 2002 38 19 and

526 2026 71 18 ankles
618 2026 65 25 began
694 2030 20 15 to
727 2029 67 17 fester.
832 2030 54 17 Next
903 2028 56 19 three

526 2052 103 19 abscesses
639 2053 78 18 formed
732 2060 25 12 on
770 2054 30 18 his
811 2054 50 18 neck
872 2054 39 19 and
921 2061 25 12 un-

526 2079 35 18 der
572 2079 34 18 the
614 2079 51 22 chin,
678 2079 85 24 making
773 2080 50 25 deep
835 2080 62 18 holes.
927 2080 31 18 He

527 2111 39 11 was
576 2104 75 25 merely
663 2104 45 19 skin
724 2106 40 18 and
774 2106 58 18 bone.
861 2106 43 20 The
912 2107 36 19 abs-

526 2136 64 14 cesses
606 2131 79 18 seemed
695 2134 20 15 to
733 2132 25 18 be
775 2133 125 23 exhausting
929 2133 29 17 his

527 2156 51 20 life's
595 2157 66 18 blood.
701 2157 32 18 Ho
753 2164 39 12 was
811 2158 19 19 in
847 2166 12 10 a
874 2158 84 19 doctor's

526 2182 91 20 care-five
634 2183 87 21 month-,
738 2184 38 18 but
794 2188 33 18 got
845 2191 25 11 no
887 2184 69 19 better.

525 2208 60 19 From
595 2208 47 24 July
653 2210 70 23 (189-1)
734 2209 25 18 ho
768 2209 38 19 had
817 2209 44 19 ?our
871 2210 85 18 months'

526 2237 107 16 treatment
656 2238 21 15 at
698 2237 34 16 the
758 2235 44 19 Tun
806 2235 69 23 bridge
895 2236 62 18 Wells

526 2260 101 24 Hospital,
661 2261 86 19 without
788 2261 80 19 benefit.
915 2262 42 18 Tho

525 2287 76 18 doctors
611 2293 51 18 gave
675 2287 40 18 him
733 2287 109 20 medicines
853 2287 38 19 and
910 2289 34 17 cod-

525 2313 49 18 liver
595 2314 33 23 oil,
657 2314 36 18 but
703 2314 87 24 nothing
814 2314 142 25 strengthened

526 2340 45 17 him.

576 2366 26 18 In
613 2365 113 20 December
735 2366 71 24 (189-1)
820 2365 10 19 I
849 2366 107 19 concluded

526 2393 19 18 to
559 2392 48 18 take
627 2392 33 18 tho
676 2398 45 11 case
731 2392 43 18 into
785 2398 33 18 my
832 2399 42 11 own
887 2392 68 19 hands,

524 2418 39 19 and
581 2425 51 17 gave
648 2418 43 17 him
707 2424 11 11 a
737 2418 98 18 medicine
858 2418 43 17 that
917 2418 38 19 had

524 2444 59 19 cured
593 2451 32 17 my
633 2444 154 18 wife—Mother
795 2443 83 25 ."-eigel's
886 2444 69 24 Syrup.

524 2470 27 19 To
571 2477 36 11 our
623 2470 146 18 iistonishinei.it
785 2470 39 18 and
835 2469 78 26 delight
933 2470 23 18 he

524 2496 66 24 began
598 2498 20 17 to
632 2496 90 25 improve
733 2496 20 18 in
760 2502 13 12 a
782 2496 39 18 few
833 2495 55 24 days.
923 2496 33 18 He

524 2522 57 19 could
593 2526 38 19 eat,
652 2522 40 18 and
713 2529 39 11 \va-
774 2525 91 20 stronger
886 2521 29 19 for
934 2522 20 18 it.

573 2548 50 25 kept
641 2548 71 25 giving
724 2548 41 19 him
778 2548 33 18 the
824 2547 71 25 Syrup,
917 2548 37 18 and

524 2575 24 18 he
559 2581 55 19 grew
625 2575 66 18 better
701 2580 59 18 every
773 2575 45 22 day.
853 2573 41 19 The
910 2574 36 19 abs

524 2607 65 12 ces-es
599 2607 47 12 soon
669 2599 76 21 healed,
760 2600 39 19 and
820 2600 24 18 he
855 2600 16 18 is
882 2607 42 10 now
945 2608 9 10 ,-i

524 2627 38 19 fine
573 2627 83 24 healthy
676 2626 46 24 boy,
734 2626 46 19 nine
790 2632 58 18 years
867 2625 39 24 old,
917 2627 37 17 and

524 2657 70 20 strong
612 2653 31 17 for
653 2654 34 16 the
699 2653 42 17 first,
753 2653 47 18 time
812 2652 53 18 since
875 2651 25 19 he
917 2659 38 12 was

524 2679 57 18 born.
620 2679 87 18 Publish
735 2679 40 18 tin's
805 2677 60 19 letter
885 2678 15 18 if
917 2685 37 17 you

526 2705 48 18 wish
606 2705 38 18 and
669 2705 54 17 refer
746 2704 101 25 inquirers
870 2706 19 16 to
918 2710 37 13 me.

525 2731 95 24 (Signed)
640 2731 76 24 Joseph
736 2730 64 24 Bond,
823 2730 48 24 July
900 2731 54 23 2Gth,

551 2783 70 23 What,
630 2790 51 16 now,
699 2783 16 18 is
733 2783 34 18 the
782 2782 79 24 mighty
876 2782 41 19 fact
936 2783 18 18 in

525 2809 87 20 morals?
631 2809 41 19 Ask
691 2809 91 25 yourself
798 2809 34 18 the
858 2809 97 24 question.

525 2836 65 20 What
598 2835 72 25 justice
684 2841 38 13 tvns
732 2835 56 18 there
805 2835 18 18 in
836 2835 33 17 tho
886 2835 61 18 suffer-

525 2863 35 23 ing
576 2862 21 19 of
613 2862 55 19 these
677 2863 40 17 two
736 2860 51 19 little
800 2860 105 19 children?
918 2860 39 19 For

526 2888 66 19 whose
611 2888 47 18 sake
680 2894 40 11 was
739 2888 15 17 it
766 2887 8 18 ?
797 2886 56 24 Why
872 2887 24 18 do
924 2887 33 18 the

525 2914 95 26 majority
636 2914 20 18 of
675 2914 35 18 the
731 2913 74 18 human
826 2919 44 11 race
887 2912 30 19 die
938 2913 17 18 in

525 2941 81 23 infancy
617 2940 37 19 and
667 2939 108 19 childhood
786 2939 9 18 ?
814 2938 53 19 That
883 2938 74 19 bundle

525 2967 21 18 of
560 2966 49 19 laws
629 2966 38 18 and
688 2966 65 18 forcps
769 2964 63 19 called
846 2965 111 18 "miture''

525 2992 36 19 has
574 2998 26 13 no
620 2991 50 25 pity,
689 2998 26 11 no
735 2997 72 18 mercy.
846 2990 55 24 Obey
919 2991 37 18 and

525 3019 52 22 live;
600 3018 84 24 disobey
706 3017 40 19 and
755 3016 75 26 perish,
842 3016 62 19 that's
924 3016 33 20 the

526 3044 64 19 whole
599 3047 61 20 story.

552 3070 54 19 Then
630 3070 44 18 how
694 3069 47 18 docs
762 3069 81 18 Mother
873 3068 85 25 Seigel's

525 3098 66 23 Syrup
600 3102 47 13 cure
654 3095 9 19 ?
678 3095 85 19 It-cures
772 3095 28 24 by
809 3094 99 25 bringing
924 3095 33 18 the

526 3122 92 19 diseased
638 3121 39 19 and
698 3121 101 22 suffering
827 3120 52 22 body
908 3120 11 18 b
934 3121 23 18 ok

526 3149 66 18 where
605 3147 90 19 nature's
706 3146 54 18 hand
771 3153 36 12 can
819 3146 58 18 reach
891 3146 22 18 it.
940 3147 19 17 It,

526 3177 46 22 puts
582 3174 35 18 the
628 3173 87 19 derailed
733 3173 59 17 coach
820 3171 49 19 duck
880 3179 24 11 on
924 3173 34 17 the

528 3200 76 23 metals,
629 3201 16 17 it.
663 3198 131 20 re-launches
811 3199 35 17 the
864 3199 93 17 stranded

526 3227 52 24 ship.
607 3226 42 18 The
667 3224 74 20 radical
763 3223 79 20 trouble
871 3225 21 17 of
911 3224 46 19 both

526 3253 66 18 Annie
602 3251 116 19 Alexander
726 3250 37 19 and
771 3250 75 24 Joseph
854 3250 56 18 Bond
920 3257 39 12 wes

527 3279 21 18 of
557 3279 35 18 the
602 3277 108 24 digestion,
722 3276 35 19 the
766 3276 44 19 first
818 3276 20 22 (a
847 3282 53 12 moie
907 3276 52 23 baby

527 3304 58 24 then)
596 3303 77 25 having
684 3302 50 19 been
752 3302 65 18 seized
835 3301 47 20 with
903 3307 57 13 acute

528 3330 128 24 indigestion,
671 3328 39 19 and
726 3328 34 18 the
778 3328 39 24 boy
835 3328 83 21 having,
939 3335 21 12 as

527 3357 31 18 his
568 3356 69 19 father
646 3354 47 19 tells
704 3360 30 16 us,
749 3354 51 18 been
812 3354 49 17 born
881 3353 46 20 with
948 3361 13 11 a

527 3382 66 19 feeble
604 3380 96 19 stomach.
730 3380 76 21 Hence,
821 3380 20 17 in
859 3379 31 18 his
909 3387 50 16 case,

528 3408 32 19 the
571 3408 40 19 bad
630 3406 61 18 blood
707 3406 39 18 and
763 3406 34 18 the
813 3405 102 19 abscesses
935 3406 25 24 by

529 3434 64 19 which
611 3435 73 17 nature
702 3431 76 25 sought
796 3434 20 16 to
835 3437 80 13 remove
938 3432 21 18 it.

528 3460 50 18 Will
588 3460 82 24 parents
681 3458 48 18 take
740 3457 92 21 warning
842 3457 51 19 fmm
904 3457 57 19 these

529 3483 113 22 instances?
656 3484 71 23 limps
740 3490 28 11 so.
796 3483 74 18 Watch
882 3483 34 18 the
927 3483 24 19 lit-

528 3512 27 18 tle
564 3518 49 12 ones
625 3510 37 20 nnd
673 3516 34 12 use
716 3509 81 18 Mother
806 3508 83 23 Seigel's
896 3509 65 25 Syrup

529 3538 106 18 whenever
653 3542 40 18 you
713 3541 32 12 seo
762 3535 55 18 them
835 3534 87 19 inclined
941 3539 19 15 to

529 3563 61 25 droop
600 3570 22 12 or
632 3561 104 25 languish.

1092 165 83 26 THE
1197 165 140 26 MAILS.

1032 242 148 19 ROTORUA
1192 243 74 18 POST
1286 243 117 21 OFFICE.

1070 291 68 19 Mails
1148 292 61 18 close
1219 297 26 13 as
1253 292 76 18 under
1337 298 29 13 :

1169 321 99 17 M.OXDA.Y.

998 350 46 18 For
1060 350 127 19 Auckland
1209 351 46 19 and
1270 351 164 21 intermediate

1056 373 85 23 offices,
1152 374 54 19 7.30
1216 380 51 13 a.m.

1020 410 13 9 „
1059 396 30 18 Te
1099 396 72 23 Ngae,
1187 398 31 18 Te
1232 397 65 19 Puke
1311 398 47 18 and
1376 398 58 21 Bast

1061 419 72 19 Coast
1141 420 84 23 offices,
1236 421 54 18 7.30
1301 426 54 17 p.m.

1165 452 101 17 Tuesday.

995 481 46 18 For
1058 481 127 20 Auckland
1201 482 47 19 and
1267 482 165 21 intermediate

1058 504 85 23 offices,
1152 506 54 18 6.30
1214 511 51 13 a.m.

1017 541 13 8 „
1056 527 122 24 Tauranga
1191 529 39 18 via
1246 529 30 18 Te
1295 529 65 19 Puke
1377 530 55 19 6.30

1056 556 53 13 a.m.

1016 588 12 7 „
1055 574 169 19 Rotomaßoad
1230 574 78 24 Camp,
1315 576 56 18 9.30
1376 581 53 14 a.m.

1016 610 12 9 „
1055 597 98 19 G-alatea
1161 598 47 18 and
1221 598 136 23 Waiotapu,
1376 599 54 19 7.30

1056 625 54 17 p.m.

1014 657 13 8 „
1054 645 85 21 Taupo,
1157 643 123 23 Atiamuri,
1300 644 127 24 Wairakei,

1054 667 48 18 and
1111 666 91 23 Napier,
1213 668 54 17 7.30
1278 673 55 17 p.m.

1138 700 139 17 Wednesday.

990 731 47 18 For
1046 730 127 20 Auckland
1194 731 47 19 and
1263 731 164 21 intermediate

1054 754 84 22 offices,
1149 754 55 19 7.30
1212 760 52 14 a.m.

1147 784 119 18 Thursday.

990 825 46 19 For
1051 824 127 20 Auckland
1194 825 47 19 and
1263 826 163 20 intermediate

1053 849 83 21 offices,
1148 849 54 18 6.30
1211 854 52 14 a.m.

1012 886 12 8 „
1051 872 123 22 Tauranga
1180 871 39 19 via
1225 871 76 24 Oropi,
1310 871 54 21 7.30
1373 879 51 13 a.m.

1012 910 12 8 ~
1051 896 32 17 Te
1091 896 73 22 Ngae,
1175 896 30 17 Te
1220 895 71 23 Puke,
1306 897 48 18 and
1367 897 58 18 Bast

1051 918 73 19 Coast
1132 918 83 23 offices,
1236 917 55 20 7.30
1299 924 54 18 p.m.

1164 951 87 17 Friday.

988 982 47 18 For
1043 982 129 23 Tauranga,
1188 982 38 18 via
1240 982 30 18 Te
1288 983 66 19 Puke
1370 984 55 18 6.30

1050 1011 53 13 a.m.

1010 1044 11 8 ~
1047 1029 126 18 Auckland
1195 1029 46 18 and
1262 1029 162 20 intermediate

1049 1052 84 23 offices,
1144 1052 54 19 7.30
1206 1057 52 14 a.m.

1010 1091 12 8 „
1049 1076 86 23 Taupo,
1155 1075 122 23 Atiamuri,
1297 1077 47 17 and
1360 1077 48 19 Wai-

1049 1099 73 23 rakei,
1133 1099 54 19 7.30
1196 1104 53 17 p.m.

1018 1151 64 18 POST
1094 1151 93 18 OFFICE
1202 1151 188 18 KEGULAITOXS.

1009 1200 48 18 The
1067 1200 71 18 Office
1147 1200 21 18 is
1176 1205 61 18 open
1246 1200 35 18 for
1290 1200 40 18 the
1342 1201 47 18 sale
1399 1201 26 18 of

985 1225 98 21 stamps,
1093 1223 104 23 delivery
1211 1223 47 18 and
1270 1224 152 23 registration

986 1247 26 18 of
1018 1247 88 22 letters,
1117 1245 88 24 receipt
1220 1246 26 18 of
1258 1247 97 23 parcels,
1373 1247 47 23 &c,

987 1270 60 18 from
1056 1270 15 18 9
1081 1275 51 13 a.m.
1142 1271 26 17 to
1177 1270 15 18 5
1201 1275 54 17 p.m.

1009 1294 47 17 For
1073 1298 86 19 money
1176 1293 68 18 order
1260 1293 47 18 and
1324 1294 97 23 savings

985 1317 63 18 bank
1061 1316 115 22 business,
1192 1316 15 18 9
1221 1321 51 13 a.m.
1291 1317 25 17 to
1334 1317 16 18 4
1366 1322 53 18 p.m.

985 1340 137 22 Saturdays,
1133 1340 15 18 9
1157 1345 52 13 a.m.
1219 1339 25 18 to
1253 1340 15 18 5
1276 1345 55 17 p.m.

1008 1363 45 18 For
1062 1363 122 23 telegraph
1201 1362 114 21 business,
1330 1363 61 18 from
1406 1364 15 18 9

985 1392 51 13 a.m.
1046 1387 26 17 to
1082 1386 13 18 5
1107 1392 53 17 p.m.

1008 1410 100 22 Letters,
1120 1409 75 19 books
1213 1409 45 18 and
1270 1414 150 19 newspapers

985 1438 43 13 can
1032 1433 28 18 be
1066 1432 129 24 registered
1201 1433 26 18 to
1234 1437 47 18 any
1289 1435 54 21 part
1350 1436 25 15 of
1380 1434 40 18 the

985 1456 72 18 world
1067 1461 31 13 on
1107 1456 113 23 payment
1228 1459 24 14 ot
1268 1461 14 12 a
1296 1456 35 18 fee
1350 1457 26 18 of
1389 1457 31 18 3d

983 1480 24 18 in
1014 1479 106 19 addition
1127 1480 25 18 to
1155 1479 40 19 the
1202 1479 216 24 ordinarypostage.

1008 1503 46 18 The
1065 1503 71 18 Office
1144 1502 48 18 will
1202 1507 96 18 re-open
1311 1508 31 12 on
1352 1503 55 18 Tues-

984 1526 62 27 days,
1067 1526 134 22 Thursdays
1221 1525 47 19 and
1289 1526 130 23 Saturdays

984 1550 55 24 only
1043 1550 36 17 for
1088 1550 135 17 15minutes
1230 1549 37 18 for
1272 1549 40 18 the
1316 1549 104 24 delivery

984 1574 25 18 of
1023 1572 83 19 letters
1120 1572 60 19 after
1194 1572 40 18 the
1249 1572 56 18 mail
1316 1572 104 25 arriving

983 1597 25 18 at
1017 1597 55 18 4.40
1081 1601 53 18 p.m.
1144 1597 20 17 is
1175 1595 85 19 sorted.

1130 1619 27 19 R.
1172 1619 26 20 D.
1217 1618 130 23 DANSEY,

1241 1642 153 18 Postmaster.

1138 102 59 19 THE
1224 102 58 20 HOT
1309 105 93 20 LAKES
1430 107 173 24 CHRONICLE,
1631 110 160 23 SATURDAY,
1817 112 138 21 JANUARY
1983 116 31 17 30,
2032 115 49 18 1897

98 4112 58 16 stead
163 4116 8 12 s
180 4112 124 21 Masteixiece
312 4112 86 21 .Library,
414 4112 95 18 Numbers

74 4133 16 26 1,
101 4135 9 15 'J
119 4133 38 18 and
167 4135 10 16 IJ
186 4136 19 15 to
219 4133 57 25 hand,
293 4133 118 26 Threepence
427 4135 47 18 each
488 4137 21 16 at

72 4156 119 24 {JiIHOXIt'LE
199 4157 75 18 Office*

985 1699 41 19 TF
1041 1699 59 19 YOU
1122 1698 57 20 ARE
1202 1698 64 20 SICK
1282 1698 21 19 in
1316 1705 41 18 any
1373 1705 44 19 way

985 1719 20 23 JL
1037 1725 102 20 whatever
1154 1724 50 19 send
1221 1731 11 12 a
1249 1725 92 25 stamped
1358 1731 48 12 enve-

983 1751 45 25 lope
1038 1754 20 15 to
1068 1758 37 11 our
1116 1752 89 24 Agency,
1218 1750 137 25 Wellington;
1366 1754 51 15 state

983 1778 34 17 tho
1026 1783 46 13 case
1082 1784 22 12 as
1121 1777 98 25 minutely
1228 1783 22 12 as
1268 1777 90 25 possible
1377 1777 40 19 and

980 1809 41 19 you
1039 1803 77 18 receive
1135 1803 69 18 advice
1224 1802 26 20 by
1274 1805 69 16 return
1364 1807 51 21 post.

983 1830 41 17 Our
1035 1834 72 20 agents
1122 1835 34 13 are
1167 1828 28 20 all
1202 1828 104 26 qu..lifted.
1340 1829 22 18 If
1376 1835 40 18 you

983 1855 77 19 enclose
1072 1857 21 16 2s
1110 1855 26 19 6d
1153 1861 28 12 we
1199 1854 41 20 will
1257 1855 48 18 send
1320 1861 41 18 you
1381 1862 36 11 our

984 1881 42 18 best
1037 1881 82 24 remedy
1129 1881 31 18 for
1171 1880 33 19 tho
1220 1887 45 12 case
1282 1880 79 26 lasting
1376 1887 39 18 you

982 1911 38 15 two
1044 1907 73 18 weeks.
1155 1907 45 18 You
1219 1913 48 13 save
1284 1913 75 18 money
1377 1908 39 18 and

982 1933 84 19 doctors'
1078 1933 54 19 bills.
1159 1932 47 21 You
1216 1934 77 18 receive
1311 1933 69 19 advice
1390 1940 24 12 on

982 1959 27 19 all
1019 1960 73 23 points,
1105 1959 40 19 and
1156 1960 33 18 the
1200 1963 70 20 purest
1280 1959 21 18 of
1317 1959 99 19 remedies

983 1991 49 17 sent,
1042 1989 21 15 at
1071 1992 25 12 no
1103 1988 58 16 extra
1169 1988 40 16 cost
1220 1985 48 19 than
1276 1985 16 19 if
1301 1985 114 25 personally

983 2011 84 24 bought,
1076 2012 26 22 by
1112 2011 63 26 doing
1180 2017 52 19 your
1235 2011 92 19 business
1336 2011 47 19 with
1392 2018 24 12 us

983 2037 24 24 by
1018 2040 52 22 post.
1099 2037 84 19 Consult
1198 2041 19 15 ;>t
1227 2044 53 12 once.
1315 2037 100 19 Ailments

982 2063 63 19 which
1057 2070 40 17 are,
1108 2066 23 17 at
1138 2064 34 19 the
1182 2064 48 18 time
1247 2063 88 25 thought
1353 2067 19 15 to
1392 2064 22 18 be

981 2089 59 24 light,
1051 2096 34 12 are
1095 2090 55 18 often
1161 2089 34 20 the
1206 2089 112 25 beginning
1328 2090 22 18 of
1366 2090 40 18 seri-

981 2122 36 12 ous
1026 2122 155 19 consequences,
1193 2115 65 19 which
1277 2115 17 19 if
1312 2115 62 19 taken
1393 2115 21 19 in

981 2141 47 19 time
1040 2148 33 12 are
1084 2141 87 19 checked
1182 2141 40 19 and
1232 2141 66 19 cured.

981 2175 169 20 GKEATFOED
1166 2175 159 20 BOTANICAL
1345 2176 68 23 COY.,

1085 2214 148 23 Wellington,
1245 2214 40 18 and
1296 2216 21 17 at

1003 2240 82 22 Sydney,
1095 2240 117 21 Melbourne,
1223 2240 50 22 Cape
1279 2240 64 21 Town,
1354 2240 38 17 and

1101 2263 86 21 Lincoln,
1200 2263 95 23 England.

1108 2327 288 43 aijaoKifi

982 2402 221 22 PIONEER
1245 2402 168 25 STORE,

1057 2446 103 23 Opposite
1177 2445 71 19 Palace
1266 2445 67 19 Hotel.

1018 2536 139 21 OILMEN'S
1174 2536 108 23 >TORFS,

1059 2574 219 23 IRONMONGERY,

1111 2613 253 24 CROCKERYWARE,

1163 2654 144 24 DRAPERY,
1324 2656 43 23 &c,
1377 2656 35 19 &c-

1025 2695 76 19 NEW
1113 2694 142 20 SEASON'S
1265 2694 101 20 GOODS

1123 2727 47 20 Just
1181 2730 19 16 to
1211 2727 61 19 hand.

1006 2768 12 12 a
1039 2762 148 19 well-assorted
1205 2761 56 20 stack
1280 2762 20 18 in
1317 2762 27 18 all
1362 2762 51 19 lines

1009 2788 34 20 the
1051 2789 63 19 above
1125 2792 21 16 at
1155 2788 72 20 lowest
1238 2795 71 16 prices.

1005 2830 21 13 jiv
1039 2824 86 18 Zealand
1135 2824 64 24 Dairy
1209 2822 146 20 Aspociation's
1364 2823 36 19 Fac-

1014 2853 44 20 tory
1072 2849 73 20 Butter
1157 2850 53 19 fresh
1221 2849 58 19 twice
1290 2849 82 25 weekly.

1054 2885 49 18 New
1114 2885 51 18 Laid
1176 2885 59 21 El'L'S,
1247 2884 42 22 &c.,
1302 2886 33 17 &g.

981 3100 80 22 rpHB
1322 3099 35 23 bej:

981 3153 100 24 criptiors,
1102 3153 58 18 seeds
1180 3152 40 18 pud
1239 3151 162 26 appliances—in-

980 3179 81 24 eluding
1073 3178 50 19 New
1133 3178 90 19 Zealand
1238 3177 67 24 Trees,
1325 3177 86 24 Shrubs,

981 3204 75 21 Plants,
1077 3204 50 19 Tree
1137 3204 69 22 Ferns,
1223 3203 70 24 Ferns,
1314 3204 40 22 &c,
1371 3205 40 22 &c,

981 3229 75 25 [melted
1067 3231 19 17 in
1099 3231 55 18 wood
1168 3231 39 18 and
1222 3236 72 12 canvas
1310 3236 56 12 eases
1381 3230 32 18 for

981 3257 32 17 the
1022 3256 99 24 Colonies,
1133 3256 41 18 and
1184 3256 21 18 in

981 3282 30 17 for
1035 3282 76 17 distant,
1134 3281 106 20 countries.
1282 3281 69 19 Medal
1374 3281 39 19 and

985 3307 92 25 Diploma
1087 3308 90 19 received
1188 3308 31 18 for
1230 3307 72 25 plants,
1316 3307 38 23 &c,
1367 3309 48 16 tlius

981 3336 44 17 sent
1034 3336 20 16 to
1066 3334 35 19 the
1225 3333 125 22 Exhibition,
1361 3333 40 18 Lon-

981 3360 45 22 don,
1279 3359 21 18 in
1307 3359 107 18 Auckland

982 3388 23 15 35
1016 3391 65 19 years.

1060 3421 38 31 C,
1115 3420 43 32 T.
1176 3419 159 36 WHEN,

981 3469 40 18 Mt.
1030 3469 106 17 hobson
1143 3468 129 20 nursery,
1280 3468 134 20 remuera,

1107 3509 121 21 Auckland,
1239 3507 51 19 N.Z.

1130 3563 147 19 ROTORUA

983 3601 127 27 WOOD
1120 3602 29 26 &
1159 3601 110 27 COAL
1278 3600 138 26 DEPOT

987 3687 122 40 MESSRS
1130 3686 25 18 P.
1172 3685 143 19 GOODSON
1329 3685 47 18 and
1392 3685 24 19 C.

1037 3709 163 19 GRIFFITHS
1210 3714 37 13 are
1265 3708 113 23 prepared
1391 3709 26 18 to

984 3732 89 19 deliver
1081 3734 26 17 to
1115 3737 48 18 any
1171 3732 53 23 part
1233 3731 26 18 of
1265 3731 40 18 the
1314 3730 71 19 Town

1011 3770 82 23 BEST
1102 3769 191 24 HOUSEHOLD
1302 3768 88 29 COAL,

987 3845 94 24 RATA
1092 3845 21 22 &
1123 3844 102 24 TAWA
1237 3843 180 25 FIREWOOD.

1008 3886 26 16 At
1044 3884 95 18 Lowest
1148 3883 98 19 Current
1254 3883 72 19 Rates
1334 3884 21 17 at
1363 3884 32 18 the

1127 3913 82 17 shortest
1216 3912 68 17 notice.

1008 3975 63 18 Goods
1081 3975 93 17 delivered
1188 3975 45 17 with
1243 3976 119 20 promptness
1371 3976 48 17 after

985 4003 69 18 arrival
1062 4003 20 18 of
1091 4003 64 18 trains.

1017 4042 75 20 Orders
1102 4049 47 18 may
1155 4043 27 19 be
1192 4042 37 19 left
1237 4044 21 17 at
1268 4042 35 19 the
1312 4042 73 24 Yards,

1023 4076 274 25 PUKUHTUH
1318 4077 65 23 ST.

999 4156 83 20 Agents
1091 4162 39 14 for
1140 4162 41 14 tiie
1191 4156 51 20 N.Z.
1256 4156 95 20 ExriiEss
1361 4157 34 19 Co.

552 3622 76 19 Several
636 3622 25 18 oil
669 3621 97 22 paintings
776 3622 19 16 of
803 3626 64 12 scones
875 3621 20 17 of
903 3621 48 17 inter-

529 3648 27 17 est
563 3652 47 12 near
616 3645 33 17 the
657 3646 51 16 town
718 3644 49 17 from
778 3643 31 18 the
822 3643 57 18 iirush
897 3644 21 17 of
930 3644 32 17 Mr

529 3670 20 17 C.
570 3668 100 19 Blomfield
686 3673 30 10 me
731 3672 43 11 now
788 3672 24 11 on
828 3667 47 16 view
894 3668 21 15 at
929 3667 33 17 the

530 3693 118 18 CimoxiCLE
657 3690 75 18 Office.*

555 3732 43 19 The
608 3730 106 24 following
723 3735 44 12 new
777 3729 65 19 books
849 3735 32 13 nre
889 3736 24 12 on
921 3729 41 20 sak

530 3761 21 16 at
574 3758 119 19 Chronicle
845 3755 42 19 Tlie
905 3756 30 18 XI
941 3756 21 18 th

741 3780 28 24 by
797 3781 28 19 IT.
859 3781 102 21 Suteliffe;

551 3810 59 18 Peter
762 3806 26 25 by
804 3807 34 18 the
854 3807 69 19 authoi
943 3808 20 18 of

529 3835 71 24 Trilby
607 3842 5 13 ;
638 3835 11 11 ''
658 3833 64 18 Seven
736 3832 60 19 Little

530 3862 39 20 and
654 3859 62 19 Little
860 3859 26 23 by
902 3859 60 19 Ethel

530 3887 91 22 Turner;
658 3885 43 18 The
711 3884 56 18 Trail
784 3885 20 18 of
819 3885 35 18 the

530 3913 26 25 by
567 3912 80 20 Gilbert
655 3910 83 23 Parker,
751 3911 39 23 &c,
803 3911 32 18 &e.

554 3956 15 16 A
579 3954 63 18 choice
651 3952 88 18 selection
752 3953 20 16 of
786 3953 24 16 oil
825 3953 97 21 paintings
937 3953 27 22 by

530 3979 32 17 Mr
570 3978 20 20 C,
601 3975 100 19 IJlomfield
709 3981 44 16 may
762 3981 41 11 now
812 3975 23 18 bo
844 3982 43 11 seen
896 3978 20 15 at
930 3976 34 19 the

530 4002 118 17 Ciiiionicle
656 3998 64 17 Office.
744 3998 52 22 They
805 3998 92 23 comprise
907 3998 57 17 views

530 4025 19 17 in
559 4024 38 18 tliis
605 4018 150 27 neighborhood,
765 4021 100 21 Wairaltei,
880 4021 72 18 Wbafca-

530 4052 106 14 rcwarewa,
646 4045 39 20 &c.j
698 4044 39 17 and
753 4044 49 18 from
814 4045 50 16 their
876 4044 79 17 faithful-

530 4076 42 12 ness
593 4068 38 19 and
648 4067 95 18 attention
758 4068 21 17 to
799 4067 58 17 detail
877 4073 32 10 are
922 4067 42 16 well

531 4092 61 18 worth
605 4092 33 17 the
646 4090 95 18 attention
749 4090 20 17 of
777 4090 61 17 lovers
851 4090 21 17 of
879 4090 37 17 art.
941 4089 24 17 In

531 4116 85 20 addition
624 4115 21 16 to
654 4113 52 19 these
714 4113 53 19 tliero
781 4118 31 12 are
829 4118 11 11 a
852 4113 80 17 number
945 4113 20 17 of

530 4140 59 16 water
596 4137 51 18 color
655 4136 86 18 sketches
748 4136 82 17 suitable
838 4137 31 16 for
875 4136 90 22 birthday

532 4168 21 11 or
561 4162 68 17 Easter
635 4160 75 18 Cards.*

1502 169 135 46 NEW
1665 170 197 47 BOOKS

1460 233 69 40 FOR
1549 233 155 42 HOLIDAY
1724 235 164 42 READING,

1456 346 47 17 Kate
1512 347 84 20 Carnegie
1606 348 34 15 and
1652 348 56 17 Those
1716 349 89 16 Ministers

1671 369 33 16 lan
1715 370 89 16 Maelaren
1858 372 10 15 6
1880 373 9 14 0

1456 388 37 16 The
1501 390 47 19 Grey
1556 389 49 20 Mnn,
1630 402 19 5 ...
1662 390 16 18 S.
1691 390 23 17 E.
1722 391 82 16 Crockett
1815 393 10 14 2
1837 393 9 14 6
1858 393 9 14 3
1880 393 9 15 6

1456 409 113 17 Sentimental
1576 410 73 21 Tommy
1688 411 17 17 J.
1715 411 27 17 M.
1750 412 59 16 Barrie
1821 413 28 15 26
1862 414 9 14 3
1880 414 9 15 6

1456 430 72 22 Rodney
1536 431 52 16 Stone
1597 443 18 5 ...
1654 432 22 15 A.
1686 432 59 15 Coniin
1754 432 56 20 Doyle
1822 434 27 15 26
1861 435 9 14 3
1879 436 10 14 6

1454 451 37 16 The
1498 452 55 16 Green
1561 452 43 15 Man
1670 453 16 15 S.
1698 453 23 16 K.
1730 453 80 17 Crockett
1822 455 9 15 2
1841 456 8 13 0
1861 456 9 14 3
1879 456 9 15 6

1454 471 39 16 The
1501 472 77 17 Sealskin
1587 473 59 19 Cloak,
1689 473 113 17 Boldrewood
1815 476 9 14 2
1836 477 10 13 6
1857 477 10 14 3
1879 477 9 14 9

1454 492 39 16 The
1500 494 64 19 Lights
1573 494 17 16 of
1598 493 70 22 Sydney
1703 495 21 16 L.
1734 495 68 16 Turner
1813 497 31 14 26
1856 498 10 14 3
1879 498 9 14 6

1453 513 55 17 AVhut
1516 515 54 15 Cheer
1669 515 52 16 Clark
1729 516 69 16 Kussell
1810 518 9 14 2
1832 518 10 14 6
1856 518 9 15 3
1878 519 10 14 6

1453 534 29 16 Sir
1491 536 68 20 George
1567 536 91 21 Tressady,
1668 536 37 16 Mrs
1713 536 25 16 H.
1746 536 55 17 Ward
1812 539 10 14 2
1834 539 10 14 6
1856 539 9 15 3
1877 540 10 14 6

1453 556 37 16 The
1506 557 82 19 Martian,
1603 562 10 10 a
1628 562 39 11 new
1681 558 50 15 novel
1745 558 23 20 by
1783 558 29 16 Du

1496 577 82 20 Mauritr,
1599 578 63 16 author
1677 579 19 14 of
1712 579 94 21 '-Trilby"'
1820 580 27 15 26
1858 581 10 15 3
1877 581 9 15 6

1452 619 37 15 The
1505 620 71 20 Mighty
1590 620 52 15 Atom

1451 639 37 16 The
1496 640 75 16 Sorrows
1580 640 18 16 of
1606 640 45 17 Sitai

1450 660 113 18 Barabbas...

1451 681 86 17 Vendetta

1451 702 71 17 The!rr.a

1449 724 68 16 Ardath

1449 744 37 16 Trie
1494 745 41 16 Soul
1542 745 19 16 of
1571 746 54 16 Lilith
1644 744 3 20 .

1452 766 108 16 Wormwood
1578 781 16 2 ...

1678 599 57 17 Marie
1744 600 62 16 Corelli
1818 602 10 14 2
1837 602 9 14 6
1858 602 9 14 3
1874 603 11 14 6

1738 623 109 17 ~26
1858 623 9 15 3
1877 624 9 14 6

1740 644 107 17 ~26
1858 644 9 15 3
1876 645 9 14 6

1818 664 28 14 26
1858 666 9 14 3
1876 666 9 14 6

1682 684 57 15 Marie
1745 684 63 16 Corelli
1818 685 10 14 2
1836 686 10 14 6
1857 687 9 14 3
1876 687 8 14 6

1739 706 107 19 „26
1857 707 9 15 3
1876 708 8 14 6

1739 728 106 18 ~26
1856 729 9 13 3
1876 729 8 14 6

1737 749 107 17 ~26
1855 749 9 15 3
1874 750 9 14 6

1816 770 28 14 26
1855 770 9 14 3
1874 771 9 13 6

1450 786 66 17 Behind
1524 788 30 16 the
1562 788 58 21 Magiij
1628 788 63 16 Mirror
1744 790 60 15 Birrell
1816 793 9 12 2
1834 791 9 14 6
1855 791 9 14 3
1874 791 8 14 6

1448 807 34 18 The
1482 807 91 18 Eleventh
1578 809 146 18 Commandment,
1731 811 78 15 S'ltchffo
1816 812 7 14 1
1834 812 9 14 6
1855 812 9 14 3
1874 813 8 14 6

1449 831 15 13 A
1470 829 63 17 Victim
1539 830 18 15 of
1564 831 47 15 Goud
1618 831 25 15 Lu
1655 831 16 18 k,
1679 830 22 17 W
1715 831 20 17 K,
1742 831 61 16 Norris
1814 833 9 14 2
1833 833 9 15 6

1448 850 37 16 Tue
1495 851 52 16 Wood
1551 852 74 20 Beyond
1629 852 30 16 the
1662 851 69 20 World,
1740 852 64 16 Morris
1815 854 9 14 2
1834 855 8 14 6

1449 873 68 18 Among
1526 872 28 16 the
1562 873 64 16 Freaks
1676 873 29 16 W.
1715 873 21 16 L.
1746 874 56 15 Alden
1815 875 8 14 2
1833 876 9 14 6
1855 876 8 14 3
1873 876 9 14 6

1449 892 34 16 Out
1492 894 18 14 of
1515 894 39 15 Due
1560 894 62 16 Seuson
1637 894 74 16 Adeline
1718 894 83 17 Seraeaut
1814 897 10 14 2
1833 897 9 14 6

1448 913 97 17 Tnnisition
1674 915 15 16 G
1705 916 21 16 I''.
1737 916 65 16 Brooke
1815 918 8 14 2
1833 918 9 14 6

1448 934 36 17 The
1486 934 54 17 Years
1547 936 38 15 that
1591 936 29 17 the
1625 936 66 16 -Locust
1698 937 43 16 hath
1754 938 51 15 Karen

1592 958 56 15 Annie
1657 957 21 17 K
1688 957 113 17 Holdsworlli
1814 960 9 14 2
1832 960 10 14 6
1854 960 8 14 3
1872 960 9 14 6

1449 976 49 17 Loan
1508 978 54 15 Israel
1577 978 17 21 (a
1604 979 52 15 Sjuth
1668 979 69 16 African
1749 980 11 15 S
1768 981 38 19 ory)

1658 1000 67 21 Gorge
1733 1000 69 17 Cos-ins
1853 1002 9 14 3
1870 1003 10 14 6

1449 1019 26 16 Mr
1486 1019 55 19 Bailey
1552 1021 64 16 Martin
1635 1035 20 3 ...
1681 1021 50 19 IVn-y
1744 1022 57 16 White
1813 1025 9 13 2
1832 1024 9 13 6
1854 1024 8 13 3
1872 1025 8 12 6

1453 1044 6 10 v
1474 1040 55 17 Hume
1537 1042 16 16 in
1564 1042 79 16 lnverpsk
1684 1042 16 16 T
1716 1042 19 17 L.
1749 1044 5 15 L
1754 1045 5 7 J
1766 1047 34 12 ,tou
1813 1047 9 12 2
1831 1045 9 13 15
1854 1045 8 14 3
1871 1046 8 13 0

1446 1061 36 16 Tne
1491 1063 54 15 Green
1554 1064 67 15 Proves
1635 1064 18 15 i.f
1667 1063 98 20 Bal^nwrie

1650 1084 18 17 J.
1678 1085 24 16 11.
1712 1085 89 16 Fii.dbUer
1813 1087 7 14 2
1830 1087 10 14 6
1853 1087 8 14 3
1870 1087 10 14 <>

1447 1105 24 15 I)r
1481 1104 111 21 Congalion's
1603 1105 64 17 Leirao\
1680 1106 24 17 H.
1714 1106 85 17 Jolmstoti
1813 1109 8 13 2
1831 1110 9 12 (i
1853 1108 8 14 3
1870 1108 9 14 0

1446 1126 36 16 The
1491 1123 47 20 Kiiis.'
1547 1127 18 14 of
1576 1124 89 19 Aihlhiimii
1729 1128 47 17 Cobb
1783 1134 15 11 in
1813 1130 7 13 2
1831 1130 9 13 0
1853 1130 7 13 3
1870 1131 9 12 0

1447 1150 14 13 A
1472 1147 40 16 M'Hi
1521 1147 18 15 of
1547 1149 29 15 the
1587 1147 3 22 I
1599 1149 5 20 j
1615 1149 31 15 nl.s
1762 1150 40 14 tnir
1853 1152 7 12 3
1870 1152 9 12 0

1446 1169 42 16 t.'leu'
1496 1169 51 15 K'llv
1667 1170 16 16 S.
1692 1170 109 16 R.Crookut
1813 1172 8 14 2
1831 1171 8 14 fi
1853 1173 7 12 3
1870 1173 9 13 0
1886 1169 2 18 .

1446 1189 47 17 L.dv
1502 1190 134 21 V..l'nl-;.„|,.-m.o
1650 1189 4 22 i
1665 1192 9 15 J
1696 1192 77 15 i'»t.-k.--.li
1781 1198 19 9 ue
1812 1195 8 12 ■:
1829 1193 10 14 0
1853 1193 26 15 3(1

1450 1212 31 15 Hie
1489 1211 93 22 Expiation
1592 1216 15 12 ut
1618 1212 56 21 Wyi.n
1684 1213 14 15 V
1711 1213 47 15 lis-er
1768 1209 1 24 '

1697 1233 21 18 B.
1728 1234 51 16 Wit!'.,
1790 1234 10 17 d
1813 1235 8 15 2
1831 1235 8 14 fi

1448 1255 9 14 A
1471 1254 76 16 Ilmi.blp
1555 1254 15 16 E
1578 1256 77 19 .li-rpri-p
1674 1257 8 13 V
1812 1257 8 14 2
1828 1258 11 12 •(>
1852 1256 8 15 3
1870 1257 9 14 6

1449 1276 31 14 11..-
1492 1277 77 14 It.Mntrn
1587 1276 57 16 While
1654 1276 50 16 Dowl
1721 1277 78 15 Boothbv
1812 1279 8 13 2
1830 1278 9 13 (i
1852 1279 8 13 :i
1870 1279 8 13 U

1446 1299 12 13 A
1468 1296 32 17 Bhl
1510 1297 26 16 for
1543 1297 78 16 Fortune
1753 1310 10 7 ~
1810 1300 9 14 2
1829 1299 8 14 (i
1856 1296 3 21 •
1869 1300 9 13 (i

1447 1318 16 15 In
1474 1319 73 15 bri-iinue
1557 1319 39 15 O.m.i
1611 1324 33 11 anv
1754 1332 10 6 ~
1811 1321 8 14 2
1830 1321 9 13 0
1852 1320 7 14 3
1869 1320 9 14 (i

1444 1339 36 16 Tiie
1492 1339 84 17 Hnrii.iiP
1586 1341 15 14 ni
1615 1341 60 14 l-.-tli.-r
1754 1353 12 4 ..
1812 1341 8 16 2
1830 1341 9 15 G
1853 1342 7 13 3
1869 1343 8 12 ii

1449 1360 31 16 I'h..
1488 1360 80 17 Tninlef
1580 1361 22 16 l)i
1644 1362 31 15 nils
1697 1361 28 18 fl-.
1736 1362 61 16 Anbvn
1852 1364 8 13 3
1869 1364 8 13 0

1444 1381 19 16 In
1472 1381 56 16 IJiisi..
1536 1383 32 14 mid
1575 1388 13 9 in
1597 1383 70 15 L-im.mj
1676 1384 13 14 K
1706 1383 15 16 L
1735 1379 44 19 li-it'.
1789 1389 8 10 ii
1811 1385 26 14 2(5

1449 1403 30 15 Hie
1490 1403 64 16 Master
1691 1406 12 13 i.
1714 1404 83 17 Z-mawil]
1851 1405 7 14 .1
1869 1405 8 14 6

1446 1425 11 14 A
1469 1425 107 15 Homniieenf
1580 1425 42 15 Two
1628 1425 66 16 Worlds
1706 1426 22 16 M.
1736 1425 61 16 Cor.-lli
1811 1426 7 14 2
1829 1427 8 13 0
1851 1427 26 13 3.0

1443 1445 46 16 Juiie
1498 1446 28 15 the
1536 1447 75 15 Obscure
1652 1447 75 16 Thomas
1736 1447 59 21 Llardy
1811 1449 26 13 20
1851 1449 7 12 3
1868 1449 9 13 0

1444 1464 19 18 lit
1474 1466 29 16 the
1513 1466 47 21 Days
1568 1468 18 14 of
1595 1468 92 16 Adversity
1728 1468 64 16 Button
1850 1469 8 15 3
1868 1470 9 14 0

1443 1487 36 16 The
1489 1487 55 17 Heart
1552 1489 19 15 of
1580 1489 28 15 the
1622 1486 59 19 World'
1711 1489 86 21 Haggard
1810 1490 27 15 26
1851 1491 7 14 3
1868 1491 8 14 0

1443 1509 36 15 The
1488 1510 92 20 Courtship
1588 1510 18 16 of
1616 1505 63 21 iMo.iue
1686 1510 16 16 B
1710 1511 52 15 .older

1705 1534 12 13 A
1724 1532 2 15 .
1736 1532 60 15 Mason
1810 1533 8 14 2
1828 1533 9 13 6
1851 1533 7 14 3
1867 1534 9 13 6

1442 1552 37 15 Toe
1488 1551 55 22 Light
1552 1552 38 16 that
1597 1552 59 17 Failed
1711 1553 87 21 Kippling
1811 1555 7 13 2
1828 1555 9 14 0
1849 1555 9 14 3
1865 1554 12 15 <3

1500 1579 40 16 Add
1548 1579 80 20 Postnge,
1638 1579 20 16 2d
1670 1580 15 15 in
1696 1580 28 15 the
1733 1579 82 22 Shilling.

1884 1613 2 20 I

1477 1628 84 17 Okdkks
1573 1632 37 14 fok
1624 1632 65 14 above
1707 1632 101 14 EECEIVEB
1822 1629 20 16 lit

1533 1649 149 20 CHRONICLE
1696 1651 80 19 Office.

1446 1717 49 46 R.
1536 1717 338 51 SPRECKLEY,

1543 1774 51 18 Next
1603 1774 32 18 the
1651 1774 45 18 Post
1710 1774 63 21 Office,

1441 1805 236 23 SHORTLAND-ST,
1691 1805 183 19 AUCKLAND.

1486 1837 80 23 Agent
1573 1837 35 17 for
1614 1837 94 17 Gordon
1715 1837 20 18 &
1745 1837 81 19 Gotch.

1441 1931 203 40 SOMETHING
1677 1931 46 42 TO
1757 1931 116 40 READ!

1513 2427 277 35 OFFICe.

1486 2493 194 32 Canterbury
1712 2493 108 30 Times,

1481 2535 220 26 Christenurch
1732 2535 93 30 Press,

1496 2577 70 25 New
1579 2577 135 24 Zealand
1738 2576 75 31 Mail,

1528 2618 109 32 Family
1653 2618 127 30 Reader,

1453 2660 106 31 Young
1581 2659 115 26 Ladies'
1719 2658 134 31 Journal,

1505 2701 90 25 Black
1620 2701 60 25 and
1696 2700 107 30 White,

1437 2742 172 26 Illustrated
1632 2742 124 25 London
1775 2742 94 30 News,

1434 2784 64 26 The
1517 2784 117 29 Album,
1668 2784 64 24 The
1746 2782 123 31 Sketch,

1514 2825 121 32 Sydney
1655 2825 136 30 Bulletin,

1686 2865 75 31 Mail,

1490 2908 90 25 Town
1594 2907 60 26 and
1670 2907 145 32 Country,

1544 2949 219 30 Australasian,

1592 2991 133 29 Referee,

1437 3032 229 32 Cosmopolitan
1704 3031 166 32 Magazine,

1536 3074 113 25 Strand
1757 3093 13 10 „

1514 3114 141 26 Windsor
1757 3134 13 10 „

1516 3156 138 32 Ludgate
1758 3175 12 11 „

1491 3198 117 25 Review
1628 3198 33 24 of
1681 3197 141 30 Reviews,

1503 3239 126 25 Woman
1649 3240 33 24 at
1700 3238 104 30 Home,

1437 3280 150 26 Weldon's
1601 3280 127 24 Fashion
1745 3278 125 26 Journal

1470 3321 129 25 Schild's
1615 3321 128 25 Fashion
1792 3340 13 11 „

1483 3361 180 32 Something
1684 3363 34 23 to
1735 3361 92 30 Read,

1438 3403 183 32 Snapshots,
1644 3403 148 30 Answers,
1813 3402 43 25 Tit-

1518 3445 67 29 bits,
1599 3445 123 31 Scraps,
1744 3444 52 25 &c.

1438 3487 65 25 And
1519 3485 35 26 all
1574 3486 96 25 Home
1688 3486 60 25 and
1764 3485 89 25 Colon-

1457 3527 34 26 ial
1509 3527 112 31 Papers
1635 3527 23 24 &
1672 3526 183 32 Magazines.

1607 3655 99 23 THG

1441 3706 247 43 MASTERPIECE
1707 3704 163 42 LIBRARY,

1441 3779 142 33 Popular
1595 3777 129 32 Novels,

1473 3840 66 26 The
1553 3839 115 32 Penny
1681 3838 106 32 Poets,

1509 3906 109 26 Books
1630 3906 49 26 for
1684 3906 55 26 the
1749 3907 125 26 Bairns,

1442 4036 206 46 Jiewnes'
1679 4037 195 45 Famous

1581 4130 162 44 Books.

1937 3896 69 26 SHIP
2017 3895 20 26 Si
2048 3895 101 26 YACHT
2163 3895 126 25 BROKER.

1957 3926 192 21 COMMISSION
2161 3926 109 21 AGENT,

1905 3961 80 30 —[AH
2007 3960 55 20 FOE
2086 3960 69 19 SALE
2174 3966 13 13 a
2204 3960 86 18 number
2309 3960 21 18 of

1905 4001 11 6 _
1932 3980 9 25 J
1978 3989 65 17 rtteani
2065 3986 103 22 launches,
2190 3986 75 23 yachts,
2289 3985 41 18 and

1897 4014 80 24 pulling
1989 4013 58 18 boats
2066 4011 88 20 suitable
2175 4012 31 17 fur
2224 4011 46 18 luko
2289 4014 41 15 and

1897 4039 53 20 river
1959 4039 61 20 work.

1964 4069 185 20 CoUItESrONDENCF,
2170 4066 95 20 INVITED.

1925 4161 34 21 15,
1972 4155 154 24 QTJEEN-ST.,
2140 4153 163 21 AUCKLAND.

997 4247 107 42 Ask
1131 4249 72 40 for
1236 4249 268 41 Hancock's
1536 4249 277 42 Celebrated
1846 4248 191 44 XXXX
2062 4245 113 41 Ales
2202 4245 94 38 and
2322 4244 150 41 Stout.

2147 262 91 18 Tourists
2249 263 40 19 and
2302 263 55 20 Invai

2451 272 36 18 liig
2496 268 35 16 tne
2540 267 139 20 Wonderland
2690 270 21 17 of
2720 269 50 19 New
2780 269 89 21 Zealand

2824 275 46 15 land
2879 278 39 13 win
2925 278 41 14 nuci
2976 275 34 19 the

2469 306 65 74 D
2624 310 422 78 HOTEL,

1911 452 80 40 npHE
2004 456 52 17 most
2066 454 87 25 elegant,
2165 456 131 21 comfortable
2304 458 40 19 and
2354 458 45 19 best
2408 459 109 25 appointed
2528 461 153 19 establishment
2690 463 22 17 in
2730 463 51 18 New
2798 463 94 25 Zealand,
2909 466 17 18 it
2944 466 61 26 being
3021 469 73 23 replete
3111 470 122 22 throughout

2379 484 50 19 with
2438 485 34 18 the
2483 487 51 16 most
2547 486 82 19 modern
2643 488 148 18 conveniences.
3170 486 12 9 B

1937 506 55 16 IHL
2006 506 92 18 HOTEL
2116 513 17 12 is
2151 507 21 19 in
2191 508 34 18 the
2245 509 115 18 immediate
2375 510 169 24 neighbourhood
2563 512 20 17 of
2600 512 35 19 the
2653 513 72 23 Priest,
2746 513 82 23 Rachel,
2847 514 121 22 Postmaster
2991 519 40 19 and
3044 520 57 19 other
3116 521 59 18 Laths
3199 520 34 19 the

1908 532 90 16 curative
2007 534 113 21 properties
2130 532 21 19 of
2161 533 64 19 whieh
2241 540 34 12 are
2292 534 147 20 world,fauied.
2467 535 54 18 Bath
2533 536 64 19 chairs
2609 538 39 18 and
2659 539 116 18 attendants
2785 545 34 13 are
2829 541 94 23 provided
2933 546 19 15 to
2965 549 75 17 oonvey
3054 545 84 21 invalids
3154 549 21 17 to
3193 546 40 20 and

1907 554 52 19 from
1970 555 34 19 the
2015 562 80 13 various
2107 557 141 20 bath-houses.
2276 559 42 19 The
2330 560 106 19 bedrooms
2444 561 42 18 and
2504 562 86 25 retiring
2612 570 66 12 rooms
2698 571 34 12 are
2751 564 57 19 fitted
2826 566 47 19 with
2900 568 74 24 special
2986 551 71 41 regJrd
3071 571 68 20 to,the
3153 552 80 40 reaSe

1907 584 66 15 ments
1984 581 20 18 of
2013 585 70 21 guests
2092 588 22 12 in
2123 585 69 17 search
2203 585 21 17 of
2232 586 93 18 renewed
2335 586 99 24 strength.
2910 580 8 12 L
3008 580 13 14 fe
3154 580 79 17 require

1934 606 42 19 The
1989 607 62 19 Baths
2062 610 21 16 at
2093 607 35 19 the
2135 609 129 19 Sanatorium
2276 611 52 18 have
2339 613 99 17 attracted
2446 618 61 18 many
2516 613 81 19 visitors
2617 614 21 19 of
2657 615 40 18 late
2717 621 69 19 years;
2812 619 92 18 amonest
2920 619 56 20 those
2989 621 43 19 who
3040 621 50 19 have
3102 623 62 18 found
3174 623 58 18 relief

1907 632 77 19 beithe
1993 632 145 25 convalescent,
2149 640 92 18 nervous,
2252 636 118 23 rheumatic,
2382 637 40 18 and
2433 637 99 25 sleepless.

1933 657 91 19 Eotorua
2034 658 16 19 is
2060 659 35 18 the
2112 663 68 16 centre
2198 661 53 19 from
2269 662 65 18 which
2354 662 28 18 all
2401 663 68 24 points
2479 664 20 17 of
2509 663 83 20 interest
2602 665 20 19 in
2639 665 35 19 the
2683 666 94 19 Thermal
2787 667 84 26 Springs
2888 669 80 20 District
2986 678 45 16 may
3045 673 26 18 bo
3085 673 82 19 reached
3191 674 41 19 and

1905 683 75 24 special
1990 684 95 18 facilities
2095 691 33 12 are
2137 686 97 24 provided
2244 687 32 19 for
2283 687 57 19 those
2349 687 21 19 in
2380 688 68 19 search
2459 689 20 18 of
2487 689 34 19 the
2530 689 101 20 beautiful
2643 691 40 19 and
2696 693 126 19 marvellous.
3170 683 4 29 '

1998 715 182 19 MAGNIFICENT
2192 718 176 18 APARTMENTS,
2496 720 85 18 LOFTY
2593 722 145 19 BEDEOOMS.
2853 726 112 19 PERFECT
2982 728 150 19 SANITATION

2048 740 28 17 In
2085 739 57 20 short
2151 746 14 13 a
2173 745 125 15 first-class
2311 741 172 21 Establishment
2492 743 87 26 offering
2587 745 59 24 equal
2656 747 95 18 comforts
2760 748 19 18 to
2789 747 34 19 the
2833 748 43 19 best
2890 749 62 20 hotels
2961 751 22 18 in
2992 752 85 24 Europe.

2570 776 10 12 o

1905 815 12 18 H
2145 791 86 23 Suites
2248 793 28 22 of
2286 792 169 29 Apartments
2466 794 66 23 with
2542 796 96 28 special
2652 798 154 23 attendance
2820 799 38 22 for
2873 800 127 24 Families-

1904 824 98 24 Spacious
2013 823 127 21 Promenade
2151 825 111 24 Balconies,
2272 827 58 25 Snug
2342 827 90 24 Alcoves,
2444 828 39 19 and
2498 829 127 25 luxuriously
2641 832 110 24 appointed
2760 832 100 26 Drawing,
2881 834 68 23 Music,
2967 836 140 20 Conversation
3130 837 92 24 Reading

2356 853 99 25 Smoking
2465 854 37 19 and
2514 854 85 21 Billiard
2609 856 81 19 Booms:
2718 857 69 19 Baths.

2142 887 36 21 gcT
2194 886 116 19 SPECIAL
2323 886 160 21 ATTENTION
2496 889 69 19 PAID
2577 889 34 19 TO
2626 890 116 20 CUISINE
2756 891 58 19 AND
2829 891 122 23 SERVICE.
2965 898 36 20 _££

1930 915 34 19 All
1972 917 182 19 communications
2166 917 26 24 by
2202 917 60 19 letter
2272 915 4 32 ■
2285 924 10 12 r
2306 918 97 23 telegram
2413 919 41 19 will
2464 920 76 19 receive
2549 924 80 23 prompt
2638 923 105 18 attention.

1961 967 77 43 W.
2065 968 59 43 A.
2151 968 311 53 BOULTON,

2375 1028 59 24 (Late
2444 1030 20 17 of
2473 1028 113 20 Grosvonor
2594 1030 70 24 Hotel,
2676 1030 95 24 Sydney.)

2926 976 244 51 Manager.

2919 1096 35 18 TO
2968 1096 151 20 TOURISTS.

2818 1143 19 17 A
2849 1143 129 19 SOUVENIR
2990 1145 32 17 OF
3035 1146 50 16 THE
3098 1146 120 17 DISTRICT.

2810 1191 134 45 BEFORE
2955 1200 40 17 j-ou
3011 1193 56 19 leave
3086 1193 93 24 Rotorua,
3197 1195 23 18 in-

2881 1221 54 21 spect
2943 1218 33 20 the
2984 1219 104 19 miniature
3096 1220 26 18 oil
3129 1220 102 25 paintings

2808 1244 20 18 of
2836 1245 32 18 the
2879 1243 43 20 Hot
2931 1244 65 19 Lakes
3010 1250 85 20 scenery,
3106 1245 31 19 for
3155 1246 41 18 sale
3212 1249 20 15 at

2809 1270 33 18 the
2853 1269 47 20 Hot
2915 1270 69 18 Lajcks
2997 1270 115 19 Ciiuonicle
3128 1271 64 23 Office,
3213 1274 20 16 at

2809 1295 50 18 i'rom
2871 1297 20 16 Is
2901 1296 25 18 3d
2934 1296 54 17 each.

2867 1337 23 25 J.
2905 1338 24 24 P.
2945 1338 231 30 BACKHOUSE,

2954 1386 135 16 KRTIST,

2811 1419 126 26 NEWTON
2961 1419 84 29 ROAD,
3067 1420 166 26 AUCKLAND.

2917 1484 207 26 ROTORUA.

2808 1558 234 46 Tarawera
3064 1560 162 50 Jiouse,

2859 1621 180 18 TUTANEKAI
3052 1621 117 20 STREET.

2831 1652 78 20 Within
2932 1659 44 18 easy
3002 1659 65 13 access
3091 1654 21 18 of
3128 1654 33 18 the
3179 1654 48 19 Post

2806 1678 63 24 Office,
2878 1678 69 23 Baths,
2955 1678 40 20 and
3003 1680 125 18 Sanatorium
3135 1680 92 19 Grounds

2806 1704 38 19 and
2854 1704 138 26 commanding
3005 1711 11 12 a
3034 1704 125 27 magnificent
3176 1706 51 19 view

2806 1731 19 18 of
2835 1731 33 18 the
2877 1731 61 18 Lake.

2831 1760 84 19 Visitors
2938 1760 39 19 will
2995 1761 42 18 find
3056 1767 58 19 every
3130 1761 96 19 attention

2806 1786 47 25 paid
2862 1789 20 16 to
2892 1786 50 19 their
2952 1788 82 17 comfort
3044 1787 39 18 and
3095 1788 34 17 the
3138 1788 78 23 require-

2806 1816 63 15 ments
2879 1812 21 19 of
2908 1812 75 19 invalid
2994 1815 66 22 guests
3072 1812 38 19 will
3121 1813 22 18 bo
3161 1812 54 19 assid-

2806 1838 70 25 uously
2886 1838 92 19 attended
2988 1841 25 16 to.

2916 1873 69 19 Terms
2997 1873 117 19 Moderate.

2856 1912 35 32 C*
2908 1912 268 37 WXLLMOTT,

2899 1962 236 17 PROPRISTOR,

2830 1999 78 19 Letters
2926 2000 39 18 and
2990 1999 114 25 Telegrams
3127 2000 99 25 promptly

2805 2025 108 25 responded
2918 2028 26 16 to.

2806 2178 22 24 X
2867 2182 41 18 that
2915 2188 12 11 a,
2940 2182 75 23 regular
3026 2182 49 21 daily
3089 2181 53 17 coach
3159 2181 68 17 sen-ice

2803 2206 83 16 between
2896 2204 87 18 Okoroirc
2992 2205 37 16 and
3039 2205 82 17 Rotorua
3135 2204 36 17 and
3187 2204 40 17 vice

2802 2233 53 12 versa
2862 2228 15 16 is
2886 2233 40 11 now
2935 2228 88 23 running.

2825 2251 38 17 The
2871 2251 113 21 advantages
2991 2257 10 10 o
3016 2250 37 18 this
3058 2251 52 17 route
3116 2255 29 12 are
3151 2256 62 11 numer-

2802 2279 39 15 ous,
2851 2280 10 11 a
2870 2273 100 18 somewhat
2983 2274 72 17 tedious
3063 2273 75 21 railway
3146 2273 80 23 journey

2802 2297 15 18 is
2825 2297 75 20 broken,
2909 2296 36 17 and
2954 2297 32 16 the
3002 2299 53 14 route
3071 2297 88 16 traverses
3175 2301 50 11 some

2802 2320 19 17 of
2839 2320 31 17 the
2886 2319 82 18 loveliest
2985 2319 51 17 Bush
3053 2319 78 22 Scenery
3145 2319 20 16 in
3178 2319 47 17 New

2802 2343 86 17 Zealand.

2841 2374 100 21 FARES,
2957 2374 40 18 10s
3007 2373 81 19 EACH
3100 2373 80 18 WAY.

2802 2402 89 23 Special
2907 2402 161 22 Conveyances
3084 2406 43 13 can
3145 2401 28 18 be
3189 2405 23 13 ar-

2943 2425 86 22 ranged
3037 2424 40 18 for.

2802 2470 206 21 Leave—Okoroire
3016 2470 35 19 for
3064 2470 100 18 Rotorua
3178 2470 45 17 and

2869 2494 213 19 Whakarewarewa
3111 2493 60 22 daily
3197 2498 14 12 a

2871 2519 29 17 10
2908 2522 50 14 a.m.

2802 2541 199 19 Leave—Rotorua
3009 2540 44 18 and
3061 2539 145 18 Whakarewa-

2869 2569 60 13 rewa
2945 2564 34 17 tor
2993 2562 112 22 Okoroire,
3122 2562 60 23 daily
3197 2562 25 18 at

2870 2588 30 18 10
2907 2592 50 14 a.m.

2823 2611 32 17 All
2873 2616 107 17 passengers
3001 2614 30 12 arc
3047 2608 74 17 advised
3140 2609 19 16 to
3174 2608 48 17 avail

2801 2634 108 18 themselves
2917 2633 19 18 of
2945 2633 36 17 this
2998 2633 58 16 ltoute
3071 2637 20 11 as
3105 2631 87 18 Okoroire
3206 2631 16 16 is

2801 2663 34 12 one
2850 2657 19 18 of
2879 2657 32 17 the
2919 2657 50 17 show
2977 2656 61 22 places
3055 2654 19 18 of
3089 2654 32 18 the
3136 2654 86 17 Thermal

2801 2680 81 19 District,
2905 2679 35 17 and
2954 2685 24 11 no
2994 2678 43 17 visit
3051 2679 19 15 to
3086 2677 31 17 the
3132 2677 58 17 Lakes
3206 2676 16 18 is

2801 2704 90 21 complete
2900 2703 76 16 without
2982 2701 23 17 its
3011 2700 94 18 inclusion.

2824 2726 71 22 Special
2903 2725 90 17 attention
3005 2724 15 16 is
3034 2723 57 17 called
3103 2725 20 15 to
3136 2723 32 17 the
3183 2722 39 18 fact

2801 2750 41 17 that
2851 2756 10 10 a
2870 2748 54 18 coach
2932 2748 59 17 leaves
3004 2747 84 17 Rotorua
3096 2746 37 17 and
3142 2746 65 17 Whaka-

2801 2778 96 12 rewarewa
2905 2778 23 10 on
2938 2770 74 22 Sunday
3021 2771 20 16 at
3051 2771 19 15 10
3079 2775 42 11 a.m.

2930 2816 159 18 KCENTS:

2801 2844 69 19 TITOS.
2884 2844 67 17 COOK
2967 2844 15 17 &
3001 2842 52 20 SON,
3072 2841 96 18 Auckland
3185 2841 37 17 and

2965 2867 88 17 Rotorua.

2802 2914 16 16 A
2835 2911 108 19 MEMBER
2962 2910 32 18 OF
3014 2909 51 17 THE
3086 2908 83 18 HOUSE
3190 2908 33 18 OF

2888 2931 243 21 REPRESENTATIVES.

2823 2966 93 22 Speaking
2929 2971 23 11 on
2966 2965 31 16 the
3011 2963 103 22 Pharmacy
3127 2962 36 18 Bill
3176 2962 45 18 said,

2859 2988 100 24 profession
2972 2988 34 16 has
3018 2985 52 18 made
3087 2986 34 16 less
3138 2990 84 18 progress

2801 3013 67 21 during
2877 3012 31 16 the
2923 3011 36 17 last
2976 3011 32 15 100
3022 3014 53 17 years
3090 3009 45 16 than
3148 3008 42 17 that
3202 3008 21 17 of

2916 3039 20 12 or
2945 3033 59 16 words
3013 3033 19 16 to
3041 3032 42 17 that
3095 3032 56 16 effect.
3184 3031 38 16 The

2801 3058 76 18 M.H.R.
2893 3056 55 23 spoke
2961 3056 79 16 without
3054 3055 91 20 thinking,
3162 3060 21 10 or
3199 3053 23 17 he

2801 3082 60 17 would
2875 3081 33 17 not
2922 3081 46 15 have
2985 3078 53 17 made
3055 3077 43 18 such
3115 3082 23 12 an
3154 3075 69 18 absurd

2801 3106 104 16 statement.
2928 3103 30 16 He
2966 3101 94 21 evidently
3074 3100 53 17 knew
3142 3100 80 21 nothing

2802 3128 19 18 of
2828 3128 32 17 the
2869 3132 39 11 new
2917 3125 73 20 remedy
2999 3123 70 18 termed

2938 3147 150 17 NEUROL

2802 3172 59 17 which
2870 3169 159 22 is,ineomparisen
3036 3168 44 17 with
3087 3166 84 17 remedies
3178 3165 45 17 used

2802 3201 45 11 even
2856 3196 20 15 2o
2885 3199 51 17 years
2945 3198 41 17 ago,
2997 3197 19 11 as
3023 3190 48 22 lifijht
3081 3192 17 15 to
3107 3188 92 18 darkness.

2938 3220 149 17 NEUROL

2802 3245 16 17 is
2825 3251 11 11 a
2849 3242 125 21 scientifically
2990 3239 89 24 prepared
3095 3238 92 20 medicine,
3204 3237 21 18 in

2803 3269 31 16 the
2844 3268 45 16 form
2900 3266 19 18 of
2925 3265 90 23 powders.
3041 3264 16 16 It
3065 3263 15 16 is
3088 3263 31 16 not
3133 3262 82 21 disagree-

2803 3291 41 17 able
2851 3284 4 26 ;
2868 3290 16 15 it
2891 3289 16 17 is
2914 3289 33 16 not
2955 3284 107 26 expensive:
3076 3286 16 16 it
3100 3285 31 16 lies
3140 3284 19 18 in
3172 3284 54 17 small

2803 3318 93 17 compass;
2910 3312 14 17 it
2933 3311 82 17 contains
3025 3315 24 11 no
3056 3309 67 21 opium,
3142 3306 84 23 morphia

2803 3342 20 12 or
2837 3335 113 23 antipyrino;
2969 3334 16 16 it
3002 3332 37 17 will
3055 3333 33 15 not
3103 3336 42 11 cure
3161 3335 55 16 every-

2803 3360 55 20 thing
2866 3359 33 16 but
2914 3358 14 17 it
2942 3357 15 16 is
2970 3355 82 18 effective
3063 3355 20 16 in
3096 3354 23 16 all
3135 3358 48 12 cases
3196 3353 31 16 for

2804 3383 59 16 which
2872 3382 14 17 it
2894 3382 15 16 is
2921 3377 143 20 recommended.

2941 3406 149 18 NEUROL

2804 3432 36 16 will
2849 3431 66 17 relieve
2923 3436 53 15 every
2985 3429 47 16 form
3050 3428 19 16 of
3086 3425 91 18 headache
3192 3426 36 16 not

2804 3455 65 17 caused
2877 3454 26 22 by
2910 3453 51 17 brain
2971 3451 75 17 disease.

2940 3479 149 17 NEUROL

2804 3516 51 11 cures
2874 3507 94 23 neuralgia
2988 3507 20 16 of
3023 3505 32 17 the
3071 3505 39 16 face
3126 3503 37 18 and
3179 3502 47 19 head

2802 3538 50 12 more
2861 3531 93 21 promptly
2962 3531 45 16 than
3016 3528 80 22 quinine.

2825 3555 34 18 LA
2864 3554 98 18 GRIPPE,
2971 3558 21 11 or
2998 3550 147 18 INFLUENZA
3150 3550 45 16 loses
3201 3549 24 15 its

2802 3580 68 16 terrors
2878 3578 15 16 if
2901 3575 105 19 NEUROL
3014 3575 14 17 is
3037 3574 55 16 taken
3102 3574 20 15 at
3130 3572 31 18 the
3175 3576 36 13 com-

2803 3600 112 19 mencement
2924 3599 20 17 of
2952 3599 31 16 the
2992 3597 67 18 attack.
3163 3615 52 5 .„,,„

2826 3623 84 18 COLDS,
2950 3618 136 21 CATARRHS,
3122 3615 99 21 FEVERS,

2802 3644 170 21 RHEUMATISM
2997 3649 29 11 are
3054 3642 24 16 all
3100 3639 75 19 relieved
3197 3638 26 21 by

2802 3669 110 19 NEUROL.
3169 3672 12 16 :.
3202 3683 6 2 .

2825 3693 37 17 For
2881 3696 70 12 women
2971 3687 105 20 NEUROL
3093 3688 14 16 is
3124 3684 99 23 peculiarly

2802 3716 83 18 suitable,
2896 3715 15 16 it
2919 3719 50 11 cures
2978 3712 26 18 all
3018 3711 73 22 painful
3104 3712 68 17 cramps
3185 3707 38 16 and

2802 3739 53 17 other
2863 3737 58 22 pains.
3131 3752 5 7 ,
3195 3737 4 22 .

2825 3761 60 21 Every
2906 3765 29 11 mil

2802 3783 65 18 should
2876 3789 60 13 posses

2826 3829 44 18 Sold
2877 3829 26 21 by
2912 3829 24 16 all

2803 3854 20 16 2s
2831 3858 33 17 per
2871 3852 43 18 box,
2924 3857 10 11 o

2804 3876 39 17 Co..
2854 3874 82 18 Auoklaii

2826 3897 102 19 Wholesale
2938 3897 4 19 .

2803 3927 34 14 ser,
2848 3927 21 10 or
2877 3920 70 17 Sharla.i

3131 3819 91 20 chemists,

3119 3842 104 18 NEUROL

2813 3982 150 28 GOVERNMENT
2982 3977 57 27 LIFE
3061 3975 132 27 INSURANCE.

2924 4015 113 16 Established
3046 4012 36 13 1670.

2812 4050 79 14 Growth
2900 4049 21 15 of
2926 4046 61 16 Funds
2992 4048 21 10 :

2844 4071 43 15 1875
2917 4078 14 5 ...
3001 4065 159 18 <eiio,ooo

2843 4091 43 14 1885
2921 4097 8 5 •.
2966 4085 194 17 =ei,ioa,ooo

2842 4111 43 15 1805
2914 4116 15 6 •••
2946 4105 213 18 *3,300,000

2258 1206 176 43 HOUSE.
2485 1207 18 40 *
2550 1210 20 37 *
2617 1211 17 26 *

2042 1267 130 24 (Formerly
2180 1268 40 18 the
2228 1268 148 23 Parsonage.)

2472 1306 247 33 HOTOHUAx

1954 1361 166 27 SITUATION
2138 1360 198 27 UNRIVALLED.
2388 1380 6 3 .

2087 1410 178 27 EXCELLENT
2284 1409 232 26 TESTIMONIALS.

1935 1513 58 25 Mrs
2009 1513 32 25 D.
2061 1512 202 31 GRIFFITHS,

2538 1510 214 33 Proprietress.

2118 1625 192 19 TARIFF—Two
2322 1623 103 19 Guineas
2438 1628 40 19 per
2490 1623 72 18 week.

2072 1670 87 17 Stecia!
2171 1670 68 17 Teehs
2251 1673 38 13 i'ok
2302 1669 46 17 Two
2360 1668 75 18 Weeks
2448 1672 41 13 axv>
2500 1671 65 14 xjvyrjo

2174 1840 134 21 LHKE
2338 1839 170 22 THUPO.

2179 1908 150 39 r?isj^

2002 1977 12 18 d
2025 1984 24 11 on
2061 1976 33 19 the
2106 1976 52 18 main

2188 1976 40 18 i.ids
2237 1981 20 14 to
2271 1974 2 27 i
2274 1978 7 12 N
2289 1976 57 25 apier
2356 1976 39 18 and
2412 1975 96 20 Tokaanu
2519 1975 40 19 and
2570 1975 70 19 within
2651 1977 39 17 two
2700 1974 58 19 miles

2197 2002 21 18 of
2228 2003 34 17 the
2271 2002 70 21 Taupo
2357 2002 49 18 Post
2414 2002 67 18 Office.

2162 2050 354 34 THEHOUSK

1896 2089 59 19 which
1973 2090 15 17 is
1997 2089 118 23 approached
2124 2089 25 23 by
2158 2095 11 12 a
2178 2089 65 23 gently
2253 2089 70 23 graded
2332 2089 45 18 road
2386 2089 16 18 is
2411 2089 80 17 situated
2500 2089 20 17 at
2528 2095 24 10 an
2567 2088 79 17 altitude
2661 2088 20 17 of
2694 2089 34 16 2-10
2746 2088 37 17 foot

1895 2112 58 18 above
1964 2113 51 17 Lake
2025 2114 64 21 Taupo
2098 2119 21 11 or
2130 2113 51 20 1,500
2190 2113 38 17 feet
2235 2113 59 16 above
2303 2118 31 11 sea
2343 2112 45 17 level
2399 2112 38 17 and
2446 2111 107 18 commands
2570 2117 12 12 a
2597 2111 122 22 magnificent
2735 2110 48 18 view

1895 2137 19 16 of
1922 2136 33 17 the
1963 2136 119 23 picturesque
2092 2138 80 19 country
2180 2136 127 22 surroumlh'g
2316 2136 32 18 the
2357 2136 33 16 200
2400 2141 66 16 square
2475 2135 53 17 miles
2537 2135 19 17 of
2565 2135 32 17 the
2606 2135 52 17 Lake
2671 2135 63 20 Basin,
2745 2134 37 17 and

1895 2159 31 21 the
1936 2160 60 16 active
2005 2160 97 16 volcanoes
2112 2159 103 23 Tongariro
2224 2159 36 17 and
2269 2159 110 22 Ngarahoe.

2178 2187 40 23 AS
2232 2188 24 22 A
2272 2187 219 24 SANATORIUM

1894 2219 32 17 the
1942 2219 53 22 place
2004 2220 14 16 is
2028 2220 131 21 unsurpassed.
2183 2219 76 17 Besides
2268 2219 32 16 the
2309 2219 49 16 clear
2366 2219 38 16 and
2412 2218 79 22 bracing
2498 2218 118 21 atmosphere
2630 2223 19 11 so
2665 2217 84 22 salutary
2762 2218 19 15 to

1894 2242 86 19 invalids,
1990 2243 32 17 the
2031 2242 60 18 Baths
2099 2242 103 18 connected
2210 2242 46 17 with
2265 2242 32 17 the
2307 2241 143 18 establishment
2458 2247 31 11 are
2498 2241 104 17 unrivalled
2610 2240 29 18 for
2644 2240 50 18 their
2699 2239 83 19 curative

1894 2265 108 23 properties.
2028 2266 59 16 These
2096 2265 89 22 comprise
2201 2265 78 17 covered
2293 2265 20 16 in
2326 2265 56 17 baths
2400 2265 19 17 of
2435 2270 38 16 any
2489 2263 66 23 degree
2574 2263 20 18 of
2609 2265 127 21 temperature
2754 2263 28 17 for

1894 2289 85 20 invalids,
1990 2296 11 9 a
2009 2291 56 20 spout
2074 2288 46 18 bath
2130 2288 31 18 the
2167 2288 103 22 properties
2280 2289 20 16 of
2309 2288 61 17 which
2379 2294 31 11 are
2420 2289 48 16 most
2477 2287 129 22 invigorating
2618 2287 36 16 and
2664 2287 32 17 the

2065 2312 116 17 LABGEST
2193 2311 53 18 HOT
2258 2311 91 17 AVATEE
2362 2310 139 18 SWIMMING
2513 2307 105 21 LAGOON

1894 2335 18 16 in
1921 2335 46 17 Now
1977 2335 88 17 Zealand.
2091 2335 39 17 Tim
2138 2335 57 17 latter
2204 2340 63 12 covers
2275 2340 23 11 an
2312 2340 42 11 area
2364 2335 19 16 of
2392 2340 43 12 over
2444 2336 37 14 two
2490 2339 50 11 acres
2548 2333 20 17 in
2577 2334 71 16 extent.

1916 2358 39 17 The
1963 2359 51 16 Lake
2024 2359 89 17 steamers
2122 2359 19 16 to
2152 2357 36 18 and
2198 2358 46 17 from
2263 2357 90 18 Tokaanu
2366 2357 45 18 land
2424 2363 22 12 or
2458 2357 43 17 take
2518 2357 27 16 off
2559 2362 111 17 passengers
2686 2356 67 17 within
2771 2361 10 11 a

1893 2385 76 18 quarter
1976 2382 20 17 of
2004 2389 11 9 a
2024 2382 43 17 mile
2076 2383 20 15 of
2104 2381 32 17 the
2145 2382 64 17 house.

2080 2404 87 18 BOOMS
2177 2404 84 17 LOFTY
2273 2404 53 16 AND
2422 2403 171 17 VENTILATED.

1916 2427 38 17 The
1964 2428 47 16 Mail
2020 2428 82 17 Coaches
2112 2429 19 15 to
2140 2427 71 22 Napier
2220 2427 36 17 and
2265 2427 89 17 Tokaanu
2369 2426 40 23 (the
2542 2425 56 18 Biver
2611 2425 61 23 route)
2689 2430 43 18 pass
2749 2425 31 16 the

1894 2451 51 20 door,
1955 2451 37 17 and
2001 2451 32 17 the
2042 2451 85 18 Botorua
2138 2450 61 18 Coach
2208 2451 15 16 is
2235 2451 39 16 met
2282 2456 25 11 on
2317 2450 67 17 arrival
2393 2451 20 16 at
2421 2450 71 22 Taupo.

2309 2496 215 18 mOD6RKT6.

1908 2545 223 35 r«ra«m
2150 2545 139 35 ram?

1916 2604 100 18 COOKS
2030 2604 141 18 COUPONS
2188 2603 164 19 ACCEPTED.

2463 2559 148 21 MMIIIIH
2616 2559 43 21 ISA
2665 2559 49 21 HI)
2720 2559 46 21 ft?!

2247 2647 176 26 TAUPO.

2329 2769 249 30 t.A-Tx:fo.

1916 2838 112 19 TARIFF
2036 2834 4 26 :
2054 2838 63 19 Four
2126 2837 110 23 Shillings
2245 2842 41 18 per
2294 2837 68 18 Diem
2371 2834 3 26 ;
2396 2837 97 22 Twenty
2505 2835 110 23 Shillings
2624 2840 41 18 per

1941 2895 139 42 ROBERT
2105 2895 159 41 WILLIAM
2291 2894 117 47 PRINN,

2541 2915 191 19 PROPRIETOR.

2165 3101 343 40 TATJPO,

2181 3217 322 33 YME-TABLK

1917 3309 85 18 Rotorua
2011 3309 19 17 to
2038 3309 71 21 Taupo,

1917 3333 64 21 Taupo
1991 3334 20 15 to
2019 3332 90 20 Rotorua,

1917 3356 64 22 Taupo
1990 3356 20 16 to
2018 3355 96 19 Tolcaiinu,

1917 3378 91 18 Tokuanu
2016 3380 20 15 to
2044 3378 72 21 Taupo,

1917 3401 65 23 Taupo
1991 3404 20 14 to
2018 3400 100 21 "Wah'nkoi,

2020 3425 19 16 to
2049 3424 70 21 Taupo,

1917 3448 65 21 Taupo
1990 3449 20 15 to
2019 3446 78 23 Rapids,

1917 3471 64 22 Taupo
1991 3472 20 15 to
2018 3469 60 17 Huka
2086 3469 58 20 Falls,

2399 3304 86 23 Tuesday
2493 3304 37 18 and
2542 3304 74 20 Friday.

2400 3328 98 22 Thursday
2506 3328 38 17 and
2552 3327 77 22 Sunday
2638 3333 20 11 or
2667 3327 89 22 Monday.

2401 3351 98 22 Thursday
2507 3351 37 17 and
2554 3351 82 21 Sunday.

2402 3374 69 22 Friday
2481 3373 35 18 and
2526 3373 89 22 Monday.

2401 3397 63 22 Daily.

2401 3420 62 22 Daily.

2401 3443 63 22 Daily.

2403 3466 62 22 Daily.

2047 3509 47 17 SPA
2106 3509 82 17 Coaches
2196 3509 50 16 moot
2254 3507 90 18 Tokaanu
2353 3508 79 15 steamer
2441 3505 75 22 coming
2525 3505 37 17 and
2571 3505 65 23 going.

2011 3554 150 19 ROTORUA
2172 3554 26 18 to
2215 3552 153 19 TOKAANU
2380 3552 32 18 94
2420 3551 66 19 miles
2495 3551 35 18 for
2539 3551 35 18 £1
2586 3551 26 18 Os
2626 3551 38 19 Od.

1898 3587 136 25 Rotorua
2050 3585 269 33 Representative:
2345 3584 27 25 F.
2385 3582 105 31 TUFT,
2604 3582 162 33 Langham.

1921 3679 43 19 The
1977 3678 62 24 SPA
2055 3678 107 23 HOTEL
2171 3678 18 18 is
2199 3677 35 19 the
2243 3677 68 18 Home
2322 3676 20 19 of
2353 3676 34 19 the
2398 3676 88 19 Famous
2497 3674 92 24 Crow's
2599 3674 66 23 Mest
2676 3674 103 29 Geyser.

1966 3720 72 19 Maori
2050 3719 90 19 Carved
2147 3719 87 23 Dining
2243 3718 59 19 Hall.
2474 3716 38 20 All
2520 3716 71 19 kinds
2599 3716 27 19 of
2632 3716 78 19 Baths.

1935 3760 76 19 Tennis
2021 3760 40 19 and
2071 3759 125 20 Promenade
2206 3759 80 22 Lawns,
2298 3758 98 23 Gardens,
2408 3757 139 23 Shrubberies,
2562 3756 76 24 Lovely
2648 3756 93 19 Flowers.

2185 3792 192 18 FIRST-CLASS
2389 3791 104 19 TABLE.

2459 3841 220 20 MASSAGE.

2465 3933 115 20 ERASER,
2592 3932 95 27 qualified
2703 3931 66 19 Ameri-

2354 3951 50 24 iYJL
2431 3966 38 13 can
2488 3960 110 22 M'asse.uso,
2617 3958 18 18 is
2645 3956 137 26 permanently

2353 3985 78 19 located
2446 3986 21 18 in
2484 3985 96 19 Rotorua.
2618 3984 39 18 She
2683 3984 36 18 has
2742 3982 40 19 had

2353 4010 138 21 considerable
2505 4010 115 24 experience
2630 4010 20 17 in
2667 4010 34 17 tJio
2719 4010 53 16 treat-

2353 4039 56 16 ment
2427 4037 22 18 of
2465 4036 63 19 ladies
2538 4035 39 20 and
2588 4036 113 23 gentlemen
2711 4033 61 19 suffer-

2352 4062 37 24 ing
2398 4062 52 19 from
2469 4062 89 22 Sciatica,
2575 4061 147 21 Rheumatism,
2736 4059 46 19 Stiff

2352 4088 73 23 Joints,
2448 4087 113 25 Dyspepsia
2579 4087 40 19 and
2638 4086 26 19 all
2681 4086 63 18 forms
2763 4086 20 18 of

2352 4113 94 19 Nervous
2463 4113 110 19 Disorders.

2341 4149 2 26 I
2402 4156 107 19 Ajddkesb:
2523 4154 97 20 GRAND
2635 4154 99 20 HOTEL.
