3320 4340
1451 1431 56 24 THE
1528 1430 56 24 HOT
1601 1432 97 23 LAKES
1717 1430 170 25 CHRONICLE

1450 1468 437 13 AND

1553 1496 107 20 Tourists'
1677 1500 100 24 Journal.

1451 1550 169 21 WEDNESDAY,
1635 1552 154 20 SEPTEMBER
1797 1557 27 19 18,
1832 1557 51 17 1895.

1451 1602 43 17 The
1504 1602 100 17 formation
1613 1603 20 17 of
1641 1609 11 11 a
1662 1604 99 18 volunteer
1777 1606 43 17 Fire
1842 1606 32 17 Bri-

1451 1625 47 23 gade
1507 1625 19 16 in
1535 1625 85 18 Rotorua
1628 1626 15 17 is
1655 1632 12 11 a
1676 1628 40 22 step
1724 1628 19 17 in
1754 1628 32 18 the
1794 1629 53 21 right
1855 1630 20 16 di-

1451 1649 69 17 rection
1530 1648 38 17 and
1576 1655 34 10 one
1620 1649 61 18 which
1690 1651 37 16 will
1739 1653 50 16 meet
1797 1653 47 16 with
1852 1653 33 17 the

1451 1671 122 18 enthusiastic
1581 1673 91 21 approval
1681 1674 19 16 of
1708 1680 56 17 every
1772 1676 83 17 resident
1865 1676 19 17 in

1451 1695 32 17 the
1491 1695 47 17 twin
1547 1695 109 23 townships.
1686 1697 33 17 We
1733 1698 95 18 therefore
1841 1699 44 17 look

1451 1717 82 18 forward
1542 1719 19 16 to
1570 1719 64 22 seeing
1643 1726 10 10 a
1662 1719 117 24 thoroughly
1788 1728 86 16 represen-

1451 1742 58 16 tative
1518 1741 90 18 audience
1615 1743 21 16 at
1648 1742 32 17 the
1693 1743 84 23 meeting
1790 1746 96 17 convened

1451 1765 30 17 for
1490 1764 93 22 Saturday
1591 1765 57 21 night
1656 1766 20 16 in
1684 1766 32 18 the
1723 1767 88 23 Reading
1818 1769 65 18 Room,

1451 1787 92 23 prepared
1550 1789 21 15 to
1579 1787 44 17 lend
1631 1794 56 17 every
1695 1790 102 18 assistance
1836 1792 50 17 their

1451 1817 63 16 power
1527 1812 20 15 to
1564 1812 35 21 put.
1615 1811 32 18 the
1664 1814 69 15 matter
1749 1820 24 10 on
1790 1821 11 10 a
1818 1821 68 16 proper

1451 1834 55 17 basis.
1531 1834 28 17 Mi
1572 1834 20 17 0,
1602 1834 89 24 Malfroy,
1700 1836 44 18 who
1757 1837 39 18 will
1813 1838 73 22 preside

1452 1863 24 11 on
1496 1857 32 17 the
1545 1858 91 18 occasion,
1654 1858 33 18 lias
1704 1860 38 17 had
1758 1861 128 18 considerable

1451 1880 91 23 practical
1557 1881 109 22 experience
1678 1882 20 17 in
1712 1883 33 17 the
1761 1884 75 18 control
1848 1885 38 17 and

1452 1904 116 22 supervision
1577 1904 19 17 ef
1604 1904 46 17 such
1658 1910 54 18 corps
1720 1907 36 16 and
1771 1907 32 17 Mr
1817 1908 69 17 Ernest

1452 1927 64 20 Davis,
1525 1927 33 17 the
1567 1933 91 12 convener
1666 1929 20 16 of
1695 1929 31 17 the
1735 1930 90 23 meeting,
1840 1931 46 18 took

1452 1956 10 10 a
1469 1950 108 22 prominent
1589 1952 42 20 part
1646 1951 19 17 in
1679 1951 32 18 the
1723 1954 130 22 organisation
1867 1956 19 15 of

1452 1973 32 18 the
1493 1973 110 27 Deyonport
1615 1974 85 22 Torpedo
1714 1975 59 23 Corps
1788 1977 21 17 of
1824 1977 62 18 which

1452 1997 24 16 lie
1491 1997 16 16 is
1523 1996 111 18 lieutenant.
1667 1998 19 17 It
1702 1999 68 17 should
1787 2000 53 20 need,
1858 2006 28 12 we

1453 2020 89 20 consider,
1552 2020 35 16 hut
1594 2020 36 17 few
1639 2021 60 17 words
1708 2023 20 16 to
1738 2023 54 16 enlist
1810 2024 29 16 for
1854 2024 32 17 the

1452 2043 72 17 scheme
1533 2043 33 17 the
1575 2044 115 21 sympathies
1698 2045 20 17 of
1725 2046 33 17 the
1767 2046 91 18 residents
1867 2048 20 16 of

1452 2073 11 10 a
1472 2067 50 16 town
1532 2066 61 17 which
1608 2067 29 16 for
1651 2073 57 17 many
1724 2070 77 17 months
1817 2070 21 17 in
1854 2071 32 17 the

1452 2095 45 17 year
1505 2090 14 16 is
1529 2089 74 22 subject
1612 2091 20 16 to
1645 2090 32 17 the
1693 2091 81 23 dangers
1789 2093 49 17 from
1853 2094 33 17 fire

1452 2112 119 24 engendered
1578 2112 27 23 by
1620 2119 11 11 a
1644 2113 53 23 largo
1711 2114 80 24 floating
1805 2117 69 21 popula-

1452 2137 46 15 tion.
1531 2135 39 17 The
1591 2138 107 16 movement
1719 2139 78 21 appeals
1813 2141 21 16 to
1853 2140 33 17 the

1452 2159 100 17 Manliness
1562 2159 20 16 of
1590 2164 55 17 I?vr>ry
1653 2165 65 18 ynnng
1735 2161 71 16 ji.tfilete
1820 2163 18 14 ill
1854 2163 32 15 the

1452 2182 59 21 place.
1537 2182 38 17 The
1584 2182 52 17 work
1648 2182 62 18 which
1724 2189 11 12 a
1749 2184 79 18 fireman
1843 2192 44 16 may

1452 2201 23 21 he
1484 2206 18 16 at
1512 2210 38 16 any
1564 2205 45 17 time
1624 2205 59 17 called
1698 2212 52 16 upon
1768 2209 19 16 to
1803 2209 83 21 perform

1452 2228 90 17 demands
1563 2229 87 22 strength
1671 2229 20 17 of
1711 2231 76 20 muscle,
1804 2238 25 10 an
1844 2232 43 17 iron

1452 2251 65 20 frame,
1527 2257 12 11 a
1547 2251 66 23 steady
1621 2257 56 12 nerve
1686 2253 37 17 and
1732 2259 11 11 a
1759 2255 53 17 stout
1825 2255 60 21 heart,

1452 2275 38 16 and
1498 2274 32 17 the
1540 2276 70 15 muster
1618 2275 35 16 roll
1662 2276 21 16 of
1690 2282 11 10 a
1709 2276 80 23 brigade
1794 2278 79 17 demand-

1452 2298 34 21 ing
1493 2298 53 17 these
1557 2295 87 24 qualities
1660 2299 61 22 ought
1735 2301 19 16 to
1768 2301 26 17 iill
1812 2301 75 23 rapidly

1452 2321 20 17 in
1481 2328 10 10 a
1500 2321 117 22 community
1631 2328 20 10 so
1669 2321 87 24 disposed
1772 2325 20 16 to
1810 2325 78 17 athletic

1452 2344 89 22 displays.
1566 2344 39 17 The
1621 2345 113 18 excitement
1751 2347 20 16 of
1787 2347 32 18 the
1836 2348 40 17 foot-

1452 2368 39 16 ball
1499 2367 45 17 field
1552 2367 16 17 is
1575 2367 36 17 but.
1620 2368 122 23 child's-play
1758 2371 100 21 compared
1867 2372 20 16 to

1452 2391 32 17 the
1501 2392 51 15 stern
1568 2390 74 18 contest
1657 2391 45 18 with
1726 2393 34 17 fire
1776 2394 62 17 which
1855 2394 33 18 the

1453 2413 91 18 members
1553 2418 44 18 may
1604 2415 21 16 at
1634 2420 38 17 any
1689 2414 45 18 time
1750 2416 23 18 be
1791 2413 60 21 called
1867 2418 20 16 to

1452 2438 53 16 enter
1516 2443 31 10 on.

1475 2460 72 22 Young
1563 2465 21 12 as
1599 2460 38 18 this
1657 2462 116 23 community
1789 2464 16 16 is
1821 2464 16 16 it
1853 2464 34 17 has

1453 2483 80 17 suffered
1541 2484 20 16 at
1570 2483 73 18 various
1648 2483 55 19 times
1709 2485 26 22 by
1741 2486 145 23 conflagration,

1452 2506 38 17 and
1511 2506 15 17 it
1549 2507 15 16 is
1582 2508 108 17 reasonable
1710 2509 20 16 to
1750 2515 74 12 assume
1844 2510 44 17 that

1452 2530 37 16 had
1498 2535 11 11 a
1517 2530 88 22 properly
1614 2531 100 20 organised
1722 2532 79 22 brigade
1811 2533 47 17 been
1867 2533 21 18 in

1452 2553 94 17 existence
1560 2554 34 16 not
1603 2559 34 11 one
1646 2554 54 18 tenth
1709 2556 44 21 part
1761 2556 21 17 of
1789 2556 33 17 the
1832 2556 40 17 dam-

1452 2582 35 16 age
1509 2576 62 16 would
1589 2577 48 16 have
1648 2577 48 17 been
1711 2579 95 22 wrought.
1832 2579 19 17 It.
1872 2580 15 17 is

1452 2600 42 16 true
1498 2599 44 17 that
1550 2605 28 11 we
1587 2599 47 18 have
1644 2601 33 16 not
1685 2601 38 17 had
1735 2602 33 17 the
1782 2608 51 11 same
1848 2603 40 17 dire

1453 2622 89 22 calamity
1558 2623 20 16 to
1595 2623 65 17 record
1675 2630 20 11 as
1704 2631 38 10 was
1751 2626 85 21 recently
1844 2626 33 17 wit-

1452 2645 65 18 nessed
1535 2646 19 16 at
1573 2646 82 17 Hawera
1671 2647 62 18 where
1749 2648 73 18 human
1840 2650 47 17 lives

1452 2674 48 12 wore
1509 2669 102 18 sacrificed,
1622 2669 35 17 but
1665 2670 15 16 it
1686 2671 15 16 is
1711 2671 76 22 equally
1795 2674 41 15 true
1845 2672 43 18 that

1454 2692 80 17 without
1543 2698 37 16 any
1589 2693 88 21 properly
1686 2695 101 21 organised
1796 2701 63 11 means
1868 2696 20 17 of

1452 2714 87 23 fighting'
1548 2715 32 17 the
1588 2715 63 18 flames
1661 2722 27 11 we
1698 2718 56 17 know
1763 2720 34 15 not
1805 2720 21 15 at
1836 2719 51 16 what

1453 2739 84 16 moment
1544 2744 28 11 we
1581 2744 44 16 may
1632 2739 23 17 be
1665 2740 59 17 called
1733 2747 51 16 upon
1792 2743 21 15 to
1820 2742 56 16 chron-

1452 2761 35 17 icle
1495 2767 12 11 a
1515 2761 72 18 similar
1599 2761 85 19 disaster.
1694 2763 24 17 In
1735 2765 32 16 the
1784 2765 104 17 discussion

1453 2785 19 16 of
1481 2784 32 17 the
1527 2784 67 19 details
1603 2786 19 16 of
1631 2791 10 11 a
1655 2786 75 22 project
1743 2793 21 12 so
1778 2788 110 22 manifestly

1451 2807 92 22 designed
1551 2809 20 15 to
1580 2813 43 13 save
1631 2808 33 18 life
1678 2805 38 21 aiul
1730 2812 92 22 property
1835 2812 53 17 there

1453 2831 67 17 should
1525 2832 35 16 not
1567 2831 23 17 ho
1599 2838 24 10 an
1631 2832 67 18 absent
1712 2834 58 17 voice.

1468 2880 102 23 LOCAL
1585 2880 96 25 NEWS
1691 2882 70 24 AND
1777 2884 109 23 NOTES.

1476 2929 40 17 The
1526 2929 117 19 CimoxiCL
1650 2932 39 16 will
1698 2932 19 17 in
1727 2932 64 18 future
1798 2933 23 18 be
1827 2934 61 18 issued

1454 2953 49 16 from
1511 2953 33 16 the
1550 2958 42 12 new
1596 2955 89 20 promises
1690 2955 21 17 in
1717 2955 171 20 Hinomoa-stroet.

1453 2976 31 16 Mr
1492 2975 18 17 J.
1552 2976 82 18 Peatson
1642 2978 39 17 will
1690 2979 31 16 act
1729 2985 20 11 as
1763 2981 58 21 agent
1830 2980 19 17 in
1856 2981 32 17 the

1453 3004 60 17 upper
1528 2999 101 23 township.

1477 3027 39 18 The
1524 3028 43 17 Ball
1576 3029 88 23 to-night
1670 3030 17 16 in
1700 3030 32 17 aid
1748 3032 20 16 of
1784 3032 33 17 the
1833 3032 55 18 Brass

1453 3051 54 17 Band
1515 3051 20 16 in
1552 3051 87 18 Pulceroa
1655 3053 46 17 Hull
1717 3055 92 21 promises
1818 3056 20 16 to
1846 3056 24 17 bo
1879 3063 8 9 :i

1452 3073 86 18 brilliant
1546 3080 78 12 success.

1476 3103 69 17 Messrs
1562 3103 55 17 Thos.
1636 3104 50 18 Cook
1703 3106 38 17 and
1758 3106 44 21 Son,
1820 3107 68 18 tourist

1453 3126 74 22 agents,
1537 3126 36 17 call
1581 3127 29 17 for
1618 3127 75 18 tenders
1710 3129 30 17 for
1756 3130 33 16 the
1807 3131 81 17 erection

1453 3150 20 16 of
1481 3155 24 11 an
1514 3149 52 17 office
1574 3150 20 16 in
1602 3150 32 17 the
1643 3150 57 19 lower
1714 3153 102 22 township.

1476 3180 32 17 Mr
1513 3181 74 23 George
1593 3181 65 21 Steele,
1667 3183 19 16 of
1691 3183 33 17 the
1730 3184 99 18 Maraeroa
1836 3185 39 17 Saw-

1453 3204 45 19 mill,
1514 3204 43 17 who
1571 3206 40 15 met
1626 3205 46 17 with
1686 3212 11 11 a
1712 3207 76 22 painful
1804 3208 84 18 accident

1453 3226 37 18 last
1498 3227 58 20 week,
1566 3227 16 17 is
1590 3228 56 22 again
1653 3229 42 17 able
1704 3231 19 15 to
1732 3235 74 12 resume
1811 3231 53 22 duty.

1476 3255 38 20 The
1531 3259 54 17 usual
1606 3260 87 22 monthly
1713 3261 71 18 raootin
1785 3268 11 7 0
1796 3255 3 27 *
1821 3263 20 16 of
1857 3263 31 16 the

1453 3280 69 19 School
1542 3282 112 18 Committee
1674 3284 54 17 takes
1749 3285 54 21 place
1823 3286 18 16 in
1857 3286 31 17 the

1453 3304 121 18 Schoolroom
1584 3312 24 10 on
1617 3306 84 23 Monday
1709 3308 82 23 evening
1801 3310 52 16 next.

1476 3333 17 15 A
1502 3333 69 21 special
1579 3333 85 22 meeting
1676 3334 19 17 of
1708 3334 32 18 the
1756 3335 80 23 Library
1852 3337 36 16 and

1453 3355 87 22 Reading
1549 3355 59 18 Room
1618 3356 112 18 Committee
1739 3359 53 17 takes
1801 3359 53 22 place
1865 3366 23 10 on

1453 3377 69 23 Friday
1531 3379 81 22 evening
1621 3381 46 15 next
1675 3380 19 17 in
1702 3381 33 17 the
1744 3381 97 18 Institute.

1476 3405 38 16 The
1523 3406 44 17 wife
1577 3406 19 17 of
1605 3407 26 16 To
1639 3406 87 23 Kowlmi,
1740 3408 43 18 died
1796 3409 92 23 suddenly

1453 3429 20 16 at
1480 3428 80 18 Owhata
1568 3435 24 11 011
1598 3428 78 25 Sunday
1681 3431 43 17 last.
1738 3432 39 17 The
1782 3433 106 22 customary

1453 3451 54 22 tangi
1515 3458 39 10 was
1563 3452 50 17 held.

1476 3479 83 17 Meliakil
1575 3479 149 24 Tokopounamn
1740 3482 34 17 has
1790 3482 48 18 been
1854 3488 23 16 ap-

1453 3501 78 22 pointed
1544 3508 23 11 an
1584 3508 81 13 assessor
1677 3505 21 16 of
1710 3505 33 17 the
1757 3505 69 17 Native
1834 3505 54 17 Land

1453 3524 59 17 Court
1520 3526 20 15 at
1549 3523 25 19 To
1583 3526 77 17 Whaiti.

1475 3552 37 17 Mr.
1523 3552 17 17 J.
1550 3552 91 23 Wrigloy,
1654 3554 97 20 architect,
1761 3555 71 18 solicits
1846 3555 31 16 ten-

1453 3574 41 18 ders
1504 3575 29 17 for
1542 3575 32 17 tlic
1582 3576 84 18 erection
1675 3578 20 16 of
1704 3584 10 10 a
1731 3578 95 17 chemist's
1841 3577 47 22 shop

1452 3597 30 18 for
1490 3598 31 17 Mr
1531 3599 22 16 R.
1563 3599 66 17 Wake.

1475 3627 70 17 Messrs
1552 3627 75 17 Kusabs
1634 3628 52 17 Bros,
1695 3628 92 18 advertise
1794 3628 42 17 that
1842 3628 46 21 they

1452 3655 31 11 are
1500 3650 90 22 prepared
1609 3651 20 17 to
1643 3651 70 17 deliver
1726 3653 42 15 rata
1784 3651 38 17 and
1838 3651 50 16 tawa

1452 3672 88 18 firewood
1549 3673 18 16 in
1577 3679 37 16 any
1622 3675 44 20 part
1674 3675 21 16 of
1708 3675 32 16 the
1754 3675 52 16 town
1821 3675 20 14 at
1855 3673 32 16 the

1451 3695 66 17 lowest
1526 3698 75 15 current
1609 3698 55 16 rates.
1690 3696 68 18 Orders
1767 3701 44 16 may
1819 3696 23 16 be
1851 3696 35 16 left

1451 3720 21 15 at
1479 3719 33 16 tlio
1521 3719 56 21 yards
1585 3719 94 17 Hinemoa
1688 3719 68 17 Street.

1474 3746 32 16 Mi-
1515 3745 20 17 C.
1545 3746 80 18 Russell,
1635 3746 78 21 railway
1721 3745 54 17 audit
1785 3745 100 21 inspector,

1451 3768 33 17 has
1493 3768 45 22 paid
1546 3769 29 16 his
1583 3768 101 22 periodical
1700 3768 44 17 visit
1758 3769 20 15 to
1795 3768 90 18 Rotorua,

1451 3792 84 21 arriving
1543 3792 44 16 here
1596 3797 24 10 011
1629 3790 97 22 Thursday
1735 3790 38 17 and
1780 3790 77 23 leaving
1862 3797 24 10 on

1451 3814 93 22 Monday.

1474 3841 39 17 The
1530 3840 80 23 petition
1623 3840 19 16 of
1656 3839 31 17 Mr
1702 3839 22 17 E.
1740 3840 111 20 Robertson,
1867 3841 19 16 of

1451 3864 91 18 Rotorua,
1552 3863 29 16 for
1589 3868 11 11 a
1608 3861 68 18 refund
1685 3862 20 17 of
1714 3863 49 16 costs
1771 3863 20 16 in
1806 3868 68 12 connec-

1451 3887 39 16 tion
1502 3886 46 17 with
1556 3891 11 10 a
1576 3884 70 17 certain
1658 3885 65 17 native
1737 3886 38 16 will
1791 3891 40 12 case
1848 3891 38 12 was

1451 3907 99 24 presented
1558 3909 20 15 to
1586 3907 116 17 Parliament
1711 3914 23 11 011
1744 3908 70 23 Friday
1818 3908 43 18 last.

1474 3936 38 17 The
1522 3935 91 17 Observer
1621 3936 93 22 wickedly
1722 3936 42 18 asks
1775 3937 20 16 in
1810 3937 24 17 its
1849 3937 37 17 last

1450 3959 49 17 issue
1507 3959 16 16 if
1530 3959 16 15 it
1554 3958 16 16 is
1578 3959 42 15 true
1629 3959 42 16 that
1679 3965 51 11 some
1738 3960 21 16 of
1764 3960 32 16 the
1801 3960 85 22 artillery

1451 3982 49 17 force
1509 3981 20 16 in
1538 3981 32 16 the
1578 3980 88 18 Urcwera
1674 3983 80 21 country
1768 3982 39 17 will
1821 3984 64 15 return

1451 4004 45 17 with
1505 4003 61 17 Maori
1575 4003 52 18 wiles
1634 4004 8 17 P
1655 4004 92 23 Stranger
1759 4006 65 22 things
1838 4006 47 17 have

1450 4026 105 23 happened.

1473 4054 17 16 A
1498 4053 69 22 partial
1575 4053 66 22 eclipse
1648 4055 20 16 of
1674 4055 32 17 the
1713 4061 40 14 sun,
1762 4055 66 17 visible
1834 4055 49 20 here,

1450 4076 54 17 taken
1524 4074 53 23 place
1591 4077 112 18 to-morrow
1719 4079 94 21 morning.
1847 4079 39 16 The

1450 4098 67 22 eclipse
1525 4098 66 23 begins
1600 4101 20 14 at
1629 4101 29 16 7.0
1667 4100 77 20 o'clock,
1756 4101 33 17 the
1803 4101 83 22 greatest

1451 4121 75 17 contact
1533 4121 16 17 is
1557 4122 21 16 at
1586 4122 29 16 8.5
1625 4122 37 17 and
1673 4124 32 16 the
1723 4124 68 22 eclipse
1806 4124 45 17 ends
1866 4126 19 15 at

1450 4145 41 16 9.10
1504 4143 76 18 o'clock.

1906 147 1 22 I
1936 149 54 17 Some
2056 148 66 18 blocks
2148 147 115 22 comprising
2288 148 58 18 about

1906 165 1 27 j
1913 173 75 19 300,00!)
1997 177 51 13 acres
2057 176 31 13 aro
2097 176 43 13 now
2148 170 61 18 under
2222 170 91 22 purchase
2327 172 19 16 in

1912 195 36 18 this
1958 195 72 18 district
2041 195 36 16 and
2086 194 65 23 Judge
2165 194 44 19 Gill,
2225 194 63 17 native
2301 194 45 17 land

1912 218 90 23 purchase
2011 219 57 22 agent
2085 218 16 17 is
2114 217 58 22 chary
2180 216 21 18 of
2215 217 82 22 opening
2313 220 33 15 out

1911 247 41 11 new
1961 241 73 22 ground
2044 241 30 15 till
2082 241 52 16 these
2144 246 31 11 are
2183 239 87 22 disposed
2280 241 25 17 of.

1934 269 26 17 As
1969 275 10 10 a
1988 267 127 19 considerable
2130 269 79 15 amount
2226 267 20 17 of
2261 267 84 18 business

1910 291 16 17 is
1935 291 99 23 springing
2044 296 25 17 up
2078 290 83 18 between
2180 290 89 20 Rotorua,
2288 291 46 17 Gala-

1910 315 31 16 tea
1949 314 38 17 and
1995 309 29 22 Te'
2035 314 76 20 Whaiti,
2122 314 31 16 Mr
2161 313 71 17 Robert
2241 314 58 17 Wake
2310 321 24 11 an-

1910 343 81 12 nounces
2002 337 41 17 that
2049 337 24 17 he
2079 336 33 18 has
2119 342 11 12 a
2137 342 117 16 conveyance
2262 338 83 22 running

1910 360 84 17 between
2002 361 52 16 these
2062 360 64 22 places
2134 365 55 16 every
2198 359 57 17 week.

1933 388 38 18 The
1980 388 80 22 Library
2069 388 112 18 Committee
2196 388 58 17 invite
2270 388 75 18 tenders

1910 413 30 15 for
1948 412 32 17 the
1988 412 91 22 purchase
2088 411 20 17 of
2116 411 33 17 the
2163 411 94 17 Scientific
2270 412 61 18 Ameri-

1910 441 34 11 can
1954 435 48 16 from
2013 436 43 15 1889
2065 435 20 16 to
2096 435 44 16 1892
2150 434 36 17 and
2195 441 11 10 a
2220 435 88 21 quantity
2325 436 20 17 of

1910 458 148 21 Parliamentary
2067 458 89 16 Debates.
2181 458 39 16 The
2233 458 57 17 latter
2306 459 38 16 will

1910 481 46 17 form
1966 481 113 22 interesting
2086 480 80 22 reading
2174 481 20 17 to
2208 486 36 16 any
2259 481 85 24 budding

1910 505 101 21 politician.

1932 533 31 17 Sir
1971 533 21 17 C.
2002 533 84 22 Malfroy
2094 532 39 17 win
2148 538 72 12 resume
2233 532 28 17 his
2277 533 66 18 official

1909 556 60 17 duties
1978 556 19 16 in
2007 555 111 18 connection
2128 555 45 18 with
2182 555 33 17 the
2225 555 118 18 Sanatorium

1909 585 24 12 on
1942 579 74 22 Friday.
2043 578 39 18 Our
2092 578 72 17 readers
2175 578 37 17 will
2224 578 23 17 be
2261 579 46 22 glad
2323 582 20 15 to

1909 603 51 16 learn
1969 602 43 17 that
2025 602 33 17 the
2071 602 138 21 improvement
2223 602 83 23 wrought
2324 603 18 17 in

1908 625 29 17 his
1954 625 63 17 health
2030 625 26 22 by
2074 625 32 17 the
2121 624 107 18 Australian
2250 625 37 23 trip
2304 627 38 16 still

1908 648 103 18 continues.

1931 677 38 17 The
1978 677 101 21 trenching
2087 677 107 21 operations
2202 677 19 16 in
2227 677 33 18 the
2263 677 79 24 vicinity

1908 700 20 18 of
1936 700 31 17 the
1976 700 77 17 Priest's
2062 700 56 20 B.itU,
2129 700 45 17 with
2185 706 10 10 a
2204 700 47 17 view
2260 702 19 16 to
2294 707 36 17 aug-

1908 723 86 23 menting
2001 723 33 17 the
2051 723 68 22 supply
2133 722 20 18 of
2168 725 57 15 water
2240 724 16 16 at
2272 729 23 12 an
2312 725 20 17 in-

1908 747 75 17 creased
1986 747 138 22 .temperature,
2133 752 33 11 arc
2173 746 38 17 still
2225 747 57 22 being
2296 753 34 12 con-

1908 769 65 18 tinued
1981 769 47 20 with
2037 775 56 16 every
2101 771 86 20 prospect
2197 770 19 17 of
2225 776 10 10 a
2241 771 100 17 successful

1907 794 54 16 issue.

1931 822 31 17 Sir
1970 822 20 16 T.
2001 821 26 18 M.
2038 821 99 21 Harrison,
2148 822 21 16 13.
2172 822 29 20 A.,
2209 822 89 17 barrister
2303 823 38 17 and

1908 844 87 19 solicitor,
2007 846 39 16 US.
2056 844 84 18 Victoria,
2148 845 78 19 Arcade,
2237 846 102 19 Auckland,

1907 869 67 16 inserts
1983 868 30 16 his
2021 867 124 22 professional
2154 867 44 17 card
2207 869 19 15 in
2235 869 37 16 this
2286 870 53 17 issue.

1907 891 31 18 Hr
1945 891 92 17 Harrison
2046 890 15 18 is
2071 891 39 16 also
2119 896 11 11 a
2138 891 90 17 barrister
2236 892 37 17 and
2279 893 52 17 solici-

1907 916 30 15 tor
1957 915 20 16 of
1997 914 31 17 the
2050 914 90 22 Supreme
2166 914 62 21 Court,
2256 915 82 19 Ontario.

1908 937 81 18 Canada.

1930 967 33 16 We
1971 967 64 21 regret
2042 967 21 16 to
2072 965 52 17 learn
2133 966 42 16 that
2184 966 31 17 Mr
2223 966 18 17 J.
2251 967 44 16 Bird
2307 968 33 17 has

1907 990 36 17 lost
1952 996 11 10 a
1972 989 142 22 four-year-old
2122 988 84 23 draught
2215 996 50 10 mare
2274 990 66 18 valued

1907 1015 20 15 at
1940 1013 43 17 ;lo.
2009 1013 39 17 The
2065 1012 69 18 animal
2151 1018 37 10 was
2202 1012 90 24 suffering
2305 1020 24 17 ap-

1907 1036 87 23 parently
2014 1036 49 17 from
2078 1034 112 19 m'iauimtti
2198 1041 17 12 >n
2222 1041 24 12 on
2253 1036 28 17 111
2290 1043 10 11 o
2308 1037 32 23 igh

1907 1062 75 19 prompt
1991 1059 90 18 remedies
2091 1065 47 11 were
2150 1058 132 18 administered
2296 1061 44 22 they

1907 1088 47 12 were
1963 1083 82 16 without
2053 1082 55 17 avail.

1930 1115 38 16 The
1976 1114 55 17 Brass
2040 1115 54 16 Band
2103 1114 61 18 under
2169 1115 32 18 Mr
2205 1116 85 19 Munro's
2295 1123 33 13 con-

1907 1137 109 23 ductorship
2024 1138 69 21 played
2101 1144 12 11 a
2122 1138 52 17 short
2188 1144 117 17 programme
2321 1142 19 16 of

1908 1160 65 19 sacred
1978 1161 60 17 music
2046 1166 26 12 on
2079 1161 33 17 the
2126 1161 86 19 Pukoroa
2228 1168 71 13 reserve
2315 1170 25 12 on

1908 1184 76 22 Sunday
2016 1185 106 16 afternoon.
2159 1185 39 16 The
2229 1187 111 17 attendance

1908 1206 75 19 showed
1993 1207 42 16 that
2045 1208 32 16 the
2086 1208 64 17 efforts
2160 1208 20 17 of
2188 1209 32 16 the
2228 1208 50 18 band
2293 1216 47 12 were

1908 1230 115 22 thoroughly
2032 1230 120 23 appreciated
2161 1231 25 22 by
2194 1232 32 17 the
2235 1232 68 22 public.

1931 1262 30 17 Mr
1971 1262 27 17 W.
2009 1263 21 16 A.
2041 1262 82 17 Boulton
2133 1263 73 18 arrived
2214 1263 19 17 in
2242 1264 98 18 Auckland

1907 1286 47 16 from
1964 1285 76 22 Sydney
2049 1286 25 21 by
2083 1286 32 17 the
2124 1286 91 17 Alameda
2228 1293 25 10 on
2265 1288 25 17 its
2303 1288 37 17 last

1908 1309 36 22 trip
1951 1309 37 16 ami
1996 1314 51 11 came
2053 1314 24 10 on
2084 1310 19 15 to
2110 1308 89 23 Rotorua,
2206 1309 30 18 via
2244 1309 94 24 Okoroirc,

1907 1338 24 10 on
1940 1331 82 23 Sunday.
2049 1332 31 16 Mr
2089 1331 82 18 Boulton
2180 1333 37 16 will
2227 1339 72 11 assume
2308 1335 32 16 the

1907 1356 133 20 management
2048 1356 20 16 of
2077 1355 32 17 the
2122 1356 64 16 Grand
2201 1356 55 17 Hotel
2272 1357 36 18 ami
2325 1358 14 16 is

1907 1384 42 11 now
1958 1378 78 22 making
2044 1382 143 19 arrangements
2196 1380 29 16 for
2232 1380 24 16 its
2272 1381 68 22 speedy

1907 1401 88 22 opening.

1930 1434 69 17 Messrs
2008 1434 52 17 Cook
2068 1434 38 17 and
2115 1434 56 22 Gray,
2182 1435 79 18 trustees
2274 1436 20 17 in
2307 1437 33 17 tho

1907 1458 59 16 estate
1979 1456 20 18 of
2013 1456 99 20 Ojoristoin
2128 1457 37 18 and
2180 1458 115 23 Rappaport,
2310 1465 19 12 re-

1907 1479 61 23 cently
1978 1480 88 22 carrying
2075 1487 23 9 cm
2108 1480 84 18 business
2200 1481 49 22 here,
2259 1482 36 18 call
2311 1482 29 18 for

1907 1503 73 17 tenders
1998 1503 29 18 for
2044 1503 32 18 the
2093 1503 91 23 purchase
2198 1505 20 16 of
2231 1505 58 21 stock',
2307 1507 31 16 Are.

1907 1526 55 18 Stock
1972 1526 61 18 sheets
2042 1526 37 17 and
2094 1526 105 19 conditions
2214 1534 42 16 may
2271 1528 23 18 bo
2310 1529 19 17 in-

1907 1549 75 23 spected
1991 1555 23 12 on
2023 1549 116 24 application
2149 1553 19 15 to
2177 1551 31 17 Mr
2217 1550 84 19 Griffiths
2316 1559 24 11 on

1907 1573 31 17 tho
1947 1573 94 22 premises.

1930 1605 38 16 Tho
1977 1604 83 17 Premier
2072 1604 19 17 in
2106 1604 157 25 acknowledging
2271 1607 31 17 the
2312 1613 18 10 re-

1907 1628 48 21 ceipt
1965 1628 47 16 from
2022 1627 31 18 Mr
2062 1628 56 22 Kelly
2127 1629 20 16 of
2156 1628 31 18 tho
2203 1630 79 22 petition
2293 1631 47 17 from

1907 1651 31 17 the
1947 1650 90 18 residents
2046 1651 78 17 relative
2133 1653 19 16 to
2165 1652 33 17 tho
2215 1653 127 17 Government

1907 1674 114 23 purchasing
2037 1675 32 16 Ilie
2088 1674 95 24 frontages
2205 1677 19 15 to
2242 1676 31 17 the
2290 1677 50 17 main

1907 1696 45 19 road
1959 1697 21 17 in
1988 1697 32 18 tho
2034 1696 116 19 Ohinemutu
2166 1699 99 22 township,
2284 1700 57 17 states

1907 1721 38 17 that
1958 1721 32 17 tho
1998 1721 70 17 matter
2075 1721 35 18 has
2119 1721 48 18 been
2174 1719 82 21 referred
2273 1724 20 16 to
2310 1724 31 16 the

1907 1743 87 18 Minister
2002 1745 19 16 of
2030 1744 69 17 Lands.

1931 1771 38 17 Tho
1978 1771 45 17 Rev.
2037 1771 24 17 R.
2075 1771 104 24 Ferguson,
2195 1772 20 18 of
2228 1772 112 23 Qnehunga,

1907 1801 32 15 pre
1947 1794 1 24 >
1953 1794 46 17 died
2007 1794 20 17 in
2037 1795 32 16 the
2084 1794 129 24 Presbyterian
2229 1796 73 17 Church
2318 1802 22 12 on

1908 1816 77 23 Sunday
2003 1818 88 21 morning
2106 1818 35 16 and
2157 1818 80 24 evening
2253 1820 19 16 to
2291 1819 51 23 large

1908 1841 103 17 audion'cos.
2037 1841 31 17 Mr
2076 1841 98 23 Ferguson
2184 1841 30 18 lefl
2227 1848 24 11 on
2256 1842 85 23 Monday

1908 1864 88 22 morning
2004 1865 20 16 to
2033 1864 44 17 take
2086 1866 42 21 part
2144 1865 18 17 in
2173 1865 31 17 the
2221 1865 122 23 evangelistic

1908 1887 77 17 services
1994 1887 57 22 being
2060 1887 43 17 held
2112 1888 20 17 at
2148 1889 25 16 To
2190 1889 101 16 Awamufu
2307 1889 36 17 biit

1908 1910 37 18 will
1954 1911 64 17 return
2028 1916 25 12 on
2062 1911 95 22 Saturday
2165 1911 37 17 and
2211 1911 81 18 conduct
2303 1918 30 11 ser-

1908 1934 39 16 vice
1955 1933 19 17 in
1984 1934 31 16 the
2027 1933 127 19 Schoolhouse
2162 1940 24 12 on
2196 1935 82 22 Sunday.

1931 1962 40 17 Our
1979 1962 96 23 respected
2085 1964 144 21 contemporary
2238 1963 31 17 the
2279 1964 51 17 Auck-

1909 1985 45 17 land
1963 1985 78 19 Herald,
2052 1985 37 18 like
2098 1986 32 16 the
2138 1986 94 18 immortal
2239 1986 52 20 Jove,
2300 1993 42 16 may

1907 2009 23 17 be
1947 2009 124 21 occasionally
2098 2009 71 23 caught
2194 2009 90 23 nodding.
2318 2010 23 18 In

1908 2032 114 22 yesterday's
2037 2032 49 17 issue
2100 2039 10 9 a,
2124 2032 87 17 criticism
2229 2039 23 10 on
2262 2034 31 16 the
2302 2033 27 18 Ex-

1908 2055 79 17 hibition
1997 2056 19 16 of
2028 2055 65 18 Water
2108 2055 78 20 Colours
2201 2056 14 16 is
2229 2058 49 15 most,
2292 2056 40 18 ludi-

1908 2079 73 21 crously
1992 2078 61 18 mixed
2061 2084 25 17 up
2093 2078 45 18 with
2146 2085 10 10 a
2163 2079 92 23 telegram
2262 2079 81 24 relating

1908 2103 19 14 to
1949 2102 31 16 the
1990 2101 91 18 amended
2098 2102 57 17 tariff'
2180 2102 38 17 The
2235 2102 107 24 intelligent

1908 2129 59 18 conrp.
1976 2125 20 16 at
2006 2125 51 17 work
2065 2125 57 22 again
2131 2125 3 22 !

1931 2156 38 17 The
1999 2155 94 18 Hinemoa
2121 2156 68 18 Native
2199 2157 110 17 Committee
2323 2159 20 15 of

1909 2181 84 15 J'.otorua
2002 2181 83 20 recently
2094 2179 105 22 petitioned
2212 2179 82 24 through
2312 2180 31 17 Mr

1908 2201 54 18 Hoke
1970 2202 108 21 protesting
2084 2202 75 23 against
2168 2202 33 18 tho
2210 2202 61 23 liquor
2284 2203 59 19 traffic

1908 2225 71 18 carried
1988 2231 23 11 on
2027 2227 20 15 at
2061 2223 91 23 Rotorua,
2166 2225 38 17 and
2220 2226 81 24 praying
2314 2227 29 17 for

1908 2248 115 22 prohibition
2032 2248 21 17 in
2061 2249 64 16 native
2131 2248 88 18 districts.
2244 2250 39 16 The
2289 2252 54 19 great

1908 2270 68 19 Native
1985 2271 68 18 Affairs
2064 2272 112 17 Committee
2185 2272 33 17 has
2227 2272 80 18 referred
2319 2273 24 17 its

1908 2294 80 23 petition
1998 2298 18 14 to
2027 2295 32 17 tho
2064 2294 129 18 Government
2199 2295 29 18 for
2234 2295 109 19 favourable

1908 2317 143 17 consideration.

1931 2346 54 18 Since
2006 2346 31 17 the
2055 2346 116 18 destruction
2188 2346 20 17 of
2222 2347 31 16 Mr
2272 2347 72 18 Robert

1909 2368 73 18 Wake's
1991 2369 93 17 chemist's
2094 2370 53 16 stock
2155 2370 25 21 by
2189 2370 33 16 lire
2231 2375 10 12 a
2248 2370 84 18 cousider-

1909 2392 41 18 ablo
1964 2394 78 16 iiTiiomit
2056 2393 20 17 of
2088 2393 144 18 inconvenience
2246 2393 34 17 hus
2297 2394 45 18 been

1909 2415 121 23 experienced
2039 2415 25 23 by
2074 2415 42 18 tbat
2125 2416 69 17 section
2204 2416 20 17 of
2233 2416 31 17 the
2273 2417 67 22 public,

1909 2438 77 23 happily
1996 2439 59 20 small,
2066 2439 98 23 requiring
2170 2438 64 24 drugs.
2248 2440 31 17 Mr
2284 2440 58 18 Wake

1909 2467 41 11 now
1959 2467 108 13 announces
2076 2462 42 18 that
2127 2462 23 18 ho
2166 2462 34 17 Ims
2214 2463 103 21 purchased
2332 2470 10 10 a

1909 2491 40 11 new
1959 2485 51 17 stock
2020 2485 38 17 and
2066 2485 88 23 engaged
2162 2492 9 10 a
2182 2486 106 22 competent
2300 2492 41 12 man

1910 2509 18 17 to
1938 2507 85 24 dispense
2032 2509 32 17 the
2074 2514 50 13 same
2133 2509 19 18 at
2161 2509 29 16 his
2203 2509 87 22 premises
2307 2515 24 17 op-

1909 2532 59 21 posite
1978 2531 31 18 the
2019 2532 65 17 Grand
2093 2532 64 17 Hotel.

1933 2564 21 16 At
1975 2563 31 18 the
2023 2563 36 18 last
2077 2563 84 24 meeting
2176 2564 20 18 of
2208 2564 31 18 the
2256 2561 86 21 Waifcatb

1910 2586 100 24 Licensing
2020 2587 112 17 Committee
2141 2587 31 18 Mr
2185 2587 63 18 James
2266 2587 77 23 Shcrley

1910 2614 37 13 was
1954 2610 81 22 granted
2043 2616 12 11 a
2067 2611 82 16 transfer
2163 2611 19 16 of
2197 2610 28 17 his
2240 2610 67 17 license
2324 2612 20 15 of

1910 2633 31 17 the
1950 2633 90 17 Lichfield
2051 2634 58 16 Hotel
2116 2635 20 15 to
2145 2634 95 17 Putaruru
2244 2633 98 19 Junction.

1909 2657 113 22 Temporary
2036 2657 142 23 arrangements
2192 2657 46 17 have
2255 2657 45 17 been
2315 2657 18 17 al-

1910 2679 56 23 ready
1975 2680 54 17 ni.'ido
2037 2681 30 16 for
2076 2680 33 17 the
2117 2680 159 17 accommodation
2285 2680 20 18 of
2311 2680 32 19 tho

1910 2702 100 24 travelling
2027 2702 64 24 public
2105 2704 38 16 and
2157 2703 32 17 tho
2203 2704 80 16 erection
2297 2704 19 16 of
2333 2711 11 10 ;i

1910 2726 98 18 first-class
2016 2727 59 16 house
2083 2727 80 16 suitable
2178 2727 28 16 for
2223 2726 24 17 all
2261 2727 71 22 require-

1910 2747 60 20 ments
1980 2749 14 16 is
2004 2749 58 23 being
2069 2749 104 23 proceeded
2182 2749 51 18 with.

1933 2778 16 16 A
1958 2777 115 24 telephonist
2078 2778 34 17 has
2117 2777 47 19 been
2175 2778 101 23 appointed
2284 2779 18 16 in
2312 2779 32 17 the

1910 2801 30 17 old
1949 2801 95 23 township
2053 2801 37 17 and
2100 2802 31 16 the
2141 2801 44 22 only
2195 2801 55 23 thing
2258 2801 86 24 required

1910 2827 18 14 to
1947 2824 120 18 re-establish
2083 2825 33 16 flu.'
2132 2825 68 16 service!
2210 2831 22 10 on
2250 2831 10 10 a
2277 2831 67 16 proper

1910 2847 48 18 basis
1981 2848 15 16 is
2019 2848 32 16 the
2073 2848 119 17 instrument.
2232 2848 112 18 Meanwhile

1910 2871 31 17 the
1962 2871 159 17 commencement
2146 2871 20 17 of
2186 2871 32 17 tho
2239 2876 64 12 season
2329 2873 15 15 is

1910 2894 86 22 drawing
2004 2894 59 17 closer
2072 2894 37 17 and
2126 2894 58 17 closer
2192 2894 38 17 and
2244 2895 32 16 the
2293 2897 51 15 want

1910 2918 19 16 of
1943 2917 69 22 speedy
2032 2916 158 19 communication
2211 2917 85 18 between
2312 2918 32 17 the

1910 2942 37 15 two
1956 2941 104 22 townships
2069 2941 15 17 is
2093 2941 57 22 being
2159 2941 35 17 felt
2201 2941 21 16 in
2230 2947 24 11 an
2262 2941 72 18 increas-

1910 2963 33 23 ing
1952 2963 67 23 degree
2028 2969 55 17 every
2091 2963 42 23 day.

1933 2996 38 16 The
1987 2996 50 16 Hon.
2053 2996 54 21 Cupt.
2126 2996 74 19 Morris,
2215 2996 80 18 M.L.C..
2313 3001 20 11 ar-

1910 3018 73 18 arrived
1998 3019 20 16 in
2035 3019 85 17 Kotorua
2137 3025 24 11 on
2175 3019 93 21 Saturday
2281 3018 61 23 night.

1910 3041 28 17 On
1948 3041 32 17 tho
1989 3048 80 16 passage
2084 3048 26 16 up
2126 3043 49 16 from
2189 3041 114 23 Wellington
2320 3041 22 16 he

1910 3064 95 17 sustained
2015 3071 10 10 a
2034 3067 57 20 nasty
2103 3066 86 16 accident
2201 3066 19 15 to
2234 3070 35 11 one
2281 3064 20 16 of
2314 3063 28 17 his

1910 3088 46 21 legs,
1966 3088 37 17 and
2012 3094 20 11 as
2042 3094 46 12 soon
2096 3095 20 11 as
2126 3089 31 16 the
2174 3087 67 17 wound
2250 3086 36 17 had
2302 3087 30 15 suf-

1910 3111 83 22 ficiently
2008 3111 68 17 healed
2091 3111 32 17 the
2136 3111 73 17 doctors
2226 3109 74 17 advised
2314 3109 28 16 his

1910 3134 71 22 having
1989 3141 10 10 a
2008 3141 66 10 course
2082 3135 20 16 of
2110 3135 32 16 the
2149 3134 83 16 Kotorua
2236 3132 61 17 baths.
2312 3132 30 17 Ho

1910 3158 14 16 is
1933 3163 24 11 on
1966 3158 52 16 leave
2027 3158 21 17 of
2054 3158 78 17 absence
2138 3157 47 17 from
2192 3156 28 16 his
2226 3155 104 17 Parliamen-

1910 3183 42 20 tary
1961 3181 67 20 duties,
2039 3181 37 17 and
2084 3181 29 17 his
2125 3181 42 21 stay
2180 3179 43 16 here
2237 3177 39 18 will
2291 3178 23 17 be
2331 3185 11 10 a

1910 3203 53 17 short,
1975 3209 41 11 one.

1934 3232 87 17 Business
2031 3232 20 17 at
2060 3232 32 17 the
2100 3230 68 18 Native
2176 3229 54 18 Land
2239 3229 57 17 Court'
2308 3229 23 18 be-

1912 3255 38 18 fore
1959 3255 36 17 His
2004 3255 67 17 Hoiiov
2084 3253 64 23 Judge
2246 3252 34 17 hits
2296 3252 46 18 been

1911 3278 121 23 progressing
2040 3276 132 21 satisfactorily
2181 3274 69 23 during
2259 3275 31 18 the
2301 3277 41 21 past

1911 3301 56 21 week,
1978 3300 74 24 thoiigh
2065 3300 63 21 owing;
2144 3300 19 15 to
2180 3298 31 17 the
2228 3298 114 19 exuberance

1912 3323 95 23 displayed
2016 3324 26 21 by
2050 3328 50 12 some
2109 3323 20 15 of
2136 3321 33 17 t!ie
2176 3321 63 16 native
2256 3320 86 25 litigants

1912 3348 52 16 strict
1972 3342 116 26 injunctions
2096 3344 37 18 had
2143 3345 18 16 to
2171 3343 22 18 be
2202 3343 61 19 issued
2272 3344 25 23 by
2311 3345 31 17 the

1912 3371 57 16 Court
1977 3364 18 22 iii
2005 3368 68 23 regard
2081 3369 20 15 to
2110 3367 32 17 the
2150 3367 38 16 sale
2195 3367 20 16 of
2221 3367 67 22 liquor.
2314 3368 28 17 On

1911 3394 31 16 tlie
1951 3392 65 19 whole,
2027 3392 90 18 however,
2136 3390 32 16 the
2183 3390 81 17 conduct
2277 3390 19 18 of
2311 3391 31 17 tlie

1911 3416 70 16 natives
1996 3415 33 16 has
2043 3413 47 17 been
2104 3418 44 16 very
2163 3412 48 22 good
2228 3413 39 17 and
2280 3414 62 16 would

1912 3443 84 17 compare
2004 3436 112 21 favourably
2125 3436 46 16 with
2185 3435 42 18 that
2244 3437 21 16 of
2281 3437 49 17 Euro-

1911 3467 55 14 peans
1975 3458 81 23 exposed
2065 3460 19 16 to
2093 3458 71 18 similar
2175 3458 128 25 temptations.

1933 3492 31 17 Mr
1973 3491 72 21 George
2053 3490 81 17 Leitchs'
2144 3490 116 22 spectacular
2271 3490 70 21 drama,

1973 3513 54 18 Land
2035 3512 20 17 of
2063 3513 33 17 tlie
2177 3513 39 17 will
2220 3513 24 18 be
2248 3514 94 23 produced

1910 3538 17 16 in
1937 3536 98 18 Auckland
2044 3536 30 16 for
2084 3535 32 17 the
2131 3536 41 16 first
2188 3537 44 17 time
2249 3537 92 22 to-night.

1910 3561 24 16 As
1943 3560 31 17 the
1983 3559 62 16 action
2054 3559 20 16 of
2082 3558 32 18 the
2123 3558 45 23 play
2176 3559 15 17 is
2197 3560 68 22 mostly
2272 3560 70 17 carried

1910 3589 23 10 on
1941 3583 20 16 in
1969 3582 37 16 this
2016 3581 73 17 district
2098 3582 37 17 and
2144 3582 32 17 the
2181 3588 76 16 scenery
2264 3583 76 21 depicts,

1910 3605 26 22 (to
1947 3606 56 21 quote
2021 3604 32 16 the
2062 3603 159 26 advertisement,)
2251 3606 31 16 the
2291 3606 51 17 Most

1909 3627 93 18 Beautiful
2013 3627 62 17 Weird
2084 3627 36 17 and
2130 3629 123 21 Magnificent
2263 3628 79 23 Scenery

1909 3651 19 16 of
1936 3651 31 16 the
2134 3651 32 16 the
2174 3651 65 17 drama
2248 3652 60 22 ought
2322 3654 19 15 to

1909 3679 56 16 prove
1974 3672 99 18 attractive
2088 3674 19 16 to
2121 3674 53 17 those
2191 3674 42 17 who
2250 3674 48 17 have
2313 3676 18 16 al-

1908 3696 56 21 ready
1973 3696 68 16 visited
2049 3697 32 15 the
2088 3697 40 16 Hot,
2140 3697 59 17 Lakes
2205 3697 37 17 and
2251 3697 52 17 bean
2311 3698 20 17 in-

1909 3719 71 17 centive
1988 3720 20 15 to
2018 3719 62 17 others
2088 3720 19 17 to
2116 3720 43 17 take
2168 3726 24 11 an
2207 3721 51 22 early
2272 3726 57 17 oppor-

1908 3742 63 21 tunity
1981 3742 19 17 of
2009 3742 59 22 doing
2081 3747 26 12 so.

1931 3769 92 22 Sergeant
2030 3770 71 21 Lyons,
2111 3770 46 17 with
2164 3770 109 17 Constables
2281 3771 58 23 Keep,

1908 3791 96 24 Eastgato',
2014 3792 38 17 and
2062 3793 74 21 Lowry,
2143 3794 74 16 arrived
2223 3794 47 17 from
2277 3794 51 17 Auck-

1908 3815 44 16 land
1961 3820 24 12 on
1993 3815 99 23 Thursday
2100 3816 57 20 night
2166 3817 36 15 and
2210 3817 102 21 proceeded
2320 3818 20 16 to

1908 3837 78 18 Galatea
1998 3844 24 11 on
2040 3838 32 17 the
2089 3839 98 21 following
2204 3840 92 21 morning,
2317 3846 23 10 en

1907 3862 53 15 route
1969 3861 29 17 for
2007 3862 25 16 Te
2041 3861 76 18 Wliaili.
2137 3862 17 16 A
2162 3864 110 20 permanent
2281 3862 59 22 police

1907 3889 54 16 camp
1977 3884 39 17 will
2030 3884 24 17 be
2071 3884 73 18 formed
2160 3886 53 16 there
2228 3885 60 17 under
2308 3886 32 16 the

1907 3907 68 21 charge
1985 3907 19 17 of
2018 3907 92 22 Sergeant
2123 3908 70 22 Lyons.
2226 3909 114 16 Lieutenant

1907 3930 62 16 Hume
1983 3930 37 17 and
2028 3930 33 17 the
2075 3931 56 21 party
2146 3931 20 16 of
2182 3931 32 17 the
2230 3931 109 22 permanent

1907 3952 49 17 force
1965 3958 42 12 now
2016 3954 94 16 stationed
2119 3955 20 15 at
2265 3954 43 20 will;
2325 3954 15 17 it

1906 3975 14 17 is
1930 3976 95 21 expected,
2036 3978 65 15 return
2110 3978 20 16 to
2139 3976 100 18 Auckland
2244 3977 56 17 about
2308 3977 31 17 the

1907 3998 35 17 end
1951 3999 20 16 of
1980 3999 32 16 the
2025 3999 57 17 week.

1995 4026 112 22 WOLFE'S
2121 4031 130 17 SCHNAPPS

1906 4080 25 16 As
1940 4086 10 10 n,
1958 4080 77 23 remedy
2043 4080 84 18 includes
2136 4082 32 16 tlie
2178 4087 101 11 numerous
2288 4087 38 11 eom-

1906 4103 69 21 plaints
1984 4103 61 17 which
2054 4104 55 17 iiffuefc
2117 4104 33 16 the
2159 4104 90 22 digestive
2263 4110 74 16 organs,

1906 4131 19 11 iik
1934 4131 11 11 a
1960 4126 93 22 beverage
2066 4127 34 17 lias
2115 4132 10 11 a
2138 4127 87 23 pleasing
2239 4129 48 15 taste
2301 4126 37 17 and

1906 4148 87 23 cheering
2000 4149 99 18 influence.

2392 144 19 16 It
2419 144 16 16 is
2443 144 64 16 rather
2520 149 11 11 a
2544 144 83 21 peculiar
2642 144 135 17 circumstance
2785 145 21 16 to

2368 166 39 17 find
2416 173 11 10 a
2436 167 85 22 misspelt
2529 167 61 16 notice
2604 167 73 22 staring
2693 167 76 17 visitors
2785 169 21 15 to

2368 195 34 12 our
2408 190 80 22 literary
2495 189 87 18 institute
2590 190 19 16 in
2625 191 32 16 the
2674 191 41 16 face
2729 196 21 11 as
2759 190 47 23 they

2368 214 53 16 enter
2431 213 34 17 the
2472 219 59 10 room.
2564 213 39 16 The
2620 213 135 17 schoolmaster
2770 215 36 16 has

2367 236 96 22 evidently
2472 241 49 17 gone
2529 236 77 17 abroad.

2391 264 76 17 Several
2487 264 112 23 complaints
2617 264 49 17 have
2681 264 47 17 been
2745 265 59 18 hoard

2367 287 119 23 throughout
2495 288 32 17 the
2535 288 50 16 week
2594 294 20 10 as
2622 289 20 16 to
2651 288 33 16 the
2692 294 79 12 maimer
2783 288 20 18 in

2366 311 62 17 which
2437 311 33 17 the
2497 311 104 22 improvers
2627 311 21 16 in
2656 311 33 17 the
2697 311 52 17 band
2757 318 34 11 con-

2367 333 45 18 duct
2426 334 50 17 their
2489 334 91 22 practices
2595 340 23 11 on
2635 334 84 22 Sunday.
2752 335 51 16 Both

2366 357 94 22 Anglican
2469 358 38 16 and
2521 357 74 17 Roman
2609 356 86 18 Catholic
2710 358 81 21 worship-

2366 385 42 16 pers
2417 380 64 21 object
2488 381 20 17 to
2523 381 32 15 the
2569 380 82 22 braying
2665 381 21 16 of
2698 386 12 11 a
2723 381 81 17 circular

2366 402 42 18 bass
2423 409 21 11 or
2461 403 31 17 the
2512 403 59 22 badly
2586 403 70 22 played
2675 405 54 16 notes
2743 404 21 17 of
2778 410 24 11 an

2366 426 115 22 euphonium
2494 426 92 22 breaking
2599 426 20 17 in
2632 426 128 22 discordantly
2777 432 25 11 on

2366 448 49 18 their
2426 449 104 20 devotions,
2543 449 37 17 and
2595 450 79 21 suggest
2689 449 44 18 that
2749 450 53 17 these

2366 471 77 24 Sunday
2451 473 89 22 morning
2693 473 69 17 should
2778 473 24 17 be

2365 495 49 17 done
2417 501 54 17 away
2474 495 54 18 with.
2538 496 24 17 In
2564 495 56 18 other
2622 496 82 22 respects
2708 496 79 20 MrMun-

2365 523 20 11 ro
2394 518 15 17 is
2418 520 20 15 to
2446 518 23 17 be
2475 518 145 23 congratulated
2628 524 25 11 on
2662 519 33 16 the
2703 519 55 22 rapid
2766 517 24 18 ad-

2364 547 58 11 vance
2430 542 30 16 his
2468 541 52 18 band
2528 542 15 16 is
2555 541 78 22 making
2647 541 38 17 and
2698 547 44 11 now
2758 542 44 18 that

2364 563 29 18 his
2401 565 94 17 attention
2508 565 16 16 is
2538 565 59 17 called
2613 566 17 15 to
2644 565 33 16 the
2691 566 70 16 matter
2777 565 24 17 he

2365 588 38 17 will
2411 594 5 9 i
2418 588 3 17 l
2425 588 2 17 .
2432 588 3 17 i
2445 588 60 17 doubt
2513 588 79 17 restrain
2601 588 32 16 the
2649 588 117 17 enthusiasm
2781 589 20 16 of

2364 610 28 16 his
2402 617 49 11 more
2461 610 67 18 ardent
2536 610 68 23 pupils,
2615 617 19 11 so
2644 612 30 16 far
2704 610 3 23 .
2722 612 79 21 Sunday

2364 635 81 20 practice
2454 634 14 17 is
2479 634 108 17 concerned.

2387 662 76 23 During
2470 663 33 17 the
2508 664 43 21 past
2560 662 52 17 week
2620 662 32 17 the
2667 663 84 19 woather
2765 664 35 16 has

2363 685 47 17 been
2420 686 45 16 mild
2482 686 37 16 and
2535 685 98 23 agreeable
2649 685 38 17 and
2702 692 23 10 on
2743 692 56 16 every

2363 708 52 17 hand
2421 709 32 17 the
2461 709 54 21 rapid
2525 709 83 17 advance
2616 709 24 16 of.
2649 709 71 21 Spring
2734 709 15 16 is
2764 709 24 17 ob-

2363 732 89 17 servable.
2463 733 49 16 most
2520 732 105 17 noticeable
2638 732 82 22 perhaps
2734 732 18 16 in
2766 732 33 17 the

2363 755 58 21 peach
2431 755 36 17 and
2478 756 53 21 plum
2544 757 49 15 trees
2606 755 61 16 which
2682 760 32 11 are
2730 755 69 17 almost

2363 778 118 22 everywhere
2489 779 21 16 in
2527 778 35 17 full
2576 777 89 19 blossom.
2697 778 39 17 The
2752 779 47 16 frost,

2362 800 34 17 has
2409 802 69 17 almost
2493 801 81 21 entirely
2590 800 123 22 disappeared
2730 802 19 15 in
2766 802 33 16 fin.

2362 824 53 22 early
2420 825 90 22 morning
2517 824 37 17 anil
2571 824 33 16 the
2620 824 104 17 maximum
2741 824 58 17 shade

2362 847 126 23 temperature
2497 847 70 22 during
2580 847 34 17 the
2626 847 53 17 week
2691 847 34 17 has
2738 848 50 20 regis-

2362 870 53 17 tered
2422 876 21 11 as
2452 871 46 22 high
2508 876 20 11 .-is
2621 869 39 18 The
2677 869 129 19 Sanatorium!

2362 894 84 21 grounds
2455 900 31 11 are
2494 894 73 21 having
2571 899 11 10 a
2589 892 50 18 little
2643 894 52 16 extra
2703 894 94 17 attention
2805 892 1 23 s

2362 916 44 22 paid
2415 919 20 15 to
2448 917 52 17 them
2514 916 18 16 in
2546 916 123 21 anticipation
2684 917 21 16 of
2720 917 33 17 the
2766 923 21 11 ar-

2362 939 47 17 rival
2418 941 19 15 of
2445 940 76 16 visitors
2531 938 36 18 and
2576 939 34 17 the
2618 939 83 22 painters
2709 946 31 10 are
2749 940 49 22 busy

2362 969 25 10 on
2395 963 33 17 the
2444 962 88 22 building
2542 962 57 17 it-elf.
2630 962 28 17 Dr
2672 963 124 21 MacGregor,

2362 986 63 17 whose
2433 991 88 17 presence
2530 986 14 16 is
2554 984 66 18 looked
2629 986 30 16 for
2667 987 19 15 at
2698 992 37 15 any
2744 986 52 21 time,

2362 1009 39 17 will
2409 1009 97 18 doubtless
2519 1008 55 17 make
2587 1014 10 10 a
2613 1008 96 22 thorough
2722 1009 74 22 inspec-
2805 1007 1 24 !

2361 1032 41 18 tion
2411 1033 21 17 of
2437 1033 33 16 the
2479 1031 61 18 whole
2548 1031 20 17 of
2576 1031 35 17 the'
2624 1031 121 18 Sanatorium
2759 1033 38 16 and
2805 1031 1 29 j

2361 1055 25 18 its
2394 1056 89 22 adjuncts
2491 1054 47 17 with
2547 1061 12 10 a
2567 1054 48 17 view
2622 1056 20 15 to
2651 1055 77 21 repairs.
2758 1056 39 17 The
2805 1054 1 24 |

2361 1078 62 21 baths,
2434 1084 19 11 as
2462 1083 27 11 we
2498 1078 48 16 have
2557 1077 64 17 before
2635 1078 68 19 stated,
2722 1080 75 20 present
2805 1077 1 26 j

2362 1108 23 10 an
2394 1101 104 21 extremely
2507 1101 109 22 uninviting
2627 1104 71 19 aspect,
2714 1102 37 16 and
2766 1108 31 10 are
2805 1101 1 26 j

2362 1130 48 17 open
2418 1126 21 15 to
2447 1125 138 21 improvement
2592 1123 20 17 ill
2620 1130 58 16 many
2684 1126 88 21 respects.

2385 1155 38 17 The
2440 1154 54 22 plans
2512 1153 20 17 of
2551 1153 32 16 the
2603 1158 43 12 new
2663 1153 133 22 Presbyterian

2362 1178 80 19 Church,
2460 1176 92 23 prepared
2567 1176 26 22 by
2606 1176 31 17 Mr
2653 1176 107 19 GrandisOn
2777 1177 20 17 of

2361 1200 106 20 Auckland,
2482 1199 49 17 have
2546 1198 46 18 been
2609 1199 103 18 submitted
2729 1202 20 15 to
2764 1200 33 17 the

2362 1224 117 18 Committee.
2505 1223 30 16 An
2543 1223 95 22 imposing
2646 1223 49 22 spire
2703 1223 16 17 is
2728 1230 10 10 a
2752 1225 44 20 part

2361 1248 20 17 of
2389 1247 33 17 the
2431 1246 67 22 design
2506 1245 35 18 but
2550 1245 45 18 with
2604 1252 11 11 a
2623 1246 48 17 view
2680 1248 20 15 to
2705 1252 92 16 economy

2361 1271 15 17 it
2384 1271 15 17 is
2408 1269 93 24 proposed
2510 1270 19 15 to
2536 1268 84 23 dispense
2626 1269 46 17 with
2679 1269 38 18 this
2724 1270 73 17 feature

2361 1294 37 17 and
2408 1293 102 18 substitute
2518 1298 11 10 a
2538 1292 66 22 simple
2613 1292 58 22 porch
2681 1292 36 17 and
2726 1292 69 23 belfry.

2361 1318 38 16 The
2409 1316 74 22 seating
2488 1317 147 20 arrangements,
2642 1315 74 18 instead
2723 1317 20 15 of
2749 1316 36 16 hav-

2361 1341 34 21 ing
2404 1347 11 10 a
2427 1344 80 18 passage
2521 1338 54 17 down
2590 1339 32 16 the
2634 1341 68 17 centre,
2721 1339 38 17 will
2773 1339 23 18 be

2361 1363 77 18 entered
2446 1369 25 10 on
2479 1362 46 17 both
2535 1362 53 19 sides,
2602 1361 37 17 and
2653 1362 32 17 the
2698 1368 55 16 space
2768 1363 28 16 set

2361 1388 55 21 apart
2425 1386 30 17 for
2463 1385 80 17 invalids
2551 1385 38 17 will
2597 1385 23 16 be
2634 1386 20 16 at
2667 1385 33 17 the
2713 1385 48 17 back
2776 1386 21 16 of

2361 1410 32 17 the
2402 1410 49 17 seats
2460 1409 37 17 and
2507 1408 47 17 close
2562 1409 20 16 to
2590 1408 32 17 the
2635 1409 57 21 porch
2707 1410 90 16 entrance

2361 1432 74 18 instead
2443 1433 20 16 of
2470 1437 47 12 near
2525 1431 31 17 the
2564 1431 68 23 pulpit,
2646 1437 24 12 on
2684 1431 61 18 either
2757 1431 40 18 side

2361 1457 20 17 of
2390 1456 61 17 which
2461 1455 37 17 will
2507 1455 24 16 be
2538 1461 12 10 a
2557 1458 54 19 space
2620 1455 29 16 for
2655 1455 32 16 the
2693 1461 59 16 organ
2758 1455 39 17 and

2361 1480 52 17 choir
2421 1478 38 18 and
2467 1478 32 18 the
2510 1479 65 20 vestry.
2602 1478 16 16 It
2627 1478 16 16 is
2651 1478 99 21 presumed
2764 1478 32 17 the

2361 1503 88 22 building
2465 1501 40 17 will
2520 1501 23 17 be
2559 1501 80 17 finished
2655 1501 26 22 by
2697 1502 32 16 the
2748 1501 49 17 New

2361 1526 57 17 Year.
2444 1525 85 17 Another
2538 1524 68 17 section
2615 1524 15 17 is
2644 1524 59 22 being
2719 1524 76 22 applied

2362 1550 29 17 for
2399 1549 20 16 in
2428 1549 32 16 the
2469 1553 51 12 same
2529 1547 59 20 block,
2599 1548 19 16 at
2627 1548 32 16 the
2673 1553 41 11 rear
2728 1549 20 16 of
2762 1548 34 17 the

2361 1572 76 23 present
2446 1577 40 13 one,
2497 1577 25 11 on
2535 1571 59 17 which
2608 1577 11 10 a
2635 1577 63 11 manse
2715 1571 40 17 will
2773 1571 23 17 lie

2362 1595 74 17 erected
2444 1595 19 16 in
2472 1595 33 16 the
2514 1594 69 17 fulness
2592 1594 20 17 of
2619 1594 51 17 time.
2696 1594 39 17 The
2749 1593 34 18 sub-

2362 1619 99 21 scriptions
2470 1617 82 17 towards
2560 1617 31 16 the
2599 1617 88 21 building
2695 1617 48 17 fund
2757 1617 39 17 will

2362 1642 23 17 be
2394 1640 142 23 supplemented
2544 1640 25 22 by
2579 1640 31 17 the
2626 1640 100 17 Auckland
2739 1641 62 17 Pres-'

2362 1664 73 19 bytcry.

2387 1694 40 17 Our
2436 1693 103 17 Whirinalri
2556 1693 144 22 correspondent
2719 1693 78 22 writing

2363 1717 38 17 last
2410 1716 50 18 week
2470 1717 56 16 states
2535 1715 2 23 :
2549 1715 3 23 -
2563 1715 37 18 The
2610 1716 62 22 troops
2680 1715 36 17 still
2726 1715 69 19 remain

2364 1740 72 22 quietly
2445 1740 19 17 at
2474 1740 24 17 Te
2509 1738 73 18 Wliaiti.
2608 1738 49 22 They
2667 1739 47 17 have
2728 1740 35 21 put
2777 1739 19 16 in

2364 1764 53 17 three
2425 1762 81 18 culverts
2516 1762 57 22 lately
2586 1761 36 18 and
2637 1762 49 17 built
2702 1767 11 12 a
2730 1763 67 22 strong

2364 1786 108 23 patak'a'for
2486 1785 31 18 the
2534 1785 124 17 Government
2674 1786 65 16 stores.
2773 1785 23 17 Tji

2364 1809 68 18 reirard
2449 1810 19 17 to
2484 1809 32 17 tlio
2533 1807 147 20 roads.'matters
2700 1814 31 11 arc
2752 1813 44 17 very

2364 1833 53 22 quiet
2425 1839 23 10 on
2458 1833 31 16 '.in'
2500 1832 40 17 line.
2566 1831 49 18 Most
2625 1831 20 18 of
2653 1831 33 17 the
2695 1837 61 17 gangs
2766 1837 30 12 are

2364 1862 43 11 now
2419 1854 84 24 engager!
2518 1860 22 12 on
2556 1860 44 16 very
2617 1854 59 23 rough
2694 1853 48 19 bush
2759 1854 37 17 and

2364 1879 45 18 rock
2432 1879 77 17 sections
2531 1879 36 21 past
2599 1877 120 18 Hautawhiri.
2757 1878 39 17 The

2364 1902 93 22 principal
2464 1907 53 17 camp
2526 1901 14 17 is
2552 1901 18 16 13
2581 1900 51 18 miles
2643 1901 46 18 from
2700 1901 42 18 here
2759 1901 37 17 and

2365 1926 31 17 the
2406 1925 71 18 further
2486 1930 51 18 gang
2548 1924 12 17 is
2570 1924 76 22 camped
2658 1926 19 14 IS
2688 1924 53 17 miles
2747 1924 48 17 from

2364 1948 44 18 here
2417 1948 36 18 and
2493 1948 46 17 from
2550 1947 83 20 Galatea.
2659 1947 32 17 Mr
2700 1947 84 23 Kensing-

2365 1973 31 16 ton
2407 1973 15 15 is
2431 1977 40 12 now
2481 1970 40 18 well
2531 1976 23 11 on
2571 1970 45 17 with
2630 1970 32 17 the
2676 1970 85 24 locating
2778 1971 19 17 of

2365 1995 31 18 the
2406 1994 49 19 road,
2466 1994 35 17 and
2517 1994 14 16 is
2547 1999 42 12 now
2603 1993 78 22 camped
2698 1993 40 18 half
2756 1999 40 17 way

2365 2018 81 17 between
2457 2016 107 24 Ngaputuhi
2575 2016 36 18 and
2621 2016 60 18 Mimi.
2708 2016 33 18 We
2748 2016 49 18 have

2366 2048 22 10 tit>
2399 2041 71 18 trouble
2479 2040 93 18 whatever
2582 2039 43 17 with
2637 2039 31 18 the
2677 2040 73 16 natives
2759 2040 38 16 and

2364 2070 57 17 many
2430 2064 19 18 of
2458 2064 50 17 them
2516 2063 66 22 betray
2591 2062 54 18 much
2655 2062 77 23 anxiety
2743 2064 43 17 tose-

2365 2093 42 12 curo
2417 2087 50 16 work
2475 2092 24 12 on
2508 2086 32 17 the
2550 2085 60 18 roads.
2637 2086 9 17 I
2661 2088 50 15 must:
2726 2086 44 23 give
2787 2092 10 11 a

2364 2111 35 17 flat
2406 2109 134 19 contradiction
2556 2109 18 17 to
2588 2115 48 15 your
2650 2109 147 22 correspondent

2365 2134 41 16 who
2423 2133 72 19 alleged
2512 2133 42 17 that
2566 2133 73 21 private
2656 2138 78 16 persons
2748 2138 48 10 were

2363 2157 58 21 being
2440 2155 86 23 supplied
2546 2155 49 16 from
2615 2155 33 16 the
2669 2155 128 18 Government

2365 2180 63 17 stores.
2454 2180 9 15 T
2472 2178 48 18 havu
2530 2177 53 18 made
2598 2183 54 16 every
2667 2177 79 22 enquiry
2760 2176 36 18 and

2365 2209 30 11 am
2408 2202 82 18 satisfied
2503 2201 44 18 that
2563 2201 45 17 such
2624 2201 16 16 is
2656 2201 34 17 not
2707 2201 33 16 the
2756 2206 41 12 case

2365 2226 58 17 either
2431 2226 43 16 here
2479 2231 22 11 or
2507 2225 20 17 at
2533 2223 85 18 Galatea.
2632 2223 54 18 Road
2692 2224 105 22 employees

2365 2255 30 11 are
2404 2249 53 17 alone
2466 2247 92 24 supplied.

2387 2278 38 17 The
2434 2277 52 18 usual
2497 2275 87 22 monthly
2592 2275 84 23 meeting
2684 2275 20 17 of
2718 2275 32 17 the
2764 2275 22 17 Li-

2364 2301 57 22 brary
2429 2301 37 16 and
2475 2300 86 22 Reading
2570 2299 60 18 Room
2640 2298 111 18 Committee
2760 2304 37 11 was

2364 2319 47 22 held'
2422 2324 36 17 last
2472 2322 118 21 Wednesday
2604 2322 56 23 night
2674 2321 54 18 when
2745 2322 52 16 there

2365 2353 47 12 were
2420 2348 76 21 present
2503 2346 70 18 Messrs
2582 2345 80 21 Purcoll,
2670 2344 72 24 (chair),
2751 2344 34 18 Cor-

2364 2370 40 21 lett,
2427 2370 53 18 Kill:,
2505 2369 95 19 Williams,
2622 2368 116 20 Neighbour,
2761 2368 36 16 and

2366 2394 106 19 Protlioroo,
2483 2394 45 17 lion.
2538 2398 34 10 sec.
2598 2391 32 17 Mr
2637 2391 84 22 Malfroy
2726 2392 38 16 sent
2773 2396 23 12 an

2365 2417 81 22 apology
2455 2417 29 16 for
2493 2416 29 17 his
2530 2415 125 17 unavoidable
2662 2415 83 16 absence.
2759 2414 38 16 The

2366 2435 80 21 minute's
2455 2439 20 18 of
2480 2439 33 18 the
2522 2439 36 17 last
2567 2437 83 23 meeting
2659 2444 46 10 were
2711 2437 43 17 read
2761 2437 37 16 and

2365 2462 102 19 confirmed
2474 2462 89 18 with-the
2580 2460 97 24 exception
2691 2460 20 17 of
2724 2466 11 11 a
2752 2460 33 22 sug-

2366 2486 65 22 gested
2438 2486 57 18 letter
2503 2484 93 25 proposed
2603 2486 21 16 to
2631 2484 24 18 be'
2671 2485 41 15 sent
2726 2483 25 22 by
2766 2483 30 17 the

2366 2509 37 18 late
2423 2509 44 18 hon.
2490 2509 92 22 secretary
2603 2509 19 16 to
2643 2507 31 17 the
2695 2507 101 21 Surveyor-

2366 2533 85 17 General.
2477 2533 20 17 It
2504 2538 39 12 was
2551 2529 108 20 considered
2666 2529 43 18 that
2724 2529 25 18 its
2763 2535 22 17 ap-

2366 2561 89 17 pearance
2465 2555 17 18 in
2493 2556 31 16 the
2533 2555 71 17 minute
2620 2554 49 16 book
2683 2559 36 10 was
2733 2552 53 23 objec-

2366 2578 82 19 tionable
2465 2572 37 24 and
2519 2579 11 16 it
2550 2584 37 10 was
2604 2572 77 23 ordered
2694 2576 19 17 to
2727 2576 23 17 bo
2764 2581 22 11 ex-

2365 2602 83 23 pungod.
2462 2601 149 19 Thetrcasuror's
2617 2600 99 16 statement
2722 2598 75 18 showed

2366 2632 10 11 a
2383 2625 80 18 balance
2470 2625 22 17 in
2498 2625 52 17 hand
2558 2625 20 17 of
2594 2623 23 18 3
2632 2624 18 16 7s
2664 2622 28 17 2d.
2725 2623 17 15 A
2759 2622 28 16 dis-

2366 2649 73 17 cussion
2449 2649 45 16 look
2502 2648 52 23 place
2563 2648 17 17 in
2590 2646 66 23 regard
2665 2646 19 17 to
2694 2645 30 17 the
2735 2644 61 18 action

2366 2672 20 18 of
2394 2672 33 17 the
2434 2672 45 17 hon.
2495 2672 91 20 secretary
2598 2670 18 17 in
2634 2668 68 18 certain
2720 2669 77 16 matters

2366 2694 90 23 affecting
2470 2695 32 17 the
2516 2695 42 16 hon.
2574 2692 105 18 treasurer's
2693 2691 52 18 offico
2759 2691 39 16 and

2366 2719 31 17 Mi-
2406 2718 111 24 Neighbour
2525 2716 85 22 resigned
2618 2716 28 17 his
2653 2714 80 23 position
2740 2714 20 17 of
2766 2714 31 17 the

2368 2741 140 23 treasurorsMp.
2534 2740 53 17 After
2596 2740 30 16 the
2634 2739 68 16 matter
2707 2737 37 17 had
2750 2737 47 17 been

2367 2764 49 23 fully
2430 2764 93 18 discussed
2545 2769 9 12 a
2572 2763 60 17 better
2648 2759 150 24 understanding

2367 2794 38 12 was
2414 2787 74 19 arrived
2495 2788 21 16 at
2525 2787 18 17 in
2558 2785 64 23 regard
2637 2785 19 16 to
2671 2783 31 18 the
2719 2784 78 17 matters

2368 2814 15 14 at
2396 2811 48 18 issue
2451 2810 37 18 and
2498 2811 17 16 at
2526 2809 31 18 the
2568 2808 108 18 unanimous
2690 2808 71 21 request
2778 2806 20 17 of

2367 2835 32 17 the
2412 2834 105 17 committee
2530 2833 31 16 Mr
2570 2830 113 22 -Neighbour
2700 2829 97 18 withdrew

2368 2858 28 16 his
2415 2856 118 24 resignation.
2566 2855 31 17 Mr
2613 2854 20 17 F.
2652 2853 20 17 F.
2690 2853 53 17 Watt
2759 2858 38 11 was

2368 2881 69 17 elected
2446 2886 11 11 a
2465 2879 82 18 member
2555 2878 20 17 of
2584 2878 31 17 the
2621 2876 112 19 committee.
2759 2876 38 17 The

2369 2905 41 16 hen.
2418 2903 92 21 secretary
2519 2907 37 11 was
2565 2900 116 22 empowered
2690 2900 19 16 to
2724 2899 73 21 dispose

2367 2927 20 18 of
2395 2927 68 16 certain
2472 2924 109 24 periodicals
2590 2924 24 21 by
2624 2923 70 17 tender.
2725 2923 19 16 It;
2760 2928 37 10 was

2367 2949 76 17 decided
2451 2950 19 16 to
2479 2947 45 19 hold
2533 2954 8 9 a
2552 2946 66 23 special
2629 2945 82 22 meeting
2726 2951 24 11 on
2765 2945 32 18 the

2367 2973 42 16 20th
2418 2972 43 17 inst.
2471 2972 30 16 for
2509 2971 31 16 the
2549 2975 80 17 purpose
2638 2969 19 17 of
2667 2968 84 23 revising
2765 2968 32 17 the

2365 3000 109 17 newspaper
2483 2994 36 16 and
2528 2992 96 23 magazine
2638 2992 37 16 list.
2705 2991 32 18 Mr
2751 2991 34 17 Cor-

2366 3018 34 18 lett
2409 3023 46 13 arave
2463 3017 61 17 notico
2533 3016 42 17 that
2583 3016 23 16 he
2616 3015 61 17 would
2686 3015 45 17 then
2743 3020 55 11 move

2366 3041 25 22 (1)
2404 3041 49 17 That
2461 3040 32 17 the
2501 3039 90 23 property
2599 3038 19 17 of
2632 3038 32 17 the
2677 3037 81 23 Library
2773 3037 24 18 be

2364 3063 63 18 vested
2436 3064 19 16 in
2464 3064 85 16 trustees,
2559 3061 44 18 such
2613 3062 79 17 trustees
2701 3061 19 16 to
2730 3060 22 18 be
2764 3061 33 16 the

2364 3088 58 15 Town
2431 3086 61 17 Hoard
2502 3091 19 11 as
2529 3085 15 17 it
2552 3084 16 16 is
2577 3085 19 16 at
2601 3084 76 22 present
2682 3083 115 18 constituted

2365 3116 20 12 or
2394 3115 37 16 any
2439 3109 54 17 other
2500 3108 47 22 bodj
2548 3107 3 24 r
2565 3107 61 17 which
2639 3112 44 16 may
2698 3107 98 21 supersede

2364 3128 58 22 them!
2436 3131 26 25 (2)
2474 3132 45 17 That
2531 3137 11 11 a
2549 3130 88 22 building
2644 3129 47 18 fund
2696 3130 23 17 be
2724 3130 72 18 started

2364 3156 37 17 and
2410 3156 42 17 that
2461 3156 32 16 the
2498 3160 67 15 money
2573 3159 19 11 so
2598 3153 88 17 obtained
2693 3152 22 18 be
2721 3152 76 18 banked

2365 3179 29 18 for
2404 3178 42 18 that
2463 3178 73 22 specific
2548 3182 80 17 purpose
2641 3176 37 16 and
2694 3182 24 11 no
2735 3174 60 20 other.

2364 3203 39 16 The
2411 3201 83 23 meeting
2502 3201 44 16 then
2556 3199 66 18 closed.
2647 3204 5 2 -

2425 3246 120 19 ROTOKUA
2559 3245 173 19 SANATORIUM.

2388 3278 38 17 Tbo
2436 3276 62 23 report
2506 3275 20 17 of
2533 3275 28 17 Dr
2569 3274 118 27 Macgregor,
2698 3274 99 23 Inspector

2366 3299 77 20 General
2463 3299 20 17 of
2496 3297 103 23 Hospitals,
2615 3303 38 10 was
2669 3297 38 17 laid
2722 3304 24 10 on
2764 3299 32 17 the

2365 3323 50 18 table
2424 3323 20 16 of
2451 3322 33 17 the
2491 3322 65 16 House
2569 3320 37 18 last
2618 3319 124 23 Wo'dhesday.
2773 3321 22 17 In

2365 3346 67 23 regard
2448 3347 19 16 to
2481 3345 32 16 the
2529 3344 84 17 Rotorua
2627 3342 120 19 Sanatorium'
2764 3344 32 17 the

2366 3366 186 26 Inspector-General
2561 3365 89 19 contends
2659 3366 42 17 that
2710 3366 32 18 the
2751 3366 45 19 time

2364 3393 33 17 has
2407 3398 51 11 come
2466 3391 53 16 when
2534 3396 11 10 a
2561 3395 40 11 new
2616 3389 105 22 departure,
2729 3389 20 17 in
2763 3391 33 16 the

2365 3415 126 17 Government
2499 3413 62 23 policy
2573 3413 20 16 of
2605 3412 144 23 administoiing
2764 3413 32 17 the

2364 3438 73 19 district
2445 3438 15 16 is
2468 3435 105 23 absolutely
2582 3441 102 15 necessary.
2710 3436 17 16 A
2743 3436 53 23 large

2365 3461 67 22 capital
2441 3461 33 16 has
2483 3460 46 17 bcdn
2538 3458 83 17 invested
2629 3457 19 17 in
2657 3457 92 24 bringing
2757 3459 19 17 in
2785 3466 11 10 a

2365 3483 85 24 splendid
2465 3482 41 18 cold
2522 3483 58 15 water
2592 3481 73 21 supply,
2681 3481 68 19 which,
2765 3483 20 16 to-

2364 3508 67 21 gether
2447 3506 46 17 with
2509 3505 32 17 the
2557 3504 33 17 hot
2604 3504 80 21 springs,
2700 3504 61 22 ought
2776 3507 20 15 at

2364 3536 45 11 onoo
2417 3532 20 15 to
2446 3530 22 16 be
2477 3527 67 19 turned
2553 3528 19 16 to
2582 3527 83 17 account.
2679 3526 20 18 It
2707 3527 15 17 is
2730 3533 55 12 neces-

2364 3559 43 15 sary
2415 3553 41 17 that
2465 3558 10 12 a
2487 3550 148 22 comprehensive
2646 3549 73 18 scheme
2728 3550 68 18 should

2363 3577 24 16 he
2394 3575 39 19 laid
2442 3577 37 15 out.
2489 3573 98 23 including
2595 3572 32 17 the
2632 3572 106 23 Waiotapu,
2747 3570 38 21 (sra-

2363 3598 105 19 keikorako,
2480 3595 91 20 Wairakei
2580 3595 36 17 and
2625 3595 64 21 Taupo
2705 3596 89 18 districts.

2364 3624 16 15 A
2389 3621 81 23 straight
2475 3620 44 17 road
2526 3620 19 16 to
2551 3619 64 21 Taupo
2621 3618 67 16 should
2693 3619 21 17 at
2721 3624 45 12 once
2772 3620 25 17 he'

2364 3645 58 20 made,
2433 3645 44 15 with
2488 3643 76 16 stations
2573 3643 20 15 at
2606 3641 32 16 the
2651 3641 59 18 above
2725 3643 68 21 places,

2364 3669 59 16 where
2433 3667 76 18 tourists
2517 3664 54 18 could
2587 3665 46 21 stay.
2665 3664 38 17 The
2718 3667 77 19 present

2363 3692 45 16 road
2415 3690 52 17 takes
2475 3689 32 17 the
2515 3686 87 20 traveller
2610 3693 20 10 :is
2639 3687 29 17 far
2680 3692 20 13 as
2713 3688 82 21 possible

2363 3720 53 15 away
2424 3714 47 16 from
2481 3712 32 17 the
2521 3710 84 17 wonders
2615 3710 19 16 of
2642 3710 32 16 the
2682 3710 58 22 place,
2757 3712 39 16 and

2363 3736 80 23 nothing
2451 3736 15 16 is
2475 3740 50 11 more
2535 3733 85 21 amazing
2628 3733 46 16 than
2683 3733 32 16 the
2723 3735 72 21 apathy

2363 3760 60 17 which
2432 3759 63 16 allows
2505 3757 36 16 this
2689 3757 20 16 to
2718 3758 71 17 remain

2362 3781 118 19 inaccessible*
2488 3780 36 17 and
2539 3779 101 17 unknown.
2671 3779 24 16 At
2709 3777 85 21 Rotorua

2362 3807 32 15 the
2402 3800 87 27 Hospital
2499 3800 15 19 is
2522 3801 105 23 admirably
2635 3801 110 22 conducted;
2759 3803 36 18 but

2361 3829 15 17 it
2385 3829 15 16 is
2408 3827 70 18 merelv
2486 3826 63 17 meant
2562 3825 20 16 to
2595 3824 139 18 accommodate
2748 3827 47 21 poor

2361 3850 71 24 people.
2457 3850 39 17 The
2510 3848 81 21 existing
2603 3847 47 17 bath
2663 3848 117 18 accommoda-

2362 3873 81 19 tion'has
2450 3873 47 17 been
2511 3873 104 19 outgrown,
2631 3870 101 23 especially
2745 3872 49 17 since

2362 3898 31 17 the
2402 3895 82 24 opening
2493 3895 18 16 of
2520 3894 30 17 the
2565 3893 81 21 railway.
2677 3893 46 18 New
2737 3894 57 19 baths

2362 3920 87 21 specially
2458 3917 89 22 designed
2556 3916 29 18 for
2597 3916 77 17 tourists
2686 3916 38 18 and
2738 3917 44 18 inva-

2361 3944 36 16 lids
2407 3942 42 17 who
2463 3947 31 11 are
2510 3940 40 18 able
2568 3940 19 16 to
2603 3944 38 17 pay
2657 3939 60 21 ought
2734 3941 20 15 to
2771 3941 23 17 he

2361 3965 95 23 provided.
2481 3964 59 21 Many
2548 3967 75 17 persons
2630 3962 62 21 object
2698 3964 21 15 to
2723 3968 33 12 use
2761 3964 33 17 the

2362 3989 74 23 present
2444 3986 87 23 Hospital
2540 3986 54 15 baths
2611 3985 37 16 and
2662 3986 67 21 expect,
2742 3991 52 14 more

2361 4011 92 18 attention
2462 4011 46 16 than
2517 4009 28 17 Dr
2553 4008 78 17 Ginders
2640 4014 34 10 can
2683 4008 48 21 give.
2764 4010 28 17 An

2361 4027 59 26 active
2429 4039 65 15 young
2503 4038 42 11 man
2562 4030 66 17 skilled
2641 4031 20 16 in
2676 4031 116 19 continental

2361 4052 135 26 balneological
2505 4054 85 18 methods
2598 4053 67 17 should
2674 4054 23 15 be
2708 4054 86 22 brought

2361 4081 33 16 out
2403 4081 19 15 to
2432 4078 65 18 attend
2507 4080 19 15 to
2534 4082 120 16 non-pauper
2662 4076 81 18 invalids
2755 4079 39 16 and

2361 4102 101 18 travellers.
2480 4101 39 17 But
2527 4101 18 15 to
2555 4099 24 17 do
2585 4099 38 17 this
2632 4099 81 17 without
2722 4106 11 10 a
2742 4106 39 13 com-

2360 4125 108 23 prehensive
2478 4123 71 18 scheme
2561 4122 36 17 and
2606 4128 10 11 a
2625 4123 43 16 vote
2676 4123 20 16 to
2712 4128 54 18 carry
2778 4125 16 17 it

2361 4151 33 16 out
2402 4147 63 18 would
2472 4147 24 16 be
2505 4147 56 16 waste
2570 4145 20 17 of
2602 4150 73 17 money.

2852 145 158 19 ADMISSIONS
3030 147 32 17 TO
3080 145 55 19 THE
3153 145 74 19 SANA-

2819 170 426 18 TORIUM.

2851 212 65 21 In.the
2923 212 66 21 House
2996 215 34 18 the
3038 217 54 18 crther
3106 216 55 24 night
3176 217 31 18 31r
3220 219 25 17 li..

2827 236 89 19 Lachlan.
2933 238 82 18 niembei'
3029 239 29 18 for
3073 240 80 18 Asbburl
3170 247 16 10 :,
3206 236 2 22 :
3226 236 2 22 '

2826 283 54 17 usual
2889 283 77 19 method
2982 285 20 17 ot'
3015 285 99 24 obtaining
3128 287 99 18 assistance
3238 283 3 26 :

2826 306 45 17 send
2880 307 83 22 patients
2971 308 20 17 to
3000 304 32 21 the
3042 308 73 19 Eotora
3123 315 5 11 i
3142 307 98 23 Sandtoriui

2826 329 80 17 without
2915 330 92 24 applying
3020 332 20 16 to
3055 332 32 17 the
3104 330 108 20 Charitable
3224 336 16 17 Ai

2826 351 85 19 Boards?
2923 353 32 17 Mr
2967 353 69 19 Reeves
3052 355 61 17 stated
3129 353 43 20 that
3184 356 32 18 the
3227 355 18 21 iff.

2824 377 121 21 rangements
2954 377 37 16 and
3000 377 116 23 regulations
3125 377 115 23 forfldmissi.

2824 398 53 18 there
2886 404 48 13 were
2942 405 44 17 very
2996 400 71 23 simple.
3093 403 43 20 Any
3146 400 99 24 application

2824 422 55 16 mad.'
2887 423 20 16 to
2916 422 75 18 himself
3000 429 20 11 or
3030 425 19 16 to
3058 424 28 17 Dr
3099 421 118 28 BlacGfregor
3229 433 16 10 iv.

2824 444 63 19 ceived
2903 447 77 21 prompt
2996 446 101 19 attention.
3130 447 39 19 The
3183 449 54 22 depart-

2824 469 52 16 ment
2885 468 45 18 then
2937 474 9 12 c
2954 468 183 20 unmunieatcd-with
3145 471 100 20 DrGinder.

2824 490 32 18 the
2864 491 89 19 Resident
2963 492 80 18 Medical
3053 492 68 19 Officer
3133 496 20 15 at

2826 513 20 18 In
2856 514 39 18 that
2907 521 58 12 sense,
2975 516 37 16 and
3021 516 43 18 that
3073 517 51 22 only,
3135 516 54 20 could
3203 517 22 19 he
3233 520 12 18 fas

2824 537 39 16 said
2872 537 20 18 to
2900 537 23 18 be
2932 538 70 22 always
3010 539 81 23 sending
3099 540 67 23 people
3174 541 19 17 to
3198 540 33 19 Rot
3243 537 2 26 -

2823 565 39 15 rua,
2872 560 44 21 and,
2926 561 16 16 if
2950 567 37 17 any
3005 567 66 17 person
3086 568 39 12 was
3137 563 85 23 reported
3235 560 3 26 i

2823 583 22 17 be
2854 584 17 16 in
2883 583 75 19 distress
2968 586 19 16 to
2996 591 22 11 an
3034 585 63 19 officer
3111 586 21 17 of
3140 586 32 18 the
3180 586 56 24 depart-

2824 607 56 20 ment,
2896 607 27 16 ins
2938 607 113 23 application
3067 609 61 18 would
3144 610 69 21 always
3228 617 17 10 :..

2823 630 49 17 ceivo
2890 628 73 24 prompi
2982 631 36 16 an:!
3040 631 99 19 courteous
3156 633 89 21 attention,

2822 652 38 18 The
2868 653 117 22 regulations
2994 660 47 12 wore
3050 656 52 17 these
3109 661 5 11 :
3128 655 50 19 First
3192 656 20 18 of
3224 657 21 23 nil,

2823 676 88 21 ap:it*cnl
2929 677 60 22 might
3003 678 23 15 !,
3040 678 38 17 sent
3097 678 26 23 by
3140 685 11 10 a
3167 673 78 29 Hospitaj

2824 699 110 21 Boarlor.ii.
2942 700 108 18 Charitable
3058 701 37 19 Aid
3111 701 69 22 Board,
3196 702 16 18 if
3224 704 20 17 tin

2822 726 40 13 raise
2876 729 21 11 .vi!
2918 723 80 18 certified
3009 725 20 18 to
3038 725 5 15 1
3081 730 23 12 no
3113 724 20 17 fit
3146 725 99 24 foriproptr

2822 746 97 17 troitmonl
2939 748 16 16 ai
2970 747 30 17 the
3017 747 125 23 Sanatorium,
3173 749 51 17 Then

2821 768 72 23 patixsit
2916 767 61 24 might
2998 770 21 17 be
3040 771 40 18 sent
3101 770 26 23 by
3144 777 10 12 a
3175 772 50 17 frieu.
3240 779 5 18 y

2821 791 75 23 society.
2923 792 57 22 Then,
2994 799 8 11 :i
3019 794 72 22 patient
3105 795 63 23 might
3184 795 23 17 be
3220 802 17 11 au-

2822 813 129 20 mittediftlie
2966 822 41 11 ease
3023 823 37 10 was
3074 817 21 18 fit
3111 819 29 16 for
3154 818 91 19 treattnem

2822 838 51 18 there
2883 838 35 19 and
2928 838 32 18 the
2969 839 71 22 patient
3052 845 36 14 was
3093 840 94 23 prepared
3189 841 22 18 id
3236 838 1 25 .

2821 861 51 18 3()'sa
2886 862 55 17 week.
2968 863 56 20 Then,
3039 869 10 11 a
3064 864 74 22 patient
3154 860 58 27 iuighi

2820 884 93 19 admitted
2920 885 90 19 who-was
3023 889 33 14 not
3073 887 92 23 prepared
3181 889 21 17 to
3218 884 4 26 l

2820 908 99 23 anything,
2931 913 20 12 or
2961 910 40 15 who
3011 915 38 12 was
3058 910 92 22 prepared
3159 911 20 17 to
3193 912 36 21 Jjfcy

2820 931 49 17 little
2878 932 17 16 in
2906 937 41 11 ease
2956 932 52 17 there
3017 938 38 12 was
3064 939 11 11 a
3083 934 40 16 free
3136 936 69 15 vacant
3218 935 20 16 he
3244 931 1 22 I

2820 955 30 16 for
2857 955 45 17 him.
2929 955 22 17 In
2961 955 25 17 all
2995 956 52 17 these
3060 962 51 12 cases
3125 957 32 17 the
3172 957 64 23 applieu-

2820 978 49 16 tions
2884 978 67 17 should
2968 979 22 15 be
3010 979 54 17 made
3084 982 20 14 to
3125 980 33 17 the
3174 980 71 20 Medici:]

2820 1000 167 23 Superintendent;
3002 1002 40 18 but.
3051 1003 18 16 in
3079 1003 33 17 the
3121 1009 40 12 ease
3176 1004 20 17 of
3242 1000 3 26 -

2820 1023 30 22 pie
2858 1024 42 18 who
2910 1024 32 18 did
2951 1026 32 16 not
2993 1025 56 18 know
3062 1026 49 18 tbnt.
3127 1027 41 22 and,
3179 1027 54 22 applii
3244 1023 1 26 '

2819 1049 20 15 to
2849 1047 31 17 the
2888 1047 49 18 head
2946 1049 19 16 of
2973 1049 32 16 the
3013 1049 121 22 department
3143 1055 21 11 or
3172 1051 20 16 to
3205 1050 40 18 liiu:-

2820 1070 39 21 self,
2870 1070 45 23 they
2923 1071 104 23 invariably
3036 1073 42 16 sent,
3090 1073 32 16 the
3130 1073 105 23 applic.-..t:0)

2819 1099 25 11 on
2852 1094 20 16 to
2881 1094 28 16 Dr
2917 1094 79 18 Ginders
3005 1101 19 10 a.s
3031 1101 11 11 a
3051 1098 70 14 matter
3134 1096 20 18 of
3167 1096 78 19 kindne.-s

2819 1116 38 16 and
2866 1118 92 21 courtesy.

2851 1168 15 16 A
2880 1166 156 20 CONDENSED
3048 1169 68 18 LOVE
3130 1170 88 17 STORY.

2975 1215 39 17 said
3024 1215 79 25 George;
3161 1216 41 17 love
3216 1224 10 15 y
3236 1225 9 9 .

2819 1236 64 20 dearer
2893 1237 46 18 than
2948 1237 38 19 life,
2996 1238 33 18 bat
3040 1239 38 18 fate
3088 1239 74 19 decrees
3171 1240 42 18 that
3226 1247 19 9 v.-

2820 1262 48 15 must
2965 1261 81 18 Matilda
3052 1263 96 17 swooned.
3162 1263 83 24 Smelling

2819 1284 45 16 sails
2871 1283 38 18 and
2917 1284 77 23 viuogar
3003 1286 19 16 to
3031 1285 33 18 the
3073 1284 69 20 rbscue.

2909 1313 35 12 sec,
2956 1313 30 17 my
3066 1308 102 19 continued
3173 1309 72 24 Gcorgv,

2910 1330 20 17 to
2940 1336 31 17 my
2980 1331 72 22 weakly
3062 1332 129 20 constitution,
3206 1339 10 15 y
3237 1340 7 10 .-

2819 1352 54 18 brute
2881 1353 19 17 of
2909 1359 10 11 a
2926 1353 24 18 fal
2956 1354 31 17 her
2994 1354 72 23 objects
3071 1357 21 16 to
3099 1355 35 18 ohr
3140 1356 105 23 marriage.''

2973 1377 40 18 said
3029 1376 89 24 Matilda,,
3134 1377 62 23 whosq
3214 1380 13 17 f

2819 1405 38 12 was
2865 1399 71 18 bathed
2944 1400 19 17 in
2980 1401 54 21 tears,
3055 1402 32 16 "it'
3104 1405 38 20 yoit
3158 1402 42 18 love
3217 1409 28 11 m.

2819 1422 78 20 dearest,
2907 1423 23 17 be
2939 1423 69 23 guided
3017 1424 26 23 by
3052 1427 34 19 m'o,
3097 1425 37 17 and
3144 1425 25 17 all
3179 1426 36 16 will
3230 1422 3 25 i

2820 1446 47 17 well.
2893 1446 84 18 Father's
2991 1447 95 23 objection
3103 1454 44 17 may
3164 1454 48 13 seem
3228 1456 17 11 wii

2820 1468 116 23 insuperable
2945 1470 88 23 obstacle,
3043 1471 35 18 but
3086 1471 53 19 leave
3147 1472 15 17 it
3170 1473 20 16 to
3205 1468 40 25 rile.'

2864 1493 7 15 T
2951 1493 40 17 said
2999 1494 32 16 tint
3041 1494 118 23 despondent
3173 1495 72 20 George,

2935 1522 42 12 now
2991 1522 36 17 you
3048 1517 54 17 know
3118 1519 14 15 it
3208 1524 28 12 con-

2819 1538 63 18 tinued
2898 1539 86 22 Matilda,
3001 1540 55 17 -'kiss
3073 1547 34 15 tnc,
3121 1541 79 21 dearest,
3216 1542 29 18 nnd

2819 1567 30 18 go.
2875 1562 43 18 This
2928 1562 37 23 day
2973 1564 28 16 six
3011 1564 75 17 months
3099 1565 61 22 you'll

2842 1585 73 23 George
2925 1588 55 15 wont.
3005 1587 48 17 That
3148 1588 74 18 months
3230 1582 3 27 1

2819 1608 93 18 returned.

3055 1634 40 17 said
3104 1634 33 18 the
3150 1634 67 19 father,
3233 1635 12 17 in

2819 1654 86 23 surprise.
2932 1660 11 4 '
2952 1656 48 22 Why
3010 1657 8 16 I
3029 1656 91 19 wouldn't
3129 1658 46 16 have
3184 1658 61 18 knows

2842 1701 71 17 Within
2931 1708 8 11 n
2956 1703 64 17 month
3035 1703 74 23 George
3122 1704 38 17 and
3173 1704 72 18 Matilda

2820 1729 46 13 wore
2876 1724 85 19 married.
2986 1726 79 23 Twenty
3075 1733 53 16 years
3133 1727 48 18 have
3187 1728 58 22 pas?*;!

2819 1748 48 18 since
2877 1748 51 16 then.
2954 1749 58 18 There
3021 1745 93 28 are'eight
3123 1750 49 18 little
3189 1751 47 17 Matil-

2819 1771 38 21 das,
2867 1771 36 17 five
2912 1771 51 19 little
2971 1772 95 24 Goorgics,
3082 1773 36 17 and
3133 1773 31 18 old
3181 1774 50 17 o.'or-

2819 1794 13 16 is
2842 1794 100 24 enlarging
2951 1795 31 18 the
2991 1795 58 19 house
3059 1796 16 18 in
3090 1798 92 22 prospect.

2842 1817 73 24 George
2925 1818 28 17 isn
2961 1818 65 24 loving
3033 1820 87 18 husband
3129 1820 36 17 and
3172 1827 8 10 u
3188 1820 31 18 kin
3226 1820 19 23 Jly

2819 1841 66 17 father.
2911 1841 82 19 Matilda
3000 1842 16 18 is
3024 1842 34 18 the
3066 1842 43 19 best
3116 1843 21 18 of
3147 1844 56 17 wives
3217 1844 28 17 mil

2819 1870 7 11 n
2850 1863 78 19 dovoted
2951 1865 78 18 mother.
3067 1867 26 17 At
3114 1862 85 22 eventide
3221 1867 24 17 sin:

2819 1887 76 22 gathers
2904 1887 33 18 her
2946 1888 66 23 family
3025 1889 73 18 around
3112 1889 33 18 her
3159 1886 35 21 arid
3212 1891 10 17 ti
3232 1886 2 25 ;

2819 1910 51 18 them
2880 1910 31 18 the
2921 1913 51 20 story
2981 1914 19 14 of
3010 1912 33 18 her
3051 1913 60 22 youth
3119 1910 3 25 ;
3138 1913 36 18 and
3184 1910 53 25 alv.-.i.

2819 1940 8 10 c
2836 1933 82 19 includes
2926 1934 26 23 by
2960 1935 67 23 giving
3035 1936 32 17 the
3076 1942 51 12 same
3136 1936 64 21 fidvicp
3214 1936 31 18 thnl

2819 1957 32 16 she
2868 1957 36 17 had
2922 1958 55 22 given
2994 1958 73 24 George
3085 1961 21 16 at
3125 1959 43 18 that
3184 1959 61 19 eriticu!

2820 1980 57 17 hour:
2892 1982 19 15 to
2921 1987 32 10 use
2963 1982 92 17 Vv'arncr's
3064 1983 52 16 S.vi'E

2821 2029 423 46 CABLEGRAMS

2842 2116 91 18 Loxdox,
2944 2116 111 22 September
3070 2117 92 17 17.The
3175 2117 65 18 steam;

2818 2138 49 17 lona
2875 2143 25 11 oil
2907 2138 33 17 the
2949 2144 80 17 passage
3038 2140 49 19 from
3096 2140 55 17 Loith
3168 2142 19 16 to
3203 2141 15 16 i-
3225 2148 15 9 m

2819 2161 37 16 don
2868 2161 71 21 caught
2954 2161 32 17 fire
3001 2161 38 17 and
3056 2167 38 12 was
3111 2162 59 17 burnt
3186 2165 8 14 t
3201 2161 4 21 >
3222 2161 17 21 f!:

2819 2185 58 15 water
2884 2189 8 10 s
2901 2183 48 23 edge
2958 2184 18 17 in
2986 2185 37 16 two
3032 2185 64 17 hours.
3123 2185 59 17 Seven
3196 2185 36 18 Lwli

2818 2206 87 22 perished
2914 2206 98 24 inehiding
3028 2208 32 17 the
3077 2208 117 19 stewardess,
3211 2210 28 17 \vl

2818 2235 38 11 was
2866 2229 59 23 doing
2932 2230 34 17 her
2980 2232 73 17 utmost
3067 2232 31 16 for
3111 2232 33 17 the
3157 2232 60 23 safety

2818 2253 33 17 the
2858 2252 68 18 others.
2952 2254 39 17 The
2999 2254 34 17 fire
3041 2255 64 23 began
3113 2255 19 17 in
3141 2255 32 17 the
3190 2256 46 16 ladie

2819 2276 60 17 cabin.
2905 2276 114 22 Forty-nine
3028 2284 44 11 men
3080 2284 49 12 were
3134 2279 76 17 rescued
3217 2284 21 12 an

2819 2300 14 15 it
2846 2300 16 15 is
2876 2300 61 16 stated
2951 2300 42 17 that
3008 2301 32 16 the
3055 2307 67 12 reason
3136 2301 32 18 the
3182 2308 50 11 worn
3239 2300 1 19 :

2818 2322 87 23 perished
2916 2328 36 12 was
2968 2324 43 17 that
3028 2324 32 17 the
3077 2330 63 17 egress
3157 2326 48 16 from
3222 2326 18 17 ti..

2819 2345 55 17 cabin
2882 2351 39 11 was
2929 2346 68 18 closed.

2842 2368 52 17 Lord
2902 2369 105 18 Beaumont
3020 2371 35 17 has
3068 2371 48 17 been
3131 2371 106 18 accidental!

2818 2392 44 17 shot
2876 2392 48 17 dead
2940 2394 21 16 at
2976 2393 30 18 his
3018 2395 46 20 seat,
3083 2394 78 18 Carlton
3174 2395 66 18 Tow.:;-

2819 2415 109 17 Yorkshire.

2842 2438 115 21 Sjeaxghal,
2976 2439 110 23 September
3103 2441 120 24 17.Owing
3234 2438 4 27 t

2820 2462 31 17 the
2860 2462 78 17 absence
2953 2463 20 16 of
2987 2463 32 18 the
3034 2463 72 19 British
3123 2466 79 17 marines
3217 2472 21 11 an

2818 2484 54 18 there
2879 2484 59 24 being
2945 2491 24 12 no
2978 2487 92 23 warships
3079 2489 21 16 at
3114 2488 94 18 Foocliow
3222 2490 18 16 th<

2819 2508 78 17 Chinese
2907 2514 31 12 are
2947 2510 78 23 making
3034 2516 10 11 a
3054 2510 88 23 mockery
3152 2513 19 16 of
3180 2513 31 16 the
3220 2519 20 10 er.-

2819 2531 55 23 'l'liry
2882 2531 41 18 into
2931 2532 33 17 the
2973 2537 108 14 massacres.
3107 2535 39 17 The
3161 2536 79 21 prisoner

2819 2560 30 11 are
2858 2554 58 21 being
2924 2555 83 18 released
3015 2557 38 17 and
3062 2558 34 17 flic
3104 2558 72 17 British
3185 2559 55 17 Con-::

2818 2577 16 17 is
2842 2576 77 18 flouted.

2843 2601 118 21 C.vi'KTOwx,
2977 2602 111 23 September
3105 2605 27 17 17.
3175 2605 65 17 Gene

2818 2623 62 17 Booth
2890 2624 34 17 has
2933 2625 89 18 obtained
3030 2633 11 10 a
3051 2627 37 22 gift
3097 2628 20 16 of
3126 2629 65 19 20,000

2818 2647 20 16 in
2852 2646 111 19 Swaziland.
2989 2649 30 18 He
3036 2650 34 18 has
3086 2651 59 18 sailed
3162 2653 30 16 for
3208 2652 32 17 >,V\

2818 2669 90 19 Zealand.

2842 2693 32 17 St.
2888 2693 139 24 Peteesbuho,
3037 2696 112 23 September
3164 2698 26 17 17.
3215 2698 25 18 Ti:

2819 2716 47 17 Czar
2882 2716 35 17 lias
2934 2718 55 22 given
3008 2725 10 11 a
3036 2720 69 17 cordial
3122 2721 94 22 reception
3232 2722 7 16 t

2819 2739 67 17 Prince
2903 2740 118 23 Uohenloho,
3041 2743 32 17 the
3090 2743 82 18 German
3190 2745 49 17 Chan

2819 2762 62 17 ccllor.

2843 2785 81 23 Sydney,
2944 2787 110 23 September
3072 2790 92 18 17.The
3182 2791 49 17 Metv

2818 2808 73 22 politari
2902 2809 65 18 Stakes
2976 2812 84 17 resulted
3068 2819 20 11 as
3103 2813 74 17 follows
3185 2808 3 23 :
3214 2815 16 15 X
3238 2808 2 23 .

2818 2831 81 21 bleman,
2912 2833 19 21 1;
2945 2834 110 22 Woodford,
3065 2837 11 16 2
3084 2831 4 27 ;
3103 2836 87 22 liuenalf,
3200 2839 17 16 .'l.

2842 2855 54 17 Dean
2905 2856 34 18 has
2947 2856 47 19 been
3003 2858 80 19 ordered
3099 2860 20 17 to
3135 2866 39 17 pay
3192 2862 30 15 12s
3230 2862 10 15 (!

2818 2883 35 15 per
2861 2879 52 17 week
2920 2886 20 10 as
2955 2879 130 21 maintenance
3106 2883 30 17 for
3156 2884 29 16 his
3205 2885 35 17 wi.V

2819 2900 30 17 He
2858 2903 108 23 previously
2973 2904 56 17 made
3037 2911 23 11 an
3070 2906 47 17 offer
3133 2909 19 14 to
3169 2912 37 17 pay
3225 2909 15 15 10

2819 2923 37 17 and
2865 2925 44 17 take
2917 2926 69 23 charge
2996 2928 19 17 of
3023 2928 33 17 the
3068 2929 57 18 child.

2842 2947 39 17 The
2891 2948 56 18 Land
2962 2950 37 18 and
3016 2951 78 19 Income
3110 2953 40 17 Tax
3167 2954 38 17 Bill
3220 2954 20 17 ha

2818 2970 66 21 passed
2894 2972 32 17 the
2936 2973 99 20 Assembly
3048 2975 26 17 by
3083 2977 22 16 04
3114 2977 20 16 to
3143 2978 28 15 2-1.

2911 3018 235 35 TELEGRAPHIC.

2841 3092 106 20 Auckland,
2958 3094 46 19 This
3018 3095 152 20 dn-y.Edv.-ar.l
3187 3099 60 22 Percy,

2818 3114 83 24 charged
2925 3117 47 17 with
2987 3120 105 23 procuring
3107 3120 93 23 abortion,
3218 3123 29 17 has

2818 3139 47 16 boon
2874 3140 99 21 rajuitted.

2840 3160 63 23 Large
2924 3164 102 21 quantities
3047 3167 20 16 of
3087 3169 32 15 toa
3134 3167 48 18 have
3206 3169 41 17 beea

2818 3183 73 19 cleared
2899 3187 34 15 out
2942 3186 20 18 of
2975 3187 53 19 bond
3040 3189 26 22 by
3079 3190 48 17 local
3139 3192 104 17 merchants

2817 3212 20 10 m
2843 3207 48 17 view
2900 3209 20 16 of
2928 3209 32 17 the
2968 3213 94 20 proposed
3070 3212 99 20 reduction
3178 3215 20 17 of
3206 3215 28 17 dut-

2818 3230 20 16 to
2847 3231 23 16 M
2878 3236 35 17 per
2920 3232 25 21 lb,
2957 3234 37 17 and
3003 3235 39 18 still
3057 3236 75 18 further
3148 3238 98 22 ppssibilin

2818 3253 43 17 that
2878 3254 117 20 Parliament
3012 3258 39 17 will
3068 3261 34 16 not
3119 3261 85 18 sanction
3221 3261 23 17 tin

2818 3278 94 20 proposal.

2840 3299 123 25 Wellington,
2973 3303 45 19 This
3027 3304 181 22 day.TheWsies
3217 3308 20 16 At-

2818 3322 97 19 tachment
2931 3326 97 18 Abolition
3045 3328 37 17 Bill
3099 3328 33 19 lias
3149 3329 47 18 been
3217 3334 30 18 put

2818 3345 83 22 through
2910 3347 24 18 its
2942 3348 45 19 final
2994 3352 63 21 stages
3070 3351 21 17 in
3099 3352 33 17 the
3145 3353 83 18 Council.

2840 3368 24 17 In
2872 3370 33 17 the
2913 3371 66 19 House
2987 3373 50 17 after
3045 3374 56 18 much
3109 3375 102 19 discussion
3221 3376 23 18 tin

2817 3392 102 19 resolution
2926 3395 43 18 that
2976 3396 33 17 the
3018 3396 48 24 duty
3083 3404 24 10 on
3125 3399 65 17 Island
3206 3400 41 17 fruit

2818 3414 22 16 be
2849 3416 96 19 rescinded
2953 3424 39 12 was
3001 3421 36 20 put
3045 3421 39 17 and
3092 3422 77 17 carried.

1228 77 59 20 THE
1313 78 58 19 HOT
1398 77 94 20 LAKES
1520 74 172 28 CHRONICLE,
1720 78 195 22 WEDNESDAY,
1946 77 167 23 SEPTEMBER
2144 82 30 20 18,
2192 81 48 17 1895

93 247 102 37 UNION
208 247 43 16 STK
255 245 91 17 AM-HIP
360 244 115 19 COMPANY
494 244 25 15 OF

177 268 57 16 N!:!\V
245 266 115 18 ZEALAND
369 266 80 17 Limited.

158 298 33 20 TTTi
198 297 101 22 u'O^Tjn
303 303 70 15 >EPAli
379 297 4 22 I
392 301 64 16 t*KK-.

229 337 4 13 .
243 337 28 13 U!-;

91 365 48 18 Z.'an
148 370 76 14 \roi;;u,
234 365 90 16 Tuesu.iy.
398 362 25 19 17,
434 368 10 8 <
452 367 46 16 p.m.

94 389 40 17 Ta.;
153 393 63 14 'Vi:j:a.
224 388 28 17 Tu
261 387 55 22 -siiay,
323 385 41 17 Oct.
376 385 14 24 1,
398 390 9 10 o
414 390 44 16 p.m.

91 466 97 14 'J'akaitxa
195 469 52 15 every
256 463 76 20 Monday

90 493 10 8 ji
102 484 24 21 la.
135 491 18 10 in
161 491 21 10 M
193 491 5 9 i
208 491 50 14 every
267 484 90 19 Tlt.irs.lay

91 508 123 19 AusriiALLv,
222 505 105 23 Thursday,
338 505 51 22 Sept.
398 506 28 19 19,
433 511 10 11 o
451 510 47 17 p.m.

88 531 54 17 Moa,
155 529 121 22 Wednesday,
285 529 108 21 September
398 529 28 18 US,
434 530 10 14 8
451 534 45 16 pan.

153 572 80 16 Reduced
244 574 44 14 tares
294 576 29 10 am
332 576 37 10 now
378 572 17 14 in
405 571 18 14 i'o
432 578 24 8 re.

89 594 92 17 Aui-kluud
188 593 67 16 Branch
307 592 63 16 Palmer
370 592 42 16 Mdii
425 591 80 19 Buildjiia

88 741 162 43 ITUDDART,
275 739 110 20 PARKE!J,
407 738 53 17 AND
481 737 38 17 CO.

117 763 14 20 I
251 762 107 24 (LIMITED),

164 810 59 18 NE\V
236 809 84 18 STEAM
334 807 108 19 SERVICE

90 842 128 30 Bringing
228 842 61 22 Low
296 841 78 22 Pares
385 840 54 22 into
451 839 68 22 force

110 891 95 22 Splendid,
215 889 162 24 Well-appointed
383 889 92 17 Steamers
480 888 39 17 will

84 915 25 17 T>e
118 915 113 22 despatched
240 915 49 16 from
298 915 118 17 Auckland,
426 919 20 10 as
460 911 59 17 under

85 938 91 22 (weather
191 938 39 17 and
249 938 54 16 other
318 936 143 17 circumstances
476 941 33 16 per-

86 960 85 23 mitting)
179 960 4 23 :

86 985 42 16 Foil
134 983 135 19 GISBORNE,
277 983 103 17 NAPIER.
388 979 115 20 WELLING-

108 1007 57 20 TON,
176 1006 157 19 LYTTELTON.
344 1006 14 16 &
368 1004 126 18 DI7NEDIN.

86 1031 100 20 Anglian,
193 1028 2 23 .
205 1031 108 16 .Tuesday,
324 1028 50 22 Sept.
383 1028 29 20 '.M,
423 1028 21 16 10
451 1033 43 11 a.m.

86 1054 114 16 Tasmania.
209 1051 14 21 ..
231 1053 110 19 .Tuesday,
352 1051 41 17 Oct.
400 1053 16 17 8,
427 1056 55 11 noon.

212 1098 51 18 FOB.
278 1096 111 21 SYDNEY,

131 1122 115 23 (Returning
257 1122 21 16 to
286 1120 99 18 Auckland
393 1119 78 22 Direct.)

85 1145 93 22 Carrying
198 1145 112 22 Passengers
331 1143 29 17 for
383 1143 134 19 Mellouhne,

96 1168 55 17 other
155 1169 132 16 Aijstkalian
294 1167 70 19 Pouts,
371 1166 38 16 and
414 1166 91 19 Hohaht,

85 1196 114 17 Tasmania.
208 1193 130 22 ...Monday,
350 1193 52 22 Sept.
409 1193 28 20 2;i,
455 1193 3 22 I
470 1198 46 16 p.m.

86 1219 95 17 Anglian
252 1218 96 19 Monday,
367 1217 42 16 Oct.
423 1217 15 19 7,
454 1218 62 19 :ip.m.

108 1246 79 22 Freight
195 1246 38 17 and
240 1246 92 21 Passages
344 1245 20 16 at
377 1247 79 13 lowest
468 1247 49 13 CUll-

84 1271 53 15 JIENT
150 1271 69 15 HATES.

107 1293 74 17 Return
188 1292 74 18 Tickets
268 1290 92 18 available
365 1289 30 18 for
400 1289 28 17 six
434 1289 82 18 months.

184 1321 21 17 L.
219 1321 24 17 D.
252 1319 108 18 NATHAN
373 1319 15 17 &
401 1318 44 19 CO.,

414 1342 78 19 Agents.

116 1403 225 46 Visitors'
365 1402 117 44 List.

116 1482 102 23 Brent's
235 1481 129 22 Bathgate
385 1479 92 22 House.

85 1514 41 17 Mrs
134 1514 70 21 Major,

131 1537 62 22 Espie,
204 1536 90 18 Gisbonie

130 1560 70 17 Hozier
208 1559 38 17 and
254 1557 158 21 iuaid,'Gisborne

132 1582 69 22 Dodds,
216 1582 90 18 Gisborne

131 1606 80 22 Girling,
221 1605 97 18 Blenheim

130 1629 23 17 B.
163 1630 71 21 Penny,
244 1628 97 18 Blenheim

129 1652 82 20 Nesbitt,
226 1651 116 23 Wellington

84 1675 67 18 Misses
162 1675 89 17 Williams
259 1674 33 24 (2),
301 1673 89 18 Duncdin

85 1699 31 16 Mr
124 1698 100 23 Thornley,
235 1698 75 22 Sydney

120 1722 38 16 and
165 1721 42 17 Mrs
215 1721 21 17 F.
247 1722 21 16 A.
278 1719 62 21 Knill,
350 1719 107 23 Wanganui

288 1743 90 18 Dunedin

189 1767 82 18 Andrew
284 1766 47 21 Bell,
347 1766 99 17 Auckland

190 1790 99 20 Atkinson,
301 1789 99 17 Auckland
410 1789 1 21 .

188 1814 82 20 Gerrish,
288 1812 112 22 Cambridge

108 1837 76 21 Gibson,
196 1837 89 18 Scotland

106 1860 75 21 Brown,
192 1860 62 17 Mancl
258 1860 3 21 >
264 1861 48 16 ester

106 1884 61 22 Lang,
177 1883 66 23 Upper
256 1882 87 18 Waikato

106 1907 92 22 Gilmour,
216 1906 91 18 Taranaki

105 1930 89 19 Jackson,
204 1929 26 24 (2)
244 1929 99 18 Auckland

119 1954 25 17 H.
155 1953 22 17 E.
187 1953 47 20 Ilill,
244 1952 90 17 Adelaide

85 1976 46 18 Bev.
140 1976 32 17 Mr
179 1976 104 23 Ferguson,
294 1975 106 22 Onehunga

84 1999 80 23 Captain
173 1999 77 20 Pocliin,
277 1998 55 17 India

85 2022 28 17 l)r
120 2023 62 23 Barry
190 2023 21 17 T.
221 2022 80 20 Russell,
311 2021 76 23 Sydney

205 2060 70 24 Lake
289 2060 94 22 House.

85 2092 32 17 Mr
125 2092 66 20 Bruce,
201 2091 27 18 St.
238 2090 51 18 John
297 2096 8 10 s
311 2089 81 22 College,
402 2088 78 17 Taniaki

118 2114 117 22 Lonprlands,
244 2112 100 19 Auckland

121 2137 114 19 Sulliorland
250 2136 83 18 Kawkes

118 2162 89 19 Ransom,
221 2159 99 18 Auckland

196 2201 52 22 The
259 2199 139 29 Langliam.

84 2232 32 17 Mr
124 2232 38 17 and
170 2232 40 17 Mrs
218 2231 71 20 Walsh,
301 2229 100 18 Auckland

119 2255 89 21 Flowers,
218 2255 100 21 Tauranga

121 2279 6 16 J
131 2279 5 16 i
139 2279 64 19 utters,
214 2276 132 21 Cliristellurch

120 2302 96 21 Seymour,
232 2299 100 19 Auckland

119 2324 103 20 Robinson,
232 2323 99 18 Auckland

118 2347 66 21 Blake,
197 2348 100 20 Tauranga

121 2371 107 20 Tarawliiti,
239 2368 99 19 Auckland

85 2393 63 24 Judge
157 2393 79 22 Wilson,
245 2391 100 19 Auckland

195 2437 66 22 K,oto
263 2442 12 11 r
277 2442 34 16 ua
325 2435 85 22 Hotel.

85 2472 64 22 Judge'
159 2472 43 19 Gill,
218 2472 100 21 Tauranga

85 2496 31 16 ilv
124 2497 67 17 Green,
209 2493 99 19 Auckland

119 2518 80 20 Russell,
249 2531 12 7 ~

122 2541 104 20 Callender,
252 2553 12 6 ~

121 2565 107 19 Patterson',
237 2563 26 23 (2)
277 2577 12 7 ~

122 2589 40 21 Bay
164 2588 35 22 ley,

123 2612 22 17 G.
156 2611 66 21 Tnglis,
284 2622 11 7 ~

121 2634 67 21 Gralit,
197 2632 89 19 Dunedin

121 2660 60 15 Cross,
232 2669 10 9 ~

120 2681 22 17 B.
152 2679 78 21 Jordan,
240 2679 100 21 Tauranga

120 2704 19 17 .1.
150 2704 102 21 Campany,
270 2702 75 17 Matata

223 2759 159 25 EOTORUA.

273 2812 58 19 THE

87 2839 426 87 Langliam.

109 2938 48 23 (One
165 2937 87 18 minute's
261 2937 50 17 walk
319 2937 48 16 from
374 2936 32 16 the
412 2935 72 17 Govern-

237 2961 53 16 ment
298 2958 74 23 Baths.)

205 3022 171 23 T6RMS
389 3027 5 16 :

114 3060 98 29 35sper
231 3058 86 26 week;
338 3057 27 22 6s
381 3064 45 22 per
435 3057 56 28 day.

117 3091 61 22 Two
188 3090 89 22 weeks
287 3095 26 16 or
324 3088 97 26 longer,
438 3087 53 22 30s.

124 3161 27 31 C.
184 3158 134 33 HAWKER
346 3157 138 35 WILSON,

210 3203 187 21 PKOPBIETOIt.

91 3259 238 49 KUSABS
365 3257 152 46 BROS

196 3323 216 35 MAMAKtT

87 3365 73 41 SAW
177 3365 24 40 &
228 3363 150 40 PLANING
400 3361 117 41 MILLS,

91 3433 267 25 KOUNTHIN
381 3431 139 24 RIKU,

247 3476 40 14 THE
301 3475 54 13 ONLY

90 3511 133 21 GENUINE
237 3509 59 20 BUY
313 3507 78 21 LAND
409 3507 112 20 TIMBER

192 3546 29 17 IN
234 3544 52 17 THE
299 3542 115 18 MARKET.

89 3591 127 42 Messrs
235 3589 99 18 kusabs
351 3588 70 18 bros.
435 3588 38 22 beg
490 3593 20 12 re-

165 3613 101 24 spcctfally
271 3614 20 16 to
299 3613 69 16 inform
377 3612 32 16 the
421 3609 67 20 Public
501 3612 20 15 of

92 3642 78 12 liolurua
178 3637 33 15 and
219 3636 73 20 vicinity
301 3636 38 14 that
347 3636 41 19 they
402 3635 42 15 have
459 3636 50 14 estab-

91 3660 53 14 lished
155 3664 9 9 a
174 3657 43 22 yard
225 3657 17 15 in
255 3656 124 18 Hiuewoa-st.,
389 3656 32 15 and
436 3660 30 11 chii
480 3660 40 11 now

90 3682 63 18 sunpiv
162 3680 29 15 the
198 3679 52 15 finest
257 3678 43 15 class
313 3678 18 14 of
345 3676 82 21 Building
438 3676 81 16 Material

90 3702 17 14 in
154 3700 74 16 Jliiikf.t.
245 3699 17 15 It,
270 3699 14 15 is
291 3697 100 21 unequalled
400 3699 16 13 in
425 3697 94 21 durability

93 3723 32 15 and
134 3722 104 20 impervious
247 3722 17 13 to
273 3723 28 12 the
310 3720 66 15 alludes
392 3720 17 14 of
423 3719 48 15 borer
485 3718 34 16 and

91 3744 31 19 dry
134 3746 32 13 rot.
189 3741 53 17 Their
250 3740 81 16 sawmills
339 3745 29 10 no
376 3740 48 15 filled
433 3739 42 15 with
490 3739 29 15 tlio

92 3767 44 12 most,
145 3764 43 15 modi
193 3769 20 10 ru
223 3762 97 20 appliances
329 3761 33 15 and
371 3760 28 22 tlie
407 3761 37 15 firm
458 3760 14 15 is
482 3760 37 15 able

91 3790 18 10 to
125 3786 61 19 tupply
203 3789 33 15 any
252 3782 80 21 quantity
348 3782 17 15 of
381 3782 37 20 Dry
435 3781 85 20 Building

92 3806 80 16 Ufateriul
181 3811 21 10 on
210 3806 29 15 the
247 3805 73 15 shortest
328 3803 62 16 notice.

91 3848 139 28 Skirtings,
237 3847 177 25 Architraves,
419 3845 84 23 Mould-

127 3879 66 26 ings,
205 3878 51 22 and
265 3876 110 23 Bressed
385 3876 100 21 Timber

157 3908 27 22 of
192 3914 79 22 every
285 3906 164 29 description,

181 3937 107 29 Always
300 3944 32 15 on
341 3936 84 22 Hand.

117 3970 119 26 HENAU
247 3970 105 23 HOUSE
362 3969 129 24 BLOCKS.

111 4021 20 15 Pi
136 4021 24 14 ice
168 4019 48 16 Lists
224 4022 20 11 on
254 4017 101 20 application
364 4018 19 14 to

88 4046 225 37 KUSABS
347 4046 170 37 BROS.,

162 4088 117 20 MAMAKU
292 4092 25 12 on
329 4086 111 19 OHATJPO.

215 4118 26 17 Or
251 4118 18 15 at
278 4116 32 16 the
322 4116 67 19 Yards,

107 4146 126 18 HINEMQA
247 4142 100 20 STREET,
366 4142 127 18 ROTORUA.

538 147 1 67 |
578 150 49 51 C.
652 157 55 42 T.
741 147 206 62 WiifeN,

548 213 59 42 MI,
633 214 136 41 HOBSON
806 213 168 46 NURSERY,

538 264 1 32 !
571 269 172 27 EEMUERA,
759 268 189 28 AUCKLAND,

650 303 62 23 [long
717 305 155 21 established.]

538 331 94 30 jQUP
639 331 17 19 P
663 331 12 30 L
688 331 12 30 1
713 331 12 30 E
733 332 13 19 S
757 332 104 20 advanced
872 332 58 19 Fruit
936 331 40 19 and

546 352 30 26 O
606 357 132 20 Ornamental
750 359 68 18 Trees.

572 388 75 20 Native
658 388 71 20 Plants
740 389 39 19 and
788 388 70 23 Ferns,
877 388 99 25 prepared

538 413 1 27 |
545 415 31 18 for
587 414 87 26 sending
684 418 19 16 to
715 415 26 18 all
752 418 55 21 parts
826 420 22 12 or
862 414 35 18 the
913 414 63 18 world

538 439 1 26 |
545 441 48 18 with
604 441 208 24 successincluding
823 441 35 17 the
864 439 111 19 handsome

538 465 1 26 |
545 467 76 24 species
630 468 21 17 (if
660 467 123 20 True-Ferns
793 467 21 17 of
823 466 56 18 these
887 465 87 23 Islands,

545 493 40 18 and
594 493 28 18 all
632 493 57 18 other
698 493 59 17 items
771 491 94 25 required
874 491 27 26 by
917 491 50 19 culti-

544 522 73 16 vators.

571 545 85 18 Current
675 543 84 19 circular
778 543 116 19 forwarded
910 550 24 12 on
945 550 20 12 re-

544 571 53 24 ceipt
607 572 20 16 of
637 569 88 19 address.

575 622 47 45 C.
658 622 47 45 T.
745 622 196 50 WREN,

633 689 254 32 B.EMU'EKA,

602 750 113 45 FOR
746 750 164 47 SALE.

544 867 9 14 r
558 867 58 19 HOT
619 867 35 18 AE
657 867 18 18 A
680 866 95 20 HOUSE
781 866 113 20 BLOCKS.
900 866 73 19 Sham'

549 887 25 22 .JL
609 899 39 19 ers,
660 893 39 18 and
710 892 136 19 Government
856 893 40 18 sizo
908 892 65 18 Posts'

543 919 21 17 in
575 925 40 18 any
626 919 100 24 quantity,
738 917 102 20 delivered
849 920 21 16 to
880 924 39 18 any
928 921 46 21 part

543 945 21 18 of
573 945 35 18 tlio
621 945 80 19 listrict.
703 944 94 25 Apply
810 947 22 16 at
842 944 35 19 the
887 943 87 20 Auction

542 970 62 22 Mint.

724 1004 19 18 .T.
760 1003 28 19 H.
802 1004 118 20 TAYLOR.

541 1053 135 22 BARBER
691 1053 21 21 &
727 1052 244 24 HAIRDRESSER-

538 1101 50 55 If

772 1112 51 30 m

567 1193 55 20 HAS
636 1194 112 19 OPENED
768 1194 48 19 HIS
831 1194 114 22 SALOON,

539 1246 77 18 NEXT
632 1246 74 19 LOOP
721 1246 33 19 TO
768 1246 42 18 ME
828 1246 143 19 SAMSON'S.

579 1350 88 19 Settixg
680 1350 82 20 Razors
776 1356 13 13 a
803 1350 121 20 Specialty.

574 1399 160 31 CLEARSNG
761 1399 62 31 QUI
855 1387 95 43 SAIiT

740 1436 32 17 OF

598 1467 138 23 WINTER
745 1467 160 23 DRAPERY

739 1502 33 17 AT

565 1528 148 21 HOWARD'S
737 1529 91 19 COMET
849 1529 95 20 HOUSE

539 1564 43 17 AVill
592 1564 86 18 continue
684 1564 30 16 for
720 1565 9 15 !
833 1564 73 23 longer.
922 1564 37 17 Fur-

538 1592 42 17 ther
588 1591 106 17 reductions
703 1591 19 17 hi
731 1591 55 22 price.
812 1592 17 16 A
837 1592 26 17 lot
881 1592 20 17 of
914 1592 42 17 Rem-

538 1622 57 16 nants
602 1620 38 18 and
648 1620 73 17 Ladies'
734 1620 38 17 and
781 1620 105 18 Children's
891 1620 79 22 Ulsters,

539 1650 56 16 Hats,
605 1650 39 16 &.U.,
654 1653 70 13 UXHEIt
736 1653 45 12 COST
794 1653 26 12 I'll
823 1653 38 13 ICE.

542 1834 195 32 FRANKTON
763 1834 208 32 JUNCTION

706 1876 113 30 HOTEL.

579 1970 165 21 IASSENGEES
759 1971 29 24 by
803 1972 52 18 train
872 1973 20 17 to
907 1971 64 20 Auclc

731 1992 54 24 land.

540 2093 71 20 Trains
633 2094 45 24 stop
698 2095 76 21 twenty
792 2093 88 19 minutes
898 2095 22 17 at
939 2093 34 19 the

587 2118 105 19 Plankton
701 2119 96 18 Junction
808 2120 31 18 for
850 2119 77 19 dinner.

566 2145 43 19 Tlic
634 2144 134 24 undersigned
796 2145 39 18 has
865 2146 55 18 first

540 2171 65 19 Meals
617 2170 63 25 ready
690 2170 40 19 and
740 2170 72 19 served
821 2177 26 12 on
862 2170 73 20 arrival
953 2171 20 19 of

541 2197 26 18 all
579 2196 69 19 trains.

541 2245 216 45 William
771 2245 199 55 Geateh,

595 2313 320 22 PROPRIETOR,

542 2357 146 22 Hancock's
697 2356 97 22 XXXX
802 2356 62 22 Ales
875 2356 98 28 always

672 2389 32 16 011
715 2382 125 28 Draught.

659 2469 177 40 Injlul

543 2815 17 18 A
580 2814 66 26 Large
665 2815 60 20 Stock
746 2819 21 17 oi
784 2817 94 24 German,
896 2817 76 19 French

612 2842 39 18 and
662 2842 90 20 Colonial
762 2843 63 19 Boots
834 2844 76 24 always

706 2869 21 18 in
744 2869 67 19 Stock.

543 2899 67 19 BEST
618 2899 152 21 MATERIAL.
807 2901 67 19 BEST
883 2900 89 20 WORK.

622 2931 157 20 AUCKLAND
788 2932 107 21 PRICES.

544 2979 162 24 Hand-sewn
717 2982 77 23 Boots
805 2989 15 16 a
835 2982 137 29 Specialty.

545 3032 216 47 Rotorua
779 3033 195 57 Bakery

597 3286 83 23 Bread
692 3288 132 23 delivered
842 3289 77 30 daily.

598 3346 162 27 GROCEBIE3,

739 3375 143 22 DRAPERY,

734 3406 43 14 AND

543 3424 122 19 GENERAL
671 3425 206 20 STOREKEEPER'S
884 3428 89 17 GOODS.

610 3471 162 24 COTTAGES
785 3473 39 23 TO
838 3472 70 23 LET.

546 3521 83 45 ONE
639 3523 146 20 Four-roomed
796 3532 25 12 on
831 3525 35 20 the
881 3525 93 19 Utuhina

617 3547 70 20 Creek.

545 3573 43 19 One
598 3573 138 20 Two-roomed
746 3575 21 19 in
777 3575 126 20 Oliinemuiu
911 3579 51 17 town-

544 3599 31 18 sin
579 3606 17 18 p.

570 3626 40 19 For
620 3626 120 25 particulars
750 3627 68 25 apply,

725 3650 35 22 W.
777 3652 115 24 ROGERS,

768 3679 102 19 Ilinemoa
883 3679 64 20 Store.

543 3725 33 19 TO
590 3725 57 19 THE
662 3725 105 19 PUBLIC
781 3725 35 19 OF
834 3726 138 20 ROTORUA.

544 3777 18 42 I
581 3777 55 19 BEG
646 3780 20 16 to
675 3777 66 19 thank
750 3777 34 19 the
798 3777 73 19 Public
882 3778 21 18 of
911 3778 49 19 Roto-

562 3817 5 2 -
595 3809 40 12 rua
653 3803 31 19 for
698 3803 53 19 their
757 3804 84 18 favours
853 3804 74 25 during
939 3804 33 19 the

542 3831 44 22 past
596 3829 68 18 fifteen
674 3835 64 18 years,
750 3829 41 19 and
806 3834 20 14 to
843 3830 67 24 notify
929 3830 44 18 that

542 3855 32 18 for
583 3854 34 19 the
628 3855 132 19 convenience
770 3856 21 17 of
800 3855 99 19 residents
910 3856 19 18 in
939 3856 33 18 the

544 3880 48 19 New
603 3880 114 24 Township,
730 3881 40 18 and
779 3888 34 18 my
826 3881 58 19 trade
901 3888 60 18 gener-

542 3906 46 24 ally,
600 3906 10 18 I
621 3906 51 19 have
682 3906 53 19 built

569 3940 50 18 New
629 3940 103 19 Premises
739 3946 23 14 in
769 3941 85 19 Fentox
861 3941 83 25 Street,

543 3970 64 18 which
617 3971 41 18 will
677 3970 25 19 bo
717 3971 111 25 completed
844 3974 48 17 next
908 3972 62 24 week,

543 3996 39 18 and
592 3996 41 18 will
643 3996 46 19 then
700 3996 25 19 bo
743 3998 101 24 prepared
861 4000 20 17 to
899 3998 72 26 supply

680 4026 70 19 Prime
770 4027 62 20 Meat

542 4057 20 18 in
574 4057 49 18 both
633 4057 50 19 New
694 4057 38 19 and
743 4058 38 19 Old
791 4059 125 25 Townships.

573 4109 41 22 An
628 4108 149 29 Inspection
793 4110 22 23 is
830 4109 107 25 invited.

747 4140 102 20 HENRY
863 4141 81 20 KIRK.

1012 171 203 20 PRELIMINARY
1248 172 100 19 ANNOU
1351 172 15 19 iS
1371 171 32 20 CE-

1174 224 89 20 MENT:

1002 374 214 46 Rotorua
1266 374 161 46 Hotel,

998 529 71 43 MR
1085 529 19 19 J.
1119 529 28 19 11.
1164 528 112 19 TAYLOR
1292 528 51 24 begs
1358 532 20 14 to
1396 534 23 12 an-

1076 562 77 12 nounce
1177 555 45 18 that
1240 554 25 18 he
1287 554 37 18 has
1340 554 91 19 received

997 590 131 19 instructions
1131 590 53 18 from
1190 588 134 19 MrFalloona
1331 590 20 17 to
1359 588 36 19 sell
1404 589 26 25 by

1088 641 105 20 PUBLIC
1206 640 132 24 AUCTION,

998 701 26 13 on
1033 694 83 19 Friday
1123 694 40 19 and
1171 694 112 19 Saturday
1291 692 34 19 the
1334 692 48 19 27tli
1390 693 40 19 and

999 721 48 19 28th
1070 720 125 25 September,
1216 720 36 18 the
1274 719 65 19 whole
1355 719 21 19 of
1395 719 35 19 the

998 755 109 19 Furniture
1117 755 42 19 and
1168 755 76 18 Effects
1254 753 21 19 of
1289 753 35 18 tho
1340 753 91 20 Rotorua

999 791 68 19 Hotel.
1084 791 28 19 To
1121 791 26 19 be
1157 790 94 25 disposed
1263 790 21 19 of
1293 790 84 24 entirely

1070 842 138 21 WITHOUT
1220 842 134 19 RESERVE.

995 946 50 23 For
1069 945 102 24 further
1199 946 157 30 particulars
1385 954 43 15 see

1123 999 88 23 future
1223 999 77 23 issue.

1070 1114 24 40 J.
1124 1115 31 39 H.
1184 1115 149 45 TAYLOR,

1181 1185 218 24 AUCTIONEER.

1145 1285 61 45 <fk
1232 1290 56 36 M

1033 1363 67 13 TKAOE
1328 1362 65 13 MARK.

1148 1479 56 19 ASK
1220 1478 55 19 FOR

994 1531 106 45 lIA
1111 1530 196 45 NCOC
1323 1530 103 43 KS'

1118 1602 109 21 CEIjEBR
1229 1602 34 20 AT
1267 1603 35 19 ED

1175 1656 86 32 XXXX

1106 1713 211 52 ALES,

1124 1780 59 12 MADE
1192 1780 54 13 I'UOM
1256 1779 41 13 THE

997 1816 115 32 FINEST
1138 1816 88 32 rVIALT
1248 1815 64 31 AMD
1330 1815 95 35 HOPS,

1034 1910 52 13 FREE
1099 1910 55 13 EIIOM
1166 1910 39 13 ALL
1219 1909 128 14 ANTISEPTICS
1359 1910 26 12 Oil

1101 1947 140 14 DELETERIOUS
1260 1947 63 13 ACIDS.

997 2021 137 32 CAPTAIN
1159 2022 82 31 COOK
1260 2022 167 38 BREWERY,

1100 2070 195 20 NEWMARKET.

1044 2126 134 39 HORACE
1200 2106 213 60 STEWARTT

995 2183 108 22 SADDLE,
1116 2183 126 21 HARNESS,
1256 2184 54 17 AND
1329 2185 100 17 COLLAR

1165 2212 99 21 MAKER,

995 2244 72 18 Wishes
1075 2245 21 17 to
1107 2244 63 23 notify
1182 2245 33 18 tlie
1228 2245 67 17 Public
1312 2246 19 16 of
1345 2246 85 17 Rotorua

995 2268 38 17 and
1041 2268 128 23 surrounding
1177 2268 74 18 district
1256 2269 43 17 that
1304 2269 24 17 ho
1335 2269 38 17 will
1382 2275 24 11 on

1049 2297 94 17 Monday
1150 2301 61 17 next,
1220 2297 120 17 September
1345 2298 29 21 23,

995 2329 106 13 commence
1109 2324 85 18 business
1206 2325 21 17 in
1241 2324 31 18 the
1286 2324 59 18 above
1359 2325 37 17 lino
1409 2326 20 16 in

995 2347 32 17 the
1035 2347 89 23 premises
1132 2347 105 23 belonging
1246 2349 19 16 to
1277 2348 21 16 13.
1314 2348 18 17 S.
1350 2349 77 20 Corlett,

995 2370 74 17 Fenton
1078 2370 68 22 Street,
1155 2377 25 10 on
1188 2371 33 16 tlie
1232 2371 85 22 opposite
1331 2377 65 11 corner
1409 2373 20 16 to

995 2394 32 16 the
1037 2394 64 16 Grand
1110 2394 65 20 Hotel,
1185 2394 38 17 and
1231 2394 69 17 solicits
1309 2400 12 11 a
1329 2394 35 17 fair
1375 2395 54 17 share

996 2417 19 17 of
1023 2417 111 22 patronage.

1019 2439 72 18 Collars
1100 2440 54 17 made
1167 2441 20 16 to
1201 2446 84 11 measure
1298 2446 25 12 on
1338 2440 33 18 the
1386 2447 33 16 pre-

995 2463 55 17 mises
1058 2469 12 10 a
1079 2464 102 21 speciality.

1018 2486 125 23 Lengthened
1152 2487 108 22 experience
1268 2486 19 17 in
1296 2486 26 18 all
1331 2487 66 17 classes
1410 2488 20 17 of

996 2509 93 17 Saddler's
1098 2510 58 17 work.
1181 2510 32 16 All
1222 2510 63 17 orders
1293 2511 97 21 promptly
1399 2512 20 16 at-

995 2533 69 16 tended
1076 2534 26 16 to.

1026 2583 184 44 Robert
1246 2583 155 46 Wake

1027 2658 10 19 >
1043 2656 51 20 EGrS
1103 2659 19 17 to
1131 2657 94 19 intimate
1232 2660 21 16 to
1260 2657 35 18 tbo
1304 2657 126 21 inhabitants

1070 2683 21 18 of
1105 2683 92 19 Rotorua
1211 2683 40 19 and
1268 2683 34 19 the
1322 2683 108 26 travelling

995 2709 70 25 public
1075 2709 105 24 generally
1194 2709 45 19 that
1256 2710 25 18 he
1299 2709 36 19 lias
1352 2716 12 12 a
1384 2712 46 23 trap

997 2735 89 24 running
1095 2742 60 17 every
1165 2735 57 19 week
1230 2735 91 19 between
1331 2735 97 23 Rotorua,

997 2761 85 19 Galatea
1092 2761 40 18 and
1143 2761 28 18 To
1187 2761 80 19 Whaiti
1282 2762 33 18 for
1330 2761 34 19 tho
1382 2769 48 12 con.-,

996 2794 88 17 veyance
1094 2787 21 19 of
1125 2794 126 17 passengers,
1266 2787 83 24 parcels,
1369 2789 33 17 &c.

1023 2812 81 19 Parcels
1113 2812 80 19 recived
1202 2813 40 18 and
1255 2812 27 19 nil
1299 2813 131 19 information

997 2838 61 25 given
1077 2843 21 14 at
1115 2839 26 18 R.
1162 2839 87 20 Wake's
1267 2839 63 23 Store,
1352 2839 79 20 Fenton

997 2866 72 17 Street.

1094 2921 245 21 ANNOUNCEMENT.

999 2973 57 43 11l
1063 2975 54 18 AVE
1129 2975 113 24 purchased
1253 2981 11 13 a
1281 2975 38 19 full
1336 2975 56 19 stock
1410 2977 21 18 of

1051 3000 69 26 drugs,
1136 3001 113 23 chemicals,
1268 3002 39 22 &c.,
1325 3001 40 19 and
1378 3001 53 20 have

997 3027 93 24 engaged
1101 3034 11 11 a
1122 3031 114 21 competent
1246 3034 46 12 man
1303 3030 21 16 to
1335 3027 95 25 dispense

997 3052 35 19 the
1046 3059 54 12 same
1116 3057 22 14 at
1154 3053 34 18 the
1207 3060 44 12 new
1270 3053 50 25 shop
1340 3054 91 24 opposite

998 3078 34 19 tho
1043 3078 69 20 Grand
1122 3079 69 19 Hotel.

1181 3105 112 20 ROBERT
1308 3106 94 19 WAKE.

1145 3158 137 20 TENDERS.

999 3208 153 45 TENDERS
1162 3216 34 13 are
1206 3210 78 19 invited
1297 3217 27 18 up
1342 3212 21 17 to
1382 3210 35 26 Sep-

1065 3236 78 19 tember
1166 3236 54 23 27th,
1244 3236 32 19 for
1300 3236 96 25 building
1419 3243 11 12 a

998 3261 102 19 chemist's
1109 3262 58 25 shop,
1178 3266 27 15 <S:e
1215 3261 3 26 ,
1230 3261 32 20 for
1267 3262 78 19 Robert
1356 3263 74 18 Wake.

1023 3287 68 24 Plans,
1104 3289 40 21 &c.,
1156 3292 20 14 at
1187 3288 31 19 his
1229 3288 56 25 shop.
1314 3288 79 19 Lowest
1409 3295 22 12 or

998 3319 35 18 anj
1033 3313 4 26 T
1049 3313 70 19 tender
1129 3317 36 15 not
1173 3315 121 24 necessarily
1303 3314 98 25 accepted.

1124 3340 20 18 J.
1160 3340 33 20 W.
1209 3339 141 24 WRIGLEY,

1295 3366 109 20 Architect.

1022 3418 154 22 FIREWOOD
1185 3418 3 23 !
1239 3418 164 23 FIREWOOD!

1093 3473 76 19 RATA
1181 3479 42 13 and
1237 3473 65 19 TAW
1303 3474 24 19 A.

998 3497 107 20 Delivered
1124 3499 28 24 by
1170 3499 85 19 Kusabs
1275 3499 58 19 Bros,
1350 3502 21 17 to
1390 3507 41 18 any

999 3525 45 22 part
1056 3524 21 18 of
1088 3524 34 18 the
1134 3526 99 24 township
1242 3528 21 16 at

1070 3549 84 20 Lowest
1168 3551 97 19 Current
1278 3551 77 19 Rates.

1023 3575 73 19 Orders
1105 3577 92 19 received
1209 3581 20 15 at
1239 3578 34 18 the
1283 3579 67 22 yards,
1362 3578 55 18 lline-

997 3607 44 12 moa
1051 3601 73 20 Street.

1070 3650 134 21 EOTORUA
1216 3652 135 20 LIBRARY.

1161 3710 33 12 are
1208 3704 77 19 invited
1295 3705 31 18 for
1336 3705 35 18 the
1379 3712 51 18 pur-

1002 3723 21 26 Jl
1062 3728 59 20 chase
1131 3730 21 18 of
1168 3730 35 19 the
1220 3730 106 25 following
1346 3732 84 21 surplus

995 3753 125 26 periodicals,
1171 3756 103 19 Scientific
1300 3756 106 19 American
1417 3758 11 8 ''

996 3779 31 19 for
1039 3781 116 19 1889-90-91
1168 3782 41 18 and
1227 3784 54 19 1892,
1300 3782 37 25 (all
1352 3782 78 20 defects

995 3804 110 26 included),
1116 3808 40 18 and
1167 3808 30 25 (2)
1213 3808 94 25 quantity
1325 3808 21 19 of
1361 3808 57 25 dupli-

995 3833 43 16 cate
1048 3831 163 26 Parliamentary
1218 3833 96 20 Debates.

1101 3859 23 18 P.
1136 3859 22 19 C.
1171 3859 176 24 PROTHEROE,

1291 3885 111 21 Secretarv.

1008 3933 172 21 VOLUNTEER
1197 3934 68 19 FIRE
1279 3935 136 20 BRIGADE.

995 3985 44 43 A
1050 3985 95 18 PUBLIC
1159 3986 118 17 MEETING
1293 3986 45 17 with
1355 3993 11 10 a
1382 3987 47 16 view

1062 4010 20 16 to
1091 4009 90 17 establish
1189 4016 12 10 a
1209 4009 103 17 Volunteer
1327 4009 44 17 Fire
1385 4009 33 17 Bri-

994 4032 47 21 gade
1050 4032 19 16 in
1078 4032 47 17 both
1133 4032 104 22 townships
1246 4032 38 17 will
1293 4031 44 18 take
1348 4031 53 23 place
1409 4031 20 16 in

994 4052 32 19 the
1034 4054 87 23 Reading
1129 4055 66 20 Room,
1213 4061 24 10 on
1253 4054 95 22 Saturday
1364 4054 63 22 niglit,

994 4078 20 15 at
1022 4078 41 16 8.30
1075 4077 77 17 o'clock.

1016 4099 32 17 Mr
1056 4100 20 16 C.
1086 4100 84 22 Malfroy
1178 4100 39 17 will
1226 4105 71 16 occupy
1303 4099 32 17 the
1342 4099 62 17 Chair.

1157 4122 100 17 ERNEST
1272 4122 83 20 DAVIS,

1300 4145 103 17 Convener.

1457 141 36 33 HP
1648 143 49 34 TT
1697 144 121 21 ARRISON,
1834 145 54 20 8.A.,

1490 188 144 18 BARRISTER
1647 190 53 17 aNTJ
1710 190 143 20 SOLICITOR,

1479 212 38 19 llti,
1531 211 98 18 Victoria
1641 212 90 22 Akcade,
1744 214 121 17 Auckland.

1642 259 58 21 Also,

1453 280 94 17 Barrister
1559 280 38 17 and
1614 281 86 18 Solicitor
1716 282 20 17 of
1749 282 34 17 the
1799 282 89 23 Supreme

1501 303 64 19 Court,
1576 304 84 20 Ontario,
1670 304 83 18 Canada.

1591 346 156 23 TENDERS

1471 398 17 21 A
1506 396 121 20 SSIGNED
1639 398 105 19 ESTATE
1755 399 34 18 OF
1801 398 68 19 OREN-

1458 417 44 25 -I\.
1526 423 82 19 STEIN
1630 424 61 19 AND
1711 424 174 24 RAPPAPORT,

1507 449 223 25 STOREKEEPERS,
1745 450 140 19 ROTORUA.

1479 502 89 19 Tenders
1573 501 108 20 addressed
1686 507 20 14 to
1711 502 34 19 the
1749 502 137 25 undersigned

1455 529 40 17 will
1505 529 25 17 he
1541 527 91 19 received
1643 531 21 15 at
1672 528 54 18 their
1733 528 66 18 offices
1807 531 20 15 to
1834 535 52 12 noon

1453 562 26 11 on
1490 556 117 20 Saturday,
1619 554 34 18 the
1670 556 44 16 21st
1731 554 54 22 inst.,
1803 555 32 17 for
1853 555 33 18 the

1454 581 60 19 Stock
1524 587 21 11 as
1556 586 12 12 a
1578 580 64 19 whole
1652 586 22 12 or
1684 579 114 26 separately
1808 581 33 17 for
1853 581 33 17 the

1453 606 106 25 following
1569 606 44 18 lots.

1481 632 59 19 Stock
1551 631 71 19 Sheets
1632 631 40 19 and
1683 631 118 19 Conditions
1811 638 25 12 on
1852 633 33 17 the

1453 659 97 24 premises
1561 658 41 18 and
1613 659 20 17 at
1643 664 36 12 our
1688 657 73 23 offices,
1772 657 57 20 Loan
1845 659 40 18 and

1453 683 119 21 Mercantile
1584 683 112 25 Buildings,
1711 683 147 21 Quoen'street.

1834 717 16 11 s.
1865 710 20 19 d.

1456 738 15 17 1.
1488 736 82 24 Cutlery
1580 736 40 18 and
1629 735 69 25 Fancy
1707 735 68 20 Goods
1794 738 24 17 43
1837 738 21 16 19
1874 739 11 16 6

1453 765 19 16 2.
1488 763 93 23 Grocery,
1603 762 81 24 Lumps,
1711 762 69 19 Scales

1506 789 40 18 and
1558 787 97 25 Weights
1681 803 17 4 ..
1759 803 19 4 ..
1797 789 23 18 17
1836 790 22 17 13
1874 790 10 18 7

1453 817 18 16 3.
1486 814 62 19 B;iots
1795 816 24 17 64
1848 817 11 16 0
1874 817 11 17 3

1452 843 19 16 4.
1486 840 93 24 Drapery
1589 839 40 18 and
1640 839 97 25 Clothing
1757 842 61 17 ..117
1847 843 10 16 5
1874 843 10 16 9

1453 868 17 17 5.
1486 866 73 23 Horse,
1571 866 53 24 Trap
1637 866 38 18 and
1688 866 92 19 Harness
1794 868 91 17 26150

1766 919 57 19 269
1837 921 21 18 14
1874 921 8 17 1

1478 949 43 18 The
1531 948 61 19 Stock
1606 948 18 19 is
1641 948 27 19 all
1687 955 50 17 new,
1755 949 35 20 the
1808 950 77 24 parties

1452 974 46 24 only
1517 974 77 25 having
1615 975 50 18 been
1684 975 20 18 in
1725 974 94 21 business
1836 976 48 19 nine

1452 1000 86 19 months.

1609 1026 74 19 COOK
1694 1028 15 17 &
1720 1026 84 22 GRAY,

1756 1053 101 20 Trustees.

1477 1078 113 23 Auckland,
1603 1078 55 26 Sept.
1671 1081 29 17 12.
1712 1081 58 18 1895.

1561 1125 32 17 TO
1606 1125 167 18 CARPENTERS

1453 1172 9 14 r
1467 1170 127 19 BLENDERS
1610 1171 39 17 'will
1665 1171 24 18 be
1711 1171 85 19 received
1815 1178 26 17 up
1864 1174 21 16 to

1467 1188 7 24 8
1514 1195 97 19 MoN'DAY,
1622 1194 44 17 23rd
1675 1195 43 16 inst.
1728 1195 31 17 for
1764 1195 33 18 the
1802 1196 83 18 erection

1451 1219 21 17 of
1487 1224 11 11 a
1514 1217 88 23 building
1617 1217 30 18 for
1663 1215 32 20 the
1712 1218 52 17 office
1778 1219 21 17 of
1814 1219 71 18 Messrs

1451 1242 54 17 Tlios.
1516 1240 51 18 Cook
1577 1240 36 17 iind
1622 1240 43 17 Son.

1474 1265 57 17 Plans
1540 1270 34 10 can
1582 1264 24 16 be
1614 1269 43 11 soon
1662 1264 20 16 at
1687 1263 32 18 Mr
1725 1264 89 19 Corlett's
1823 1265 51 17 archi-

1451 1289 43 19 tect,
1504 1287 91 17 Rotorua.

1453 1329 155 43 WANTED.
1610 1330 40 16 A
1659 1336 43 11 man
1711 1332 20 16 to
1740 1332 58 18 break
1815 1335 69 17 stones.

1538 1353 65 22 Apply
1610 1352 23 18 R.
1641 1353 26 17 11.
1677 1353 124 24 McCalluai,
1820 1357 66 18 Grand

1450 1376 64 17 Hotel.

988 4234 106 39 Ask
1122 4235 72 38 for
1222 4234 267 38 Hancock's
1517 4234 279 41 Celebrated
1823 4236 189 40 XXXX
2037 4239 113 38 Ales
2179 4241 93 36 and
2301 4238 148 39 Stout

2912 3462 158 20 FLETCHER'S
3085 3466 74 18 PILLS

2944 3492 57 12 never
3009 3488 35 17 fail
3052 3490 20 16 to
3081 3495 43 11 euro

2818 3504 24 17 I><
2848 3505 140 22 DIGESTION

2841 3528 177 25 COSTIVENESS,

2864 3551 67 20 SOUR
2943 3556 111 20 BREATH.

2886 3576 167 23 HEARTBURN,

2910 3600 79 19 LIVER
3002 3603 116 20 DISEASE,
3128 3606 38 16 and

2942 3625 106 19 KIDNEY
3056 3627 52 17 COM
3114 3629 113 18 PLAINTS.

2835 3643 11 16 I-
2852 3644 139 22 LETCHER'S
2996 3649 85 18 PILLS.-,
3104 3651 59 18 101,E
3166 3653 82 17 JIENTS

2821 3668 72 17 lOMC
2914 3676 31 12 arc
2965 3672 32 17 the
3018 3674 110 21 recognised
3147 3675 101 18 household

2816 3690 119 20 remedies''of
2942 3694 32 18 ilic
2987 3696 111 18 Austrian
3113 3698 85 18 colonies.
3214 3698 34 18 and

2816 3717 55 18 every
2880 3714 101 27 designing'
2988 3719 61 22 quack
3064 3721 44 15 tries
3122 3714 20 27 I,>
3156 3722 53 17 trade

2816 3735 48 17 their
2872 3740 108 20 reputation
2989 3742 38 17 and
3036 3748 83 13 renown.
3143 3744 45 17 This
3196 3746 13 15 i-
3220 3745 17 16 !'

2816 3764 19 15 gi
2839 3761 59 16 entost
2907 3764 55 19 proof
2969 3765 21 16 of
2997 3765 46 17 theii
3054 3766 61 19 merit,
3123 3768 36 15 and
3166 3761 70 24 s:iil<?i-.;

2816 3784 50 15 want
2874 3785 21 16 to
2903 3784 24 19 be
2935 3788 104 20 particular
3046 3789 20 17 to
3075 3791 34 20 got
3123 3790 31 17 the
3170 3790 73 21 frehuiir

2816 3805 72 18 articles
2898 3813 19 12 as
2926 3812 63 20 regret
2997 3811 40 17 and
3044 3811 161 23 disappointment
3219 3821 15 10 n:

2815 3832 42 13 sure
2865 3830 20 15 to
2895 3830 64 20 follow
2968 3834 33 16 the
3015 3840 33 11 use
3062 3836 20 15 of
3096 3836 32 17 the
3146 3830 33 23 111
3195 3830 17 23 i
3228 3830 16 23 -

2815 3855 13 22 .
2829 3850 6 17 f
2992 3857 89 18 remedies
3089 3864 20 12 so
3119 3859 57 23 freely
3183 3860 52 17 itdvei

2894 3877 39 18 The
2944 3881 107 21 reputation
3069 3881 37 17 and
3124 3883 73 21 v.-iiL.j

2816 3902 32 11 use
2856 3898 20 16 of
2884 3899 94 20 Clements
2983 3903 58 18 Tonic
3048 3905 38 16 and
3093 3905 101 18 Fle'.chei's

2821 3925 25 11 lie
2855 3921 31 17 the
2895 3926 83 19 groutest
2986 3927 64 21 proofs
3060 3928 19 16 of
3088 3928 50 17 their
3152 3930 84 20 apprecia-

2815 3944 40 16 tion
2862 3944 25 22 by
2895 3946 33 18 tlie
2936 3949 69 21 public.
3031 3950 19 17 If
3061 3951 46 21 they
3120 3956 48 12 were
3180 3945 36 25 'not.

2815 3970 118 17 represented
2942 3971 45 23 they
2996 3973 63 17 would
3072 3974 49 17 have
3135 3976 64 21 passed
3216 3981 23 12 on

2815 3991 19 14 ot
2849 3996 84 19 memory
2947 3994 46 23 long
3006 4002 31 11 ere
3053 3997 49 20 tliis;
3124 3997 36 18 but
3175 3999 58 20 insfe.,
3244 3991 2 28 1

2815 4013 48 16 their
2871 4015 39 17 sale
2922 4017 16 17 is
2951 4020 75 21 greater
3042 4020 39 17 and
3094 4021 46 16 thev
3154 4027 31 12 are
3198 4029 18 10 m

2815 4037 92 18 esteemed
2915 4039 37 23 day
2961 4041 25 23 by
2995 4042 37 21 day
3041 4041 37 19 and
3088 4043 51 18 week
3150 4044 26 20 by
3190 4046 43 16 v,w!

2815 4059 38 17 and
2860 4060 38 18 this
2907 4064 134 21 emphatically
3048 4072 69 17 proves
3124 4067 50 17 their
3183 4069 54 16 undi-.

2815 4084 58 18 pitted
2881 4090 117 19 supremaiiy.
3011 4088 66 18 Listen
3086 4090 20 17 to
3115 4096 24 11 no
3148 4097 91 15 avgmucn

2815 4107 48 16 lrom
2882 4107 102 21 interested
3006 4107 82 26 parties;
3114 4113 80 18 demand
3217 4115 13 16 tl
3241 4107 1 26 .

2814 4131 107 40 ITTtute'
2923 4133 62 18 1^5
3002 4135 39 17 and
3060 4135 69 19 TAKE
3142 4137 35 17 xo
3190 4136 47 20 BITE
3243 4131 1 40 '
