2559 4039
52 53 2420 31 THE

52 114 449 135 NEW
610 101 874 143 ZEALAND
1590 104 856 140 GAZETTE

1224 270 100 33 AND

52 303 1153 159 WELLINGTON
1320 303 1152 159 SPECTATOR.

571 506 225 37 PUBLISHED
840 505 132 38 EVERY
1016 500 257 41 WEDNESDAY
1318 500 88 38 AND
1449 498 228 37 SATURDAY
1722 496 207 42 MORNING.

89 630 61 31 No.
171 625 92 39 293.]

618 623 110 30 PORT
750 621 258 37 NICHOLSON,
1032 617 225 34 SATURDAY
1278 617 211 35 MORNING,
1510 616 194 31 OCTOBER
1726 619 51 33 28,
1804 616 89 30 1843.

2243 610 94 40 [Vol.
2359 610 51 32 IV.

175 721 55 21 For
244 719 116 22 London
376 718 96 24 direct,

186 753 94 28 nfIHE
304 752 44 22 fine
374 751 47 22 fast
443 750 88 26 sailing,
555 749 23 22 A
598 750 20 26 1,

50 772 107 38 '**_§!.
193 772 31 31 X
262 779 109 23 schooner
383 778 87 21 LADY
485 776 105 24 LEIGH,

53 800 127 37 -ißtftfeJSL
200 808 42 21 109
251 809 51 19 tons
314 805 107 26 burthen,
433 804 46 23 wiU
494 804 44 23 sail
552 804 68 20 about

200 835 40 21 the
250 836 35 20 Ist
294 832 134 23 November.

47 859 135 42 E^SJSP
229 871 55 23 This
294 869 71 23 vessel
374 868 20 24 is
400 867 108 33 expected
518 867 23 22 in
552 867 69 22 about

203 901 39 19 ten
252 898 55 26 days
316 897 58 21 from
385 903 14 14 a
407 899 42 24 trip
459 896 34 19 via
501 894 120 23 Auckland

48 931 38 24 and
100 928 93 28 Sydney,
208 925 45 22 and
272 932 24 14 as
311 923 41 22 her
366 929 68 20 cargo
449 922 19 22 is
482 921 78 27 ready,
578 920 44 23 will

49 960 50 22 meet
106 955 53 23 with
167 952 129 24 immediate
307 950 115 28 despatch.

71 992 38 22 For
117 994 90 24 passage
218 986 60 27 only,
289 985 70 28 apply-
364 987 25 18 to

354 1018 84 22 Waitt
454 1017 42 23 and
510 1017 84 21 Tvseß.

70 1054 138 28 Wellington,
220 1051 131 28 September
360 1052 35 25 19,
407 1051 60 21 1843.

176 1098 58 22 For
248 1097 118 21 London
381 1096 96 24 direct,

58 1129 95 30 s^x&^
192 1133 93 23 nnHE
303 1132 45 23 fine
369 1132 45 23 fast
437 1131 80 27 sailing
540 1131 83 27 barque

56 1172 3 5 •
79 1153 90 39 |j__k
200 1150 30 33 X
325 1160 18 20 G
352 1155 92 26 LBN'
445 1159 91 24 ARM,

54 1181 136 39 UsPpS£|^
206 1189 22 21 A
249 1189 19 25 1,
289 1188 40 21 300
348 1190 59 23 tons,
434 1186 31 21 H.
486 1185 54 27 Guy
564 1192 60 14 com-

205 1214 96 23 mander
307 1222 5 18 ;
325 1213 44 22 has
377 1213 107 22 first-rate
499 1219 126 14 accommo-

52 1242 134 30 %&%2£s&
208 1242 77 21 dation
303 1241 34 22 for
355 1247 138 21 passengers,
514 1239 44 22 and
580 1238 45 22 will

207 1268 117 28 positively
334 1267 43 22 sail
386 1266 45 23 this
441 1265 86 23 month.

73 1299 40 23 For
127 1296 83 28 freight
220 1300 26 17 br
258 1301 101 22 passage,
371 1294 66 27 apply
450 1296 22 18 to
483 1292 38 22 the
532 1292 94 28 Captain

51 1334 24 16 on
85 1324 72 27 board,
168 1331 25 15 or
202 1326 25 19 to

286 1348 21 22 J.
322 1348 124 21 Bouicott
461 1347 21 21 &
496 1347 48 25 Co.,

402 1373 113 23 Lambton
526 1373 73 27 Quay.

75 1406 92 23 October
176 1406 20 26 6,
208 1404 63 22 1842.

73 1437 54 23 N.B.
128 1448 27 5 —
155 1436 49 22 The
223 1433 92 30 Captain
326 1433 45 23 will
388 1435 40 19 not
444 1433 28 21 be
491 1431 137 28 responsible

51 1466 30 21 for
90 1472 41 20 any
141 1464 63 22 debts
215 1461 128 23 contracted
352 1461 31 26 by
395 1460 37 21 the
444 1466 64 14 crew.

186 1509 56 20 For
254 1507 119 21 London
389 1505 93 21 direct.

106 1546 54 21 «jg»
218 1541 92 21 fTIHE
333 1540 47 21 fine
404 1539 44 21 fast
470 1538 80 27 sailing
578 1538 50 27 brig

87 1559 100 41 3jsiP^
225 1559 29 31 X
336 1566 209 24 VICTORIA,
620 1569 12 14 %

94 1607 48 21 Trfi
152 1604 56 24 sMy
232 1597 40 20 300
287 1597 54 23 tons,
359 1593 93 23 Sinclair
479 1596 90 24 master,
585 1592 44 22 will

61 1620 22 37 A
94 1615 47 42 ffH.
148 1653 60 4 ___
232 1624 41 23 sa^
282 1624 23 22 *°
306 1631 11 15 r
332 1622 95 23 —ondon
437 1628 28 16 on
481 1629 26 15 or
516 1629 14 14 a
530 1621 54 22 bout
591 1620 37 22 the

59 1656 25 31 S
94 1651 119 37 SfftfjS
247 1661 20 18 st
285 1656 133 27 December,
437 1655 84 27 having
540 1654 29 22 all
589 1653 42 22 her

237 1684 57 22 dead
308 1683 84 28 weight
407 1682 101 28 engaged
516 1690 6 18 ;
538 1682 38 21 sho
590 1680 41 22 has

53 1722 57 14 room
120 1713 51 28 only
181 1713 36 21 for
227 1719 14 15 a
250 1712 42 23 few
301 1714 50 19 tons
361 1710 27 22 of
393 1710 57 27 light
458 1709 77 27 goods.

77 1747 41 21 For
134 1752 101 21 passage,
251 1743 82 27 having
352 1750 55 19 very
427 1741 99 28 superior
545 1747 87 15 accom-

53 1773 113 26 modation,
178 1772 66 28 apply
256 1774 24 18 to

358 1795 85 25 Waitt
458 1795 45 22 and
517 1795 85 21 Tyseu.

79 1834 141 27 Wellington,
233 1833 50 21 Oct.
294 1833 32 25 13,
338 1832 61 21 1843.

181 1879 120 25 Passage
316 1878 30 19 to
369 1875 125 21 London.

61 1919 19 11 -''
79 1917 6 9 /
86 1907 51 33 jrbSrf
138 1918 12 14 a
150 1929 9 11 n
200 1910 93 30 ~pHE
304 1912 62 24 Tyne,
378 1908 69 25 being
457 1907 72 22 under
538 1913 94 20 engage-

73 1930 105 36 JiSriSk
207 1930 30 31 X
276 1940 62 19 ment
357 1940 23 18 to
399 1934 51 23 load
468 1934 55 22 wool
542 1937 24 18 at
580 1933 54 22 Port

55 1957 138 38 <Sfg^O»
213 1964 90 28 Phillip,
319 1962 82 24 should
416 1961 146 22 inducement
571 1959 61 27 offer,

53 1986 145 39 ngj&HRJg
213 1992 40 21 she
270 1991 43 22 will
329 1990 45 22 call
388 1990 54 21 here
458 1995 29 14 on
496 1988 42 21 her
548 1994 48 20 way
610 1990 23 18 to

77 2058 42 22 For
133 2063 90 21 passage
235 2054 59 27 only,
306 2053 83 26 having
398 2051 98 28 superior
509 2056 126 16 aceommo*-

54 2085 88 25 dations,
153 2084 68 28 apply
231 2086 22 18 to
265 2081 94 28 Captain
369 2079 132 26 Robertson,
514 2085 25 15 or
547 2080 23 18 to

309 2115 114 21 Bethunb
438 2112 43 22 and
496 2112 110 21 Hunter.

79 2151 143 27 Wellington,
232 2149 89 26 August
331 2148 33 25 15,
378 2147 61 25 1843,

101 2197 52 20 For
167 2192 156 28 Wanganui
339 2192 56 21 and
408 2190 170 21 Manawatu.

212 2227 92 24 FTIHE
316 2226 47 22 fine
378 2226 45 22 fast
434 2224 80 25 sailing
528 2221 110 23 schooner

89 2256 92 25 msA.
219 2246 30 31 X
364 2251 162 24 ocean,

80 2275 117 39 nffiKhjjjSV
240 2281 76 22 Jame3
331 2281 114 26 Ferguson
459 2281 89 19 master.
571 2287 5 4 -

372 2364 84 23 Waitt
470 2362 45 23 and
528 2362 83 23 Ttser,

84 2395 94 22 October
186 2394 35 27 27,
233 2394 61 22 1843.

161 2441 54 20 For
235 2438 108 27 Sydney
356 2437 46 20 via
416 2435 115 24 Nelson,

61 2474 26 19 To
95 2474 39 19 sail
143 2472 112 26 positively
265 2477 28 14 on
307 2469 86 26 Sunday
402 2470 56 24 next,
470 2468 35 20 the
518 2467 52 21 29tA
580 2467 59 25 inst.,

112 2510 53 21 w_r
221 2504 91 27 rfIHE
326 2503 46 23 fine
388 2502 44 22 fast
442 2501 81 27 sailing
533 2500 109 22 schooner

94 2523 98 39 \SSlfcv
228 2523 30 31 X
353 2529 202 26 ORATAVA,

91 2562 9 17 l>
101 2551 112 39 TlB^3_fr'
280 2561 56 24 tons,
358 2557 62 23 John
440 2556 86 22 Adams
549 2557 92 24 master,

235 2586 45 22 will
289 2585 40 23 eail
339 2592 27 14 on
380 2583 90 28 Sunday
479 2586 63 19 next.

65 2612 154 39 |ggjjJjJ£g§P
263 2623 44 22 For
321 2621 85 28 freight
423 2627 24 15 or
462 2627 100 21 passage,
578 2618 65 28 apply

232 2653 22 19 to
265 2649 38 23 the
313 2649 87 23 Master
409 2655 30 14 on
448 2647 78 26 board,
538 2653 24 15 or
572 2649 25 18 to

320 2684 111 22 Richard
446 2681 88 26 Eagar,

421 2708 110 23 Lambton
543 2707 73 27 Quay.

87 2738 94 22 October
189 2740 35 25 24,
236 2739 60 21 1843.

220 2789 55 20 For
286 2787 88 21 China
387 2785 95 25 direct,

213 2823 93 23 rTIHE
327 2823 48 22 fine
399 2822 43 21 fast
462 2820 81 27 sailing
561 2820 85 27 barque

70 2862 143 38 /KWfcf|_k
227 2878 22 22 A
265 2879 19 26 1,
304 2874 40 25 i6OO
369 2879 56 23 tons,
444 2875 27 22 T.
492 2875 72 21 Grant
585 2881 60 14 com-

68 2898 146 37 MgpM|
227 2904 100 26 mander,
334 2903 47 22 will
388 2902 41 22 sail
438 2902 23 21 in
468 2901 30 22 all
504 2901 44 22 this
553 2900 79 23 month
639 2907 5 19 ;

227 2931 42 23 has
277 2931 106 21 first-rate
400 2928 204 22 accommodations
613 2926 35 23 for

221 2964 139 22 passengers.

88 2986 41 22 For
142 2985 83 28 freight
241 2992 25 14 or
273 2990 101 23 passage,
385 2982 68 28 apply
462 2985 24 18 to
499 2981 39 23 the
553 2981 95 27 Captain

64 3019 25 15 on
96 3013 79 26 board,
186 3019 25 15 or
220 3015 24 18 to

309 3037 22 23 J,
347 3036 124 22 Boulcott
484 3035 20 22 &
519 3035 47 25 Co.,

427 3068 111 22 Lambton
548 3067 72 27 Quay.

88 3099 127 25 Qctober.6,
228 3098 63 21 1843.
425 3125 43 6 __^

168 3144 43 21 On
225 3142 71 25 Sale,
311 3147 37 16 e_

67 3179 114 24 BAR
237 3176 129 23 IRON.

272 3231 134 26 RIDOW-AYS,
423 3229 108 26 GUITON,
547 3228 20 22 &
582 3227 39 22 Co.

91 3264 142 28 Wellington,
245 3263 96 22 October
348 3264 39 24 ,13,
399 3262 61 21 1843.

247 3310 42 21 To
303 3309 160 25 Surveyors.

68 3344 82 49 FOR
164 3344 87 26 SALE,
266 3351 14 14 a
295 3342 106 23 first-rate
421 3340 180 25 Circumferator,
617 3338 35 22 six

133 3371 78 24 inches
230 3371 24 21 in
273 3370 117 25 diameter,
411 3368 82 23 almost
508 3366 61 28 quite
584 3373 50 14 new
644 3373 5 19 ;

68 3397 42 23 also
119 3405 29 15 an
157 3398 113 24 excellent
277 3397 49 22 four
334 3395 135 29 pole.chain,
479 3394 50 22 that
534 3393 42 22 has
581 3399 71 16 never

68 3423 53 23 been
130 3425 23 21 in
162 3432 47 20 use,
220 3424 55 23 with
284 3424 57 27 pins,
354 3423 42 22 &c.

93 3451 72 28 Apply
173 3455 25 19 to
489 3474 8 7 ,
514 3474 23 3 „

323 3477 116 21 Bethune
453 3474 47 23 and
514 3474 110 22 Huntbr.

94 3505 94 24 October
197 3507 21 25 6,
229 3506 62 21 1843.

231 3550 90 21 Beach
338 3548 147 25 Frontage.

73 3583 61 48 TO
148 3584 38 22 BE
201 3584 67 27 LET,
282 3582 72 23 beach
362 3581 103 27 frontage
479 3579 45 22 lots
534 3578 24 22 in
568 3581 84 19 section

139 3613 41 20 490
189 3618 31 15 on
235 3611 38 21 the
280 3610 60 23 Plan
349 3608 28 23 of
384 3607 39 22 the
428 3606 72 23 Town
515 3606 26 21 of
547 3605 105 27 Welling-

72 3638 41 25 ton,
124 3637 115 28 adjoining
247 3638 45 21 Mr.
299 3635 91 24 Taine's
397 3636 70 24 store;
481 3632 46 22 and
536 3639 23 14 m
569 3634 83 19 section

72 3664 42 27 616,
121 3664 100 23 between
230 3664 75 28 Major
312 3661 93 24 Baker's
415 3659 45 24 and
467 3659 46 22 Mr.
521 3659 131 22 Swainson's

72 3688 83 26 houses.

97 3717 52 23 Also
159 3717 38 22 the
204 3714 261 30 followiog-Metions-on
474 3712 39 22 the
520 3711 56 23 Plan
585 3711 26 22 of
618 3711 34 22 the

74 3757 12 8 *
91 3750 54 22 own,
151 3745 70 21 •viz:—
221 3756 10 5 -
268 3759 3 4 •
489 3761 2 4 .
527 3758 2 7 

169 3777 27 21 55
293 3794 2 8 ,
325 3775 50 23 ,319
524 3770 42 22 922

157 3804 42 21 240
333 3801 42 25 718
513 3797 53 22 1079

97 3829 73 28 Apply
183 3832 24 20 to

245 3856 27 22 E.
287 3855 22 22 J.
324 3853 151 24 Wakefielb,
491 3857 26 15 or

244 3887 36 22 W.
295 3886 29 21 V.
338 3885 110 25 Brewer,
462 3882 190 23 Manners-street.

80 3930 82 24 TUST
174 3931 136 26 OPENED,
315 3929 46 23 and
371 3935 30 15 on
411 3927 51 23 Sale
472 3929 23 20 at
504 3925 39 23 the
553 3924 71 23 Office
635 3925 17 22 of

73 3951 25 28 tl
132 3958 44 22 thit
185 3959 79 26 Paper,
274 3958 40 22 int
321 3955 81 24 stands
409 3958 25 19 ot
443 3960 90 17 various
543 3957 68 18 size«.~

754 716 41 21 To
824 716 87 21 Cover
939 714 56 21 this
1023 714 113 24 Season,

805 750 33 20 At
847 750 85 25 Neu>ry,
944 748 64 21 River
1016 748 69 24 Hutt,

653 783 93 49 THE
773 783 51 22 well
851 783 81 21 known
966 780 177 28 thorough-bred
1176 780 63 23 horse

866 810 188 23 FIGARO,

653 837 39 21 the
701 839 104 26 property
816 837 26 21 of
849 837 25 21 F.
885 837 30 21 A.
926 835 151 27 Molesworth,
1089 835 52 27 Esq.

681 869 80 27 Figaro
772 876 45 14 was
826 868 75 22 foaled
910 868 22 21 in
944 867 127 22 December
1087 867 61 26 1837,
1158 869 40 24 got
1212 865 28 27 by

654 897 117 26 Operator,
783 895 53 22 dam
845 895 111 22 Adelaide
965 894 31 27 by
1006 893 122 23 Theorum.

682 930 108 28 Operator
799 937 46 15 was
854 928 75 24 foaled
939 929 23 21 in
973 930 61 25 1832,
1045 931 40 24 got
1098 928 31 26 by
1139 926 99 25 Emilius,

654 956 52 22 dam
717 957 123 21 Worthless
849 957 30 27 by
890 956 96 27 Walton,
997 959 40 18 out
1046 954 25 23 of
1082 954 122 22 Altisidora
1213 953 27 26 by

654 984 59 21 Dick
723 984 117 22 Andrews.
1043 992 7 7 '

683 1018 72 27 Every
767 1017 110 22 attention
893 1017 43 22 will
953 1017 30 21 be
997 1015 54 28 paid
1068 1018 21 19 to
1106 1022 80 18 mares,
1202 1013 40 22 but

655 1048 41 19 not
706 1044 146 23 accountable
862 1044 35 22 for
907 1043 119 23 accidents.

683 1079 94 28 Charge,
801 1079 53 22 with
882 1081 128 24 guarantee,
1040 1084 68 15 seven
1137 1076 103 27 guineas;

656 1106 99 27 without,
765 1113 44 15 nve
819 1105 102 28 guineas,
930 1112 122 20 groomage
1062 1103 111 23 included.

684 1138 57 22 N.B.
743 1149 29 4 —
772 1138 37 21 No
828 1145 62 14 mare
908 1137 43 22 will
968 1137 29 21 be
1015 1134 138 29 guaranteed
1170 1133 72 23 unleßs

656 1165 41 22 left
706 1164 59 23 until
774 1164 54 23 such
836 1164 55 22 time
901 1171 24 14 as
934 1163 54 28 they
995 1171 37 14 are
1042 1162 92 27 stinted,
1141 1161 24 21 of
1172 1159 71 23 which

657 1192 42 21 due
709 1191 74 22 notice
794 1191 45 22 will
848 1191 28 22 be
887 1191 73 27 given.
979 1205 4 3 ■
990 1191 76 21 Mares
1075 1192 24 18 to
1108 1189 29 21 be
1148 1187 52 28 paid
1209 1187 35 21 for

656 1218 78 23 before
744 1218 107 28 delivery.

687 1250 95 22 October
792 1250 34 26 27,
839 1251 61 20 1843.

780 1296 41 20 To
837 1296 88 20 Cover
940 1294 56 22 this
1010 1294 114 24 Season,

755 1330 33 20 At
823 1330 128 24 Herongate,
984 1329 66 20 River
1082 1328 66 23 Hutt,

660 1363 92 49 THE
770 1363 51 22 well
839 1363 83 21 known
940 1361 111 28 imported
1070 1358 176 30 thorough-bred

734 1390 66 22 horse
819 1391 120 24 MTHER,
959 1389 31 26 by
1008 1389 32 21 St.
1057 1387 97 26 Patrick,
1172 1389 40 19 out
1224 1385 25 22 of

660 1417 91 22 Pastille
757 1425 6 19 ;
780 1418 27 20 10
816 1417 94 27 guineas
920 1424 12 14 a
941 1423 69 15 mare.

687 1448 98 23 .Ether's
802 1449 81 27 racing
901 1448 102 28 qualities
1023 1454 38 15 are
1084 1446 50 22 well
1155 1445 89 27 known,

661 1476 83 27 having
754 1476 56 21 been
818 1476 86 21 several
915 1475 65 22 times
990 1482 13 14 a
1009 1474 86 21 winner
1102 1474 23 21 in
1134 1472 111 27 England,

661 1504 18 20 is
695 1503 76 22 fifteen
787 1503 72 22 hands
875 1502 62 22 three
955 1502 79 21 inches
1052 1500 63 27 high,
1135 1500 45 21 and
1195 1506 52 20 very

660 1530 131 21 handsome.

923 1563 62 19 ALSO,

690 1588 46 22 The
760 1587 112 28 imported
895 1585 178 28 thorough-bred
1090 1586 66 22 horse
1174 1586 74 20 RID-

661 1616 76 20 DLE
744 1617 53 19 SW
803 1617 42 19 OR
853 1616 53 25 TH,
916 1615 28 26 by
955 1613 109 27 Emelius,
1076 1617 39 18 out
1125 1613 25 21 of
1158 1612 91 22 Bee-ma-

662 1643 121 26 Bonnet,
800 1643 30 27 by
847 1641 129 27 Blacklock,
993 1643 39 19 out
1046 1640 27 22 of
1085 1639 98 27 Maniac,
1200 1640 47 26 &c,

662 1672 39 20 ten
711 1670 93 27 guineas
815 1676 13 15 a
835 1676 70 15 mare.

691 1703 163 22 Riddlesworth
863 1704 20 21 is
893 1710 13 14 a
916 1702 54 23 dark
979 1702 85 26 brown,
1076 1700 77 28 nearly
1165 1700 83 23 sixteen

662 1731 84 26 hands;
754 1730 53 22 with
816 1733 64 23 great
889 1736 79 21 power.

692 1763 58 21 N.B.
751 1774 26 3 —
781 1763 76 21 Mares
875 1761 125 27 remaining
1016 1761 57 22 after
1090 1760 75 22 notice
1183 1760 68 26 being

663 1789 67 28 given
736 1790 48 21 that
795 1789 53 27 they
856 1796 37 14 are
904 1787 88 25 stinted,
1005 1787 42 22 will
1059 1788 27 21 be
1096 1787 95 26 charged
1203 1787 42 21 five

664 1817 102 26 shillings
784 1824 14 14 a
817 1815 75 23 week-
915 1815 74 26 Every
1008 1815 109 21 attention
1133 1813 59 28 paid,
1212 1813 40 22 but

663 1847 41 19 not
714 1843 136 23 answerable
858 1842 37 22 for
905 1841 121 22 accidents.
1056 1841 75 28 Apply
1140 1844 23 18 to

984 1882 88 22 Henry
1087 1881 36 22 W.
1139 1881 84 22 Petre.

694 1919 137 27 Herongate,
844 1918 51 22 Oct.
906 1920 33 19 13.

918 1968 89 21 Seeds.

666 2005 51 47 A
732 2003 86 22 VERY
833 2001 157 23 SUPERIOR
1004 2000 45 22 and
1061 1998 101 22 valuable
1172 2000 80 20 assort-

746 2033 63 18 ment
824 2029 26 21 of
865 2028 61 22 fresh
943 2027 68 22 Seeds
1027 2027 47 26 just
1087 2025 111 27 received,
1216 2025 35 22 the

666 2057 48 22 first
730 2057 25 21 of
772 2064 13 14 a
800 2055 90 28 regular
905 2054 85 30 supply,
1000 2060 51 15 now
1068 2060 28 15 on
1114 2052 45 22 sale
1175 2056 23 18 at
1216 2052 36 21 the

668 2084 69 22 Office
756 2083 27 23 of
799 2083 44 21 this
862 2083 70 26 Paper
952 2081 29 26 by
997 2081 38 21 the
1056 2079 157 27 undersigned,
1228 2079 23 23 in

668 2110 120 29 quantities
797 2114 23 17 to
830 2109 43 21 suit
883 2108 131 28 purchasers
1022 2115 4 15 :
1029 2118 29 6 —

696 2145 54 21 Fine
761 2144 53 21 seed
822 2150 60 21 peas,
894 2149 66 15 seven
970 2141 110 26 varieties,

696 2172 43 21 Do.
769 2170 36 22 do.
835 2170 70 21 broad
914 2170 76 25 beans,
1002 2168 61 21 three
1073 2167 111 26 varieties,

697 2199 42 21 Do.
769 2198 36 21 do.
833 2197 66 21 horse
908 2196 77 26 beans,

697 2226 44 21 Do.
770 2224 34 22 do.
833 2223 81 22 scarlet
922 2229 93 15 runners
1025 2221 46 24 and
1080 2220 88 22 French
1177 2220 75 27 beans,

697 2252 43 22 Do.
770 2251 36 22 do.
836 2250 75 28 spring
920 2249 78 26 wheat,
1010 2252 67 22 tares,
1087 2248 47 22 and
1145 2252 53 22 oats,

698 2278 83 23 Round
791 2278 46 21 and
846 2276 85 29 prickly
937 2275 100 28 spinach,

699 2306 63 26 Long
772 2304 80 23 scarlet
861 2304 45 21 and
915 2303 75 27 turnip
998 2300 82 28 radish,

699 2332 114 26 lthubard,
825 2331 66 22 white
908 2330 45 23 and
968 2329 41 22 red
1025 2330 52 21 beet
1091 2328 46 21 and
1151 2327 105 27 mangold

671 2360 99 26 wuitzel,

699 2388 125 24 Carraway,
835 2384 48 23 Dill
892 2384 44 22 and
946 2384 92 26 Burnet,

700 2414 43 22 Sea
753 2413 54 26 cale,
819 2418 126 21 asparagus,
957 2413 80 23 carrot,
1049 2409 45 22 and
1106 2408 97 28 parsnip,

657 2441 1 28 |
700 2440 95 27 English
804 2440 52 21 leek
865 2440 46 20 and
921 2438 74 24 onion,
1007 2436 95 28 Spanish
1115 2436 35 21 do.

701 2466 123 29 Vegetable
841 2472 94 16 marrow
950 2464 45 23 and
1003 2464 56 26 long
1072 2463 87 28 prickly
1169 2469 89 15 cucum-

674 2495 46 25 ber,

702 2520 146 26 Cauliflower,
858 2519 87 26 endive,
956 2518 46 22 and
1014 2516 82 30 celery,

702 2548 119 27 Virginnia
838 2548 98 24 tobacco,
951 2545 153 27 mignionette,
1124 2543 45 23 and
1193 2545 66 19 sweet

676 2582 58 20 peas,

703 2602 38 22 All
752 2606 56 18 sorts
818 2601 26 21 of
851 2600 83 28 garden
946 2598 45 23 and
1000 2598 55 22 field
1064 2598 105 26 cabbage,

703 2629 44 22 Do.
858 2628 36 21 do.
977 2626 36 21 do.
1071 2624 80 28 turnip,

703 2656 40 22 All
752 2658 55 20 sorts
816 2655 26 21 of
848 2655 89 25 lettuce,
948 2652 71 28 salad,
1031 2650 147 33 andjbracoli,

703 2683 39 23 All
751 2686 58 18 sorts
819 2682 26 21 of
850 2682 75 27 lupins
934 2680 45 22 and
987 2680 152 24 nasturtiums,

704 2710 39 22 All
751 2713 59 19 sorts
819 2709 26 21 of
852 2711 69 19 sweet
930 2707 74 25 herbs,

706 2738 49 23 One.
764 2736 104 22 hundred
878 2735 77 23 choice
965 2733 90 22 varities
1068 2732 26 21 of
1106 2732 76 21 flower
1191 2730 70 26 seeds,

705 2765 21 21 A
737 2771 54 19 very
806 2762 103 23 valuable
927 2763 130 19 assortment
1073 2759 25 21 of
1111 2758 59 23 fresh
1188 2757 74 22 choice

677 2798 85 19 grasses
771 2791 36 21 for
815 2788 147 29 gentlemen's
976 2788 71 21 lawns
1063 2786 44 22 and
1122 2783 141 29 agricultural

678 2825 111 20 purposes,

706 2845 111 26 Cabbage,
847 2842 91 26 brocoli,
967 2840 107 27 rhubard,
1104 2846 73 20 onion,
1205 2840 58 24 leek,

678 2871 82 22 lettuce
770 2872 81 29 plants,
870 2871 48 25 &c,
929 2868 45 22 will
988 2875 54 15 soon
1052 2868 28 21 be
1089 2867 27 21 fit
1125 2870 21 18 to
1156 2866 28 21 be
1193 2868 71 19 trans-

678 2898 98 28 planted,
787 2897 73 23 raised
870 2897 57 21 from
934 2894 98 29 samples
1045 2894 26 22 of
1079 2894 64 21 these
1153 2892 70 23 seeds.

1092 2927 37 22 W.
1144 2927 93 22 Moodt.

708 2959 99 22 October
816 2960 20 25 6,
848 2958 63 21 1843.

680 2997 16 5 ~
866 3009 36 21 W.
918 3008 34 21 M.
967 3007 109 25 SMITH,

680 3057 57 15 LATE
749 3052 238 18 SURVEYOR-GENERAL
998 3052 28 14 TO
1038 3051 45 14 THE
1099 3051 50 14 MEW
1164 3049 103 16 ZEALAND

918 3078 114 19 COMPANY,

709 3115 143 23 Surveyor,
866 3111 214 26 Draughtsman,
1095 3109 55 20 and
1164 3108 76 21 Land

927 3138 101 25 Agent.

677 3174 182 28 Tinakori-road,
871 3174 101 27 January
984 3175 21 25 4,
1017 3174 63 21 1843.

815 3223 41 19 On
870 3221 71 24 Sale,
955 3226 37 15 ex

682 3254 181 53 WINDOW
878 3254 98 23 GLASS
990 3254 83 24 20+16
1083 3256 23 18 to
1118 3254 74 25 10+8,

780 3282 123 23 Leather—
903 3281 48 22 sole
961 3280 46 23 and
1021 3279 115 27 calf-skin,

711 3311 59 22 Boat
778 3310 97 22 anchors
884 3308 45 22 and
938 3307 87 27 chains,

711 3339 38 21 An
759 3339 133 21 astortment
901 3336 26 21 of
934 3334 160 27 hollow-ware,
1122 3353 2 4 .

713 3365 134 23 Glass-ware
849 3374 27 5 —
878 3362 133 28 comprising
1019 3360 62 29 plain
1091 3359 45 22 and
1145 3362 38 23 cut
1193 3359 78 22 dinner

683 3393 103 25 services,
804 3391 76 26 win.es,
896 3388 114 28 tumblers,
1028 3388 111 26 druggets
1153 3386 117 26 furniture,

684 3419 62 23 tfhow
754 3419 93 27 glasses,
856 3416 46 24 and
911 3416 64 27 vials,
987 3416 48 26 &c.

713 3447 75 21 White
798 3445 53 23 lead
859 3444 47 23 and
912 3443 65 23 «heet
986 3440 59 28 lead,

664 3471 2 35 j
712 3473 76 23 Prime
798 3471 60 24 Irish
867 3470 63 29 pork,
942 3470 53 27 split
1001 3476 62 21 peas,
1074 3468 41 23 &c.

948 3504 115 23 Bethune
1077 3501 45 24 and
1130 3501 115 28 .Hunter.

665 3527 1 25 i
682 3534 9 26 ',
714 3534 132 28 September
856 3533 94 27 1,1843.

683 3581 126 24 Country
823 3577 127 22 Sections
969 3576 44 21 for
1032 3575 61 22 Sale
1115 3579 36 16 on
1172 3572 50 22 Lib
1226 3576 49 17 era

932 3604 104 20 Terms.

689 3631 165 51 SEVERAL
889 3630 102 22 Sections
1017 3629 28 22 of
1075 3629 101 26 Couutry
1203 3624 71 27 Land,

747 3658 98 27 ■already
854 3656 82 24 chosen
946 3657 24 21 in
1028 3655 98 23 Porirua
1140 3652 91 28 district,
1241 3652 36 21 for

689 3686 58 27 Sale,
757 3692 76 15 terms
843 3691 105 15 liberal.
977 3683 79 28 Apply
1064 3685 23 19 to

782 3717 27 22 F.
824 3717 30 21 A.
865 3716 175 26 'Molesworth,
1057 3713 184 28 Murphy-strest,
1252 3717 25 15 or

783 3743 36 22 W.
835 3743 28 21 V.
871 3743 115 26 'Brewer,
995 3742 198 22 Mannera-atreet.

803 3793 43 21 On
858 3793 71 25 Sale,
940 3798 41 16 «x

695 3832 63 31 Kf|
782 3830 116 23 BOXES,
910 3830 96 22 assorted
1021 3828 145 27 TOJBACCO
1181 3825 94 27 PIPES,

690 3861 67 21 t#Vf
786 3859 43 21 100
842 3858 80 21 tierces
926 3869 3 15 ;
930 3856 124 26 American
1065 3854 60 28 beef,

747 3894 9 5 -
787 3886 29 22 20
830 3883 54 23 coils
890 3883 103 26 assorted
1001 3884 90 28 Europe
1101 3888 61 20 rope.
1193 3901 3 4 ,

1006 3916 91 23 Waixjt.
1103 3914 47 23 and
1161 3914 87 23 Tunst.

716 3951 148 27 Wellington,
871 3949 56 22 *)ot.
937 3948 115 28 10,1843..
1073 3953 3 11 >
1110 3971 5 5 .

1442 709 109 21 Public*
1553 708 131 22 Auction.

1272 744 92 49 MR.
1380 744 218 22 FITZHERBERT
1608 743 46 22 will
1662 742 40 23 seU
1711 742 31 28 by
1749 742 105 25 Auction,

1363 779 28 14 on
1406 770 103 27 Tuesday
1527 773 62 23 next,
1605 771 49 20 31st
1668 770 91 24 instant,
1775 771 24 18 at
1814 775 41 14 one

1271 797 95 28 o'clock,
1385 801 23 18 at
1426 796 33 23 his
1480 798 74 21 Stores
1572 803 14 14 a
1605 796 72 21 varied
1694 796 124 20 atsortment
1834 794 27 26 of

1273 826 73 25 Ooods,
1360 824 80 26 chiefly
1450 823 90 22 without
1549 829 97 15 reserve.

1300 852 46 22 For
1354 850 136 28 particulars,
1503 856 36 15 see
1548 849 120 22 handbills.

1299 883 98 23 October
1405 883 35 26 27,
1452 883 61 20 1843.

1272 930 51 47 A
1337 926 146 23 MEETING
1493 926 27 21 of
1525 925 38 22 the
1573 925 112 22 Creditors
1695 925 25 21 of
1728 925 93 22 Messrs.
1830 925 25 21 T.

1351 954 45 23 and
1415 954 22 21 S.
1447 953 70 26 Cook,
1528 952 46 22 will
1589 953 27 20 be
1633 952 52 21 held
1699 955 23 18 at
1737 951 37 22 the
1791 952 66 21 Com-

1271 982 92 23 mercial
1373 982 50 25 Inn,
1436 980 109 23 Lambton
1558 980 73 26 Quay,
1643 987 29 14 on
1682 979 102 27 Monday
1792 982 62 23 next,

1271 1012 24 19 at
1310 1011 26 20 12
1355 1007 92 27 o'clock,
1463 1011 24 18 to
1506 1007 88 22 declare
1612 1014 15 13 a
1645 1005 108 24 dividend
1771 1013 29 15 on
1819 1006 37 21 the

1272 1039 78 19 estate.

1427 1061 119 22 Abraham
1561 1060 77 27 Hort,
1655 1060 60 27 Jun.,
1723 1060 10 21 1

1429 1089 93 21 Robert
1537 1088 92 26 Waitt,
1723 1085 133 28 /Trustees.

1300 1121 141 26 Wellington,
1453 1120 50 21 Oct.
1513 1121 35 23 24,
1560 1120 61 21 1843.

1333 1167 54 20 For
1401 1166 69 25 Sale,
1485 1166 37 25 by
1535 1165 111 21 Private
1662 1165 140 24 Contract,

1276 1200 92 48 ONE
1396 1198 106 28 powerful
1528 1198 67 21 black
1624 1197 132 27 Clydesdale
1784 1197 71 27 horse,

1353 1227 37 21 An
1401 1225 109 22 excellent
1520 1224 95 27 draught
1623 1224 73 27 horse.

1303 1254 49 20 One
1361 1254 75 20 brown
1445 1252 48 26 cob,
1504 1251 85 22 broken
1599 1251 35 22 for
1643 1250 77 23 saddle
1731 1258 25 14 or
1765 1251 45 27 gig,

1304 1280 49 21 One
1361 1280 56 21 road
1427 1279 70 22 entire
1506 1279 74 25 horse,
1591 1278 85 21 broken
1682 1278 37 21 for
1727 1278 38 21 the
1772 1278 85 26 saddle,

1304 1307 49 21 One
1363 1307 56 26 light
1427 1313 54 20 grey
1489 1306 72 26 horse,
1572 1304 85 22 broken
1673 1304 34 23 for
1725 1305 37 21 the
1773 1304 84 28 saddle,

1272 1334 48 23 .and
1330 1334 77 26 nearly
1415 1331 185 28 thorough-bred.

1304 1360 75 28 Apply
1386 1363 24 18 to
1427 1360 87 26 George
1530 1358 28 22 R.
1569 1358 79 26 Hurst,
1665 1360 23 19 at
1702 1357 39 22 the
1756 1358 65 21 Store
1838 1358 24 21 of

1276 1386 37 22 the
1322 1386 156 28 undersigned.

1333 1420 102 28 (Signed)
1490 1419 134 25 Ridgways,
1640 1418 107 27 Guyton,
1758 1418 20 22 &
1793 1418 40 22 Co.

1304 1454 143 27 Wellington,
1457 1452 51 22 Oct.
1518 1453 34 25 10,
1563 1452 62 21 1843.

1476 1505 44 20 Ex

1279 1541 73 48 ON
1368 1539 76 23 SALE
1458 1539 30 26 by
1502 1537 37 23 the
1554 1537 152 27 undersigned
1707 1548 27 5 —

1358 1566 83 23 Hunt's
1450 1565 98 28 superior
1559 1565 37 21 old
1605 1568 52 24 port
1666 1565 61 27 wine,
1744 1564 85 22 bottled
1838 1565 23 21 in

1281 1595 92 27 Oporto,

1307 1621 104 26 Hosiery,
1419 1619 56 27 lace,
1487 1618 45 22 and
1541 1618 95 27 netting,

1308 1648 162 25 Earthenware,
1483 1645 49 22 well
1542 1642 107 29 assorted,

1307 1675 124 26 Champion
1441 1674 18 21 &
1471 1673 59 21 Co.'s
1539 1673 94 26 vinegar
1641 1673 24 21 in
1674 1672 51 22 half
1731 1672 131 27 hogsheads.

1659 1706 88 22 Willis
1761 1706 21 22 &
1796 1706 38 21 Co.

1309 1742 143 27 Wellington,
1463 1741 89 26 August
1561 1741 35 24 14,
1607 1741 60 20 1843.

1390 1788 41 19 On
1445 1786 69 24 Sale,
1529 1791 36 15 ex

1283 1819 65 19 OK
1380 1817 112 23 CHESTS
1521 1817 204 22 GUNPOWDER
1752 1816 69 27 TEA,

1283 1843 68 23 All
1406 1847 12 19 5
1434 1850 49 16 tons
1492 1844 45 22 line

1407 1875 13 19 2
1435 1875 49 19 tons
1496 1871 87 26 Bengal
1593 1870 52 27 rice,

1410 1899 90 26 Ginger,
1511 1904 89 21 pepper,
1612 1898 41 20 &c.

1541 1935 116 21 Bethune
1672 1934 42 22 aad
1728 1934 109 22 Huntek.

1309 1963 144 28 Wellington,
1464 1962 90 27 August
1566 1962 34 26 15,
1611 1962 61 32 184^.
1851 1984 27 7 __

1506 2011 54 20 For
1574 2010 70 23 Sale,

1285 2047 91 49 THE
1391 2044 142 24 COTTAGE
1547 2043 95 22 situated
1654 2043 22 22 in
1694 2043 99 22 Oriental
1810 2040 57 30 Bay,

1358 2073 45 22 and
1415 2071 69 28 lately
1493 2071 107 26 occupied
1614 2071 30 26 by
1654 2071 38 21 the
1707 2070 159 26 undersigned.

1284 2101 22 22 A
1320 2100 53 27 long
1390 2099 58 22 lease
1466 2098 26 21 of
1509 2097 37 21 the
1561 2097 84 21 section
1661 2104 56 20 upon
1738 2096 72 22 which
1830 2096 36 21 the

1284 2127 69 21 house
1363 2126 74 22 stands
1447 2125 43 21 will
1499 2125 28 21 be
1535 2123 103 28 granted.

1310 2154 69 21 Town
1388 2152 53 22 land
1451 2151 44 22 will
1504 2151 27 21 be
1540 2150 68 22 taken
1617 2151 24 20 in
1652 2150 120 27 exchange.

1312 2181 43 21 For
1363 2179 83 23 further
1453 2177 136 29 particulars,
1601 2177 67 26 apply
1677 2181 22 17 to
1882 2176 1 25 i

1604 2210 96 22 George
1714 2210 89 26 Duppa,
1818 2217 23 14 or

1605 2237 34 21 W.
1656 2237 28 21 V.
1699 2237 101 21 Brewer

1288 2286 72 49 ON
1375 2285 83 26 SALE,
1469 2291 30 14 ex
1507 2284 99 20 Deborah
1615 2283 57 21 from
1683 2282 146 26 Launeeston,
1839 2281 29 27 by

1365 2313 37 21 the
1412 2311 147 26 undersigned
1559 2322 28 3 —

1342 2347 40 21 500
1396 2345 87 22 bushels
1493 2348 54 23 oats,

1342 2375 41 20 200
1396 2372 89 22 bushels
1493 2371 94 27 English
1596 2370 84 27 barley,

1342 2402 40 20 380
1396 2399 90 22 bushels
1495 2398 79 27 wheat,

1343 2428 41 21 230
1396 2425 91 23 bushels
1495 2425 63 27 malt,

1344 2454 72 26 Flour,
1428 2453 40 25 ale,
1751 2476 3 4 .
1885 2450 1 28 |

1343 2484 15 19 2
1372 2481 71 27 drays,
1455 2482 10 19 1
1476 2478 89 29 plough,
1576 2478 69 28 yokes
1655 2477 43 22 and
1707 2476 84 27 chains,
1803 2477 39 20 &c.

1629 2512 22 20 J.
1667 2511 32 21 M.
1714 2511 102 25 Taylor,

1318 2541 129 28 September
1456 2542 32 24 12,
1501 2540 60 21 1843.

1412 2596 41 21 On
1467 2595 70 24 Sale,
1547 2594 44 20 Ex

1293 2630 126 48 PRIME
1435 2635 56 16 mess
1500 2626 63 28 pork,
1573 2626 86 21 barrels
1669 2625 42 22 and
1720 2624 52 22 half
1779 2624 92 21 barrels.

1351 2657 76 21 Butter
1436 2656 22 21 in
1468 2654 85 26 firkins,
1563 2652 64 23 made
1637 2652 24 22 in
1671 2653 60 25 May,
1744 2652 60 25 1843,

1292 2684 72 22 Dried
1382 2682 101 26 oatmeal,
1507 2680 82 22 double
1613 2679 109 22 barrelled
1744 2677 129 29 percussion

1346 2717 62 20 guns,
1887 2713 1 12 '

1293 2738 87 21 Roman
1391 2738 88 20 cement
1488 2736 23 20 in
1521 2732 138 29 puncheonß,
1670 2732 90 26 barrels,
1774 2731 45 22 and
1828 2731 50 22 half

1347 2764 91 26 barrels,

1294 2790 86 22 Plaster
1390 2791 67 25 Paris,
1468 2787 132 24 Rotterdam
1611 2788 92 21 Geneva
1713 2786 23 21 in
1747 2792 68 19 cases,

1295 2818 82 21 Choice
1395 2818 65 22 wines
1481 2816 23 26 (a
1521 2815 44 22 few
1580 2816 80 24 cases,)
1680 2812 85 23 bottled
1781 2812 34 21 ale
1832 2811 44 22 and

1349 2847 81 25 porter,

1295 2871 94 21 Refined
1399 2877 70 20 sugar,
1481 2868 106 23 Blankets
1597 2867 45 22 and
1652 2866 111 27 druggets,

1296 2898 65 21 Nails
1371 2898 29 21 all
1410 2898 60 25 sizes,
1482 2895 65 22 black
1558 2894 44 22 and
1612 2894 55 21 drab
1676 2894 81 21 beaver
1767 2892 55 27 hats,

1296 2925 73 27 Paper
1377 2924 115 26 hangings,
1504 2921 81 23 British
1595 2920 67 28 plate,

1296 2952 117 25 Tin-ware,
1424 2950 88 22 kitchen
1523 2955 87 19 ranges,
1619 2947 92 27 register
1717 2949 79 24 grates,

1298 2979 84 25 Stoves,
1393 2985 74 19 ovens,
1478 2976 75 26 frying
1562 2981 62 20 pans,
1634 2981 141 19 campovens,
1782 2972 96 27 fenders,

1299 3005 135 25 Casements,
1453 3002 169 26 window-glass,
1641 3000 67 27 deals,
1725 2999 95 28 squared
1834 2999 46 26 flag

1353 3035 81 17 stones.

1299 3058 71 22 Slates
1379 3058 43 21 and
1432 3056 81 27 sundry
1524 3054 87 28 surplus
1620 3057 77 23 stores,

1478 3088 133 25 Ridoways,
1628 3086 107 25 Guyton,
1752 3092 44 14 and
1812 3084 39 21 Co.

1326 3121 129 29 September
1462 3120 34 26 15,
1508 3120 61 20 1842.

1407 3173 41 20 On
1461 3170 70 24 Sale,
1546 3175 36 15 ex

1301 3206 132 49 HAMS,
1441 3204 86 22 bottled
1536 3204 60 24 beer,
1607 3202 76 26 coffee,
1694 3200 91 29 pickles,

1387 3232 58 22 Steel
1454 3239 55 21 pens
1518 3230 47 22 and
1573 3228 98 26 holders,

1328 3260 96 22 Manilla
1431 3266 60 19 rope,
1487 3264 10 9 s

1328 3286 114 27 Superfine
1451 3286 63 24 flour,
1525 3283 68 27 cider,
1603 3282 93 27 brandy,

1328 3313 103 23 Mustard
1435 3312 49 26 .and
1493 3310 81 27 starch,
1585 3317 62 19 soap,

1329 3340 109 26 Oatmeal,
1446 3340 61 22 linen
1518 3336 109 28 sheeting,

1329 3367 113 26 Blankets,
1452 3365 90 27 Turkey
1551 3364 49 26 figs,

1329 3393 89 27 Cheese,
1429 3395 86 20 mutton
1524 3390 72 27 hams,

1330 3421 45 27 Kip
1384 3420 46 22 and
1438 3419 45 23 sole
1492 3417 94 27 leather,
1672 3439 5 9 J

1330 3447 101 23 Colonial
1437 3446 56 26 beef,
1500 3452 30 15 ox
1537 3447 102 24 tongues,
1645 3450 83 16 raisins,
1732 3443 45 22 and
1784 3445 101 20 currants

1330 3475 114 27 Whiskey,
1454 3479 93 20 oranges
1556 3471 45 22 and
1610 3470 94 26 lemons,
1712 3471 41 22 &c.

1518 3504 134 25 RIDOWAfB,
1664 3503 106 26 GtJTTON,
1782 3502 25 22 ■&
1820 3501 38 22 Co.

1331 3534 98 22 October
1437 3534 20 25 3,
1464 3533 22 21 J.
1486 3533 44 21 843.

1426 3583 52 21 For
1492 3581 71 25 Sale,
1577 3586 38 17 ex
1630 3581 17 13 **

1307 3614 253 53 RUTHERFORD,
1602 3613 117 26 DRURY,
1760 3612 22 22 &
1815 3610 72 22 CO.'S

1384 3642 98 32 superior
1490 3642 77 25 wines,
1577 3641 37 21 viz
1622 3649 5 14 :
1630 3651 29 5 —

1333 3671 59 26 Port,
1401 3670 84 26 sherry,
1495 3668 45 22 and
1556 3667 104 22 Madeira
1668 3667 24 21 in
1701 3665 77 26 bottle,

1333 3696 54 23 Pale
1393 3696 48 23 and
1450 3696 76 22 brown
1533 3694 80 27 sherry
1622 3695 24 22 in
1657 3693 71 26 wood,

1333 3724 54 21 Port
1395 3724 24 21 in
1430 3722 69 27 wood,

1302 3764 4 4 -
1334 3750 103 23 Madeira
1443 3749 25 22 in
1478 3748 71 27 wood,

1335 3776 137 28 Hennesßy's
1480 3781 87 21 cognac
1574 3774 26 21 in
1609 3773 71 27 wood,
1709 3782 3 5 '

1334 3804 46 22 Old
1387 3803 51 28 pale
1447 3802 69 24 bottle
1526 3801 96 27 brandy.

1620 3833 82 21 Waitt
1716 3830 46 23 and

1334 3868 142 27 Wellington,
1481 3865 137 28 .September
1628 3865 33 26 19,
1671 3864 61 22 1845.

1309 3912 174 31 CHARTER
1491 3910 176 27 PARTIES,for
1675 3907 46 25 sale
1730 3910 66 21 attne
1806 3907 86 21 Gazrtte

1309 3941 42 24 V>»
1366 3940 84 32 Office.,

1942 703 156 23 SOUTH
2131 704 84 22 SEA
2243 703 165 27 HOTEL,

2156 737 33 16 JBY

2025 763 139 20 GEORGE
2193 762 133 25 YOUNG,

1923 795 218 27 WELLINGTON,
2171 796 73 21 NEW
2270 796 159 23 ZEALAND.

1915 851 74 21 Choice
2012 850 76 22 Wines,
2111 850 85 25 Spirits,
2217 850 42 21 and
2276 850 57 21 Malt
2351 850 88 26 Liquor*

2055 877 112 20 WhoUsale
2176 877 43 20 and
2226 876 76 22 Retail.

1888 911 146 17 COMMODIOUS
2057 911 104 16 PRIVATE.
2178 910 74 15 ROOMS
2281 911 44 14 FOR
2352 909 114 16 FAMILIES.

1951 931 72 21 Board
2034 930 44 22 and
2089 930 102 26 Lodging
2201 930 32 23 £1
2245 930 32 22 ss.
2287 937 40 20 per
2335 928 68 23 week.

1888 958 100 24 TABLE
2003 957 117 22 D'HOTE
2133 956 100 22 DAILY
2248 956 42 24 AT
2304 958 14 20 2
2332 955 137 23 O'CLOCK.

1921 984 124 22 Harmonic
2055 984 110 26 Meetings
2175 991 67 19 every
2249 983 102 27 Monday
2361 982 70 28 night.

1991 1019 14 14 A
2020 1018 60 15 GOOD
2095 1017 44 15 DRY
2156 1017 97 15 SKITTLE
2267 1017 101 15 GROUND.

1888 1044 22 3 ~
2033 1056 33 22 H.
2096 1055 232 26 HARDEMAN,

1911 1084 92 22 Tailor
2020 1083 56 21 and
2089 1083 111 25 Draper,
2215 1082 231 28 liambton-guay.

2050 1135 112 29 Superfine
2172 1137 73 26 Coats,
2255 1135 59 22 from
2328 1135 35 24 £3
2375 1136 15 20 0
2402 1136 15 20 0

1888 1163 113 29 Superfine
2012 1163 99 22 Doeskin
2121 1163 117 26 Trowsers,
2255 1163 58 21 from
2328 1161 61 25 £15
2401 1162 15 20 0

1915 1199 62 14 MADE
1987 1198 28 14 TO
2026 1198 105 14 MEASURE
2132 1201 26 4 —
2160 1197 43 14 FOR
2212 1196 58 15 CASH
2281 1196 30 14 ON
2321 1194 122 16 DELIVERY.
2453 1196 6 2 '

1911 1235 149 26 Seminary,
2075 1235 135 26 Ingestrie
2225 1234 96 24 Street,
2336 1233 38 20 Te
2384 1233 64 20 Aro.

1891 1269 104 49 MRS.
2013 1267 136 23 EDWARD
2164 1266 112 24 YOUN.G
2289 1267 56 26 begs
2353 1269 23 18 to
2384 1271 87 21 express

1980 1295 40 21 her
2029 1295 81 21 thanks
2119 1298 21 18 to
2149 1293 42 23 her
2200 1293 85 23 friends
2295 1293 45 22 and
2349 1292 42 26 the^
2396 1292 75 28 public

1890 1321 113 29 generally
2013 1321 35 22 for
2057 1321 59 21 their
2123 1320 78 22 liberal
2212 1323 95 24 support,
2313 1319 44 22 and
2363 1323 23 17 to
2389 1318 84 22 inform

1890 1350 61 22 them
1961 1347 49 23 that
2018 1348 41 22 her
2067 1347 75 22 school
2157 1347 18 21 is
2186 1354 58 20 open
2252 1347 36 21 for
2297 1346 38 22 the
2347 1344 124 29 inspection

1890 1375 26 23 of
1922 1375 87 21 visitors
2019 1382 67 19 every
2096 1373 101 27 Monday
2207 1373 124 23 afternoon.
2373 1370 3 7 '
2395 1396 3 4 ,

1919 1402 54 22 Mrs.
1998 1401 26 21 E.
2048 1401 80 26 Young
2150 1400 45 22 will
2219 1407 59 20 open
2299 1400 41 21 her
2361 1398 110 23 Dancing

1892 1430 115 22 Academy
2023 1434 30 16 on
2069 1427 108 28 Saturday
2187 1426 103 28 Evening
2302 1428 63 24 next,
2374 1424 99 24 Novem-

1892 1457 40 21 ber
1945 1456 21 21 4.
1999 1455 86 26 Terms,
2107 1455 42 21 10s.
2168 1460 40 22 per
2226 1456 96 25 quarter,
2342 1450 93 31 payable
2448 1451 25 22 in

1892 1482 106 23 advance.

1920 1516 97 21 October
2026 1514 34 27 27,
2071 1516 61 20 1843.

1947 1561 101 22 Messrs.
2073 1560 154 22 HOLROYD
2252 1567 47 14 and
2325 1558 94 26 HART,

2054 1594 128 21 Notaries
2205 1593 108 25 Public,

1981 1635 38 14 TE
2048 1634 73 18 ARO,
2149 1631 241 17 WELLINGTON.

1921 1660 131 27 September
2060 1660 21 25 4,
2092 1659 61 21 1843.

2048 1703 169 27 Wellington
2231 1702 87 21 Band.

1895 1739 94 31 rpHE
1999 1737 152 23 MEMBERS
2167 1736 26 22 of
2204 1735 37 23 the
2257 1735 137 27 Wellington
2410 1734 64 22 Band

1902 1758 30 31 X
1954 1765 75 22 intend
2040 1765 34 21 for
2083 1764 38 22 the
2130 1770 92 25 purpose
2233 1762 26 22 of
2264 1761 83 28 raising
2358 1768 13 15 a
2380 1760 65 23 Fund
2453 1764 24 18 to

1894 1792 106 30 purchase
2012 1799 13 14 a
2041 1791 42 21 few
2098 1797 61 15 more
2175 1791 152 24 instruments,
2344 1791 23 18 to
2381 1788 50 27 give
2448 1795 30 13 an

1895 1820 172 23 entertainment
2078 1817 34 22 for
2122 1816 36 22 the
2166 1816 101 27 juvenile
2281 1815 110 22 branches
2400 1814 26 22 of
2438 1814 39 21 the

1896 1845 145 27 community,
2048 1852 30 14 on
2086 1845 110 21 Tuesday
2205 1843 96 26 evening
2309 1845 61 23 next,
2382 1841 98 22 October

1895 1875 34 22 31.
1958 1874 33 26 By
1999 1871 133 28 permission
2141 1871 26 21 of
2173 1870 38 22 the
2222 1869 109 22 Brethren
2343 1869 24 21 of
2373 1868 38 22 the
2421 1866 58 24 New-

1897 1900 99 23 Zealand
2010 1899 83 21 Pacific
2109 1897 84 26 Lodge,
2204 1897 37 21 the
2256 1895 169 33 performances'
2435 1894 51 22 will

1896 1927 51 22 take
1958 1927 62 26 place
2031 1926 24 21 in
2066 1925 37 21 the
2114 1924 55 21 New
2179 1923 102 23 Masonic
2292 1920 61 28 Hall,
2365 1921 115 27 adjoining

1897 1953 106 23 Barrett's
2022 1951 85 26 Hotel;
2126 1950 46 22 and
2188 1950 45 21 will
2250 1949 84 22 consist
2349 1948 25 22 of
2391 1948 34 22 for
2441 1947 39 22 the

1875 1983 4 6 '
1897 1981 48 21 first
1959 1980 54 20 time
2029 1979 23 21 in
2067 1977 55 22 New
2139 1976 100 22 Zealand
2252 1975 83 22 Punch
2351 1982 45 14 and
2408 1974 72 26 Judy,

1875 2001 3 4 '
1898 2007 137 24 Fantocini,
2052 2003 44 22 and
2113 2003 101 21 Optical
2230 2002 124 22 Illusions
2371 2001 55 23 from
2440 2002 39 20 the

1897 2032 73 28 grand
1980 2032 155 21 Argoscobia.
2163 2027 22 24 A
2196 2029 86 26 variety
2297 2028 26 21 of
2333 2027 70 22 musis
2415 2027 66 22 vocal

1899 2059 43 23 and
1951 2055 156 24 instrumental
2107 2067 26 4 —
2135 2055 63 27 solos,
2210 2055 80 27 duetts,
2302 2054 95 27 catches,
2407 2053 73 27 grand

1898 2085 93 25 niarchs,
2002 2084 46 22 and
2062 2083 94 21 waltzes.

1912 2122 3 5 •
1927 2111 127 22 Admission
2066 2112 29 19 Is.
2106 2109 35 21 6d.
2153 2108 63 22 each.
2241 2107 107 22 Children
2356 2107 124 28 half-price.

1900 2137 87 25 Double
1998 2137 80 23 tickets
2088 2137 34 21 for
2138 2136 99 21 children
2252 2137 31 19 Is.
2311 2134 89 22 Tickets
2415 2138 22 17 to
2451 2134 29 21 be

1899 2166 43 22 had
1954 2169 21 17 at
1985 2164 106 22 Barrett's
2102 2162 68 22 Hotel
2180 2162 45 21 and
2234 2161 39 21 the
2285 2162 86 20 Gazette
2382 2161 76 21 Office.

1928 2191 155 23 Performance
2092 2192 23 18 to
2126 2195 127 16 commence
2264 2191 24 18 at
2297 2188 14 22 7
2321 2188 91 22 o'clock.

1927 2219 70 21 Doors
2008 2225 56 19 open
2076 2219 23 19 at
2108 2217 12 25 j
2129 2219 49 24 past
2187 2217 14 20 6
2212 2215 93 22 o'clock.

2061 2261 157 23 SHERIFF'S
2233 2261 87 21 SALE.
2349 2268 5 5 -

2007 2291 35 20 In
2060 2289 46 21 the
2130 2289 127 26 Supreme
2282 2288 92 20 Court.

1902 2325 101 23 Between
2015 2323 75 22 James
2100 2322 80 27 Watt,
2191 2322 112 24 Plaintiff;
2318 2320 45 23 and
2372 2320 111 23 William

2008 2351 103 21 Stevens
2125 2349 102 26 Butler,
2241 2348 128 26 Defendant.

1902 2385 69 51 BY
1986 2384 72 23 virtue
2073 2384 26 21 of
2115 2391 13 14 a
2142 2383 59 21 Writ
2215 2383 26 21 of
2257 2382 125 22 Execution
2398 2381 89 27 against

1984 2411 38 22 the
2043 2410 75 23 Goods
2134 2410 43 21 and
2197 2409 100 22 Chattels
2316 2409 26 22 of
2358 2409 37 21 the
2414 2408 72 22 abovo

1902 2438 82 24 named
1999 2438 136 25 Defendant,
2146 2436 37 22 the
2194 2436 85 22 Sheriff
2289 2436 46 22 will
2346 2442 64 15 cause
2421 2438 22 19 to
2457 2435 29 21 be

1902 2466 49 23 sold
1968 2466 30 26 by
2019 2464 77 22 Public
2113 2464 104 26 Auction,
2235 2463 93 22 without
2346 2469 95 20 reserve,
2457 2469 30 14 on

1904 2492 116 27 Saturday,
2031 2492 38 21 the
2079 2490 52 23 28th
2140 2490 43 27 day
2194 2491 25 20 of
2230 2490 100 21 October
2339 2492 61 24 next,
2410 2492 24 18 at
2443 2495 44 15 one

1904 2519 85 23 o'clock
2008 2518 109 28 precisely
2136 2517 85 27 (unless
2243 2517 44 21 this
2311 2516 125 21 Execution
2458 2515 29 22 be

1902 2546 125 29 previously
2041 2544 96 28 stayed,),
2154 2551 30 14 on
2200 2543 38 22 the
2252 2543 109 27 premises
2379 2543 22 21 in
2415 2542 73 22 Willis

1904 2575 76 24 Street,
1991 2573 33 21 Te
2040 2572 52 26 Aro,
2103 2578 13 14 a
2131 2570 103 28 quantity
2251 2570 27 21 of
2289 2570 88 21 various
2394 2572 55 19 sorts
2464 2569 27 21 of

1904 2600 120 25 Medicine,
2050 2597 130 22 Household
2199 2597 127 24 Furniture^
2344 2595 80 27 Books,
2444 2596 42 26 &c,

1903 2627 53 22 with
1966 2626 37 21 the
2017 2626 94 21 interest
2121 2624 25 21 of
2158 2624 38 21 the
2212 2623 49 21 said
2278 2623 99 21 William
2392 2623 94 21 Stevens

1904 2654 76 23 Butler
1996 2653 24 21 in
2040 2659 13 14 a
2071 2650 199 27 Dwelling-house,
2291 2649 133 27 Out-house,
2440 2649 48 22 and

1904 2680 97 23 Garden.

2025 2711 34 25 By
2066 2710 71 26 order,
2193 2709 88 21 Henry
2297 2708 37 22 St.
2351 2708 67 26 Hill,

2372 2734 87 23 Sheriff.

1933 2766 145 27 Wellington,
2089 2764 95 22 October
2193 2764 34 25 24,
2240 2764 60 20 1843.

1907 2798 3 6 '
2068 2809 158 23 SHERIFF'S
2241 2807 86 23 SALE.

2015 2845 35 21 In
2069 2844 45 20 the
2139 2843 128 25 Supreme
2292 2840 93 21 Court.

1909 2878 104 21 Between
2044 2875 111 22 William
2180 2873 100 26 Galpin,
2304 2871 113 27 Plaintiff.-
2445 2871 45 22 and

1968 2904 89 22 Firmin
2072 2902 91 22 Victor
2177 2900 107 26 Martin,
2299 2899 120 26 Defendant
2424 2908 7 11 :

1911 2939 104 21 Between
2027 2938 65 21 Eden
2107 2936 85 21 Bowle
2221 2934 114 25 Plaintiff;
2350 2933 45 22 and
2403 2933 91 22 Firmin

1992 2965 91 21 Victor
2098 2963 106 24 Martin,
2219 2961 121 23 Defendant
2346 2969 7 12 :
2368 2960 44 22 and

1911 2993 104 21 Between
2026 2991 66 21 Eden
2107 2990 106 24 Bowler,
2224 2989 113 24 Plaintiff;
2352 2987 43 22 and
2405 2986 90 22 Firmih

1940 3019 89 21 Victor
2045 3017 104 24 Martin,
2167 3014 88 28 trading
2270 3015 74 22 under
2357 3014 37 21 the
2407 3013 50 22 firm
2472 3012 28 22 of

1939 3046 24 21 F.
1974 3045 27 21 V.
2013 3044 84 22 Martin
2108 3043 20 21 &
2137 3043 47 25 Co.,
2195 3043 133 25 Defendant:
2342 3040 45 23 and

1912 3073 103 21 Between
2024 3071 98 22 Thomas
2133 3069 81 22 Milne
2225 3070 149 24 Machattie,
2384 3066 110 26 Plaintiff;

1974 3099 88 21 Firmin
2079 3096 90 22 Victor
2184 3096 106 26 Martin,
2304 3094 126 26 Defendant.

1911 3131 70 50 BY
1990 3131 72 21 virtue
2073 3128 25 22 of
2104 3127 50 22 four
2163 3127 85 23 several
2257 3127 70 22 Writs
2337 3127 25 21 of
2368 3125 126 23 Execution

1987 3157 88 28 against
2091 3155 38 21 the
2148 3154 76 22 Goods
2242 3154 46 22 and
2303 3152 97 24 Chattels
2415 3152 26 22 of
2454 3152 39 22 the

1911 3186 70 21 above
1989 3183 82 24 named
2086 3181 134 27 Defendant,
2231 3181 38 22 the
2285 3180 84 22 Sheriff
2374 3179 43 23 will
2426 3186 68 16 cause

1913 3216 22 18 to
1946 3212 25 22 be
1980 3211 49 22 sold
2048 3211 30 25 by
2088 3208 77 23 Public
2180 3208 105 27 Auction,
2295 3207 92 22 without
2400 3213 95 20 reserare,

1913 3247 29 14 on
1958 3237 150 26 Wednesday,
2119 3235 35 22 the
2170 3236 33 20 Ist
2212 3235 43 27 day
2265 3234 27 21 of
2297 3233 127 23 November
2433 3238 64 23 next,

1913 3270 23 18 at
1947 3273 40 14 one
1997 3263 86 24 o'clock
2091 3261 109 30 precisely
2209 3261 84 26 (unless
2299 3259 63 23 these
2367 3260 132 23 executions

1913 3294 29 21 be
1959 3290 127 30 previously
2105 3289 95 26 stayed),
2219 3291 23 18 at
2260 3287 38 21 the
2320 3287 130 27 Exchange,
2466 3287 33 23 Te

1917 3320 51 26 Aro,
1979 3319 29 22 all
2018 3318 38 21 the
2066 3312 122 31 unexpired
2198 3317 55 19 term
2264 3313 46 23 and
2319 3314 91 22 interest
2419 3314 26 21 of
2451 3313 48 23 and

1913 3348 24 21 in
1947 3346 37 23 the
2000 3345 55 22 land
2069 3343 45 23 and
2128 3341 105 28 premises
2241 3340 26 22 of
2280 3340 38 22 the
2333 3341 70 21 above
2415 3345 86 19 named

1914 3372 138 26 Defendant,
2060 3368 93 24 situated
2163 3371 22 18 at
2191 3367 77 27 Ohiro,
2274 3367 84 23 known
2366 3374 24 16 as
2395 3367 106 23 Martin's

1915 3401 72 25 Farm,
2080 3395 38 23 the
2133 3394 101 27 suburbs,
2245 3394 125 23 numbered
2387 3396 25 21 12
2421 3402 30 16 on
2461 3395 40 23 the

1916 3427 54 22 Plan
1980 3426 26 21 of
2018 3425 38 21 the
2066 3421 92 24 District
2174 3421 26 21 of
2211 3420 71 25 Ohiro
2299 3421 26 22 of
2335 3421 39 23 the
2389 3421 113 29 Principal

1916 3455 110 25 Surveyor
2031 3451 27 21 of
2063 3450 37 22 the
2111 3449 55 21 New
2175 3447 101 23 Zealand
2286 3449 121 28 Company.

2022 3478 35 26 By
2067 3475 70 27 order,
2194 3474 87 23 Henry
2296 3476 37 22 St.
2347 3475 70 28 Hill,

2387 3503 85 24 Sheriff.

1941 3531 145 26 Wellington,
2097 3529 96 22 October
2201 3530 35 25 24,
2248 3530 60 22 1843.

1944 3576 120 23 ROYAL
2090 3574 177 23 VICTORIA
2294 3574 177 26 THEATRE,

2043 3609 110 15 MANNERS
2167 3609 95 19 STREET,
2278 3609 28 15 TE
2320 3609 54 15 ARO.

1918 3630 92 51 THE
2021 3629 153 28 performance
2183 3635 29 15 on
2222 3628 112 28 Satufday
2344 3627 96 27 evening
2444 3629 57 20 next

1991 3654 46 26 Will
2053 3663 130 15 commence
2200 3655 53 23 with
2268 3654 85 24 Love's
2367 3654 133 26 Frailties,

1912 3693 31 15 .or
1956 3693 14 14 a
1984 3683 134 23 Brother's
2136 3682 121 27 Revenge,
2271 3686 24 18 to
2312 3682 30 21 be
2356 3679 101 24 followed

1912 3712 43 23 ithe
1965 3712 137 21 Innkeeper
2111 3717 27 14 of
2151 3710 144 26 Abbeville,
2306 3715 30 15 or
2346 3713 48 16 »thb
2408 3707 94 22 O«*ler

1917 3747 47 15 and
1978 3745 46 15 the
2045 3737 102 25 Robber,
2163 3736 39 23 the
2212 3736 71 22 whole
2297 3738 23 21 to
2330 3733 108 26 conclude
2447 3733 69 23 with-

1903 3759 1 31 \
1917 3766 39 22 the
1973 3765 94 22 Tinker
2089 3771 46 16 and
2155 3763 98 26 Tailor,
2274 3769 45 15 the
2340 3761 100 22 Soldisr
2453 3767 49 16 and

1919 3793 95 22 Sailor.
2113 3795 4 4 '
2393 3813 5 6 .

1946 3821 22 20 A
1976 3818 86 28 variety
2069 3818 26 22 of
2100 3817 89 27 singing
2198 3816 80 26 during
2283 3814 41 21 the
2335 3820 101 20 evening.
2471 3833 4 5 .

1991 3865 55 21 For
2060 3863 70 25 Sale,
2144 3861 98 25 Seeds,,
2249 3865 38 15 ex

1922 3898 94 50 JUST
2038 3896 109 26 received,
2168 3901 14 15 a
2205 3891 102 26 valuable
2330 3894 133 21 assortment
2480 3891 26 24 of

1986 3924 60 23 fresh
2056 3922 69 24 Seeds
2133 3922 58 22 from
2203 3919 100 23 London,
