2559 4039
50 1849 86 68 New
164 1849 200 68 Zealand
392 1849 199 68 Gazette

98 1919 68 23 AND
181 1918 216 24 WELLINGTON
418 1917 190 23 SPECTATOR.

166 1975 132 22 Saturday,
315 1974 110 22 October
440 1975 34 22 28,
493 1973 58 21 1843.

797 1335 148 20 THURSDAY,
958 1335 117 17 OCTOBER
1088 1329 37 23 26.

709 1367 117 30 Winifred
849 1366 80 30 Story,
953 1374 46 15 was
1020 1366 98 30 charged
1139 1366 31 30 by
1192 1365 67 31 Mary

676 1402 51 23 .\nn
740 1400 118 29 Edwards,
871 1400 55 23 with
946 1399 128 31 assaulting
1086 1399 38 24 her
1144 1399 45 23 and
1205 1399 54 23 rob-

674 1436 54 29 bing
738 1435 40 23 her
791 1434 25 23 of
832 1441 42 16 one
895 1441 74 23 gown,
988 1441 42 15 one
1049 1433 50 31 pair
1117 1432 25 23 of
1158 1432 101 30 bellows,

674 1477 41 16 one
728 1468 39 24 red
778 1467 47 24 silk
842 1465 174 30 handkerchief,
1029 1466 45 23 and
1095 1474 14 16 a
1119 1467 58 22 wine
1189 1466 70 31 glass,

675 1503 24 22 of
714 1502 38 23 the
764 1501 66 23 value
842 1501 26 23 of
884 1502 57 22 265.

709 1536 68 23 From
799 1535 38 23 the
857 1534 107 23 evidence
983 1533 26 24 of
1024 1533 38 24 the
1081 1533 151 31 prosecutrix,
1246 1533 17 23 it

676 1568 112 33 appeared
797 1568 49 23 that
858 1575 30 16 on
900 1567 116 30 Tuesday,
1030 1567 39 23 the
1088 1566 59 24 24th
1161 1567 64 28 inst.,
1238 1573 25 16 as

676 1603 40 23 she
729 1609 44 16 was
785 1602 71 30 going
867 1605 22 19 to
902 1601 40 23 the
955 1600 74 24 brook
1048 1604 24 19 at
1092 1599 98 33 Pipitea,
1204 1599 33 24 for
1251 1608 13 15 a

677 1636 45 31 pail
734 1636 24 22 of
773 1639 77 24 water,
863 1634 39 23 the
914 1634 105 31 prisoner
1039 1633 85 23 coaxed
1137 1634 41 22 her
1190 1638 48 18 into
1251 1642 12 14 a

678 1670 70 23 house
760 1669 44 23 and
825 1676 59 23 gave
904 1667 42 23 her
967 1674 63 16 some
1048 1667 87 31 spirits,
1149 1666 58 24 from
1227 1667 37 23 the

678 1703 77 23 effects
768 1702 25 23 of
809 1701 77 23 which
898 1701 42 23 she
951 1701 92 23 became
1056 1701 61 30 quite
1129 1700 134 24 insensible.

713 1736 58 23 Mrs.
785 1735 58 24 Jane
863 1735 101 29 Boysen,
980 1733 59 24 Mrs.
1055 1733 127 30 Cochrane,
1204 1733 59 24 Mrs.

680 1769 115 28 Mudford,
809 1768 45 24 and
875 1768 61 23 John
957 1768 100 30 Boysen,
1075 1774 58 16 were
1154 1767 111 31 severally

679 1803 127 29 examined,
818 1801 45 24 and
875 1802 59 22 from
948 1801 58 23 their
1027 1800 106 23 evidence
1145 1801 19 22 it
1176 1801 90 23 seemed

679 1837 49 23 that
739 1836 37 24 the
797 1836 105 31 prisoner
921 1834 50 24 who
991 1841 46 16 was
1049 1833 85 29 drunk,
1146 1841 46 16 was
1213 1841 52 17 seen

680 1874 21 19 to
714 1875 62 18 enter
789 1869 38 23 the
839 1868 72 24 house
921 1868 26 23 of
964 1867 37 24 the
1020 1867 152 31 prosecutrix,
1185 1867 45 24 and
1244 1873 22 18 to

680 1909 76 18 return
769 1902 54 24 with
841 1901 132 32 something
992 1900 72 24 rolled
1084 1908 30 23 up
1135 1901 73 23 under
1227 1900 40 24 her

680 1945 49 16 arm
739 1946 6 20 ;
765 1937 41 23 she
816 1940 62 19 went
889 1937 26 22 in
926 1943 14 14 a
950 1935 85 23 second
1047 1935 55 23 time
1112 1934 45 23 and
1169 1934 98 31 brought

679 1974 41 19 out
730 1978 14 15 a
754 1970 68 23 small
834 1970 53 27 box£
899 1968 46 23 and
957 1968 40 23 she
1011 1968 54 23 then
1076 1968 43 24 hid.
1128 1968 38 22 the
1177 1968 90 23 articles

679 2003 72 25 under
773 2011 15 14 a
807 2001 73 32 plank
902 2001 103 23 between
1025 2000 61 24 their
1108 2004 44 20 two
1174 2001 93 23 houses.

681 2036 50 24 The
742 2036 105 31 prisoner
860 2043 45 15 was
919 2034 110 23 observed
1045 2034 107 30 standing
1165 2042 54 18 over
1232 2034 35 23 the

680 2071 150 31 prosecutrix,
843 2068 51 23 who
907 2076 47 15 was
974 2067 133 30 insensible,
1120 2067 46 24 and
1178 2068 89 31 putting

681 2105 41 22 her
733 2103 61 24 hand
805 2104 48 22 into
865 2102 42 23 her
919 2102 89 22 bosom.

837 2836 283 24 AUCKLAND.

714 2137 50 24 The
776 2138 105 30 prisoner
892 2137 23 22 in
928 2135 41 24 her
986 2135 93 24 defence
1092 2135 81 24 denied
1184 2135 86 31 having

681 2171 71 24 stolen
766 2178 43 23 any
822 2170 26 23 of
863 2170 38 23 the
914 2169 91 23 articles
1017 2170 55 22 with
1085 2169 71 23 which
1171 2169 42 23 she
1225 2177 45 15 was

681 2205 104 31 charged,
800 2204 43 24 and
862 2203 75 23 stated
958 2203 50 23 that
1020 2203 37 23 the
1070 2204 143 30 prosecutrix
1224 2203 45 23 had

681 2239 99 31 brought
791 2239 37 22 the
847 2237 94 23 bellows
962 2236 44 23 and
1026 2238 58 22 wine
1102 2237 63 30 glass
1185 2241 24 19 to
1230 2236 40 24 her

681 2272 78 28 house,
779 2273 44 22 and
842 2271 49 23 that
911 2270 77 23 whilst
1008 2269 55 31 they
1082 2278 58 15 were
1161 2269 111 32 drinking

681 2305 103 32 together
803 2304 145 32 prosecutrix
971 2304 44 22 had
1039 2303 120 31 requested
1182 2304 42 22 her
1248 2308 22 19 to

681 2339 61 24 fetch
754 2347 14 15 a
779 2338 66 24 small
858 2338 45 23 box
915 2338 25 22 in
949 2337 73 23 which
1032 2337 37 23 the
1077 2344 65 23 gown
1150 2337 46 23 and
1208 2336 64 25 other

682 2373 90 23 articles
784 2379 59 17 were
856 2371 65 31 kept.

717 2406 47 23 Mr.
788 2404 164 31 M'Donough,
973 2404 40 23 the
1032 2404 80 30 sitting
1130 2405 142 30 magistrate,

682 2439 131 24 committed
832 2439 38 23 the
890 2439 105 30 prisoner
1018 2443 21 17 to
1062 2437 53 23 take
1130 2437 42 23 her
1185 2438 52 22 trial
1250 2443 24 19 at

682 2473 39 24 the
733 2478 55 19 next
807 2473 93 29 sittings
922 2471 25 23 of
963 2471 38 23 the
1023 2471 91 31 County
1136 2471 80 29 Court,
1230 2471 44 24 and

682 2506 90 24 refused
786 2511 22 19 to
821 2505 88 24 receive
922 2505 46 23 bail
980 2504 35 24 for
1027 2504 41 24 her
1081 2512 150 24 appearance.

718 2540 49 24 The
780 2540 135 30 magistrate
936 2538 93 23 refused
1041 2544 22 17 to
1076 2538 88 23 receive
1177 2538 39 24 the
1226 2539 48 23 evi-

683 2574 71 24 dence
771 2573 28 23 of
812 2573 39 23 the
873 2572 117 24 constable
1013 2572 101 29 Nicholl,
1127 2572 99 23 because
1246 2573 28 23 he

684 2608 38 23 did
733 2611 40 20 not
784 2604 107 27 recollect
903 2605 102 24 whether
1018 2605 38 23 the
1065 2605 77 30 felony
1152 2612 47 16 was
1211 2612 64 17 com-

683 2640 79 25 mitted
774 2641 30 31 by
816 2640 39 23 the
867 2640 106 31 prisoner
986 2646 28 16 on
1037 2638 104 31 Monday
1153 2646 25 16 or
1198 2638 77 24 Tues-

684 2674 44 31 day
737 2683 6 20 ;
766 2673 89 31 though
875 2672 94 24 Nicholl
990 2671 102 24 asserted
1112 2671 50 24 that
1179 2672 30 23 he
1231 2680 44 16 was

684 2712 77 27 pretty
792 2707 86 24 certain
912 2706 19 23 it
961 2706 108 23 occurred
1099 2713 27 15 on
1158 2705 117 32 Tuesday.

686 2742 82 30 Surely
780 2740 47 24 this
839 2739 82 24 should
933 2743 41 20 not
985 2739 28 23 be
1030 2739 94 23 deemed
1136 2747 14 15 a
1163 2739 112 24 sufficient

686 2782 80 16 reason
778 2778 23 20 to
812 2773 98 24 exclude
922 2772 39 24 the
972 2773 125 29 testimony
1109 2772 26 24 of
1150 2780 14 15 a
1176 2773 99 24 witness.

2017 780 73 26 [From
2106 780 35 20 tJte
2154 780 80 20 Nelson
2243 780 119 20 Examiner,
2362 780 16 27 .}

1937 813 52 24 The
2012 818 43 19 two
2078 814 52 23 first
2149 814 78 23 sheets
2251 814 25 23 of
2302 822 29 15 an
2354 814 119 30 Australian

1903 846 69 24 Atlas
1984 846 57 24 have
2057 846 51 32 just
2119 847 56 23 been
2196 847 127 31 completed
2343 847 25 24 in
2388 849 86 34 Sydney.

1904 880 67 31 They
1983 888 39 15 are
2034 880 38 23 the
2085 888 63 23 maps
2161 880 25 23 of
2203 880 155 24 Cumberland
2368 882 43 23 and
2421 883 53 25 Dur-

1904 913 62 29 ham,
1980 913 45 23 and
2036 921 38 15 are
2087 914 49 22 said
2147 917 23 19 to
2181 913 29 23 be
2223 913 109 24 executed
2344 915 54 23 with
2409 917 65 31 singu-

1904 947 35 23 lar
1951 946 87 30 fidelity
2051 947 45 22 and
2107 947 73 30 spirit.

1940 980 52 23 The
2005 980 53 30 only
2071 984 41 19 two
2125 980 109 23 rectifiers
2247 980 24 23 in
2282 980 99 32 Sydney,
2392 981 83 28 Messrs.

1907 1013 80 24 Evans
2000 1013 45 23 and
2057 1013 88 31 Selkig,
2159 1013 57 23 have
2238 1013 56 24 been
2314 1014 99 25 detected
2424 1016 21 24 in
2455 1018 21 23 il-

1907 1047 49 23 licit
1968 1046 141 24 distillation.
2146 1046 24 24 It
2180 1047 21 22 is
2213 1046 50 24 said
2281 1047 63 23 there
2355 1048 20 22 is
2387 1049 91 26 evidence

1909 1081 48 22 that
1968 1080 25 23 in
2005 1086 43 16 one
2059 1079 43 31 day
2116 1079 103 31 upwards
2241 1080 25 23 of
2280 1081 37 22 six
2328 1080 99 25 hundred
2437 1085 39 30 gal-

1908 1114 51 22 lons
1978 1120 58 16 were
2058 1121 44 15 run
2122 1113 38 29 off,
2172 1113 40 23 the
2224 1113 47 23 still
2289 1114 84 31 having
2392 1115 55 25 what
2463 1119 15 22 it

1910 1146 72 24 called
1995 1154 13 15 a
2020 1146 40 23 flat
2071 1154 44 24 pan
2136 1147 102 30 running
2255 1147 33 22 off
2301 1148 25 22 in
2347 1155 13 15 a
2370 1155 52 25 very
2431 1150 47 25 little

1911 1181 62 23 time.
2022 1180 50 22 The
2095 1178 90 32 Sydney
2209 1178 96 26 Herald
2326 1187 102 25 suggests
2448 1184 30 24 the

1911 1213 109 24 abolition
2031 1213 26 23 of
2073 1213 96 23 colonial
2180 1213 134 24 distillation
2333 1214 44 23 and
2389 1222 12 15 a
2411 1217 67 23 reduc-

1913 1248 46 22 tion
1971 1248 25 21 of
2011 1246 39 23 the
2069 1246 146 31 importation
2235 1246 81 25 duties.
2351 1248 34 23 At
2403 1256 78 23 present

1911 1281 39 23 the
1961 1280 57 30 duty
2030 1288 29 14 on
2072 1280 95 23 colonial
2180 1280 78 30 spirits
2270 1281 19 22 is
2302 1282 53 21 nine
2366 1281 96 34 shillings
2471 1293 11 15 a

1911 1315 85 31 gallon,
2009 1313 46 23 and
2066 1321 29 15 on
2106 1313 113 31 imported
2231 1314 76 30 spirits
2325 1315 52 23 nine
2390 1315 91 34 shillings

1912 1350 35 21 ibr
1968 1354 59 21 rum,
2047 1347 45 22 and
2109 1347 81 22 twelve
2212 1347 104 31 shillings
2335 1347 35 24 for
2390 1350 37 29 giu
2445 1352 38 23 and

1912 1382 79 22 twelve
2004 1380 105 31 shillings
2127 1380 34 22 for
2179 1380 41 31 gin
2241 1380 43 23 and
2304 1382 92 30 brandy,
2413 1385 39 23 and
2469 1386 17 24 if

1913 1414 97 25 colonial
2027 1413 133 24 distillation
2178 1420 60 16 were
2259 1414 123 30 forbidden,
2394 1418 41 22 and
2452 1419 31 25 the

1912 1449 75 23 duties
1999 1455 28 15 on
2041 1448 95 30 imports
2147 1447 104 29 reduced,
2262 1455 40 24 say
2312 1453 23 18 to
2344 1449 36 23 six
2392 1450 93 34 shillings

1912 1484 35 23 for
1967 1489 51 16 rum
2038 1481 44 22 and
2101 1480 63 31 eight
2182 1481 106 31 shillings
2310 1482 34 24 for
2366 1484 87 32 brandy,
2464 1494 21 16 or

1914 1524 56 17 even
1982 1523 14 15 a
2007 1514 95 30 shilling
2114 1514 75 28 lower,
2199 1515 19 21 it
2237 1516 19 22 is
2277 1515 96 32 thought
2392 1517 45 24 that
2454 1519 32 25 the

1914 1557 97 17 revenue
2024 1547 74 24 would
2107 1547 27 24 be
2146 1549 117 29 improved
2275 1550 43 23 and
2329 1551 125 33 smuggling
2463 1554 23 23 be

1914 1589 42 28 put
1968 1591 28 16 an
2010 1582 45 24 end
2065 1587 32 18 to.

1948 1618 52 23 The
2012 1615 90 32 Sydney
2115 1615 93 24 Herald
2219 1621 76 24 states,
2305 1617 48 24 that
2365 1619 22 22 in
2397 1618 35 25 the
2440 1627 46 24 year

1918 1653 71 26 1841,
2010 1649 64 25 there
2093 1656 58 16 were
2177 1651 75 26 1,924
2274 1652 122 31 marriages
2413 1654 22 22 in
2455 1653 33 24 the

1916 1686 80 30 colony
2008 1693 6 19 ;
2034 1684 45 23 and
2091 1682 48 23 that
2160 1683 22 22 in
2199 1685 63 22 1842
2281 1684 37 23 the
2337 1686 93 23 number
2449 1695 39 15 was

1916 1721 83 28 2,564.
2055 1716 35 24 Of
2114 1716 80 29 births,
2217 1717 24 23 in
2269 1719 60 23 1841
2359 1719 61 24 there
2439 1728 49 15 were

1916 1754 93 29 5,204;
2029 1750 45 24 and
2092 1752 24 21 in
2137 1752 72 26 1842,
2232 1752 82 26 6,333.
2351 1752 50 24 The
2419 1753 69 23 deaths

1916 1794 65 21 were,
1995 1786 24 22 in
2032 1786 73 27 1841,
2119 1785 75 27 2,894
2205 1792 7 19 ;
2232 1785 23 22 in
2267 1787 71 27 1842,
2352 1787 73 25 2717.
2446 1787 44 24 The

1917 1825 37 20 net
1966 1820 103 23 increase
2081 1819 24 22 in
2117 1817 39 23 the
2166 1818 132 30 population
2314 1818 82 33 during
2406 1820 37 24 the
2453 1825 37 19 two

1916 1862 68 24 years
2007 1860 46 14 was
2077 1860 24 15 as
2125 1850 105 24 follows:
2238 1863 33 4 —
2279 1851 87 30 Births,
2393 1855 97 28 11,557;

1918 1887 87 29 deaths,
2017 1885 109 27 children,
2140 1886 74 26 2,555
2225 1893 7 20 ;
2245 1885 69 31 being
2324 1893 13 16 a
2349 1891 38 19 net
2399 1887 92 24 increase

1918 1923 24 22 of
1958 1920 102 25 children
2079 1919 25 23 of
2120 1919 82 28 8,982,
2224 1918 45 23 less
2290 1919 67 24 death
2379 1920 24 23 of
2426 1921 65 23 adults

1919 1957 75 27 3,056
2006 1963 7 19 ;
2039 1952 39 24 the
2097 1956 37 19 net
2153 1952 101 23 increase
2273 1952 24 23 of
2313 1953 38 23 the
2371 1954 120 30 population

1918 1989 34 22 for
1964 1987 39 24 the
2016 1991 43 17 two
2072 1992 65 23 years
2152 1992 45 15 was
2218 1985 119 29 therefore,
2351 1986 59 24 from
2428 1986 63 25 birth
2490 1985 2 30 3

1919 2022 73 27 alone,
2006 2020 84 28 5,926.

1954 2054 42 23 We
2010 2053 56 23 have
2079 2050 94 25 another
2190 2051 98 23 addition
2311 2056 21 20 to
2351 2053 65 24 make
2429 2058 21 19 to
2461 2053 33 24 the

1921 2088 90 31 already
2023 2092 124 17 numerous
2159 2084 40 23 list
2217 2084 26 23 of
2257 2091 40 16 our
2316 2086 94 24 colonial
2422 2095 71 16 manu-

1921 2123 106 26 factures,
2041 2119 45 23 and
2105 2126 42 16 one
2167 2117 75 23 which
2263 2125 32 16 we
2315 2127 69 23 guess
2398 2121 41 23 will
2450 2121 45 31 give

1921 2157 38 23 the
1972 2154 98 24 Londou
2080 2156 117 26 exporters
2205 2151 45 23 and
2259 2151 109 26 Adelaide
2377 2155 118 23 merchants

1922 2191 37 23 the
1972 2188 70 28 blues,
2055 2185 110 31 although
2177 2185 18 23 it
2215 2185 43 23 will
2271 2193 28 16 no
2312 2186 68 25 doubt
2393 2189 26 22 be
2430 2189 67 23 hailed

1921 2225 30 30 by
1975 2229 42 17 our
2038 2220 78 30 thrifty
2140 2219 139 23 housewives
2304 2219 43 24 and
2370 2223 126 23 economical

1921 2256 164 26 laundresses;
2115 2260 34 16 we
2166 2259 68 16 mean
2257 2252 37 24 the
2312 2255 151 24 manufacture
2479 2258 21 22 of

1923 2297 64 19 stone
2000 2289 61 27 blue,
2075 2286 72 25 which
2159 2286 20 23 is
2190 2286 68 30 being
2269 2287 92 24 retailed
2374 2294 22 18 at
2408 2290 89 31 English

1923 2326 83 32 prices.
2032 2321 51 24 The
2097 2321 115 31 specimen
2225 2319 72 24 which
2310 2320 39 24 has
2361 2323 56 23 been
2429 2324 69 23 shown

1923 2367 28 17 us
1963 2359 20 22 is
1996 2355 66 32 equal
2076 2359 21 19 to
2109 2361 45 24 any
2165 2353 50 23 that
2232 2353 41 24 has
2292 2354 55 24 been
2361 2357 107 30 produced
2478 2358 20 22 in

1924 2390 110 32 England
2047 2397 25 15 or
2091 2387 132 24 elsewhere.
2260 2387 22 23 It
2294 2389 20 22 is
2333 2391 108 29 prepared
2451 2391 27 30 by
2488 2399 11 14 a

1924 2424 97 26 medical
2040 2422 138 31 gentleman,
2201 2420 45 25 and
2264 2422 20 22 is
2303 2422 88 32 finding
2410 2425 28 23 its
2458 2432 42 23 way

1924 2461 47 22 into
1987 2458 36 23 the
2036 2455 123 31 druggists'
2177 2454 46 23 and
2238 2456 98 29 grocers'
2350 2457 76 32 shops.
2460 2458 39 23 Co-

1924 2492 71 25 lonial
2018 2489 126 30 enterprise
2161 2487 44 24 has
2227 2495 49 16 now
2299 2491 93 23 secured
2414 2492 34 23 for
2465 2499 34 15 our

1926 2526 178 25 washerwomen
2115 2521 63 24 three
2192 2521 25 23 of
2233 2521 37 24 the
2289 2524 100 24 cardinal
2401 2526 70 30 points
2481 2525 21 22 of

1926 2561 59 23 their
2005 2558 66 27 craft,
2085 2555 97 31 namely,
2205 2563 63 23 soap,
2281 2558 84 29 starch,
2387 2558 42 24 and
2448 2558 51 28 blue,

1926 2603 13 14 a
1951 2592 85 29 fourth,
2050 2589 112 31 chrystals
2175 2587 26 25 of
2217 2589 61 28 soda,
2295 2591 20 22 is
2328 2591 64 25 alone
2404 2592 95 30 wanting,

1926 2626 68 33 (with
2006 2634 12 15 a
2039 2624 44 24 due
2103 2624 131 30 proportion
2254 2624 24 21 of
2293 2624 172 33 elbow-grease)
2482 2629 19 19 to

1927 2661 81 24 enable
2029 2659 62 24 them
2116 2657 149 30 successfully
2288 2662 22 19 to
2334 2664 102 26 compete
2457 2658 43 24 with

1927 2692 189 27 mter-colonies,
2130 2698 25 16 or
2166 2689 204 34 moMer-country.
2373 2705 33 4 —
2406 2691 96 25 Adelaide

1931 2728 121 24 Observer.

1965 2769 71 23 Cape
2050 2775 31 17 of
2095 2767 73 25 Good
2192 2767 82 25 Hope.
2312 2767 51 24 The
2385 2775 57 16 news
2457 2766 47 23 from

1930 2803 38 23 the
1982 2803 70 30 Cape,
2065 2801 38 23 via
2125 2801 92 25 Hobart
2238 2802 79 28 Town,
2331 2801 83 25 extend
2434 2806 20 18 to
2471 2799 31 24 the

1932 2836 59 24 15th
2002 2835 62 31 July.
2102 2835 22 24 A
2135 2835 68 24 cloud
2214 2835 41 24 has
2262 2836 66 30 again
2340 2843 62 16 come
2414 2841 48 17 over
2473 2833 31 24 the

1931 2870 79 30 bright
2020 2873 118 27 prospects
2151 2869 87 31 opened
2258 2877 28 23 up
2306 2869 31 31 by
2348 2869 38 24 the
2397 2867 108 25 extension

1933 2904 25 24 of
1974 2903 90 25 British
2077 2902 115 31 authority
2204 2908 23 18 to
2239 2903 38 23 the
2297 2902 106 30 territory
2420 2901 23 23 of
2458 2900 48 24 Port

1933 2938 78 24 Natal.
2063 2937 51 24 The
2135 2937 99 33 exploits
2252 2937 26 23 of
2301 2944 13 15 a
2334 2935 81 31 daring
2431 2933 75 28 bandit,

1933 2971 82 24 named
2028 2970 67 30 Tola,
2108 2977 38 17 are
2166 2970 122 31 attracting
2306 2978 13 16 a
2335 2969 63 31 large
2418 2968 60 25 share
2488 2965 21 24 of

1933 3005 78 32 public
2022 3006 76 23 notice
2108 3013 6 20 ;
2126 3003 43 24 but
2179 3011 31 16 no
2222 3003 81 24 doubts
2310 3010 58 16 were
2380 2999 128 27 entertained

1935 3040 24 22 of
1973 3038 37 24 his
2022 3038 63 31 early
2097 3038 174 31 apprehension.
2307 3036 40 24 An
2360 3040 92 20 account
2462 3034 22 24 of
2497 3040 10 15 a

1935 3071 144 31 melancholy
2090 3071 69 24 series
2172 3071 26 23 of
2213 3069 140 33 shipwrecks
2371 3070 24 22 in
2406 3068 37 24 the
2453 3066 54 33 adja-

1935 3110 53 19 cent
1999 3113 51 17 seas
2062 3106 19 23 is
2093 3104 49 24 also
2159 3105 83 31 given-
2271 3103 76 24 There
2367 3103 20 23 is
2405 3108 75 18 reason
2490 3104 18 18 to

1935 3141 49 22 fear
1996 3139 38 24 the
2046 3142 69 20 worst
2132 3139 24 22 in
2177 3137 80 31 regaid
2278 3141 23 19 to
2319 3135 39 24 the
2377 3135 45 24 fate
2442 3135 22 24 of
2477 3132 31 24 the

1935 3172 71 29 Emu,
2024 3172 60 23 from
2101 3170 98 24 London
2218 3175 22 18 to
2260 3169 45 24 this
2325 3172 52 28 port
2390 3168 55 25 with
2462 3166 45 25 emi-

1936 3210 88 27 grants.
2025 3217 34 5 —
2062 3203 103 25 Colonial
2177 3202 130 25 Observer..

1970 3246 77 24 There
2059 3252 38 17 are
2110 3243 128 31 thirty-five
2249 3243 72 24 hands
2333 3243 126 31 constantly
2469 3248 38 18 em-

1936 3280 82 31 ployed
2031 3283 23 19 at
2065 3278 66 23 West
2144 3276 121 30 Maitland,
2277 3277 24 23 in
2316 3276 39 24 the
2367 3276 142 25 manufacture

1937 3313 26 23 of
1978 3313 101 23 tobacco.
2116 3310 76 24 There
2205 3318 38 16 are
2254 3310 104 25 fourteen
2365 3311 102 26 .twisters,
2473 3305 36 26 and

1937 3354 25 16 as
1974 3353 70 22 many
2055 3350 128 24 stemmers,
2196 3344 38 24 the
2255 3344 67 24 latter
2340 3344 70 31 being
2422 3342 88 25 children

1938 3379 59 24 from
2010 3377 63 33 eight
2085 3382 22 19 to
2119 3378 80 23 twelve
2220 3386 66 23 years
2298 3378 25 23 of
2338 3386 51 24 age.
2424 3376 47 24 The
2481 3379 29 17 to-

1937 3413 69 23 bacco
2025 3412 173 23 manufactured
2218 3412 20 23 is
2257 3412 31 22 of-
2297 3412 111 24 excellent
2427 3408 82 33 quality,

1937 3445 45 24 and
1994 3450 40 27 got
2045 3453 32 24 up
2088 3445 23 23 in
2125 3454 15 15 a
2150 3445 60 31 style
2220 3445 68 24 much
2306 3453 64 16 more
2388 3443 94 32 superior
2492 3443 19 19 to

1937 3487 45 23 any
2005 3479 66 24 other
2091 3478 100 25 colonial
2218 3478 171 25 manufactured
2417 3476 88 24 tobacco.

1938 3513 71 24 From
2027 3514 74 28 1,800
2114 3517 23 20 to
2149 3514 76 28 2,000
2245 3512 45 25 lbs.
2304 3520 37 16 are
2355 3504 156 32 manufactured

1938 3546 98 32 weekly.

1998 3603 197 24 ENGLISH
2225 3600 239 27 EXTRACTS.

759 2897 109 21 Supreme
884 2895 87 22 Court.
974 2906 28 4 —
1004 2895 120 26 September
1140 2896 59 20 12th.

865 2951 63 20 Snow
929 2951 39 20 den
982 2958 21 14 v.
1018 2951 80 21 Baier.

714 2984 52 22 This
787 2990 43 15 was
850 2990 29 14 an
895 2983 74 22 action
989 2985 24 19 to
1030 2989 92 16 recover
1139 2983 38 22 the
1194 2990 50 16 sum
1253 2991 14 14 o

686 3012 62 24 £500
757 3011 36 22 for
806 3010 85 23 breach
909 3010 26 21 of
952 3017 28 14 an
996 3015 131 22 agreement
1143 3010 71 22 under
1230 3018 38 15 sea

687 3038 67 22 dated
762 3038 53 22 16th
821 3038 62 26 May,
896 3038 61 21 1840.
986 3037 48 22 The
1043 3036 122 23 defendant
1171 3037 95 28 pleaded

687 3066 49 22 that
744 3073 29 14 on
783 3065 37 21 the
832 3067 49 19 true
891 3064 153 22 construction
1054 3064 27 21 of
1091 3064 38 21 the
1138 3067 129 23 agreement

687 3092 29 22 he
724 3100 45 14 was
779 3095 39 19 not
827 3090 78 23 bound
915 3094 23 18 to
948 3098 44 21 pay
1001 3090 38 23 the
1049 3090 48 22 said
1106 3098 51 15 sum
1167 3092 25 21 of
1206 3092 59 22 £500

687 3119 48 23 The
744 3120 57 21 facts
812 3118 26 22 of
849 3118 39 22 the
898 3125 52 15 case
959 3118 69 27 being
1036 3117 137 27 undisputed
1191 3118 30 28 by
1236 3118 38 22 the

688 3150 95 18 consent
801 3146 26 21 of
848 3145 38 22 the
907 3144 113 23 Solicitors
1039 3144 35 22 for
1097 3146 38 20 the
1154 3146 123 26 respective

687 3173 88 27 parties,
791 3173 37 22 the
844 3172 117 28 following
978 3171 84 28 special
1081 3178 50 15 case
1147 3179 46 15 was
1206 3172 72 22 stated

688 3201 34 21 for
733 3200 36 22 the
781 3199 92 29 opinion
882 3199 27 21 of
915 3199 39 22 the
964 3200 70 21 Court
1040 3207 5 13 :
1047 3208 28 6 —

893 3234 98 22 Special
1007 3233 68 23 Case.

717 3269 37 22 On
771 3268 36 22 the
827 3267 52 23 14th
898 3268 108 26 January,
1025 3268 61 26 1840,
1102 3267 40 22 her
1160 3267 120 30 Majesty's

689 3295 162 28 proclamation
922 3295 76 21 issued
1009 3294 28 27 by
1048 3294 35 22 Sir
1095 3295 87 26 George
1193 3295 86 29 Gipp's,

691 3322 113 27 declaring
815 3322 31 22 all
854 3321 72 23 Titles
935 3325 23 19 to
968 3321 54 23 land
1029 3321 24 22 in
1060 3321 56 22 New
1124 3321 99 23 Zealand
1231 3323 50 23 null

691 3349 45 22 and
745 3349 58 27 void,
816 3352 81 25 except
906 3348 63 23 those
980 3348 94 22 derived
1082 3347 57 23 from
1145 3347 38 23 the
1192 3349 91 23 Crown.

692 3377 27 21 In
731 3376 37 22 the
778 3375 78 23 month
875 3375 25 23 of
912 3375 57 28 May
984 3375 27 23 of
1029 3375 38 22 the
1083 3381 61 16 same
1161 3382 61 21 year,
1243 3377 40 22 the

691 3402 101 50 Slaintiff
804 3402 94 22 entered
914 3402 48 23 into
978 3410 28 14 an
1025 3405 132 24 agreement
1173 3403 53 22 with
1245 3403 40 23 the

710 3436 11 15 c
724 3430 35 22 fen
762 3429 44 23 dan
809 3433 15 23 t,
835 3433 24 17 to
870 3429 41 22 Bell
928 3429 48 22 him
992 3429 84 22 certain
1094 3429 74 32 pieces
1187 3430 26 22 of
1223 3430 61 27 land,

691 3456 46 22 and
747 3456 47 22 also
802 3456 87 22 certain
900 3460 58 18 trees
968 3456 54 22 then
1031 3462 107 21 growing,
1150 3463 27 15 on
1189 3458 97 22 another

691 3483 64 28 piece
775 3483 25 21 of
820 3481 62 24 land.
921 3483 48 22 The
989 3483 123 22 defendant
1129 3483 156 29 immediately

694 3511 56 22 after
769 3509 38 23 the
827 3509 120 23 execution
966 3509 26 23 of
1012 3509 39 23 the
1072 3509 47 23 said
1144 3516 140 23 agreement,

694 3536 92 24 entered
804 3537 49 22 into
872 3537 127 27 possession
1018 3537 28 22 of
1065 3539 49 25 part
1133 3537 27 21 of
1179 3537 37 23 the
1234 3539 51 22 said

693 3564 71 27 lands,
785 3563 47 23 and
850 3563 26 22 of
894 3563 39 22 the
950 3563 82 22 timber
1048 3563 87 23 therein
1146 3564 138 29 mentioned,

694 3591 45 23 and
749 3589 130 28 continued,
891 3588 47 24 and
942 3597 50 15 now
997 3590 20 22 is
1025 3591 24 21 in
1056 3590 123 28 possession
1189 3591 94 24 thereof.

693 3617 48 24 The
756 3617 125 23 defendant
899 3617 120 26 according
1035 3620 23 19 to
1072 3617 36 23 the
1124 3621 68 19 terms
1210 3619 26 22 of
1246 3619 40 23 the

694 3648 136 25 agreement,
851 3643 45 23 had
915 3643 51 28 paid
986 3644 93 22 interest
1098 3651 30 15 on
1149 3644 36 23 the
1202 3647 82 22 second

693 3672 131 23 instalment
834 3671 26 22 of
871 3671 71 26 £500,
952 3671 78 21 before
1045 3670 45 23 and
1105 3672 58 22 after
1179 3672 37 22 the
1234 3674 50 21 16th

694 3699 136 27 November,
849 3699 63 21 1840.
948 3697 37 23 No
1002 3701 68 23 grant
1083 3699 58 22 from
1156 3699 37 23 the
1204 3701 80 22 Crown

694 3727 44 22 had
748 3727 57 22 been
815 3725 66 23 made
891 3728 24 18 to
926 3723 37 23 the
975 3724 102 29 plaintiff.

722 3754 47 22 The
780 3753 102 29 question
899 3751 36 22 for
952 3751 37 23 the
1004 3751 95 27 opinion,
1112 3753 28 24 ot
1156 3752 38 23 the
1209 3754 75 27 Court,

694 3788 45 15 was
749 3780 100 23 whether
858 3778 75 24 under
948 3778 39 22 the
1004 3778 71 24 above
1091 3783 136 25 agreement,
1239 3782 45 22 and

694 3815 61 20 upon
769 3807 39 22 the
821 3806 120 28 foregoing
954 3805 64 28 facts,
1041 3805 38 26 the
1100 3805 125 28 .defendant
1239 3815 45 16 was

694 3834 68 23 liable
772 3838 23 19 to
804 3841 44 21 pay
855 3833 38 26 the
903 3833 49 22 said
961 3839 51 15 sum
1022 3832 27 22 of
1059 3832 69 23 jSSOO.

699 3859 9 7 '
723 3862 46 23 Mr.
781 3863 24 21 C.
855 3861 90 22 Brewer
955 3859 35 22 for
1001 3858 38 25 the
1048 3859 107 30 .plaintiff,
1167 3861 66 29 .said,,
1245 3861 38 24 fhe

694 3889 61 21 main
765 3889 76 27 points
849 3887 13 24 i
873 3885 130 30 apprehend
1015 3886 37 25 for
1070 3886 35 23 the
1123 3888 163 25 consideration

691 3915 30 21 x>f
741 3914 49 27 the.
799 3914 76 29 Court,
898 3921 51 16 are:
950 3924 29 5 —
980 3915 49 21 Ist.'
1036 3913 108 23 Whether
1163 3915 39 22 the
1220 3922 65 20 cove-

694 3944 67 19 nants
772 3941 121 23 contained
902 3941 24 22 in
937 3941 38 22 the
985 3944 137 25 agreement,
1136 3948 30 16 on
1180 3941 42 23 the
1236 3946 50 25 part

695 3968 26 21 of
733 3968 36 22 the
780 3969 101 26 plaintiff
887 3967 46 23 and
944 3967 128 28 defendant,
1089 3976 37 15 are
1136 3969 88 22 mutual
1240 3969 46 22 find.

1274 124 135 30 dependent,
1429 131 26 15 or
1473 124 86 22 mutual
1578 123 46 22 and
1647 122 166 28 independent,
1836 129 27 14 to

1275 152 100 23 whether
1392 151 52 28 they
1460 158 37 14 are
1512 153 141 23 concurrent,
1671 153 47 18 acts
1734 153 23 18 to
1772 149 27 22 be
1813 156 52 20 per-*

1275 178 89 23 formed
1382 178 29 27 by
1429 178 39 21 the
1484 177 90 28 parties,
1590 179 24 19 at
1631 183 43 15 one
1690 176 45 22 and
1751 174 37 23 the
1803 183 62 14 same

1275 207 62 21 time.
1368 204 24 22 If
1403 204 36 22 the
1450 207 112 19 covenant
1571 207 23 18 to
1604 210 75 19 convey
1688 203 19 22 is
1717 209 29 15 an
1756 202 108 27 indepen-

1277 232 56 22 dent
1344 233 118 24 covenant,
1479 230 54 22 then
1549 230 39 22 the
1603 230 99 28 plaintiff
1711 230 19 21 is
1740 228 92 23 entitled
1842 232 23 19 to

1277 259 37 22 the
1328 258 136 28 judgement
1480 257 27 22 of
1517 256 38 23 the
1573 258 69 21 Court
1655 256 94 23 without
1763 256 102 27 entering

1277 287 46 21 into
1334 285 37 21 the
1383 285 103 26 question
1497 283 25 22 of
1532 284 67 21 Title.
1630 284 24 21 If
1662 284 37 21 the
1710 284 69 21 Court
1785 282 80 22 should

1279 320 28 14 on
1318 312 39 21 the
1368 314 116 24 contrary,
1493 310 29 22 be
1539 310 27 21 of
1577 310 92 28 opinion
1683 309 48 22 that
1746 310 38 21 the
1799 316 66 15 cove-

1278 341 55 20 nant
1342 341 22 18 to
1376 345 92 19 couvey,
1486 336 45 23 and
1546 337 37 21 the
1597 340 113 19 covenant
1726 340 24 17 to
1767 343 41 21 pay
1827 336 38 22 the

1277 365 110 29 purchase
1404 371 89 21 money,
1510 370 39 15 are
1570 363 73 22 either
1656 362 128 28 dependant
1799 369 66 16 cove-

1279 395 74 23 nants,
1364 398 26 15 or
1400 393 134 20 concurrent
1543 393 55 23 acts,
1610 389 54 23 then
1674 390 17 21 it
1703 389 45 22 will
1757 390 27 21 be
1790 397 77 15 neces-

1280 426 50 20 sary
1340 421 23 19 to
1375 418 92 27 enquire
1483 416 60 23 what
1559 416 59 23 Title
1633 416 37 22 the
1676 414 110 29 'plaintiff
1794 416 73 23 under

1280 446 45 21 this
1334 447 136 23 agreement,
1478 444 19 21 is
1505 443 77 22 bound
1592 447 23 18 to
1625 444 51 26 give
1686 443 38 22 the
1736 442 130 23 defendant.

1281 475 41 19 Ist.
1338 471 109 22 Whether
1456 471 29 21 lie
1495 471 18 22 is
1524 470 54 27 only
1587 470 104 28 required
1707 472 23 19 to
1745 469 51 27 give
1812 470 56 22 such

1281 506 24 15 as
1320 498 30 22 he
1366 498 45 22 had
1427 497 97 22 himself.
1563 496 54 22 2nd.
1634 496 107 22 Whether
1757 496 28 22 he
1799 497 19 21 is
1832 504 36 15 re-

1281 525 79 28 quired
1371 529 23 17 to
1404 524 50 28 give
1465 531 14 14 a
1488 523 59 23 Title
1557 523 96 22 decreed
1663 523 58 22 from
1735 523 37 22 the
1789 524 79 21 Crown

1281 552 47 22 and
1336 552 72 26 3rdly,
1419 550 123 28 supposing
1550 550 29 21 he
1589 550 19 21 is
1618 550 104 28 required
1731 552 23 19 to
1764 550 50 27 give
1831 550 38 22 the

1281 580 45 21 last
1349 578 135 22 mentioned-
1503 576 67 28 Title,
1596 576 99 23 whether
1720 577 28 21 he
1772 578 39 21 has
1830 581 40 18 not

1283 606 85 22 waived
1387 605 29 22 all
1430 605 127 26 objections
1573 607 22 18 to
1611 604 38 21 the
1663 603 60 22 Title
1733 604 30 26 by
1772 604 35 22 his
1816 611 54 15 con-

1283 633 53 21 duct
1352 632 64 21 when
1434 632 104 26 entering
1552 631 51 21 into
1620 630 36 22 the
1672 634 106 24 contract,
1795 632 30 26 by
1835 631 36 22 his

1284 660 79 26 taking
1371 658 135 28 possession,
1519 658 45 21 and
1573 658 135 26 continuing
1716 658 23 21 in
1751 658 55 22 such
1819 665 52 20 pos-

1283 686 85 22 session
1387 685 34 22 for
1439 692 14 14 a
1469 684 77 29 period
1564 684 25 22 of
1611 684 61 22 three
1688 691 71 20 years,
1778 685 45 22 and
1841 684 30 28 by

1283 713 85 28 paying
1390 712 94 22 interest
1507 719 29 14 on
1560 711 39 22 the
1623 712 82 21 second
1733 712 137 27 instalment,

1286 740 73 21 before
1370 739 45 21 and
1424 739 58 21 after
1490 738 39 22 the
1540 738 54 22 time
1604 738 61 21 fixed
1676 738 36 22 for
1721 738 29 22 its
1759 742 112 24 payment.

1286 766 54 23 And
1351 769 38 19 Ist.
1406 767 32 21 As
1449 769 22 18 to
1483 766 37 21 the
1537 768 81 19 nature
1634 765 25 22 of
1671 765 38 22 the
1723 773 148 21 conveyance,

1284 794 39 21 the
1333 793 99 22 doctrine
1444 793 26 21 of
1476 792 129 28 dependent
1612 799 24 15 or
1645 792 152 28 independent
1808 800 65 15 cove-

1284 824 67 18 nants
1360 821 20 21 is
1391 820 111 22 discussed
1514 823 23 18 at
1546 819 86 27 length,
1641 819 44 22 and
1691 820 51 21 well
1747 820 126 22 illustrated

1284 847 24 21 in
1321 847 101 28 Pordage
1430 853 20 15 v.
1462 846 61 26 Cole,
1534 848 42 20 319
1585 846 82 22 second
1683 847 20 21 1.
1719 847 45 21 and
1785 849 10 20 1
1813 847 60 21 Note

1287 874 32 26 (4)
1336 874 30 27 by
1383 874 109 26 Sergeant
1507 874 112 21 Williams
1637 877 23 18 to
1676 873 38 22 the
1731 881 60 15 same
1808 881 64 19 case;

1286 901 44 21 and
1338 901 25 21 in
1375 901 81 21 Peelen
1465 907 20 24 y.
1498 900 63 26 Opie,
1571 901 14 20 2
1597 907 67 19 same,
1676 900 45 22 and
1731 904 52 18 note
1800 901 32 26 (3)
1844 901 29 26 by

1286 928 110 26 Sergeant
1411 926 120 22 Williams.
1567 926 65 22 From
1648 927 63 21 these
1728 934 61 16 cases
1804 928 18 21 it
1837 934 36 21 ap-

1286 961 64 19 pears
1361 954 49 21 that
1418 953 37 21 the
1466 952 114 27 following
1589 954 61 20 rules
1659 954 59 22 have
1728 954 57 22 been
1803 957 70 19 estab-

1286 980 80 22 lished.

1315 1009 39 25 Ist,
1371 1006 26 22 If
1408 1014 14 14 a
1437 1007 45 27 day
1497 1006 28 22 be
1542 1006 121 28 appointed
1680 1007 36 22 for
1731 1011 106 25 payment
1855 1008 25 22 of

1287 1041 90 23 money,
1390 1042 23 14 or
1423 1037 49 24 part
1483 1034 24 20 of
1514 1034 24 25 it,
1548 1041 25 14 or
1582 1033 36 22 for
1629 1034 69 26 doing
1708 1042 44 21 any
1761 1036 63 21 other
1833 1039 43 22 act,

1288 1061 45 22 and
1343 1061 39 21 the
1392 1061 44 27 day
1443 1061 20 21 is
1473 1057 22 25 io
1502 1060 99 28 happen,
1613 1068 24 14 or
1647 1068 52 18 may
1705 1061 89 28 happen
1803 1063 75 22 before

1286 1088 39 22 the
1345 1088 62 27 thing
1426 1087 74 22 which
1518 1087 19 21 is
1556 1088 39 20 the
1615 1088 165 22 consideration
1799 1090 25 21 of
1839 1091 40 21 the

1287 1122 89 19 money,
1389 1122 24 14 or
1430 1118 44 22 act,
1490 1114 19 21 is
1526 1117 22 18 to
1564 1115 28 21 be
1608 1115 135 27 performed,
1761 1123 29 15 an
1805 1117 73 21 action

1287 1149 54 20 may
1349 1142 29 21 be
1388 1140 97 28 brought
1491 1141 35 21 for
1535 1141 38 21 the
1583 1148 89 21 money,
1680 1149 25 15 or
1712 1143 34 21 for
1756 1143 53 22 such
1817 1143 63 23 other

1288 1173 43 22 act,
1339 1168 76 22 before
1424 1168 133 27 performce.
1587 1168 45 22 For
1641 1169 17 21 it
1666 1176 92 21 appears
1768 1170 36 22 the
1813 1175 66 22 party

1287 1195 74 23 relied
1372 1202 29 15 on
1410 1195 35 22 his
1452 1195 90 26 remedy,
1550 1195 47 21 and
1603 1195 38 22 did
1651 1199 40 18 not
1700 1196 79 22 intend
1785 1201 22 18 to
1814 1197 66 22 make

1286 1223 158 27 performance
1455 1230 14 14 a
1480 1222 112 22 condition
1603 1222 127 27 precedent.

1317 1249 77 28 2ndly.
1410 1249 74 22 When
1495 1256 12 14 a
1518 1248 43 28 day
1571 1249 19 21 is
1601 1249 120 32 appointed
1731 1251 34 21 for
1775 1255 105 23 payment

1288 1276 26 22 of
1322 1284 89 19 money,
1420 1276 48 27 &c,
1480 1275 46 23 and
1534 1276 39 22 the
1580 1276 45 27 day
1630 1284 18 14 is
1655 1279 23 19 to
1684 1275 89 30 happen
1782 1278 56 21 after
1844 1278 36 22 the

1289 1303 65 27 thing
1366 1303 73 21 which
1450 1303 19 21 is
1479 1303 38 22 the
1528 1303 164 23 consideration
1704 1304 27 22 of
1743 1304 37 22 the
1790 1312 89 20 money,

1288 1331 50 26 &c.,
1349 1330 20 22 is
1380 1333 21 19 to
1412 1330 27 21 be
1449 1330 134 27 performed,
1594 1337 30 15 no
1636 1331 73 21 action
1721 1338 41 15 can
1773 1332 27 21 be
1810 1333 70 21 main-

1289 1356 77 23 tained
1375 1357 35 21 for
1420 1356 37 22 the
1468 1364 81 19 money
1560 1357 49 26 &c,
1621 1357 76 22 before
1707 1358 161 27 performance.

1316 1389 73 27 3rdly.
1403 1389 83 21 Where
1503 1396 14 14 a
1533 1394 111 17 covenant
1658 1397 53 19 goes
1728 1390 52 28 only
1796 1394 22 18 to
1832 1394 50 24 part

1290 1416 26 22 of
1322 1416 38 22 the
1372 1416 163 21 consideration
1543 1423 28 14 on
1581 1416 55 22 both
1646 1416 64 27 sides,
1721 1416 43 23 and
1776 1425 13 14 a
1797 1418 85 22 breach

1291 1443 26 22 of
1323 1442 57 23 such
1390 1446 110 19 covenant
1510 1450 53 20 may
1572 1443 29 22 be
1611 1444 51 26 paid
1671 1443 58 22 from
1740 1444 114 28 damages,
1865 1446 17 21 it

1291 1471 18 21 is
1320 1477 29 15 an
1357 1469 154 27 independent
1521 1474 120 23 covenant,
1649 1470 46 22 and
1705 1478 29 14 an
1745 1472 72 21 action
1830 1479 51 20 may

1291 1498 28 21 be
1328 1496 140 23 maintained
1478 1497 34 21 for
1527 1503 13 14 a
1550 1497 84 22 breach
1644 1498 25 21 of
1686 1498 37 21 the
1735 1502 109 19 covenant
1856 1507 26 14 on

1292 1524 37 22 the
1346 1528 50 24 part
1410 1524 27 21 of
1448 1523 37 22 the
1501 1524 133 26 defendant,
1653 1524 52 22 with
1715 1525 104 27 coercing
1833 1533 49 20 per-

1290 1552 115 20 formance
1415 1551 23 21 in
1447 1550 39 22 the
1497 1550 145 22 declaration.

1321 1578 49 23 The
1383 1577 93 22 learned
1494 1578 131 26 gentleman
1643 1578 59 22 cited
1721 1579 83 22 several
1820 1580 64 22 other

1293 1612 68 20 cases,
1373 1605 44 22 and
1434 1604 85 27 argued
1528 1608 26 18 at
1570 1605 154 22 considerable
1740 1606 83 27 length,
1836 1608 48 21 that

1293 1633 38 21 the
1347 1634 90 25 present
1446 1638 51 15 case
1508 1638 63 15 came
1581 1632 79 23 within
1675 1632 38 22 the
1724 1632 53 27 first,
1789 1641 24 14 or
1822 1633 61 23 three

1293 1660 66 25 rules,
1372 1658 44 22 and
1431 1658 119 26 therefore,
1567 1658 50 22 that
1629 1659 97 27 plaintiff
1734 1667 43 14 was
1792 1661 92 22 entitled

1293 1690 23 18 to
1325 1686 119 27 judgment
1454 1685 23 22 in
1488 1686 35 21 his
1532 1685 88 23 favour.

1323 1721 45 21 But
1378 1719 120 27 assuming,
1510 1720 35 20 for
1556 1719 38 23 the
1604 1721 53 21 sake
1667 1721 26 21 of
1701 1724 123 25 argument,
1837 1723 49 22 that

1295 1748 44 21 this
1356 1754 50 14 case
1422 1754 76 14 comes
1514 1747 77 21 within
1610 1748 37 21 the
1663 1749 83 21 second
1762 1749 52 27 rule,
1827 1750 59 22 what

1295 1775 57 21 Title
1360 1774 19 21 is
1390 1774 53 21 then
1450 1774 106 27 required
1564 1775 26 21 of
1598 1774 38 22 the
1645 1775 110 27 plaintiff?
1770 1776 10 22 I
1789 1777 97 22 contend

1295 1801 55 22 such
1359 1808 13 14 a
1377 1801 46 22 title
1434 1800 52 27 only
1493 1808 24 14 as
1523 1801 28 21 he
1561 1801 91 22 himself
1658 1803 122 27 possessed,
1788 1804 96 28 namely,

1295 1836 14 14 a
1329 1829 58 21 Title
1406 1827 91 22 derived
1522 1827 98 28 through
1643 1829 38 21 the
1706 1830 93 22 natives.
1837 1831 48 22 The

1296 1855 94 27 original
1405 1853 110 29 purchase
1526 1855 27 21 of
1566 1855 37 22 the
1614 1855 54 22 land
1677 1856 60 23 from
1746 1857 37 22 the
1793 1858 92 27 natives,

1295 1890 47 15 was
1356 1881 60 22 valid
1425 1889 5 13 :
1453 1882 19 21 it
1491 1886 83 17 cannot
1593 1883 27 21 be
1638 1884 127 21 contended
1782 1884 49 23 that
1850 1886 37 21 the

1295 1909 100 28 plaintiff
1398 1908 65 22 acted
1470 1908 100 28 illegally
1577 1909 24 22 in
1608 1910 135 28 purchasing
1749 1910 56 23 from
1811 1911 63 23 them
1880 1920 6 19 ;

1296 1936 65 22 there
1371 1936 18 21 is
1399 1943 29 14 no
1445 1935 43 22 law
1498 1940 22 17 to
1531 1936 74 22 forbid
1620 1937 56 21 such
1686 1941 53 18 acts.
1770 1938 22 23 It
1801 1939 19 21 is
1830 1942 56 23 true,

1298 1963 49 21 that
1365 1970 14 14 a
1394 1962 161 28 proclamation
1571 1971 46 14 was
1631 1964 83 26 issued,
1733 1964 111 28 declaring
1858 1966 30 22 all

1296 1989 72 22 Titles
1378 1988 87 22 toiland
1472 1989 24 21 in
1512 1989 57 21 New
1587 1989 100 22 Zealand
1704 1990 48 22 null
1768 1992 45 21 and
1828 1992 59 26 void,

1298 2017 40 21 but
1353 2024 15 13 a
1385 2015 160 24 proclamation
1566 2015 21 22 is
1608 2020 38 17 not
1664 2017 50 22 law.
1751 2018 36 21 An
1808 2019 45 21 Act
1868 2020 25 20 of

1298 2043 94 22 Council
1410 2043 41 21 has
1470 2043 56 21 been
1548 2043 79 26 passed
1644 2048 22 17 to
1684 2044 39 21 the
1739 2051 60 16 same
1816 2045 71 22 effect.

1298 2070 46 22 But
1354 2077 28 14 an
1394 2070 45 21 Act
1450 2069 25 22 of
1483 2069 94 22 Council
1589 2074 81 18 cannot
1679 2070 58 23 have
1745 2079 13 14 a
1768 2076 122 24 retrospec-

1300 2098 43 21 tive
1360 2097 63 21 effect
1439 2104 30 13 on
1486 2100 143 23 agreements
1645 2098 71 21 under
1731 2099 52 27 seal,
1799 2100 92 21 entered

1298 2126 49 21 into
1365 2123 51 22 with
1434 2130 68 20 every
1512 2123 148 23 deliberation
1674 2125 44 22 and
1728 2126 118 27 solemnity
1862 2128 29 26 by

1300 2152 83 27 parties
1403 2151 104 26 previous
1524 2154 21 17 to
1561 2151 38 21 the
1620 2152 88 27 passing
1726 2153 25 21 of
1766 2153 54 22 such
1838 2154 52 21 Act.

1300 2179 80 22 Courts
1390 2178 25 22 of
1429 2178 54 21 Law
1493 2177 46 21 will
1557 2177 89 28 always,
1659 2185 24 15 as
1699 2180 34 21 far
1751 2187 23 14 as
1787 2181 103 27 possible,

1300 2213 65 20 carry
1374 2205 48 22 into
1434 2204 64 23 effect
1510 2204 37 22 the
1557 2205 123 23 intentions
1691 2207 26 21 of
1728 2206 38 22 the
1776 2207 81 28 parties
1867 2208 23 21 in

1300 2241 13 14 a
1333 2232 63 23 deed.
1439 2231 107 22 Goodhill
1567 2232 46 21 and
1637 2233 108 22 Edwards
1763 2241 19 16 v.
1802 2234 88 28 Barley,

1301 2260 75 27 Cowp.
1394 2261 49 20 600.
1473 2259 78 22 Lester
1566 2265 19 15 v.
1605 2260 108 27 Garland,
1731 2262 9 20 1
1759 2265 68 18 mont.
1843 2262 48 22 471.

1302 2288 66 26 Folly
1378 2293 19 16 v.
1408 2285 90 27 Forbes,
1509 2287 14 20 4
1538 2286 81 22 Moore
1634 2288 48 21 448.
1710 2288 54 22 This
1783 2289 110 22 intention

1301 2316 19 20 is
1329 2318 23 18 to
1369 2314 27 21 be
1414 2312 110 28 gathered
1540 2314 59 21 from
1615 2314 38 21 the
1664 2314 57 22 deed
1733 2316 65 26 itself,
1810 2316 46 22 and
1871 2316 22 22 in

1302 2342 44 21 this
1357 2348 58 17 case,
1427 2340 11 22 I
1449 2340 105 26 contend,
1565 2340 59 22 from
1635 2341 37 22 the
1681 2342 172 23 circumstances
1869 2344 29 21 of

1302 2368 38 23 the
1351 2368 81 26 colony
1443 2370 24 18 at
1477 2367 37 21 the
1521 2367 62 22 time.
1613 2368 63 26 Now,
1686 2372 23 19 at
1717 2369 37 22 the
1763 2370 53 21 time
1827 2371 25 20 of
1856 2370 37 22 the

1303 2396 51 22 date
1365 2395 25 22 of
1398 2395 43 22 this
1454 2398 138 23 agreement,
1604 2402 14 15 a
1627 2395 59 22 Title
1697 2396 91 22 derived
1797 2397 97 28 through

1302 2423 38 22 the
1356 2422 86 22 natives
1457 2429 46 14 was
1521 2420 37 22 the
1570 2421 54 27 only
1633 2422 58 22 Title
1707 2423 81 22 known
1798 2424 24 21 in
1838 2425 56 21 New

1303 2450 107 26 Zealand,
1427 2448 45 22 and
1494 2448 12 22 I
1526 2448 45 22 will
1592 2453 93 18 venture
1705 2453 23 19 to
1748 2455 77 23 assert,
1846 2451 49 22 that

1303 2477 89 22 neither
1401 2476 22 21 of
1434 2475 38 22 the
1483 2475 82 27 parties
1575 2476 24 21 in
1611 2476 44 21 this
1665 2477 50 27 suit,
1728 2485 56 14 were
1794 2478 70 27 likely
1872 2483 23 17 to

1303 2504 67 22 know
1380 2504 24 21 of
1411 2510 44 19 any
1467 2502 64 22 other
1544 2502 57 22 kind
1611 2503 25 21 of
1648 2504 66 27 Title,
1727 2505 44 21 and
1787 2505 109 28 certainly

1303 2538 70 15 never
1387 2529 167 27 contemplated
1570 2537 45 19 any
1626 2531 70 21 other.
1724 2532 61 22 This.
1797 2532 11 22 I
1822 2532 71 27 think,

1303 2558 20 22 is
1333 2556 135 27 sufficiently
1479 2556 66 21 made
1556 2557 106 22 manifest
1671 2565 28 14 on
1718 2558 37 22 the
1766 2559 47 21 face
1825 2561 25 20 of
1858 2560 38 21 the

1305 2586 133 21 instrument
1447 2583 72 27 itself;
1536 2584 34 21 for
1580 2584 23 21 in
1615 2584 36 22 the
1669 2589 116 24 covenaut,
1796 2589 24 19 to
1831 2587 65 21 make

1305 2620 14 15 a
1329 2619 79 22 proper
1418 2617 152 20 conveyance,
1582 2617 38 15 are
1630 2611 70 22 found
1712 2612 61 22 these
1783 2613 114 22 remarka-

1306 2640 35 22 ble
1353 2639 70 23 words
1430 2646 6 13 :
1618 2641 23 18 to
1648 2639 37 21 the
1693 2639 173 23 circumstances
1873 2641 27 21 of

1307 2668 38 21 the
1462 2665 59 21 what
1535 2664 46 22 else
1598 2665 66 21 could
1680 2665 29 22 be
1720 2671 76 17 meant
1805 2669 30 25 by
1846 2668 50 27 this,

1307 2695 54 21 than
1375 2693 46 22 that
1432 2692 38 22 the
1481 2691 101 28 plaintiff
1588 2699 44 14 was
1643 2697 22 16 to
1675 2693 52 26 give
1738 2700 13 15 a
1761 2694 57 22 Title
1826 2701 73 15 some-

1308 2722 65 25 thing
1394 2721 43 21 less
1456 2719 54 21 than
1532 2718 57 22 such
1608 2726 24 14 as
1651 2720 75 22 would
1749 2721 25 21 be
1794 2721 105 27 required

1309 2747 120 27 according
1435 2749 24 19 to
1469 2746 38 22 the
1514 2746 64 21 usual
1585 2746 96 27 practice
1690 2747 26 21 of
1724 2749 174 27 conveyancing.

1310 2775 80 28 Again,
1401 2773 82 23 should
1491 2772 39 22 the
1541 2773 71 22 Court
1623 2774 25 20 be
1659 2774 26 20 of
1699 2775 91 26 opinion
1803 2775 49 22 that
1862 2776 38 22 the

1308 2802 100 29 plaintiff
1414 2800 70 27 ought
1493 2804 24 18 to
1525 2800 52 26 give
1588 2807 15 15 a
1614 2800 57 22 Title
1688 2801 90 23 derived
1793 2802 58 23 from
1862 2803 38 21 the
1908 2801 2 24 !

1310 2831 85 26 Crown,
1405 2828 11 22 I
1424 2826 97 24 contend
1530 2827 51 22 that
1589 2826 38 23 the
1634 2827 123 23 defendant
1766 2829 40 22 has
1813 2830 88 22 waived

1310 2857 30 22 all
1349 2856 59 27 right
1422 2859 24 19 to
1462 2853 55 24 such
1532 2861 15 15 a
1560 2854 67 23 Title.
1655 2855 49 22 The
1725 2855 73 23 defect
1815 2857 25 21 in
1862 2857 39 22 the

1310 2884 60 23 Title
1380 2884 28 26 (if
1415 2883 55 27 any)
1481 2882 19 22 is
1514 2888 14 15 a
1541 2883 75 25 patent
1629 2882 75 27 defect,
1721 2883 55 22 such
1792 2891 14 14 a
1820 2891 42 15 one
1878 2892 25 14 as

1310 2912 39 21 the
1359 2910 122 23 defendant
1489 2909 65 22 knew
1564 2909 26 22 of
1604 2913 23 18 at
1642 2910 39 21 the
1693 2910 54 22 time
1758 2911 26 21 of
1791 2910 37 22 the
1839 2911 47 22 sale
1895 2919 5 19 ;

1310 2939 28 22 he
1349 2938 69 27 ought
1430 2940 21 19 to
1461 2936 58 22 have
1537 2936 81 22 known
1635 2937 26 22 of
1674 2944 14 15 a
1704 2937 161 28 proclamation
1879 2946 25 14 as

1311 2966 68 27 being
1391 2973 13 14 a
1418 2964 76 28 public
1505 2967 43 24 act,
1560 2963 46 23 and
1622 2964 31 22 all
1669 2971 89 20 persons
1767 2965 29 27 by
1804 2965 44 22 law
1864 2972 38 15 are

1312 2992 111 28 supposed
1432 2995 23 18 to
1465 2991 27 22 be
1503 2998 72 15 aware
1587 2991 26 21 of
1619 2991 27 27 it;
1662 2992 46 21 and
1720 2992 24 21 in
1760 2991 62 23 these
1832 3000 72 19 cases,

1312 3020 38 22 the
1366 3019 84 23 maxim
1464 3019 26 21 of
1503 3020 74 20 caveat
1591 3020 86 25 truptor
1693 3018 84 28 applies
1791 3019 113 27 Sugden'a

1313 3046 103 23 Vendors
1427 3046 46 21 and
1488 3046 142 27 Purchasers,
1642 3046 44 22 vol.
1704 3048 20 23 1,
1736 3053 21 20 p.
1768 3048 20 25 2,
1800 3047 46 22 and
1855 3048 50 26 229,

1314 3074 73 21 where
1403 3081 12 14 a
1429 3076 66 24 party
1506 3073 58 22 after
1580 3073 130 27 knowledge
1721 3073 48 21 that
1782 3073 29 22 he
1822 3077 85 18 cannot

1313 3100 58 23 have
1382 3108 13 14 a
1404 3099 59 29 good
1479 3100 68 27 Title,
1558 3099 47 23 still
1619 3100 109 28 proceeds
1736 3100 24 21 in
1775 3100 37 22 the
1823 3103 82 25 treaty,

1314 3128 28 21 he
1354 3128 81 21 waives
1444 3134 46 20 any
1501 3127 121 28 objection,
1625 3131 24 18 to
1658 3127 39 22 the
1711 3127 66 27 Title,
1789 3127 87 27 Ogilvie
1886 3133 20 16 v.

1314 3154 130 28 Folgambe,
1455 3156 14 20 3
1486 3154 59 22 Mer.
1556 3155 34 21 53.
1619 3150 38 27 All
1674 3154 38 22 the
1723 3157 46 18 acts
1780 3154 24 21 of
1816 3154 38 22 the
1865 3154 42 22 de-

1313 3182 94 22 fendant
1416 3181 57 22 tend
1482 3184 23 19 to
1515 3180 62 23 shew
1586 3181 50 22 that
1643 3181 29 22 he
1688 3188 45 15 was
1746 3181 98 22 satisfied
1854 3181 53 22 with

1315 3209 38 22 the
1361 3208 116 28 plaintiffs
1486 3208 61 23 Title
1554 3217 5 19 ;
1575 3208 30 22 he
1615 3208 63 23 takes
1691 3208 123 28 possession
1824 3208 26 21 of
1857 3212 52 24 part

1316 3237 26 21 of
1349 3236 37 21 the
1396 3235 55 23 land
1461 3235 156 27 immediately
1627 3236 57 22 after
1699 3235 118 22 execution
1833 3235 27 22 of
1869 3235 40 22 the

1315 3266 136 24 agreement.
1481 3262 65 27 Now,
1557 3262 125 28 possession
1693 3262 26 23 of
1730 3265 50 24 part
1792 3262 18 21 is
1820 3269 88 19 posses-

1316 3291 50 21 sion
1378 3294 22 18 at
1409 3289 39 22 the
1458 3290 54 21 time
1522 3289 46 22 this
1578 3290 73 21 action
1662 3296 44 15 was
1715 3288 103 27 brought,
1828 3290 29 21 he
1866 3288 42 23 has

1316 3320 40 19 not
1365 3317 24 22 in
1399 3324 46 20 any
1455 3323 57 21 way,
1524 3316 91 27 offered,
1627 3323 25 14 or
1661 3314 123 29 attempted
1793 3318 23 19 to
1830 3322 77 15 rescue

1314 3344 39 22 the
1363 3346 112 25 contract;
1490 3350 30 15 on
1538 3343 39 22 the
1587 3346 110 24 contrary,
1709 3342 43 23 this
1768 3349 48 15 sum
1829 3349 46 16 was
1884 3344 24 19 to

1314 3372 29 21 be
1352 3371 52 28 paid
1414 3377 30 16 on
1453 3370 38 22 the
1503 3370 53 24 16th
1565 3370 137 26 November,
1714 3370 60 26 1840,
1785 3368 45 22 and
1841 3376 23 15 so
1871 3368 36 23 far

1315 3398 58 22 from
1381 3398 69 26 being
1465 3396 134 23 dissatisfied
1615 3396 54 23 with
1678 3396 39 22 the
1734 3396 57 22 Title
1801 3394 62 28 then,
1879 3396 29 21 he

1316 3424 104 28 actually,
1441 3424 68 27 being
1527 3422 84 23 Unable
1627 3426 22 18 to
1667 3430 45 20 pay
1728 3422 37 23 the
1782 3429 83 21 money
1885 3425 24 19 at

1316 3452 50 22 that
1376 3451 61 26 time,
1447 3457 57 21 pays
1512 3450 94 21 interest
1613 3457 60 20 upon
1683 3450 25 26 it,
1718 3449 93 27 thereby
1822 3449 85 27 clearly

1315 3478 106 27 shewing,
1432 3477 51 22 that
1494 3477 28 22 he
1532 3476 39 22 did
1582 3480 40 17 not
1632 3476 103 22 consider
1740 3476 61 22 there
1808 3483 47 16 was
1862 3483 47 19 any

1316 3506 73 22 defect
1398 3506 24 21 in
1432 3504 38 22 the
1480 3503 120 28 plaintiff's
1606 3502 65 28 Title,
1679 3503 49 23 that
1736 3502 29 23 he
1777 3502 66 23 could
1849 3503 60 22 avail

1316 3532 88 23 himself
1427 3532 27 21 of
1474 3535 23 17 to
1520 3530 76 22 refuse
1618 3534 114 24 payment.
1770 3529 101 28 Fludyer
1889 3537 19 16 o.

1316 3558 91 28 Cocker,
1419 3560 27 20 12
1453 3557 61 26 Yes.,
1524 3557 62 22 June
1594 3556 33 24 27.
1657 3556 128 23 Fleetwood
1792 3563 21 16 v.
1823 3558 84 26 Green,

1316 3588 26 21 15
1353 3593 44 20 yes,
1413 3591 58 23 page
1485 3584 49 22 595.
1563 3583 108 28 Auspach
1688 3591 19 15 v.
1719 3584 66 28 Noel,
1796 3585 11 21 I
1827 3584 80 23 Madd.

1311 3615 52 21 4311.
1402 3613 37 22 On
1458 3611 31 24 all
1508 3611 63 22 these
1591 3610 104 28 grounds,
1717 3611 13 22 I
1748 3611 107 28 contend,
1871 3612 38 21 the

1315 3640 100 29 plaintiff
1428 3639 20 22 is
1467 3637 95 24 entitled
1582 3640 24 19 to
1624 3638 39 23 the
1684 3638 120 28 judgment
1824 3639 26 22 of
1870 3640 39 21 the

1316 3669 75 21 Court.

1343 3701 44 23 Mr.
1397 3699 91 28 Bartley
1498 3698 114 29 appeared
1622 3698 34 23 for
1670 3699 39 22 the
1721 3699 130 28 defendant,
1863 3699 46 23 and

1316 3728 67 30 spoke
1392 3732 23 18 to
1432 3727 39 22 the
1480 3726 117 27 following
1614 3725 65 24 effect
1686 3734 5 14 :
1694 3737 29 5 —
1723 3726 47 23 The
1789 3730 120 24 argument

1315 3755 91 28 mainly.
1408 3754 71 23 relied
1491 3760 61 21 upon
1561 3753 36 22 for
1614 3753 37 23 the
1667 3753 99 28 defence,
1778 3754 22 22 in
1814 3757 95 25 support

1316 3783 25 22 of
1356 3781 80 27 which,
1456 3781 86 22 several
1559 3787 63 15 cases
1637 3787 57 16 were
1711 3781 67 27 cited,
1796 3788 47 16 was
1862 3781 47 22 that

1314 3809 90 24 neither
1413 3809 24 21 in
1448 3808 42 22 law
1503 3814 43 15 nor
1556 3807 83 28 equity,
1651 3807 67 23 could
1733 3808 38 23 the
1785 3808 124 23 defendant

1315 3838 28 22 be
1354 3835 125 28 compelled
1488 3837 23 19 to
1519 3842 45 20 pay
1571 3836 35 21 for
1615 3833 54 23 land
1679 3838 23 19 to
1709 3835 73 22 which
1792 3836 63 21 there
1864 3842 45 15 was

1315 3871 30 16 no
1356 3863 65 26 Title,
1433 3869 25 16 or
1476 3869 56 15 even
1543 3869 14 14 a
1568 3861 104 22 doubtful
1687 3862 67 23 Title.
1782 3860 64 25 That'
1855 3869 54 21 pay-

1315 3894 63 20 ment
1395 3890 26 23 of
1437 3896 44 22 any
1497 3888 90 28 portion
1605 3889 25 21 of
1642 3888 39 23 the
1699 3889 109 28 purchase
1826 3896 83 20 money

1314 3918 71 23 under
1394 3917 38 22 the
1443 3920 106 24 contract,
1561 3915 67 23 could
1636 3919 41 19 not
1690 3916 28 23 be
1729 3916 107 23 enforced
1850 3916 59 22 until

1315 3945 101 27 plaintiff
1428 3951 46 16 was
1481 3944 26 22 in
1517 3950 14 15 a
1541 3942 115 24 condition
1675 3947 23 19 to
1709 3943 77 23 tender
1795 3950 26 16 or
1835 3943 52 27 give
1897 3951 12 14 a

1315 3972 65 25 Title,
1393 3971 116 23 otherwise
1520 3970 124 23 defendant
1652 3970 77 27 might
1733 3977 44 20 pay
1784 3970 34 23 bis
1825 3977 84 20 money

94 2030 35 24 At
140 2029 38 24 the
189 2028 46 24 late
248 2028 94 30 sittings
354 2027 25 23 of
395 2027 39 23 the
447 2027 114 30 Supreme
572 2027 79 29 Court,

61 2072 15 15 a
88 2063 75 24 Maori
176 2062 24 24 of
216 2062 38 23 the
267 2068 66 16 name
346 2061 25 23 of
389 2060 91 31 Henry,
500 2060 50 23 who
563 2060 89 24 resided

62 2102 24 19 at
95 2097 34 24 Te
141 2097 49 23 Aro
202 2095 55 33 pah,
270 2102 47 15 was
329 2094 118 23 convicted
461 2093 25 23 of
501 2093 86 31 felony,
608 2094 43 23 and

63 2130 121 24 sentenced
197 2135 22 18 to
230 2129 29 23 be
271 2127 142 32 imprisoned
423 2128 35 23 for
479 2126 63 25 three
560 2128 91 23 months

62 2164 56 24 with
129 2163 56 24 hard
195 2163 88 23 labour.
332 2161 51 23 The
404 2160 52 24 trial
473 2160 56 24 took
547 2160 64 32 place
623 2169 28 15 on

64 2198 121 30 Saturday,
199 2197 38 23 the
248 2197 15 24 7
270 2196 32 28 th,
324 2195 44 23 and
387 2194 65 24 when
470 2199 24 18 at
513 2194 64 23 work
598 2194 53 23 with

65 2232 38 23 the
114 2239 61 23 gang
186 2231 23 23 in
221 2229 39 24 the
270 2229 125 31 beginning
406 2229 25 22 of
440 2228 39 23 the
491 2227 64 24 week
564 2228 87 23 follow-

65 2267 48 29 ing,
126 2265 28 24 he
164 2264 67 24 made
242 2263 37 23 his
298 2270 89 23 escape,
407 2261 46 24 and
470 2261 42 23 has
533 2265 40 19 not
590 2262 63 23 since

65 2299 58 24 been
134 2296 143 33 recaptured.
322 2296 23 23 It
363 2297 20 22 is
394 2293 107 33 reported
510 2294 51 24 that
573 2295 28 23 he
612 2295 41 24 has

65 2333 57 23 been
145 2338 55 17 seen
223 2330 131 31 repeatedly
375 2330 62 22 since
457 2329 24 22 in
501 2328 39 24 the
562 2328 46 31 pah
630 2334 23 18 to

66 2365 75 24 which
159 2365 29 22 he
208 2363 105 30 belongs,
334 2363 46 22 and
399 2370 33 15 we
453 2361 57 24 have
522 2361 71 24 heard
606 2363 48 22 that

70 2399 80 30 Sayer,
170 2398 24 23 in
214 2404 112 23 company
347 2395 55 23 with
423 2394 65 24 other
517 2396 136 29 constables,

66 2433 44 24 has
122 2439 55 16 once
190 2437 24 17 or
226 2431 65 22 twice
305 2429 109 23 searched
427 2429 71 28 there,
510 2429 42 23 but
562 2429 92 24 without

68 2466 70 31 being
148 2465 51 23 able
211 2468 23 19 to
247 2463 103 23 discover
362 2463 56 22 him.
461 2462 85 29 These,
567 2470 32 16 we
611 2471 43 15 un-

68 2498 115 29 derstand,
204 2505 38 16 are
262 2496 39 24 the
319 2496 54 31 only
392 2504 118 15 measures
530 2496 49 23 that
598 2497 56 24 have

68 2534 58 22 been
139 2531 97 32 adopted
249 2535 23 18 to
284 2537 93 16 recover
388 2529 39 23 the
439 2530 114 30 prisoner.

105 2566 42 23 We
170 2572 107 24 presume
301 2564 48 22 that
371 2563 38 23 the
431 2563 117 23 contables
569 2565 85 23 receive

69 2600 58 24 their
140 2599 76 24 orders
224 2598 60 23 from
293 2597 39 23 the
342 2596 79 24 Police
432 2596 158 31 Magistrates;
602 2598 52 29 and,

69 2634 119 30 assuming
204 2632 50 23 that
274 2631 54 30 they
347 2630 36 29 do,
407 2637 33 16 we
465 2635 84 18 cannot
566 2631 90 24 forbear

70 2667 134 31 expressing
217 2673 42 16 our
272 2664 100 31 opinion,
394 2663 50 24 that
463 2664 72 23 either
552 2664 37 23 the
602 2672 54 16 con-

71 2701 84 23 stables
166 2700 57 23 have
235 2702 42 21 not
286 2697 64 24 acted
362 2697 55 24 with
433 2697 44 24 due
489 2697 124 31 deligeuce,
633 2706 24 15 or

70 2735 38 23 the
121 2733 150 32 Magistrates
282 2732 58 23 have
353 2730 95 24 avoided
466 2731 135 32 interfering
621 2736 35 19 too

72 2768 71 30 freely
154 2768 98 23 because
264 2765 39 24 the
316 2772 50 15 case
378 2765 21 22 is
411 2763 50 24 that
473 2764 26 23 of
514 2773 13 14 a
538 2766 85 23 native.

106 2801 51 23 The
169 2799 98 24 conduct
278 2798 25 24 of
312 2798 56 23 both
381 2798 150 31 Magistrates
543 2798 44 23 and
596 2799 61 23 Con-

72 2834 84 23 stables
176 2833 42 23 has
228 2848 3 3 ■
237 2832 39 23 the
297 2838 140 24 appearance
461 2831 25 22 of
507 2831 83 31 apathy
614 2832 44 23 and

73 2867 154 27 indifference,
249 2864 45 24 and
305 2865 103 29 requires
421 2864 146 31 explanation
577 2873 6 20 ;
605 2866 52 30 they

73 2899 83 26 should
167 2904 40 19 not
218 2899 58 22 have
287 2897 94 23 relaxed
393 2904 25 15 or
425 2897 76 23 rested
510 2897 57 23 until
575 2897 83 32 Henry

73 2941 46 15 was
138 2931 102 29 retaken,
261 2930 45 24 and
324 2930 67 30 again
412 2930 103 31 securely
532 2930 82 31 lodged
635 2932 23 24 in

74 2966 60 32 gaol.
181 2965 56 24 Had
254 2964 55 30 they
329 2963 70 24 found
409 2963 18 23 it
439 2963 88 24 useless
540 2965 120 32 searching

73 3001 87 30 longer,
179 2998 53 32 they
245 2997 82 25 should
339 2996 58 24 have
409 2996 84 24 offered
505 3006 13 14 a
528 2998 86 23 reward
625 2999 35 23 for

75 3034 35 23 his
128 3033 168 32 apprehension
306 3040 6 20 ;
332 3030 51 29 and,
403 3029 44 24 had
467 3030 53 31 they
540 3031 120 31 published

75 3067 44 24 and
130 3065 121 34 placarded
263 3066 23 24 in
300 3065 38 23 the
350 3064 76 23 native
437 3064 115 31 language
564 3073 29 15 an
605 3065 55 24 offer

75 3102 26 23 of
115 3109 13 15 a
140 3108 51 16 sum
202 3100 26 23 of
242 3106 83 23 money
337 3097 35 23 for
383 3097 37 23 his
429 3102 127 26 recapture,
569 3106 33 15 we
614 3099 46 24 feel

75 3133 122 25 convinced
216 3133 52 24 that
286 3132 30 24 he
332 3130 74 24 would
418 3130 40 24 hot
468 3130 58 24 have
538 3132 57 23 been
607 3132 54 32 long

75 3173 25 19 at
118 3168 71 32 large.
237 3167 48 23 But
307 3165 81 30 Henry
407 3165 20 22 is
446 3173 14 14 a
479 3164 85 30 Maori,
575 3165 45 24 and
632 3173 28 16 an

75 3201 134 32 indulgence
221 3201 21 23 is
254 3199 80 24 shewn
343 3197 51 25 him
404 3197 75 24 which
491 3198 75 24 would
582 3203 40 19 not
632 3198 29 24 be

74 3235 78 24 •hewn
163 3240 23 18 to
197 3242 30 16 an
239 3233 134 31 European.
413 3231 22 24 If
450 3238 43 16 one
505 3231 26 24 of
546 3231 38 24 the
595 3232 66 24 latter

74 3269 46 24 had
130 3267 105 32 escaped,
248 3267 39 23 the
295 3266 72 24 whole
380 3270 59 18 town
450 3265 73 23 would
535 3265 57 24 have
603 3265 58 25 been

76 3301 138 32 thoroughly
237 3299 137 29 ransacked,
397 3297 45 25 and
462 3297 30 24 he
512 3298 75 23 would
605 3299 57 24 have

77 3335 58 25 b«en
155 3334 141 25 discovered.
341 3333 40 25 He
397 3332 75 24 would
490 3331 58 25 have
559 3332 57 24 been
625 3339 36 17 re-

79 3368 69 24 taken
169 3373 23 18 to
211 3368 62 24 shew
297 3372 23 19 to
338 3367 38 24 his
394 3365 75 25 fellow
488 3365 109 24 colonists
614 3365 49 24 that

78 3408 80 25 escape
169 3401 20 23 it
199 3407 40 17 not
250 3400 123 33 permitted
383 3399 55 24 with
451 3400 121 31 impunity,
585 3399 43 24 and
640 3403 23 20 to

79 3434 111 24 inculcate
200 3434 40 23 the
251 3434 114 31 necessity
378 3434 26 24 of
419 3441 13 16 a
444 3433 66 24 strict
527 3433 137 24 observance

79 3468 26 23 of
120 3475 41 16 our
172 3467 63 24 laws.
278 3467 29 24 If
319 3469 78 30 acting
414 3467 54 23 with
487 3466 112 31 diligence
620 3466 44 24 and

79 3501 116 30 efficiency
207 3501 21 22 is
236 3507 121 24 necessary
369 3501 35 23 for
421 3500 37 25 the
481 3499 143 33 Europeans,
648 3501 17 22 it

79 3535 22 23 is
122 3532 169 33 indispensable
313 3534 35 23 for
369 3534 40 24 the
430 3534 105 29 Natives,
561 3534 48 24 who
627 3541 38 16 are

79 3567 81 32 hardly
183 3566 135 32 acquainted
340 3567 55 24 with
418 3574 41 17 our
477 3567 63 24 laws.
587 3567 78 31 Every

79 3600 155 34 opportunity,
247 3607 27 15 so
284 3598 56 31 long
357 3607 26 16 as
402 3600 52 31 they
473 3601 86 23 remain
578 3600 88 25 British

80 3636 110 31 subjects,
202 3632 83 25 should
296 3632 29 23 be
336 3633 77 23 seized
425 3636 23 21 to
458 3634 69 24 make
540 3634 61 24 them
619 3642 44 16 un-

82 3660 108 34 derstaid
211 3664 134 35 practically
369 3665 38 23 the
428 3674 96 16 manner
547 3668 23 23 in
592 3668 73 24 which

70 3706 3 7 '
82 3711 42 16 our
134 3703 56 24 laws
200 3703 64 22 must
280 3699 30 24 be
329 3697 115 26 enforced.
491 3701 52 24 The
556 3701 109 29 Maories,

82 3736 125 28 doubtless,
221 3732 82 33 regard
316 3731 38 24 the
365 3731 104 32 leniency
477 3734 75 23 whioh
559 3734 41 24 has
609 3735 57 23 been

70 3788 3 5 .
82 3770 78 25 shown
173 3775 23 18 to
209 3768 85 30 Henry
305 3767 23 22 in
340 3765 107 31 allowing
457 3765 49 24 him
515 3770 23 19 to
551 3768 86 23 remain
644 3772 22 20 at

81 3804 73 32 large,
167 3802 72 25 either
251 3808 26 16 as
289 3808 14 16 a
319 3798 115 33 specimen
454 3798 27 23 of
494 3798 111 26 kindness
623 3802 43 23 and

80 3838 81 24 favour
173 3844 36 21 on.
214 3835 39 24 the
265 3838 52 28 part
328 3833 26 23 of
368 3831 38 24 the
419 3829 166 33 Government,'
595 3842 25 15 or
637 3842 29 16 an

82 3869 161 33 indisposition
255 3873 24 19 to
291 3871 37 20 act
339 3873 30 17 on
380 3869 99 20 account
489 3864 26 25 of
529 3865 89 33 fearing
628 3867 38 24 the

83 3899 92 29 results!
211 3902 52 25 The
271 3901 80 24 Police
362 3899 150 30 Magistrates
524 3903 68 26 must,
604 3900 62 24 how-

83 3944 61 22 ever,
156 3936 29 24 do
197 3935 59 25 their
268 3934 64 31 duty,
345 3932 45 25 and
407 3932 21 24 if
444 3931 37 25 the
499 3932 104 31 prisoner
621 3933 45 24 still

82 3970 78 25 eludes
172 3969 38 24 the
220 3967 113 32 vigilance
351 3966 25 24 of
391 3965 39 25 the
451 3965 143 31 Constables,
615 3966 51 32 they

1940 3671 227 25 SPORTING
2197 3662 314 33 INTELLIGENCE.

1973 3727 137 24 Trotting
2141 3727 126 23 Matches
2296 3732 32 17 at
2358 3725 124 23 Sumbort.

1940 3760 77 24 These
2028 3760 102 24 matches
2143 3760 55 24 took
2209 3760 63 32 place
2283 3760 24 22 in
2318 3757 74 32 April,
2412 3763 27 16 on
2456 3753 57 24 Snn-

1938 3795 61 31 bury
2017 3794 122 29 Common,
2159 3793 46 24 and
2231 3791 110 25 attracted
2363 3799 14 15 a
2399 3791 112 21 numerous

1938 3828 145 31 assemblage
2095 3827 26 24 of
2135 3827 39 23 the
2214 3826 95 31 trotting
2476 3816 38 26 and

1939 3861 66 24 other
2028 3861 105 32 sporting
2156 3860 137 24 characters.
2472 3857 42 18 was

1939 3894 39 25 the
1987 3895 59 24 head
2059 3899 113 27 quarters,
2184 3894 45 23 and
2248 3893 63 23 there
2330 3890 38 24 the
2384 3885 130 36 speculative

1938 3933 84 27 gentry
2042 3927 152 32 congregated
2214 3927 24 23 in
2255 3929 61 28 great
2336 3923 69 28 force,
2424 3921 38 24 but
2481 3916 35 24 the

1938 3962 90 30 betting
2039 3969 47 16 was
2099 3960 76 25 rather
2187 3958 65 26 slack
2253 3971 32 5 —
2286 3958 38 24 the
2344 3955 55 25 oddi
2411 3954 25 23 of
2450 3954 13 22 5
2476 3949 40 25 and

547 45 99 47 ®f)*
671 45 117 42 Nito
816 44 211 41 Zealand
1053 40 193 49 <&mttt
1271 42 92 40 tint*
1389 39 306 46 WMUnqton

660 139 61 19 must
738 134 68 30 adopt
824 134 38 23 the
880 132 143 28 alternative,
1042 131 84 24 which'
1133 138 35 17 we
1190 131 55 24 have

661 167 129 31 suggested,
811 167 24 23 of
860 166 98 30 offering
978 173 14 15 a
1010 164 88 27 reward
1115 164 35 23 for
1160 164 37 24 his
1208 172 37 16 re-

660 206 101 25 capture.

104 139 169 27 SHIPPING
292 137 278 26 INTELLIGENCE.

823 255 93 24 PACK
936 254 144 25 CATTLE.

266 197 142 20 ARRIVED.

55 225 111 28 October
187 232 36 23 25,
242 230 104 21 schooner
367 230 73 25 Ocean,
461 228 36 24 30,
519 228 113 25 Ferguson,

46 259 55 21 from
111 258 128 21 Manavratu.

75 287 61 19 Same
152 286 48 26 day,
216 285 49 26 brig
283 285 101 25 Victoria,
402 284 49 24 220,
471 282 98 25 Sinclair,
580 282 52 21 from

47 313 36 21 the
94 313 40 21 Kai
145 313 78 20 Koras.

287 360 116 23 SAILED.

73 394 94 22 October
176 395 35 24 25,
221 392 114 31 schooikpp
340 393 66 20 Three
415 392 111 24 Brothers,
537 391 27 19 50
574 392 58 22 tons,

46 422 34 21 for
89 423 37 19 the
136 425 66 18 coast.
239 416 23 17 w
273 425 25 13 ••-■'
305 416 27 21 '•■>•
343 430 5 5 -

73 453 62 20 Same
152 453 47 24 day,
214 448 119 26 brigantine
353 447 79 23 Scotia,
450 446 27 20 68
494 448 57 22 tons,
562 444 72 25 Ward,

47 479 33 22 for
91 480 36 20 the
136 480 66 20 coast.

74 506 93 23 October
176 505 35 24 26,
221 502 120 27 brigantine
355 501 121 26 Vanguard,
497 501 34 25 61,
543 500 91 23 Pelford,

47 534 34 21 for
91 535 36 19 the
137 536 64 18 coast.

1889 124 95 22 without
1993 130 52 16 ever
2055 123 68 26 being
2132 124 49 22 able
2189 127 24 18 to
2224 124 73 22 obtain
2309 125 47 23 that
2365 127 34 23 for
2407 130 64 25 which

1890 151 30 21 he
1935 150 47 22 had
1994 150 61 28 paid.
2091 150 58 22 That
2165 150 97 28 plaintiff
2277 150 45 24 had
2337 160 28 14 no
2380 155 55 24 Title
2450 167 21 15 or

1891 177 74 21 Grant
1971 176 59 22 from
2039 176 39 22 the
2085 177 85 27 Crown,
2179 177 57 22 from
2247 177 73 23 whom
2329 179 64 23 alone
2402 183 69 26 aTitla

1890 207 24 17 to
1924 203 55 22 land
1996 203 24 21 in
2035 203 39 21 the
2085 203 85 28 Colony
2177 204 67 22 could
2258 204 28 22 be
2296 205 96 24 derived.
2418 210 53 25 That

1891 230 22 21 if
1930 230 37 22 the
1984 230 68 22 Court
2067 230 53 22 held
2135 230 38 22 the
2192 234 109 23 contrary,
2320 234 92 27 namely,
2430 237 41 24 that

1892 263 155 21 conveyances
2064 256 71 22 either
2146 256 122 28 mediately
2282 264 24 14 or
2323 258 89 30 directly
2421 263 49 26 from

1892 283 40 22 the
1941 283 93 26 natives,
2047 283 65 22 could
2126 284 27 20 be
2165 284 104 22 enforced
2279 284 44 22 and
2335 288 106 24 sustained
2450 292 20 23 in

1894 310 82 21 Courts
1985 310 26 21 of
2019 309 53 22 Law
2083 317 25 14 or
2117 310 90 28 Equity,
2219 318 14 14 a
2243 311 72 22 Grant
2325 318 24 14 or
2358 312 55 24 Title
2421 316 50 25 from

1894 336 38 22 the
1948 336 79 22 Crown
2041 336 92 22 became
2149 337 24 21 in
2182 344 54 20 -any
2245 344 50 16 case
2309 344 119 23 necessary.
2454 344 19 23 If

1894 363 39 21 the
1944 364 69 20 Court
2023 363 74 21 would
2108 363 88 32 enforce
2206 368 140 22 agreements
2353 365 26 22 of
2385 367 39 22 this
2434 370 36 23 dis-

1895 390 104 28 cription,
2008 397 14 14 a
2031 390 120 28 purchaser
2162 390 74 22 would
2245 390 28 22 be
2282 391 22 21 in
2311 390 37 22 the
2356 397 55 18 most
2418 395 54 28 help,

1894 416 45 22 less
1958 416 115 22 condition
2092 416 108 28 possible;
2221 418 36 21 for
2275 418 37 22 the
2332 418 139 29 Government

1895 443 75 22 would
1986 449 40 16 not
2040 444 118 26 recognize
2173 451 46 20 any
2228 444 64 26 Title,
2302 444 76 22 unless
2395 447 76 27 derived

1895 470 60 21 from
1971 468 38 23 the
2021 470 87 26 Crown,
2119 470 44 22 and
2172 471 74 27 might
2255 471 117 27 dispossess
2382 473 35 22 the
2425 482 43 20 pur.

1896 496 86 24 chaser,
2000 503 25 15 or
2039 499 41 19 not
2095 497 68 27 ratify
2174 497 34 21 his
2223 498 65 21 claim
2295 505 6 19 ;
2319 497 72 23 whilst
2404 508 25 14 on
2442 504 29 23 the

1896 524 64 21 other
1976 522 67 28 hand,
2055 524 39 21 the
2104 524 77 22 Courts
2192 524 105 22 enforced
2304 530 106 22 payment
2423 528 48 27 from

1897 550 82 27 parties
1989 553 23 18 to
2022 557 14 14 a
2046 553 100 19 contract
2155 550 34 22 for
2200 550 39 22 the
2248 558 60 15 same
2318 551 60 23 land.

1927 583 44 21 Mr.
1991 583 25 22 C.
2036 583 27 22 B.
2085 584 87 21 Brewer
2189 583 86 29 replied
2293 587 24 18 at
2335 585 136 28 considerable

1899 609 89 28 length.

1927 637 44 21 His
1981 636 82 22 Honor
2073 637 37 22 the
2119 637 67 21 Chief
2193 636 85 23 Justice
2289 639 120 26 postponed
2415 641 57 29 judg-

1900 666 62 19 ment
1971 665 23 19 to
2005 671 14 14 a
2028 663 73 22 future
2111 664 76 26 sitting
2196 665 26 20 of
2231 664 37 21 the
2278 664 75 22 Court.

1958 724 213 24 COLONIAL
2201 724 225 26 EXTRACTS.

273 574 34 20 IN
323 569 84 25 )PORT.

72 614 87 25 Barque
195 611 132 24 Indemnity,
364 608 43 20 450
440 611 58 20 tons,
536 605 100 25 refitting.

46 641 93 26 Agents,
150 639 114 26 Ridgwnyfl
273 637 44 21 and
327 636 39 20 Co.

75 669 111 20 Schooner
207 667 60 24 Ann,
291 665 28 21 22
340 667 59 17 tons.
428 662 53 21 Laid
507 668 36 20 u£.

59 690 3 5 '
75 697 110 19 Schooner
209 694 65 25 Erin,
301 693 27 19 25
354 694 58 18 tons.
441 690 53 20 Laid
506 696 36 19 up.

74 724 109 21 Schooner
189 721 72 20 Maori
269 721 74 25 Davis,
352 720 25 19 15
385 722 59 17 tons.
460 717 3 6 '
474 716 123 27 Repairing.

77 752 83 24 Barque
184 750 72 24 Mary,
282 748 42 20 534
348 750 58 21 tons,
429 746 77 21 Grant.
548 745 88 24 Agents,

49 779 99 20 Boulcott
159 779 18 18 &
189 777 39 20 Co.

76 807 83 25 Barque
177 805 107 23 Glenarm,
303 803 41 22 297
360 804 58 22 tons,
435 801 57 26 Guy.
531 800 107 24 Bouloott,

50 835 78 25 Agent.

77 862 108 20 Schooner
193 860 110 25 Industry,
315 859 25 19 24
352 860 57 22 tons,
420 857 84 26 Wylde.
532 855 23 21 J.
566 854 72 25 Wade,

49 890 78 25 Agent.

77 917 83 26 Barque
175 915 129 26 Brougham,
325 914 49 21 227.
392 912 130 20 Robsrtson.
550 910 88 26 Agents,

50 945 102 19 Boulcott
161 943 43 21 and
214 943 40 20 Co.

79 973 62 25 Sloop
152 972 68 23 Royal
228 969 103 23 William,
337 968 27 20 43
371 970 57 21 tons,
437 967 84 20 Lovett.
551 966 87 25 Agents,

50 999 94 20 Wallace
154 999 41 19 and
207 998 39 20 Co.

80 1027 106 21 Schooner
207 1026 99 22 Oratava,
326 1023 25 20 91
369 1024 58 21 tons,
448 1020 86 21 Adams.
562 1020 77 26 Agent,

54 1053 99 27 Captain.

78 1082 84 25 ifarque
172 1079 84 24 Bolina,
268 1079 40 20 245
320 1080 56 18 tons.

69 1106 3 3 '
84 1108 106 20 Schooner
209 1107 75 25 Ocean,
301 1106 28 20 30
346 1107 56 22 tons,
423 1103 114 26 Ferguson.
576 1102 65 20 Waitt

51 1136 42 20 and
102 1136 74 25 Tyser,
186 1135 89 26 Agents.

80 1163 51 25 Brig
148 1163 101 25 Victoria,
261 1161 40 20 220
320 1162 56 22 tons,
395 1158 96 21 Sinclair.
521 1157 68 21 Waitt
599 1157 42 21 and

53 1190 73 27 Tyser,
136 1190 87 26 Agents.

695 310 44 24 We
750 318 37 16 are
799 310 54 32 glad
874 315 24 19 to
909 311 55 22 bear
982 309 49 24 that
1042 317 14 16 a
1068 308 84 24 Settler
1173 310 24 22 in
1209 308 40 24 the

663 345 61 23 Hutt
736 344 41 23 has
788 344 59 23 been
865 343 102 30 training
978 350 13 16 a
1002 342 49 24 bull
1071 345 24 20 to
1113 349 65 23 carry
1190 342 59 23 him-

663 377 45 24 self
723 377 45 23 and
785 377 113 31 baggage.
935 376 24 23 A
977 375 43 31 day
1032 383 25 16 or
1075 379 44 19 two
1138 375 63 23 since
1222 374 29 25 he

664 410 97 30 brought
770 409 38 24 his
820 411 65 22 beast
896 409 68 23 laden
976 408 54 24 with
1041 408 99 31 produce
1151 413 22 17 to
1183 407 66 25 Wel-

664 444 95 30 lington,
771 444 45 22 and
836 443 58 23 after
914 442 97 30 making
1030 442 37 22 his
1087 440 102 25 markets
1208 442 45 23 and

663 477 92 31 placing
765 484 15 16 a
789 476 46 31 bag
847 475 25 24 of
881 475 59 24 flour
950 483 29 16 on
990 475 40 23 the
1041 473 61 25 back
1113 475 23 23 of
1152 474 38 24 the
1202 475 49 23 ani-

665 510 52 28 mal,
729 510 30 23 he
770 510 45 23 and
832 510 36 22 his
881 516 42 16 son
940 508 117 28 mounted,
1070 508 46 23 and
1125 515 60 16 were
1199 515 54 16 seen

665 543 71 30 safely
747 543 122 30 travelling
879 542 69 29 along
961 542 38 22 the
1017 540 85 24 Petoni
1110 540 65 24 road;
1209 541 44 23 We

665 576 28 23 do
705 581 40 18 not
757 575 66 24 think
834 574 51 24 that
894 574 115 24 sufficient
1018 574 110 23 attention
1142 574 40 23 has
1194 574 58 23 been
1256 581 2 6 '

665 609 52 31 paid
729 610 23 22 in
769 608 58 24 New
839 607 109 28 Zealand,
961 612 23 19 to
1005 607 46 23 this
1069 607 56 23 kind
1137 607 25 23 of
1179 611 75 19 trans-

665 647 50 26 port
727 642 25 23 of
766 642 79 31 goods.
882 640 30 25 In
924 640 122 31 travelling
1058 641 24 22 in
1095 640 67 24 India
1178 640 77 31 nearly

667 676 37 23 the
723 675 72 23 whole
813 675 25 23 of
854 674 39 24 the
911 673 130 25 moveables
1062 680 39 17 are
1119 673 87 24 carried
1226 681 30 15 on

667 708 111 29 bullocks,
791 708 45 23 and
848 707 20 24 if
877 715 52 16 care
941 707 28 24 be
981 707 70 24 taken
1060 707 23 22 in
1098 707 104 31 properly
1214 706 41 24 ad-

664 742 89 32 justing
771 741 39 24 the
827 740 68 33 pack,
908 741 40 23 the
960 741 84 23 animal
1056 740 54 24 does
1129 744 40 19 not
1187 740 69 24 suffer

667 776 58 24 from
738 776 37 23 the
785 774 186 25 inconvenience.
1008 773 26 24 If
1048 781 62 17 some
1122 774 27 23 of
1164 773 37 24 the
1212 780 44 17 un-

669 808 117 32 employed
805 812 131 27 carpenters
957 807 75 25 would
1052 807 78 24 devote
1143 807 59 23 their
1220 807 36 23 in-

668 843 92 31 genuity
779 847 23 18 to
821 842 106 30 devising
945 849 14 16 a
976 841 60 31 good
1053 840 60 31 pack
1133 841 78 22 saddle
1223 839 34 24 for

668 875 111 29 bullocks,
794 883 32 16 we
838 875 45 23 feel
901 874 128 32 persuaded
1048 874 50 22 that
1117 874 53 30 they
1183 872 74 24 would

669 916 55 15 soon
741 916 54 23 reap
808 908 38 24 the
864 908 86 23 benefit
961 908 26 23 of
1005 907 60 23 their
1082 907 138 27 inventions,
1233 913 24 16 as

668 941 93 24 bullock
772 941 80 23 labour
863 946 64 18 must
938 940 29 24 be
977 941 25 22 in
1015 940 97 23 demand
1129 947 25 15 so
1167 946 57 16 soon
1233 947 24 15 as

668 982 63 16 more
747 974 69 23 roads
835 981 39 16 are
887 974 95 30 opened.
1019 973 39 23 On
1070 973 57 23 such
1139 980 14 15 a
1164 971 56 24 road
1232 979 25 16 as

669 1008 38 23 the
728 1008 85 22 Karori
835 1006 39 23 the
895 1007 85 23 farmer
1001 1006 75 22 would
1098 1006 75 22 derive
1192 1010 65 25 great

669 1041 84 23 benefit
764 1048 57 15 were
841 1039 30 23 he
890 1043 23 19 to
932 1043 116 26 transport
1069 1039 36 22 his
1124 1039 99 30 produce
1236 1043 21 18 to

669 1074 89 24 market
778 1074 30 29 by
828 1080 79 16 means
922 1072 25 24 of
968 1072 59 31 pack
1046 1072 115 23 bullocks.
1204 1072 53 23 And

669 1107 59 24 until
746 1114 41 16 our
808 1106 66 24 roads
898 1114 38 15 are
956 1105 66 24 made
1040 1105 69 24 wider
1131 1105 45 23 and
1195 1112 62 16 more

672 1140 99 29 durable,
785 1139 38 24 the
841 1140 86 22 farmer
938 1138 46 24 will
1001 1139 28 25 be
1039 1138 73 24 under
1123 1138 39 24 the
1180 1146 77 15 neces-

670 1175 45 29 sity
727 1174 23 23 of
762 1173 87 31 having
860 1180 106 17 recourse
983 1176 24 19 to
1020 1173 127 30 conveying
1157 1171 36 24 his
1204 1180 53 23 pro-

672 1207 56 22 duce
739 1208 23 21 in
775 1207 45 22 this
834 1214 104 15 manner.

191 1258 99 27 Spirits
301 1257 56 22 and
369 1256 135 21 Tobacco.

766 1269 185 25 POLICE
994 1268 95 25 COU
1089 1268 28 25 R
1117 1268 55 25 T.

83 1309 63 22 Stock
157 1315 26 14 on
192 1309 58 20 hand
259 1309 33 20 the
303 1310 42 19 Ist.
362 1308 84 20 Instant
454 1305 123 26 —Brandy,
588 1305 55 19 3458

53 1338 95 27 gallons;
171 1336 53 21 B.P.
244 1336 63 23 Rum,
327 1336 54 19 4222
400 1335 97 25 gallons;
524 1333 50 23 Gin,
590 1332 53 20 1649

53 1365 96 27 gallons;
178 1364 90 25 Arrack,
287 1364 41 20 189
349 1363 95 26 gallons;
473 1361 111 24 Whiskey,
603 1360 40 20 294

53 1393 81 27 gallons
141 1401 6 16 ;
167 1399 47 13 case
225 1392 93 26 Brandy,
330 1391 25 20 98
366 1390 81 26 gallons
456 1397 6 14 ;
485 1395 47 14 case
543 1387 49 24 Gin,
603 1387 40 20 523

53 1420 82 27 gallons
144 1428 6 16 ;
174 1420 29 26 fig
211 1420 108 23 Tobacco,
330 1418 81 23 59161b
422 1425 6 16 ;
453 1416 81 25 Cigars,
546 1416 54 19 2505
606 1416 22 22 Ite
638 1422 5 17 ;

55 1448 78 23 Snuffi,
145 1449 40 20 322
190 1449 22 21 U5
221 1455 5 16 ;
244 1447 104 23 Cordials,
359 1447 27 20 33
395 1446 91 25 gallons.

73 1509 130 23 NOTICE
222 1509 45 23 TO
288 1504 336 27 CORRESPONDENTS.

62 1564 43 21 STAe
115 1565 61 20 fetter
186 1564 27 25 <y
220 1563 51 22 Fair
282 1563 56 26 Play
348 1563 38 20 Acs
402 1562 48 20 been
465 1561 98 25 received,
574 1560 42 20 and
628 1559 22 25 if

86 1592 27 20 he
121 1592 45 21 will
176 1591 83 25 flavour
275 1597 25 14 us
319 1590 153 26 confidentially
482 1589 51 20 with
548 1588 33 20 his
590 1593 58 15 name

86 1619 41 20 and
135 1619 93 25 address,
239 1619 19 18 it
275 1618 56 20 shall
347 1623 85 21 appear.
462 1618 43 19 But
520 1622 23 14 as
559 1621 29 14 we
597 1615 51 20 inti-

85 1647 70 20 mated
180 1648 22 19 in
228 1645 148 25 Wednesday's
401 1646 94 23 Gazette,
519 1649 30 14 we
573 1644 76 19 cannot

83 1675 84 25 publish
195 1679 127 19 anonymous
345 1674 80 19 letters.
467 1670 179 26 Correspondents,

87 1703 99 25 however,
193 1707 47 20 may
250 1701 44 26 rely
302 1701 46 20 that
355 1701 56 20 their
418 1705 70 15 names
497 1699 41 20 and
546 1698 104 20 addresses

86 1731 45 19 will
145 1730 78 24 always
239 1729 24 20 be
279 1728 85 26 strictly
381 1727 115 25 concealed,
515 1727 68 20 unless
599 1726 18 19 it
632 1725 18 19 is

87 1759 56 19 tkeir
152 1757 52 21 wish
213 1757 47 20 that
271 1757 56 19 their
343 1756 171 25 correspondence
530 1754 75 21 should
613 1759 36 19 ap-

85 1792 52 19 pear
145 1785 53 20 with
207 1785 56 20 their
272 1785 125 24 signatures.
