2559 4039
1322 1635 67 23 How
1404 1642 31 17 to
1455 1635 71 24 Swim
1545 1642 91 18 under
1653 1635 106 25 Water.
1763 1648 32 5 —
1795 1635 79 25 When

1288 1675 44 23 you
1354 1669 57 22 have
1425 1668 66 23 dived
1509 1677 23 15 as
1554 1668 55 32 deep
1622 1677 24 15 as
1667 1677 45 23 you
1725 1669 62 29 wish,
1801 1669 75 24 strike

1288 1707 40 17 out
1341 1701 54 24 with
1413 1701 38 24 the
1471 1701 79 30 hands,
1564 1702 82 31 taking
1658 1710 50 15 care
1728 1707 21 19 to
1769 1702 55 24 tuck
1845 1710 31 24 up

1289 1734 37 23 the
1346 1734 93 24 thumbs
1460 1734 35 24 till
1507 1735 35 24 the
1564 1736 45 30 tips
1621 1736 26 23 of
1665 1735 61 24 them
1747 1736 67 23 touch
1837 1736 38 23 the

1288 1767 66 24 inner
1373 1773 52 26 part
1437 1769 26 22 of
1479 1769 36 22 the
1526 1769 80 23 lowest
1620 1768 73 32 joints
1707 1769 24 23 of
1749 1768 56 24 each
1815 1768 60 24 little

1288 1801 81 31 finger,
1384 1806 22 19 to
1427 1806 92 26 prevent
1536 1802 38 23 the
1592 1802 61 23 hand
1676 1802 67 30 being
1755 1800 119 33 concave,)

1288 1834 44 22 and
1344 1834 59 31 keep
1416 1835 40 22 the
1468 1835 42 30 tips
1521 1835 26 23 of
1557 1835 36 23 the
1601 1835 87 30 fingers
1698 1835 90 30 pointed
1798 1835 78 23 down-

1289 1867 71 23 wards
1371 1867 106 29 [towards
1497 1867 36 23 the
1552 1867 96 24 bottom.
1695 1868 27 23 If
1738 1876 45 22 you
1803 1868 74 23 would

1289 1901 63 23 swim
1363 1900 145 31 middle-way
1519 1901 99 23 between
1631 1901 38 23 the
1681 1900 85 24 bottom
1778 1901 45 23 and
1836 1901 39 23 the

1291 1934 97 28 surface,
1407 1933 68 24 make
1495 1934 36 23 the
1552 1933 91 24 strokes
1655 1934 26 23 of
1697 1934 37 23 the
1752 1942 61 16 arms
1831 1934 45 23 and

1291 1966 73 24 hands
1382 1966 107 29 inwards,
1500 1967 47 28 i.e.,
1569 1967 97 23 towards
1685 1974 52 23 you,
1750 1975 25 15 as
1794 1968 19 22 if
1832 1975 45 23 you

1289 2000 79 22 ■would
1382 2000 109 22 .embrace
1505 2000 38 21 the
1555 2004 81 17 waters
1655 1999 29 30 by
1696 2000 61 29 large
1771 2000 105 28 -arnriuls,

1290 2031 99 32 keeping
1396 2032 38 23 the
1446 2032 90 26 thumbs
1546 2032 82 22 turned
1639 2032 76 22 rather
1724 2031 150 25 downwards.

1292 2065 77 23 These
1382 2072 39 16 are
1431 2071 61 17 most
1502 2066 123 30 important
1634 2072 150 16 manoeuvres.
1822 2065 55 23 You

1291 2106 39 15 are
1342 2098 53 23 thus
1408 2098 93 23 enabled
1514 2103 21 18 to
1547 2106 53 23 pass
1611 2105 88 16 unseen
1707 2106 75 15 across
1792 2107 14 14 a
1814 2100 63 22 river

1291 2140 24 14 or
1326 2131 87 23 branch
1425 2131 24 23 of
1460 2136 78 23 water;
1552 2139 25 15 or
1590 2136 21 18 to
1625 2131 79 23 search
1716 2131 34 23 for
1762 2131 114 31 anything

1292 2164 72 23 which
1385 2164 42 23 has
1441 2164 66 23 fallen
1527 2169 22 18 to
1562 2164 37 23 the
1611 2165 86 22 bottom
1709 2173 6 20 ;
1736 2164 44 23 and
1792 2164 49 23 also
1855 2170 21 18 to

1292 2205 79 16 rescue
1383 2205 44 22 any
1440 2205 43 15 one
1500 2197 49 23 who
1569 2197 20 23 is
1608 2197 125 31 drowning,
1735 2209 32 5 —
1768 2197 109 24 Frazer's

1294 2228 133 31 Magazine,

1326 2264 150 24 Brougham
1495 2264 80 24 Hall.
1579 2276 33 4 —
1613 2263 43 24 We
1669 2263 138 25 understand
1825 2263 51 24 that

1293 2296 37 24 the
1354 2297 48 24 Mr.
1417 2297 66 29 Bird,
1497 2297 49 23 who
1565 2297 20 23 is
1606 2305 50 15 now
1679 2296 77 32 laying
1775 2297 68 24 claim
1855 2302 22 18 to

1293 2330 44 23 this
1350 2330 44 24 and
1407 2330 37 23 the
1457 2330 114 31 adjoining
1591 2335 115 26 property,
1723 2330 81 29 which,
1819 2331 58 23 until

1292 2364 19 22 it
1332 2371 63 16 came
1415 2364 46 23 into
1482 2364 35 23 the
1536 2364 131 31 possession
1686 2364 25 23 of
1728 2364 38 23 the
1785 2368 93 27 present

1293 2396 65 24 noble
1378 2402 118 26 occupant,
1509 2404 46 16 was
1573 2396 85 24 known
1672 2397 30 30 by
1715 2396 37 24 the
1771 2404 67 16 name
1856 2397 24 23 of

1319 2430 78 23 Bird's
1503 2431 21 22 is
1536 2438 14 15 a
1561 2430 130 31 gentleman
1703 2430 56 23 from
1772 2430 105 23 Ashton-

1292 2463 162 31 under-Lyne,
1468 2463 49 24 who
1536 2471 54 22 says
1608 2463 50 23 that
1676 2463 31 23 he
1723 2463 20 23 is
1757 2463 39 23 the
1808 2463 71 23 direct

1293 2496 57 24 male
1363 2498 137 23 descendant
1512 2497 26 23 of
1556 2497 36 22 the
1611 2496 84 24 former
1713 2504 130 24 possessors
1856 2497 25 22 of

1296 2531 129 30 brougham
1447 2530 51 24 hall.
1536 2529 82 25 Notice
1639 2529 44 23 had
1702 2529 54 24 been
1769 2531 69 29 given
1856 2533 21 19 to

1292 2562 38 24 the
1344 2568 93 19 tenants
1448 2571 61 16 some
1517 2565 53 22 time
1580 2562 139 32 previously,
1729 2563 49 23 that
1789 2571 29 15 no
1829 2567 50 18 rent

1292 2596 83 24 should
1401 2597 26 23 be
1451 2596 50 32 paid
1524 2601 23 19 to
1569 2604 46 22 any
1636 2604 81 23 person
1741 2601 81 26 except
1841 2596 36 23 the

1292 2630 117 24 claimant.
1446 2629 54 24 Bird
1514 2630 52 23 then
1578 2629 42 23 left
1638 2629 38 23 the
1695 2629 183 31 neighbourhood

1292 2663 37 23 for
1341 2663 93 24 Ashton
1442 2672 6 20 ;
1462 2663 43 23 and
1514 2662 122 31 promised,
1646 2663 25 22 if-
1676 2662 61 23 Lord
1746 2662 132 31 Brougham

1294 2696 53 23 took
1359 2704 29 16 no
1406 2698 74 22 notice
1496 2696 25 23 of
1536 2695 36 24 his
1583 2695 157 32 proceedings,
1753 2700 23 18 to
1796 2700 80 18 return

1294 2730 44 23 and
1350 2730 44 24 sell
1407 2738 30 23 up
1449 2730 30 23 all
1490 2730 36 22 the
1543 2733 106 28 property
1662 2736 29 16 on
1712 2728 37 24 the
1766 2728 60 24 farm
1844 2728 35 24 for

1293 2763 38 23 the
1352 2769 58 22 rent,
1425 2763 71 23 which
1515 2761 28 24 he
1556 2762 108 23 contends
1686 2763 19 21 is
1724 2762 43 23 due
1780 2767 23 18 to
1823 2762 54 28 him,

1294 2804 24 15 as
1340 2796 38 24 the
1399 2796 69 24 lineal
1488 2796 47 23 heir
1556 2801 22 17 to
1600 2796 37 22 the
1653 2800 80 23 estate,
1744 2794 76 24 which
1834 2803 43 15 was

1294 2829 106 29 entailed,
1412 2830 46 23 and
1470 2829 63 24 could
1547 2834 39 18 not
1596 2829 29 23 be
1641 2828 100 24 diverted
1753 2829 30 29 by
1795 2829 48 22 sale
1855 2836 24 15 or

1294 2863 118 23 otherwise
1433 2863 56 24 from
1514 2863 37 23 the
1575 2862 50 23 heir
1648 2867 22 18 at
1693 2862 48 22 law.
1749 2873 36 4 —
1789 2860 92 24 Kendal

1293 2895 122 31 Mercury.

1329 2929 70 23 Some
1423 2930 53 22 time
1496 2937 41 22 ago
1557 2928 38 24 the
1615 2928 56 24 dead
1688 2928 59 30 body
1759 2928 25 22 of
1799 2935 14 15 a
1828 2928 51 30 boy,

1295 2962 54 31 only
1362 2962 99 24 thirteen
1472 2969 64 23 years
1549 2961 25 24 of
1583 2968 49 24 age,
1647 2961 74 23 whose
1731 2961 80 30 family
1823 2960 57 24 lives

1295 3000 23 18 at
1336 2996 38 23 St.
1388 2996 110 28 Quentin,
1517 3002 45 16 was
1582 2994 71 24 found
1673 2996 23 21 in
1716 2994 38 23 the
1775 2994 65 23 canal
1858 2994 24 23 of

1295 3028 48 23 thai
1366 3034 68 19 town.
1471 3029 37 23 On
1528 3027 121 31 searching
1670 3027 35 23 his
1727 3026 96 32 pockets
1841 3026 38 24 the

1295 3061 114 32 following
1432 3062 64 24 letter
1517 3068 45 16 was
1590 3060 71 24 found
1672 3069 50 15 :—
1753 3060 44 30 My
1828 3060 53 23 dear

1295 3100 100 25 parents,
1397 3107 33 5 —
1432 3095 12 24 I
1462 3095 34 23 die
1516 3093 132 31 embracing
1667 3100 53 24 you.
1756 3093 13 23 I
1782 3093 57 23 wish
1858 3097 22 19 to

1295 3127 35 24 die
1342 3129 97 23 without
1459 3128 76 29 seeing
1554 3135 55 22 you,
1622 3127 96 23 because
1730 3126 13 23 I
1755 3134 37 15 am
1809 3126 72 23 afraid

1295 3161 49 23 that
1360 3170 44 22 you
1425 3161 71 24 would
1517 3164 95 28 prevent
1625 3168 43 15 me.
1704 3159 13 24 I
1729 3159 37 23 die
1783 3159 98 23 because

1295 3194 35 24 M.
1343 3194 36 24 Le
1391 3196 60 23 Cure
1463 3195 39 23 has
1514 3194 47 24 told
1573 3201 37 16 me
1622 3192 57 30 that,
1691 3200 23 16 as
1723 3192 12 24 I
1742 3192 46 23 had
1794 3192 87 24 missed

1295 3227 119 32 attending
1426 3235 98 24 vespers,
1538 3227 12 23 I
1563 3226 82 24 should
1658 3231 39 19 not
1709 3225 53 24 take
1780 3233 39 24 my
1831 3225 51 24 first

1295 3263 154 23 communion.
1484 3261 62 23 lam
1561 3260 71 31 going
1644 3264 23 19 to
1678 3259 67 24 bathe
1758 3263 24 19 at
1794 3259 38 23 the
1844 3258 37 24 old

1294 3300 60 24 port,
1367 3295 46 24 and
1424 3294 57 25 shall
1500 3298 40 20 not
1559 3293 42 24 fail
1620 3294 24 22 in
1662 3300 38 23 my
1712 3291 83 32 object.
1815 3291 14 24 I
1846 3291 35 24 die

1295 3327 47 24 this
1363 3328 43 24 4th
1427 3328 26 24 of
1470 3327 75 32 April,
1566 3326 55 23 with
1641 3330 59 21 tears
1717 3326 25 23 in
1758 3332 39 24 my
1818 3332 61 23 eyes.

1296 3360 99 25 Console
1417 3369 39 23 my
1467 3360 177 32 grandmamma,
1663 3358 50 24 who
1725 3358 98 31 thought
1841 3358 40 24 she

1295 3394 75 24 would
1383 3395 35 24 die
1431 3394 74 24 before
1578 3405 33 5 —
1615 3391 130 32 Galignani.

1328 3427 24 24 A
1370 3429 184 23 Remarkable
1568 3426 111 24 Btjrial.
1681 3438 33 4 —
1714 3425 51 23 The
1776 3425 75 23 burial
1860 3425 24 23 of

1296 3459 48 25 Mr.
1354 3461 103 25 William
1463 3461 94 27 Barnes,
1565 3460 39 23 the
1609 3459 45 24 late
1663 3459 101 23 eminent
1771 3458 110 29 violinist,

1296 3493 54 25 took
1362 3495 64 31 place
1437 3502 29 16 on
1477 3495 41 26 the.
1529 3493 57 24 16th
1599 3493 24 23 of
1632 3492 68 31 April
1717 3492 52 29 last,
1781 3497 25 19 at
1817 3492 64 30 Roy-

1296 3532 52 19 ston
1361 3528 88 32 chapel,
1461 3535 53 16 near
1533 3526 110 28 Oldham,
1655 3525 44 24 and
1710 3533 46 16 was
1776 3524 106 25 attended

1295 3559 30 32 by
1338 3561 144 30 remarkably
1494 3558 100 26 unusual
1610 3559 184 23 circumstances.
1830 3557 51 23 The

1295 3592 113 27 deceased
1420 3595 66 30 being
1497 3592 81 32 highly
1587 3592 116 32 respected
1714 3591 44 24 and
1770 3589 112 26 esteemed

1295 3625 31 32 by
1347 3628 33 24 all
1395 3628 40 24 the
1455 3626 110 34 principal
1586 3625 109 25 admirers
1719 3624 23 24 cf
1759 3624 80 28 music,
1859 3627 22 19 to

1296 3660 75 25 whom
1383 3661 30 24 he
1424 3669 44 16 wai
1479 3660 92 29 known,
1584 3659 39 24 the
1635 3657 132 25 attendance
1778 3656 27 23 of
1820 3663 60 16 com-

1295 3700 62 26 pany
1368 3699 23 19 at
1412 3695 37 23 his
1465 3692 88 25 funeral
1572 3700 46 16 was
1638 3689 160 30 uncommonly
1809 3692 70 27 great,

1296 3727 136 31 amounting
1452 3732 20 19 to
1485 3728 50 22 400
1547 3733 26 16 or
1585 3727 50 22 500
1655 3730 102 25 persons;
1770 3721 45 24 and
1834 3725 45 26 yet,

1296 3759 117 32 generally
1422 3759 119 33 speaking,
1557 3756 124 26 somewhat
1691 3756 84 24 select..
1806 3753 75 24 There

1296 3799 59 17 were
1366 3793 129 30 gentlemen
1505 3792 59 23 from
1582 3788 130 32 Liverpool,
1724 3786 155 29 Manchester,

1296 3824 31 26 all
1339 3831 64 26 parts
1416 3827 26 23 of
1458 3825 149 27 Lancashire,
1619 3822 44 24 and
1683 3821 84 24 distant
1784 3822 63 28 parts
1858 3819 25 24 of

1296 3857 138 31 Yorkshire,
1448 3858 116 28 Cheshire,
1582 3856 43 24 and
1643 3853 151 31 Derbyshire.
1830 3851 50 25 The

1297 3899 67 16 scene
1377 3891 79 25 which,
1460 3890 86 25 ensued
1557 3897 32 16 on
1599 3888 38 25 the
1649 3892 141 25 conveyance
1802 3884 25 23 of
1843 3885 38 24 the

1297 3920 68 29 coflin
1377 3925 60 24 from
1453 3923 37 25 the
1498 3923 78 26 house-
1585 3921 26 25 of
1683 3917 108 27 deceased
1810 3922 22 19 to
1843 3918 38 24 the

1296 3956 58 33 yard
1363 3958 26 23 in
1397 3956 61 25 front
1468 3954 167 30 vrarsolwnnl)
1649 3952 133 31 imgnuive
1793 3960 7 20 ;
1822 3948 59 32 hun-j

673 146 117 24 tachment
801 148 141 23 entertained
954 148 43 24 and
1018 148 136 24 manifested
1166 147 95 25 towards

673 179 40 24 her
722 180 30 30 by
764 180 47 23 Mr.
821 180 80 23 Evans
909 188 58 16 were
974 181 107 28 detailed,
1091 181 73 24 which
1171 179 89 25 seemed

673 216 23 19 to
708 212 65 24 leave
785 221 27 15 no
834 213 70 23 doubt
915 214 49 23 that
984 214 29 22 he
1034 214 45 23 had
1100 214 57 24 been
1176 222 14 15 a
1201 216 60 20 most

673 245 100 29 faithful,
786 245 150 30 affectionate,
948 246 45 24 and
1013 247 116 30 confiding
1148 246 112 25 husband.

673 277 111 24 Towards
802 278 39 23 the
861 278 68 24 latter
949 279 45 24 end
1014 280 26 23 of
1055 280 45 23 last
1120 279 139 28 November,

673 310 39 24 the
729 311 129 29 defendant,
872 311 50 24 who
942 311 45 25 had
998 313 102 31 scarcely
1112 312 101 25 attained
1225 312 35 24 his

673 343 60 24 20th
743 351 62 23 year,
826 350 60 18 went
905 353 29 16 on
952 353 14 15 a
978 346 54 23 visit
1044 350 23 19 to
1084 346 41 23 the
1146 346 72 23 house
1237 344 25 24 of

673 376 38 23 the
724 377 105 30 plaintiff,
844 377 73 25 where
929 378 28 24 he
970 379 116 23 remained
1098 379 68 23 about
1178 387 13 15 a
1204 379 55 23 fort-

673 410 75 30 night.
784 410 93 32 During
896 412 37 23 his
945 416 59 26 stay,
1017 412 50 23 Mr.
1080 411 79 24 Evans
1170 410 90 25 fancied

673 442 49 23 that
733 451 14 15 a
759 450 61 17 more
830 444 57 23 .than
899 445 107 30 ordinary
1016 445 110 30 intimacy
1146 444 45 24 had
1203 444 55 24 been

672 477 121 31 springing
804 484 31 24 up
847 477 100 24 between
959 478 37 23 his
1008 477 53 24 wife
1076 478 44 23 and
1132 477 60 24 their
1205 478 53 22 visi-

673 513 43 24 tor,
730 510 74 23 which
823 511 82 22 caused
926 511 47 23 him
992 511 155 23 considerable
1169 511 90 23 uneasi-

673 548 61 22 ness,
747 543 42 22 but
800 544 68 22 about
881 544 71 23 which
969 544 30 23 he
1017 551 48 16 was
1086 544 138 23 determined
1235 548 22 18 to

672 574 59 24 have
743 583 62 16 more
822 576 143 31 satisfactory
976 577 68 31 proof
1058 577 78 23 before
1156 576 29 24 he
1205 583 54 17 even

672 608 119 24 intimated
811 609 36 23 his
867 611 136 29 suspicions.
1046 609 162 31 Accordingly,
1230 616 28 16 on

672 641 38 23 the
722 643 108 30 morning
841 642 24 23 of
882 643 38 22 the
932 643 47 23 2nd
991 643 25 23 of
1025 643 129 24 December
1166 643 52 28 last,
1230 642 28 23 he

672 678 61 19 went
745 680 38 18 out
804 680 23 18 to
847 675 73 29 shoot,
933 676 58 23 after
1011 677 85 29 having
1115 677 26 22 in
1160 675 39 24 the
1210 676 49 23 first

672 707 64 31 place
749 708 71 23 asked
831 708 48 24 Mr.
893 708 82 24 Elliott
988 712 21 20 to
1022 715 139 25 accompany
1172 709 47 23 him
1229 715 29 17 on

672 740 39 24 the
723 742 128 23 excursion.
884 741 49 23 The
945 741 67 24 latter
1025 741 110 29 declined,
1148 750 62 23 upon
1221 742 36 23 the

672 774 90 30 ground
773 774 49 23 that
840 775 28 23 he
880 782 46 15 was
945 775 122 30 labouring
1078 775 72 23 under
1171 776 85 22 serious

672 806 167 32 indisposition.
877 807 37 23 On
927 807 37 23 the
976 812 80 18 return
1070 807 23 24 of
1109 807 48 24 Mr.
1169 808 87 28 Evans,

672 839 28 24 he
712 839 127 24 instructed
849 840 37 23 his
906 840 134 23 housemaid
1060 845 21 19 to
1101 841 96 30 proceed
1214 842 42 23 im-

671 873 121 30 mediately
804 877 23 19 to
839 873 37 23 his
888 881 71 21 room,
971 873 97 24 without
1080 873 80 31 telling
1171 873 42 25 her
1223 875 34 22 for

672 906 61 23 what
743 914 106 23 purpose,
863 906 45 23 and
926 906 64 23 there
1009 914 47 16 saw
1067 906 40 23 her
1119 907 102 24 mistress
1233 908 23 22 in

670 939 44 23 bed
731 939 54 24 with
808 939 46 24 Mr.
876 939 89 29 Elliott,
987 939 49 24 who
1058 948 45 16 was
1124 940 132 24 undressed.

673 972 74 24 When
765 973 47 24 Mr.
826 972 78 25 Evans
923 981 45 15 was
989 973 112 24 informed
1112 973 26 23 of
1154 973 38 23 the
1213 974 43 22 cir-

672 1011 139 24 cumstance,
823 1006 28 24 he
863 1006 85 24 rushed
957 1014 31 24 up
1001 1007 76 28 stairs,
1091 1006 45 24 and
1147 1006 109 31 instantly

672 1040 83 23 turned
764 1040 36 23 his
813 1040 50 23 wife
875 1040 45 23 and
931 1040 40 23 her
983 1048 122 23 paramour
1126 1045 40 18 out
1177 1040 25 23 of
1218 1040 38 23 the

673 1072 79 24 house.
788 1073 75 23 Thera
875 1081 46 15 was
932 1081 29 15 no
982 1074 102 28 defence,
1097 1073 45 23 and
1157 1073 38 23 the
1205 1072 51 31 jury

671 1106 107 24 returned
790 1115 13 14 a
816 1106 85 24 verdict
912 1106 35 23 for
959 1107 37 24 the
1009 1106 101 32 plaintiff
1110 1119 31 4 —
1142 1106 114 30 Damages

672 1139 82 23 £500.

705 1172 84 25 What
801 1179 22 17 is
835 1172 134 25 Sedition.
972 1185 33 5 —
1006 1173 24 24 A
1051 1172 94 23 chartist
1156 1172 101 23 lecturer

672 1205 41 23 has
726 1205 131 32 penetrated
870 1211 21 18 to
905 1207 36 23 the
960 1207 72 22 forest
1052 1207 25 22 of
1092 1205 74 28 Dean,
1181 1205 76 23 Glou-

672 1239 143 29 cestershire,
824 1239 52 29 and,
887 1239 135 31 addressing
1034 1239 38 23 the
1085 1240 70 23 rustic
1167 1239 89 22 inhabi-

673 1277 60 18 tants
747 1273 24 23 of
786 1272 49 24 that
856 1277 59 26 spot,
926 1272 43 23 has
987 1273 61 23 been
1065 1272 83 32 proved
1167 1276 23 18 to
1209 1279 47 22 say,

697 1305 50 24 that
757 1306 18 23 it
787 1313 45 16 was
843 1313 14 15 a
877 1309 64 27 great
960 1305 80 24 shame
1061 1306 38 23 the
1121 1306 81 25 Queen
1220 1305 38 23 did

673 1343 39 18 not
724 1339 110 23 maintain
853 1339 41 23 her
915 1346 50 16 own
981 1338 100 29 'mother,
1093 1346 26 16 as
1138 1346 45 23 you
1202 1345 56 24 poor

672 1372 108 23 foresters
792 1379 38 16 are
839 1371 88 31 obliged
941 1376 22 19 to
1054 1372 51 23 The
1115 1372 129 30 magistrate
1249 1383 8 9 >

672 1404 58 24 have
741 1406 57 22 been
811 1413 24 15 so
856 1404 107 24 horrified
974 1405 31 30 by
1017 1404 46 24 this
1081 1405 120 30 language,
1213 1404 45 23 and

673 1446 25 15 so
715 1439 123 23 convinced
859 1439 25 22 of
898 1439 30 22 its
948 1438 112 23 seditious
1078 1439 119 29 tendency,
1210 1437 49 23 that

673 1471 54 30 they
738 1472 57 22 have
808 1471 124 31 compelled
944 1471 38 23 the
996 1470 98 32 speaker
1105 1475 23 19 to
1140 1472 52 29 give
1203 1470 55 28 bail,

673 1505 93 23 himself
781 1506 23 21 in
816 1505 71 24 £100
908 1505 44 22 and
973 1505 52 22 four
1046 1505 97 22 sureties
1163 1505 24 22 in
1204 1505 53 22 £25

674 1538 64 28 each,
751 1543 22 18 to
785 1545 87 16 answer
891 1545 43 23 any
947 1537 135 23 indictment
1103 1537 49 23 that
1168 1545 50 23 may
1230 1537 29 23 be

673 1571 115 31 preferred
799 1572 90 30 against
900 1571 47 23 him
958 1580 6 20 ;
985 1571 45 23 and
1048 1570 81 23 should
1140 1571 29 22 he
1181 1571 27 22 be
1219 1571 39 22 in-

673 1604 82 29 dicted,
767 1605 43 23 and
822 1604 56 24 such
890 1605 87 23 asinine
990 1604 92 23 boobies
1094 1612 26 15 as
1132 1604 63 23 these
1206 1611 52 16 ma-

672 1639 107 30 gistrates
792 1646 29 15 on
832 1638 38 23 the
879 1639 62 30 jury,
954 1637 28 23 he
994 1637 54 29 will,
1060 1637 95 23 without
1166 1637 49 28 fail,
1228 1637 30 23 be

673 1672 117 22 convicted
813 1672 45 22 and
884 1670 121 24 sentenced
1028 1675 23 18 to
1074 1671 184 30 imprisonment.

674 1705 34 23 As
722 1712 32 16 we
765 1704 56 23 have
832 1705 76 22 before
929 1704 56 27 said,
1006 1703 43 24 law
1071 1703 45 24 will
1135 1708 40 18 not
1192 1705 68 21 assist

673 1738 57 29 him,
742 1745 40 15 nor
795 1738 76 23 others
882 1739 24 21 in
925 1746 13 14 a
950 1737 47 23 like
1009 1737 162 30 predicament.
1208 1736 50 23 No-

674 1771 66 29 thing
750 1771 42 23 but
806 1771 37 23 the
858 1776 79 26 strong
950 1771 64 23 voice
1030 1770 24 24 of
1068 1778 29 16 an
1115 1769 143 31 enlightened

675 1804 75 31 public
762 1804 91 31 opinion
874 1804 45 23 will
939 1805 98 30 impress
1058 1804 38 23 the
1115 1804 145 29 magisterial

675 1837 131 24 authorities
819 1837 53 23 with
886 1837 36 23 the
941 1837 115 30 prudence
1077 1837 25 22 of
1117 1841 38 19 not
1168 1837 92 30 putting

673 1870 96 32 popular
780 1872 102 29 patience
894 1875 21 18 to
928 1875 37 18 too
977 1874 65 27 great
1054 1877 13 16 a
1078 1869 60 24 trial.
1172 1869 88 23 When-

675 1912 54 15 ever
740 1904 37 23 the
795 1904 80 31 people
894 1903 94 24 become
1008 1903 130 23 indifferent
1157 1907 23 18 to
1201 1902 59 24 their

675 1937 80 31 rights,
768 1937 53 30 they
834 1937 65 24 stand
910 1945 15 15 a
934 1944 54 23 very
1001 1936 43 23 fair
1055 1936 85 23 chance
1152 1935 26 24 of
1185 1934 76 32 losing

675 1970 72 23 them.

710 2004 109 23 Charge
832 2011 31 15 op
868 2003 121 23 -Bigamy.
992 2013 34 7 —
1027 2002 83 23 At-the
1123 2001 144 25 M.oniaqutli.l

676 2035 104 30 Assizes,
791 2043 27 17 au
831 2037 135 29 interesting
974 2034 97 31 looking
1079 2034 90 29 female,
1179 2034 81 24 named

679 2070 67 23 Eliza
757 2070 56 23 Ann
824 2069 70 28 Dent,
907 2076 44 16 was
960 2067 100 24 indicted
1072 2068 35 22 for
1114 2068 148 29 intermarry-

677 2104 40 30 ing
729 2103 54 23 with
801 2101 102 25 Richard
921 2101 95 31 Stanley
1035 2100 68 28 Wall,
1116 2101 40 23 her
1178 2100 86 24 former

677 2136 112 28 husband,
801 2135 99 24 Edward
912 2135 71 28 Dent,
995 2134 71 31 being
1078 2134 54 23 then
1144 2133 65 24 alive.
1241 2133 22 24 It

679 2169 80 23 turned
770 2173 40 19 out
821 2169 49 23 that
883 2168 36 24 the
940 2172 133 27 prosecutor
1089 2175 45 15 was
1155 2175 29 15 an
1196 2175 67 22 orga-

680 2204 53 27 nist,
752 2202 44 24 and
815 2202 38 23 the
872 2202 104 30 prisoner
997 2201 38 22 the
1055 2200 112 31 daughter
1186 2201 24 22 of
1235 2208 28 15 an

679 2236 124 31 innkeeper
815 2240 24 18 at
860 2234 137 24 Monmouth
1006 2243 7 19 ;
1032 2234 38 23 the
1082 2234 85 22 former
1178 2233 85 23 under-

679 2269 55 24 took
746 2274 21 18 to
782 2269 65 22 teach
858 2268 40 23 her
910 2268 102 30 singing,
1023 2267 44 23 and
1074 2267 87 23 availed
1172 2265 95 25 himself

680 2303 27 22 of
722 2302 37 24 the
771 2302 146 31 opportunity
929 2302 26 22 of
969 2301 70 30 being
1051 2300 23 23 in
1092 2300 41 23 her
1144 2301 85 30 society
1243 2305 22 17 to

679 2335 83 24 seduce
781 2335 47 28 her,
841 2335 43 26 and
905 2334 96 30 thereby
1020 2342 13 15 a
1053 2333 61 23 child
1135 2340 45 17 was
1197 2334 66 22 born.

679 2369 52 23 The
743 2376 54 23 poor
809 2369 44 30 girl
863 2368 45 24 lost
921 2368 40 22 her
981 2367 124 28 character,
1117 2366 46 24 and
1173 2366 92 24 became

680 2410 30 15 an
726 2406 86 19 outcast
824 2406 23 19 to
857 2401 40 24 her
912 2401 89 30 family,
1012 2401 42 22 but
1070 2399 78 31 finally
1160 2399 107 24 returned

680 2440 23 18 to
716 2435 39 24 her
767 2435 93 23 father's
872 2435 78 27 house,
961 2434 82 28 where,
1053 2433 82 30 during
1144 2433 38 23 the
1194 2434 71 22 Mon-

679 2469 80 23 mouth
769 2469 64 28 riots,
846 2477 13 15 a
870 2475 52 16 man
934 2467 84 23 named
1037 2466 71 29 Dent,
1120 2474 13 15 a
1145 2466 85 23 soldier
1242 2467 23 22 in

680 2502 39 24 the
730 2502 110 28 Lancers,
854 2500 94 25 arrived.
988 2500 39 23 He
1048 2499 64 23 made
1132 2507 29 15 an
1174 2499 54 24 offer
1241 2504 22 18 to

680 2535 42 23 her
733 2535 73 23 father
818 2540 22 18 to
853 2542 73 22 marry
938 2534 49 28 her,
1002 2533 72 23 which
1087 2533 37 23 the
1137 2533 72 23 father
1221 2540 42 16 en-

680 2568 112 31 couraged
813 2568 38 24 the
877 2568 44 31 girl
942 2572 22 18 to
987 2571 85 26 accept,
1097 2566 45 23 and
1161 2566 40 23 she
1219 2573 46 16 was

679 2602 99 23 married
796 2602 23 22 in
839 2601 137 24 Monmouth
998 2600 93 23 Church
1101 2608 7 20 ;
1128 2599 41 24 but
1187 2599 77 23 before

680 2636 181 22 consummation
880 2634 61 24 Wall
959 2633 139 24 forewarned
1111 2633 41 23 her
1164 2632 48 24 that
1225 2632 39 23 she

680 2668 44 23 had
736 2669 96 22 married
844 2676 14 15 a
877 2676 52 15 man
949 2667 50 23 who
1021 2667 89 30 already
1122 2666 45 23 had
1179 2674 13 14 a
1204 2665 59 28 wife,

681 2702 45 23 and
737 2702 83 23 offered
832 2706 22 20 to
867 2709 74 22 marry
953 2701 42 23 her
1015 2700 99 23 himself.
1150 2699 49 24 She
1211 2698 54 23 then

680 2742 41 24 got
733 2743 12 15 a
757 2735 106 24 situation
884 2735 23 22 in
927 2734 107 27 London,
1046 2733 74 23 where
1142 2732 60 24 Wall
1221 2731 43 23 fol-

680 2768 70 23 lowed
763 2768 46 29 her,
824 2768 44 23 and
881 2768 52 30 they
946 2775 58 15 were
1023 2766 97 24 married
1139 2766 76 23 before
1228 2765 37 23 the

681 2803 109 30 registrar
810 2801 25 23 of
860 2802 34 23 St.
917 2801 112 23 Pancras.
1075 2799 39 23 He
1136 2797 130 25 afterwards

682 2834 132 24 abandoned
826 2835 48 28 her,
886 2834 44 23 and
943 2834 91 23 refused
1048 2839 21 17 to
1088 2832 80 26 afford,
1169 2832 40 23 her
1221 2839 44 22 any

681 2876 78 15 means
778 2869 24 22 of
818 2872 101 27 support,
941 2867 53 28 and,
1014 2871 23 19 to
1057 2871 40 26 get
1114 2865 36 23 rid
1169 2865 25 23 of
1218 2864 47 28 her,

682 2901 98 30 through
792 2901 38 23 the
850 2901 99 23 medium
971 2900 24 23 of
1012 2908 13 15 a
1035 2899 100 29 brother,
1148 2897 119 25 instituted

681 2934 46 23 this
745 2935 151 30 prosecution.
933 2933 151 30 Satisfactory
1096 2932 105 24 evidence
1221 2938 46 16 was

682 2967 108 29 adduced,
811 2968 111 26 however,
940 2971 23 18 to
981 2973 70 24 prove
1072 2966 49 23 that
1139 2965 63 24 Dent
1223 2972 44 15 was

682 3001 98 23 married
792 3000 64 23 when
874 2999 28 23 he
922 2999 99 23 married
1042 2998 39 24 the
1100 2999 110 30 prisoner,
1225 2997 42 23 and

684 3033 52 24 thus
757 3033 49 24 that
825 3037 99 19 contract
943 3032 106 23 becomes
1068 3030 100 30 invalid;
1195 3032 72 22 hence

684 3066 47 24 Mr.
745 3065 61 24 Wall
816 3065 40 24 fell
868 3066 46 22 into
927 3065 36 23 his
976 3072 50 16 own
1037 3069 59 26 trap,
1109 3064 52 29 and,
1174 3063 93 24 covered

682 3099 54 24 with
748 3098 110 24 deserved
868 3098 111 30 disgrace,
993 3098 28 23 he
1041 3097 45 23 will
1108 3097 57 24 have
1176 3102 23 19 to
1211 3104 56 24 sup-

683 3137 51 26 port
746 3132 37 24 the
794 3131 60 32 legal
867 3131 78 23 claims
959 3131 90 31 against
1059 3130 57 24 him.

717 3171 108 26 Breach
837 3177 31 17 of
889 3170 118 23 Promise
1028 3176 32 16 of
1080 3169 152 23 Marriage.
1235 3180 34 4 —

684 3204 33 23 At
727 3204 39 23 the
775 3203 99 24 Norfolk
882 3203 105 28 Assizes,
996 3210 28 15 an
1034 3202 74 24 action
1117 3210 45 15 was
1169 3201 99 31 brought

683 3238 30 31 by
725 3246 14 14 a
750 3244 77 25 young
840 3244 87 16 woman
948 3235 83 23 named
1050 3235 87 23 Challis
1156 3236 90 30 against
1255 3242 13 15 a

684 3272 83 23 farmer
778 3270 82 24 named
879 3269 110 28 Howard,
1013 3272 22 19 to
1054 3276 93 16 recover
1162 3275 106 24 compen-

684 3305 74 23 sation
768 3304 34 23 for
816 3311 12 15 a
842 3302 84 24 breach
946 3302 26 24 of
987 3302 99 31 promise
1107 3302 25 22 of
1146 3301 119 30 marriage.

686 3337 27 24 In
733 3338 38 23 the
787 3345 55 23 year
864 3337 72 28 1889,
948 3335 40 24 the
1008 3334 100 32 plaintiff
1121 3342 46 16 was
1185 3334 83 24 house-

685 3371 60 25 maid
754 3371 24 24 in
789 3370 38 24 the
839 3370 86 24 service
937 3368 25 24 of
978 3376 42 16 one
1041 3368 47 24 Mr.
1102 3368 140 28 Livermore,
1254 3374 15 15 a

685 3404 128 25 tradesman
824 3408 24 19 at
860 3402 116 29 Thurlow,
985 3401 45 24 and
1042 3401 38 24 the
1088 3401 121 24 defendant
1221 3407 47 16 was

685 3443 23 19 at
719 3438 49 24 that
779 3438 55 24 time
846 3436 37 24 the
896 3443 40 17 son
949 3436 26 23 of
985 3444 14 15 a
1008 3435 84 23 farmer
1103 3435 25 23 in
1138 3434 37 24 the
1187 3432 80 32 neigh-

684 3471 126 24 bourhood.
846 3470 66 31 They
933 3474 57 24 met,
1011 3468 45 24 aud
1076 3476 57 16 soon
1150 3467 117 29 becoming

684 3504 145 29 enamoured,
851 3504 28 23 he
901 3503 53 32 paid
975 3502 38 27 his
1034 3501 118 24 addresses
1173 3505 24 19 to
1219 3499 48 24 her.

686 3538 39 24 He
736 3537 82 25 visited
830 3541 24 20 at
865 3537 38 24 the
924 3536 73 24 house
1015 3535 25 24 of
1054 3535 42 24 her
1113 3533 100 28 brother,
1225 3531 43 25 and

685 3578 53 22 was,
751 3579 25 16 as
787 3572 51 22 that
847 3570 93 24 brother
953 3569 49 24 said
1013 3570 25 22 in
1054 3568 38 24 the
1110 3565 158 29 witness-box,

711 3612 54 23 very
778 3604 57 24 kind
846 3604 24 23 in
887 3603 39 24 his
946 3602 84 32 speech
1049 3606 23 19 to
1088 3601 42 24 her
1140 3610 6 19 ;
1185 3598 45 25 and
1241 3597 27 24 he

686 3641 59 19 went
754 3645 25 15 so
790 3637 36 23 far
837 3638 24 22 in
872 3636 36 24 his
921 3636 111 24 kindness
1041 3643 26 16 as
1075 3639 23 19 to
1107 3634 45 23 call
1157 3633 42 24 her
1231 3631 38 24 his

822 3669 67 24 Thus
908 3669 80 31 things
1009 3667 124 25 continued
1152 3665 59 24 until
1231 3663 39 24 the

686 3702 114 31 following
811 3702 92 28 Easter,
915 3702 68 24 when
1004 3702 51 23 this,
1069 3700 98 32 opening
1184 3697 48 24 bud
1246 3695 24 25 of

686 3736 50 23 love
754 3735 38 23 did
812 3742 69 24 prove
901 3743 15 15 a
933 3736 125 22 beauteous
1076 3734 83 23 flower.
1187 3744 4 3 ■
1204 3730 66 31 They

687 3772 59 20 went
752 3772 23 19 to
787 3767 40 24 the
837 3775 63 16 races
912 3772 24 19 at
947 3766 156 29 Newmarket,
1112 3770 26 20 to
1149 3762 121 32 Borough-

686 3808 69 24 green
766 3800 64 29 Fair,
842 3800 45 24 and
906 3801 66 26 other
992 3808 80 16 scenes
1091 3799 25 23 of
1131 3795 139 27 fashionable

686 3834 99 30 festivity
796 3834 25 22 in
832 3832 38 25 the
881 3832 196 32 neighbourhood,
1089 3832 37 24 his
1137 3830 82 32 speech
1230 3829 39 23 be-

687 3867 89 30 coming
787 3873 63 17 more
861 3866 45 24 and
914 3869 75 22 'more
1008 3866 64 24 kind.
1108 3864 65 29 Alas,
1185 3863 36 23 for
1232 3861 38 24 the

686 3899 101 31 stability
797 3899 36 26 .of
856 3899 85 24 human
963 3899 124 31 happiness
1094 3898 7 23 !
1139 3896 55 29 ,All.
1208 3895 62 26 these

686 3933 55 24 kind
752 3932 116 32 speeches.
873 3931 136 25 terminated
1019 3932 26 28 jn
1056 3930 38 27 thfe
1105 3929 108 25 cruellest
1223 3926 47 25 dis-

686 3966 154 30 appointment
849 3972 6 21 ;
875 3965 45 23 and
931 3964 51 29 she,
995 3963 49 23 who
1057 3961 76 25 honed
1143 3966 23 18 to
1176 3961 94 24 become

571 52 95 50 3Hj*
690 57 119 42 Itfeto
1074 58 189 48 iSajcit*
1289 59 93 39 atrti
1405 59 301 47 WteUinqton
1731 55 253 51 Spectator.

70 156 16 22 £
96 158 21 18 to
127 152 15 21 4
153 156 28 16 on
190 147 40 23 the
240 145 109 24 Windsor
362 144 49 25 Cob
423 146 23 23 in
458 144 40 24 the
504 145 52 23 first
563 146 82 30 match,

70 185 41 25 and
127 185 14 21 2
152 186 22 18 to
195 182 11 21 1
221 187 29 15 on
268 179 48 23 him
334 186 29 16 on
381 177 39 24 the
440 177 84 24 second
539 179 106 31 meeting,

72 221 36 22 but
128 214 51 25 with
199 213 43 22 few
261 210 85 25 takers.
393 210 166 25 Considerable
581 212 64 32 delay

73 249 47 27 took
140 247 62 32 place
223 244 77 24 before
322 244 38 24 the
388 243 172 32 preliminaries
587 252 58 17 were

71 280 101 34 adjusted,
185 278 44 24 and
240 285 34 16 we
285 281 61 20 must
359 276 28 25 do
395 276 40 25 the
443 278 87 30 parties
538 278 107 23 interest-

72 317 24 24 ed
105 316 22 22 in
138 313 35 24 the
188 310 110 24 Windsor
316 310 48 24 Cob
381 310 38 24 the
436 310 87 31 justice
545 315 22 19 to
586 315 59 21 state

71 351 43 23 that
124 346 36 24 the
171 343 57 25 fault
239 343 38 24 did
287 348 40 19 not
346 348 49 19 rest
413 344 57 23 with
493 344 71 23 them.
612 344 33 25 At

70 380 70 32 length
151 386 14 15 a
174 384 65 16 move
251 384 45 15 was
306 376 65 24 made
379 381 25 19 to
416 384 14 16 a
441 376 103 24 distance
557 377 24 23 of
590 377 52 25 four

72 414 57 26 miles
139 412 56 23 from
207 409 127 32 Hampton,
356 409 49 24 that
423 415 52 26 part
494 410 25 23 of
536 410 107 32 Sudbury

73 449 100 24 Common
183 443 69 30 being
263 442 99 24 selected
373 443 35 23 for
427 443 39 23 the
487 443 52 23 first
559 444 83 29 match,

72 479 64 26 which
146 484 44 17 was
201 476 104 23 between
317 475 36 24 the
364 475 110 24 Windsor
487 476 59 28 Cob,
566 484 78 24 carry-

72 517 34 27 ing
117 513 55 25 12st,
186 508 44 24 and
249 508 38 24 the
310 508 115 24 Silvertail
438 508 58 29 Cob,
518 511 62 27 list,
600 515 44 19 two

73 546 63 27 miles,
157 544 34 23 for
209 542 56 24 £50
287 550 14 15 a
321 542 56 23 side.
432 542 111 31 Umpires
565 544 46 23 and
632 553 13 14 a

73 579 74 26 referee
168 576 85 29 having
274 574 58 24 been
352 575 131 31 appointed,
513 575 39 23 the
576 576 69 32 jocks

73 609 95 28 mounted
186 608 44 23 and
249 615 63 16 came
318 612 35 19 ■to
369 607 40 24 the
432 613 52 25 post
507 614 23 18 to
550 614 46 19 trot
608 611 37 23 the

73 641 109 35 stipulated
193 641 102 23 distance
307 640 97 24 towards
416 641 130 32 Hampton,
558 651 14 15 a

74 677 116 34 gentleman
237 675 111 30 crossing'
359 674 39 23 the
417 675 126 29 Silvertail,
564 676 45 24 and
632 685 12 15 a

93 708 128 26 west-ender
258 707 39 24 the
309 705 108 26 Windsor
430 708 57 24 Cob.
524 709 67 23 After
604 718 41 15 one

73 744 47 25 false
131 746 54 19 start
196 741 55 30 they
263 744 40 27 got
313 741 38 28 off,
371 741 38 23 the
429 741 117 24 Silvertail
560 742 85 32 having

73 779 32 23 the
120 776 129 28 advantage,
270 774 45 23 and
334 774 92 23 showed
446 775 24 22 in
493 774 62 24 front
574 776 37 23 for
632 785 12 15 a

73 811 54 24 short
136 809 108 27 distance,
265 807 41 23 but
324 806 38 24 the
616 818 27 15 no

73 850 68 18 sooner
153 845 33 20 set
197 840 107 31 properly
315 844 22 19 to
355 840 65 24 work
426 839 3 4 '
440 840 56 24 than
515 841 28 23 he
563 843 81 29 gained

73 884 50 24 upon
134 875 36 23 the
183 873 123 29 Silvertail,
320 873 43 23 and
376 873 96 32 quickly
483 879 61 19 went
564 875 78 30 ahead,

72 908 115 29 ultimately
196 908 103 29 winning
308 906 31 31 by
350 907 107 31 upwards
466 907 26 23 of
509 908 9 22 1
525 910 31 22 00
567 910 74 28 yards.

72 941 85 27 Neither
167 940 73 24 broke
251 939 59 24 from
321 948 13 15 a
345 944 47 19 trot
407 940 149 31 throughout.
595 942 47 24 The

72 976 73 32 parties
165 974 68 31 again
254 972 105 32 repaired
379 978 23 19 to
432 973 38 24 the
500 973 52 25 Red
574 975 68 30 Lion,

72 1009 113 30 Hampton,
199 1006 52 29 and,
265 1007 73 30 owing
350 1011 23 19 to
386 1007 39 23 the
435 1007 66 31 delay
512 1007 75 25 which
599 1009 44 23 had

71 1042 60 24 taken
141 1040 71 33 place,
223 1040 38 23 the
273 1039 110 24 Windsor
395 1040 50 23 Cob
465 1040 43 24 had
527 1042 42 23 but
586 1042 57 24 little

72 1077 45 22 time
138 1079 21 19 to
181 1072 89 25 refresh
291 1073 34 23 for
345 1073 40 23 the
408 1074 85 24 second
513 1075 84 29 match,
619 1080 21 19 to

70 1116 73 16 ensure
164 1108 29 22 its
216 1106 92 31 coming
331 1106 32 23 off
380 1106 78 25 before
478 1108 20 23 it
518 1108 91 24 became
621 1113 21 19 to

70 1142 49 24 dark
131 1145 22 19 to
163 1139 74 24 watch
248 1139 39 23 the
299 1147 106 24 progress
418 1139 25 24 of
454 1140 37 24 the
501 1148 65 23 nags.
586 1142 57 23 This

70 1174 66 26 match
147 1181 45 17 was
203 1174 103 23 between
315 1172 72 24 Little
400 1172 58 30 Bob,
480 1174 124 32 belonging
622 1180 21 19 to

70 1218 11 15 a
99 1207 126 32 gentleman
243 1207 24 21 in
286 1205 38 24 the
343 1207 55 30 city,
420 1206 45 24 and
486 1207 38 24 the
539 1207 104 25 Windsor

71 1242 49 28 Cob,
132 1241 33 23 for
176 1240 72 24 £100
258 1239 69 29 aside,
341 1239 38 24 the
396 1247 89 16 owners
503 1240 87 32 having
607 1242 37 23 the

70 1276 69 30 option
157 1279 22 17 to
199 1278 45 18 trot
265 1272 71 24 either
354 1273 25 23 in
397 1273 80 23 saddle
495 1282 26 14 or
539 1273 102 26 harness.

69 1308 44 24 The
132 1306 106 25 Windsor
262 1305 49 24 Cob
334 1306 87 31 having
444 1306 55 24 been

69 1342 57 23 down
160 1348 47 15 was
219 1339 70 30 ready
298 1339 25 23 in
334 1339 51 23 half
401 1347 29 15 an
452 1339 65 30 hour,
538 1341 44 23 and
604 1349 38 23 ap-

68 1374 75 32 peared
159 1378 23 19 at
200 1373 38 24 the
258 1373 88 23 scratch
363 1373 26 22 in
409 1373 78 23 saddle
508 1374 43 23 and
572 1374 72 25 Little

68 1409 45 23 Boh
125 1409 21 21 in
158 1407 102 23 harness.
308 1408 57 21 2to
386 1407 13 23 1
420 1406 36 24 for
475 1406 38 24 the
527 1407 47 25 Cob
586 1413 58 19 went

68 1442 75 23 almost
161 1440 108 31 begging.
324 1439 67 31 They
415 1440 87 24 started
526 1441 58 24 from
607 1441 37 24 the

292 1472 37 24 the
341 1472 99 24 London
453 1473 47 24 side
513 1474 25 23 of
553 1474 91 32 Hamp-

69 1513 42 23 ton,
136 1512 20 19 to
175 1510 46 20 trot
240 1511 45 18 two
306 1506 67 23 miles
393 1506 98 23 towards
511 1508 37 23 the
567 1508 77 23 White

70 1542 57 24 Hart
138 1546 21 18 at
171 1540 120 31 Hampton
303 1539 77 24 Wick.
428 1540 73 24 Little
520 1541 49 23 Bob
587 1546 58 18 went

69 1583 58 22 away
145 1574 52 23 with
217 1573 37 23 the
273 1573 50 24 lead
341 1573 36 23 for
396 1573 39 23 the
446 1573 51 24 first
512 1576 45 22 100
569 1574 74 31 yards,

68 1609 38 23 but
124 1615 43 15 was
188 1607 70 30 easily
277 1606 131 29 overtaken,
426 1607 45 23 and
490 1615 67 16 never
577 1608 44 23 had
632 1616 13 15 a

69 1641 79 24 chance
160 1639 138 29 afterwards,
311 1639 37 24 the
360 1640 88 30 gallant
466 1640 109 24 Windsor
597 1641 47 24 Cob

68 1675 94 30 winning
176 1674 29 30 by
218 1681 12 15 a
242 1673 154 23 considerable
409 1673 110 24 distance.
581 1675 63 23 Mas-

69 1713 32 18 ter
112 1707 87 24 Robert
234 1707 72 23 broke
318 1714 63 20 once,
394 1707 42 23 but
447 1707 37 23 the
498 1707 48 23 Cob
559 1708 38 23 did
609 1708 35 23 his

69 1741 59 23 work
139 1741 23 23 in
174 1740 124 23 admirable
310 1740 59 31 style
373 1740 100 23 -without
485 1748 15 15 a
512 1741 55 23 false
576 1747 56 25 step.

96 1780 115 23 Tandem
222 1787 22 15 v.
257 1778 57 24 Gig.
317 1791 34 4 —
351 1778 24 24 A
383 1779 77 23 match
477 1787 62 15 came
559 1780 34 23 off
605 1780 39 24 be-

69 1818 68 19 tween
159 1817 43 19 two
226 1813 103 30 sporting
351 1812 131 31 gentlemen
503 1813 24 22 of
548 1813 95 24 Oxford.

69 1846 48 24 The
126 1846 126 24 conditions
265 1853 64 21 were,
343 1846 50 22 that
405 1853 42 15 one
459 1853 46 15 was
517 1851 21 18 to
556 1847 61 23 drive
633 1855 14 15 a

69 1879 93 29 tandem,
177 1879 44 23 and
235 1879 37 22 the
284 1878 64 23 other
359 1887 14 14 a
383 1879 49 31 gig,
451 1879 59 23 from
529 1879 38 24 the
580 1880 66 31 Folly

68 1913 82 30 Bridge
162 1912 126 30 Toll-gate,
301 1912 98 28 Oxford,
410 1917 23 18 to
455 1912 38 24 the
510 1913 135 23 Steventon-

68 1947 82 22 station
174 1954 29 15 on
222 1946 37 22 the
280 1945 71 23 Great
369 1945 108 24 Western
498 1946 115 29 Railroad,
633 1955 14 15 a

68 1980 97 23 distance
178 1980 26 22 of
215 1981 30 21 10
257 1978 72 29 miles,
342 1979 56 22 each
411 1983 23 18 to
447 1978 56 24 have
513 1987 28 15 an
560 1981 86 30 umpire

65 2013 55 22 -with
131 2012 54 29 him,
197 2011 45 23 and
254 2011 28 23 he
294 2011 48 23 that
352 2011 38 23 did
407 2013 18 21 it
446 2012 22 22 in
490 2012 37 23 the
550 2013 98 23 shortest

69 2046 51 22 time
132 2049 21 18 to
165 2044 28 24 be
206 2044 38 23 the
254 2046 84 21 winner
351 2053 6 20 ;
371 2052 43 16 one
430 2050 21 17 to
465 2049 57 19 start
532 2054 14 14 a
557 2051 90 25 quarter

68 2079 24 22 of
100 2086 28 15 an
139 2078 60 23 hour
210 2077 77 24 before
299 2078 37 23 the
359 2078 73 23 other.
475 2078 50 23 The
544 2080 41 30 gig
604 2087 44 15 was

68 2112 34 23 the
114 2112 119 23 favourite.
270 2111 50 24 The
338 2110 102 24 distance
463 2119 45 15 was
519 2113 128 30 performed

68 2145 26 30 by
108 2145 37 23 the
157 2144 92 24 tandem
261 2145 23 23 in
296 2145 45 22 less
354 2144 54 24 than
423 2147 30 22 35
468 2145 108 24 minutes.
596 2145 50 24 The

68 2180 36 28 gig
117 2178 107 30 occupied
236 2180 32 22 40
282 2178 107 24 minutes.

99 2211 64 24 Man
176 2219 22 15 v.
212 2211 98 24 Horse.
313 2223 33 5 —
349 2211 30 23 E.
400 2211 98 24 Smith's
518 2211 84 30 match,
623 2218 24 17 to

67 2246 45 22 ride
122 2253 12 15 a
145 2245 67 23 horse
225 2247 32 21 50
269 2244 74 31 yards,
357 2246 90 29 against
467 2253 12 14 a
501 2246 77 22 novice
595 2253 54 16 run-

68 2280 52 28 ning
131 2278 38 23 the
182 2286 61 15 same
256 2278 108 28 distance,
378 2279 35 22 for
425 2279 36 23 £5
475 2286 14 15 a
509 2279 57 28 side,
586 2287 62 15 came

69 2312 31 23 off
108 2312 23 23 in
143 2311 38 24 the
199 2311 111 32 Regent's
328 2311 72 28 Park,
423 2311 45 24 and
484 2319 44 16 was
549 2320 49 15 won
618 2313 30 30 by

69 2345 72 23 Smith
153 2345 30 30 by
196 2350 38 18 ten
246 2344 74 31 yards.

1900 149 64 24 dreds
1975 149 71 25 bared
2058 149 57 24 their
2128 149 77 30 heads,
2216 148 44 27 anil
2278 159 60 24 suug
2338 156 6 12 I
2349 152 52 24 with
2411 160 67 16 reve-

1900 183 79 23 rential
1988 183 83 31 pathos
2081 182 38 24 the
2127 182 69 24 Nunc
2204 183 114 31 Dimittis,
2323 192 30 18 .or
2365 184 114 33 the..Song

1900 215 25 23 of
1940 216 101 29 Simeon,
2053 216 57 24 from
2131 216 39 23 the
2181 217 94 31 evening
2293 226 91 24 prayer.
2427 217 52 25 The

1900 248 113 24 mournful
2041 250 130 30 procession
2191 250 80 23 moved
2293 256 22 19 to
2338 252 37 24 St.
2399 251 80 24 Paul's

1901 280 84 32 chapel,
2010 282 112 31 Royston,
2145 282 83 31 chiefly
2249 287 42 19 two
2314 284 97 30 abreast,
2434 284 45 24 and

1901 314 55 23 after
1966 314 39 25 the
2016 315 89 24 funeral
2117 315 86 24 service
2215 315 43 24 had
2268 316 57 24 been
2337 317 116 29 rendered,
2465 326 15 15 a

1897 346 113 30 judicious
2023 348 105 24 selection
2142 349 26 23 of
2185 348 79 24 sacred
2281 351 74 23 music
2365 350 59 25 from
2439 351 40 23 the

1900 376 103 27 Messiah
2025 388 43 16 was
2090 381 127 31 performed
2238 382 24 23 in
2284 381 39 24 the
2345 383 86 31 chapel,
2453 384 26 23 in

1900 411 85 24 honour
1996 413 25 23 of
2031 414 37 23 the
2079 414 112 24 lamented
2199 414 117 24 deceased.
2354 416 50 24 The
2415 416 64 31 place

1900 452 45 16 was
1966 447 96 30 entirely
2072 447 61 23 filled
2152 448 31 30 by
2194 448 38 23 the
2252 448 90 23 funeral
2361 456 118 24 company.

1900 477 49 24 The
1971 479 111 31 principal
2104 480 106 24 vocalists
2231 488 58 16 were
2310 481 68 23 Miss^
2394 482 85 29 Leach,

1902 510 57 23 Mrs.
1971 511 182 31 Winterbottom,
2167 513 97 26 Messrs.
2279 514 92 29 Mellor,
2385 514 94 24 Butter-

1899 543 78 29 worth,
1993 544 97 29 Cocker,
2104 545 59 29 Hill,
2182 546 99 30 Holden,
2295 548 44 24 &c.
2349 557 7 19 ;
2376 553 105 25 amongst

1900 576 38 23 the
1956 577 200 25 instrumentalists
2174 586 58 17 were
2252 581 46 23 Mr.
2322 581 117 31 Hacking,
2458 581 25 23 of

1900 609 71 31 Bury,
1985 610 49 24 Mr.
2048 611 28 24 T.
2095 611 108 29 Jackson,
2214 613 26 23 of
2257 613 107 31 Oldham,-
2377 614 47 24 Mr.
2446 613 33 25 R.

1900 642 91 32 Taylor,
2005 644 26 22 of
2047 644 111 31 Royston,
2170 645 43 23 &c.
2250 645 56 25 This
2316 647 100 31 peculiar
2427 655 53 16 ora-

1900 677 55 22 torio
1964 684 46 15 was
2023 676 162 25 characterised
2196 679 28 29 by
2233 687 27 15 an
2272 682 141 29 appropriate
2422 680 59 31 style

1900 709 25 23 of
1940 710 89 23 exalted
2041 711 127 31 solemnity.
2169 723 34 6 —
2203 709 148 27 Manchester
2365 713 46 24 and
2426 713 56 25 Sal-

1893 741 61 29 ford
1963 743 144 24 Advertiser.

1933 781 95 24 Death
2046 791 30 16 of
2095 784 149 25 Professor
2255 785 139 26 Wallace.
2396 799 33 5 —
2429 786 52 25 The

1901 815 110 22 scientific
2028 816 70 23 world
2114 817 47 23 will
2177 817 64 23 learn
2258 818 58 27 with,
2337 824 73 26 regret
2432 821 50 23 that

1902 847 43 23 this
1960 847 165 32 distinguished
2137 850 183 24 mathematician
2332 852 50 23 died
2393 852 53 24 here
2452 861 31 16 on

1902 880 84 31 Friday
1998 882 103 30 evening.
2138 882 99 31 Though
2256 891 14 15 a
2288 891 54 16 man
2362 885 26 23 of
2403 889 80 27 strong

1902 914 155 29 constitution,
2069 915 35 23 his
2121 915 73 23 habits
2209 917 25 22 of
2251 918 147 31 persevering
2415 919 69 31 study

1900 946 44 23 had
1952 947 127 31 ultimately
2092 948 45 23 told
2150 956 60 23 upon
2222 949 54 29 him,
2287 950 45 22 and
2344 957 13 15 a
2364 951 44 24 few
2415 959 67 23 years

1901 987 49 24 ago,
1969 980 115 32 declining
2105 981 75 24 health
2199 982 124 32 compelled
2337 983 48 25 him
2396 988 22 20 to
2430 986 53 30 give

1902 1021 28 23 up
1949 1014 114 30 teaching,
2084 1014 45 23 and
2152 1014 126 32 ultimately
2300 1020 23 18 to
2346 1018 76 29 resign
2445 1018 38 24 the

1900 1046 168 25 mathematical
2085 1047 61 24 chair
2166 1048 23 23 in
2210 1056 40 16 our
2267 1049 134 32 university.
2436 1051 47 24 His

1900 1087 65 16 name
1978 1087 25 16 as
2016 1089 13 14 a
2047 1082 159 29 geometrician
2218 1081 25 24 of
2258 1082 39 23 the
2314 1082 51 24 first
2382 1084 64 24 order
2462 1085 22 23 is

1901 1112 82 24 known
1996 1121 54 16 over
2060 1113 100 33 Europe.
2197 1115 98 31 Though
2307 1115 51 24 well
2370 1117 113 24 advanced

1900 1146 25 23 in
1935 1154 74 23 years,
2022 1147 28 23 he
2063 1148 119 23 continued
2195 1148 102 31 ardently
2309 1148 94 26 devoted
2414 1155 23 19 to
2446 1151 36 23 his

1901 1179 109 23 favourite
2030 1181 87 23 science
2135 1185 23 19 to
2176 1181 38 23 the
2232 1181 51 29 last,
2304 1182 45 23 and
2359 1190 25 17 so
2401 1183 43 24 late
2457 1192 26 15 as

1903 1214 62 23 1839
1978 1213 119 31 published
2109 1221 13 16 a
2138 1218 59 19 tract
2209 1222 28 16 on
2248 1215 125 30 geodetical
2387 1223 94 24 survey-

1900 1246 46 31 ing,
1959 1246 43 23 full
2013 1246 26 23 of
2048 1247 95 31 original
2154 1247 44 24 and
2214 1247 104 25 valuable
2337 1249 69 23 ideas.
2443 1249 41 24 He

1900 1286 45 16 was
1957 1287 28 15 an
1999 1280 148 23 enthusiastic
2157 1280 96 24 admirer
2262 1281 26 23 of
2297 1289 42 15 our
2351 1282 36 23 old
2396 1282 87 24 mathe-

1901 1313 127 28 maticians,
2041 1313 42 23 and
2095 1320 68 16 never
2182 1314 130 23 mentioned
2324 1314 37 24 the
2374 1322 77 17 names
2460 1316 27 23 of

1902 1345 94 31 Napier,
2020 1345 137 29 Maclaurin,
2182 1346 43 23 and
2254 1346 112 32 Gregory,
2389 1349 96 25 without

1902 1379 144 30 expressions
2069 1379 25 23 of
2112 1379 112 30 profound
2243 1381 136 24 veneration.
2415 1381 68 25 Scot-

1900 1411 54 24 land
1973 1412 21 22 is
2005 1411 104 24 indebted
2120 1417 24 18 to
2164 1413 48 22 him
2229 1413 34 23 for
2284 1413 82 32 taking
2384 1413 38 25 the
2432 1414 52 25 first

1902 1449 61 26 steps
1976 1449 24 19 to
2012 1449 60 19 erect
2083 1450 144 19 monuments
2246 1451 23 18 to
2288 1447 38 23 the
2345 1452 44 18 two
2400 1447 85 25 former

1901 1478 128 23 illustrious
2040 1486 59 21 men,
2112 1478 75 24 whose
2198 1480 97 23 remains
2305 1480 39 30 lay
2354 1481 129 29 unnoticed,

1902 1511 43 23 and
1957 1519 56 15 even
2027 1511 58 23 their
2096 1512 63 31 place
2175 1512 26 23 of
2215 1513 123 23 interment
2348 1513 81 25 almost
2439 1522 45 16 un-

1902 1544 91 29 known,
2006 1544 35 23 till
2059 1545 36 23 his
2113 1544 97 24 kindred
2229 1546 66 30 spirit
2313 1546 122 25 awakened
2446 1547 39 24 the

1903 1578 110 22 scientific
2034 1575 76 33 public
2121 1582 23 19 to
2163 1578 45 23 this
2225 1579 117 30 unworthy
2356 1580 89 31 neglect
2462 1581 25 23 of

1903 1615 42 18 two
1956 1611 25 22 of
1990 1610 39 24 the
2036 1615 99 27 greatest
2144 1617 128 18 ornaments
2279 1612 26 23 of
2312 1613 58 23 their
2378 1618 103 27 country.

1903 1656 32 5 —
1937 1640 128 28 Scotsman.

1935 1684 179 25 Imagination
2123 1693 31 16 of
2166 1685 112 25 Women.
2281 1698 34 5 —
2315 1686 102 29 Women,
2428 1687 55 24 with

1904 1718 59 23 their
1972 1717 79 33 bright
2070 1719 164 31 imaginations,
2248 1719 79 24 tender
2343 1720 82 28 hearts,
2439 1720 45 24 and

1904 1759 55 24 pure
1978 1751 83 29 minds,
2079 1757 73 19 create
2173 1752 34 23 for
2223 1752 136 24 themselves
2377 1753 66 29 idols,
2456 1762 29 15 on

1905 1785 72 23 whom
1989 1785 52 31 they
2053 1785 71 23 lavish
2137 1785 59 23 their
2207 1785 105 31 worship,
2321 1786 94 30 making
2426 1787 59 23 their

1904 1818 75 23 hearts
2003 1818 101 31 temples,
2121 1819 24 22 in
2164 1818 72 23 which
2259 1818 39 24 the
2321 1819 56 23 false
2399 1820 46 30 god
2465 1820 21 23 is

1905 1851 89 24 adored.
2030 1851 46 23 But
2088 1851 48 24 alas
2146 1851 37 23 the
2196 1851 73 31 object
2276 1851 26 24 of
2311 1851 57 24 their
2381 1852 49 23 best
2441 1853 46 23 and

1903 1884 91 24 fondest
2004 1884 94 31 feelings
2109 1884 115 31 generally
2237 1893 25 14 as
2274 1893 56 15 soon
2342 1893 68 23 prove
2422 1891 23 17 to
2457 1886 29 23 be

1906 1918 23 23 of
1935 1917 58 24 false
2005 1917 56 31 clay,
2074 1918 89 23 instead
2171 1918 26 22 of
2204 1925 56 24 pure
2271 1917 62 31 gold,
2342 1919 44 22 and
2399 1919 88 31 though

1905 1952 47 30 pity
1965 1950 73 24 would
2050 1951 47 22 fain
2115 1952 124 28 intervene,
2251 1955 24 19 to
2286 1951 52 29 veil,
2352 1952 28 22 its
2392 1951 94 30 defects,

1905 1992 24 16 or
1940 1992 58 15 even
2011 1988 21 19 to
2044 1983 89 24 cherish
2142 1984 20 24 it
2168 1984 24 23 in
2201 1983 86 31 despite
2295 1985 26 22 of
2330 1985 68 28 them,
2406 1986 81 27 virtue,

1905 2023 87 21 reason,
2005 2016 44 23 and
2058 2016 91 31 justice,
2162 2014 102 26 combine
2274 2016 80 32 finally
2361 2021 22 19 to
2396 2017 91 31 destroy

1903 2050 18 22 it
1930 2058 7 19 ;
1950 2049 42 23 but
2003 2050 23 22 in
2039 2048 38 24 the
2088 2049 65 28 dead,
2163 2053 23 19 to
2194 2049 73 31 injure
2275 2049 39 24 the
2320 2049 51 25 fane
2381 2051 24 23 in
2414 2051 73 23 which

1905 2083 17 22 it
1933 2090 46 15 was
1991 2082 128 23 enshrined.
2121 2094 35 5 —
2156 2081 65 31 Lady
2234 2082 150 31 Blessington.

1937 2122 30 23 In
1991 2130 14 15 a
2027 2130 50 15 case
2100 2122 25 23 of
2144 2122 179 32 horse-stealing
2345 2124 25 23 in
2398 2123 89 24 Illinois

1906 2155 87 24 United
2006 2159 76 24 states,
2096 2160 22 19 at
2130 2164 14 14 a
2161 2155 45 24 late
2224 2156 96 29 session,
2331 2157 39 23 the
2385 2157 55 31 jury
2451 2164 36 17 re-

1904 2189 81 23 turned
1997 2197 14 14 a
2022 2188 81 24 verdict
2114 2188 26 23 of
2175 2188 80 32 guilty,
2269 2190 106 30 provided
2385 2190 40 23 the
2437 2190 46 31 pri-

1904 2229 67 16 soner
1983 2223 19 22 is
2014 2222 37 23 the
2061 2230 41 15 one
2116 2221 48 24 who
2177 2222 53 23 took
2240 2222 38 23 the

1937 2263 228 24 Extraordinary
2177 2263 89 23 Sheep
2278 2270 31 17 of
2322 2270 50 16 the
2391 2263 95 25 Cotes-

1905 2304 75 17 wold
2001 2296 98 24 Breed.
2102 2308 33 5 —
2137 2296 50 23 The
2205 2296 85 23 wether
2311 2296 68 32 sheep
2398 2297 26 23 of
2445 2297 38 24 the

1906 2329 130 25 Coteswold
2051 2329 78 28 breed,
2148 2329 55 23 bred
2220 2329 30 32 by
2270 2329 49 24 Mr.
2330 2329 31 24 R.
2376 2329 111 30 Benman,

1905 2363 25 23 of
1945 2363 162 31 Dormington,
2121 2362 247 29 Stow-on-the-Wold,
2380 2363 44 24 and
2443 2371 42 16 ex-

1905 2395 88 25 hihited
2004 2396 29 30 by
2044 2396 47 23 him
2102 2400 24 19 at
2138 2395 38 24 the
2188 2395 86 25 Bristol
2291 2397 101 30 meeting
2408 2397 26 23 of
2449 2397 38 23 the

1905 2429 77 31 Royal
2006 2429 156 31 Agricultural
2186 2429 108 31 Society,*
2309 2435 47 17 was
2385 2429 101 31 recently

1905 2462 145 31 slaughtered
2062 2471 6 20 ;
2095 2462 38 24 the
2154 2469 87 17 carcase
2260 2462 103 31 weighed
2384 2463 103 28 2941b5.,

1905 2496 38 23 the
1964 2496 49 23 fore
2032 2500 89 26 quarter
2142 2494 100 34 84|lbs.,
2263 2495 107 24 shoulder
2390 2494 96 34 42flbs.

1903 2541 35 5 —
1938 2527 77 25 Mark
2027 2529 63 23 Lane
2099 2528 112 30 Express.

1933 2601 85 19 Dpath
2029 2606 26 14 of
2066 2605 15 14 a.
2095 2599 125 21 Rbgicidh.
2220 2609 28 6 —
2248 2599 69 21 There
2326 2600 48 20 died
2384 2601 22 19 in
2421 2600 66 25 Paris,

1905 2633 23 20 in
1943 2632 36 20 the
1989 2632 65 20 house
2068 2630 43 22 No.
2127 2632 34 23 27,
2177 2632 45 20 Rue
2238 2631 66 21 Louis
2319 2632 20 21 lc
2354 2632 78 25 Grand,
2448 2633 42 21 lait

1905 2665 69 26 April,
1985 2671 13 14 a
2005 2663 126 21 remarkable
2141 2669 83 20 person,
2231 2663 72 21 Count
2314 2664 89 26 Ribbing
2409 2665 78 25 Leven,

1905 2703 40 14 one
1961 2697 24 20 of
1998 2697 35 20 the
2046 2696 101 21 assassins
2161 2696 24 20 of
2204 2696 105 20 Gustavus
2323 2696 51 23 111.,
2391 2696 57 27 King
2466 2697 26 20 of

1906 2730 95 20 Sweden.
2029 2728 104 21 Gustavus
2152 2728 18 19 it
2189 2728 41 20 will
2250 2728 26 20 be
2295 2728 132 25 recollected,
2446 2735 42 15 wu

1905 2763 50 20 shot
1971 2764 23 18 at
2003 2768 12 14 a
2025 2761 65 26 grand
2104 2761 85 20 masked
2206 2760 42 20 ball
2257 2760 62 26 given
2334 2761 23 19 in
2367 2761 36 20 the
2420 2761 70 26 Opera

1907 2795 74 20 House
1992 2797 21 17 at
2023 2793 122 21 Stockholm
2156 2799 26 14 on
2193 2794 34 19 the
2238 2793 51 20 16th
2299 2792 24 21 of
2333 2792 81 26 March,
2426 2793 62 25 1792,

1905 2829 29 26 by
1952 2828 144 23 Ankerstrom,
2114 2827 47 21 who
2176 2833 41 14 was
2227 2826 100 21 executed
2334 2834 6 17 ;
2361 2827 45 24 but,
2417 2829 22 18 at
2454 2827 36 21 the

1907 2861 65 25 King*
1975 2867 10 14 6
1992 2860 73 24 desire,
2073 2860 36 20 the
2119 2859 61 21 other
2187 2859 57 21 three
2254 2860 147 26 conspirators,
2407 2860 83 21 includ-

1906 2895 37 25 ing
1963 2894 71 20 Count
2044 2893 91 25 Bibbing
2150 2892 76 25 Leven,
2236 2898 54 14 were
2305 2892 108 21 banished.
2440 2892 50 21 Two

1907 2926 26 21 of
1945 2926 67 24 these,
2024 2924 60 21 Horn
2100 2925 42 20 and
2154 2924 137 25 Libienhorn,
2309 2924 47 21 died
2364 2924 23 21 in
2403 2926 88 25 poverty

1906 2959 24 20 in
1941 2958 140 27 Copenhagen
2095 2957 42 21 and
2152 2957 112 27 Germany,
2279 2957 42 20 and
2330 2956 91 27 Ribbing
2436 2957 55 20 lived

1906 2992 24 19 in
1951 2991 58 20 Paris
2027 2990 33 21 till
2079 2990 67 26 April.
2176 2989 32 21 He
2218 2989 82 21 arrived
2317 2989 24 20 in
2360 2989 58 21 Paris
2435 2989 56 21 from

1909 3024 87 20 Sweden
2006 3025 22 18 at
2036 3023 37 20 the
2081 3024 57 19 most
2148 3022 78 20 violent
2235 3021 73 26 period
2318 3020 24 21 ot
2353 3020 38 21 the
2399 3020 92 21 Revolu-

1907 3056 54 23 tion,
1980 3055 41 21 and
2037 3055 91 24 became,
2144 3054 23 20 in
2182 3058 142 21 consequence
2333 3053 25 19 ot
2367 3052 34 21 his
2417 3053 71 25 crime,

1908 3088 74 26 highly
2001 3087 95 27 popular.
2126 3086 33 20 He
2177 3092 41 14 was
2234 3084 45 26 tall,
2299 3084 46 21 well
2363 3084 67 25 made,
2449 3085 42 20 and

2126 3118 122 26 advantages
2262 3116 68 21 which
2338 3116 103 26 procured
2455 3116 36 22 for

1908 3154 45 21 him
1962 3154 55 20 from
2027 3152 98 20 Madame
2134 3151 25 20 de
2170 3151 55 20 Stael
2234 3150 35 20 the
2278 3150 46 20 title
2333 3149 24 20 of
2368 3149 38 21 her
2439 3149 51 21 beau

2052 3184 39 21 His
2109 3184 82 20 income
2206 3189 41 14 was
2264 3182 88 24 limited,
2368 3181 45 25 but,
2432 3187 23 14 as
2471 3182 20 20 it

1908 3218 84 22 arrived
2001 3220 22 18 to
2032 3217 44 21 him
2084 3217 25 19 in
2117 3215 57 27 gold,
2184 3217 22 18 at
2215 3221 13 14 a
2237 3216 93 19 moment
2337 3214 58 20 when
2406 3213 43 21 20f.
2466 3213 24 21 in

1909 3253 47 19 that
1984 3251 64 21 metal
2074 3255 54 14 were
2157 3248 66 20 worth
2252 3246 95 25 20,000f.
2375 3246 23 19 in
2425 3251 65 21 paper

1910 3280 132 30 (astigkattj,
2052 3283 27 20 he
2088 3280 109 29 employed
2210 3279 34 21 his
2253 3279 55 20 little
2318 3284 69 14 means
2397 3278 52 20 with
2465 3285 25 15 so

1908 3318 65 20 much
1985 3316 108 26 judgment
2104 3314 46 20 that
2158 3312 27 21 he
2198 3311 115 27 purchased
2323 3316 48 20 very
2383 3311 108 22 consider.,

1908 3349 48 21 able
1964 3349 99 26 property
2071 3345 52 21 with
2130 3345 31 23 it;
2177 3344 21 20 in
2208 3344 50 24 fact,
2278 3349 29 14 we
2318 3342 77 21 believe
2404 3344 28 19 he
2448 3349 42 16 wu

1909 3384 22 18 at
1947 3386 42 15 ono
2003 3380 49 21 time
2061 3378 36 20 the
2113 3382 69 15 owner
2194 3375 24 20 of
2229 3375 36 19 the
2281 3373 75 28 superb
2366 3374 84 22 domain
2467 3376 26 20 of

1909 3413 91 26 Rainey.
2029 3410 33 21 He
2069 3408 92 22 married
2169 3413 27 14 an
2208 3413 80 14 ex-nun
2299 3406 159 28 (ehanoinestej,
2469 3408 24 21 of

1908 3444 63 21 noble
1981 3442 77 26 family,
2068 3441 29 26 by
2107 3440 67 20 whom
2182 3439 28 20 he
2214 3439 43 19 had
2266 3445 13 14 a
2286 3445 46 19 son,
2345 3439 46 21 who
2399 3440 93 21 survive*

1907 3478 67 20 them.
2011 3474 33 26 By
2062 3477 134 16 occurrences
2218 3473 40 19 not
2278 3478 107 22 necessary
2405 3474 22 19 to
2448 3472 43 21 this

1907 3507 108 23 narration
2027 3506 27 20 he
2063 3504 37 21 fell
2116 3504 45 21 into
2171 3503 112 27 pecuniary
2299 3504 192 26 embarrassments,

1908 3541 43 21 and
1959 3540 91 21 became,
2060 3537 43 20 and
2110 3542 42 14 was
2161 3536 33 20 for
2204 3542 63 21 many
2276 3542 68 21 years,
2357 3543 13 15 a
2378 3537 113 21 translator

1908 3572 25 21 of
1947 3572 90 20 German
2045 3569 23 20 in
2077 3568 37 21 the
2121 3568 59 20 office
2189 3568 24 20 of
2225 3568 37 21 the
2269 3569 99 21 Courier
2377 3569 114 21 Fraineait.

1908 3605 36 21 He
1960 3601 106 30 professed
2083 3600 129 27 Republican
2222 3601 99 26 opinions
2340 3604 22 18 to
2370 3594 35 28 his
2420 3601 71 24 death,

1907 3638 40 20 but
1954 3641 42 16 was
2005 3634 58 21 often
2071 3633 66 21 heard
2147 3635 22 18 to
2176 3632 79 23 lament
2255 3643 28 5 —
2284 3633 18 21 if
2312 3635 40 19 not
2360 3633 34 21 hit
2399 3632 92 22 crime—

1908 3669 37 21 the
1963 3666 135 22 exaltatation
2106 3666 48 20 that
2169 3665 34 21 led
2212 3665 45 21 him
2273 3665 46 22 into
2328 3665 24 25 it;
2363 3665 48 23 and,
2418 3670 72 15 conse-

1908 3700 87 28 quently
2001 3699 45 20 into
2052 3699 100 26 suffering
2158 3699 41 20 and
2204 3700 95 25 poverty.
2324 3697 70 21 Count
2399 3696 92 27 Ribbing

1907 3739 42 15 was
1953 3745 2 11 i
1961 3732 25 20 of
1997 3737 13 15 a
2018 3731 62 20 noble
2093 3730 91 21 Swedish
2194 3730 80 26 family,
2284 3729 33 21 his
2326 3728 81 21 mother
2416 3728 25 21 of
2454 3728 37 21 the

1907 3765 84 27 equally
2008 3764 61 21 noble
2086 3763 73 26 family
2174 3763 25 21 of
2210 3762 78 24 Leven,
2304 3760 67 21 which
2385 3765 62 15 name
2463 3760 28 20 he

1907 3797 69 22 added
1997 3799 23 19 to
2043 3796 33 21 his
2096 3794 132 28 patronimic.
2257 3792 85 27 Shortly
2364 3791 72 22 before
2455 3792 36 21 the

1907 3830 111 21 liberation
2037 3829 24 21 of
2066 3846 4 5 .
2081 3828 93 24 Sweden,
2192 3826 115 22 Christian,
2326 3824 59 27 King
2394 3825 25 20 of
2431 3824 59 22 Den-

1908 3863 68 23 mark,
1990 3861 75 22 caused
2075 3860 28 21 90
2119 3860 62 20 noble
2191 3858 81 21 Swedes
2287 3859 22 19 to
2318 3857 26 20 be
2361 3853 130 31 decapitated

1907 3890 24 21 in
1940 3895 41 16 one
1990 3890 40 26 day
2035 3889 34 20 for
2077 3887 79 26 alleged
2162 3889 91 18 treason.
2282 3885 81 25 Among
2372 3884 64 22 them'
2436 3890 55 16 were

1907 3926 43 18 two
1959 3923 78 26 Boys—
2037 3922 37 20 the
2090 3926 41 15 one
2140 3919 51 27 aged
2207 3918 33 24 12,
2253 3918 37 21 the
2298 3918 61 21 other
2372 3918 36 26 IS;
2417 3917 25 22 of
2443 3913 6 9 c
2453 3918 37 21 the

1907 3956 75 25 family
1990 3955 23 20 of
2025 3953 100 26 Ribbing.
2142 3967 5 4 -

99 2406 109 24 Filling
226 2413 33 16 up
273 2412 51 17 the
338 2405 80 24 Moat
430 2413 33 16 at
474 2413 51 17 the
540 2406 104 24 Tower.

69 2451 31 5 —
101 2439 45 24 For
157 2446 64 16 some
232 2440 54 22 time
298 2443 52 27 past
359 2447 14 15 a
385 2439 154 24 considerable
552 2441 94 22 number

70 2473 22 22 of
106 2472 117 24 labourers
240 2472 58 23 have
319 2473 57 22 been
397 2473 117 30 employed
536 2475 116 29 removing

71 2505 34 24 the
117 2506 53 23 mud
181 2506 44 23 soil
238 2507 23 22 in
272 2506 36 22 the
321 2505 109 24 southern
443 2514 25 15 or
480 2507 58 23 river
557 2512 59 18 moat
628 2507 26 22 of

70 2539 35 23 the
117 2539 80 23 Tower
209 2540 103 30 garrison
322 2544 148 26 preparatory
483 2545 21 17 to
519 2540 38 23 the
576 2540 74 23 build-

69 2573 38 30 ing
114 2572 24 24 of
146 2577 44 19 two
198 2573 115 23 extensive
322 2573 127 31 aqueducts
457 2574 34 22 for
499 2573 37 24 the
546 2573 105 31 drainage

71 2606 23 23 of
110 2606 35 23 the
157 2610 69 19 water
238 2606 138 30 necessarily
388 2606 56 23 used
464 2606 30 31 by
513 2606 39 23 the
573 2612 76 25 troops

69 2639 116 31 quartered
198 2639 23 24 in
231 2639 39 24 the
282 2639 103 30 fortress,
405 2639 45 24 and
461 2639 39 24 the
510 2640 140 23 inhabitants

69 2673 95 24 therein.
210 2672 52 24 The
283 2672 79 31 public
381 2673 48 23 will
451 2673 28 23 be
502 2673 103 31 gratified
628 2678 22 18 to

70 2705 69 30 learn,
164 2706 49 23 that
229 2706 39 23 the
286 2710 62 20 moat
365 2706 75 24 which
456 2707 139 23 surrounded
614 2706 38 24 the

71 2738 86 30 Tower,
170 2740 44 23 and
226 2738 81 30 which,
320 2740 25 23 in
354 2747 156 23 consequence
523 2740 25 23 of
564 2740 36 23 the
614 2745 38 18 too

70 2771 126 33 frequently
212 2778 107 26 stagnant
338 2773 44 23 and
403 2773 66 31 filthy
489 2778 57 18 state
567 2773 25 23 of
614 2773 38 23 the

72 2811 66 18 water
146 2806 24 23 in
183 2806 26 29 it,
225 2814 47 15 was
284 2806 77 31 amply
371 2806 115 24 sufficient
498 2811 21 18 to
532 2811 73 19 create
623 2814 30 15 an

72 2839 107 30 epidemic
188 2840 24 23 in
223 2839 38 23 the
270 2839 195 31 neighbourhood,
476 2839 20 23 is
506 2847 51 16 now
566 2840 24 23 in
597 2848 54 22 pro-

70 2879 62 23 gress
144 2873 26 22 of
185 2873 69 30 being
265 2872 61 24 filled
335 2880 39 23 up,
388 2873 54 22 with
453 2881 13 14 a
478 2873 55 22 view
546 2873 25 23 of
580 2873 69 30 being

71 2905 118 25 converted
200 2906 48 23 into
260 2905 102 31 grounds
382 2905 36 23 for
434 2905 112 24 healthful
564 2914 87 16 recrea-

71 2938 54 25 tion.

103 2971 54 25 Me.
168 2972 138 24 Braham's
317 2970 104 26 Age.—
422 2971 98 24 Extract
531 2972 59 24 frem
600 2971 49 25 Mr.

72 3004 99 25 Braham
192 3009 22 19 to
233 3004 37 24 the
293 3004 85 24 Editor
397 3004 27 23 of
447 3004 39 23 the
496 3004 158 31 Birmingham

70 3037 142 30 Advertiser,
236 3037 65 24 dated
326 3037 84 23 March
428 3039 42 26 20,
500 3040 79 22 1840:
581 3051 33 4 —

70 3071 64 23 made
145 3078 40 23 my
195 3070 52 23 first
258 3078 139 27 appearance
410 3078 54 24 very
484 3071 61 30 early
564 3072 23 22 in
606 3071 47 29 life,

70 3108 24 19 at
103 3104 38 24 the
153 3111 43 24 age
207 3104 26 23 of
244 3105 43 28 .10,
297 3109 27 22 .a.t
337 3104 37 24 the
381 3103 108 32 .Royalty
504 3104 107 29 Theatre,
630 3105 24 23 in

72 3137 73 29 1787,
168 3137 46 24 and
236 3137 46 24 this
302 3145 56 23 very
381 3137 44 31 day
453 3132 52 36 (my
526 3137 125 31 birth-day,

71 3170 82 24 March
165 3170 46 33 20)
220 3170 60 24 lam
390 3170 25 24 It
423 3170 96 29 follows,
535 3170 118 29 therefore,

72 3204 47 23 that
140 3204 91 24 instead
251 3204 24 23 of
298 3204 71 32 being
388 3211 30 16 an
437 3204 166 33 octogonarian,
627 3211 24 16 as

72 3244 61 17 some
145 3237 62 25 folks
218 3243 80 24 assert,
322 3236 48 26 Mr.
391 3236 101 25 Braham
511 3245 47 15 was
576 3239 31 23 66
624 3245 29 16 on

71 3269 110 33 Monday,
193 3271 39 23 the
240 3271 60 24 20th
309 3271 35 24 ult

103 3304 78 24 Crim.
194 3304 65 24 Con.
260 3316 34 5 —
294 3305 35 23 At
339 3305 39 23 the
390 3304 63 24 Lent
460 3304 132 24 Beaumaris
604 3304 49 24 As-

70 3337 66 29 sizes,
149 3344 30 16 an
191 3338 74 22 action
277 3344 46 17 was
334 3337 101 32 brought
445 3338 31 30 by
488 3345 13 16 a
512 3345 77 23 young
599 3345 55 16 man

69 3370 83 24 named
163 3369 80 24 Evans
252 3371 89 30 against
348 3378 15 16 a
374 3378 82 23 person
469 3371 81 23 named
561 3371 92 30 Elliott,

70 3403 35 23 for
117 3403 105 23 criminal
233 3404 157 23 conversation
407 3404 56 23 with
482 3404 35 23 his
537 3405 58 23 wife.
632 3405 24 24 It

71 3435 113 33 appeared
193 3435 60 24 from
263 3434 38 24 the
313 3436 107 24 evidence
440 3437 51 23 that
510 3438 38 23 the
559 3438 101 32 plaintiff

71 3476 47 17 was
138 3469 72 25 about
229 3471 32 21 24
278 3476 67 23 years
358 3469 25 23 of
398 3477 49 23 age,
461 3470 49 23 that
529 3471 28 24 he
577 3478 46 17 was
642 3479 15 16 a

72 3504 75 22 native
168 3503 26 23 of
214 3509 63 17 some
295 3502 65 31 place
378 3509 56 16 near
446 3502 143 31 Tamworth,
611 3505 45 23 and

73 3535 48 25 that
132 3536 59 24 after
201 3535 86 31 having
306 3535 59 23 been
383 3535 94 31 paying,
488 3535 36 24 his
536 3537 118 24 addresses

73 3569 34 23 for
119 3569 88 24 several
224 3568 100 29 months,
334 3568 39 23 his
392 3569 111 30 marriage
522 3569 55 24 took
591 3570 65 31 place

73 3603 23 22 in
108 3602 146 32 Shropshire.
279 3601 51 24 The
341 3600 54 32 lady
406 3608 45 16 was
463 3601 38 24 the
513 3602 110 31 daughter
634 3604 26 23 of

75 3643 14 16 a
98 3636 102 24 solicitor
211 3640 24 19 at
246 3634 121 29 Wenlock,
380 3634 50 24 who
449 3634 51 25 died
518 3635 86 32 shortly
615 3636 41 24 be-

75 3669 46 23 fore
132 3669 40 24 the
182 3669 121 30 marriage.
339 3667 35 25 At
386 3667 39 24 the
440 3667 54 24 time
506 3668 26 24 of
546 3668 39 24 her
597 3677 59 23 nup-

75 3702 52 26 tials
139 3703 41 24 she
193 3710 46 16 was
246 3702 69 23 about
326 3702 31 23 18
365 3708 67 24 years
441 3700 26 23 of
475 3708 49 24 age,
534 3702 122 31 extremely

74 3734 131 32 handsome,
218 3735 45 24 and
273 3735 26 23 of
308 3739 61 19 most
380 3733 166 32 accomplished
555 3735 44 23 and
609 3735 49 23 fas-

75 3768 105 32 cinating,
186 3775 107 18 manners
305 3767 45 24 and
361 3766 103 25 address.
500 3766 158 33 Immediately

75 3801 56 25 after
143 3803 39 23 the
193 3802 112 30 marriage
324 3800 46 24 had
388 3800 59 23 been
462 3799 145 30 solemnized,
620 3801 38 23 the

74 3833 76 34 happy
168 3836 51 31 pair
237 3834 43 25 left
296 3832 122 25 Wenlock'
430 3833 36 23 for
482 3832 40 24 the
544 3833 73 24 island
635 3834 26 24 of

70 3867 128 33 Anglesea,
209 3869 25 23 in
246 3867 86 28 Wales,
345 3866 77 24 where
437 3866 53 31 they
502 3866 121 25 continued
634 3871 24 19 to

75 3902 73 24 reside
165 3909 32 27 up
208 3906 24 20 to
250 3900 39 25 the
307 3901 56 23 time
382 3899 25 24 of
422 3899 39 24 the
479 3899 88 31 alleged
584 3900 74 23 delin-

75 3940 87 26 quency
174 3942 30 17 on
214 3939 70 20 terms
296 3934 26 24 of
336 3933 90 25 mutual
446 3932 110 24 kindness
566 3932 45 25 and
623 3933 34 23 af-

74 3966 91 26 fection.
201 3967 73 32 Many
292 3968 117 24 instances
429 3965 27 25 of
477 3966 38 23 the
533 3970 79 26 strong
622 3970 36 19 at-

1289 145 39 25 the
1338 146 63 24 bride
1412 148 27 23 of
1454 148 48 24 Mr-.
1516 148 78 25 Frank
1607 149 111 30 Howard,
1731 149 91 24 became
1833 149 39 23 the

1289 179 88 24 mother
1389 181 24 22 of
1428 181 37 23 his
1476 182 69 29 child,
1555 183 42 23 but
1618 188 39 18 not
1676 183 36 23 his
1725 183 59 23 wife.
1820 182 52 23 The

1291 212 58 23 birth
1361 212 25 24 of
1401 213 47 23 this
1460 215 80 30 pledge
1557 216 25 23 of
1597 215 105 24 affection
1724 215 39 23 did
1783 220 40 18 not
1835 216 37 22 in-

1289 244 56 24 duce
1357 245 47 25 him
1417 252 23 18 to
1451 255 24 15 re
1482 248 63 24 deem
1555 248 35 25 his
1602 250 106 30 previous
1721 248 80 31 pledge
1802 261 33 4 —
1836 248 36 24 his

1281 276 59 25 •love
1352 279 85 29 cooled,
1450 280 38 23 the
1500 282 65 23 flame
1585 281 75 24 which
1681 289 55 16 once
1754 281 81 23 blazed
1846 289 26 15 so

1289 310 100 33 brightly
1401 313 81 23 ceased
1493 319 23 19 to
1529 322 66 16 warm
1607 322 25 15 or
1644 319 24 18 to
1680 314 135 29 illuminate,
1828 315 44 22 and

1288 343 29 24 he
1328 346 99 23 married
1438 347 95 24 another
1543 347 60 31 lady.
1639 346 120 24 Woman's
1770 346 43 23 last
1826 347 44 23 and

1288 381 114 26 strongest
1423 381 139 28 experiment
1583 379 76 24 failed.
1705 378 51 25 The
1774 379 107 37 plaintiff)

1289 416 41 17 one
1342 410 43 30 day
1397 411 54 31 paid
1461 411 48 25 him
1522 422 13 14 a
1545 414 52 23 visit
1609 412 55 24 with
1676 413 39 23 her
1728 412 60 23 child
1799 413 72 22 under

1288 442 40 23 her
1346 443 74 28 cloak,
1434 445 52 28 and,
1498 446 129 31 presenting
1646 446 21 23 it
1686 450 22 18 to
1728 446 30 22 its
1778 445 93 23 father's

1288 483 60 22 eyes,
1359 476 42 23 she
1413 477 72 24 asked
1496 479 46 23 him
1623 478 30 23 he
1666 483 76 18 meant
1761 482 22 19 to
1796 478 75 23 desert

1288 508 34 23 his
1335 508 59 24 child
1407 517 25 15 as
1454 511 49 23 well
1524 519 22 16 as
1565 511 36 24 his
1612 512 77 22 missis
1698 511 11 23 ?
1768 510 50 24 The
1830 519 40 22 ap-

1287 541 50 31 peal
1348 550 46 15 was
1406 544 164 28 unsuccessful,
1583 544 44 24 and
1643 544 40 24 the
1694 543 120 24 defendant
1825 551 45 16 was

1287 574 91 24 wedded
1390 580 23 19 to
1425 583 14 16 a
1449 584 76 17 newer
1542 577 59 24 love.
1637 577 40 24 He
1699 577 37 23 did
1756 581 40 19 not
1812 577 59 31 deny

1288 607 47 23 that
1347 607 38 24 the
1394 609 60 24 babe
1465 618 47 16 was
1524 611 33 23 his
1569 618 49 16 own
1627 619 7 19 ;
1654 618 29 15 on
1702 611 38 23 the
1759 616 111 25 contrary,

1287 640 27 23 he
1328 642 48 22 said
1387 642 19 22 it
1418 650 47 16 was
1502 644 88 30 enough
1602 644 47 23 like
1755 643 50 28 and,
1818 651 52 23 per-

1286 673 64 31 haps,
1362 674 28 23 he
1402 676 75 30 might
1488 677 55 24 have
1564 677 80 28 added,
1658 682 36 18 too
1716 676 69 24 much
1796 684 26 15 so
1834 677 35 23 for

1286 706 36 23 his
1334 708 150 25 satisfaction.
1516 710 45 24 She
1573 710 54 24 then
1641 710 54 23 took
1707 709 40 24 the
1759 710 78 22 advice
1849 710 25 23 of

1287 746 13 16 a
1311 739 90 32 lawyer,
1415 742 44 23 and
1481 743 36 23 his
1535 743 77 24 advice
1635 751 54 23 very
1700 743 106 31 properly
1817 750 53 22 was,

1287 777 22 18 to
1321 780 27 23 go
1362 778 22 19 to
1396 774 43 23 law
1451 776 54 23 with
1518 776 52 23 him.
1596 776 59 23 This
1667 776 41 23 she
1719 776 45 28 did,
1776 776 44 22 and
1832 776 39 23 the

1283 805 62 32 jury,
1357 806 58 24 after
1427 808 38 23 the
1484 809 91 23 learned
1583 809 72 30 judge
1673 809 46 23 had
1737 809 135 23 summoned

1286 846 30 24 up
1329 840 38 23 the
1382 840 114 30 evidence,
1509 849 54 23 gave
1585 842 40 23 her
1643 842 55 24 £50
1719 842 116 30 damages,
1849 845 23 20 to

1286 871 90 25 console
1388 873 41 23 her
1441 873 35 24 for
1488 875 38 23 the
1536 873 46 25 loss
1600 874 25 24 of
1640 874 41 24 her
1693 875 107 31 expected
1816 874 56 24 hus-

1286 905 61 23 band
1359 905 44 24 and
1415 906 36 23 his
1463 906 180 24 establishment.

1320 938 50 24 The
1383 938 70 24 Bank
1462 940 24 23 of
1496 940 98 24 Messrs.
1603 940 94 28 Clarke,
1709 940 106 32 Phillips,
1829 941 44 23 and

1288 971 49 29 Co.,
1352 972 25 23 of
1392 972 127 29 Leicester,
1536 972 42 25 has
1597 973 129 31 suspended
1743 978 128 26 payments.

1286 1004 24 23 It
1321 1005 19 23 is
1352 1005 140 25 understood
1503 1007 37 23 the
1551 1011 65 19 notes
1630 1007 25 23 of
1669 1007 45 23 this
1727 1014 96 16 concern
1835 1015 37 16 re-

1285 1043 91 25 present
1388 1038 132 30 £150,000
1529 1040 25 23 in
1571 1039 180 24 Leicestershire
1771 1040 44 23 and
1834 1040 39 24 the

1286 1071 117 32 adjoining
1427 1073 109 23 counties.
1578 1073 52 23 The
1650 1073 62 23 bank
1723 1073 33 23 -of
1773 1073 99 24 Messrs.

1286 1103 109 25 Goddard
1413 1106 44 23 and
1477 1106 49 29 Co.,
1545 1106 26 23 of
1591 1106 95 24 Market
1707 1106 163 32 Harborough,

1286 1136 48 24 also
1347 1139 95 30 stopped
1453 1143 113 27 payment.

1319 1171 54 24 Mr.
1392 1171 127 25 Wakley.
1521 1185 33 5 —
1554 1172 50 24 The
1616 1172 141 24 honourable
1770 1172 102 24 member

1285 1203 36 23 for
1342 1204 116 32 Finsbury
1476 1205 41 24 has
1538 1206 56 23 been
1612 1206 37 23 for
1667 1213 62 16 some
1747 1206 54 23 time
1821 1210 52 27 past

1285 1237 121 31 labouring
1424 1239 72 23 under
1515 1238 121 30 ill-health,
1656 1239 86 30 arising
1759 1239 58 23 from
1835 1244 38 18 too

1284 1270 70 24 much
1363 1271 86 23 mental
1458 1271 85 25 labour.
1574 1272 48 24 Mr.
1633 1272 100 31 Wakley
1740 1272 133 24 announced

1286 1308 22 18 to
1322 1312 62 15 some
1398 1304 25 23 of
1441 1305 37 23 his
1490 1305 157 29 constituents,
1659 1306 50 22 that
1719 1305 20 24 if
1753 1305 36 23 his
1801 1305 72 23 indis-

1286 1337 99 30 position,
1395 1338 127 28 continued,
1536 1338 27 23 he
1575 1337 82 24 should
1669 1339 29 22 be
1710 1338 124 31 compelled
1847 1342 23 19 to

1287 1370 76 30 resign
1375 1370 36 23 his
1424 1375 57 18 seat.

1319 1403 116 24 Thieves
1460 1411 29 17 in
1512 1411 49 16 the
1586 1403 112 24 Thames
1717 1403 120 25 Tunnel.
1839 1416 35 5 —

1287 1435 55 24 Two
1354 1437 88 23 thieves
1450 1444 59 16 were
1519 1437 160 31 apprehended
1690 1437 25 22 in
1726 1437 38 23 the
1771 1437 103 23 Thames

1288 1468 90 25 Tunnel
1397 1470 67 23 while
1483 1470 95 31 picking
1595 1469 105 31 pockets,
1723 1470 43 23 and
1787 1470 87 24 several

1288 1502 74 24 others
1380 1503 58 23 have
1456 1503 63 23 been'
1530 1502 93 31 already
1640 1503 131 23 committed
1788 1503 31 31 by
1830 1503 42 24 the

1288 1536 145 31 magistrates
1444 1535 35 24 for
1491 1536 134 30 attempting
1637 1540 23 19 to
1672 1536 40 23 rob
1722 1535 38 24 the
1771 1537 103 23 visitors.

1289 1568 49 24 The
1347 1569 81 23 tunnel
1435 1569 116 23 continues
1559 1573 23 19 to
1590 1569 30 23 be
1625 1569 83 23 visited
1716 1569 28 31 by
1750 1569 124 24 thousands

1288 1601 71 30 daily.
