3262 4300
62 90 179 72 COMRADE,
263 90 68 72 THE
353 90 68 72 SUR-

62 90 381 64 VEYOR.

73 257 11 18 A
106 251 66 20 NEW
191 249 135 20 ZEALAND
346 249 95 19 STORY.

148 303 101 19 Founded
260 308 25 12 on
299 307 56 13 fact.

138 356 29 16 BY
178 354 95 18 VICTOR
294 353 72 17 ZEAL.

174 416 120 19 CHAPTER
312 416 15 16 T.

169 449 164 16 PRESENTIMENT.

162 478 110 20 Comrade!
287 477 83 20 What's
378 476 92 25 brought

47 517 31 19 you
86 506 50 21 hack
145 505 61 25 again

86 535 17 18 A
117 531 151 26 presentiment.
307 532 6 16 L
329 530 139 18 remembered

49 564 33 19 iliat
91 560 10 18 I
111 557 70 20 hadn't
191 557 44 18 said
252 555 93 26 goodbye
362 557 21 17 to
399 560 60 19 every-

47 594 34 15 one.
91 591 20 13 so
122 583 51 20 back
183 583 10 18 I
204 583 42 18 had
256 586 19 14 to

66 614 16 18 A
103 611 63 18 dozen
193 609 65 17 hands
286 613 52 14 were
368 605 101 19 stretched

48 637 70 26 eagerly
141 634 87 20 towards
246 634 34 18 tho
305 637 71 20 strong
398 638 71 18 3'onng

47 665 61 22 fellow,
120 662 45 18 who
175 660 63 22 stood,
249 659 85 24 looking
347 658 45 19 half
401 657 66 25 shyly,

91 688 101 23 defiantly,
203 690 21 14 at
234 693 24 12 us
268 688 35 16 out
312 685 21 18 of
345 684 33 19 his
388 684 82 24 usually

47 716 77 22 fearle?s,
135 713 102 24 laughing
246 718 53 13 eves.

86 742 17 18 A
111 739 58 25 lucky
352 736 44 19 said
404 742 38 12 one
449 736 21 18 of

48 775 28 14 mil-
86 765 89 21 number,
214 764 43 19 that
274 764 71 24 brings
359 769 41 18 you
418 761 50 19 back

47 798 23 18 {nr
79 799 34 13 one
124 791 87 25 evening
220 790 76 24 longer,
312 790 32 18 for
359 795 41 18 you
416 789 53 17 can't

47 824 40 18 ;tnrt
107 818 31 19 till
162 820 115 15 to-morrow
300 822 43 11 now
364 813 103 23 Comrade,

47 845 51 23 that's

68 870 73 19 ■•Can't
152 869 9 18 I
173 868 78 25 though
292 868 25 17 he
327 866 98 26 rejoined,
438 867 31 18 his

47 901 60 23 joyous
117 895 39 18 self
166 895 20 18 in
197 902 8 10 a
218 897 94 19 moment,
324 899 22 12 as
362 894 25 17 he
404 893 65 18 found

47 931 19 14 ~o
73 929 34 12 one
117 920 90 26 laughed
226 923 21 15 at
266 920 32 18 his
316 918 151 26 presentiment,

48 955 8 8 «
65 951 6 17 I
80 955 29 12 am
121 948 28 18 off
159 947 42 25 just
211 953 22 12 as
243 952 48 12 soon
299 952 21 12 as
329 945 44 18 I've
382 945 86 24 gripped

46 975 54 22 hands
123 974 27 17 all
278 972 41 18 and
337 971 79 24 suiting
434 971 34 18 the

46 1002 54 21 action
111 1003 20 15 to
142 1000 34 18 the
193 998 60 20 word,
273 998 25 18 he
315 997 34 19 did
369 997 45 24 grip
432 1003 36 13 our

47 1027 59 22 linnds,
122 1025 45 23 and,
186 1023 183 24 notwithstanding
386 1023 27 18 all
431 1029 37 12 our

47 1051 96 22 entreaties
162 1051 40 19 and
220 1049 148 26 protestations,
388 1049 49 18 with
456 1056 12 10 a

46 1082 29 17 hi-t
85 1085 38 18 gay
134 1076 96 22 farewell,
247 1077 25 17 he
288 1079 31 15 set
331 1079 35 15 out
383 1075 21 18 in
418 1075 50 24 long

46 1105 90 24 swinging
146 1103 77 21 strides,
243 1102 39 18 and
300 1108 40 12 was
355 1108 49 12 *oon
422 1101 35 18 hid-

46 1134 28 18 den
91 1132 52 17 from
161 1136 37 12 our
216 1129 55 24 sight
290 1128 28 24 by
338 1127 130 25 intervening

238 1181 43 19 said
289 1180 46 24 Guy
346 1180 120 23 Halcombe,

45 1210 38 20 with
94 1216 9 11 a
115 1208 45 19 half
169 1208 52 25 sigh,
238 1207 39 19 and
295 1206 85 25 kicking
396 1212 12 12 a
424 1209 32 15 tus-

45 1235 36 21 sock
92 1234 101 24 viciously,
227 1233 70 24 Lucky
307 1233 46 24 dog,
366 1237 20 14 to
403 1232 26 18 be
446 1232 21 18 in

44 1260 84 22 Duiiediti
139 1261 31 18 for
182 1260 117 20 Christmas,
312 1258 59 19 while
387 1265 28 12 wo
426 1258 41 18 will

44 1287 61 24 .hardly
128 1286 25 19 be
175 1286 57 19 there
260 1285 68 19 before
358 1284 34 19 the
415 1284 52 19 New

44 1315 43 18 Year

64 1339 86 25 '•Lucky
160 1338 47 24 dog,
323 1336 73 19 echoed
414 1336 40 19 Wil-

44 1366 34 20 fred
88 1365 65 23 Nash,
167 1367 11 8 '•
188 1364 36 19 but
234 1364 11 18 I
258 1363 42 19 had
315 1370 26 11 no
360 1362 45 19 idea
423 1362 44 19 that

44 1394 18 18 ho
72 1397 37 14 w;;s
122 1390 149 24 superstitious.
307 1388 90 20 Wonder
413 1388 54 19 what

44 1419 26 19 the
80 1418 143 23 presentiment
231 1422 40 13 was

144 1443 45 19 said
198 1443 52 23 Guy,
292 1443 58 18 Souio
367 1447 100 14 nonsense

43 1478 17 11 or
69 1470 55 18 other
134 1468 62 21 about
207 1468 34 19 the
253 1468 50 19 New
312 1467 141 24 Year—begin-

43 1497 41 24 ning
94 1496 18 18 it'
121 1493 4 28 '
134 1498 21 16 at
165 1501 60 19 peace
236 1494 49 19 with
302 1494 28 19 all
345 1493 60 22 men,'
422 1499 45 19 per-

41 1524 49 23 Jwp.s.
119 1522 56 18 Even
193 1521 21 19 in
233 1521 34 19 the
285 1521 90 24 greatest
393 1517 73 24 minds,

43 1555 31 13 vou
84 1548 63 22 know,
160 1554 28 12 we
204 1547 56 18 often
276 1546 42 19 find
335 1552 54 12 some
404 1545 51 24 deep-

42 1574 60 20 rooted

83 1601 10 17 I
103 1606 41 17 say,
156 1606 40 18 you
205 1599 80 19 fellows
327 1604 52 19 sang
388 1600 36 16 out
434 1604 22 12 an-

42 1627 50 19 other
100 1626 52 18 from
163 1625 34 19 the
207 1625 67 19 wharo
285 1625 54 23 door,
447 1628 20 14 to

43 1659 71 18 supper.
151 1651 67 19 You'd
233 1658 51 18 yarn
299 1651 56 18 there
372 1649 30 19 till
422 1649 45 19 all's

41 1679 46 16 •blue,
99 1679 16 16 if
124 1678 33 17 I'd
167 1678 27 17 let
208 1677 60 18 vou.''

63 1705 31 19 No
113 1704 72 19 second
204 1710 103 12 summons
325 1709 41 12 was
383 1702 83 22 needed,

43 1731 33 19 and
85 1730 33 19 old
128 1729 99 21 Comrade
245 1736 40 12 was
301 1735 48 13 soon
365 1729 101 22 forgottt-n

43 1759 14 17 in
67 1757 32 18 the
110 1756 111 19 discussion
229 1755 21 20 of
261 1762 79 19 supper,
352 1761 13 13 a
373 1755 94 24 smoking

42 1784 27 24 lug
78 1783 21 19 of
109 1785 85 19 mutton,
207 1782 66 19 baked
283 1782 21 19 in
315 1788 11 12 a
336 1787 58 19 camp
409 1787 57 15 oven,

43 1809 33 19 and
90 1812 54 16 roast
167 1811 91 23 potatoes
260 1815 36 11 —a
313 1808 75 24 luxury
405 1807 10 18 1
431 1813 36 12 can

42 1835 29 21 .toll
88 1841 46 18 you,
156 1835 19 18 in
193 1841 12 12 a
224 1834 114 25 surveyor's
361 1840 63 18 camp,
446 1839 21 12 as

42 1862 119 19 nine-tenths
171 1861 21 18 of
201 1861 35 18 the
245 1861 49 18 time
306 1867 28 12 we
345 1865 50 14 were
406 1859 51 18 total-

42 1888 15 18 ly
67 1887 83 19 without
160 1886 124 20 vegetables.

63 1914 37 18 For
119 1920 55 12 some
191 1912 159 19 unaccountable
367 1918 73 13 reason
457 1912 11 17 I

41 1947 34 12 was
94 1943 34 15 not
144 1939 82 25 hungry
243 1939 45 18 that
307 1938 93 24 evening.
434 1938 22 19 In-

41 1966 50 19 stead
107 1966 21 18 of
147 1966 64 24 going
234 1966 48 18 with
306 1965 35 18 the
363 1965 75 22 others,
459 1964 9 18 I

39 1992 67 21 .turned
125 1998 35 18 my
177 1995 54 21 steps
249 1990 87 20 towards
353 1991 33 18 the
396 1992 70 21 fore-t,

40 2018 83 25 through
144 2018 65 19 which
224 2016 90 26 twilight
331 2023 41 12 was
388 2016 81 25 gliding

41 2044 42 19 with
107 2044 68 19 velvet
197 2044 104 24 footsteps,
329 2043 102 25 throwing
457 2051 12 11 ,i

41 2070 75 19 shadow
127 2070 53 23 here,
197 2070 41 19 and
254 2076 13 12 a
280 2069 98 25 phantom
398 2069 57 19 there
464 2069 4 25 ;

41 2096 97 25 subduing
148 2096 40 19 and
198 2096 104 24 softening
313 2096 102 18 whatever
433 2095 35 18 slio

41 2123 86 20 touched,
139 2123 54 22 then,
205 2122 80 25 casting
294 2128 47 12 over
351 2121 28 19 all
388 2128 12 12 a
410 2128 56 17 groy,

41 2149 59 19 silken
123 2148 38 19 veil
185 2149 21 17 of
231 2146 181 26 mystery.—Bali!
443 2148 25 18 Of

41 2175 47 19 what
99 2182 29 10 mn
141 2175 9 17 I
162 2169 97 30 talking'?
273 2173 78 24 Surely,
363 2173 105 24 lgavoun

41 2201 23 19 all
84 2201 49 18 such
156 2201 84 24 poetical
257 2206 104 13 nonsense,
381 2199 59 19 when
457 2200 11 18 I

41 2227 100 19 recovered
154 2228 52 17 from
218 2225 136 20 "calf-love!'

62 2252 148 23 Nevertheless,
222 2253 11 18 I
244 2256 51 15 went
311 2251 56 19 forth
379 2253 20 17 to
415 2255 54 15 meet

39 2279 30 22 .the
80 2279 93 25 twilight,
185 2279 39 19 and
235 2278 84 19 allowed
328 2279 37 18 her
375 2281 19 15 to
401 2278 66 19 throw

39 2312 43 16 fivev
92 2312 31 12 me
137 2310 37 13 tier
192 2305 67 18 silken
276 2305 40 18 veil
335 2305 21 18 of
372 2304 97 19 enchant-
479 2302 2 29 j

40 2335 54 19 merit,
113 2331 67 19 whilst
199 2331 11 19 I
227 2331 105 25 pensively
350 2331 63 25 paced
434 2331 35 18 the

39 2358 56 19 forest
102 2357 38 19 and
153 2357 88 23 thought
250 2357 21 19 of
279 2357 124 19 —Comrade.

63 2384 17 19 A
91 2390 25 18 ye
130 2390 9 12 r
150 2390 44 18 ago,
208 2384 9 18 i
229 2383 38 18 had
279 2388 40 14 met
330 2383 41 18 him
382 2383 20 18 in
410 2383 44 19 Dun-

41 2410 47 19 edin.
118 2410 33 18 He
161 2406 39 22 had
217 2410 94 18 cottoned
329 2412 21 16 to
367 2416 30 12 me
417 2410 52 18 from

40 2436 31 19 the
94 2436 49 19 first.
185 2436 27 19 In
234 2436 118 24 September
377 2436 25 18 he
429 2436 40 19 had

41 2462 63 24 joined
113 2469 38 12 our
161 2469 65 18 camp,
244 2462 41 18 and
301 2462 107 22 somehow,
429 2462 41 19 bad

42 2490 75 17 become
127 2488 34 19 the
171 2488 67 19 friend
248 2488 21 19 of
281 2488 33 19 all.
343 2488 57 19 Wolf
412 2488 57 19 Nash

40 2513 36 20 liad
87 2521 36 12 one
133 2514 39 24 day
187 2514 123 26 laughingly
325 2514 83 19 dubbed
428 2514 42 19 him

60 2540 2 21 i
75 2547 43 12 oinr
189 2540 40 19 and
240 2541 33 18 the
284 2547 39 12 nan
332 2547 10 10 e
352 2540 56 19 fitted
427 2540 42 19 him

41 2573 18 12 so
78 2566 50 23 well,
153 2566 50 24 that,
229 2566 134 23 thenceforth,
384 2566 26 19 ho
431 2573 40 12 was

42 2592 67 19 known
123 2593 26 24 by
159 2599 25 12 no
195 2593 58 18 other
263 2596 21 15 at
294 2592 34 19 the
338 2599 63 18 camp.

64 2618 50 23 Tall,
126 2618 39 19 and
174 2619 170 25 proportionately
352 2618 64 19 broad
432 2618 39 19 and

42 2648 71 22 strong,
130 2645 26 19 lie
173 2652 41 12 was
229 2645 34 18 the
281 2645 86 19 swiftest
382 2645 89 26 runner;
482 2645 1 26 j

42 2672 53 18 could
106 2671 47 19 take
173 2671 35 19 the
219 2671 82 24 highest
318 2671 74 25 jump;
413 2669 59 21 could
482 2669 1 27 i

41 2697 44 19 liuii
94 2704 12 12 a
116 2701 56 15 stone
183 2700 20 16 at
214 2704 11 12 a
235 2697 65 25 flying
307 2697 44 19 bird
360 2698 40 18 and
411 2698 62 24 bring
482 2697 1 27 j

40 2724 15 18 it
65 2728 18 15 to
94 2724 34 18 the
137 2724 92 24 ground,;
244 2730 23 12 or
276 2723 60 19 climb
348 2724 34 18 the
392 2724 81 25 rugged
482 2719 1 30 j

42 2750 112 18 mountains
178 2750 51 18 from
249 2749 94 26 daylight
363 2750 30 19 till
414 2751 57 21 dark,
482 2749 1 29 j

41 2776 36 19 and
94 2782 57 13 xcoru
171 2776 35 18 t'ue
224 2776 46 18 idea
291 2776 22 18 of
335 2776 64 25 beiug
413 2776 58 18 tired,
482 2774 1 27 j

43 2803 54 18 With
107 2808 13 12 a
130 2802 62 23 smile,
206 2802 38 18 and
261 2808 12 12 a
287 2802 64 25 jovial
368 2802 54 19 word
443 2807 30 13 lor

42 2829 30 22 ail,
85 2829 24 18 lie
121 2828 58 18 made
188 2828 54 25 light
252 2829 21 18 of
288 2835 60 18 every
367 2828 104 25 hardship,

43 2855 37 18 and
90 2854 66 19 would
166 2854 77 25 compel
257 2861 49 12 even
323 2855 34 18 the
372 2858 54 16 most
443 2855 21 18 in-

40 2883 88 16 veterate
138 2881 104 24 grumbler
261 2884 20 16 to
292 2881 68 23 tidmit,
378 2881 45 18 that
439 2881 35 18 the

43 2907 88 18 blackest
141 2907 59 18 cloud
210 2907 21 19 in
240 2914 37 11 our
288 2911 34 15 not
341 2914 47 11 over
404 2907 71 24 bright

44 2933 33 23 sky
88 2933 46 23 had,
146 2937 21 15 at
177 2931 56 25 least,
245 2940 12 12 a
269 2933 61 19 silver
340 2933 72 26 lining.

67 2958 73 23 Noble,
152 2959 25 18 he
197 2966 41 12 was
254 2959 49 24 also,
323 2959 40 19 and
383 2959 91 25 upright,

45 2985 28 18 for
83 2986 7 17 1
104 2985 39 19 bad
161 2985 75 25 proved
253 2985 107 25 that—yet
377 2992 26 12 no
422 2985 52 25 prig,

45 3012 44 24 only
112 3012 110 24 brimming
241 3018 47 13 over
308 3012 49 19 with
379 3012 37 18 fun
436 3012 40 18 aud

45 3038 50 24 good
114 3038 114 25 fellowship
256 3038 32 19 for
318 3038 27 19 all
369 3038 105 18 mankind.

45 3060 59 23 Small
115 3064 81 19 wonder
207 3065 54 21 then,
273 3065 44 18 that
328 3064 25 19 he
371 3070 40 13 was
431 3064 34 18 uni-

46 3090 83 25 versally
139 3090 65 19 loved.
241 3090 89 20 Women
349 3090 59 19 loved
427 3090 49 19 him.

45 3115 30 18 No
86 3120 169 22 encouragement
271 3123 42 12 was
330 3116 78 19 needed
425 3117 53 18 from

46 3142 39 19 him
97 3143 21 18 iri
128 3143 44 18 that
178 3146 89 22 quarter,
276 3144 38 22 for,
324 3142 154 24 unconsciously

46 3168 71 19 almost
127 3168 69 19 before
212 3169 48 25 they
276 3175 51 13 were
343 3175 66 12 aware
425 3168 21 18 of
462 3169 16 18 it

47 3194 125 22 themselves,
191 3195 54 18 their
261 3196 68 18 hearts
346 3194 40 19 had
405 3194 74 25 passed

47 3220 40 19 into
97 3221 31 18 his
138 3220 95 26 keeping,
243 3222 21 17 in
283 3222 51 24 spite
352 3220 22 19 of
386 3220 35 19 the
438 3221 41 18 fact

47 3248 43 18 that
98 3248 25 18 he
143 3246 76 26 always
236 3247 118 19 announced
371 3249 21 17 at
408 3253 13 13 a
435 3253 45 13 now

48 3272 59 25 place,
119 3274 45 18 that
199 3274 25 18 he
236 3279 40 13 was
287 3272 92 27 engaged
386 3275 21 16 to
416 3279 52 12 some-

48 3306 35 12 one
99 3300 22 18 in
290 3299 191 25 Notwithstanding

48 3325 39 19 this
97 3323 48 27 they
156 3326 58 18 loved
226 3326 48 18 him.
304 3326 46 18 Jlen
361 3325 60 22 lov.ed
431 3325 48 23 him,

50 3351 38 19 and
98 3352 51 24 boys
158 3352 59 18 made
227 3352 41 18 him
281 3352 53 18 their
350 3352 55 18 hero.
442 3351 40 19 His

50 3379 103 17 attractive
177 3384 77 19 powers
274 3384 51 12 were
352 3380 64 23 great,
442 3377 39 19 and

50 3404 77 25 greatly
146 3408 20 15 to
187 3405 23 18 he
227 3404 78 23 envied,
327 3404 36 18 hut
381 3403 101 19 somehow

50 3437 50 18 envy
112 3437 62 12 never
188 3430 83 20 entered
294 3437 36 11 our
351 3429 64 19 heads
434 3429 48 19 with

47 3457 76 24 .regard
145 3460 20 15 to
190 3456 104 20 Comrade.
333 3456 49 18 Was
408 3456 16 18 it
443 3462 40 17 any

53 3483 85 23 wonder,
149 3483 56 22 then,
219 3483 45 18 that
282 3483 31 17 his
323 3482 109 25 departure
441 3485 42 15 cast

52 3515 48 13 even
112 3516 11 12 a
134 3509 99 19 transient
243 3509 65 24 gloom
317 3515 48 16 oyer
374 3514 34 13 our
417 3508 66 24 lonely

52 3535 51 20 bush
113 3542 57 18 camp

186 3587 120 18 CHAPTEII
319 3586 26 17 11.

227 3634 76 17 Doubt.

77 3667 19 20 A
107 3666 90 26 sprinkle
207 3666 21 18 of
239 3665 41 19 rain
296 3664 36 19 fell
347 3671 25 11 on
389 3671 34 17 my
441 3664 38 18 fae,

53 3694 38 19 and.
101 3694 11 19 1
124 3692 96 21 hastened
234 3690 3 24 I
245 3695 37 18 u.clc
293 3695 20 14 to
324 3691 35 18 the
368 3696 64 18 camp.
443 3690 43 18 The

53 3720 65 24 plates
128 3719 39 19 had
179 3718 50 19 been
240 3717 53 25 piled
313 3723 27 17 up
357 3720 20 15 at
392 3722 38 12 one
447 3716 37 18 end

53 3742 1 28 t
53 3747 20 17 of
84 3746 33 19 tlie
127 3744 52 20 bark
188 3744 62 19 table,
262 3743 38 18 and
312 3746 38 15 two
361 3744 41 16 sets
412 3742 21 18 of
441 3744 34 16 cut-

54 3773 67 18 throat
140 3770 73 20 euchre
231 3776 52 13 were
300 3768 61 25 being
376 3767 75 26 played
467 3770 19 16 at

54 3798 33 19 the
98 3798 58 19 nther
166 3797 45 18 end.

103 3824 67 22 Come,
188 3820 160 22 Claude,said
369 3820 47 24 Guy
435 3819 40 19 Hal-

56 3850 74 23 combe,
151 3848 84 25 looking-
253 3853 28 19 up
303 3848 52 18 from
376 3846 33 19 his
427 3845 59 22 book,

74 3877 46 24 sing
129 3883 24 12 us
164 3882 10 12 a
184 3881 56 18 song,
253 3880 22 12 or
291 3873 45 25 spin
352 3879 23 12 us
394 3879 13 11 a
427 3878 57 18 yarn,

55 3902 78 20 instead
152 3902 21 18 of
190 3900 95 25 mooning
300 3899 28 19 off
345 3899 27 24 by
390 3897 97 26 yourself.

54 3928 44 19 You
109 3927 78 20 remind
200 3934 31 11 me
241 3927 20 17 of
273 3926 34 18 the
317 3925 51 19 little
380 3923 3 24 1
395 3923 84 19 -Toni'tit

56 3955 19 19 in
86 3953 90 21 MiWclo.
206 3953 49 22 7'ou
266 3958 32 17 my
310 3951 60 22 word,
381 3956 40 19 you
430 3949 59 19 do.—

105 4007 61 22 Yes,''
179 4005 43 20 said
233 4003 63 23 Wolf,
314 4002 88 25 striking
417 4008 25 13 an
460 4003 21 17 at-

57 4034 69 22 titude,
140 4033 40 19 and
197 4030 90 25 keeping
303 4029 49 19 time
369 4027 49 20 with
437 4027 52 18 head

58 4061 38 19 and
106 4059 72 23 hands,
211 4057 46 24 sing
359 4054 40 19 and
415 4054 25 18 he
458 4052 32 19 led

54 4083 31 23 'oft
95 4091 5 14 1
105 4087 24 18 ho
141 4086 41 18 first
200 4084 45 22 line,
265 4081 61 25 being
341 4080 70 26 joined
430 4078 61 24 along

54 4113 37 18 .tlie
102 4119 42 13 wjiv
157 4112 24 23 by
193 4111 27 18 all
232 4109 43 19 who
286 4106 81 21 fancied
376 4106 49 24 they
433 4104 58 19 could

58 4139 50 23 ting,
120 4144 49 14 even
181 4137 33 19 the
225 4135 46 20 card
284 4134 81 26 players
381 4131 81 26 joining
472 4130 19 19 in

492 110 75 24 lustily,
578 109 92 19 between
682 107 35 18 tlio
728 106 62 19 deals.
819 105 49 19 This
884 111 40 12 was

492 135 95 20 followed
609 135 27 21 by
657 132 59 19 other
741 138 68 18 songs,
835 130 89 25 mingled

494 162 47 19 with
550 166 68 20 yarns,
629 165 55 12 some
696 164 51 16 new,
764 163 55 13 somo
834 156 40 23 old,
890 159 35 20 j'et

492 188 93 18 welcome
596 184 143 19 nevertheless.

517 212 47 19 Just
574 218 23 11 as
607 217 29 12 we
647 216 52 12 were
713 209 119 25 separating
846 208 31 18 for
891 207 34 19 the

492 238 65 25 night,
578 242 92 14 someone
693 234 115 22 remarked,
832 234 45 18 that
900 233 25 19 he

514 262 101 26 supposed
624 262 34 18 old
668 261 99 19 Comrade
781 266 42 13 was
839 259 45 19 well
900 266 25 11 on

493 290 31 18 his
534 295 45 15 way
588 292 20 14 to
618 287 109 23 Fnrnham,
740 287 27 23 by
776 287 46 17 that

541 314 32 18 Ho
583 313 73 19 should
666 313 52 18 have
729 311 74 19 waited
813 311 31 18 till
856 316 56 13 morn-

563 339 45 19 said
624 339 52 24 Guy,
766 344 37 12 one
822 336 64 24 ought,
905 338 21 16 to

492 367 86 24 attempt
596 366 90 23 crossing
705 364 35 19 the
766 362 116 19 mountains
905 365 21 15 at

521 418 41 23 •'O,
584 424 39 18 you
642 423 47 17 may
712 417 54 16 trust
788 413 98 20 Comrade
905 416 21 15 to

492 446 52 17 steer
553 443 91 25 through
653 449 40 17 any
807 440 44 18 said
861 438 63 24 Wolf,

514 471 24 17 he
547 470 59 19 bears
617 475 11 12 a
636 467 95 20 charmed
744 466 42 23 life,
797 465 12 19 I
825 464 98 19 believo.''

519 496 43 18 The
580 494 66 21 words
665 492 90 20 haunted
774 497 32 14 me
825 497 22 12 as
863 490 11 19 I
892 490 32 25 lay

492 521 63 19 rolled
566 522 20 18 in
595 527 33 17 my
639 520 48 19 blue
701 518 91 19 blanket.
828 517 64 18 What
910 517 16 17 if

493 546 115 20 Comrade's
625 546 37 19 life
682 551 51 13 were
757 545 35 17 not
816 542 94 20 charmed
918 542 3 24 ■

493 573 64 19 What
566 573 17 18 if
592 572 26 19 he
629 578 38 13 ran
685 572 43 18 into
743 568 93 27 danger?
856 568 42 19 But
914 569 12 19 I

492 598 89 26 laughed
592 604 56 19 away
665 604 33 18 my
715 597 50 22 fear,
787 595 40 19 and
845 595 80 25 pulling

492 624 34 19 the
537 624 84 19 blanket
630 623 46 20 well
686 629 28 18 up
725 625 20 15 to
755 629 34 18 my
804 621 52 23 chin,
873 621 53 21 slept

492 651 31 18 till
533 651 34 18 the
578 657 36 12 sun
625 650 69 19 awoke
705 655 38 16 me,
755 648 28 25 by
793 647 82 25 blazing
886 647 39 19 full

492 677 20 18 in
522 683 33 18 my
565 677 50 18 face.

517 703 18 17 A
545 703 54 18 week
611 702 50 18 later
677 707 30 12 wo
726 700 78 20 started
820 699 32 19 for
870 699 41 19 Dun-

492 729 52 21 ediu,
556 728 73 25 taking
637 727 35 19 the
691 732 54 13 same
761 728 57 17 route
835 725 28 25 by
878 725 46 25 day,

492 755 45 18 that
547 754 97 19 Comrade
655 753 40 19 hud
703 751 146 26 attempted-by
857 751 65 25 night.

492 781 20 17 It
521 787 41 12 was
570 787 12 12 a
592 780 48 25 long
649 779 61 19 climb
721 785 27 19 up
766 779 33 18 the
819 777 105 20 mountain

492 807 70 23 ridge;
586 807 70 18 thence
675 812 29 12 we
724 805 40 18 had
784 807 20 16 to
827 804 68 19 follow
914 810 12 12 a

493 832 120 19 water-shed
623 835 19 16 to
656 832 35 19 tho
707 831 43 18 left.
787 830 66 19 There
873 835 52 13 were

491 861 40 17 two
541 858 133 19 water-sheds
683 858 52 19 from
745 857 42 18 this
796 856 57 25 point
863 856 21 18 of
891 856 34 18 tho

491 891 70 19 range,
572 884 45 19 that
629 884 85 24 leading
728 885 21 16 to
769 884 34 17 tho
822 882 61 24 right,
903 889 11 11 a-

493 911 103 23 bounding
606 910 20 19 in
637 910 116 24 dangerous
768 908 107 26 precipices
885 908 39 18 and

491 937 83 25 roaring
587 936 116 19 waterfalls.
731 935 44 18 The
793 934 55 19 river
868 940 21 11 as
909 934 16 18 it

491 962 85 19 reached
587 962 33 19 tho
630 962 66 24 valley
706 960 119 25 wandering
835 960 28 18 off
882 960 42 18 into

491 995 12 12 a
520 988 62 19 dozen
599 987 120 24 streamlets,
736 987 61 18 while
816 986 35 18 the
870 986 53 18 main

491 1020 75 17 course,
578 1014 66 19 which
654 1016 53 16 wont
716 1013 93 24 foam>jig
818 1012 39 19 and

491 1040 36 25 ing
537 1047 47 12 over
593 1040 26 19 its
628 1040 83 25 shingly
721 1038 46 24 bod,
784 1045 41 13 was
841 1041 40 15 met
898 1038 27 24 by

491 1066 56 19 these
558 1066 112 19 boisterous
680 1068 81 16 truants
771 1065 80 19 further
865 1066 59 18 down

491 1093 33 18 the
535 1092 72 25 valley.
636 1092 18 18 A
665 1091 76 20 fearful
752 1091 57 24 place
823 1091 16 19 it
858 1090 67 19 would

491 1118 24 19 be
525 1121 20 16 to
556 1118 64 19 travel
630 1118 26 25 by
667 1118 47 24 day,
724 1117 42 19 still
776 1124 55 12 more
850 1116 75 19 fearful

491 1145 26 24 by
527 1145 65 24 night.

516 1171 106 24 Koaching
637 1169 104 19 F.rnliam
758 1169 70 19 before
847 1170 76 21 sunsot,

491 1203 29 12 we
534 1197 69 22 found,
622 1199 20 16 to
660 1202 36 13 our
714 1196 154 22 astonishment,
879 1195 45 18 that

491 1223 97 18 Comrade
596 1223 41 18 had
644 1225 35 16 not
684 1222 64 19 called
757 1222 63 22 there;
828 1228 30 12 we
866 1222 59 18 knew

490 1249 45 18 that
545 1249 24 19 he
581 1249 39 19 had
635 1248 96 19 intended
752 1251 26 19 to,
799 1254 22 12 as
841 1248 24 18 ho
884 1247 41 18 had

491 1275 36 18 left
534 1275 32 18 his
573 1275 58 19 horse
639 1275 53 19 here.
722 1274 106 22 However,
839 1280 72 18 suppos-

491 1301 35 25 ing
536 1301 46 19 that
598 1301 25 18 he
644 1301 40 18 had
697 1299 95 26 changed
810 1299 32 19 his
861 1299 61 21 mind,

491 1333 29 12 wo
536 1327 105 19 dismissed
660 1327 34 18 the
714 1326 80 24 subject
816 1326 52 18 from
889 1332 37 12 our

491 1353 104 25 thoughts,
608 1353 45 23 and,
664 1355 50 16 next
728 1352 95 24 morning
840 1354 30 16 set
889 1354 35 16 out

491 1379 19 18 in
521 1379 53 25 high
583 1379 68 25 spirits
660 1378 114 26 citywards.

517 1406 97 24 Arriving
623 1406 21 18 in
661 1404 104 24 Dunedin,
786 1411 26 12 no
832 1406 54 17 trace
905 1404 21 18 of

491 1430 98 20 Comrade
596 1431 58 19 could
668 1432 23 18 be
705 1426 71 23 found.
806 1430 42 19 Our
865 1432 60 17 worst

491 1458 53 18 fears
554 1464 52 13 were
624 1464 45 12 now
688 1457 53 23 fully
764 1456 92 23 aroused,
877 1456 46 21 and,

491 1483 47 21 with
550 1490 11 11 a
571 1484 70 18 search
650 1486 65 22 party,
729 1491 28 10 wo
768 1488 21 13 at
797 1490 48 11 once
853 1482 72 19 turned

492 1510 51 18 back
554 1512 19 16 to
583 1510 35 18 the
628 1510 122 18 mountain'.

610 1544 33 21 [To
655 1548 22 12 BE
690 1543 115 21 CONTIVtri'D.]

581 1596 138 20 HAPPIEST
728 1596 34 19 OF
773 1595 58 20 ALL.

490 1640 65 20 There
564 1640 18 18 is
589 1646 26 12 uo
632 1639 48 19 time
697 1639 21 18 in
738 1639 34 19 the
791 1640 133 23 twenty-four

492 1667 60 17 hours
563 1666 57 18 when
631 1672 38 12 one
679 1666 65 23 ought
755 1668 20 16 to
787 1665 39 19 feel
837 1672 21 12 so
869 1666 45 18 thor-

490 1692 77 25 oughly'
579 1692 89 18 satisiied
688 1691 39 19 and
748 1694 81 16 content
844 1698 22 12 as
887 1692 26 18 im-

491 1719 108 24 mediately
609 1718 53 18 after
671 1724 12 12 a
700 1717 59 25 good,
775 1717 72 25 hearty
865 1718 58 19 meal.

492 1745 45 18 And
553 1744 27 18 all
596 1743 83 25 healthy
695 1750 85 19 persons
796 1744 26 18 do
839 1744 39 19 feel
896 1751 28 12 so.

490 1771 43 18 The
543 1770 71 25 body's
624 1770 98 18 demands
735 1770 53 19 have
808 1770 49 19 been
877 1773 46 21 met,

491 1797 40 18 and
541 1803 28 12 we
580 1802 34 13 are
624 1802 47 19 easy
690 1796 39 19 and
749 1796 138 24 comfortable,
904 1804 21 12 as

491 1823 79 23 though
581 1829 29 12 we
620 1823 41 18 had
680 1822 47 26 ppid
744 1823 28 18 <if
788 1829 24 12 on
832 1823 32 18 old
883 1823 42 21 d'-u

491 1849 41 18 and
542 1849 40 18 had
596 1855 73 18 money
678 1849 44 18 left.
756 1849 35 18 W'o
809 1856 33 11 tiro
860 1856 55 12 acces-

492 1875 57 23 sible,
574 1875 94 23 humane,
692 1875 40 18 and
756 1875 53 25 good
832 1875 92 20 nutured.

490 1902 63 22 Then,
562 1902 17 18 if
586 1908 51 14 ever,
650 1908 29 11 we
688 1901 40 18 will
742 1905 61 21 grart
813 1908 11 12 a
843 1905 83 22 request

492 1927 84 20 without
586 1927 125 25 grumbling.
764 1928 53 18 True
838 1928 75 19 benevo-

492 1954 70 22 lence,'
566 1954 2 24 1
586 1960 46 18 says
650 1961 11 11 a
683 1957 68 21 crusty
770 1954 33 18 old
820 1954 67 19 friend
905 1955 21 18 of

492 1980 59 23 mine,
586 1980 18 18 is
612 1980 78 18 located
699 1980 21 18 in
729 1987 12 12 a
746 1980 85 25 capable
836 1981 89 18 stomach

490 2006 89 18 recently
585 2006 60 18 filled.
656 2006 4 18 '

517 2033 48 22 Yes,
589 2032 38 18 but
646 2032 55 19 what
725 2032 20 19 of
765 2035 35 16 the
820 2033 105 25 incapable

493 2058 107 23 stomachs,
612 2058 21 19 of
643 2058 65 19 which
713 2058 57 19 there
779 2067 34 12 are
823 2067 86 17 som-.ny
917 2060 9 19 ?

492 2084 128 20 —stomachs
630 2084 45 19 that
680 2084 117 26 disappoint
806 2086 37 18 and
851 2086 75 24 plague

492 2111 54 18 their
555 2117 83 13 owners,
649 2112 31 18 till
690 2112 33 18 the
734 2117 31 13 act.
775 2113 21 17 of
807 2112 88 24 feeding,
905 2119 21 12 so

491 2136 112 25 delightful
614 2138 19 17 to
643 2138 74 23 others,
728 2138 92 19 becomes
826 2144 25 12 an
861 2142 32 14 act
906 2142 19 15 to

491 2163 59 19 avoid
568 2164 35 18 the
626 2164 99 25 necessity
753 2164 21 19 of
793 2164 66 18 which
878 2164 49 25 they

491 2197 35 12 are
537 2189 73 19 almost
620 2189 79 26 willing
705 2193 20 15 to
736 2190 49 18 die?
800 2190 38 23 All,
852 2190 45 18 that
909 2190 18 19 is

491 2217 57 24 quite
573 2216 85 18 another
683 2216 66 24 tiling.
788 2216 65 19 These
878 2222 49 19 poor

491 2243 54 19 souls
554 2250 33 12 are
596 2243 49 24 they
655 2243 45 18 who
720 2249 42 18 say,
774 2249 22 12 as
808 2243 49 20 Mi-iS
867 2239 45 22 Wal-

491 2272 42 18 lace
542 2276 46 18 says
599 2269 19 17 in
628 2269 14 25 11
645 2269 12 25 ii
678 2269 60 18 letter
748 2269 21 18 of
777 2269 52 18 hers.
867 2269 9 18 I
887 2275 40 12 was

492 2305 24 11 no
525 2297 70 24 longer
604 2295 86 19 counted
712 2302 75 17 among
807 2295 57 18 those
883 2295 44 18 who

492 2324 52 18 have
563 2322 95 25 plcnsuro
677 2321 18 18 in
718 2321 76 23 eating.
826 2321 40 23 Fn,r
876 2321 51 22 froqi

492 2351 20 18 it.
549 2350 28 16 As
587 2349 31 17 for
629 2354 32 12 mo
675 2347 3 22 I
692 2354 40 12 was
742 2347 66 19 afraid
818 2350 20 15 to
844 2350 43 18 .eat.
915 2349 12 17 I

492 2377 36 19 felt
538 2376 34 20 the
582 2374 51 20 need
644 2375 21 17 of
683 2373 54 21 food,
756 2374 21 18 of
795 2373 133 19 course—the

494 2403 102 19 weakness
622 2401 40 18 and
685 2399 84 25 sinking
789 2399 45 19 th-t
851 2406 65 12 accom-

493 2427 73 26 panied
586 2426 116 20 abstinence
704 2425 65 19 —but
788 2426 54 18 what
863 2432 41 12 was
917 2425 12 19 I

493 2459 19 15 to
523 2455 26 19 do
560 2462 5 10 :
582 2454 42 18 The
635 2455 88 17 moment
731 2452 10 18 I
751 2454 38 21 ate,
802 2458 32 18 my
845 2451 84 19 distress

492 2482 41 18 and
557 2486 49 19 pain
624 2478 134 19 commenced.
797 2478 31 18 No
854 2480 72 17 matter

492 2508 45 18 bow
560 2506 54 24 light
632 2505 35 19 the
687 2507 68 22 repast
765 2510 47 14 was,
832 2510 37 13 nor
884 2504 45 20 bow

493 2533 77 19 careful
575 2532 12 19 I
596 2539 39 12 wa«
645 2533 36 17 not
691 2534 20 15 to
734 2531 64 24 hurry
817 2531 20 18 in
857 2530 73 25 taking

494 2561 20 22 it,
526 2561 35 17 the
573 2558 63 20 result
646 2564 41 13 was
697 2557 34 19 the
741 2563 9 12 s
764 2563 38 12 me.
836 2557 36 18 The
888 2557 32 18 dis-

494 2590 50 14 tress
552 2585 41 19 and.
604 2584 95 24 gnawing
706 2583 57 25 pain*
772 2582 100 24 followed,
881 2582 48 19 with

494 2611 118 20 di-comfort
621 2611 21 18 in
650 2611 35 18 the
694 2610 63 22 chest,
767 2609 40 19 and
818 2616 11 11 a
840 2615 58 12 sense
909 2610 21 17 of

495 2638 94 24 choking,
601 2643 20 12 as
632 2637 16 18 if
659 2643 54 12 some
724 2636 41 18 bits
783 2636 21 17 of
822 2635 49 18 food
889 2635 41 18 had

494 2664 74 19 lodged
579 2664 57 19 there
647 2662 40 21 and
701 2669 52 11 were
769 2661 104 22 irritating
891 2667 38 12 me.

544 2690 25 18 So
587 2688 150 25 objectionable
755 2687 40 19 and
814 2690 116 21 repugnant

495 2720 20 15 to
525 2723 31 12 me
565 2722 40 13 was
624 2715 35 19 the
676 2718 32 15 act
726 2714 22 18 of
758 2713 70 24 eating
838 2713 45 19 that
899 2713 32 19 for

495 2743 51 24 days
559 2741 94 26 together
663 2741 10 19 I
682 2740 66 19 didn't
757 2740 61 18 touch
828 2746 12 11 a
857 2739 72 19 morsel

496 2770 21 18 of
527 2768 51 19 f-olid
596 2767 54 23 food,
668 2766 115 24 subsisting
802 2765 86 24 entirely
906 2772 25 12 on

496 2795 50 19 milk
556 2794 39 20 and
607 2794 47 18 soda
666 2796 67 16 water.
763 2792 73 24 Owing
849 2794 19 15 to
891 2791 41 19 this

496 2821 94 19 enforced
607 2820 43 19 lack
664 2820 21 18 of
706 2818 141 21 nourishment
866 2817 12 19 I
897 2820 35 22 got

497 2847 110 24 extremely
616 2845 63 24 weak,
691 2845 41 19 and
742 2845 62 19 about
814 2850 23 12 as
845 2843 45 19 thin
910 2850 22 12 as

497 2874 9 18 1
518 2873 58 19 could
584 2873 32 19 be.
643 2873 11 17 I
665 2874 54 16 must
727 2873 36 17 not
777 2870 68 24 forget
859 2873 21 15 to
897 2876 35 18 say

498 2901 44 18 thot
552 2899 40 19 thii
600 2897 107 26 happened
717 2900 20 16 to
748 2903 32 12 me
790 2903 22 11 or
822 2897 68 17 rather
900 2895 31 19 be>

497 2933 40 18 gan
549 2928 20 16 to
580 2925 81 25 happen
671 2924 20 18 in
703 2923 55 25 July,
773 2924 55 21 1890,
847 2922 57 19 when
922 2922 10 18 1

498 2958 41 13 was
548 2951 66 23 living
624 2954 21 15 at
661 2949 135 25 Wellington,
814 2949 19 18 in
854 2948 63 25 Shrop-

498 2979 60 17 shire.
593 2977 21 19 It
624 2982 55 14 came
689 2982 33 16 on,
736 2982 22 12 as
775 2981 42 19 you
833 2980 47 18 may
899 2981 32 17 say-

499 3003 106 26 gradually
612 3004 40 18 and
663 3006 34 15 not
708 3001 49 19 with
767 3008 40 17 any
817 3000 79 19 suddon
912 3007 22 11 or

499 3035 58 14 acute
566 3033 117 21 symptoms.
712 3028 10 18 I
733 3027 64 19 found
808 3026 73 25 myself
889 3026 43 22 low,

499 3056 91 25 languid,
611 3055 39 20 and
660 3054 58 19 tired.
747 3054 58 18 Then
825 3059 55 12 came
897 3053 35 18 the

500 3083 73 19 failure
583 3082 21 23 pf
614 3088 33 18 my
661 3080 90 25 r.ppptite
770 3079 40 20 and
830 3079 34 18 the
877 3078 59 19 other

500 3109 70 24 tilings
581 3109 9 18 I
602 3108 50 19 have
668 3106 80 19 named.

552 3135 11 18 I
582 3134 49 19 took
646 3134 34 19 the
698 3132 60 19 usual
781 3130 109 20 medicines
906 3131 30 18 for

501 3161 129 25 indigestion,
661 3160 36 17 but
717 3158 48 24 they
783 3158 40 18 had
842 3164 26 12 no
884 3156 52 26 good

501 3188 64 19 effect.
578 3188 58 17 After
643 3186 32 19 six
686 3184 88 19 month's
784 3184 21 18 of
816 3183 118 25 experience

501 3214 21 18 of
533 3214 40 21 this
588 3212 50 19 kind
655 3212 22 18 of
695 3211 74 24 misery
786 3210 11 18 I
816 3210 48 18 read
885 3209 21 19 in
925 3215 12 12 a

501 3239 55 19 Look
567 3239 62 18 about
638 3237 84 20 Mother
732 3236 86 23 Seigel's
829 3236 68 24 Syrup
914 3242 22 12 as

503 3273 12 11 a
525 3265 82 25 remedy
616 3265 32 18 for
657 3264 41 18 this
715 3263 85 22 disease,
817 3261 40 19 and
873 3264 35 22 got
927 3268 12 11 a

503 3292 36 18 hot
541 3291 26 18 lie
577 3292 53 18 from
640 3291 33 18 Mr
685 3290 66 21 Bates,
763 3289 34 18 the
807 3288 92 22 chemist,
917 3294 22 12 in

504 3317 135 23 Wellington.
669 3316 86 23 Having
771 3314 49 19 used
837 3315 17 17 it
869 3320 12 12 a
900 3313 39 19 fow

504 3344 50 25 days
565 3344 11 18 I
586 3343 38 19 felt
642 3344 58 23 great
715 3341 65 22 relief,
800 3341 40 18 and
855 3339 58 19 when
929 3339 10 19 I

504 3370 40 18 had
554 3369 108 20 consumed
671 3371 40 15 two
730 3367 74 18 bottles
822 3366 11 19 I
847 3372 41 12 was
905 3372 24 12 en-

506 3396 58 24 tirely
575 3395 51 19 well.
654 3394 59 19 Since
722 3393 51 19 then
783 3393 11 19 I
802 3393 54 19 have
864 3391 66 19 hearti-

505 3423 20 24 ly
534 3421 131 20 commended
677 3420 82 20 Mother
770 3418 87 25 Seigel's
874 3417 67 25 Syrup

506 3452 21 15 to
537 3455 60 17 many
607 3447 83 22 friends,
704 3446 44 18 who
759 3446 51 18 have
827 3443 114 24 invariably

506 3475 51 19 been
567 3473 68 22 cured,
646 3480 22 12 as
678 3473 11 18 I
701 3478 45 12 was.
774 3471 48 19 You
836 3471 51 18 have
908 3476 33 18 my

506 3500 120 26 permission
645 3503 19 15 to
683 3497 84 26 publish
790 3503 33 18 my
840 3496 66 23 letter,
925 3496 17 19 if

506 3534 40 17 you
557 3526 64 19 desire
631 3528 19 16 to
662 3525 24 18 do
696 3531 27 12 so.
755 3522 97 26 (Signed)
863 3521 78 19 Minnie

504 3553 100 22 Wallace,
717 3550 43 18 The
779 3549 70 20 Union
868 3547 60 20 Work-

508 3579 69 23 house,
586 3578 96 22 Oldham,
694 3577 106 22 February
810 3574 59 22 22nd,
887 3575 54 16 1895.

535 3606 24 17 in
570 3611 12 12 a
590 3602 170 21 communication
776 3600 59 20 dated
851 3600 92 23 January

496 3625 1 29 i
509 3625 40 29 Hli»,
563 3631 56 21 1895,
633 3631 43 17 Mrs
694 3628 110 19 Henrietta
823 3625 117 22 McOnihim,

509 3659 21 17 of
553 3660 26 20 10,
605 3655 124 20 Downsfield
746 3653 64 22 Itoad,
827 3652 102 19 Waltham-

496 3677 2 28 i
509 3687 55 18 stow,
585 3689 49 12 near
650 3681 92 22 London,
765 3682 61 17 states
847 3677 44 19 lliat
909 3678 36 18 her

509 3709 102 25 daughter
621 3708 72 19 Emma
706 3706 36 19 fell
752 3704 21 20 ill
784 3706 22 17 in
823 3704 34 19 the
873 3703 71 26 spring

497 3729 2 33 j
510 3736 20 18 of
544 3737 46 16 18H5
603 3734 48 19 with
662 3733 34 19 the
706 3739 56 12 same
777 3732 112 23 symptoms
899 3729 33 19 des-

509 3762 70 19 cribed
588 3760 27 25 by
626 3760 18 19 ft]
650 3760 28 18 iss
687 3758 99 19 Wallace.
816 3757 40 18 She
871 3755 73 19 craved

510 3787 52 19 food,
576 3790 39 21 yet,
630 3786 57 18 when
699 3785 16 18 it
730 3791 40 12 was
786 3782 71 26 placed
877 3781 69 19 before

511 3814 42 21 her,
565 3813 36 18 she
609 3812 73 19 turned
702 3810 52 19 from
772 3810 18 18 it
809 3809 72 17 almost
898 3807 48 18 with

511 3838 99 25 loathing.
718 3837 51 17 tim-j
788 3837 53 17 went
861 3833 45 22 on,''
925 3839 21 11 so

511 3871 49 13 runs
570 3864 34 21 the
616 3863 96 19 mother's
721 3862 66 22 letter,
821 3866 33 18 my
863 3859 74 25 ,daugh

513 3894 30 16 tor
551 3891 80 19 became
641 3896 22 11 so
673 3888 57 19 weak
747 3887 36 19 she
798 3885 58 20 could
874 3884 72 25 hardly

513 3917 59 20 walk.
601 3915 86 19 Neither
706 3914 59 18 homo
784 3911 109 20 medicines
911 3917 35 12 nor

513 3944 57 18 those
583 3942 22 18 of
623 3941 34 19 the
678 3940 80 18 doctors
772 3938 35 19 did
826 3943 38 18 any
889 3936 57 25 good.

513 3969 44 19 Her
581 3968 109 23 sufferings
711 3963 110 21 continued
847 3963 31 18 for
901 3968 45 13 over

513 3995 57 25 eight
579 3999 64 20 years.

562 4021 24 18 In
598 4019 60 21 Juno,
670 4019 56 21 1804,
737 4016 36 19 she
791 4016 66 24 began
875 4014 71 26 taking

515 4045 81 21 Mother
607 4044 85 26 Seigel's
702 4044 74 24 Syrup,
796 4042 21 18 of
833 4040 66 19 which
917 4045 29 13 we

516 4073 37 19 had
562 4072 44 25 just
615 4070 48 19 read
673 4070 20 19 in
704 4077 13 11 a
726 4069 52 18 little
788 4067 54 19 book
853 4066 44 19 that
906 4072 40 13 was

515 4099 36 18 left
561 4103 21 14 at
591 4097 33 20 the
635 4097 69 19 house.
733 4095 25 19 In
769 4101 12 12 a
791 4093 57 20 week
863 4092 36 19 she
910 4098 36 13 was

515 4125 71 22 better,
598 4124 36 19 and
647 4123 19 18 in
683 4122 39 19 loss
738 4121 50 19 thau
809 4124 38 15 two
866 4118 80 20 months

949 104 36 19 sho
995 111 41 12 was
1046 104 99 25 enjoying
1161 103 66 19 bettor
1245 102 70 20 health
1331 103 51 18 than

948 136 47 13 oyer
1005 130 76 19 before.
1110 130 39 19 She
1159 130 37 18 has
1208 129 53 18 since
1276 128 54 19 ailod
1346 134 36 12 110-

949 156 66 25 thing,
1027 156 40 19 and
1077 162 36 12 can
1123 157 32 17 eat
1165 162 39 17 any
1220 153 49 19 kind
1288 160 21 12 ox
1327 153 55 19 food.

948 181 86 25 (Signed
1036 188 7 19 J
1053 182 62 24 (Mrs)
1128 181 109 19 Henrietta

1119 208 57 24 Bings
1201 205 83 23 Homer,
1331 210 51 13 wer6

948 233 58 19 those
1016 233 46 19 who
1072 233 37 19 fell
1116 233 64 18 under
1190 232 35 18 the
1237 231 51 23 high
1298 230 45 19 wall
1362 230 20 19 of

1050 259 94 24 Happier
1153 264 34 13 are
1201 257 48 23 they
1266 257 45 18 who
1329 256 53 18 have

947 290 62 13 never
1039 284 63 19 fallen
1131 287 65 16 under
1223 283 36 18 the
1285 282 97 24 crushing

949 310 75 24 weight
1042 311 22 18 of
1082 310 124 24 indigestion
1226 315 22 12 or
1266 308 115 25 dyspepsia.

948 335 108 25 Happiest,
1067 336 94 24 porhap.s,
1173 336 21 18 of
1204 334 27 19 all
1239 340 33 13 are
1280 333 48 24 they
1336 333 46 19 who

948 361 53 18 have
1011 361 51 19 been
1068 362 61 18 lifted
1138 367 27 19 up
1173 362 27 23 by
1208 360 80 18 Mother
1296 358 86 25 Seigel's

948 387 82 23 remedy
1041 387 40 18 and
1090 387 72 25 placed
1171 387 53 19 whel
1225 384 1 28 -
1227 392 10 12 e
1256 391 47 12 once
1320 384 62 25 again

947 412 49 24 they
1011 419 36 12 can
1065 416 39 19 eat,
1126 412 59 19 drink
1205 411 38 19 and
1263 411 25 19 be
1307 416 73 19 merry.

947 438 47 18 And
1005 438 16 18 if
1031 438 27 19 all
1068 438 57 19 tlieso
1136 438 58 19 could
1207 437 25 19 bo
1244 436 98 25 gathered
1352 438 20 16 to-

948 463 72 24 gether
1046 464 43 24 tho}
1089 471 5 7 r
1110 464 67 18 would
1195 463 60 19 make
1274 469 10 12 a
1302 464 80 23 greater

948 489 46 19 host
1004 489 50 19 than
1062 489 111 21 the-Greek
1180 491 47 23 poet
1234 495 47 13 ever
1287 487 95 19 dreamed

948 515 27 18 of.

987 569 110 19 NELSON
1112 569 97 19 MOATE
1223 569 59 19 AND
1296 568 34 20 CO.

974 618 42 19 Tho
1029 618 49 19 Now
1088 618 92 19 Zealand
1193 618 67 19 Times
1276 617 107 25 publishes

948 645 35 18 tho
1001 644 107 25 following
1130 644 116 25 paragraph
1256 644 4 25 :
1307 644 76 17 Messrs

948 670 83 22 Nelson,
1050 670 69 19 Moate
1134 670 40 19 and
1187 670 33 19 Co.
1235 670 51 17 havo
1303 668 80 24 bought

948 699 35 16 out
1002 696 35 18 the
1056 696 94 19 business
1169 696 20 18 of
1206 696 33 17 the
1256 695 70 19 Union
1342 694 41 19 Tea

948 722 93 25 Packing
1060 722 111 24 Company,
1188 722 39 18 and
1244 721 51 18 havo
1315 721 68 18 leased

948 748 34 19 the
1001 748 57 24 largo
1078 748 125 24 four-storey
1222 747 116 18 warehouse
1363 747 20 18 of

948 774 75 19 Messrs
1045 774 77 24 Joseph
1143 774 85 19 Nathan
1246 773 40 18 and
1302 771 41 25 Co.,
1363 776 20 15 at

948 800 34 18 the
991 805 71 13 corner
1072 800 21 19 of
1110 800 54 24 Grey
1181 799 39 19 and
1236 799 136 20 .Featherston-

948 828 77 21 streets,
1053 826 132 25 Wellington,
1211 828 21 16 to
1251 824 66 20 which
1333 825 50 24 they

948 852 42 18 will
1000 858 81 12 remove
1091 852 54 19 their
1164 851 146 24 headquarters
1328 851 55 24 early

948 878 20 18 in
978 877 56 25 July.
1062 878 50 19 This
1131 880 45 22 step
1195 877 37 19 has
1252 877 51 18 been
1319 877 64 19 found

947 910 107 18 necessary
1064 905 69 23 owing
1140 907 20 16 to
1168 905 33 17 the
1208 903 80 26 rapidly
1295 903 77 19 increas-

947 930 36 24 ing
1000 930 87 19 demand
1103 931 33 18 for
1153 930 83 22 Nelson,
1256 929 68 19 Moate
1343 929 40 18 and

948 955 53 20 Co.'h
1012 959 49 20 teas,
1074 957 65 19 which
1150 957 66 18 shows
1225 956 35 18 tho
1273 961 48 18 very
1331 955 51 24 high

947 983 73 17 favour
1032 982 20 18 in
1063 983 65 19 which
1141 984 48 23 they
1207 988 33 12 are
1255 981 45 18 held
1311 981 27 24 by
1349 981 34 18 the

948 1008 74 24 public.
1051 1008 29 18 To
1088 1009 73 18 enable
1173 1009 31 17 Mr
1222 1007 27 19 11.
1265 1007 24 19 D.
1305 1007 78 18 Nelson

947 1037 20 15 to
979 1040 48 19 cope
1037 1034 49 19 with
1097 1035 41 18 this
1147 1033 104 20 increased
1260 1033 63 23 trade,
1342 1033 41 18 and

947 1060 47 25 givo
1012 1063 81 22 groater
1109 1060 93 25 personal
1220 1059 127 26 supervision
1362 1061 20 16 to

947 1087 35 18 the
990 1088 33 17 tea
1034 1087 99 25 blendiug
1140 1087 137 24 departments
1284 1091 12 13 a
1303 1085 80 25 private

947 1112 104 25 Company
1061 1113 37 19 has
1108 1113 52 18 beeu
1169 1112 84 19 formed.
1264 1111 43 19 The
1316 1111 65 19 whole

948 1138 20 19 of
978 1139 35 18 the
1023 1139 69 19 shares
1110 1145 52 12 were
1178 1137 117 20 subscribed
1313 1138 32 17 for
1362 1137 21 18 in

948 1171 37 12 ono
999 1164 46 26 day,
1063 1165 66 19 which
1146 1164 74 25 speaks
1236 1163 47 18 well
1296 1164 33 17 for
1348 1163 35 18 the

947 1191 94 25 personal
1059 1191 74 25 regard
1152 1190 39 19 and
1216 1190 115 18 estimation
1362 1190 20 17 in

948 1216 65 19 which
1023 1216 33 19 Mr
1069 1217 78 19 Nelson
1162 1217 17 18 is
1189 1216 48 18 held
1247 1215 21 18 in
1285 1221 84 13 commer-

947 1242 39 19 cial
995 1243 74 23 circles,
1082 1243 40 18 and
1132 1243 17 18 is
1161 1242 42 19 ulso
1213 1249 11 11 a
1234 1240 80 20 further
1323 1242 60 24 proof

947 1269 16 18 if
974 1275 39 19 any
1023 1269 18 18 is
1059 1269 102 25 required,
1178 1268 21 19 of
1211 1268 35 18 the
1264 1268 118 24 popularity

947 1295 21 18 of
978 1295 34 18 tho
1022 1294 94 19 business
1133 1295 45 20 that
1193 1294 59 18 bears
1268 1293 31 19 his
1316 1299 66 13 name.

947 1321 42 18 Tho
1002 1327 45 12 new
1057 1320 104 26 Company
1172 1320 41 19 will
1229 1320 25 18 be
1270 1319 73 19 known
1361 1326 22 12 as

948 1347 82 23 Nelson,
1042 1348 68 18 Moate
1124 1347 40 19 and
1178 1346 42 23 Co.,
1230 1345 95 24 Limited,
1343 1345 40 19 and

948 1380 29 12 we
987 1374 50 18 wish
1049 1373 16 19 it
1075 1373 35 19 the
1120 1379 55 13 same
1183 1378 77 13 success
1270 1371 40 19 and
1326 1378 46 18 pros-

947 1400 66 24 perity
1034 1400 45 18 that
1098 1399 84 22 Nelson,
1199 1399 68 18 Moate
1286 1397 41 19 and
1347 1397 35 19 Co.

948 1426 51 18 have
1025 1425 77 26 always
1124 1425 93 25 enjoyed.
1255 1423 128 23 Wellington

948 1451 41 19 will
999 1452 24 18 be
1040 1452 35 18 tho
1091 1451 153 24 headquarters,
1265 1450 52 18 al'lor
1334 1450 49 24 July

948 1481 54 20 noxt,
1013 1479 21 17 of
1046 1479 41 17 tiiis
1096 1477 136 24 enterprising

970 1540 39 17 The
1026 1538 77 23 Sydney
1115 1538 85 17 Bulletin
1209 1543 34 12 can
1257 1537 23 17 be
1294 1536 89 18 obtained

948 1562 70 18 ;wee'-]y
1028 1564 19 16 at
1052 1557 164 23 .tlie'.Ciiuo>*icle
1224 1561 74 18 Office.*

1227 41 58 19 THE
1312 42 58 19 HOT
1397 41 92 20 LAKES
1518 42 170 24 CHRONICLE,
1717 44 188 24 WEDNESDAY,
1933 45 75 20 JUNE
2036 48 18 21 3,
2072 47 47 18 1896

950 1633 42 32 yF
1006 1632 59 20 YOU
1088 1632 57 19 ARE
1168 1632 64 19 SICK
1248 1632 20 18 in
1282 1637 40 19 any
1338 1638 45 18 way

950 1662 21 19 JL
1002 1659 103 18 whatever
1120 1658 50 19 send
1187 1665 12 12 a
1214 1657 92 25 stamped
1323 1664 48 13 enve-

948 1686 44 24 lope
1003 1688 20 16 to
1034 1691 36 12 our
1082 1685 89 25 Agency,
1183 1684 136 24 Wellington;
1331 1686 52 16 state

948 1712 35 18 the
993 1718 45 13 case
1048 1718 22 12 as
1087 1710 99 24 minutely
1194 1717 22 12 as
1234 1709 90 26 possible
1343 1710 40 18 and

947 1744 40 18 you
1004 1737 78 20 receive
1101 1736 70 20 advice
1190 1736 26 25 by
1240 1738 69 17 return
1329 1740 53 20 post.

948 1764 42 18 Our
1001 1768 73 20 agents
1088 1769 34 13 are
1133 1762 28 19 all
1171 1769 28 18 qu
1206 1761 67 20 .lifted.
1307 1762 21 19 If
1343 1769 40 17 you

948 1790 79 19 enclose
1038 1792 22 16 2s
1077 1790 26 18 Cd
1121 1795 27 12 we
1167 1788 40 19 will
1223 1787 49 20 send
1288 1794 40 18 you
1347 1795 37 11 our

949 1816 44 18 host
1002 1816 84 24 remedy
1096 1816 32 17 for
1138 1814 34 19 the
1187 1821 45 12 c:ise
1250 1814 76 25 lasting
1341 1821 42 17 you

948 1846 39 14 two
1011 1842 73 19 weeks.
1122 1841 45 19 You
1187 1847 47 12 save
1253 1847 72 18 money
1345 1840 39 19 and

948 1868 86 23 doctors'
1047 1868 52 19 bills.
1127 1867 47 20 You
1184 1868 77 18 receive
1277 1866 71 19 advice
1358 1873 25 12 on

947 1894 28 18 all
987 1894 72 25 points,
1072 1894 40 18 and
1123 1894 34 19 the
1167 1896 69 21 purest
1247 1893 21 18 of
1284 1893 99 18 remedies

948 1926 51 17 sent,
1009 1924 21 15 at
1037 1927 26 12 no
1071 1925 57 14 extra
1136 1924 42 14 cost
1188 1919 48 19 than
1246 1919 15 18 if
1268 1919 116 24 personally

949 1946 85 25 bought,
1039 1946 30 24 ,i>y
1080 1946 62 25 doing
1148 1952 52 19 your
1205 1945 91 18 business
1304 1945 48 18 with
1361 1952 23 12 us

948 1972 28 25 by
985 1976 52 21 post.
1063 1972 89 20 .Consult
1167 1976 18 15 at
1195 1978 54 12 once.
1282 1971 102 19 Ailments

949 1999 64 19 which
1025 2005 39 16 are,
1077 2002 20 15 at
1106 1999 34 18 the
1150 1999 48 18 time
1215 1997 88 25 thought
1320 2000 20 16 to
1360 1997 24 18 be

948 2025 59 24 light,
1019 2032 34 12 are
1062 2026 55 18 often
1129 2025 35 18 the
1175 2024 111 23 beginning
1297 2024 21 17 of
1335 2023 40 19 seri-

948 2058 37 11 ous
994 2058 154 19 consequences,
1161 2051 65 18 which
1246 2050 15 18 if
1279 2049 62 19 taken
1362 2049 20 19 in

948 2077 49 19 time
1007 2084 33 12 are
1050 2077 88 19 checked
1149 2077 40 18 and
1199 2075 66 19 cured.

949 2107 168 19 GhEATFORD
1134 2105 158 21 BOTANICAL
1313 2105 68 24 COY.,

1054 2133 149 21 Wellington,
1215 2132 40 18 and
1265 2135 21 15 at

971 2159 83 22 Sydney,
1063 2159 118 19 Melbourne,
1193 2159 49 21 Cape
1249 2158 63 17 Town,
1324 2157 38 17 and

1072 2182 86 20 Lincoln,
1171 2181 96 21 England.

1042 2244 83 26 THE
1146 2244 138 25 MAILS.

983 2323 148 22 ROTORUA
1144 2323 74 18 POST
1237 2322 116 18 OFFICE.

1021 2373 68 19 Mails
1098 2373 62 18 close
1171 2378 26 12 as
1205 2371 74 19 under
1288 2377 28 13 :

1123 2405 98 17 Monday.

952 2437 45 18 For
1006 2437 124 22 Tauranga
1138 2436 26 18 at
1173 2436 53 18 6.30
1234 2440 52 13 a.m.

974 2475 11 8 ~
1012 2459 126 19 Auckland
1162 2459 45 18 and
1224 2458 163 19 intermediate

1010 2483 85 22 offices,
1106 2483 54 18 7.30
1169 2488 52 13 a.m.

1119 2515 102 18 Tuesday.

952 2547 45 17 For
1014 2546 126 18 Auckland
1157 2545 45 18 and
1224 2544 163 19 intermediate

1014 2570 84 21 offices,
1108 2569 54 18 7.30
1171 2574 50 13 a.m.

975 2608 11 8 ~
1013 2593 101 18 Rotoma,
1118 2592 65 19 Road
1189 2592 77 23 Camp,
1273 2592 55 18 9.30
1334 2597 52 13 a.m.
1399 2591 1 25 '

976 2632 10 7 „
1014 2616 97 18 Galatea
1120 2615 47 19 and
1180 2615 135 23 Waiotapu,
1334 2615 54 18 7.30
1399 2615 1 24 ;

1014 2645 54 17 p.m.

976 2678 11 8 „
1014 2664 85 22 Taupo,
1119 2662 121 22 Atiamuri,
1260 2661 127 22 Wairakei,

1015 2686 47 19 and
1072 2686 92 23 Napier,
1175 2685 53 19 7.30
1240 2690 53 18 p.m.

1101 2719 140 18 Wednesday.

953 2751 47 17 For
1010 2749 126 19 Auckland
1158 2749 46 18 and
1227 2749 163 18 intermediate

1018 2773 85 23 offices,
1113 2772 55 20 7.30
1177 2778 51 13 a.m.

1112 2803 119 16 Thuksday.

954 2835 46 18 For
1017 2834 126 21 Auckland
1160 2833 46 18 and
1228 2832 164 19 intermediate

1016 2857 87 22 offices,
1114 2857 54 19 7.30
1177 2862 51 13 a.m.

976 2895 14 9 „
1016 2881 97 21 Matata,
1129 2880 155 24 Pongakawa,
1303 2879 87 22 Ohiwa,

1018 2904 157 21 Whakatane,
1185 2902 99 24 Opotiki,
1292 2903 100 18 Maketu

1018 2928 47 17 and
1074 2928 30 17 'JL'e
1114 2927 71 22 Puke,
1195 2926 54 19 7.30
1258 2932 54 17 p.m.

1131 2959 87 17 Friday.

958 2991 46 17 For
1012 2991 128 22 Tauranga.,
1152 2990 53 18 6.30
1214 2995 51 13 a.m.

980 3029 11 7 „
1017 3013 125 19 Auckland
1165 3013 45 18 and
1230 3012 163 19 intermediate

1019 3037 84 22 offices,
1114 3036 53 19 7.30
1176 3042 51 13 a.m.

980 3075 12 8 „
1019 3059 85 24 Taupo,
1126 3059 121 22 Atiamuri,
1266 3059 46 18 and
1328 3059 49 18 Wai-

1021 3083 70 22 rakei,
1103 3083 54 19 7.30
1166 3088 52 17 p.m.

1119 3115 116 18 Saturday.

959 3148 46 18 For
1019 3147 98 22 Matata,
1133 3146 153 23 Pongakawa,
1306 3145 87 23 Ohiwa,

1022 3170 156 21 Whakatane,
1187 3169 99 23 Opotiki,
1296 3169 99 19 Maketu

1023 3194 45 18 and
1079 3194 29 18 Te
1118 3193 71 22 Puke,
1200 3192 54 20 7.30
1262 3198 53 17 p.m.

960 3260 52 17 THE
1026 3259 117 18 ENGLISH
1155 3258 67 16 MAIL
1236 3262 37 13 via
1291 3257 104 18 'FRISCO.

986 3309 79 18 Closes
1072 3308 109 21 Rotorua,
1191 3307 90 22 Friday,
1291 3307 63 18 June
1362 3306 33 23 12,

962 3332 26 18 at
997 3331 54 19 7.30
1059 3337 60 16 a.m.,
1130 3331 44 18 due
1190 3330 23 18 in
1230 3330 97 18 London
1341 3330 58 23 July

964 3355 64 18 15th.

994 3419 62 18 TOST
1070 3419 94 17 OFFICE
1178 3417 189 18 REGULATIONS.

987 3469 47 17 The
1044 3467 71 19 Office
1124 3467 20 18 is
1154 3472 58 18 open
1223 3466 35 19 for
1266 3466 41 18 the
1319 3466 48 18 sale
1377 3466 26 18 of

964 3492 97 23 stamps,
1072 3491 103 22 delivery
1190 3490 46 18 and
1249 3489 150 24 registration

965 3515 25 18 of
997 3514 87 22 letters,
1096 3514 87 22 receipt
1199 3513 26 18 of
1237 3513 96 23 parcels,
1352 3513 47 21 &c.,

964 3539 62 17 from
1034 3539 15 17 9
1058 3542 52 14 a.m.
1120 3539 25 16 to
1155 3537 15 18 5
1181 3542 54 18 p.m.

989 3561 46 18 For
1051 3565 86 18 money
1155 3560 66 18 order
1239 3559 45 19 and
1304 3559 97 23 savings

965 3584 63 19 bank
1042 3583 115 22 business,
1173 3584 14 17 9
1202 3588 51 13 a.m.
1272 3583 25 17 to
1315 3582 14 18 4
1347 3587 53 18 p.m.

965 3607 137 22 Saturdays,
1113 3607 16 18 9
1136 3612 52 13 a.m.
1199 3607 24 17 to
1233 3607 15 17 5
1256 3611 54 18 p.m.

990 3631 45 18 For
1044 3631 121 22 telegraph
1181 3629 114 21 business,
1310 3628 61 19 from
1387 3629 15 18 9

966 3659 52 14 a.m.
1028 3654 26 17 to
1063 3653 15 18 5
1089 3659 52 17 p.m.

990 3677 99 22 Letters,
1101 3676 73 18 books
1191 3676 46 18 and
1251 3674 90 24 parcels
1359 3680 43 14 can

966 3701 29 18 be
1008 3699 128 24 registered
1151 3700 25 16 to
1192 3704 46 17 any
1254 3699 53 22 part
1322 3698 26 18 of
1362 3698 42 18 the

966 3723 73 19 world
1049 3728 30 12 on
1088 3723 112 23 payment
1210 3726 23 14 ot
1251 3727 13 12 a
1277 3721 37 18 fee
1331 3721 27 18 of
1373 3721 31 18 3d

967 3747 24 18 in
998 3746 105 19 addition
1110 3746 25 17 to
1139 3746 40 17 the
1185 3745 109 23 ordinary
1297 3745 105 22 postage.

992 3770 46 18 The
1048 3768 71 19 Office
1128 3768 46 19 will
1181 3773 94 18 re-open
1284 3772 30 13 on
1324 3768 67 18 Satur-

968 3794 58 21 days
1035 3792 55 23 only
1100 3792 36 18 for
1150 3792 27 18 15
1192 3791 103 19 minutes
1311 3790 36 18 for
1364 3790 40 18 the

968 3812 104 26 delivery
1086 3815 26 18 of
1126 3815 81 18 letters
1221 3814 59 18 after
1295 3814 41 17 the
1350 3813 55 18 mail

969 3839 103 23 arriving
1080 3838 26 18 at
1115 3837 54 20 7.40
1177 3843 53 18 p.m.
1240 3837 20 18 is
1270 3836 85 19 sorted.

1117 3869 26 19 E.
1158 3869 25 19 D.
1202 3867 131 22 DANSEY,

1228 3891 152 19 Postmaster.

1185 3941 57 26 life
1265 3940 135 27 insurance.

1122 3977 120 14 Established
1250 3977 37 14 1870.

1006 4010 81 14 Growth
1096 4010 23 13 of
1126 4010 92 13 Funds:—

1039 4031 43 14 1875
1117 4041 15 4 ...
1211 4031 158 17 eno,ooo

1039 4052 43 13 1885
1117 4061 15 5 ...
1171 4052 197 16 :6X,10a,000

1039 4072 43 13 1805
1117 4081 15 6 ...
1151 4071 217 17 dais,3oo,ooo

1147 4103 16 15 J.
1171 4104 19 14 H.
1199 4103 137 15 BICHARDSON,

1006 4121 15 13 1]
1066 4120 3 14 •
1077 4124 40 6 ——
1270 4120 130 14 Commissioner.

1406 103 15 17 A
1440 103 112 17 MEMBER
1571 103 32 17 OF
1624 104 53 16 THE
1697 104 87 18 HOUSE
1806 105 32 17 OF

1496 122 249 22 REPRESENTATIVES.

1429 156 95 23 Speaking
1538 162 24 11 on
1576 157 33 16 tlie
1622 157 107 23 Pharmacy
1741 158 38 17 Dill
1792 158 46 21 said,

1465 179 104 22 profession
1583 179 34 17 lias
1630 180 54 17 made
1700 181 36 16 loss
1752 186 87 17 progress

1406 201 68 22 during
1486 202 31 16 the
1534 202 37 16 last
1589 203 32 15 100
1635 207 54 16 years
1703 203 47 16 than
1765 203 42 17 that
1820 203 20 17 of

1524 230 22 10 or
1554 224 62 17 words
1625 226 19 15 to
1653 225 43 17 that
1708 226 60 17 effect.
1801 226 39 17 The

1405 247 81 17 M.11.R.
1501 247 57 21 spoke
1572 247 81 17 without
1666 248 96 22 thinking,
1780 254 20 11 or
1816 249 24 16 he

1406 267 62 20 would
1481 271 35 15 not
1533 270 48 16 have
1597 270 54 16 made
1668 270 46 17 such
1731 277 23 10 an
1771 271 70 17 absurd

1406 293 106 17 statement.
1538 292 29 17 lie
1577 292 96 23 evidently
1687 293 56 17 knew
1759 294 82 23 nothing

1406 316 19 16 of
1433 315 33 17 the
1474 320 43 12 new
1524 315 77 21 remedy
1609 315 73 17 termed

1546 339 154 16 NEUROL

1405 359 61 17 which
1475 360 22 19 is,
1501 359 20 17 in
1525 359 117 22 comparison
1647 359 47 17 with
1700 359 88 18 remedies
1795 360 46 17 used

1406 388 45 11 even
1460 383 22 16 2o
1491 387 54 17 years
1553 387 43 17 ago,
1606 387 21 11 as
1633 381 52 23 light
1693 383 20 16 to
1722 382 94 18 darkness.

1546 411 154 15 NEUROL

1405 431 16 17 is
1429 437 11 11 a
1453 431 130 22 scientifically
1599 431 92 22 prepared
1708 431 96 21 medicine,
1821 431 20 17 in

1405 455 33 16 the
1447 454 48 17 form
1505 456 19 15 of
1532 454 91 22 powders.
1649 454 19 16 It
1675 454 15 16 is
1698 456 35 15 not
1747 454 83 22 disagree-

1406 477 41 17 able
1454 477 4 22 ;
1472 478 17 16 it
1495 477 16 17 is
1519 477 34 17 not
1562 477 111 22 expensive;
1687 477 15 16 it
1711 477 34 17 lies
1753 477 20 16 in
1787 477 54 17 small

1406 506 95 16 compass;
1515 500 16 17 it
1540 498 85 19 contains
1632 505 25 12 no
1667 499 70 23 opium,
1755 499 86 23 morphia,

1406 529 20 11 or
1440 522 117 23 antipyrine;
1576 523 16 16 it
1609 522 39 17 will
1665 524 35 15 not
1715 528 44 11 euro
1776 528 54 16 every-

1407 546 54 22 thing
1469 546 34 16 but
1519 546 16 16 it
1549 546 16 17 is
1578 545 83 17 effective
1675 546 19 16 in
1708 545 26 17 all
1748 550 51 12 cases
1812 546 29 16 for

1406 569 60 17 which
1475 569 17 17 it
1499 569 16 17 is
1527 568 148 19 recommended.

1546 598 154 16 NEUROL

1406 618 38 17 will
1453 618 67 17 relieve
1529 624 56 16 every
1593 618 49 17 form
1660 619 19 16 of
1696 618 95 17 headache
1807 619 34 16 not

1406 637 67 21 caused
1481 641 26 22 by
1515 641 54 18 brain
1580 641 76 17 disease.

1546 670 155 17 NEUROL

1406 696 52 12 cures
1477 691 99 22 neuralgia
1596 692 21 16 of
1632 691 33 17 the
1682 689 41 20 face
1739 691 37 17 and
1792 691 49 17 head

1406 719 50 12 more
1465 714 97 22 promptly
1570 714 46 17 than
1625 714 83 22 quinine.

1429 736 33 17 LA
1468 736 102 21 GRIPPE,
1580 743 20 10 or
1606 737 152 17 INFLUENZA
1764 737 47 18 loses
1816 736 25 17 Us

1406 760 68 18 terrors
1484 760 15 16 if
1506 760 107 17 NEUROL
1622 760 15 17 is
1646 760 57 18 taken
1713 761 20 16 at
1741 760 33 17 the
1788 765 39 12 com-

1406 784 116 16 mencement
1531 783 20 17 of
1559 783 33 17 the
1599 783 71 17 attack.

1430 805 87 19 COLDS,
1557 805 141 21 CATARRHS,
1734 805 105 21 FEVERS,

1406 828 175 18 RHEUMATISM
1605 835 32 11 are
1663 830 26 17 all
1710 828 81 18 relieved
1816 829 24 22 by

1406 852 112 17 NEUROL.

1429 875 37 17 For
1487 880 72 12 women
1579 875 107 17 NEUROL
1702 875 16 17 is
1738 875 103 22 peculiarly

1406 898 86 21 suitable,
1501 898 16 17 it
1526 904 52 11 cures
1587 898 25 17 all
1626 898 75 22 painful
1716 904 73 16 cramps
1804 898 37 17 and

1406 920 54 18 other
1467 921 60 22 pains.

1428 944 63 22 Every
1512 945 64 19 minor,
1597 945 95 17 bushman
1717 944 37 17 and
1777 944 64 17 settler

1406 967 66 17 should
1481 972 72 17 possess
1562 974 11 10 a
1582 967 38 20 bpx
1628 968 21 17 of
1657 967 114 18 NEUROL.
1798 967 19 17 It
1825 967 16 17 is

1406 996 10 10 a
1425 990 90 17 medicine
1524 991 53 16 chest
1586 991 18 16 in
1614 990 54 17 small
1679 996 91 16 compass.

1429 1012 45 18 Sold
1482 1013 26 22 by
1517 1014 25 16 all
1550 1014 128 22 storekeepers
1691 1014 38 16 and
1747 1013 92 20 chemists,

1406 1037 19 15 2s
1434 1042 32 16 per
1475 1036 44 20 box,
1529 1042 21 12 or
1559 1039 43 20 post
1617 1037 38 17 free
1672 1037 49 17 from
1734 1036 107 18 NEUROL

1406 1059 40 20 Co.,
1456 1059 105 21 Auckland,
1572 1060 20 17 2s
1602 1060 28 17 Id.

1428 1082 106 18 Wholesale
1542 1083 49 16 from
1599 1083 132 22 Kempthorne
1740 1082 37 17 and
1783 1083 45 16 Pres-

1406 1111 34 14 sor,
1451 1112 20 11 or
1480 1106 94 18 Sliarland
1582 1106 38 17 and
1628 1106 33 18 Co.

1409 1156 240 46 KUSABS
1683 1156 156 46 BROS

1514 1212 220 36 MAMAKU

1405 1251 75 41 SAW
1546 1251 46 41 &
1593 1251 107 41 PLANING
1721 1251 117 41 MILLS,

1703 1324 137 23 RI7VfU,

1566 1358 40 13 TITE
1620 1358 53 13 ONLY

1407 1382 134 21 GENUINE
1555 1382 60 19 DRY
1632 1382 79 20 LAND
1729 1382 112 20 TIMBER

1511 1413 29 17 IN
1552 1413 53 17 THE
1619 1413 115 17 MARKET.

1408 1460 20 17 IX
1440 1459 95 18 rESSES
1553 1459 101 20 KUSABS
1671 1459 71 18 BROS.
1757 1459 38 17 be-
1811 1465 20 11 re-

1408 1477 49 25 .LtJL
1483 1482 102 23 spect'ul'y
1589 1483 20 17 to
1618 1483 70 17 iniovm
1696 1483 33 17 the
1742 1483 67 17 Public
1822 1483 20 16 of

1409 1513 24 8 i<>
1442 1511 42 10 o'hu
1494 1512 20 9 ■■)
1522 1506 3 20 '
1537 1506 31 20 \ic'
1578 1510 9 6 •'
1599 1511 10 9 v
1619 1506 39 20 i'.nit
1667 1507 40 19 limy
1724 1506 43 15 have
1781 1508 49 13 estub-

1407 1527 54 16 lNli-'l
1470 1533 10 10 a
1489 1533 20 14 ye
1522 1526 2 21 '
1541 1527 18 15 ia
1572 1526 35 16 li'ii
1621 1530 77 12 noi-Lt..
1708 1528 33 14 imJ
1758 1531 30 11 can
1803 1532 38 10 now

1406 1550 62 19 Mipp'.v
1479 1547 2 22 •
1492 1554 15 10 «
1514 1553 31 11 iir'
1545 1547 3 22 1
1560 1550 5 5 '■
1573 1554 9 9 c
1584 1547 3 22 l
1593 1554 6 9 l
1614 1547 2 22 •
1632 1549 18 15 of
1665 1549 25 14 r.u
1699 1548 49 20 Idin;.'
1760 1547 81 16 Material

1407 1570 79 15 in.'ioJVJ
1502 1570 43 15 iket.
1560 1570 19 15 Jr.
1587 1569 13 15 i?
1608 1570 104 20 uo?qualled
1720 1570 18 15 in
1747 1569 94 20 durability

1407 1592 33 15 and
1449 1591 105 21 in'p?ovioiiq
1570 1596 10 10 o
1597 1591 22 15 bo
1627 1596 10 10 a
1647 1592 49 14 ijefca
1711 1591 18 15 of
1744 1591 49 15 borer

1407 1613 32 20 d-y
1450 1618 23 10 ro.
1506 1612 42 16 Tlie'
1555 1611 4 22 ?
1567 1617 53 10 L;wm
1622 1611 10 12 ;l
1635 1611 4 22 '
1647 1611 2 22 1
1658 1618 29 11 «re
1696 1612 50 16 fistod
1755 1611 42 16 with
1813 1611 28 16 the

1407 1639 30 10 mo.
1445 1637 6 12 t.
1460 1634 69 16 ipodera
1538 1639 5 9 t
1550 1632 87 21 ppl'niic?3
1647 1634 34 15 and
1691 1632 28 21 (lie
1727 1634 39 15 firm
1779 1633 15 15 is
1804 1633 37 15 able

1407 1659 17 12 to
1440 1655 63 21 M'pp'y
1519 1660 34 12 any
1569 1655 81 20 quiuli.y
1667 1655 19 15 of
1701 1655 38 20 Dry
1758 1654 83 20 Building

1407 1676 80 17 Ma.eciul
1496 1682 21 10 on
1527 1677 29 15 tlio
1565 1677 74 14 bliortest
1647 1679 27 12 pol
1679 1676 31 16 ice.

1409 1720 139 28 Skirtings,
1558 1719 179 26 Architraves,
1743 1719 79 22 Moul-

1444 1751 68 27 dings,
1524 1750 52 22 ancl
1586 1749 112 22 Dressed
1708 1749 102 22 Timber

1475 1781 27 22 of
1511 1788 13 15 e
1528 1787 63 22 very
1606 1780 168 29 description,

1501 1811 108 27 Always
1621 1819 33 15 011
1665 1811 83 22 Hand.

1435 1838 70 22 HEN
1507 1838 46 22 AIT
1565 1838 108 23 HOTJSE
1686 1836 128 23 BLOCKS.

1428 1885 49 15 Piico
1487 1885 46 15 Lists
1541 1890 21 11 on
1572 1885 105 20 arplm.ttion
1688 1886 18 13 to

1409 1912 224 32 KUSABS
1670 1909 172 36 BROS.,

1484 1954 116 17 MAMAEU
1613 1958 26 13 on
1652 1952 115 18 OHAUPO.

1537 1982 26 17 Or
1571 1983 21 16 at
1600 1982 32 17 the
1644 1982 70 20 Yards,

1430 2010 125 17 HINEMOA
1569 2010 101 19 STREET,
1691 2008 128 18 ROTORUA.

1411 2077 217 44 Rotorua
1670 2074 169 46 Tours.

1415 2158 182 43 I)ASSENGEBS
1606 2159 21 16 to
1635 2158 87 17 Rotorua
1730 2163 32 11 arc
1769 2156 75 17 advised

1473 2182 43 17 that
1525 2188 11 10 a
1548 2182 77 21 regular
1637 2181 52 22 daily
1701 2180 59 18 coach
1776 2180 68 16 service

1409 2206 84 16 between
1503 2205 15 17 0
1521 2203 3 19 !
1526 2210 17 12 io
1550 2205 43 17 -biro
1602 2204 38 18 and
1650 2205 86 16 Rotoruu
1751 2203 38 17 and
1805 2203 39 17 vice

1408 2234 53 12 versa
1469 2229 68 19 is.now
1545 2228 55 20 runt'
1607 2234 28 13 •»<,.

1432 2252 39 17 The
1480 2252 22 17 ikl
1507 2257 33 12 too
1544 2257 70 17 Jigeso
1628 2251 39 16 this
1672 2251 54 16 route
1732 2255 31 11 are
1769 2255 63 11 numer-

1409 2281 40 14 oos,
1460 2272 2 23 •
1479 2280 33 12 soa
1520 2274 45 18 e»vl>.
1574 2276 9 15 t
1597 2274 73 18 ..ic'ioiw
1677 2273 80 22 railway
1765 2272 81 23 journey

1409 2299 36 16 isb
1453 2298 2 21 -
1463 2302 39 12 .'am
1520 2302 39 13 lujci
1568 2298 31 17 .'ho
1615 2300 55 14 route
1686 2298 92 15 traverses
1795 2301 51 18 soipe

1410 2322 20 16 o'
1449 2322 31 17 ~l>e
1496 2321 86 18 loveliest
1597 2321 53 17 Bush
1667 2319 81 22 Scenery
1765 2319 20 17 in
1799 2319 47 17 New

1410 2344 88 18 Zealand.

1450 2376 104 22 FARES,
1571 2375 41 18 10s
1621 2374 84 19 EACH
1719 2373 82 19 WAY.

1411 2404 90 23 Special
1519 2404 166 22 Conveyances
1702 2407 44 13 can
1767 2401 28 18 bo
1813 2406 22 13 ar-

1557 2426 87 24 ranged
1654 2426 41 18 for.

1411 2474 76 18 Leave
1489 2473 134 19 —Okoroire
1632 2473 36 18 for
1682 2472 105 19 Rotorua
1801 2471 46 18 and

1481 2497 220 19 Whakarew.*rewa
1733 2494 61 24 daiily
1805 2495 42 18 'at

1484 2521 28 18 10
1520 2525 53 14 a.m.

1411 2544 76 19 Leave
1489 2544 129 18 —Rotorua
1626 2542 46 19 and
1681 2542 150 18 Whakarewa-

1482 2572 61 14 rewa
1560 2568 35 16 lor
1609 2565 118 22 Okoroire,
1744 2565 62 23 daily
1822 2565 26 17 at

1484 2591 29 17 l'O
1521 2595 52 14 a.m.

1435 2619 30 17 All
1487 2624 65 17 passer
1618 2622 31 12 are
1666 2615 77 18 advised
1764 2617 20 16 to
1799 2615 50 18 avail

1412 2642 72 17 theu'se
1495 2647 29 12 ves
1533 2641 19 18 of
1560 2641 38 17 tliis
1615 2640 63 17 Roue
1728 2639 91 18 Okoroire
1832 2639 16 16 is

1413 2671 34 12 one
1462 2666 21 17 o?
1495 2665 31 16 il'C
1535 2664 52 17 sVow
1595 2667 63 19 p'acps
1676 2663 20 18 at
1714 2663 31 17 vho
1761 2662 88 17 Thermal

1413 2688 79 18 D-'.sti'ct
1519 2688 38 17 and
1564 2685 6 21 i
1577 2685 6 21 1
1590 2685 6 21 o
1613 2693 8 10 a
1651 2697 6 6 o
1672 2687 20 17 to
1708 2686 33 17 the
1756 2686 60 16 EakOs
1833 2685 16 17 is

1413 2713 93 21 corop'.ote
1513 2711 82 17 witboot
1602 2710 33 17 'u-,"'
1652 2709 78 18 c'us'oo.

1437 2735 73 19 Special
1519 2740 11 11 a
1538 2746 5 4 -
1550 2734 63 17 motion
1625 2733 13 16 i-
1639 2732 1 22 1
1655 2732 60 17 called
1727 2733 21 16 to
1762 2732 32 17 the
1811 2732 39 17 fact

1414 2756 42 19 tliiij
1464 2765 9 10 u
1485 2758 56 22 poach
1550 2758 5 11 1
1558 2763 53 11 eaves
1625 2756 86 17 Rotorua
1720 2756 38 16 and
1767 2755 69 17 Whaka-

1413 2781 100 19 rewarcsv.i
1522 2787 24 11 on
1556 2780 78 25 Sunday
1642 2780 21 16 at
1673 2780 21 16 10
1703 2785 44 11 a.m.

1550 2826 150 17 HCENTS
1709 2826 4 17 :

1414 2848 73 19 TIIOS.
1501 2848 48 18 COO
1555 2848 15 17 'i
1588 2848 15 16 &
1622 2847 55 20 SON,
1695 2845 101 19 Auckland
1813 2845 38 18 and

1587 2871 90 17 Rotorua.

1416 2949 181 24 AUCKLAND
1619 2948 51 23 and
1689 2946 161 24 WAIKATO

1562 2982 141 23 AGENCY-

1431 3023 56 19 Near
1498 3022 92 20 Catholic
1600 3022 87 23 Church,
1701 3020 136 21 .ROTORUA.

1486 3094 179 26 SPECIAL
1679 3092 106 26 SALE

1419 3175 143 27 CHEAP
1586 3172 267 29 CLOTHING

1536 3216 60 18 NOW
1609 3215 82 18 GOING
1702 3215 36 17 ON

1614 3244 46 16 BY

1446 3412 227 25 ({J-nder-Vice-regal
1688 3412 147 22 Patronage.)

1425 3455 35 25 rip
1475 3455 16 17 0
1515 3452 249 20 TOURISTS,
1788 3451 16 17 E
1817 3455 12 13 t
1841 3455 17 12 c.

1432 3469 16 28 _1
1480 3481 114 15 BEAUTIFUL
1603 3479 102 15 PRESENTS
1716 3479 39 13 FOR
1764 3478 62 14 HOME.

1447 3501 50 22 Vcry
1513 3500 110 19 Handsome
1639 3499 63 17 Inlaid
1722 3498 73 20 Tables;
1810 3497 36 17 Cab-

1424 3525 54 17 inets,
1492 3523 60 18 Jewel
1565 3523 61 20 Cases,
1642 3523 43 18 etc.,
1701 3521 25 18 all
1740 3520 55 18 made
1811 3520 49 17 from

1425 3548 31 16 the
1465 3547 56 17 finest
1527 3547 19 16 of
1551 3547 46 19 New
1605 3545 100 21 Zealand's
1712 3545 67 16 Forest
1784 3543 75 18 Woods.

1425 3570 111 17 Patronised
1544 3570 72 21 by-His
1625 3568 114 21 Excellency
1748 3567 33 17 the
1789 3566 45 18 Earl
1841 3566 20 17 of

1426 3594 94 21 Glasgow,
1531 3593 54 19 K.C.,
1600 3592 84 17 8.M.G..
1702 3590 37 18 and
1754 3589 64 22 nearly
1835 3589 26 17 all

1425 3617 33 17 the
1465 3616 88 23 nobility,
1563 3615 72 18 British
1644 3614 38 17 and
1688 3613 81 23 Foreign
1778 3613 82 19 Officers,

1425 3639 38 18 and
1472 3641 67 21 gentry
1550 3638 42 17 who
1607 3639 48 17 have
1670 3636 68 18 visited
1753 3636 46 17 New
1814 3636 36 16 Zea-

1456 3693 29 18 W.
1499 3693 105 20 NORIIIE,
1615 3692 40 22 Top
1665 3692 20 17 of
1694 3690 138 18 Sliortland-st.

1453 3753 154 20 FIREWOOD
1617 3749 3 24 !
1670 3749 153 21 FIREWOOD
1832 3749 3 24 !

1526 3805 76 19 RATA
1614 3810 42 13 and
1671 3803 64 19 TAW
1738 3803 25 19 A.

1429 3841 108 19 Delivored
1556 3841 28 23 by
1603 3840 85 19 Kusahs
1709 3838 58 19 Bros,
1784 3840 21 17 to
1823 3843 40 19 any

1429 3871 46 21 part
1486 3867 21 18 of
1519 3867 34 18 the
1565 3866 100 24 township
1675 3867 21 16 at

1502 3893 84 18 Lowest
1600 3891 100 20 Current
1712 3890 77 19 Rates.

1430 3927 80 24 BEST
1545 3924 196 24 HOUSEHOLD
1774 3923 88 23 COAL.

1457 3970 74 19 Orders
1541 3968 92 19 received
1645 3971 21 15 at
1676 3967 35 19 tlio
1722 3967 67 24 yards,
1799 3965 55 19 Iline-

1432 4003 44 12 mou
1485 3998 74 17 Street.

1548 4062 64 19 paper
1631 4054 41 19 and
1688 4053 114 25 Envelopes
1819 4052 46 18 with

1424 4073 1 38 j
1433 4073 35 28 JIH
1512 4082 80 25 printed
1605 4080 91 24 beading
1708 4082 21 16 at
1738 4079 65 24 cheap
1811 4081 54 16 rates

1433 4114 20 15 at
1463 4108 107 20 Chronicle
1585 4107 62 20 oflice.

1933 3110 314 48 JJUCK.LJIUD

1891 3183 176 41 COFFEE
2106 3180 193 42 PALACE.

1929 3245 145 33 QUEEN
2097 3242 166 32 STREET,

1880 3299 63 23 Also
1966 3300 108 29 opposite
2096 3295 107 25 Herald
2231 3294 75 31 Office

1913 3411 49 45 E.
2013 3406 269 53 WATERS,

1981 3486 241 28 PROPRIETOR.

1885 3588 33 18 TO
1933 3586 59 19 THE
2007 3584 106 21 PUBLIC
2127 3583 34 20 OF
2179 3581 138 20 ROTORUA.

1886 3638 93 44 IJ3EG
1992 3643 20 14 to
2021 3637 66 20 tlinrik
2096 3636 35 19 the
2144 3634 73 20 Public
2227 3634 22 18 of
2256 3633 50 18 Roto-

1939 3671 39 12 ru!i
1997 3665 33 18 lor
2044 3663 52 19 their
2103 3664 84 17 favours
2198 3659 75 25 during
2284 3659 35 18 the

1885 3694 45 19 past
1940 3692 71 17 fifteen
2021 3695 64 20 years,
2097 3688 41 18 and
2152 3691 21 15 to
2190 3686 64 24 notify
2275 3685 42 18 that

1885 3720 32 16 for
1927 3717 33 18 the
1973 3716 134 19 convenience
2117 3714 21 18 of
2148 3713 99 18 residents
2256 3712 21 18 in
2286 3711 34 17 the

1887 3745 49 17 i\ew
1948 3741 116 24 Township,
2078 3740 41 19 and
2128 3746 31 17 my
2174 3738 57 18 trade
2249 3743 60 19 gener-

1886 3769 47 25 ally,
1945 3769 10 18 1
1967 3768 52 18 have
2030 3767 52 19 built

1912 3808 53 18 New
1974 3807 105 19 Premises
2086 3811 22 12 in
2115 3804 45 19 Pen
2164 3808 36 14 ton
2207 3802 85 22 Street,

1887 3852 64 20 which
1962 3858 18 12 ai
1986 3857 11 12 e
2007 3857 44 12 now
2063 3855 52 19 open
2123 3848 32 19 for
2165 3847 99 22 business,
2280 3845 40 19 and

1886 3879 11 18 I
1907 3885 34 12 ain
1959 3876 101 26 prepared
2081 3878 20 16 to
2115 3873 73 26 supply

2028 3918 70 19 Prime
2119 3916 62 19 Meat

1887 3970 21 18 in
1920 3968 50 19 both
1981 3967 51 19 Now
2045 3966 39 19 and
2094 3965 39 19 Old
2143 3963 125 25 Townships.

1921 4052 43 22 All
1977 4049 152 30 Inspection
2144 4048 22 21 is
2181 4045 108 24 invited.

2098 4092 102 20 HENRY
2215 4091 81 20 KIRK.

990 4209 101 40 Ask
1122 4208 72 39 for
1220 4202 266 44 Hancock's
1514 4196 277 44 Celebrated
1827 4189 189 43 XXXX
2041 4186 113 40 Ales
2187 4185 94 38 and
2308 4183 149 44 Stout,

1968 109 99 52 TH
2088 109 35 52 E
2176 109 462 55 HOUMEI
2691 111 74 72 DJ
2785 113 89 51 ST
2896 113 65 52 RI
2982 111 110 59 6T,

2096 190 91 19 Tourists
2197 190 40 19 and
2250 191 92 19 Invalids
2351 191 85 26 visiting
2446 193 33 17 tho
2490 193 139 19 Wonderland
2639 194 21 18 of
2670 193 51 19 Now
2730 192 91 18 Zealand
2831 193 40 18 will
2878 193 41 20 find
2928 195 34 18 the

2341 324 396 62 ROTORUA,

1863 385 79 29 npilE
1957 387 52 17 most
2018 385 87 26 elegant,
2117 385 131 19 comfortable
2257 386 40 18 and
2307 386 45 19 best
2362 386 109 25 appointed
2481 386 155 19 establishment
2646 386 21 18 in
2687 386 50 19 Now
2754 386 96 23 Zealand,
2869 387 16 18 it
2903 386 62 27 being
2980 389 75 25 repleto

1869 409 24 18 -fi-
2010 409 4 22 -
2333 412 49 19 with
2392 412 34 18 the
2436 414 53 16 most
2503 411 82 19 modern
2599 411 148 19 conveniences.

1888 436 58 19 THE
1959 436 93 20 HOTEL
2069 437 19 18 is
2105 437 22 18 in
2145 437 35 18 tho
2199 436 115 19 immediate
2330 437 170 25 neighbourhood
2518 438 20 18 of
2556 438 36 18 the
2610 437 72 22 Priest,
2702 437 83 22 llachel,
2805 437 123 20 Postmaster
2951 440 40 18 and
3005 440 57 19 other
3077 441 66 23 baths,
3161 441 35 18 tho

1862 462 89 18 curative
1961 463 113 24 properties
2083 463 21 17 of
2114 462 66 20 which
2195 468 34 12 are
2245 462 149 19 worhUfamed.
2422 463 54 18 Bath
2488 463 65 19 chairs
2564 463 40 19 and
2615 458 117 23 attendants
2742 469 35 12 are
2787 463 96 24 provided
2893 468 20 14 to
2925 471 75 18 convey
3015 466 85 19 invalids
3116 469 21 16 to
3155 466 41 19 and

1862 487 52 19 from
1924 487 35 19 tho
1968 487 82 19 various
2060 487 143 19 bath-houses.
2230 487 43 19 The
2283 487 107 19 bedrooms
2401 489 40 18 and
2459 489 87 24 retiring
2568 494 68 12 rooms
2655 495 34 11 are
2708 489 59 18 fitted
2784 488 48 19 with
2860 490 75 24 special
2947 491 73 24 regard
3033 494 20 16 to
3065 492 35 19 tho
3116 492 80 25 require

1863 517 65 15 ments
1938 513 21 19 of
1968 515 69 23 guests
2048 513 20 18 in
2079 513 70 19 search
2158 513 22 19 of
2188 513 92 19 renewed
2290 514 99 24 strength.

1888 539 43 19 The
1944 539 64 19 Baths
2018 541 21 16 at
2049 539 34 18 tho
2091 538 130 20 Sanatorium
2231 539 52 18 have
2294 539 100 19 attracted
2403 546 61 18 many
2474 539 80 19 visitors
2575 540 21 18 of
2615 539 40 19 late
2676 546 59 18 years
2741 546 5 17 ;
2773 542 93 23 amongst
2882 541 57 19 those
2952 542 42 19 who
3003 543 51 20 have
3065 543 63 20 found
3139 543 59 20 relief

1862 564 33 19 -bci
1904 565 34 18 tho
1948 564 146 24 convalescent,
2105 571 92 16 nervous,
2208 564 119 22 rheumatic,
2338 565 41 18 and
2389 565 101 25 sleepless.

1889 590 91 19 Eotorua
1989 590 18 18 is
2017 590 34 19 the
2070 592 67 17 centre
2155 590 53 18 from
2227 590 63 18 which
2310 590 28 18 all
2359 591 68 24 points
2437 591 21 18 of
2469 591 82 18 interest
2561 591 21 18 in
2599 591 35 18 the
2644 591 94 18 Thermal
2749 591 85 25 Springs
2850 591 83 21 District
2949 600 46 18 may
3010 595 25 18 be
3050 595 89 24 reached,
3158 595 40 23 and

1862 616 74 26 special
1945 616 96 19 facilities
2052 622 33 13 are
2095 616 97 24 provided
2202 616 31 17 for
2241 616 57 17 those
2306 615 21 18 in
2338 616 69 18 search
2417 617 21 18 of
2446 617 33 18 the
2490 616 101 20 beautiful
2603 616 41 19 and
2658 616 127 19 marvellous.

1956 647 182 18 MAGNIFICENT
2150 646 178 17 APARTMENTS.
2457 647 84 18 LOFTY
2553 647 147 18 BEDROOMS.
2818 649 113 18 PERFECT
2947 651 158 18 SANITATION.

2007 671 27 18 In
2044 670 56 19 short
2109 676 14 12 a
2133 675 124 14 l'ikst-class
2270 669 173 20 Establishment
2453 671 86 25 offering
2548 671 60 25 equal
2618 671 94 18 comforts
2722 673 20 16 to
2753 671 34 18 the
2796 672 45 18 best
2855 672 64 20 hotels
2929 674 19 18 in
2959 674 86 25 Europe.

2530 703 12 12 O
2627 703 4 14 :

2103 722 86 22 Suites
2207 721 27 22 of
2246 720 170 30 Apartments
2503 723 98 28 special
2614 722 156 23 attendance
2785 723 39 22 for
2839 723 114 23 Families-

1863 758 98 25 '-pacious
1971 756 127 20 Promenade
2108 755 113 23 Balconies,
2232 755 57 24 Snug
2302 755 92 23 Alcoves,
2405 755 41 19 and
2461 755 127 26 luxuriously
2605 757 109 24 appointed
2724 756 104 26 Drawing,
2847 757 70 24 Music,
2934 758 148 25 Conversation,
3098 759 100 26 Reading,

2317 781 100 24 Smoking
2426 781 39 19 anil
2477 781 85 19 Billiard
2572 782 81 18 liooms.
2683 782 69 19 Baths.

2102 818 37 22 £sf
2155 814 117 21 SPECIAL
2285 814 162 20 ATTENTION
2460 816 68 18 PAID
2541 816 34 21 TO
2591 816 117 19 CUISINE
2722 816 60 19 AND
2796 816 124 21 SERVICE,

1889 851 35 18 All
1935 849 179 21 communications
2127 848 27 24 by
2163 847 60 19 letter
2233 853 22 12 or
2266 846 99 23 telegram
2375 846 42 19 will
2426 847 77 19 receive
2512 850 81 22 prompt
2603 848 106 18 attention.

1923 901 76 44 W.
2029 901 55 42 A.
2112 898 313 50 BOIJLTON,
2573 926 17 7 -
2758 926 16 7 -
2895 900 246 57 Manager.

2338 957 59 23 (Late
2407 958 22 17 of
2437 956 114 19 Grosvenor
2560 955 69 24 Hotel,
2642 955 96 25 Sydney.)

2824 1093 50 20 EGS
2882 1096 20 17 to
2911 1095 91 18 intimate
3010 1095 44 18 that
3064 1095 25 18 ho
3105 1095 37 18 lias
3158 1101 45 12 now

2805 1115 15 22 ■)
2850 1119 108 22 concluded
2968 1121 33 18 the
3015 1120 115 20 alterations
3141 1123 20 16 to
3171 1120 32 19 his

2777 1146 95 23 premises
2887 1146 21 18 in
2926 1146 49 18 Feat
2978 1153 25 11 on
3019 1146 71 23 Street,
3105 1146 98 25 (opposite

2778 1171 34 19 the
2822 1171 68 19 Grand
2900 1171 78 26 Hotel,)
2988 1172 39 18 and
3037 1172 37 18 lias
3083 1178 11 12 a
3100 1171 56 26 large
3164 1172 40 18 and

2778 1197 44 19 well
2832 1197 90 19 assorted
2931 1198 56 18 stock
2997 1198 20 18 of
3031 1197 34 19 the
3083 1198 108 18 undermen-

2778 1223 68 19 tioned
2857 1223 67 24 goods,

2780 1257 66 41 FOR
2867 1256 87 40 GASH
2969 1257 24 39 &
3006 1257 86 39 CASH
3105 1257 100 44 ONLY,

2804 1312 49 19 This
2862 1312 54 19 Rule
2926 1312 42 19 will
2984 1312 23 18 bo
3024 1311 76 24 strictly
3119 1312 88 17 adhered

2778 1340 21 17 to
2810 1345 21 12 so
2842 1345 25 12 Vio
2877 1345 38 12 one
2924 1338 51 19 need
2987 1338 23 19 be
3019 1337 94 19 offended
3119 1338 16 17 if
3145 1337 61 18 credit

2778 1364 18 19 is
2806 1364 89 19 refused.

2779 1399 82 22 Men's
2872 1399 126 28 Mercery,
3007 1398 74 27 Hats,
3093 1398 42 22 &c.

2780 1429 82 23 Men's
2877 1429 53 22 and
2944 1429 76 29 Soys'
3037 1428 120 30 Clothing

2884 1478 14 10 ~
3008 1460 77 23 .Boots
3097 1460 20 22 &
3128 1460 77 23 Shoes

2780 1491 134 28 Blankets,
2928 1491 79 29 Rugs,
3020 1491 95 28 Prints,
3131 1491 60 22 Flan-

2832 1523 119 27 nelettes,
2963 1525 47 20 etc.

2780 1555 113 27 Saddles,
2904 1555 107 26 Bridles,
3029 1556 46 20 etc.

2891 1625 101 24 Complete
3003 1625 59 19 Stock
3073 1625 20 19 of

2779 1656 90 28 Pancy
2883 1656 89 26 Goods,
2991 1655 147 30 Stationery
3156 1656 48 23 and

2832 1687 84 23 Books

2780 1719 191 22 Tobacconist's
2987 1719 91 27 Goods,
3090 1721 45 20 etc-

2782 1751 112 23 Musical
2909 1751 174 22 Instruments

2780 1781 110 28 Pishing
2904 1781 95 22 Tackle

2778 1813 120 22 Window
2905 1813 70 28 glass
2984 1813 20 22 &
3013 1813 77 29 Lamp
3099 1813 106 28 glasses.

2779 1865 92 19 LARGE
2886 1864 59 20 AND
2975 1864 231 20 WELL-ASSORTED

2924 1896 86 19 STOCK
3025 1896 33 19 OP

2792 1928 184 27 BIRTHDAY,
3006 1928 92 22 XMAS
3125 1928 67 23 AND

2832 1960 78 22 NEW
2931 1959 91 23 YEAR
3043 1960 110 23 CARDS.

2818 2012 66 19 •Maori
2898 2011 70 19 Curios
2979 2012 21 19 in
3010 2013 62 18 Great
3080 2011 90 26 Variety.

2843 2064 118 22 Eirst-cIaES
2978 2064 86 20 Billiard
3074 2064 67 19 Table.

2780 2112 148 25 Prescriptions
2938 2111 107 25 dispensed
3055 2113 26 23 by
3089 2118 12 12 a
3110 2111 100 24 Qualified

2938 2137 89 19 Chemist
3037 2140 20 16 at

2858 2169 125 32 ROBERT
3001 2170 131 31 WAKE'S.

2815 2242 46 45 R.
2882 2241 298 53 GRIFFITHS,

2893 2307 209 31 ROTORUA,

2784 2345 419 27 GENERALCARTER&CARRIER

2811 2421 65 19 Goods
2886 2421 101 19 delivered
2997 2423 20 16 to
3024 2420 28 21 all
3069 2423 54 22 parts
3138 2421 22 19 of
3177 2421 34 21 tlio

2785 2448 76 19 district
2869 2450 21 16 at
2897 2447 36 19 low
2944 2451 59 15 rates.

2865 2486 61 18 ALL
2939 2486 110 18 TRAINS
3063 2486 67 18 MET.

2812 2558 136 20 N.P>.—Good
2952 2558 91 25 paddock
3046 2559 5 17 i
3054 2565 10 11 n
3068 2564 13 19 g
3085 2558 31 19 for
3120 2564 11 13 a
3135 2558 14 18 li
3152 2565 17 11 m
3172 2559 41 18 ited

2786 2585 85 19 number
2879 2585 21 18 of
2911 2585 73 18 horses.
3001 2584 104 25 Spencer's
3114 2584 99 25 paddock,

2787 2611 37 18 wel
2833 2611 96 18 -watered
2954 2610 40 19 and
3025 2617 58 19 every
3114 2610 99 19 attention

2787 2637 52 25 paid.

2902 2696 200 26 ROTORUA

2797 2741 249 26 TEMPERANCE
3073 2740 128 25 HOTEL.

2879 2788 48 18 Mrs
2940 2787 181 19 MORRISON'S

2815 2829 48 15 uiitod
2874 2830 17 13 in
2900 2828 35 16 the,
2937 2827 31 16 Old
2977 2827 92 21 Township
3078 2827 17 16 of
3103 2827 110 21 Ohineinutu,

2788 2850 33 15 and
2835 2850 96 15 commands
2944 2854 9 10 a
2970 2848 83 21 majniifiei
3060 2851 20 13 nt.
3096 2848 41 16 view
3152 2848 19 16 of
3185 2848 30 16 the

2789 2872 51 16 Like,
2851 2872 28 15 the
2891 2871 56 15 native
2964 2869 25 22 p:>,
3006 2870 66 18 bailing
3088 2869 77 21 Springs,
3181 2869 34 15 and

2931 2891 66 16 Mokoia
3006 2891 65 16 Inland.

2810 2919 66 17 Within
2884 2924 40 15 easy
2932 2924 54 10 access
2999 2918 18 15 of
3029 2918 28 15 the
3073 2917 53 16 Baths
3142 2923 32 10 ana
3186 2917 29 16 tho

2777 2935 1 26 |
2789 2946 89 14 numerous
2887 2941 55 20 sights
2950 2940 17 15 of
2976 2940 69 15 interest
3050 2939 18 15 in
3074 2939 28 15 the
3109 2938 94 21 neighbour-

2790 2963 47 16 hood,

2777 2980 2 25 !
2790 2989 97 16 Firr-t-class
2892 2987 94 17 aceommod
2992 2987 40 16 ition
3040 2989 17 14 at
3063 2986 88 16 Moderate
3154 2986 59 15 Rates.

2811 3017 16 14 A
2836 3013 101 17 .-nh-r.anlial
2945 3013 86 16 reduction
3040 3013 13 16 is
3063 3013 47 15 made
3119 3015 16 13 to
3149 3011 66 21 weekly

2790 3043 18 9 or
2816 3036 75 20 monthly
2900 3035 84 16 hoarders.

2790 3062 56 19 States
2859 3062 17 15 of
2892 3062 104 19 apartments
3011 3060 27 15 for
3045 3059 73 16 families
3126 3064 17 10 or
3152 3058 63 21 parties

2956 3083 17 14 of
2980 3081 70 16 friends.

2790 3118 49 18 Mrs
2863 3115 162 22 MORRISON,
3055 3114 154 23 Proprietress

2876 3197 255 21 EXHIBITION.

2792 3248 39 17 On.
2842 3248 112 16 PAixTTxns
2963 3250 23 12 of
2994 3245 50 17 New
3053 3245 95 16 Zealand
3158 3243 48 17 Scen-

2894 3274 46 16 euy,
2950 3269 44 17 Hot
3003 3268 74 20 Lakes,
3087 3267 32 17 tic.

2945 3314 37 17 and
2991 3314 62 17 others
3062 3319 30 11 are
3100 3312 120 23 respectfully

2806 3331 18 27 V
2862 3338 71 18 invited
2945 3339 20 15 to
2978 3337 72 22 inspect
3062 3336 32 16 Mr
3106 3335 114 17 Blomficld's

2793 3363 75 22 Unique
2876 3361 102 18 Collection
2987 3362 19 15 of
3021 3359 84 23 Original
3123 3358 98 22 Paintings

2794 3392 42 11 now
2845 3391 24 12 011
2877 3385 47 18 view
2932 3385 20 16 at
2960 3384 29 16 his
2998 3382 71 21 Studio,
3082 3382 139 22 Karangahape

2794 3409 59 18 Road.
2863 3406 104 19 Auckland.

2818 3432 47 18 N.B.
2867 3430 121 22 —Paintings
2998 3429 19 17 of
3025 3429 32 16 the
3066 3427 97 23 destroyed
3176 3427 34 17 Ter-

2794 3461 50 12 races
2853 3454 70 18 similar
2933 3455 19 15 to
2966 3453 53 17 those
3033 3457 24 12 on
3072 3452 46 17 view
3133 3452 21 15 at

2794 3479 64 16 House
2871 3477 38 17 and
2922 3476 66 17 Palace
3006 3474 64 20 Hotel,
3088 3480 33 11 can
3138 3474 44 21 only
3197 3473 24 17 'Lie

2794 3500 88 19 obtained
2895 3500 57 17 direct
2970 3500 47 16 l'rom
3034 3499 31 17 tlio
3081 3497 61 17 Artist
3154 3498 20 16 at
3189 3496 32 17 the

2794 3525 58 15 above
2863 3523 81 17 address.

2138 1186 349 35 ROTORUH.

1997 1340 38 48 4
2055 1340 42 48 1
2123 1338 36 49 !\
2182 1337 47 38 ©
2257 1337 37 48 4
2347 1333 207 52 §oflß
2584 1333 40 40 e.

2134 1408 128 24 (Formerly
2278 1408 41 20 the
2339 1408 149 22 Parsonage.)

1999 1540 139 19 •PRIVATE
2152 1538 104 19 BOARD
2269 1538 65 17 AND
2349 1536 178 19 RESIDENCE.

2224 1591 167 20 SITUATION
2404 1590 210 19 UNRIVALLED.

2133 1749 62 23 Mrs
2215 1749 31 22 D.
2270 1747 216 24 GRIFFITHS.

2086 2091 65 46 IN
2184 2090 115 46 THE
2331 2089 202 46 PRESS.

2281 2279 71 35 IN

1871 2343 354 57 ANCIENT
2269 2340 487 56 MAORILAND.

2132 2427 52 31 By
2201 2424 164 27 ELSDON
2388 2424 112 31 BEST,

1870 2603 108 66 THE
1999 2603 123 31 Papers
2137 2606 73 20 now
2223 2598 171 33 appearing
2394 2595 4 74 1
2410 2597 34 25 in
2459 2597 54 25 the
2528 2596 84 26 HOT
2626 2595 137 26 LAKES

1923 2634 243 29 CHRONICLE
2180 2633 101 25 under
2293 2632 55 25 tlie
2363 2632 101 25 above
2477 2630 70 25 title
2561 2629 69 26 will
2639 2629 125 32 shortly

1872 2679 37 25 be
1923 2677 171 34 published
2107 2676 33 25 in
2153 2673 165 34 pamphlet
2330 2672 90 26 form.

2078 2741 132 47 Price
2234 2740 94 47 One
2364 2738 198 55 Shilling.

1908 2879 190 32 Advertising
2111 2878 107 26 Terms
2232 2883 37 19 on
2285 2875 188 32 application
2495 2876 32 23 at
2548 2872 216 26 CHRONICLE

1876 2914 103 24 Office.

2342 3543 17 18 A
2465 3542 60 20 Stuck
2546 3544 21 17 (if
2584 3542 94 21 German,
2696 3537 76 21 Freud)

2410 3569 40 18 and
2460 3568 89 20 Colonial
2562 3568 62 19 Bouts
2634 3567 75 24 always

2504 3596 21 18 iu
2543 3594 67 20 Stock.

2344 3642 66 19 BEST
2417 3640 153 21 MATERIAL.
2607 3639 16 18 B
2643 3638 31 19 ST
2683 3636 89 20 \VORK.

2421 3681 158 21 AUCKLAND
2590 3678 105 20 PIUCES.

2344 3757 163 22 Hand-sewn
2518 3755 77 22 Boots
2605 3760 15 15 a
2636 3751 136 30 Specialty.

2371 3829 174 25 WYNYARD
2559 3828 21 22 &
2588 3825 161 27 PUHCHAS,

2406 3882 128 19 Barristers
2541 3884 43 14 and
2594 3878 122 21 Solicitors,

2345 3937 79 19 B.N.Z.
2434 3935 117 22 Chambers,
2559 3933 69 20 Queen
2634 3932 28 23 St,
2671 3929 105 20 Auckland

2441 4031 51 18 have
2502 4035 71 17 money
2584 4031 19 15 to
2614 4026 48 19 lend
2673 4032 25 12 on
2714 4025 50 18 Mort-

2359 4047 37 27 \V
2438 4062 52 19 gage
2499 4055 21 18 of
2535 4052 99 21 Freehold
2650 4052 40 18 and
2706 4051 59 18 Lease-

2347 4083 49 19 hold
2404 4085 94 22 property
2510 4082 20 17 at
2540 4082 82 16 current
2631 4082 59 15 rates.

3013 3612 33 41 M.
3081 3611 116 46 SIMON,

2990 3665 60 24 (Lata
3057 3664 21 18 of
3087 3663 132 22 Melbourne.)

3002 3957 53 26 Style
3065 3964 11 11 a
3078 3962 10 10 r,
3092 3955 10 18 fl
3114 3953 33 20 Fit
3156 3953 35 18 not
3201 3954 19 16 ti

2991 3987 22 16 be
3024 3981 90 28 equalled
3131 3986 18 11 iu
3167 3982 52 18 to\>n

2952 4017 20 23 W
2992 4012 105 28 AdiiRESS■
3114 4012 107 22 ArawaSt-

3059 4044 97 17 IJotoiua.
