3280 4260
1233 91 57 20 THE
1305 91 57 19 HOT
1376 91 92 19 LAKES
1482 91 167 20 CHRONICLE
1660 91 193 25 WEDNESDAY,
1868 92 75 20 JUNE
1957 94 19 22 3,
1994 94 49 18 1596

2804 4080 82 19 Printed
2903 4082 39 18 nod
2959 4084 102 22 published
3071 4085 27 23 by
3106 4086 22 17 F.
3139 4085 18 18 V.

2829 4105 21 16 at
2859 4106 32 16 the
2899 4106 106 23 registered
3019 4108 87 24 printing
3117 4109 48 18 office
3179 4104 25 18 Ufa
3204 4101 3 33 l
3210 4101 35 33 'fig

2828 4133 45 12 mott
2881 4130 65 20 streot,
2956 4130 91 18 Rotorua.

2840 4167 174 24 WEDNESDAY,
3027 4170 69 20 JUNE
3113 4174 16 19 J3,
3145 4170 42 18 IS9G,
3216 4152 6 34 I

217 318 44 19 One
277 318 21 19 of
315 318 33 18 the
357 317 117 19 necessities
485 317 21 19 of
517 317 33 19 the
560 317 80 25 comiDg
650 318 75 18 Season
736 317 40 19 will
786 317 25 19 be

73 375 24 22 A
137 376 113 22 COOL
289 374 96 23 AND
426 373 56 23 RE
496 372 121 25 FEES
630 374 126 23 KING
795 374 159 23 EEIIfI

99 429 139 20 Untinctured
250 429 23 24 by
282 435 38 15 any
330 426 127 21 Deleterious
473 427 101 20 Chemical
586 428 136 25 Compounds.
750 427 19 18 A
779 426 58 20 drink
848 428 21 17 at
879 433 50 13 once

292 482 183 28 Exhilarating
497 482 51 22 and
565 482 165 28 Refreshing,

73 538 37 19 anil
124 537 62 19 which
251 543 60 18 prove
322 543 10 12 a
344 536 117 24 preventive
471 536 23 19 of
503 537 115 25 Pyt-'pepua
634 536 37 18 nnd
690 536 27 18 ail
734 536 92 19 Internal
846 536 107 21 Disorders

99 563 85 18 Aerated
197 563 82 18 Waters
290 563 39 18 and
341 563 97 21 Cordials,
457 562 122 26 ccmpris-ins;
595 563 34 18 the
638 562 74 19 Purist
723 562 121 24 Lemonade,
861 562 36 21 the
907 563 46 20 Mob

72 589 102 20 Delicious
185 589 78 25 Giiger
271 589 46 23 Ale,
330 588 177 26 Highly-charged
525 590 53 17 Soda
591 589 75 22 Water,

327 639 376 37 £OLAKOKE,

71 704 11 11 a
91 704 43 13 new
142 698 148 24 Invigorating,
301 698 148 19 non-alcoholic
459 698 102 24 Beverage
571 697 3 25 ;
590 698 55 18 Lime
654 697 59 19 Juice
731 697 87 23 Cordial,
830 697 123 25 Raspberry,

71 724 138 25 Peppermint,
221 724 76 22 Cloves,
308 724 52 19 Pine
369 724 72 24 Apple,
452 724 40 18 and
504 724 74 19 Lemon
589 724 76 24 Syrups
675 724 38 18 and
733 723 135 25 Farsaparilla
884 731 33 12 are
927 724 25 19 all

338 750 153 19 manufactured
503 757 24 11 on
537 750 34 18 the
580 750 102 22 premises.

259 776 115 18 Lemonade
384 776 39 18 and
434 776 77 24 Ginger
519 776 44 22 Ale,
574 778 71 22 quarts
655 775 41 18 and
702 775 62 25 pints.

103 1070 515 69 CLEARANCE
673 1071 241 68 SALE.

68 1242 132 22 DURING
214 1242 45 22 the
270 1241 91 24 month
372 1241 27 23 of
407 1241 62 29 May
478 1242 46 22 the
537 1240 178 30 undersigned
724 1241 56 24 will
797 1241 97 23 submit
906 1241 46 23 the

70 1284 83 23 whole
167 1284 28 22 of
205 1284 42 22 his
257 1284 71 29 large
343 1284 50 22 and
405 1284 187 23 well-assorted
611 1284 78 22 Stock
705 1284 28 22 of

71 1336 181 17 ORHPERY.

198 1374 280 18 ironmoncsry,

452 1413 216 15 FURNITURE

584 1451 24 16 Si
621 1450 179 18 GEN6RKL
825 1451 126 18 GOODS,

223 1495 44 22 AT
290 1495 277 23 PHENOMENALLY
581 1496 73 22 LOW
668 1496 123 23 PRICES.

133 1584 55 25 NO
215 1584 275 27 REASONABLE
518 1585 137 26 OFFER
678 1585 204 27 REFUSED.

280 1674 93 41 HZ.
401 1675 423 47 T.&.YLOB,

144 1735 143 19 GENERAL
301 1735 191 20 COMMISSION
505 1737 64 18 AND
583 1736 171 19 IMPORTING
766 1737 111 20 AGENT.

160 1888 180 32 WfflEn

447 1942 117 26 FROM

94 2124 147 35 .amps

526 2114 173 44 Cruets

66 2338 181 46 Razors
519 2342 151 55 Trays

315 2397 208 56 Teapots
758 2399 190 46 Churns

97 2469 99 26 Lawn
220 2469 144 31 Mowers,
387 2470 94 32 Hoes,
505 2471 118 31 Rakes,
652 2472 127 32 Spades,
804 2472 111 32 Forks,

176 2519 54 24 AT
243 2518 197 27 GREATLY
459 2520 200 27 REDUCED
679 2521 159 28 PRICES.

250 2600 60 37 &D
854 2634 13 17 ;

87 2653 80 23 (Fourth
176 2653 47 23 shop
231 2654 49 17 from
291 2654 99 23 Wellesley
404 2655 77 23 Strsct.)
536 2656 46 18 304
595 2655 19 19 &
627 2656 47 18 306
687 2656 105 23 QUEEN
805 2658 119 19 STREET.

67 2768 433 59 GEYSER
575 2771 371 61 HOUSE

94 2859 336 57 Hydropathic
453 2862 159 55 Hotel,
647 2863 268 48 Wairakei.

257 2925 35 19 Six
303 2926 57 19 miles
369 2926 52 19 from
431 2926 56 19 Lake
498 2928 69 24 Taupo
578 2928 102 25 (Rotoiua
689 2930 60 25 side.)

237 2983 178 27 SUPERIOR
436 2985 335 29 ACCOMMODATION.

259 3039 52 18 ALL
323 3039 52 18 THE
388 3040 134 19 COMFORTS
534 3042 32 17 OF
579 3043 16 16 A
607 3043 77 17 HOME
697 3044 51 17 FOR

306 3075 146 20 TOURISTS
468 3077 64 18 AND
546 3077 157 21 INVALIDS,

63 3151 64 24 Hot
152 3151 186 32 Swimming
360 3152 111 33 Baths,
496 3154 183 28 Kiri-o-Kai
701 3163 35 19 or
762 3158 79 26 New
865 3159 80 26 Skin

137 3192 93 31 Bath,
242 3192 64 25 Hot
320 3193 129 26 Douche
463 3195 109 31 Baths,
595 3197 110 26 Grand
725 3199 145 27 Climate.

179 3233 170 26 Elevation
370 3235 90 30 1,350
480 3236 62 25 feet
555 3238 101 26 above
670 3245 53 20 sea
736 3238 92 28 level.'

65 3281 189 23 CQMPEIENi
274 3283 118 23 Gr(JI]DE!S
409 3290 122 20 accompany
545 3287 84 19 tourists
645 3290 20 16 to
682 3289 35 18 the
738 3290 80 19 various
840 3291 66 25 places
925 3293 21 18 of

191 3309 90 22 interest,
291 3309 65 19 which
368 3309 58 19 baffle
437 3311 35 19 the
482 3314 51 16 most
543 3312 59 19 facile
612 3320 46 18 pen,
670 3315 41 18 and
727 3321 37 13 can
783 3316 47 25 only
849 3317 25 19 be
892 3319 43 18 real-

191 3334 44 18 ized
245 3335 58 18 when
313 3341 52 13 seen.

67 3398 190 23 OGYSOR
278 3401 195 24 VKLLGY
489 3404 90 18 contains
595 3405 34 18 the
648 3405 103 26 following
769 3408 122 24 unequalled
902 3409 30 20 Na-

141 3425 54 18 tural
214 3425 90 19 wonders
326 3425 4 33 :
334 3427 148 21 —i'uhuatahi,
503 3435 22 12 or
549 3429 62 19 Great
635 3430 131 26 Champagne
784 3432 112 26 Cauldron;
911 3436 35 18 the

143 3450 60 19 Great
214 3450 105 20 Wairakei
328 3452 76 24 Geyser
413 3450 4 31 ;
430 3454 34 18 the
474 3454 85 25 Donkey
569 3455 95 26 Engine;,
675 3457 35 19 the
721 3458 53 18 Bath
786 3460 19 17 of
816 3460 33 18 the
859 3460 76 21 Fairies-

140 3476 34 18 the
194 3476 112 25 Lightning
324 3478 60 23 Pool;
398 3479 35 19 the
451 3479 87 19 Cascade
555 3480 81 24 Geyser,
655 3489 22 11 or
694 3483 102 25 Dragon's
814 3485 83 25 Mouth;
912 3488 34 18 the

141 3501 62 19 Black
214 3502 99 25 Geyser;,
318 3504 33 18 the
364 3504 50 19 Mud
426 3505 88 25 Geyser;
529 3507 34 18 the
581 3506 53 20 Blue
651 3508 69 25 Lake;
731 3511 34 17 the
783 3511 31 18 Oil
832 3511 53 20 Bath
893 3501 4 32 •
911 3513 35 19 the

140 3527 81 25 Eagle's
230 3527 61 31 Nest;
304 3529 35 19 the
347 3530 77 19 Devil's
431 3532 70 18 Punch
510 3532 56 19 Bowl
576 3527 3 31 ;
595 3533 35 18 the
638 3533 72 20 Prince
718 3536 21 17 of
748 3535 76 21 Wales'
833 3537 98 21 Feathers
941 3527 3 31 ■

141 3552 35 20 the
194 3552 84 33 Mirror;
294 3555 35 18 the
348 3556 56 19 Twin
425 3552 87 33 Geyser:
527 3559 35 18 the
579 3558 59 20 Coral
655 3559 90 26 Geyser;.
758 3562 34 18 the
803 3563 65 19 Green
884 3565 49 19 Pool

147 3579 122 19 lerekerehe
280 3587 22 12 or
320 3581 49 18 Ilell
388 3582 87 24 Geyser;
498 3584 34 18 the
551 3584 68 19 Steam
640 3585 105 21 Hammer.
774 3587 82 21 Guide's
874 3591 32 18 fee
925 3594 20 16 to

142 3604 74 25 Goyser
225 3605 79 26 Yalley,
316 3608 21 17 5s
346 3604 4 30 ;
365 3608 89 19 distance
464 3610 52 18 from
524 3610 34 18 the
572 3611 61 23 hotel,
649 3604 4 30 1
667 3612 53 19 mile.

68 3663 97 22 TMO
183 3664 332 26 KRSHTGHTGH
527 3675 22 12 or
567 3669 81 19 Ladder
665 3670 85 25 Rapids.
786 3672 42 20 The
845 3673 101 22 Grandest

142 3691 76 22 Kapids
230 3697 19 11 in
259 3691 35 18 the
304 3692 100 19 Southern
414 3691 146 30 Hemisphere;
576 3695 74 26 falling
666 3696 20 19 in
704 3698 30 18 six
754 3698 81 20 distinct
852 3701 94 19 cascades

143 3718 92 22 amongst
244 3717 62 18 weird
317 3718 39 19 and
366 3719 78 25 rugged
463 3726 81 19 scenery
571 3721 96 19 Distance
685 3723 51 19 from
757 3724 33 18 the
807 3725 61 24 hotel,
888 3727 57 19 three

143 3742 62 17 miles.
233 3742 73 19 Paddle
316 3744 68 19 horses
394 3748 20 15 to
423 3746 47 18 visit
485 3746 33 19 the
532 3747 80 25 Rapids
626 3748 23 18 7s
659 3748 25 18 Gd
695 3749 55 19 each.

66 3799 229 24 KGRHPITI
312 3808 22 12 or
343 3802 34 20 the
386 3803 78 20 Devil's
474 3804 97 26 Trumpet
590 3806 17 19 is
626 3807 42 19 said
687 3810 21 16 to
727 3808 49 19 emit
795 3815 11 12 a
821 3816 94 18 pressuro
925 3812 21 19 of

144 3826 69 18 1801!bs
224 3827 20 17 of
254 3830 63 15 steam
329 3830 19 16 to
358 3829 34 18 the
402 3829 53 24 inch,
466 3831 52 18 from
529 3838 26 12 an
572 3835 94 22 aperture
676 3833 21 19 of
715 3834 64 19 about
795 3836 72 19 twelve
876 3837 70 20 inches

142 3859 20 11 in
174 3852 103 18 diameter.
306 3853 94 20 Distance
418 3855 53 19 from
492 3856 55 19 hotel
565 3857 58 20 three
642 3860 40 18 and
702 3866 11 12 a
732 3860 45 19 half
793 3852 68 33 miles;
875 3863 70 20 saddle

141 3879 69 18 horses
221 3880 19 16 to
247 3880 48 17 visit
304 3879 35 18 the
348 3880 69 23 above,
430 3883 22 17 lis
461 3882 26 18 Cd
497 3883 55 18 each.

70 3938 97 22 THG
185 3937 140 23 HUKH
522 3941 35 19 the
575 3942 101 20 Grandest
692 3944 57 19 Falls
757 3946 22 18 in
797 3946 33 19 the
848 3947 97 20 southern

143 3963 136 25 hemisphere.
308 3964 42 18 The
359 3963 55 21 Falls
424 3972 44 19 may
483 3968 22 18 be
515 3967 73 19 visited
598 3974 25 13 on
632 3969 35 19 the
680 3976 54 13 same
752 3972 115 24 expedition
877 3980 22 12 as
910 3975 35 18 the

142 3989 79 19 Devil's
231 3989 105 25 trumpet.
364 3989 96 21 Distance
469 3993 52 19 from
531 3993 55 19 hotel
596 3994 58 19 three
664 3996 40 18 and
714 4003 11 12 a
741 3996 44 20 half
795 3998 66 19 miles-
875 4000 70 19 saddlo

139 4014 59 20 horse
208 4021 22 12 or
241 4014 70 26 buggy
322 4017 21 17 2s
354 4015 25 19 Gd
393 4017 56 18 each.

66 4073 127 52 15118
217 4074 47 53 ft
289 4073 292 67 GRAHAM,
615 4080 329 57 Ppoppietpess.

1344 311 152 34 THE

981 672 240 53 Published
1245 684 144 43 every
1408 670 284 57 Wednesday
1709 670 139 47 .After-

1359 739 134 37 noon,

1183 908 114 41 RATES
1322 908 45 41 OF
1392 908 280 42 SUBSCRIPTION:

1140 981 62 17 PAID
1215 981 30 18 IN
1257 981 130 18 ADVANCE.

1164 1012 44 23 Six
1220 1012 106 23 Months
1337 1012 27 23 5s
1375 1020 6 20 ;

1162 1039 53 22 One
1231 1039 68 22 Year
1310 1039 43 22 10s
1364 1039 4 27 ;

1576 981 115 18 BOOKED.

1621 1014 37 22 6s.

1607 1040 50 22 12s.

1156 1160 337 32 ADYHBTISXNG
1513 1160 179 33 BATHS;

1003 1215 65 18 Three
1080 1214 99 26 Shillings
1190 1221 35 19 per
1235 1216 47 18 inch
1288 1222 37 18 per
1335 1216 60 23 issue,
1405 1223 27 17 up
1441 1218 21 17 to
1469 1218 10 16 3
1489 1216 114 19 insertions.
1621 1217 130 25 Subsequent
1758 1216 113 20 Insertions

976 1241 44 18 half
1030 1245 61 15 rates.
1122 1241 80 25 Special
1211 1244 62 16 terms
1284 1242 32 18 for
1326 1242 72 24 longer
1410 1242 87 25 periods.

1001 1296 179 18 Announcements
1190 1295 21 18 of
1222 1294 71 19 Births
1304 1294 40 19 and
1354 1294 79 19 Deaths
1443 1301 34 12 arc
1488 1295 88 24 charged
1592 1298 23 16 2s
1630 1296 57 23 each,
1707 1299 36 16 not
1761 1297 110 25 exceeding

976 1324 23 15 ■*so
1011 1321 71 18 words.
1112 1321 102 24 Marriage
1224 1323 172 16 announcements
1413 1322 28 17 3s.
1469 1321 207 24 NOTE,—These
1693 1322 111 29 charges
1827 1330 43 16 are

976 1348 40 23 for
1027 1347 175 30 Prepayment
1213 1346 72 30 Only-

1082 1495 242 47 JOBBING
1358 1498 401 48 DEPmT.ME.NT.

977 1583 157 31 Invoices,

1027 1624 173 32 Billheads,

1076 1666 103 25 Memo
1194 1667 122 32 Forms,

1128 1708 81 25 Bills
1223 1707 33 26 of
1266 1708 90 30 Fare,

1177 1750 154 25 Business
1356 1751 111 32 Cards,

1227 1791 141 32 Visiting
1389 1793 110 32 Cards,

1309 1834 95 25 Menu
1423 1835 110 32 Cards,

1362 1875 151 33 Luggage
1526 1877 125 32 Labels,

1405 1917 73 25 Ball
1497 1918 237 33 Programmes,

1458 1962 172 32 Circulars,

1528 2004 141 31 Posters,

1578 2046 184 32 Handbills,

1672 2088 197 33 Pamphlets,

1142 2124 66 33 &c.,
1309 2126 55 26 &c.
1370 2147 7 11 y
1477 2128 66 31 &c.,
1648 2129 57 26 &c.

1035 2206 122 46 Done
1193 2214 51 39 at
1281 2209 80 53 tfje
1383 2209 224 54 Shortest
1630 2213 181 47 .Notice.

1316 2599 112 45 Sale
1460 2603 52 43 at
1547 2603 89 44 the

1039 2702 437 68 etißONiete
1509 2707 287 68 orriee.

970 2799 65 19 Plain
1044 2801 47 17 and
1100 2801 80 24 Fancy
1188 2802 68 23 Note,
1272 2803 131 24 Envelopes
1412 2804 30 18 all
1451 2804 65 23 sizes,

970 2823 123 24 Mourning
1093 2823 3 30 -
1105 2825 74 23 Paper
1187 2826 47 18 and.
1243 2826 137 24 Envelopes,
1395 2828 151 19 Commercial
1556 2830 143 23 Stationery,

971 2846 114 24 Foolscap
1095 2848 74 22 Paper
1178 2850 45 17 and
1233 2849 89 19 Official
1331 2851 138 23 Envelopes,

971 2869 115 24 Drawing,
1097 2871 114 23 Exercise,
1220 2872 179 20 Memorandum
1408 2875 46 18 and
1463 2875 109 19 Account
1582 2877 78 19 Books

969 2893 108 23 Ledgers,
1089 2895 117 22 Joumals,
1216 2895 56 24 Day-
1277 2897 45 17 and
1333 2897 61 19 Cash
1401 2898 85 23 Books,

970 2916 81 19 Letter
1060 2917 83 23 Books,
1154 2919 107 22 Brushes,
1272 2919 83 19 Water
1364 2921 80 23 Wells,
1455 2921 47 24 &c.,

969 2940 124 22 Stephen's
1102 2940 105 24 Writing
1215 2944 45 16 and
1270 2943 107 24 Copying
1385 2944 63 23 Inks,

969 2962 106 24 Blotting
1084 2964 78 22 Paper,
1174 2965 112 19 Business
1294 2967 47 17 and
1350 2967 16 18 \
1371 2968 81 23 isiting
1462 2968 78 22 Cards,

969 2985 56 19 Blue
1035 2987 96 22 Pencils,
1142 2987 63 19 Lead
1213 2989 47 17 and
1269 2989 64 19 Slate
1343 2990 96 23 Pencils,
1451 2992 47 18 and
1507 2992 82 23 Slates,

968 3008 109 24 Marking
1086 3010 49 22 Ink,
1147 3011 66 18 India
1222 3011 93 20 Rubber
1324 3013 85 23 .Bands*
1419 3014 61 18 Gum
1488 3015 47 18 and
1543 3016 117 19 Gummed
1669 3017 75 20 Paper

968 3032 104 19 Indexed.
1081 3033 66 23 Files,
1162 3034 46 18 and
1217 3034 74 24 Paper
1300 3036 69 23 Clips,

968 3055 135 24 Inkstands,
1113 3057 47 18 and
1169 3057 96 20 Bottles.

1366 3113 96 17 KLSO

1002 3157 21 25 A
1045 3158 138 26 CHOICE
1199 3159 208 27 SELECTION
1428 3162 46 25 OF
1491 3162 186 27 BIRTHDAY
1698 3165 132 26 CARDS.

1406 3239 11 11 O

972 3304 343 62 NEWS
1382 3309 476 63 AGENCY..

1032 3410 191 56 English,
1250 3413 206 56 Foreign,
1485 3415 89 46 and
1599 3417 201 48 Colonial

1122 3476 179 56 Papers,
1322 3478 282 57 .Magazines,
1629 3483 87 47 &e.

971 3551 185 43 SYDNEY
1195 3555 237 43 BULLETIN
1471 3560 32 39 &
1541 3561 317 45 CANTERBURY

1218 3612 148 42 TIMES
1392 3615 61 40 ON
1483 3616 132 43 SALE.

1162 3789 93 70 To
1306 3791 349 75 Tourists.

968 3900 191 60 Jlgeney
1183 3906 76 47 for
1279 3909 217 50 .Martin's
1522 3914 170 54 Photos
1712 3918 55 45 of
1778 3921 82 53 tfye

1312 3966 210 49 District.

2181 369 226 32 ESTABLISHED
2428 369 47 32 EBB
2475 369 32 32 9.

1894 428 72 20 Under
1981 428 35 19 the
2027 429 112 24 patronage
2149 428 22 18 of
2181 428 33 19 Sir
2224 428 36 19 ~W.
2281 428 88 24 Jervois,
2385 428 48 19 Earl
2451 429 39 19 and
2509 428 104 20 Countess
2632 428 22 20 of
2674 428 120 26 Hopetoun,

2067 454 35 19 tlie
2113 455 56 18 Hoc.
2180 455 89 18 Premier
2280 455 40 18 and
2334 455 104 19 Members
2455 456 22 18 of
2488 455 132 20 Parliament.

1920 559 42 19 The
1973 559 65 20 Hotel
2051 559 16 18 is
2077 559 89 20 situated
2177 565 25 12 on
2213 565 25 12 an
2249 559 94 20 elevated
2354 560 88 24 position
2453 567 25 12 on
2490 560 35 20 the
2535 560 71 20 shores
2622 560 22 19 of
2660 561 56 19 Lake
2731 560 52 19 Boto-

1895 592 43 17 rna,
1948 586 125 19 convenient
2083 590 21 15 to
2114 586 27 19 all
2152 586 34 18 ilia
2197 586 64 24 sights
2273 586 20 19 in
2305 586 35 19 the
2350 582 88 24 district.

1966 637 115 31 Sulphur
2094 638 52 23 aild
2159 637 113 24 Mineral
2287 638 83 24 Batlis
2385 638 19 19 in
2416 638 35 19 the
2463 638 98 21 Grounds
2573 640 22 19 of
2605 640 36 19 the
2651 640 71 19 Hotel.

2028 744 19 18 A
2065 743 106 20 reduction
2188 743 17 19 is
2223 743 58 19 made
2298 746 21 16 to
2331 744 77 20 weekly
2418 751 23 12 or
2452 744 91 26 monthly
2554 745 108 20 boarders.

1896 795 68 20 Guide
1975 796 69 19 Books
2055 796 39 19 and
2103 795 135 21 information
2250 796 64 21 p»ati«
2325 798 22 18 at
2357 796 54 20 Cook
2428 797 39 19 and
2486 797 59 20 Sons'
2562 798 52 25 (sole
2631 799 81 25 agent-)
2729 798 66 19 offices

2210 823 128 25 throughout
2350 823 34 19 thu
2395 823 85 26 Colony.

1931 1052 275 66 NOTiee
2241 1021 48 97 f
2292 1021 467 99 6Tourists.

1929 1142 64 25 The
2013 1143 217 31 undersigned
2251 1150 55 19 are
2324 1150 74 19 now
2413 1144 143 32 running
2571 1146 143 32 Buggies
2731 1146 63 25 and

1896 1176 141 25 Coaches
2060 1177 33 24 to
2113 1176 54 25 the
2180 1176 168 32 following
2361 1177 107 32 places
2482 1178 34 25 of
2530 1178 137 26 interest
2686 1179 35 25 in
2741 1179 53 25 the

1894 1209 244 31 neighborhood
2155 1213 33 22 at
2206 1211 130 31 greatly
2361 1211 138 25 reduced
2524 1212 95 25 rates.
2668 1212 126 32 Special

1894 1242 185 25 reductions
2088 1242 49 26 for
2150 1242 89 32 large
2248 1244 130 31 parties.

1893 1283 320 18 WHAKAREWAREWA
2221 1283 4 25 ;
2263 1284 167 19 WAIRAKEI
2453 1284 20 19 &
2493 1285 104 20 TAUPO
2606 1291 5 17 ;
2635 1287 147 18 TIKITERE
2790 1283 4 25 :

2036 1306 145 19 TIKITERE
2195 1307 19 18 &
2228 1307 106 19 OKERE
2348 1306 111 24 FALLS;
2473 1308 178 21 WAIOTAPU.

1907 1354 95 27 Special
2013 1356 170 25 Conveyances
2195 1356 46 24 ar?d
2253 1356 88 19 Saddle
2354 1356 83 23 Worses
2448 1360 22 15 to
2482 1357 28 19 all
2521 1361 62 24 parts
2601 1359 22 19 of
2635 1358 40 20 the
2693 1358 87 20 district

2221 1386 23 15 at
2257 1383 117 22 Moderate
2386 1384 80 22 Rates,

1940 1430 49 18 Eus
1995 1429 78 20 leaves
2081 1430 64 19 Lake
2152 1431 85 21 House,
2246 1431 87 24 calling
2339 1433 25 17 at
2371 1432 30 18 all
2408 1432 84 19 Hotels
2498 1433 47 18 and
2552 1433 118 24 Boarding
2677 1434 94 18 Houses

1917 1453 35 19 for
1961 1453 227 24 Whakarewarewa,
2199 1454 69 19 twice
2278 1454 118 24 forenoon,
2406 1456 70 17 twice
2485 1456 131 20 afternoon.

2085 1490 46 46 J.
2165 1490 314 47 FALLOONA
2503 1493 47 45 &
2574 1494 100 54 Co.,

2397 1557 334 57 Proprietors.

1907 1633 132 27 BOOKING
2053 1633 106 26 OFFICE
2170 1633 61 27 AND
2245 1633 135 28 STRBi.ES
2395 1635 147 26 OPPOSITE
2552 1636 104 27 GRAND
2672 1637 106 27 HOTEL.

1931 3131 32 39 A,
1991 3131 71 41 AND
2089 3132 30 41 G.
2147 3133 130 49 BROOK,

1884 3189 84 24 BOOT
1982 3191 71 22 AHB
2070 3192 82 24 SHOE
2173 3193 150 31 MAKEBS,

1944 3231 89 20 Fekton
2048 3232 89 25 Street,
2163 3235 105 20 Rotorua.

1885 3272 45 18 And
1955 3274 22 17 at
2007 3272 83 21 Parriell
2112 3274 40 19 arc!
2182 3276 139 20 Newmarket.

1911 3340 67 19 Lar«e
1988 3342 38 18 and
2039 3343 67 19 vaiied
2123 3344 63 19 Stock
2197 3344 22 19 of
2229 3345 93 25 English,

1885 3366 11 19 I
1903 3367 70 25 oreigti
1985 3368 38 19 and
2036 3369 92 20 Colonial
2138 3370 63 19 Boots
2212 3373 38 17 and
2259 3373 64 18 Shoes

1947 3395 22 17 to
1980 3394 72 20 choose
2064 3396 50 19 from
2125 3399 23 16 at
2159 3397 33 18 the
2204 3400 53 16 most

1977 3473 93 20 FhESII
2088 3475 89 19 STOCK
2191 3476 36 19 OF

1884 3506 171 24 FOOTBALL
2069 3509 99 24 BOOTS
2179 3511 43 24 just
2235 3512 87 20 arrived.

1885 3547 34 19 All
1935 3548 71 19 orders
2023 3549 39 19 and
2079 3549 76 26 repairs
2171 3551 150 27 expeditiously

2050 3576 102 20 executed.

1884 3607 22 19 S.
1921 3606 28 20 Ef,
1960 3607 149 25 FORDYCE,
2136 3620 11 4 -
2168 3620 9 4 -
2201 3610 122 25 Manager,

2397 3145 136 43 HORACE
2554 3147 181 44 STEWART,

2346 3209 109 22 SADDLE,
2469 3210 128 23 HARNESS,
2611 3213 54 18 AND
2683 3215 101 18 COLLAR

2516 3243 102 23 MAKER,

2389 3276 184 26 FENTON-ST.,
2587 3280 154 21 EOTORUA.

2346 3344 104 23 Saddles,
2469 3346 95 24 Bridles,
2580 3347 95 25 Collars,
2692 3350 90 23 Chains,

2369 3375 58 23 Bits,
2434 3377 80 24 Spurs,
2523 3379 106 20 Harness
2643 3381 67 24 Soap,
2719 3382 40 19 &c.

2368 3437 119 22 CoacliaMne,
2498 3445 11 11 a
2526 3441 116 22 waterproof
2657 3443 127 22 preservative

2345 3460 30 17 for
2383 3460 27 18 all
2418 3461 56 18 kinds
2483 3462 20 18 of
2514 3463 80 18 leather.

2369 3492 86 22 Axleine,
2474 3500 10 11 a
2498 3495 73 21 perfect
2587 3496 96 18 lubricant
2698 3498 30 17 for
2742 3504 30 12 car-

2345 3514 68 23 riages,
2423 3522 98 18 waggons,
2532 3520 33 15 &z.

2368 3546 73 19 Collars
2450 3549 55 16 made
2519 3551 20 16 to
2552 3556 86 12 measure
2652 3558 24 10 on
2694 3552 25 17 Mm
2721 3546 4 29 l
2739 3559 33 16 pre-

2345 3570 55 17 mises
2409 3577 11 10 a
2429 3572 104 22 speciality.
2571 3574 126 22 Lengthened
2709 3577 63 21 experi-

2345 3598 44 12 ence
2398 3593 20 17 in
2426 3594 27 18 all
2461 3595 68 18 classes
2538 3596 20 17 of
2563 3596 95 19 Saddler's
2667 3598 59 18 work.
2752 3600 31 17 All

2345 3615 64 19 orders
2418 3618 100 22 promptly
2526 3620 91 17 attended
2629 3622 26 16 to.

1943 3684 41 42 W,
2011 3685 34 40 A,
2074 3685 188 45 WILLIAMS'

1886 3757 223 24 PIONEER
2152 3761 170 28 STORE,

1964 3803 102 25 Opposite
2082 3805 72 20 Palace
2172 3807 68 20 Hotel.

1884 3853 139 27 GROCERY,

1925 3886 139 20 OILMEN'S
2079 3888 112 26 STORES,

1966 3916 220 28 IRONMONGERY,

2018 3948 157 22 CROCKERY
2178 3951 94 25 WARE,

2070 3984 145 26 DRAPERY,
2232 3989 88 22 Ac,&c-

1913 4015 16 15 A
1946 4012 150 22 well-assorted
2112 4017 58 18 stock
2188 4017 21 19 in
2225 4019 26 18 all
2269 4019 51 19 lines

1884 4038 21 18 of
1916 4038 34 19 the
1959 4039 63 20 above
2032 4043 21 16 at
2062 4040 72 21 lowest
2145 4049 72 17 prices.

1884 4073 51 19 Now
1946 4073 88 20 Zealand
2042 4076 65 26 Dairy
2115 4076 149 22 Association's
2272 4080 36 20 Fac-

1921 4100 45 23 tory
1978 4100 75 21 Buttor
2062 4102 56 19 l'resh
2129 4104 58 19 twico
2197 4106 84 25 weekly.

1959 4142 52 21 New
2021 4144 51 21 Laid
2083 4146 60 25 Eggs,
2154 4147 43 24 &c.,
2210 4149 34 19 &c.

2347 3708 119 31 OMITEO
2487 3709 189 35 INSURANCE
2696 3713 84 40 COY.,

2496 3756 129 21 LIMITED.

2407 3815 153 31 CAPITAL,
2576 3819 144 29 £500,000.

2446 3885 53 20 risks
2508 3887 21 19 of
2536 3888 28 19 all
2571 3889 75 19 classes
2653 3890 128 21 undertaken

2346 3909 23 20 -8.
2415 3914 20 16 at
2446 3911 71 21 lowest
2526 3918 82 16 current
2618 3919 61 16 rates.

2345 3944 76 21 Claims
2429 3947 71 20 settled
2512 3949 104 27 promptly
2626 3951 40 19 and
2679 3951 101 28 liberally.

2355 3993 49 19 New
2412 3995 84 19 Zealand
2506 3998 57 18 Head
2571 3999 64 22 Office,
2646 4001 123 23 Wellington.

2379 4022 91 18 Resident
2479 4024 47 21 Sec.,
2536 4025 68 19 James
2612 4026 27 23 S.,
2645 4028 101 19 Jameson.

2469 4059 102 18 Auckland
2580 4059 75 24 Agent:

2405 4084 24 18 A.
2442 4085 111 23 Heather,
2563 4088 78 18 Custom
2649 4089 68 19 Street.

2475 4123 88 19 Eotorua
2571 4123 75 25 Agent:

2391 4155 21 17 F.
2426 4156 21 16 F.
2457 4156 70 22 Watt,
2540 4158 119 20 Chronicle
2670 4161 64 17 Office.

2818 150 233 41 HINEMOA
3083 150 147 42 STAR?

3119 190 9 3 ~
3209 193 20 11 «Jr

3008 219 108 22 ROGERS
3131 223 66 22 directs
3210 235 14 15 at
3224 245 6 3 .

2835 247 9 14 T
2854 249 9 13 T
2896 245 80 19 tention
2987 247 21 17 to
3015 246 36 18 the
3059 247 102 28 following
3167 249 13 21 li
3182 259 28 16 nes
3225 260 5 8 r

2818 277 173 42 €iaiSf
3099 278 94 40 MM
3194 278 36 47 €6#|»

2818 325 102 25 Bycroft's
2930 325 114 19 Snowdrift
3053 326 51 19 N./.
3113 328 58 21 Flour

2818 351 103 24 Sultanas,
2933 351 103 19 Muscatel
3044 353 40 18 and
3092 351 92 25 Valencia
3194 359 15 20 R
3211 369 7 12 ft
3219 351 4 31 ;

2871 377 48 21 sins,
2931 377 41 19 and
2982 377 99 20 Currants

2818 403 50 25 Figs
2876 404 41 18 and
2926 403 115 20 Preserved
3050 404 83 26 Ginger,
3144 407 59 26 Spices

2818 429 76 19 Lemon
2905 430 41 18 and
2957 430 82 25 Orange
3050 430 48 20 Peel

2874 456 71 18 White
2956 456 114 24 Sugar—A
3085 458 107 28 Speciality.

2820 482 50 19 New
2880 482 93 19 Zealand
2980 482 65 25 Dairy
3051 483 138 24 Association's
3194 489 35 23 But.

2924 510 38 17 ter.

2844 534 61 19 TEA.
2966 533 114 20 COFFEE.
3133 537 80 25 COCOA.

2819 583 88 19 General
2919 583 131 20 Assortment
3067 585 21 19 of
3105 585 124 25 Storekeonei-'c

2999 610 75 20 Goods.
3193 602 7 14 1
3224 602 5 13 3

2820 719 85 51 T0~&
2921 729 97 41 FROM
3038 731 69 40 THE
3133 733 96 50 BATES,

2822 823 152 47 CLIRSS
2991 830 50 13 runs
3059 832 12 12 a
3088 832 105 19 wngonetto
3206 833 10 19 b
3217 842 7 12 e
3225 823 4 47 .

2865 859 8 9 •
2905 854 66 15 tween
2985 851 36 19 the
3038 851 40 19 Old
3092 852 100 30 Township
3204 862 25 19 and

2820 876 34 19 the
2864 876 67 20 Paths
2941 877 128 24 throughout
3079 879 33 19 the
3122 879 43 26 day.

2818 938 50 20 Also
3118 941 67 22 Sodom
3203 950 26 19 acd

2855 965 116 20 Gomorrah
2982 966 40 19 and
3032 967 59 18 other
3100 967 63 26 sights
3170 977 38 15 near

2985 992 36 19 the
3031 995 60 17 town.

2920 1044 81 24 Fares
3017 1046 136 24 Moderate.

2818 1099 56 44 B.
2916 1099 45 44 S.

2926 1157 193 21 AECHITEC
3128 1159 20 24 T,

2899 1192 100 25 Building
3013 1193 108 25 Surveyor,
3139 1195 32 19 <fcc.

2821 1232 70 22 Agent
2911 1230 33 18 for
2963 1230 35 19 the
3022 1230 98 21 National
3144 1233 41 21 Fire
3203 1239 24 19 acd

2912 1256 82 19 Marine
3001 1257 115 20 Insurance
3126 1259 34 20 Co.

2884 1314 91 21 oKO
2989 1315 12 20 I
3018 1317 18 19 A
3107 1317 68 47 yI
3188 1320 13 20 E
3211 1322 16 21 y

2975 1366 125 22 PRIVATE

2818 1398 249 35 BOAHDIHG
3085 1402 144 38 HOTXS&

2818 1460 113 27 Opposite
2947 1461 40 19 the
3003 1461 55 19 Post
3069 1463 46 19 and
3126 1465 103 29 Telegraph

2999 1487 79 21 Office.

2819 1519 44 18 And
2884 1526 50 11 TiPiir
2956 1519 33 19 the
3010 1520 120 21 Celebrated
3154 1523 73 23 PRIEST

2857 1545 120 20 IIACIIEL
2994 1548 39 18 arui
3047 1545 4 25 <
3059 1547 45 19 ther
3114 1548 52 20 BAT
3170 1551 26 19 US

2964 1572 145 22 ROTORUA.

2817 1623 112 32 TERMS:
2938 1624 44 19 25s
2990 1630 42 18 per
3039 1627 70 22 Week,
3121 1627 25 19 4s
3153 1634 36 17 per
3194 1631 31 24 day

2849 1655 117 42 MRS
3011 1647 218 59 YOUNG,'

2952 1706 172 21 Proprietress.

2817 1774 221 49 Rotorua
3055 1778 171 62 Bakery

2824 1977 107 33 BAKER
2980 1980 238 35 &COKFECTICNEP.

2863 2057 88 24 Bread
2964 2060 135 23 delivered
3115 2062 73 28 daily.

2863 2126 158 20 GROCERIE.-

3009 2164 144 23 DEAPERY,

2807 2227 126 20 GENERAL
2940 2229 207 22 STOREKEEPER'S
3154 2234 68 17 GOODS.

2809 2265 403 70 TrTTondcxr

2942 2354 167 24 SOLICITOR,

2829 2389 28 21 20,
2870 2389 220 24 SfIORTLAXD-STUEET,
3100 2393 107 18 AtJCKLAXf.

2804 2435 157 19 N.B.—Attends
2971 2439 81 22 country
3061 2437 69 20 Courts
3137 2440 24 22 by
3172 2440 50 23 special

2805 2462 141 15 ttxTunfirenicnt.

2809 2508 212 48 Rotorua
3049 2510 172 59 Library

2806 2606 101 48 OPEN
2922 2609 53 18 from
2988 2611 23 17 10
3023 2616 47 13 a.m.
3081 2613 21 17 to
3113 2614 10 15 ;3
3133 2618 46 19 p.m.
3193 2609 28 22 aVi

2866 2636 46 17 6.30
2923 2638 21 15 to
2954 2637 266 26 10p.m.Sundaystill9p..!■

2824 2672 167 24 Subscription
2999 2680 5 13 :
3017 2675 42 18 20s
3069 2676 43 18 Per
3120 2676 87 19 Annum.

2833 2709 87 21 Visitors
2937 2718 48 18 may
3003 2719 85 17 procuro
3102 2713 67 20 Books
3184 2714 35 19 from

2805 2736 34 18 tho
2849 2736 90 26 Library
2949 2745 26 11 on
2993 2739 87 25 making
3097 2747 12 12 a
3128 2740 68 25 deposit
3207 2740 13 17 uf

2805 2765 35 16 not
2850 2763 41 19 less
2901 2764 50 18 than
2972 2766 28 21 ss,
3020 2766 38 18 and
3077 2766 117 26 purchasing;
3208 2767 12 16 Is

2805 2795 80 18 coupon
2894 2789 34 19 for
2937 2797 62 18 every
3011 2791 53 19 Four
3074 2792 70 20 books.

2831 2823 45 19 The
2893 2823 90 26 Library
3006 2825 17 19 is
3042 2833 51 18 open
3116 2827 69 25 during
3198 2825 21 20 the

2806 2850 94 25 evening.

2914 2909 79 45 W.
3034 2912 44 44 J.

2806 2963 175 21 BARRISTER
2994 2966 65 19 AND
3078 2966 140 20 SOLICITOR.

2806 2995 149 20 Cominissiouer
2971 2999 20 16 of
3005 2999 31 16 the
3051 2999 89 23 Supreme
3153 3000 48 18 Court
3209 2997 10 18 ei

3006 3022 43 22 Fiji-

2807 3050 90 18 Solicitor
2905 3053 21 16 to
2935 3052 33 17 the
2980 3053 47 18 X.Z.
3043 3054 125 18 Government
3181 3053 38 18 uinii'

2874 3075 40 17 The
2923 3075 99 19 Advances
3031 3078 20 16 to
3057 3078 78 18 Settlers

2806 3105 101 18 Victoria
2915 3107 91 22 Arcane,
3017 3108 111 20 Queex-st,
3138 3107 80 20 Ani'Mirl

2830 3137 73 23 Money
2911 3139 21 16 to
2939 3138 55 18 Lend
3003 3146 23 11 on
3036 3140 85 19 freehold
3135 3140 82 21 security»'

2806 3159 37 18 low
2860 3162 51 16 rates
2928 3162 21 17 of
2961 3163 88 18 interest.
3076 3164 70 23 Money

2806 3184 31 15 for
2846 3184 67 17 clients
2923 3185 38 18 free
2971 3187 20 16 of
2999 3187 75 20 charge.

2859 3233 29 26 J.
2910 3234 49 25 W.
2984 3235 203 28 WRIGLEY,

2831 3273 375 24 ARCHITECT,

2939 3308 182 19 ROTORUH.

2834 3335 71 25 Agent
2914 3337 32 18 for
2963 3337 35 19 the
3015 3338 64 20 South
3102 3339 73 20 British
3192 3335 22 25 !>

2807 3361 41 19 and
2859 3362 81 19 Marine
2949 3363 113 21 Insrrance
3072 3365 107 26 Company.

2871 3431 80 20 When
2959 3433 25 19 in
2992 3434 126 20 Auckland
3126 3436 52 18 visit

2884 3466 34 24 E.
2945 3466 221 29 SPENCERS

2852 3507 153 25 CURIO
3034 3511 157 23 DEPOT.

2810 3543 3 25 ;
2887 3543 38 23 (On
2935 3544 65 19 Queen
3010 3546 61 17 Street
3084 3545 79 23 Wharf.)

2841 3582 42 19 For
2900 3584 28 18 all
2944 3584 63 19 kinds
3024 3586 22 19 of
3058 3586 49 19 New
3118 3582 81 23 Zealand

2876 3609 73 20 Curios
2968 3611 41 19 and
3028 3612 139 19 Greenstones.

2825 3679 84 55 W.
2937 3681 268 58 THOMAS,

2808 3751 270 30 MONUMENTAL
3104 3750 110 31 MASON,

2858 3800 126 21 VICTORIA
3003 3804 97 19 STREET
3120 3804 62 18 EAST,

2916 3843 217 20 AUCKLAND,

2829 3878 87 19 Orders
2931 3880 25 19 in
2971 3881 96 24 Marble,
3087 3882 91 20 Granite
3189 3874 24 23 ani

2804 3909 81 24 Stone,
2908 3913 121 24 promptly
3054 3915 46 18 and
3126 3908 87 25 faithful

2805 3943 122 19 executed.

2854 3979 102 24 Designs
2965 3982 48 18 and
3022 3983 76 23 prices
3110 3984 46 18 free
3164 3986 25 14 on

2949 4014 151 21 application.
