2569 4020
71 142 55 24 offer
140 142 36 23 for
195 149 67 23 years
278 146 24 20 to
308 161 4 5 ,
320 150 71 21 come,
398 151 21 16 A
430 143 117 31 profitable
560 143 96 24 market

70 176 36 23 for
117 175 30 24 all
158 176 39 22 the
208 175 45 23 salt
259 174 55 24 beef
322 183 33 15 we
363 183 42 15 can
414 176 56 24 send
482 182 21 18 to
510 177 27 28 it,
547 176 107 32 provided

71 208 38 23 the
121 212 61 19 meat
193 208 29 23 be
241 207 58 31 good
316 205 54 26 arid,
381 209 100 24 durable.
517 209 25 24 It
557 210 20 22 is
592 209 62 31 quite

182 240 49 24 that
243 247 62 17 some
317 241 26 23 of
353 240 43 24 the-
402 242 80 24 details
494 242 26 23 of
528 249 44 19 our,
577 241 75 23 calcu-

70 274 83 24 lations
161 281 56 23 may
226 274 57 23 have
295 274 58 23 been
365 274 133 32 chargeable
509 275 54 23 with
574 281 62 17 error
645 284 6 19 ;

69 307 44 23 but
122 306 50 24 that
183 306 55 32 they
254 314 58 16 were
331 306 159 33 substantially
503 310 93 26 correct,
609 307 44 24 and

69 339 55 25 that-
135 339 40 24 the
193 339 141 24 ascertained
349 341 79 30 profits
446 341 74 24 would
541 340 28 24 be
586 340 65 23 suffi-

71 372 83 30 ciently
163 372 65 30 large
240 377 23 18 to
279 372 72 24 admit
366 374 25 23 of
407 370 153 28 considerable
574 372 78 24 abate-

69 404 114 25 ment-for
200 405 124 24 incidental
342 407 117 28 mistakes,
478 414 33 16 we
529 405 43 24 feel
590 407 62 30 quite

69 438 120 29 Confident.
226 437 50 24 The
295 446 61 16 mere
373 440 47 23 fact
438 440 49 23 that
501 440 24 23 in
544 438 107 31 England

69 471 38 24 the
127 472 64 30 price
209 471 27 24 of
247 469 59 26 l)eef
324 473 29 26 is.
365 480 61 16 more
444 472 55 24 than
518 472 44 23 five
584 472 67 23 times

68 504 81 30 higher
160 504 57 23 than
228 504 38 23 the
276 504 63 32 price
348 510 23 19 at
377 506 73 23 which
457 506 20 23 it
483 507 19 22 is
509 512 56 19 now,
569 505 83 31 selling

68 538 31 29 by
106 545 42 15 our
154 538 109 30 graziers,
273 538 45 24 and
329 538 49 24 that
385 539 41 23 her
434 538 124 32 Majestyfs
563 537 88 27 Minis-

68 574 47 19 ters
125 570 58 24 have
195 570 139 25 declaredin
346 571 141 26 Parliament
497 571 49 23 that
556 570 65 24 there
630 571 20 23 is

68 611 29 15 no
109 608 107 27 prospect
227 604 25 24 of
261 605 29 23 its
296 612 5 11 >
307 604 69 31 being
393 604 104 28 reduced,
517 604 41 23 but
575 603 76 24 rather

69 636 25 23 of
109 637 31 23 its
151 637 91 31 getting
252 637 48 24 still
316 637 91 31 higher,
417 642 54 27 puts
486 638 19 22 it
515 636 90 31 beyond
621 637 31 23 all

68 669 71 25 doubt
155 670 58 28 that,
233 670 54 23 with
302 670 116 31 judicious
435 673 165 27 management,
618 677 33 16 we

68 710 52 24 may
131 703 112 24 establish
254 710 14 16 a
278 704 64 23 trade
349 703 79 28 .which
440 703 45 24 will
497 703 89 30 dispose
599 710 51 23 pro-

67 736 81 30 fitably
167 736 26 23 of
210 735 31 24 all
259 743 42 16 our
321 736 92 31 surplus
431 736 75 29 cattle,
526 743 125 23 encourage

68 776 132 21 commerce,
213 768 46 23 and
275 776 29 23 go
322 769 41 23 far.
374 769 98 24 towards
490 769 105 31 reviving
613 769 38 24 the

67 801 90 31 general
170 800 77 25 affairs
259 802 26 23 of
293 802 39 23 the
344 802 112 31 Colony^

101 835 40 23 On
163 833 97 32 lodking
358 842 13 16 a
393 835 37 23 file
452 835 26 23 of
497 835 40 23 the
562 833 89 33 Sydney

70 866 94 24 Gazette
181 866 24 25 of
222 868 49 23 that
282 868 52 30 day,
345 867 102 24 weliave
457 872 48 20 met
516 868 55 23 with
585 877 21 18 a,
609 868 41 24 few

66 901 116 30 pertinent
196 901 149 32 paragraphs,
364 901 74 24 which
454 902 19 22 it
488 909 53 24 may
558 901 28 24 be
610 901 53 24 en-1

67 934 183 31 couragingnow
262 939 23 19 to
296 938 76 28 quote.
402 946 4 5 •
653 935 8 21 i

264 973 101 22 Colonial
374 973 134 28 Secretary's
518 974 78 26 Office,
611 992 3 4 .
624 985 4 8 .

82 1015 4 8 ,
109 1017 2 3 .
313 1001 82 27 Syney,
406 1000 50 23 26th
466 1000 177 30 March/1832^
657 999 4 6 '

88 1032 50 22 >His
147 1032 139 29 Excellency,
294 1033 38 23 the
343 1035 116 24 Governor
469 1035 80 22 directs
558 1034 50 23 that
612 1033 38 23 the

65 1058 114 28 following
193 1060 132 22 documents
337 1059 126 30 respecting
477 1062 39 22 the
531 1061 85 28 quality
620 1062 36 24 <;of

66 1089 60 18 meat
135 1086 70 21 salted
213 1087 23 21 in
248 1086 55 22 New
314 1088 70 22 South
389 1087 84 27 Wales,
480 1089 22 21 in
513 1090 138 26 comparison

66 1112 53 21 with
128 1108 49 26 that
186 1112 100 28 supplied
297 1117 22 17 to
328 1113 35 32 h|s
373 1113 117 28 Majesty's
490 1119 2 8 1
497 1114 69 27 ships^
573 1122 30 15 on
613 1114 39 26 the

68 1138 80 22 Indian
157 1139 90 27 station,
254 1139 28 22 be
290 1140 119 27 published
413 1140 34 21 for
456 1141 92 25 general
553 1141 102 22 inform-

68 1165 74 22 ation.'
195 1187 3 4 .
341 1188 4 3 .
410 1186 4 5 ,
525 1174 31 17 •.
573 1179 3 6 <
583 1171 54 28 3g&lj

200 1193 34 27 By.
243 1192 42 26 his,
292 1193 156 27 Excellency's
457 1193 125 27 command,
591 1188 45 33 J^|

356 1220 145 22 Alexander
515 1221 111 22 M'Leay.
634 1236 2 4 .

142 1256 43 22 His
194 1256 118 28 Majesty's
322 1256 48 28 ship
381 1258 155 26 Southampton,
548 1261 23 18 at
581 1265 43 19 sea,
648 1268 5 3 -

273 1285 49 20 21st
331 1284 86 28 March,
429 1286 60 21 1832.

96 1315 48 26 Sir,
146 1326 29 5 —
175 1314 63 22 With
255 1310 115 28 reference
386 1319 22 19 to
424 1324 58 20 your
496 1316 66 22 letter
577 1316 26 22 of
615 1315 37 23 the

71 1342 50 21 lllh
141 1342 90 27 instant,
252 1342 43 22 No.
314 1343 48 27 259,
384 1343 12 22 I
415 1342 56 23 have
489 1343 107 22 herewith
615 1342 37 23 the

69 1368 87 22 honour
168 1372 23 18 to
200 1370 104 21 transmit
317 1369 36 22 for
358 1374 3 5 '
368 1377 56 20 your
432 1371 149 26 information,
592 1377 14 14 a
618 1377 34 15 re-

68 1399 48 24 port
133 1395 25 21 of
171 1395 38 22 the
218 1395 69 23 result
297 1397 26 21 of
335 1396 37 22 the
388 1397 149 28 experiments
546 1396 73 27 made,
631 1397 25 21 of

69 1422 149 27 comparative
234 1423 77 22 merits
327 1423 25 21 of
365 1423 39 23 the
413 1424 60 22 -beef
483 1427 51 19 sent
549 1430 29 15 on
593 1423 57 28 trial,

69 1449 56 22 from
135 1449 56 22 New
202 1447 69 25 South
277 1449 83 28 Wales,
369 1450 50 22 with
426 1451 49 21 that
480 1453 38 25 got
525 1454 23 18 at
553 1450 97 27 Madras,

69 1476 56 22 from
135 1475 39 23 the
184 1476 157 23 Government
355 1477 78 27 Agent
438 1486 6 19 ;
460 1477 46 22 and
520 1481 23 18 to
558 1476 73 22 which
640 1477 11 22 I

70 1502 72 23 would
153 1503 43 26 beg
205 1506 23 19 to
242 1503 50 22 add'
301 1501 39 30 rhy
349 1504 98 27 opinion,
457 1504 54 27 that,
516 1505 25 21 of
555 1503 37 23 the
603 1504 53 21 beef

69 1529 102 23 received
189 1529 58 23 from
265 1530 58 24 New
338 1531 69 21 South
426 1531 75 22 Wales
496 1527 9 13 1
501 1547 7 11 ,
523 1531 49 22 that
577 1531 75 23 (.cured

70 1557 53 21 with
142 1556 118 29 Liverpool
278 1557 44 22 salt
335 1558 109 27 appeared
459 1561 22 19 to
497 1565 36 15 me
546 1558 72 22 better
629 1558 23 21 in

69 1587 63 23 taste,
143 1590 62 16 more
212 1584 70 28 juicy,
290 1584 45 22 and
344 1584 42 22 less
395 1585 62 26 hard,
467 1585 55 22 than
529 1585 48 21 that
586 1585 67 21 cured

69 1609 53 24 with
132 1609 95 24 colonial
244 1611 48 26 salt,
302 1613 44 20 and
358 1618 50 20 very
421 1614 95 25 superior
531 1615 21 18 to
563 1613 37 20 the
609 1612 50 25 beef

69 1640 46 18 sent
121 1637 63 26 from
198 1639 99 26 England
303 1642 19 20 ;'
334 1639 51 22 and'
395 1639 47 22 that
457 1639 16 22 I'
489 1639 102 22 consider
606 1638 51 22 that'

69 1664 69 22 cured
146 1665 54 22 with
210 1665 37 22 the
257 1665 94 23 colonial
361 1665 43 23 salt
415 1669 23 19 to
447 1666 29 23 be
485 1668 44 20 also
533 1667 128 26 preferable*

70 1693 22 19 to
102 1693 35 20 the
146 1693 50 24 beef
200 1694 92 20 received
292 1693 63 26 from
363 1694 105 27 England,
479 1694 65 21 while
561 1695 49 20 that
619 1700 35 15 re-

69 1719 79 22 ceived
161 1719 51 26 last,
221 1720 69 27 being
305 1720 37 22 the
357 1721 71 22 salted
440 1721 65 22 'meat
519 1724 49 19 sent
577 1723 38 19 out
624 1720 37 27 by'

69 1745 37 23 the
117 1746 140 27 Victualling
266 1747 82 27 Board;
356 1747 110 28 appeared
476 1751 23 19 to
509 1755 36 14 me
556 1747 37 22 the
600 1748 50 20 least

207 1774 24 21 in
248 1774 91 28 quality,
360 1774 126 22 but*which
505 1775 71 27 might
595 1773 63 23 arise'

69 1800 57 22 from
135 1804 29 18 its
173 1799 84 28 having
266 1801 56 22 been
330 1801 77 27 longer
416 1801 74 23 cured.

287 1832 11 23 I
308 1832 66 28 have,
386 1834 50 26 &c,

322 1861 81 21 Peter,
412 1860 97 26 Fisher,
522 1861 104 27 Captain.

99 1892 41 22 His
149 1893 136 28 Excellency
293 1893 60 23 Rear
362 1895 102 22 Admiral

179 1920 33 22 Sii
222 1921 27 21 E.
260 1921 77 28 Owen,
349 1921 93 28 X.C.8.,
454 1922 48 27 &c,
513 1922 47 27 &c,
572 1922 40 22 &c.

99 1973 26 23 In
136 1973 119 23 obedience
266 1978 22 18 to
298 1982 29 14 an
338 1976 64 21 order
412 1976 57 21 from
485 1976 66 22 Peter
566 1975 85 28 Fisher,

71 1999 61 29 Esq.,
140 2001 93 26 Captain
243 2002 26 21 of
275 2001 34 22 his
316 2002 118 27 Majesty's
440 2003 50 27 ship
497 2004 154 26 Southampton,

69 2026 183 23 dated-.the-llth
264 2028 93 27 instant,
368 2036 33 15 we
415 2029 58 22 have
488 2030 65 22 made
565 2030 39 22 the
615 2037 39 15 ex-

69 2052 70 26 perfm
138 2052 7 6 r
141 2053 39 20 ent
195 2051 98 23 directed
302 2054 30 26 by
341 2054 36 21 his
391 2055 135 26 Excellency
535 2055 39 21 the
589 2056 65 21 Com-

70 2077 210 27 mander-in-:Chief,
297 2086 29 14 on
341 2079 38 22 the
396 2080 56 26 beef,
469 2080 38 22 the
522 2080 95 28 produce
632 2081 26 21 of

71 2104 57 22 New
144 2105 70 23 South
231 2105 80 26 Wales,
324 2105 43 26 and
381 2106 57 22 have
447 2107 118 27 compared
576 2107 19 22 it
603 2107 52 22 with

70 2131 95 27 English
176 2130 51 24 beef
235 2133 101 21 received
351 2132 58 22 from
426 2133 89 22 Messrs.
526 2133 128 23 Arbuthnot

71 2159 45 21 and
126 2158 47 27 Co.,
182 2159 126 27 purchased
318 2159 29 27 by
362 2160 60 22 them
433 2168 29 14 on
477 2164 97 18 account
584 2161 25 21 of
616 2161 38 22 the

71 2185 87 27 Crown,
168 2185 26 23 in
208 2186 67 27 April
288 2186 54 27 last,,
349 2193 24 15 as
383 2187 52 21 well
447 2194 24 14 as
481 2187 53 22 with
545 2187 49 22 that
602 2195 52 20 sup-

70 2211 60 28 plied
145 2212 30 27 by
186 2211 37 23 the
241 2216 77 23 agents
334 2216 22 18 at
371 2213 97 28 Madras,
480 2221 41 14 on.
527 2218 95 18 account
632 2215 25 22 of

71 2238 36 22 the
118 2253 2 6 ,
132 2239 183 23 Commissioners
335 2240 36 22 for
395 2240 142 28 Victualling,
560 2241 94 23 marked

73 2265 127 28 (Deptford,
210 2267 72 26 1829,)
296 2265 46 23 and
356 2274 32 14 we
403 2267 57 22 have
476 2268 140 31 the^honour
631 2275 22 15 to

71 2289 54 25 send
139 2292 38 22 the
193 2293 115 27 following
321 2293 80 23 results
415 2302 24 14 as
457 2298 21 18 to
494 2289 38 28 the
547 2300 67 17 wa&te
624 2303 28 14 on

71 2319 61 26 each,
142 2319 24 22 in
175 2319 93 28 boiling,
277 2320 158 27 accompanied
445 2321 52 22 with
507 2329 40 14 our
552 2323 101 21 remarks

71 2352 28 16 on
109 2342 58 26 their
175 2348 124 27 respective
309 2348 84 22 merits.

154 2393 131 18 SEPARATE.
289 2394 94 18 TRIALS.

151 2731 136 18 CONJOINED
298 2733 93 17 TRIALS.

98 2862 23 21 It
130 2862 45 22 will
184 2862 28 22 be
222 2862 108 23 observed
344 2862 49 23 that
402 2864 37 21 the
450 2864 103 22 decrease
563 2872 29 15 on
599 2865 56 23 both

70 2888 62 23 trials
142 2888 19 23 is
170 2889 82 27 nearly,
257 2889 66 27 equal
332 2889 23 22 in
367 2889 36 22 the
419 2890 110 27 Deptford
541 2891 114 26 and'-rAus-

71 2916 79 22 tralian
169 2916 55 22 beef
233 2916 69 21 cured
318 2916 54 22 with
388 2916 118 29 Liverpool
520 2912 134 34 salt^fyhile

69 2943 49 22 that
127 2942 123 27 purchased
264 2942 31 27 by
306 2943 90 22 Messrs.
407 2944 129 22 Arbuthnot
552 2945 50 29 and;
602 2945 50 29 Co.,

69 2970 44 21 lost
122 2966 38 25 the
172 2973 65 18 most.
267 2969 41 22 We
323 2976 37 15 are
375 2970 81 22 unable
473 2975 22 17 to
510 2975 101 21 account;
617 2974 38 21 for

70 2996 38 22 the
118 2996 105 28 diversity
232 2996 23 22 in
265 2996 38 22 the
313 2998 155 26 experiments,
480 3005 24 15 as
514 2999 93 27 regards'
615 3000 37 23 the

69 3023 56 23 beef
134 3022 68 23 cured
211 3022 54 23 with
273 3022 38 23 the
323 3024 101 22 Colonial
433 3024 49 23 salt.
511 3025 35 23 On
559 3022 38 26 tlie
606 3027 48 23 first

70 3050 102 23 occasion
181 3050 28 22 its
217 3050 47 22 loss
269 3057 46 15 was
325 3050 68 23 about
403 3053 35 20 1-1
441 3052 13 22 2
454 3052 26 22 th
489 3052 43 23 less
541 3052 54 24 than
600 3053 55 26 ,that

69 3077 68 23 cured
146 3076 54 23 with
210 3077 119 27 Liverpool
337 3078 43 22 salt
402 3078 73 23 whilst
483 3086 30 14 on
522 3079 38 23 the
570 3082 84 22 second

69 3105 30 21 its
107 3107 68 19 waste
186 3111 44 15 was
238 3103 79 29 nearly
327 3104 64 24 equal
400 3107 23 19 to
433 3104 49 24 that
490 3107 126 26 purchased
623 3109 31 28 by-

71 3132 91 22 Messrs.
172 3130 181 22 Arbuthnotand
363 3132 38 20 Co.
421 3132 41 21 We
468 3137 66 24 must,
542 3133 110 30 however,

69 3158 98 26 remark,
183 3156 50 23 that
246 3157 37 22 the
289 3170 4 4 •
299 3156 43 28 bag
356 3157 72 23 which
443 3159 119 23 contained
575 3161 19 22 it
609 3163 52 28 was|

69 3185 131 22 undermost
211 3184 25 21 in
252 3183 40 22 the
306 3191 97 20 coppers,
420 3184 46 22 and
481 3185 37 23 the
534 3187 120 24 additional

69 3218 99 21 pressure
179 3210 71 28 might
259 3210 24 22 in
299 3217 61 15 some
374 3216 101 17 measure
491 3212 65 23 affect
572 3215 38 21 the
620 3215 34 23 di-

70 3239 125 27 minution;
211 3236 69 23 anda
295 3237 120 23 difference
429 3238 28 21 of
466 3245 84 20 age.-or
563 3241 53 22 food
630 3243 27 21 of

70 3265 38 23 the
118 3265 84 23 animal
211 3264 51 22 -will
278 3264 113 28 naturally
406 3265 125 28 materially
542 3267 60 23 alter
616 3269 38 23 the

60 3312 1 5 .
71 3292 90 27 solidity
170 3292 27 22 of
207 3292 38 21 the
253 3290 64 24 flesh.
325 3306 3 3 -
347 3291 22 22 It
378 3292 18 21 is
405 3291 48 22 also
461 3299 118 22 necessary
588 3298 22 18 to
619 3302 35 15 re-

72 3318 70 28 mark,
158 3318 49 22 that
220 3318 55 22 both
291 3318 39 26 the
346 3318 96 28 samples
458 3319 27 21 of
494 3319 94 27 English
603 3321 54 23 beef

69 3344 58 23 have
141 3346 58 22 been
214 3345 156 28 considerably
385 3345 78 28 longer
476 3346 24 22 in
518 3346 71 28 pickle
599 3347 54 24 than

70 3371 63 23 those
142 3372 56 23 from
209 3372 99 28 Sydney.
371 3388 4 3 -
448 3387 4 3 •

99 3405 42 22 We
156 3413 37 15 are
208 3406 26 22 of
249 3406 106 28 opiriion,,
362 3406 49 23 that
425 3406 37 23 the
476 3407 60 23 beef'
548 3408 69 22 cured
629 3408 25 23 in

72 3432 55 22 New
137 3433 71 23 South
216 3433 76 22 Wales
300 3428 53 27 with
363 3433 121 29 Liverpool
492 3435 43 22 salt
542 3434 42 23 has
593 3442 14 15 a
616 3436 38 21 de-

71 3459 64 22 cided
143 3459 134 27 preference'
281 3467 54 15 over
342 3460 131 25 ;that.cured
482 3461 170 29 with-Colonialj

72 3493 23 15 B8
94 3502 8 16 (
114 3486 108 28 although
229 3486 26 22 in
264 3493 14 14 a
286 3486 87 28 perfect
387 3491 56 18 state
461 3488 26 22 of
496 3489 156 28 preservation,

71 3512 19 22 it
104 3520 44 15 was
161 3517 69 18 more'
236 3513 71 27 juicy,
322 3513 46 22 less
381 3513 69 23 saline
464 3514 46 23 and
520 3514 68 29 .hard*
600 3516 60 23 than-

72 3539 70 22 either
152 3540 25 22 of
187 3540 39 24 the
240 3539 83 23 others,
335 3548 6 5 •
350 3540 48 22 The
415 3541 103 28 qualities
527 3542 26 22 of
565 3543 37 22 the
613 3544 41 21 Co-

70 3565 70 23 lonial
149 3566 49 28 salt,
206 3574 25 15 as
240 3566 120 27 compared
369 3566 53 23 with
428 3568 38 22 the
470 3568 57 23 beef
531 3568 124 29 purchased

69 3591 32 29 by
222 3592 131 24 Arbuthnot
371 3594 44 22 and
422 3595 59 25 .'Co.:
553 3596 101 23 consider

73 3619 135 29 equivalent;
219 3620 50 22 that
277 3622 51 20 sent
336 3623 40 19 out
384 3620 32 28 by
423 3620 38 23 the
471 3622 182 24 Commissioners

60 3670 3 3 .
74 3645 32 23 for
115 3647 127 27 victualling
251 3647 66 26 ipfar
325 3647 90 26 inferior
423 3649 24 20 in
455 3655 61 21 every
524 3652 88 24 respect.

100 3680 27 22 In
135 3681 37 22 the
183 3685 66 19 event
259 3681 25 23 of
290 3681 29 24 its
327 3682 73 27 being,
405 3682 94 25 deemed
508 3684 113 23 advisable
629 3688 23 19 to

75 3706 62 23 make
151 3707 38 23 the
205 3708 139 29 experiment
356 3712 38 20 oir
403 3717 13 15 a
430 3709 61 29 large
506 3711 72 28 scale,-
589 3718 25 15 or
630 3716 22 18 to

76 3734 73 31 supply
157 3735 55 22 beef
216 3735 59 23 from
284 3736 57 22 New
350 3736 57 22 New
417 3737 70 23 South
497 3738 77 22 Wales
581 3738 24 22 to
613 3738 41 24 her

77 3760 112 28 Majesty's
195 3761 62 29 ships
266 3769 30 15 on
306 3763 44 22 this
366 3763 88 28 station,
465 3764 46 23 and
527 3765 49 22 that
589 3766 64 21 Colo-

74 3785 46 22 nial
128 3787 40 22 salt
175 3787 37 23 be,
214 3789 55 23 used
278 3789 35 23 for
328 3790 30 22 its
369 3797 58 20 cure,
438 3797 33 16 we
487 3791 73 23 would
569 3799 83 15 recom-

76 3812 66 22 mend
150 3814 69 29 tha^a
227 3815 88 24 weaker
322 3815 74 30 pickle
406 3817 27 21 be
440 3817 116 30 employed
563 3819 34 22 for
607 3819 47 22 that

74 3845 98 25 purpose,
182 3848 24 16 as
219 3841 18 23 it
250 3850 72 16 seems
337 3843 27 23 of
380 3850 13 15 a
404 3847 102 25 puHgent
523 3845 46 23 and
579 3853 74 20 .pene-

75 3867 81 25 trating
163 3871 85 21 nature;
264 3869 35 23 'It
312 3873 60 19 must
385 3870 29 22 be
423 3870 47 24 also
480 3872 92 22 evident
580 3874 47 21 that
635 3873 19 21 it

68 3893 50 20 ■will
126 3893 29 20 be
168 3899 114 24 necessary
292 3899 23 20 to
323 3897 28 21 be
367 3897 84 22 careful
469 3898 27 22 of
506 3899 37 21 the
558 3906 42 21 age
609 3899 45 22 and

73 3920 85 26 quality
168 3920 26 21 of
255 3927 61 19 meat
330 3923 98 23 selected
440 3923 35 23 for
483 3931 24 16 so
516 3925 84 23 distant
607 3925 46 22 and

73 3946 92 28 tropical
175 3952 14 15 a
198 3947 92 25 climate.
334 3954 3 6 '
465 3958 5 4 -
497 3954 21 19 '?■.?
518 3958 3 3 ■
530 3967 4 3 .
557 3964 32 7 .
598 3947 7 6 *

673 160 3 12 4
709 141 72 23 Given
796 141 72 23 under
882 139 105 26 our-£bwn
1001 142 79 27 hands,
1097 147 30 17 dn
1143 141 69 23 board
1224 141 39 21 the

734 165 156 30 Southampton,
901 172 24 19 at
937 169 102 28 se'a>2lst
1049 169 88 28 March,
1149 169 59 21 1841:

681 193 34 23 M.
734 195 99 23 Thomas
840 195 12 27 '
852 195 63 27 Hate,
937 196 98 29 Actlng-i

708 221 153 28 Commander,
881 224 5 6 *
1136 241 3 4 ,

680 246 26 23 T.
716 247 29 22 D.
757 249 99 26 Stewart,
864 248 143 29 -Lieutenant,
1030 243 5 28 I
1048 250 33 23 Of
1086 248 91 23 H.M.S.
1187 247 75 21 South-

680 273 96 23 Thomas
786 274 58 27 Bull,
858 275 92 28 Master,
1074 278 91 25 ampton.

680 299 90 23 Charles
783 301 116 27 Kennedy,
910 303 107 28 Surgeon,

680 325 36 24 W.
726 326 31 22 H.
772 327 78 28 Breay,
864 328 96 23 Purser-
1021 323 13 19 J
1158 346 7 5 ,
1217 352 2 5 ,

713 360 23 23 A
749 368 61 17 more
822 367 75 18 recent
908 364 103 24 instance
1023 364 26 23 of
1064 362 125 26 successful
1205 362 53 24 salt-

679 392 40 31 ing
736 392 41 24 has
795 393 50 32 just
863 402 48 17 noy
931 404 64 15 come
1016 401 23 18 to
1062 405 41 16 our
1118 395 141 31 knowledge.

680 425 62 31 Fifty
754 431 51 19 tons
818 427 25 23 of
846 428 60 23 -beef-
913 436 59 16 were
975 429 80 28 jsalted
1066 430 45 23 last
1118 436 55 24 year
1181 428 35 24 for
1223 429 38 22 the

680 458 155 26 Gpvernment
845 465 120 26 contracts,
974 461 38 25 the
1022 463 44 23 salt
1076 463 58 23 used
1139 461 35 24 for
1181 461 81 31 curing

678 491 70 31 being
762 491 128 33 Liverpool,
904 494 44 23 and
963 494 42 24 for
1017 495 119 31 packing,.
1141 493 120 31 Liverpool

679 524 44 24 and
741 525 56 24 rock
815 525 45 25 salt
877 527 83 30 mixed,
983 527 38 25 the
1038 528 68 24 latter
1125 527 68 31 being
1211 527 50 23 first

678 558 113 30 pounded.
827 559 58 24 This
895 560 100 24 mixture
1007 568 45 17 was
1064 560 101 25 resorted
1176 564 23 19 to
1211 567 26 16 as
1248 567 13 16 a

679 592 121 23 substitute
819 592 37 24 for
873 592 35 24 St.
930 593 81 30 Übe's,
1024 594 75 24 which
1118 600 44 17 was
1181 597 41 19 not
1238 597 23 19 at

679 623 49 24 that
739 625 54 22 time
812 629 23 18 to
846 626 29 23 be
890 625 47 24 had
955 627 24 23 in
997 626 39 24 the
1049 625 90 33 colony.'
1173 626 34 23 Of
1223 626 37 23 the

679 656 72 24 whole
763 658 102 31 quantity
878 658 24 24 of
904 659 59 25 .beef
972 668 25 14 so
1010 660 75 29 cured,
1099 661 38 23 the
1148 659 76 24 Board
1237 658 25 24 of

680 690 96 32 Survey,
798 695 23 19 at
836 691 38 24 the
892 692 45 23 end
948 692 26 24 of
989 692 80 25 twelve
1080 692 98 30 months,
1190 691 71 24 found

680 722 53 31 only
745 731 43 15 one
799 724 56 24 cask
872 725 182 31 objectionable,.
1058 731 39 19 not
1118 727 56 23 from
1191 725 70 30 being

678 756 69 31 badly
758 757 75 29 cured,
845 758 41 23 but
902 759 37 22 for
957 759 69 31 being
1040 759 61 31 bony
1111 759 44 24 and
1168 759 92 23 inferior

680 794 68 19 meat.

712 828 44 25 We
768 837 51 24 may
832 830 111 24 therefore
954 832 80 31 regard
1045 833 56 30 i£as
1113 840 14 16 a
1138 832 130 28 wellesta-:,

678 862 89 24 Wished
778 865 71 29 point,
862 864 47 23 that
921 872 33 15 we
972 873 43 16 can
1035 865 97 32 produce
1150 865 44 23 salt
1210 865 53 23 beef

673 896 32 39 Ipf
713 893 111 27 first-rate
836 897 98 32 quality,,
941 898 45 23 and
996 899 28 23 fit
1033 899 36 23 for
1085 899 141 31 exportation
1238 902 22 18 to

673 921 127 50 |any>fcpart
812 931 24 22 of
853 927 135 28 theiWorld-;
1024 931 24 24 It
1069 933 100 22 remains
1186 936 23 18 to
1233 930 27 23 be

680 957 199 36 cqust^red'how
889 964 46 23 this
946 970 52 25 may
1009 965 29 23 be
1049 965 66 29 done,
1113 972 4 7 1
1127 972 29 17 on
1168 973 13 15 a
1198 964 63 30 large

680 995 67 30 scale,
760 997 23 23 in
803 997 39 23 the
859 1002 61 19 most
939 997 139 25 economical
1096 999 44 24 and
1158 996 102 25 effectual

680 1036 136 18 manner/^—
817 1028 89 33 Sydney,
917 1028 114 35 Morning
1038 1028 13 29 '
1051 1028 106 29 Heraldic
1167 1041 13 10 --

702 1072 29 20 To
741 1072 35 20 the
783 1072 90 22 Editors
881 1072 27 26 of
913 1073 37 20 the
958 1073 82 26 Sydney
1049 1074 101 26 Morninff
1157 1072 90 33 Hfrald.

708 1103 182 29 Gentlemen,—
891 1104 23 22 lt
919 1105 76 26 .being
1013 1105 116 28 generally
1147 1103 112 27 admitted,

680 1129 47 23 that
747 1132 26 21 to'
788 1131 65 22 avoid
869 1131 94 27 distress,
983 1131 38 22 the
1041 1132 104 22 colonists
1165 1133 27 20 of
1207 1131 55 22 New

681 1157 70 23 South
763 1156 84 23 Wales'
854 1157 80 23 should
948 1164 50 16 now
1014 1159 59 22 avail
1088 1158 133 23 themselves
1240 1157 26 22 of

673 1183 118 23 •labourers
801 1184 58 22 from
875 1183 37 23 the
922 1187 90 19 nearest
1026 1192 26 14 or
1062 1190 58 17 most
1129 1185 133 25 convenient

680 1210 149 33 markely'and
838 1209 118 28 therefore,
967 1210 49 22 that
1030 1216 39 17 we'
1080 1211 79 23 should
1175 1214 23 20 at
1207 1218 54 15 once

679 1239 34 20 set
727 1238 66 31 abgut
809 1237 36 22 the
861 1237 142 28 importation
1014 1237 25 22 of
1047 1238 96 28 .Coolies',
1156 1238 11 22 I
1181 1239 45 26 beg
1238 1241 23 18 to

678 1263 65 32 point
751 1267 39 19 out
805 1271 14 14 a
828 1263 87 23 nearer'
923 1263 46 23 and
984 1264 91 29 readily'
1079 1265 108 22 available
1200 1264 65 32 place

680 1287 80 31 wh'erej
772 1290 92 22 Idoubt
871 1293 46 24 not,
923 1310 5 7 t
928 1297 32 15 we
970 1291 71 29 could,
1047 1292 75 22 obtain
1131 1299 13 15 a
1151 1292 112 22 consider-

680 1316 160 23 able-addition
856 1320 22 20 to
893 1324 41 15 our
948 1317 117 29 labouring
1078 1318 134 29 population,
1223 1320 45 20 not'

680 1345 27 21 of
719 1344 93 27 Coolies,
830 1344 41 22 but
885 1344 26 22 of
927 1350 40 16 our
981 1351 49 16 own
1045 1350 153 24 countrymen,
1216 1345 45 22 and

680 1371 48 21 that
737 1370 63 29 place
809 1371 19 21 is
836 1369 57 24 New
903 1370 107 24 Zealand.

707 1405 34 27 By
760 1399 36 28 the
814 1404 44 23 last
875 1404 104 24 received
995 1410 112 25 accounts,
1127 1409 19 21 it
1151 1414 110 21 .appears,

680 1431 49 22 that
744 1431 77 27 while,
826 1439 13 14 a
852 1432 94 22 number
955 1432 24 22 of
995 1441 76 20 young
1087 1434 99 24 convicts
1204 1434 57 22 have

679 1458 58 22 been
748 1462 48 19 sent
802 1458 68 28 there,
878 1458 91 30 thqfree
978 1459 114 24 labourers
1099 1469 37 15 are
1147 1461 116 28 employed

680 1489 23 18 to
713 1485 70 22 break
793 1489 73 18 stones
874 1483 105 29 fdt^-little
996 1494 61 16 more
1073 1488 54 23 than
1136 1488 57 22 their
1202 1488 60 22 food.

680 1512 23 21 It
712 1512 79 27 would,
809 1512 116 27 therefore,
935 1513 28 22 be
974 1514 127 29 essentially
1114 1513 121 25 beneficial'
1240 1518 23 18 to

681 1538 72 27 these,
758 1540 143 22 unfortunate
917 1540 85 28 people,
1019 1548 42 15 our
1075 1544 154 25 countrymen,
1245 1541 21 22 if

680 1566 61 22 those
751 1569 58 19 most
817 1566 25 22 in
852 1570 59 18 want
918 1566 26 22 of
950 1567 69 23 hands
1029 1568 61 27 here,
1097 1568 74 24 would
1177 1569 87 21 charter

680 1600 14 14 a
701 1592 82 35 Vessel^
792 1593 44 22 and
846 1592 53 23 send
910 1593 40 22 her
960 1597 23 18 to
992 1594 58 22 New
1059 1595 106 26 Zealand,
1176 1598 23 19 to
1211 1595 53 22 offer

680 1627 17 14 a
703 1620 47 22 free
764 1627 92 21 passage
871 1622 21 20 to
902 1620 30 22 all
950 1621 48 21 who
1009 1621 41 23 felt
1063 1622 102 29 disposed
1179 1626 23 18 to
1216 1622 47 22 hire

680 1646 134 23 themselves
822 1649 25 19 at
857 1647 60 27 good
927 1646 78 29 wkges,
1016 1653 23 17 to
1056 1656 44 21 any
1110 1656 90 21 persons
1209 1648 55 22 will-

679 1674 40 27 ing
734 1677 23 18 to
767 1674 88 27 employ
863 1674 63 22 them
933 1674 62 28 here,
1006 1675 53 28 they
1070 1674 104 29 agreeing
1184 1679 21 19 to
1214 1682 44 21 pay

680 1703 38 19 out
727 1701 28 21 of
761 1700 56 22 their
826 1708 70 20 wages
906 1701 38 23 the
954 1705 47 18 cost
1010 1702 26 22 of
1043 1703 58 21 their
1108 1709 99 22 passage.

709 1728 67 22 From
786 1728 59 21 what
854 1728 11 22 I
873 1735 42 15 can
923 1728 62 22 learn
996 1729 26 21 of
1032 1729 38 23 the
1087 1729 101 28 hopeless
1203 1736 62 21 pros-

680 1757 52 29 pect
740 1755 27 21 of
776 1753 116 29 labouring
900 1755 81 28 people
993 1756 114 27 receiving
1120 1756 59 27 good
1193 1763 72 20 wages

680 1788 24 14 in
723 1782 56 21 New
796 1781 109 28 .Zealand,
924 1781 11 21 I
951 1782 44 21 feel
1013 1783 121 27 confident,
1155 1782 48 22 that
1221 1783 44 22 this

680 1808 73 22 would
762 1808 28 22 be
798 1816 13 14 a
821 1815 52 20 very
882 1809 165 22 remunerative
1062 1810 42 27 trip
1120 1811 34 21 for
1162 1816 45 21 any
1216 1809 49 26 .dis-

679 1835 176 28 posable,vessel,
871 1842 56 14 even
933 1854 3 6 ,
943 1836 120 27 supposing
1077 1837 49 22 that
1137 1843 24 15 as
1176 1844 13 14 a
1204 1844 61 15 mere

680 1862 137 23 marketable
826 1862 159 27 commoditity,
1003 1863 73 22 which
1089 1863 79 23 labour
1181 1863 24 22 in
1222 1863 44 23 this

681 1888 68 28 shape
758 1891 59 21 must
825 1889 28 21 be
864 1886 138 31 considered,
1012 1889 32 23 all
1052 1890 92 28 charges
1154 1897 55 15 were
1225 1890 41 22 left

680 1915 94 28 payable
788 1916 31 27 by
833 1923 45 20 any
892 1916 82 28 parties
989 1916 53 22 here
1056 1916 103 31 disposed
1177 1921 23 17 to
1218 1917 48 22 hire

680 1940 56 24 such
744 1943 138 26 immigrants
891 1950 31 14 on
931 1943 57 21 their
1004 1943 86 24 arrival.
1129 1940 12 26 I
1155 1943 55 23 shall
1226 1947 41 19 not

681 1972 95 25 trespass
783 1977 29 15 on
822 1977 56 20 your
887 1970 103 22 valuable
1000 1978 64 21 space
1073 1972 92 25 further,
1175 1971 53 22 than
1236 1971 30 27 by

680 1997 85 27 merely
776 1997 208 27 observing,'thafit
993 1998 19 22 is
1028 1998 53 27 only
1096 1999 43 21 fair
1156 2001 21 18 to
1193 1997 73 23 immi-

680 2027 76 22 grants
767 2024 47 22 who
824 2023 56 23 have
890 2031 64 15 come
963 2031 25 15 so
1002 2024 42 27 far,
1061 2026 50 21 that
1125 2031 14 16 ft
1154 2025 75 26 vessel,
1242 2032 25 15 or

679 2053 44 17 two
732 2050 81 20 should
821 2051 28 19 be
854 2050 56 20 .thus
920 2051 117 25 employed
1047 2055 23 16 to
1084 2051 184 26 proportion-.the-

680 2074 80 28 supply
770 2078 21 17 to
802 2074 38 21 the
850 2072 98 24 demand
955 2075 34 21 for
997 2076 59 22 their
1068 2076 86 25 labour,
1164 2075 53 22 and.
1219 2076 48 22 that

680 2100 54 28 they
742 2100 77 23 should
828 2104 41 19 not
877 2101 28 22 be
915 2101 93 22 without
1016 2102 38 21 the
1063 2109 78 15 means
1156 2102 25 21 of
1193 2109 73 20 carry-

672 2123 2 15 1
680 2128 67 26 ing.it
756 2131 23 18 to
788 2128 38 21 the
836 2128 46 21 best
894 2128 90 22 market.
1013 2128 79 22 Those'
1096 2129 50 22 who
1155 2128 108 24 advocate

681 2154 46 21 free
737 2154 61 22 trade
808 2154 57 22 have
875 2154 87 22 neither
967 2154 59 22 been
1032 2155 100 23 inactive
1139 2155 23 21 in
1172 2156 94 27 sending

680 2188 42 15 our
729 2184 148 25 countrymen
889 2185 24 18 to
929 2182 57 22 New
995 2182 108 28 Zealand,
1124 2189 41 16 nor
1179 2182 53 23 slow
1243 2186 22 18 to

680 2208 144 22 recommend
842 2208 24 27 it,
882 2208 53 22 and*
943 2208 109 23 Adelaide
1068 2213 45 24 too,
1132 2212 23 18 at
1172 2209 39 22 the
1228 2217 38 15 ex-

680 2234 68 49 feriae
758 2236 25 20 of
794 2235 44 22 this
852 2234 62 22 older
928 2236 87 26 colony.
1054 2236 36 22 On
1101 2237 38 21 the
1155 2239 109 25 contrary,

704 2262 84 22 believe
798 2262 49 22 that
855 2262 42 22 this
903 2262 87 27 .colony
995 2262 42 23 has
1051 2262 102 24 suffered-
1159 2263 69 23 much
1240 2270 25 16 in

680 2289 74 27 public
764 2288 125 22 estimation
899 2291 24 19 at
929 2289 68 22 home
1004 2297 5 19 ;
1025 2290 57 22 from
1097 2291 46 21 the'
1152 2297 114 20 represen-

682 2315 68 23 tation
761 2316 23 21 of
797 2316 86 27 parties,
899 2316 141 25 .determined,
1054 2320 22 18 to
1091 2316 112 27 establish,
1222 2317 44 22 and

680 2342 89 28 latterly
778 2345 23 19 to
808 2342 81 22 bolster
897 2350 37 20 up,
946 2343 70 22 South
1025 2344 114 22 Australia
1149 2343 45 25 and
1209 2344 56 22 New

681 2369 98 23 Zealand
788 2377 24 15 as
817 2370 105 23 colonies,
930 2370 31 27 by
970 2378 67 20 every
1046 2368 57 25 sucK
1110 2368 77 26 meSns
1195 2378 5 19 ;
1219 2371 48 22 that

681 2396 56 22 after
765 2396 85 22 various
873 2397 45 21 and
941 2397 154 23 unsucoessful
1118 2401 103 24 attempts
1243 2401 23 19 to

682 2427 128 18 counteract
814 2423 61 28 .their
884 2424 53 22 base
951 2423 47 26 and
1014 2424 82 23 selfish-
1105 2422 107 29 schemes,
1228 2432 38 19 my

682 2450 52 27 only
744 2450 133 23 consolation
885 2450 41 22 has
934 2451 58 22 been
1002 2450 172 33 thje,bope,.thflt,
1182 2451 83 28 finally,

682 2484 40 15 our
730 2478 72 22 better
810 2477 64 23 know
883 2477 46 23 and
938 2477 59 23 tried
1006 2477 86 29 colony,
1104 2478 72 23 would
1191 2478 75 24 obtain

680 2511 61 15 some
751 2504 92 22 amends
852 2504 23 22 in
885 2504 44 22 this
939 2505 75 27 shape,
1031 2505 29 28 by
1074 2505 39 23 the
1128 2504 100 23 addition
1242 2507 23 20 to

680 2531 29 22 its
718 2531 105 22 numbers
832 2531 25 22 of
868 2538 59 16 some
943 2531 26 23 of
979 2532 65 22 those
1059 2533 138 25 immigrants
1211 2531 53 23 -who

681 2557 46 23 had
746 2559 56 21 been
821 2557 97 23 induced
936 2562 22 19 to
984 2559 65 25 think
1073 2559 151 28 employment
1238 2559 26 21 in

682 2585 69 21 South
762 2585 111 22 Australia
887 2592 45 15 was
944 2593 24 15 as
970 2598 4 13 ;
977 2604 4 4 .
983 2586 70 27 easily
1071 2586 153 32 to^be.jfpund
1242 2592 24 15 as

681 2612 22 21 in
711 2611 58 23 New
777 2611 80 26 South.
857 2611 83 28 Wales,
951 2613 46 22 and
1005 2613 82 28 capital
1095 2610 89 32 Equally
1193 2613 70 22 abun-

682 2638 54 23 dant
745 2641 24 19 at
776 2639 55 22 Port
840 2638 122 23 Nicholson
973 2640 46 22 and
1028 2640 59 23 Port'
1091 2635 106 28 Jackson;
1205 2638 12 11 w

817 2665 13 22 I
837 2665 93 28 remain,
943 2667 141 27 Gentlemen,
1163 2674 10 9 ■*
1181 2686 7 4 ,

882 2692 63 26 Your
955 2694 106 23 obedient
1070 2697 93 24 servant,
1179 2693 21 23 J.
1212 2694 26 22 B.

693 2735 4 4 -
709 2724 53 27 [We
772 2724 99 27 disagree
883 2724 56 23 with
953 2721 46 26 our'
1010 2725 191 29 correspondent's
1216 2733 50 19 sug-

682 2752 85 26 gestion
776 2759 5 19 ;
796 2751 20 22 it
833 2751 74 22 would
920 2752 29 23 be
963 2752 181 28 unneighbourly
1151 2756 24 19 to
1190 2755 36 19 act
1242 2759 25 15 as

682 2778 114 28 proposed.
810 2785 6 4 ~
826 2778 24 22 If
863 2778 61 23 there
935 2779 81 24 should
1024 2780 29 23 be
1063 2788 14 14 a
1086 2787 53 20 very
1149 2782 63 25 great
1222 2779 44 22 dis-

681 2805 126 26 proportion
822 2804 101 23 between
938 2806 38 22 the
991 2810 48 19 rate
1050 2808 27 21 of
1084 2813 71 22 wages
1170 2806 25 22 in
1211 2806 56 22 New

683 2831 98 22 Zealand
791 2831 45 22 and
847 2832 26 21 in
887 2832 44 23 this
946 2833 88 29 cblony,
1044 2841 34 15 we
1087 2834 59 22 have
1155 2840 30 15 no
1195 2833 73 22 doubt'

682 2857 59 22 that.
748 2857 61 23 there
824 2858 44 22 will
885 2860 30 21 be
930 2867 78 16 means
1021 2861 71 22 found
1111 2861 31 27 by
1156 2867 68 20 many
1243 2864 23 17 to

682 2891 89 15 remove
794 2885 130 22 theniselves
946 2890 23 18 to
972 2894 2 6 1
994 2887 38 22 the
1056 2895 62 15 more
1137 2886 129 23 favourable

682 2911 95 27 locality.
806 2911 47 22 The
862 2919 79 20 papers
950 2914 103 22 received
1062 2915 58 22 from
1135 2914 57 22 New
1209 2914 56 22 Zea-

682 2938 54 22 land
750 2940 29 20 do
788 2942 42 19 not
837 2944 113 21 represent
959 2940 38 22 the
1006 2942 79 27 people
1096 2946 22 17 to
1129 2940 26 22 be
1165 2948 25 15 so
1199 2940 69 29 badly

682 2965 34 22 off
728 2973 26 14 as
769 2965 19 22 is
803 2966 71 21 stated
894 2966 29 27 by
941 2974 41 15 our
999 2967 183 29 correspondent.
1183 2978 29 6 —
1212 2968 54 22 Eds.

682 2992 82 27 Sydney
771 2994 105 26 Morning-

708 3027 161 23 Te'etotalism
879 3034 28 16 .v.
927 3029 177 25 Christianity.
1105 3040 27 5 —
1134 3029 31 22 At
1186 3037 14 14 a
1222 3029 44 23 late

673 3054 142 28 .mee.tingjof
824 3055 32 22 St.
872 3051 110 27 Patrick's
996 3056 65 22 Total
1075 3055 137 24 Abstinence
1228 3057 39 21 So-

672 3092 2 5 •
681 3081 65 30 ciety;,
757 3082 38 22 the
803 3081 113 28 following
929 3082 122 23 resolution
1058 3091 48 14 vas
1115 3083 108 28 adopted:
1225 3094 28 5 —

678 3112 146 35 .^That^n
834 3114 162 23 consideration
1007 3114 28 23 of
1045 3115 37 22 the
1092 3118 63 25 great
1169 3115 47 22 and
1224 3122 42 15 un-

681 3140 213 28 CMsing-'exertions
903 3141 26 22 of
939 3142 38 21 the
989 3142 55 23 Rev.
1063 3143 45 22 Mr.
1127 3142 97 28 Farrely,
1242 3142 24 23 in

680 3165 172 37 p^motihpthe
864 3168 102 23 interests
976 3169 47 22 and
1032 3169 84 28 objects
1125 3168 25 22 of
1164 3170 31 21 St.
1214 3170 50 21 Pat-

680 3194 67 23 rick's
760 3194 70 23 'Total
843 3194 139 23 Abstinence
998 3196 96 30 Society,
1110 3196 61 23 since
1184 3196 30 22 he
1228 3196 39 22 be-

681 3228 62 16 came
752 3220 38 23 the
802 3221 122 28 President,
941 3222 29 22 he
969 3226 3 8 1
978 3222 24 23 is'
1007 3223 93 23 entitled
1109 3227 22 18 to
1145 3230 13 15 a
1168 3222 98 23 testimo-

680 3248 45 22 nial
733 3248 26 22 of
764 3255 41 15 our
812 3251 92 25 respect,
915 3248 54 23 sush
979 3256 23 15 as
1009 3250 45 22 will
1061 3250 29 22 be
1099 3250 83 28 worthy
1188 3250 26 21 of
1219 3249 48 23 him

682 3281 22 16 as
724 3283 13 14 a
757 3274 109 24 Christian
883 3276 110 26 minister;
1014 3276 45 22 and
1078 3276 131 28 worthy-^f
1228 3276 38 23 the

681 3301 78 22 sacred
772 3309 64 15 cause
852 3302 22 21 in
889 3302 74 22 which
979 3303 32 22 St.
1028 3303 108 23 Patrick's
1148 3302 92 33 Society
1247 3303 21 22 is

682 3328 104 28 engaged,
797 3329 51 27 vizv,
864 3328 6 11 '
877 3329 38 22 the
925 3330 125 21 overthrow
1060 3330 26 22 of
1093 3331 37 22 the
1140 3329 82 24 demon
1230 3330 36 21 in-

681 3358 147 25 temperance,
847 3356 45 22 and
910 3356 38 22 the
965 3357 132 22 restoration
1114 3356 27 22 of
1160 3356 108 23 domestic

682 3382 98 28 comfort,
889 3382 93 28 charity,
997 3383 47 23 and
1057 3391 68 21 every
1135 3384 71 22 virtue
1220 3383 48 23 that

682 3415 41 16 can
733 3409 69 24 adorn,
806 3409 43 24 the
856 3410 85 22 human
950 3410 67 23 race.'

707 3439 27 24 If
741 3438 116 29 thpVofds
863 3442 83 27 quoted
955 3442 23 22 in
987 3443 39 22 the
1035 3442 119 29 preceding
1163 3445 105 20 sentence

682 3467 28 23 do
721 3472 39 18 not
767 3469 71 27 imply
846 3469 52 24 that,
903 3469 132 23 teetotalism
1044 3470 19 22 is
1070 3473 22 19 to
1101 3471 28 22 be
1135 3469 133 23 substituted

681 3494 35 22 for
723 3495 148 28 Christianity,
883 3503 25 15 as
915 3495 38 23 the
962 3496 72 22 moral
1042 3497 135 23 instrument
1184 3496 37 24 for
1229 3495 39 23 the

681 3522 152 26 regeneration
844 3521 26 23 of
880 3522 42 22 the
930 3523 76 28 world,
1016 3523 112 29 language
1137 3521 40 24 has
1186 3523 44 22 lost
1238 3523 30 21 its

680 3548 111 28 meaning.
819 3549 44 22 For
870 3549 40 22 the
918 3549 127 23 overthrow
1054 3551 26 21 of
1088 3551 36 22 the
1134 3549 93 30 Demon,
1231 3549 37 22 in-

682 3578 146 25 temperance,
847 3576 46 22 and
910 3575 38 23 the
967 3578 132 22 restoration
1118 3576 25 22 of
1159 3576 108 22 domestic

681 3600 100 30 comfort,
787 3612 4 6 '
797 3601 74 29 peace,'
885 3602 95 29 charity,
995 3603 47 23 and
1056 3601 148 31 every%lrtue
1219 3603 49 23 that

681 3636 42 14 can
732 3628 76 24 adorn-
815 3629 37 23 the
859 3629 86 23 human
955 3637 58 20 race,
1067 3638 38 15 are
1118 3630 118 31 njj^longer
1245 3633 23 19 to

680 3655 53 22 look
743 3659 21 19 to
775 3656 37 22 the
822 3657 79 27 spread
910 3656 26 22 of
941 3657 47 22 real
997 3657 54 22 vital
1054 3660 3 13 l
1061 3657 63 23 Chris
1125 3652 88 32 tianityl
1226 3657 42 22 but

681 3685 23 19 to
714 3682 38 22 the
765 3683 123 28 operations
890 3689 3 9 1
901 3683 26 22 of
939 3684 32 22 St.
988 3684 111 22 Patrick's'
1111 3683 110 31 Teefotar
1226 3683 41 22 So-

681 3709 58 28 ciety
746 3709 6 21 1
760 3731 2 6 ,
780 3710 26 22 If
818 3709 53 23 such
882 3717 14 15 a
904 3710 121 23 resolution
1038 3718 25 15 as
1073 3711 38 23 the
1120 3710 75 22 above'
1200 3711 19 22 is
1226 3714 41 18 not

680 3735 136 29 blasphemy,
826 3737 18 22 it
852 3736 54 23 does
915 3740 42 19 not
965 3737 40 23 fall
1014 3737 35 23 far
1057 3737 62 23 short
1128 3739 24 21 of
1158 3737 26 22 it.

706 3767 52 23 The
768 3768 110 23 Winding
888 3776 29 15 up
928 3777 27 14 of
965 3777 14 14 a
990 3768 154 24 Barristee's
1150 3769 115 22 Address.

679 3805 29 5 —
826 3795 80 29 please,
912 3795 39 23 the
966 3799 71 24 court,
1053 3796 12 23 I
1075 3795 46 24 had
1134 3795 77 22 rather
1221 3795 45 22 live

680 3821 94 22 thirteen
791 3821 101 23 hundred
902 3822 109 24 centuries
1022 3830 28 15 on
1064 3819 38 26 the
1111 3821 65 22 small
1191 3822 44 22 end
1244 3822 24 23 of

680 3855 14 14 a
706 3848 150 27 thunderbolt,
875 3846 113 25 cheVthe
996 3849 96 27 'ragged.
1096 3847 43 24 end
1148 3848 26 22 of
1187 3855 15 14 a
1209 3848 58 23 flaßh

673 3874 35 22 iof
719 3874 117 29 lightning,
851 3874 96 23 swallow
962 3873 38 24 the
1016 3883 80 14 corner
1098 3872 33 29 ,bf
1141 3881 14 14 a
1165 3873 102 28 Virginia

681 3901 138 27 thornfence,
834 3901 45 22 and
886 3898 60 25 ifSve
951 3899 139 33 %;jKbpwels
1100 3904 48 19 torn
1158 3897 108 31 outijya

680 3935 68 19 green
765 3927 66 27 briar,
850 3926 126 23 tnaii'thlis
987 3926 73 25 'to'be
1076 3925 145 25 bamboozled
1238 3927 28 27 by

680 3954 63 22 these
751 3951 211 30 genfleniefcl'-rr.'
984 3958 51 28 vy
1065 3959 9 22 ;
1096 3976 4 3 .
1146 3951 45 28 'V.

1461 143 19 21 O
1490 145 99 25 tempora
1598 143 21 21 O

1322 176 45 24 We
1378 185 59 16 were
1443 177 234 32 particularly-struck
1684 177 55 25 with
1752 177 119 32 thehappy

1291 209 182 31 amalgamation,
1487 211 73 23 which
1571 209 39 24 the
1621 209 89 24 'Editor
1720 209 115 33 displayed
1847 212 22 22 in

1289 244 122 30 arranging
1422 244 38 22 the
1471 247 81 20 matter
1562 243 35 23 for
1607 242 37 24 his
1654 251 78 23 paper.
1840 254 7 9 -

1323 280 66 25 Take
1411 281 38 24 the
1468 280 99 31 winding
1583 289 31 23 up
1634 281 26 24 of
1675 280 39 25 the
1738 281 131 24 Barrister's

1289 311 91 26 address
1399 315 44 23 and
1460 313 38 25 the
1516 313 131 25 deductions
1664 313 26 24 of
1704 314 39 24 the
1760 313 70 25 editor
1847 315 25 23 of

1289 345 38 24 the
1339 345 103 25 Colonial
1451 346 109 29 observer,
1580 346 57 25 from
1654 346 39 24 the
1705 355 163 23 consequences

1289 378 26 23 of
1328 386 13 15 a
1360 379 146 32 meetingfeof
1510 379 39 23 the
1565 379 37 24 St.
1621 379 116 24 Patrick's
1753 379 115 25 Tee-total

1289 411 90 31 Society
1388 412 25 23 in
1423 412 119 24 thafobove
1553 416 106 25 extracts,
1672 412 45 23 and
1725 412 54 23 with
1790 412 78 24 know-

1289 444 40 31 ing
1339 444 37 24 the
1388 445 138 28 alternative,
1539 444 73 24 which
1624 444 67 24 could
1705 445 57 23 have
1773 445 95 25 induced

1289 476 38 24 the
1338 477 114 24 Barrister
1464 482 22 19 to
1497 477 88 24 declare
1596 478 24 23 in
1631 477 80 25 favour
1723 478 25 23 of
1765 478 35 23 the
1811 486 57 23 pur-

1288 513 79 27 gatory
1378 511 88 23 therein
1483 510 124 30 described,
1627 518 32 16 we
1670 515 62 19 must
1751 518 40 23 say
1804 512 64 22 there

1288 542 22 23 is
1326 542 79 32 hardly
1422 550 51 24 any,
1484 545 86 29 species
1583 545 25 22 of
1621 549 124 25 purgatory
1755 544 38 23 the
1811 545 57 22 ima-

1288 575 100 30 gination
1400 576 65 23 could
1482 576 114 31 depicture
1608 576 73 24 which
1693 584 32 16 we
1737 576 73 24 would
1826 581 40 19 not

1289 607 83 25 submit
1390 614 22 18 to
1424 609 75 24 rather
1518 609 55 24 than
1583 609 28 24 be
1622 609 95 24 doomed
1727 613 24 19 to
1768 609 37 23 the
1816 609 51 24 task

1289 640 26 23 of
1328 641 133 32 developing
1473 642 36 23 the
1522 643 131 23 connection
1665 642 101 24 between
1777 642 37 23 the
1826 650 41 16 ex-

1384 675 24 23 of
1424 684 13 14 a
1449 679 56 19 state
1517 675 26 23 of
1557 675 109 23 domestic
1678 675 102 28 comfort,
1792 682 74 24 peace,

1289 706 94 32 charity,
1401 708 43 23 and
1456 715 67 23 every
1532 708 75 23 virtue
1625 707 50 24 that
1686 715 40 16 can
1730 707 84 24 -.adorn
1830 708 38 24 the

1287 739 84 24 human
1382 748 59 22 race,
1459 740 69 24 based
1539 748 61 23 upon
1611 740 38 24 the
1661 738 124 26 overthrow
1797 741 26 23 of
1830 740 38 24 the

1287 772 92 25 Demon
1396 774 166 30 intemperance
1573 772 45 25 and
1632 772 142 33 blasphemy,
1784 772 83 30 unless,

1287 806 87 28 indeed,
1393 806 63 24 there
1473 807 68 30 being
1551 806 95 31 nothing
1656 806 24 23 in
1699 806 38 24 the
1748 807 119 28 existence,

1270 858 2 1 .
1289 839 102 30 spiritual
1411 847 24 16 or
1456 839 109 32 coporeal,
1591 840 40 23 but
1651 839 59 24 what
1730 844 61 19 must
1804 839 65 28 &aye

1289 872 115 23 emanated
1423 873 58 23 from
1499 872 39 24 the
1555 877 66 26 g-eat
1639 872 52 24 first
1708 879 75 17 cause.
1818 872 62 26 The.

1289 905 132 23 distruction
1440 913 27 16 or
1485 905 149 24 annihilation
1655 905 26 23 of
1700 905 38 24 the
1757 905 113 33 influence

1289 937 24 23 of
1328 938 38 23 the
1385 938 55 25 Evil
1451 938 59 29 One,
1527 938 84 32 calling
1622 938 47 24 him
1685 938 30 32 by
1727 938 59 24 what
1802 945 68 17 name

1289 978 43 24 you
1354 971 83 30 please,
1456 980 52 22 may
1527 972 28 23 be
1579 971 72 27 called
1673 980 14 15 a
1709 971 161 32 blasphemous

1289 1004 145 24 interference
1446 1004 53 24 with
1511 1004 74 25 God's
1597 1009 122 21 creatures.

1322 1043 42 24 We
1377 1044 95 29 confess,
1489 1052 33 16 we
1541 1044 28 24 do
1581 1049 40 19 not
1639 1044 68 24 think
1718 1044 40 24 the
1769 1044 101 27 columns

1289 1077 26 23 of
1328 1085 14 15 a
1361 1084 130 25 newspaper
1508 1077 39 24 the
1558 1086 82 23 proper
1658 1077 64 31 place
1740 1082 24 19 to
1781 1077 88 25 discuss

1289 1110 146 31 Theological
1453 1110 109 33 subjects,
1581 1111 40 23 but
1632 1110 46 24 this
1688 1111 71 23 much
1769 1118 33 16 we
1819 1112 61 31 may'

1289 1143 27 24 be
1327 1143 92 24 allowed
1431 1148 23 19 to
1465 1152 48 23 say,
1525 1144 51 23 that
1585 1143 102 24 whether
1703 1145 20 22 it
1732 1143 30 24 be
1774 1143 97 24 Christi-

1289 1177 68 30 anity,
1370 1176 176 30 Mahomedisra,
1565 1176 132 31 Paganism,
1715 1176 118 30 Budeism,
1847 1185 25 15 or

1290 1216 42 24 any
1342 1210 63 24 other
1417 1211 61 30 anity
1486 1218 26 16 or
1520 1210 52 29 ism,
1584 1217 33 17 we
1628 1209 83 25 should
1717 1209 59 25 have
1786 1218 29 16 no
1823 1210 48 24 fear

1290 1242 25 24 of
1322 1243 38 24 the
1372 1251 167 24 consequences
1550 1247 23 20 to
1579 1244 65 23 -arise
1655 1242 58 25 from
1725 1245 49 22 tmf
1775 1244 97 30 practice

1291 1275 24 25 of
1324 1276 56 24 such
1390 1277 142 31 blasphemy,
1545 1284 25 16 as
1581 1277 21 23 is
1611 1276 56 24 here
1679 1280 36 20 set
1724 1275 69 25 forth.

1290 1340 175 25 SUMMARY
1489 1340 99 25 FROM
1614 1340 73 24 THE
1715 1340 164 24 ENGLISH

1515 1373 143 22 PAPERS.

1477 1418 2 3 ,
1611 1404 5 16 ;
1697 1407 9 11 j

1317 1431 76 22 Steam
1404 1430 83 23 Power
1497 1437 25 16 in
1533 1430 100 23 France.
1635 1441 28 5 —
1665 1430 40 22 We
1715 1430 55 27 find,
1780 1430 30 27 by
1816 1437 14 14 a
1839 1437 34 15 re-

1291 1462 49 17 cent
1349 1458 115 22 statistical
1471 1460 82 23 return,
1565 1457 48 22 that
1620 1461 24 18 at
1653 1457 38 22 the
1701 1457 44 22 end
1753 1457 25 22 of
1783 1457 38 21 the
1831 1457 42 21 last

1290 1492 52 23 year
1357 1485 62 22 there
1430 1491 55 15 were
1502 1484 23 21 in
1543 1485 85 21 France
1643 1485 40 22 179
1699 1483 174 22 establishments

1291 1512 82 26 having
1387 1512 74 21 Steam
1475 1511 219 29 power/containing
1707 1512 64 25 5,600
1784 1510 87 27 boilers,

1291 1538 24 22 of
1321 1538 72 24 which
1402 1540 62 24 1,889
1473 1544 57 15 were
1539 1538 34 21 for
1583 1538 36 21 the
1637 1545 94 24 purpose
1739 1538 25 21 of
1775 1536 97 28 heating,

1291 1565 44 22 and
1340 1566 61 26 3,511
1407 1565 35 22 for
1447 1564 75 28 giving
1527 1564 85 23 motion
1619 1568 21 19 to
1646 1564 136 27 machinery.
1801 1563 72 22 There

1291 1599 62 19 were,
1364 1590 165 28 besidesi'2,637
1538 1592 96 26 engines,
1647 1591 37 22 the
1691 1594 116 24 aggregate
1812 1590 61 23 force

1292 1618 25 22 of
1324 1619 73 22 which
1406 1626 45 15 was
1464 1617 67 32 equal
1545 1621 21 18 to
1575 1618 76 27 39,779
1660 1618 65 22 horse
1735 1625 79 20 power.
1826 1632 4 7 ,
1843 1618 32 21 At

1292 1646 36 22 the
1348 1653 59 14 same
1421 1645 77 29 period
1512 1644 62 23 there
1591 1652 56 15 were
1664 1646 41 21 260
1719 1648 69 19 steam
1802 1644 70 27 boats,

1287 1672 70 28 'being
1367 1674 39 21 128
1420 1679 60 15 more
1491 1672 54 22 than
1562 1672 22 22 in
1596 1674 60 24 1838,
1668 1671 94 22 without
1771 1672 103 26 compris-

1292 1700 38 27 ing
1339 1701 61 21 those
1416 1698 120 29 Belonging
1548 1702 23 19 to
1581 1698 37 23 the
1633 1701 63 20 state.
1725 1698 47 23 The
1782 1698 93 23 number

1291 1726 25 22 of
1328 1728 90 25 engines
1434 1733 43 15 was
1485 1728 49 26 400^
1551 1733 14 14 a
1574 1726 59 22 force
1649 1725 113 27 equalling
1774 1724 101 28 together

1291 1754 76 26 45,000
1376 1754 62 21 horse
1444 1760 81 20 power.
1553 1752 47 23 The
1611 1753 94 21 number
1712 1752 26 21 of
1745 1758 129 21 passengers

1292 1780 113 27 conveyed
1417 1781 30 27 by
1456 1780 60 22 these
1525 1780 82 22 vessels
1621 1787 45 14 was
1680 1780 111 26 2,500,000
1807 1778 68 27 being

1292 1809 89 25 800,000
1390 1815 61 14 more
1459 1801 53 27 than
1520 1806 24 23 in
1553 1806 38 22 the
1597 1806 133 28 proceeding
1739 1812 59 20 year.
1827 1805 48 22 The

1291 1834 99 22 increase
1400 1834 25 22 of
1430 1833 152 26 merchandise
1592 1837 50 18 sent
1651 1833 30 27 by
1691 1832 61 22 them
1760 1839 27 14 on
1793 1832 82 26 freight

1294 1868 43 14 was
1351 1860 88 29 equally
1456 1860 146 26 remarkable,
1619 1860 84 26 having
1719 1858 111 22 exceeded
1845 1858 30 27 by

1293 1895 59 15 more
1370 1888 53 21 than
1434 1889 76 25 60,000
1524 1889 50 20 ton's
1589 1887 37 21 the
1645 1886 102 27 quantity
1758 1885 50 22 thus
1823 1893 53 14 con-

1290 1914 74 28 veyed
1372 1915 23 21 in
1412 1915 67 21 1840.'
1499 1913 47 23 The
1562 1913 143 22 locomotives
1715 1912 116 27 employed
1846 1919 29 15 on

1293 1941 42 23 the.
1345 1942 108 21 railroads
1466 1942 25 20 in
1505 1940 37 22 the
1558 1940 140 28 department
1712 1939 25 22 of
1752 1939 34 22 the
1803 1938 71 28 Seine,

1293 1968 87 28 Rhone,
1402 1964 68 31 Gard^
1491 1966 101 28 Herault,
1618 1965 47 24 and
1684 1966 73 26 Loire,
1775 1973 58 15 were
1851 1966 26 21 in

1293 1996 95 21 number
1398 1996 45 24 118,
1459 1994 46 22 and
1513 1994 25 22 in
1546 1994 61 22 force
1616 1993 103 28 upwards
1727 1992 26 23 of
1762 1994 40 20 300
1811 1992 65 23 horse

1292 2029 80 20 power.
1411 2022 33 22 Of
1459 2021 61 22 these
1539 2020 70 23 about
1625 2020 40 22 35£
1670 2027 58 15 were
1749 2019 25 22 of
1790 2019 87 22 French

1275 2062 1 2 -
1285 2049 170 23 rznanufacture,

1310 2081 2 5 '
1320 2079 85 23 Grand
1420 2080 173 22 Colonization
1604 2079 100 23 Scheme.
1705 2090 28 5 —
1735 2079 23 22 It
1771 2079 17 21 is
1804 2077 71 23 stated

1293 2105 22 22 in
1327 2105 37 22 the
1375 2107 137 21 continental
1520 2114 79 21 papers
1609 2106 48 22 that
1671 2107 37 21 the
1718 2109 61 24 great
1789 2106 88 22 Powers

1294 2133 25 21 of
1331 2133 92 28 Europe.,
1435 2140 24 15 or
1469 2140 61 15 more
1545 2133 84 27 strictly
1638 2133 108 28 speaking
1756 2133 119 26 Germany,

1292 2159 58 22 have
1364 2160 92 22 become
1466 2161 121 21 convinced
1596 2161 26 21 of
1634 2159 41 22 the*
1682 2159 108 27 necessity
1800 2159 26 21 of
1839 2166 38 21 ap-

1284 2209 3 9 t
1293 2186 135 28 propriaiing
1436 2187 103 22 Colonies
1546 2190 23 18 to
1577 2187 53 21 each
1641 2187 83 26 nation,
1733 2186 43 22 and
1788 2186 47 21 that
1842 2186 35 22 for

1284 2209 3 9 '
1294 2213 103 28 carrying
1402 2213 38 22 the
1449 2213 52 28 plan
1511 2213 47 22 into
1567 2213 70 27 effect,
1645 2220 14 14 a
1666 2213 108 26 Congress
1783 2213 19 21 is
1810 2212 67 22 about

1293 2243 22 19 to
1326 2243 59 19 meet
1393 2244 23 18 at
1423 2239 201 28 AixjJa-Chapelle.
1655 2241 22 20 It
1686 2240 19 21 is
1715 2239 108 28 proposed
1830 2239 47 22 that

1294 2267 54 23 each
1358 2270 55 19 state
1422 2266 56 23 shall
1487 2267 57 22 have
1554 2274 16 14 a
1578 2266 85 28 Colony
1673 2270 23 18 at
1709 2266 57 22 least
1778 2265 64 28 equal
1852 2267 25 21 in

1293 2298 78 18 extent
1384 2297 23 19 to
1424 2294 138 22 tffe'mother
1576 2297 102 26 country,
1694 2293 45 22 and
1757 2293 46 21 that
1812 2293 65 22 funds

1294 2321 56 21 shall
1366 2321 27 22 be
1409 2321 73 22 raised
1497 2321 34 22 for
1546 2320 43 23 the'
1595 2321 120 21 formation
1724 2320 26 22 of
1764 2327 12 14 a
1786 2320 51 22 fleet
1853 2323 24 18 to

1293 2351 86 24 protect
1388 2348 38 22 the
1435 2347 102 23 Colonies
1546 2347 87 27 against
1640 2347 85 27 foreign
1734 2347 142 28 aggressions,

1294 2375 45 21 and
1351 2378 25 19 to
1386 2381 101 21 preserve
1501 2374 128 28 tranquility
1638 2374 30 27 by
1677 2374 131 32 preventing
1817 2372 61 24 them

1293 2401 57 22 from
1487 2401 85 22 attacks
1596 2408 29 14 on
1647 2401 56 22 each
1723 2401 72 21 other.-
1830 2401 47 22 The

1296 2429 96 21 Courrier
1408 2430 69 25 Beige,
1496 2429 24 21 in
1535 2428 93 28 copying
1647 2427 37 23 the
1692 2430 86 25 .report^
1796 2427 55 22 adds
1852 2439 27 4 —

1368 2460 82 18 cannot
1463 2455 41 22 but
1513 2455 96 28 applaud
1618 2455 118 29 thisjapble
1748 2453 42 23 and
1799 2462 79 19 gener-

1294 2490 40 15 ous
1342 2482 58 27 idea,
1416 2482 77 23 which'
1499 2482 44 22 will
1558 2485 39 19 not
1606 2482 49 22 fail'
1659 2480 23 23 td
1694 2481 136 23 consolidate
1840 2482 37 22 the

1293 2517 69 20 peace
1372 2510 26 21 of
1409 2506 122 34 the^woild
1537 2509 23 21 .'"
1574 2509 37 22 'It
1619 2509 20 21 is
1655 2509 84 24 certain
1748 2509 56 21 from
1821 2508 58 22 what

1286 2544 99 20 ■appears
1393 2537 26 21 in-
1424 2536 43 23 the'
1471 2543 86 21 papers,
1568 2536 48 21 that
1625 2535 61 22 idea's
1696 2535 26 24 of
1729 2535 146 22 colonization

1294 2571 36 14 are
1348 2563 136 28 very^much
1500 2564 25 21 in
1538 2570 72 20 vogue
1625 2563 25 21 in
1666 2562 121 28 Germany.
1814 2561 65 29 They

1294 2597 68 20 seem,
1364 2594 22 18 to
1397 2590 54 23 look
1454 2589 68 23 much
1531 2592 22 19 to
1560 2589 82 27 Brazil,
1653 2588 69 23 and~it
1730 2589 40 22 has
1779 2589 57 22 been
1844 2596 35 15 re-

1291 2614 215 35 peatedly.assorted
1522 2616 47 22 that
1585 2617 38 22 the
1638 2618 147 25 government
1799 2616 26 21 of
1835 2616 43 22 Rio

1295 2644 91 22 Janeiro
1400 2643 131 28 indisposed
1547 2647 24 18 to
1584 2643 65 22 make
1666 2646 77 24 grants
1753 2643 25 21 of
1791 2642 91 22 various,

1294 2671 95 22 districts
1403 2674 23 19 to
1438 2671 98 22 German
1551 2671 122 26 emigrants
1683 2670 34 21 for
1732 2669 147 23 colonization

1294 2705 29 15 on
1338 2698 83 25 cefjtain
1437 2697 130 22 conditions.
1597 2696 21 23 It
1629 2704 44 15 was
1687 2697 70 27 lately
1766 2696 71 22 stated
1851 2697 26 21 in

1293 2724 37 25 the
1340 2725 90 26 Cologne
1438 2747 3 7 T
1448 2726 85 20 Gazette
1548 2724 49 22 that
1612 2724 40 21 Mr
1657 2723 52 22 Van
1722 2723 67 26 Lede,
1806 2731 13 14 a
1828 2723 51 24 Bel-

1294 2752 57 27 gian,
1364 2753 55 21 after
1430 2752 97 26 arriving
1535 2758 29 15 on
1572 2751 44 21 this
1629 2751 103 21 business
1743 2753 22 18 at
1773 2751 51 27 Rio,
1833 2751 47 22 had

1294 2785 57 20 gone
1362 2783 21 18 to
1394 2780 68 21 Santo
1468 2778 120 23 Catharina
1583 2782 5 6 1
1589 2794 5 10 ,
1607 2781 22 18 to
1639 2777 68 22 select
1715 2784 11 15 a
1734 2778 78 28 proper
1816 2777 63 28 place

1294 2806 35 21 for
1338 2805 38 24 the
1387 2805 168 24 establishment
1563 2804 26 23 of
1595 2812 13 14 a
1618 2804 94 28 Colony.

1322 2838 78 22 Lands
1418 2838 66 22 Held
1503 2845 28 14 or
1550 2836 131 22 Forfeited
1696 2843 29 15 by
1738 2844 14 14 a
1767 2836 70 22 Game
1852 2844 27 14 of

1296 2865 78 23 Chess.
1376 2876 28 5 —
1404 2865 72 22 There
1489 2864 19 22 is
1519 2872 13 14 o
1541 2863 91 23 method
1642 2863 26 22 of
1675 2863 92 32 ,p,layin^
1781 2867 21 18 at
1812 2862 68 23 Chess

1295 2891 72 23 called
1376 2890 89 24 Curzier
1480 2891 60 28 Spiel
1555 2895 29 22 at.
1592 2889 114 29 Stroepke,
1723 2897 15 14 a
1747 2890 81 27 village,
1840 2890 39 22 be-

1294 2922 70 19 tween
1379 2918 142 27 Magdeburg
1535 2917 46 22 and
1594 2916 137 28 Burnswick,
1749 2924 27 14 on
1782 2920 25 19 *a?
1811 2917 69 22 board

1294 2946 26 21 of
1330 2946 60 27 eight
1400 2951 89 23 squares
1502 2939 31 33 Sy
1542 2943 86 23 twelve.
1656 2943 55 22 This
1717 2939 82 32 village
1816 2944 63 22 holds

1294 2972 27 23 its
1335 2972 65 23 lands
1410 2978 57 22 upon
1482 2972 38 21 the
1529 2974 76 18 tenure
1616 2970 26 22 of
1644 2983 3 13 ;
1648 2970 143 29 forfeitur#if
1802 2978 46 21 any;
1856 2971 26 22 of

1293 2999 58 23 their
1360 2998 136 27 community
1505 2998 59 22 loses
1576 3005 14 13 a
1604 3004 72 20 game-
1683 3000 25 18 at
1717 2997 68 22 chess.
1814 2998 65 23 Some

1294 3027 26 21 of
1326 3027 38 22 the
1372 3025 138 24 inhabitants
1519 3032 38 14 are
1567 3027 78 25 expert
1651 3026 24 19 at
1683 3023 46 25 this
1736 3023 57 29 play,
1805 3024 45 26 but,
1854 3032 26 15 as

1294 3053 38 22 the
1349 3053 62 23 stake
1428 3053 19 21 is
1461 3060 23 14 so
1499 3051 61 27 high,
1578 3051 53 27 they
1645 3050 87 22 decline
1748 3050 104 29 finishing
1860 3058 20 16 -a

1292 3087 65 20 game
1374 3080 56 23 with,
1449 3086 21 15 a-
1484 3081 104 24 stranger,
1611 3077 45 23 and
1675 3077 63 23 defer
1752 3077 46 24 >ih'e
1806 3082 73 25 -party

1293 3109 45 19 tine
1346 3108 41 20 die.
1482 3126 5 6 ,
1646 3114 6 4 -

1319 3141 64 28 Talk,
1392 3141 88 27 indeed,
1496 3140 27 23 of
1531 3147 57 21 your
1602 3139 130 28 pantomine
1746 3140 46 23 and.
1802 3140 86 28 'gaudy.,

1293 3168 83 28 shows;
1394 3175 55 21 your
1458 3166 145 30 processions,
1615 3166 46 22 and
1668 3166 155 28 installations,
1834 3167 46 23 and

1294 3194 152 23 coronations!
1492 3194 58 22 Give
1561 3201 41 19 me,
1621 3194 36 21 for
1670 3201 15 14 a
1696 3193 108 24 beautiful
1810 3194 68 28 .sight,

1294 3229 13 14 a
1316 3226 54 19 neat
1379 3222 43 23 and
1430 3225 68 19 smart
1509 3227 92 20 woman,
1612 3219 93 28 heating
1713 3220 42 22 her
1764 3224 66 24 oven?
1835 3223 45 20 and

1294 3249 80 28 setting
1389 3249 41 22 her
1445 3247 82 24 bread!
1566 3247 55 22 And
1638 3247 22 22 if
1679 3247 38 22 the
1737 3248 71 22 bustle
1827 3248 52 23 does

1294 3276 64 22 make
1366 3276 36 22 the
1413 3276 48 26 sign
1472 3276 26 21 of
1508 3274 78 23 labour
1597 3281 29 14 on
1641 3274 39 22 the
1691 3274 69 27 brow,
1772 3274 72 23 where
1861 3275 19 22 is

1294 3302 37 22 the
1340 3310 53 15 man
1400 3303 49 22 that
1458 3301 73 23 would
1539 3304 39 19 not
1586 3301 46 22 kiss
1642 3300 48 22 that
1696 3300 36 27 off,
1743 3300 74 23 rather
1826 3302 54 22 than

1294 3328 44 23 lick
1348 3330 37 21 the
1394 3330 82 28 plaster
1485 3329 55 22 from
1552 3327 46 24 the.
1604 3326 71 23 cheek
1685 3326 26 23 of
1722 3334 14 15 a
1752 3328 100 23 duchess.
1852 3339 29 6 —

1294 3356 93 23 Cobbett.
1697 3370 20 10 -.
1791 3358 14 11 ■-
1843 3355 13 26 '.

1324 3388 106 23 Foreign
1444 3387 78 23 Meat.
1524 3398 28 5 —
1552 3386 48 23 The
1609 3386 50 29 ship
1670 3387 76 22 Sussex
1754 3386 96 29 brought
1858 3390 22 19 to

1290 3415 106 26 'London,
1417 3422 28 15 on
1463 3415 89 26 Friday,
1570 3417 42 19 two
1633 3413 72 27 casks,
1721 3421 25 15 as
1755 3414 91 27 sample,
1857 3414 26 22 of

1295 3441 71 23 South
1384 3442 129 23 Australian
1529 3441 58 26 beef,
1607 3441 26 21 of
1654 3447 54 21 very
1725 3440 49 22 fine'
1787 3440 92 28 quality.

1294 3467 47 23 The
1351 3469 87 28 shipper
1447 3475 50 21 says
1497 3480 28 5 —
1547 3467 41 23 We
1598 3466 58 24 shall
1665 3467 28 22 be
1703 3467 52 29 paid
1769 3466 21 23 if
1801 3474 32 15 we
1842 3471 39 24 get

1294 3495 63 22 three
1371 3502 68 21 pence
1454 3502 40 21 per
1512 3494 83 29 pound,
1605 3493 25 23 in
1788 3493 45 23 and
1852 3495 28 21 he

1294 3521 61 27 adds,
1398 3522 67 22 cattle
1483 3521 53 23 feed
1555 3528 24 15 so
1589 3521 50 22 well
1653 3521 24 21 in
1693 3521 122 27 Australia,
1831 3521 50 22 that

1294 3547 90 29 feeding
1401 3549 73 26 cattle,
1494 3549 45 22 and
1556 3547 93 28 sending
1696 3551 23 18 to
1738 3547 102 28 London,
1856 3554 26 16 or

1294 3574 122 30 Liverpool,
1424 3575 45 23 will
1478 3582 44 21 pay
1531 3575 73 22 better
1614 3575 53 21 than
1676 3574 69 30 sheep

1293 3612 27 6 —
1320 3603 113 26 Liverpool
1445 3603 96 21 Courier.

1321 3636 71 23 Fires
1407 3644 26 15 in
1447 3636 105 23 London.
1553 3647 27 5 —
1581 3636 68 23 From
1666 3636 37 22 the
1718 3639 87 20 returns
1814 3634 65 27 m.ade

1293 3662 234 28 by.Mr.Braidwood,
1535 3664 31 26 ,of
1577 3663 37 22 the
1625 3662 90 28 brigade
1725 3663 73 27 force,,
1806 3662 25 23 of
1842 3662 39 23 the

1293 3690 95 22 number
1397 3690 26 22 of
1433 3690 51 23 fires
1492 3690 51 23 that
1558 3690 107 23 occurred
1673 3690 25 22 in
1712 3690 38 22 the
1767 3689 113 34 metroplis

1293 3716 45 22 and
1347 3716 29 23 its
1386 3716 103 28 suburbs,'
1495 3717 20 23 it
1524 3724 92 22 appears
1626 3716 54 28 that,
1699 3716 81 28 during
1788 3716 38 23 the
1837 3721 42 18 last

1292 3742 44 23 five
1347 3744 96 27 months,
1453 3744 59 23 from
1520 3744 38 23 the
1568 3746 33 21 Ist
1611 3744 26 21 of
1649 3739 99 33 January
1760 3746 24 19 to
1792 3743 44 23 'the
1846 3744 34 21 Ist

1294 3769 25 22 of
1330 3769 67 29 June,
1414 3779 30 14 no
1458 3771 69 23 fewer
1542 3770 54 23 than
1612 3772 47 21 368.
1665 3770 59 23 have
1734 3770 65 23 taken
1808 3770 70 28 place.

1293 3796 89 28 During
1391 3797 38 23 the
1438 3805 61 16 same
1510 3798 75 28 period
1593 3797 46 23 last
1652 3804 55 20 year
1722 3797 36 22 the
1774 3797 106 22 numbers

1292 3828 59 17 were
1360 3825 46 26 371,
1419 3824 42 23 and
1470 3825 38 22 the
1515 3832 55 20 year
1579 3824 75 22 before
1665 3820 40 27 3&J
1715 3824 91 21 fires.—
1804 3824 73 29 2fy»«r.

1323 3850 20 21 A
1371 3851 174 27 correspondent
1571 3851 80 30 asks^—
1771 3850 45 23 will
1838 3850 51 28 kill,

1292 3876 76 23 rushes
1415 3895 2 6 ,
1444 3877 15 22 I
1475 3878 56 22 have
1546 3877 55 22 used
1616 3877 93 22 muriate
1726 3876 25 22 of
1762 3876 61 28 soda^
1831 3888 4 4 -
1842 3876 37 22 the

1293 3910 104 17 common
1416 3903 99 28 culinary
1525 3923 2 6 ,
1534 3904 49 26 salt,
1602 3903 35 24 for
1654 3903 37 22 the
1709 3909 102 21 purpose,
1826 3902 54 23 with

1292 3930 108 28 Complete
1411 3936 94 17 success.
1539 3930 32 22 As
1581 3929 68 23 much
1657 3937 25 14 as
1692 3937 41 15 can
1743 3930 28 21 be
1780 3929 67 23 taken
1856 3929 23 22 in

1293 3963 14 14 a
1314 3956 86 27 garden
1411 3956 74 23 trowel
1494 3963 29 16 on
1540 3956 55 23 each
1604 3956 78 23 bunch
1699 3956 26 22 of
1740 3956 83 26 rushes,
1835 3955 45 23 will

1898 150 66 15 cause
1982 143 69 23 them',
2058 146 23 20 to
2094 147 37 18 rot
2147 144 46 22 and
2209 144 117 28 disappear
2331 167 3 3 .
2341 145 80 27 during
2438 146 38 23 the

1898 169 85 22 winter.
2020 167 55 30 May
2092 169 77 22 month
2184 171 19 21 is
2211 171 38 22 the
2257 171 51 22 best
2316 171 53 22 time
2380 174 22 19 to
2412 173 64 27 apply

1898 196 27 27 it;
1942 195 11 23 I
1962 196 58 22 have
2029 196 58 22 done
2096 197 18 21 it
2123 197 56 21 after
2187 197 38 22 the
2239 204 61 19 grass
2314 197 48 22 has'
2371 197 56 22 been
2441 202 36 19 cut

1898 222 35 22 for
1954 221 52 28 hay.
2007 233 27 5 —
2035 222 53 22 Wm.
2110 221 130 29 Mitchell,
2255 224 73 27 M.D.,
2347 224 121 23 Bodmin.—
2467 236 10 6 -
2500 240 2 9 ,

1897 249 63 21 Mark
1971 251 58 19 Lane
2037 246 111 29 Express.'

1924 275 97 23 Wheat.
2022 287 27 7 —
2050 275 65 23 Some
2125 275 37 23 old
2170 276 88 22 records
2266 276 25 22 in
2301 275 112 24 Wiltshire
2422 280 56 19 state

1898 301 48 23 that
1951 302 25 22 in
1986 302 100 27 the-year
2095 304 60 25 1339,
2164 303 73 21 wheat
2245 303 24 21 in
2280 303 49 22 that
2336 306 83 25 county
2428 304 49 22 sold

1898 331 23 19 at
1929 328 62 28 eight
2000 329 89 26 guineas
2098 335 39 21 per
2152 332 95 24 quarter,
2267 330 46 21 and
2320 343 2 3 ■
2329 329 51 23 that
2392 330 18 21 it
2424 336 53 17 con-

1897 355 77 25 tinued
1990 362 25 14 so
2031 355 34 21 for
2077 355 49 23 four
2141 355 99 28 months;
2261 355 80 23 that'it
2352 363 55 15 soon
2421 357 57 22 after
2489 358 4 6 *

1898 381 102 22 declined
2018 385 21 18 to
2057 383 42 21 10s.
2115 389 38 20 per
2167 386 100 23 qunrter;
2287 381 49 23 that
2350 383 51 21 four
2413 391 65 19 years

1897 407 55 23 after
1961 408 18 21 it
1986 407 39 22 fell
2033 409 33 20 4s.
2077 407 43 28 6d.,
2131 408 43 22 and
2188 408 114 22 remained
2316 412 24 18 at
2352 409 48 22 that
2409 410 66 27 price,

1894 434 56 22 .with
1959 433 55 23 little
2023 433 135 28 fluctuation,
2168 435 34 22 for
2212 438 157 28 twenty-years
2374 443 6 18 j
2399 437 48 21 that
2455 440 24 18 at

1896 460 38 22 the
1945 460 123 28 expiration
2076 461 27 21 of
2112 461 43 21 this
2164 465 57 19 term
2235 461 18 22 it
2267 468 50 16 rose
2333 465 24 18 to
2373 462 40 26 £5,
2434 461 45 23 and
2489 480 2 8 (

1896 486 53 22 held
1957 487 50 21 that
2014 487 61 28 price
2084 487 34 22 till
2127 494 54 15 near
2189 487 38 23 the
2236 494 54 23 year
2306 489 61 26 1534,
2382 489 65 22 when
2465 489 9 22 i

1895 512 39 23 fell
1941 516 23 19 to
1973 515 31 20 2s.
2014 513 30 22 6d
2052 519 41 22 per
2100 517 95 24 quarter.
2468 519 11 19 t

1925 539 103 23 Cambric
2040 540 36 22 for
2089 538 169 24 handkerchiefs
2271 541 41 23 has
2324 542 74 26 begun
2414 545 22 19 to
2449 542 33 22 be'

1896 566 170 22 manufactured
2084 566 31 22 in-
2126 567 37 21 the
2182 567 66 22 north
2272 569 26 21 of
2322 563 90 28 Ireland
2428 572 23 18 to
2465 576 14 15 a

1896 593 154 21 considerable
2061 596 82 19 extent.

1923 619 48 22 The
1979 623 37 18 tea
2025 619 134 28 plantations
2169 623 24 19 at
2202 620 87 27 Assam,
2298 621 17 21 it
2320 628 91 21 appears
2421 619 58 25 from

1897 645 37 22 the
1945 649 73 31 report
2028 646 26 22 of
2065 646 36 22 the
2112 654 116 21 company,
2239 647 45 22 will
2298 655 55 15 soon
2369 654 59 21 grow
2444 652 36 19 tea

1897 670 88 29 enough
2002 675 21 19 to
2039 673 78 27 supply
2132 673 39 22 the
2185 673 106 23 demands
2307 675 26 21 of
2343 673 31 23 all
2385 674 93 23 nations.

1897 698 35 33 By
1942 699 37 21 the
1986 699 44 22 end
2040 700 26 20 of
2072 700 52 21 1845
2134 699 53 28 they
2192 700 44 22 will
2244 701 97 26 produce
2348 701 129 26 850,0001b5.

1898 726 30 20 of-
1943 728 36 19 tea
1987 732 6 14 :
2021 725 38 22 the
2066 728 2 5 '
2078 726 82 22 annual
2181 726 63 22 value
2263 728 26 21 of
2308 727 62 23 these
2388 727 44 23 will
2450 729 28 21 be

1897 752 107 27 £32,000;
2016 752 38 22 the
2065 752 78 27 charge
2150 753 25 21 of
2183 753 56 21 their
2243 754 128 22 cultivation
2377 754 102 28 £23,100,

1896 777 90 29 leaving
1996 785 13 15 a
2018 778 90 22 balance
2119 779 25 21 of
2155 779 82 27 £8,900
2245 781 72 26 profit:

1924 805 22 21 A
1955 804 65 22 letter
2030 805 56 21 from
2097 806 63 21 Cairo
2175 809 66 19 states
2257 806 48 23 that
2315 807 39 23 the
2367 807 75 22 Pacha
2450 808 31 25 _of

1898 830 80 29 Egypt,
1990 832 52 21 with
2053 839 13 14 a
2074 832 57 22 view
2146 832 25 22 of
2185 833 89 26 putting
2287 833 64 23 down
2366 833 39 23 the
2419 834 60 22 slave

1897 857 69 27 trade,
1981 858 40 22 has
2036 858 46 22 laid
2096 865 14 14 a
2124 858 73 28 heavy
2212 863 38 18 tax
2264 866 61 21 upon
2342 861 38 21 the
2396 860 50 23 sale
2456 861 26 22 of

1896 882 71 24 slaves
1978 885 24 21 in
2011 885 33 21 his
2054 884 133 24 dominions.

1917 910 55 23 -The
1982 914 76 25 carpet
2066 911 63 22 trade
2146 912 25 22 of
2183 912 179 24 Kidderminster
2373 914 19 22 is
2407 914 74 23 stated

1897 940 24 19 to
1930 937 61 23 have
2004 938 146 29 experienced
2163 943 64 23 great
2242 941 173 27 improvement;
2435 938 46 25 and

1896 964 20 22 it
1924 964 19 22 is
1953 962 135 30 anticipated
2097 965 48 22 that
2153 966 17 21 it
2177 966 44 22 will
2230 966 28 22 be
2267 967 85 22 further
2360 966 122 24 benentted.

1896 990 31 28 by
1937 990 38 23 the
1986 992 113 27 operation
2108 992 25 22 of
2140 992 38 22 the
2191 992 137 24 Ministerial-
2340 994 141 22 commercial

1898 1017 65 22 tariff.
1995 1030 8 4 -
2163 1028 8 7 '
2372 1026 5 10 v

1906 1059 6 3 -
1925 1044 98 22 Mensen
2032 1045 87 27 Erne3t,
2131 1045 36 22 the
2178 1046 86 22 famous
2279 1046 135 27 Norwegian
2427 1054 54 15 run-

1898 1077 48 19 ner,
1957 1078 50 15 now
2016 1075 24 19 at
2049 1072 104 26 Moscow,
2163 1072 41 22 has
2214 1073 101 27 engaged
2324 1077 23 18 to
2358 1073 56 22 walk
2423 1075 58 21 from

1898 1098 50 21 that
1957 1098 44 28 cifcy
2011 1101 21 19 to
2042 1098 124 22 Jerusalem
2176 1100 23 20 in
2209 1100 68 27 thirty
2293 1100 61 28 days.
2392 1100 89 23 Several

1899 1124 96 23 Russian
2008 1125 118 23 noblemen
2133 1125 57 22 have
2201 1126 65 22 made
2275 1134 90 19 wagers,
2380 1131 101 18 amount-

1897 1152 40 26 ing
1955 1155 23 18 to
1997 1153 75 26 80,000
2090 1152 67 22 silver
2174 1152 73 22 rubles
2271 1153 101 28 (320,000
2388 1153 92 28 francs.)

1900 1178 43 22 His
1953 1178 115 28 departure
2079 1185 43 15 was
2131 1178 59 22 fixed
2199 1179 36 22 for
2245 1180 56 28 May
2315 1182 19 21 1.
2373 1180 43 24 He-
2423 1182 20 21 is
2457 1184 24 18 to

1898 1205 88 22 receive
1995 1206 77 26 25,000
2080 1205 66 22 silver
2154 1206 74 22 rubles
2236 1206 20 21 if
2267 1207 29 21 he
2302 1207 105 23 succeeds
2415 1207 24 24 in
2446 1207 35 25 his

1899 1231 157 28 undertaking.
2094 1232 37 22 He
2140 1232 19 22 is
2167 1235 25 19 at
2201 1236 89 24 present
2298 1234 116 30 fifty-nine,'
2418 1242 63 20 years

1900 1258 26 22 of
1936 1265 49 21 age.
2013 1277 1 7 ,

1933 1287 24 24 A
1969 1287 72 25 Hint
2054 1296 30 16 to
2096 1289 243 26 Anti-reformers.
2341 1302 34 6 —
2376 1290 24 24 It
2411 1290 20 23 is
2442 1294 40 20 not

1899 1320 97 25 because
2007 1322 59 23 fears
2086 1330 38 16 are
2143 1323 122 31 expressed
2282 1324 45 23 and
2345 1323 136 32 predictions

1901 1354 25 22 of
1934 1355 52 23 ruin
2001 1355 45 23 and
2063 1356 82 30 misery
2156 1355 107 32 indulged
2274 1357 25 24 in
2309 1355 69 33 (even
2390 1356 91 32 by-per-

1901 1394 53 16 sons
1967 1387 73 24 whose
2053 1388 129 24 educations
2194 1390 42 23 and
2244 1390 108 31 standing
2362 1388 25 25 iri
2398 1390 85 31 society-

1900 1420 88 24 should'
2004 1420 57 24 have
2078 1421 79 32 taught
2177 1421 61 25 them
2258 1428 22 18 to
2299 1423 100 24 exercise
2420 1430 62 17 more

1900 1454 113 30 prudence
2022 1454 44 24 and
2079 1454 106 33 forsight)
2198 1455 48 24 that
2262 1456 97 24 rational
2369 1456 113 31 improve-

1901 1491 74 19 ments
1993 1487 82 24 should
2093 1488 28 23 be
2140 1489 137 31 interrupted
2298 1490 24 23 in
2341 1491 31 22 its
2395 1496 87 18 course.

1901 1520 24 23 A
1935 1525 60 18 most
2010 1521 141 24 remarkable
2167 1522 79 24 debate
2257 1522 55 25 took
2329 1522 64 32 place
2409 1522 25 23 in
2445 1522 38 25 the

1902 1553 88 24 British
2011 1554 80 24 House
2108 1555 26 23 of
2152 1555 122 24 Commons
2294 1563 30 16 on
2345 1555 37 24 the
2401 1554 41 25 4th
2460 1556 26 23 of

1901 1586 75 31 April,
1996 1588 72 28 1671,
2087 1595 28 16 on
2128 1589 92 31 moving
2235 1588 39 24 the
2293 1587 82 26 second
2391 1588 93 32 reading

1893 1621 2 31 |
1902 1620 24 23 of
1942 1628 13 15 a
1967 1620 46 24 Bill
2025 1621 35 23 for
2072 1621 102 32 building
2185 1629 14 15 a
2209 1621 79 32 bridge
2300 1630 53 16 over
2374 1622 39 23 the
2423 1623 61 23 river

1903 1653 98 24 Thames
2019 1659 24 18 at
2061 1655 98 29 Putney.
2252 1655 49 24 that
2318 1656 116 23 occasions
2446 1655 38 24 Sir

1901 1686 101 24 William
2014 1687 133 31 Thompson
2158 1687 53 23 thus
2223 1688 71 31 spoke
2304 1697 6 15 :—:
2312 1701 34 4 —

1929 1724 45 23 Mr.
1990 1724 104 28 Speaker,
2096 1737 28 5 —
2125 1725 102 29 London,
2238 1726 20 22 is
2277 1726 177 27 circumscribed,
2469 1727 15 21 I

1902 1758 65 15 mean
1979 1752 36 21 the
2021 1752 51 27 City
2077 1753 25 21 of
2106 1753 107 27 London;
2224 1752 62 23 there
2294 1761 36 15 are
2338 1754 66 26 walls,
2415 1757 70 24 gates,

1903 1778 43 22 and
1952 1778 140 28 boundaries,
2103 1780 53 22 than
2165 1780 71 22 which
2243 1787 28 15 no
2279 1787 53 15 man
2339 1787 40 16 can
2387 1780 98 22 increase

1903 1804 113 23 ofextend
2023 1813 7 20 ;
2046 1806 61 22 those
2117 1807 68 21 limits
2195 1814 56 14 were
2261 1810 33 19 set
2307 1808 31 26 by
2348 1807 36 22 the
2395 1807 90 23 wisdom

1903 1832 25 21 of
1936 1839 41 14 our
1986 1835 119 25 ancestors,
2116 1833 44 22 and
2171 1834 50 21 God
2230 1834 73 22 forbid
2312 1835 52 25 they
2372 1834 80 24 should
2458 1835 27 21 be

1903 1858 90 23 altered.
2022 1859 55 27 But;
2086 1861 41 27 Sir,
2138 1860 85 27 though
2234 1860 62 22 these
2306 1860 129 23 landmarks
2444 1868 41 15 can

1903 1892 69 15 never
1981 1886 26 22 be
2016 1888 132 21 removed—
2150 1887 12 22 l
2173 1895 45 19 say,
2233 1895 75 19 never,
2320 1889 36 21 for
2366 1888 10 21 I
2390 1888 56 21 have
2456 1895 30 15 no

1903 1912 117 23 hesitation
2039 1914 23 21 in
2081 1914 89 28 stating,
2188 1915 48 21 that
2252 1915 65 23 when
2326 1926 1 10 i
2333 1915 39 23 the
2388 1914 61 24 walls
2465 1915 25 21 of

1905 1939 90 22 London
2006 1940 58 22 shall
2072 1948 30 14 no
2112 1942 78 26 longer
2199 1941 28 21 be
2237 1941 85 28 visible,
2333 1942 45 22 and
2386 1940 101 29 Ludgate

1903 1965 19 22 is
1932 1966 143 28 demolished,
2087 1967 105 28 England
2199 1968 62 22 itself
2267 1968 45 22 will
2324 1969 28 21 be
2361 1975 24 15 as
2394 1968 94 28 nothing

1903 2003 28 5 —
1931 1992 91 28 though,
2039 1995 35 26 sir,
2086 1994 61 22 these
2155 1994 131 24 landmarks
2295 1997 42 20 are'
2345 1995 141 27 immovable,

1903 2019 113 28 indelible,
2027 2020 184 34 indestrijctable,,
2217 2025 79 24 except
2302 2022 53 22 with
2364 2022 38 21 the
2407 2021 81 23 consti-

1905 2046 71 22 tution
1986 2047 26 20 of
2023 2046 43 23 the'
2070 2050 100 25 country,
2187 2051 38 24 yet
2237 2048 19 21 it
2264 2049 20 20 is
2291 2049 26 21 in
2326 2049 39 21 the
2378 2055 74 17 power
2465 2049 28 21 of

1905 2072 134 28 speculative
2051 2072 101 25 theorists
2162 2078 29 18 to-
2195 2074 79 22 delude
2284 2074 38 23 the
2333 2072 76 25 minds'
2414 2075 26 21 of
2451 2074 37 23 the

1903 2099 79 28 people
2055 2100 110 28 visionary
2171 2102 97 31 projects
2279 2102 25 21 of
2314 2102 128 25 increasing
2450 2101 38 23 the

1906 2126 65 23 skirts
1981 2127 23 22 of
2011 2126 38 22 the
2061 2128 49 28 city,
2118 2129 27 21 iso
2154 2128 50 23 that
2211 2131 17 19 it
2235 2135 52 21 may
2296 2135 56 16 even
2359 2128 48 27 join
2417 2128 71 22 West-

1905 2152 98 24 minster.
2025 2164 3 3 •
2118 2153 2 4 '
2278 2163 4 4 •

1932 2180 46 23 Mr.
1990 2180 119 25 Boscawen
2119 2182 54 28 said,
2252 2182 62 23 there
2325 2189 56 16 were
2396 2190 45 20 any
2449 2182 40 22 ad-

1904 2210 95 24 vantage
2014 2209 90 22 derived
2114 2210 57 21 from
2183 2217 14 14 a
2206 2209 78 28 bridge
2293 2213 24 19 at
2330 2210 95 26 Putney,
2439 2215 49 22 per-

1905 2233 54 32 haps
1976 2241 60 15 some
2054 2236 126 26 gentleman
2197 2236 72 22 would
2289 2236 47 22 find
2355 2239 39 18 out
2410 2237 50 21 that
2475 2244 14 14 a

1905 2260 77 28 bridge
1992 2265 22 18 at
2024 2262 155 22 Westminster
2189 2262 70 23 would
2274 2263 28 22 be
2312 2271 14 15 a
2334 2263 154 23 convenience.

1906 2287 61 22 Then
1979 2288 63 22 other
2051 2290 137 22 honourable
2193 2296 42 21 gen
2239 2290 81 22 tlemen
2328 2289 159 28 ini&htdream,

1905 2314 48 22 that
1963 2323 14 13 a
1985 2315 78 28 bridge
2073 2316 56 22 from
2139 2316 37 22 the
2187 2316 44 23 end
2237 2317 26 21 of
2269 2317 64 23 Fleet
2343 2316 90 23 Market
2440 2316 48 23 into

1907 2341 37 22 the
1963 2342 64 22 fields
2045 2350 27 14 on
2089 2343 37 22 the
2140 2344 100 27 opposite
2255 2343 47 23 side
2317 2343 27 23 of
2357 2343 37 22 the
2414 2347 73 24 water,

1907 2368 72 22 would
1988 2370 28 22 be
2030 2377 15 14 a
2053 2370 43 22 fine
2106 2371 142 26 speculation,
2265 2378 24 14 or
2293 2370 55 24 Vho
2357 2370 82 26 knows,
2447 2370 42 22 but

1906 2397 23 19 at
1946 2396 42 21 last
2002 2396 18 22 it
2037 2397 73 26 might
2124 2397 28 21 be
2167 2397 107 28 proposed
2284 2400 23 19 to
2320 2396 54 23 arch
2384 2404 53 15 over
2451 2397 38 22 the

1905 2422 59 22 river
1987 2423 130 28 altogether,
2141 2424 45 22 and
2204 2423 64 24 build
2274 2437 6 4 -
2291 2432 13 14 a
2327 2423 78 32 couple
2427 2422 62 35 Jrijjjire

1906 2449 94 28 bridges,
2012 2458 42 15 one
2060 2451 58 21 from
2129 2450 36 22 the
2172 2451 81 23 Palace
2260 2455 24 18 at
2294 2452 110 22 Somerset
2413 2450 77 23 House

1905 2476 48 22 into
1966 2476 38 23 the
2014 2477 68 28 Surry
2092 2477 109 28 Marshes,
2218 2477 45 23 and
2280 2477 93 23 another
2381 2477 57 23 from
2453 2477 36 23 the

1905 2503 62 21 front
1976 2504 26 21 of
2008 2504 37 22 the
2056 2504 114 23 Guildhall
2186 2505 46 22 into
2242 2504 137 24 Southwark.
2409 2504 80 27 (Great

1906 2530 120 30 laughter.)

1934 2556 97 29 Perhaps
2052 2565 60 15 some
2136 2558 137 23 honourable
2294 2557 127 30 gentlemen
2441 2558 49 22 who

1907 2591 56 14 were
1978 2584 122 23 interested
2112 2585 26 27 in,
2153 2585 54 22 such
2217 2589 98 24 matters,
2331 2585 73 23 would
2414 2588 39 25 get
2460 2592 31 21 up

1906 2611 23 21 in
1945 2611 56 22 their
2010 2611 74 28 places
2093 2611 45 23 and
2153 2620 100 19 propose,
2271 2613 49 22 that
2329 2619 40 15 one
2381 2620 25 14 or
2416 2616 47 18 two.
2467 2613 27 21 of

1906 2637 63 23 these
1978 2638 87 28 bridges
2082 2638 78 23 should
2169 2637 64 25 build
2242 2639 26 23 of
2280 2640 57 22 iron.
2367 2639 91 26 (Shouts
2467 2639 27 23 of

1906 2664 119 28 laughter.)

1924 2691 54 23 'For
1991 2699 39 21 my
2039 2695 56 26 part,
2106 2693 20 22 if
2138 2692 43 23 this
2196 2693 40 22 but
2244 2700 82 21 passes,
2344 2692 11 23 I
2367 2692 46 24 will
2425 2700 65 15 move

1905 2718 35 22 for
1955 2719 62 22 leave
2034 2723 22 18 to
2070 2717 71 30 bring,
2148 2721 23 21 in
2186 2719 50 25 hnlf
2244 2720 97 23 a-dozen
2355 2726 61 16 more
2432 2718 57 28 billsi

1906 2745 35 22 for
1955 2745 101 29 building
2069 2747 88 27 bridges
2166 2750 24 18 at
2205 2747 100 26 Chelsea,
2323 2746 44 23 and
2381 2749 24 19 at
2420 2746 71 22 Ham-

1907 2773 121 27 mersmith,
2047 2773 43 23 and
2106 2777 25 19 at
2146 2773 86 23 Marble
2248 2773 54 23 Hall
2317 2773 75 28 Stairs,
2409 2773 45 22 and
2468 2776 25 19 at

1907 2799 123 28 Brentford,
2051 2800 45 22 and
2111 2804 23 18 at
2150 2801 57 28 fifty,
2216 2801 64 22 other
2298 2801 85 28 places*
2391 2799 86 23 besides
2484 2800 5 22 !

1908 2825 136 27 (Continued
2053 2827 118 28 laughter.)

1935 2860 44 23 Mr.
1991 2861 66 22 Lowe
2067 2861 103 23 declared
2178 2862 19 21 it
2205 2865 23 18 to
2237 2862 28 23 be
2277 2862 37 22 the
2322 2860 92 29 opinion
2422 2860 25 22 of
2453 2860 38 22 the

1930 2887 83 28 wprthy
2023 2888 61 23 chief
2096 2888 135 28 magistrate,
2247 2888 49 23 tiba't
2308 2889 23 22 if
2341 2895 43 20 any
2394 2890 55 19 carts
2461 2894 30 20 go

1907 2921 53 16 over
1974 2914 88 29 Putney
2076 2914 88 28 Bridge,
2181 2914 37 24 the
2235 2915 50 27 City
2296 2916 27 21 of
2336 2913 92 24 London
2446 2921 45 14 was

1905 2941 153 27 irretrievably
2185 2942 45 22 and
2239 2942 80 28 added,
2328 2940 48 23 that
2385 2941 38 22 the
2432 2940 60 23 river

1906 2968 71 22 above
1985 2968 94 22 London
2090 2968 81 28 Bridge
2178 2967 74 24 would
2256 2968 28 23 be
2290 2966 79 28 totally
2376 2966 116 29 destroyed

1906 3002 25 15 as
1940 3003 13 14 a
1962 2995 138 27 navigation.

1924 3032 91 23 LINES
2030 3031 143 23 WRITTEN
2189 3032 43 23 ON
2247 3032 56 23 MR.
2314 3031 158 23 jCANNING.

1934 3064 65 22 Hard
2006 3064 20 22 is
2034 3063 34 23 his
2079 3064 44 22 Lot
2131 3064 72 22 whom
2212 3064 75 24 public
2295 3063 72 23 duties
2374 3062 61 28 bind,

1933 3092 34 22 To
1976 3091 54 21 bear
2039 3090 37 22 the
2086 3090 97 28 changes
2193 3091 29 23 of
2225 3091 38 22 the
2272 3091 75 28 public
2355 3089 64 23 mind
2425 3097 5 20 ;

1934 3118 33 22 To
1976 3117 56 23 hear
2037 3116 38 24 his
2084 3118 125 29 reputation
2218 3118 80 22 roared
2308 3123 70 20 away,

1935 3143 53 24 And
1996 3145 56 21 read
2061 3144 39 23 the
2108 3140 64 32 lying
2181 3151 77 21 papers
2266 3145 28 23 -of
2301 3145 38 21 the
2349 3145 50 26 day.

1935 3191 59 22 How
2003 3191 53 22 fleet
2064 3191 18 21 is
2091 3191 38 22 the
2138 3191 85 27 growth
2233 3191 27 22 of
2264 3198 15 15 a
2287 3191 38 26 fib,
2390 3215 9 4 _
2425 3206 9 11 -.

1934 3218 47 22 The
1992 3217 136 28 astonishing
2138 3218 68 28 speed
2214 3218 26 22 of
2246 3218 29 22 its
2282 3217 66 28 flight
2354 3224 11 25 {>

1935 3245 109 27 Outstrips
2054 3245 38 22 the
2103 3245 41 21 less
2153 3244 150 23 mischievous
2312 3243 71 29 squib,

1934 3272 45 21 Let
1987 3272 33 22 off
2028 3278 28 15 on
2066 3278 14 15 a
2091 3271 92 28 holiday
2191 3271 71 28 night.

1934 3304 142 21 Arsenic—
2076 3302 48 23 The
2134 3302 57 23 Rev.
2201 3302 35 22 W.
2246 3303 97 28 Thorpe,
2350 3302 26 21 of
2381 3301 111 22 Womers-

1908 3330 44 27 ley,
1969 3330 41 21 has
2025 3329 128 24 discovered
2167 3330 114 28 a-;perfect
2291 3328 106 24 -antidote
2413 3332 22 17 to
2449 3327 44 22 this

1908 3360 58 19 most
1973 3356 53 23 fatal
2033 3356 166 28 poison,.wbich
2206 3356 70 28 ought
2280 3360 23 18 to
2309 3358 28 21 be
2341 3354 65 24 made
2411 3355 80 22 known

1909 3387 22 19 to
1941 3384 30 22 all
1980 3384 37 24 the
2026 3382 85 29 faculty
2119 3383 22 22 in
2149 3383 38 22 the
2192 3381 85 24 United
2286 3379 148 38 Kingdom^
2437 3379 22 24 It
2464 3381 27 27 is;

1908 3418 33 15 we
1957 3410 94 28 believe,
2068 3410 37 23 the
2116 3417 101 15 common
2234 3410 78 25 reddle
2321 3408 55 25 used
2381 3426 6 10 ;
2390 3405 30 31 by
2428 3407 65 26 shep^-

1908 3438 66 22 herds
1983 3440 23 19 to
2016 3437 64 23 mark
2088 3437 58 23 their
2158 3436 79 28 .sheep,
2253 3436 127 23 and'whicn
2393 3436 97 21 is^maoe

1908 3468 23 18 at
1940 3464 155 28 Micklebring,
2109 3464 57 22 from
2176 3471 14 14 a
2198 3464 95 22 mineral
2302 3470 38 16 ore
2350 3461 71 26 called
2434 3467 59 16 nxe-

1907 3491 85 23 matile.
2180 3500 4 5 •
2270 3494 7 20 J

1941 3530 25 24 A
1985 3530 170 28 Puzzler.,—
2155 3530 26 26 lf
2196 3528 63 26 three
2279 3528 84 30 Barley
2384 3525 109 25 MowsM-

1907 3563 68 25 m&ke
1986 3571 43 16 one
2042 3563 141 31 Hay-stack,
2195 3563 59 25 how:
2263 3569 70 24 many
2349 3559 144 32 bagpipesrr*

1906 3596 71 25 make
1987 3605 45 16 one
2040 3596 81 25 Kettle
2131 3596 93 26 Dram?

576 54 97 46 CFfK
697 54 119 42 y^to
842 54 211 42 gtalantr
1076 54 188 47 (&wttt
1291 55 92 40 attft
1407 55 300 48 affielltngton
1729 52 255 51 &p*ctator-

81 2581 6 4 .
105 2576 3 11 /

133 2515 50 20 Beef,
190 2515 47 18 from
245 2515 60 18 whom
315 2515 87 18 received.

493 2435 36 37 J.

542 2434 1 21 !
576 2435 17 23 «3

542 2456 1 18 I
576 2457 16 17 2.

542 2583 1 19 i
576 2569 16 33 f

627 2451 12 9 o

627 2461 12 18 S

627 2490 17 20 3'

601 2511 42 27 La

601 2564 15 18 r
627 2549 17 33 I

491 2612 42 18 lbs.,

84 2628 60 18 fessrs.
152 2631 103 17 Arbuthnot
260 2632 38 16 and
305 2632 30 17 Co.
408 2646 10 5 ._
424 2634 27 19 *'
463 2635 2 4 '
496 2634 33 17 244

84 2650 64 17 olonial
154 2652 49 18 Beef,
211 2652 55 17 cured
272 2652 45 17 with
324 2651 141 23 Llverpo6lii«ltl
489 2655 39 17 .280

84 2672 64 16 olonial
155 2673 49 20 Beef,
214 2674 55 17 cured
277 2674 43 16 with
328 2673 127 22 Colontti;dalt'.
479 2672 53 23 S*2Bo-

84 2693 78 20 >cptford.
389 2695 43 23 .'.•'■.
431 2700 4 10 :
436 2693 71 27 >>/;^J?
509 2696 9 17 B
519 2698 14 21 °.

551 2613 35 17 lbs.
599 2613 2 21 |

560 2634 31 17 132

560 2655 32 17 167

560 2675 41 18 176/

561 2698 29 15 165

616 2613 32 17 lbi.

625 2634 29 17 112

624 2655 30 17 113

624 2676 31 17 104

624 2698 30 16 115

79 2761 12 16 f
91 2766 52 12 essri.
150 2763 104 16 Arbuthnot
260 2764 36 16 and
304 2764 35 16 Cos-
364 2768 14 8 •>
391 2768 3 4 •

79 2781 70 18 lolonial
157 2783 48 18 Beef,
212 2783 56 17 cured
273 2782 45 19 with
325 2784 93 21 Liverpool
425 2785 40 16 salt.

79 2803 71 17 !olonial
157 2803 49 20 Beef,
214 2804 55 16 cured
275 2804 45 16 with
327 2804 78 17 Colonial
412 2806 42 16 Salt,

79 2823 85 21 leptford.

510 2765 17 17 71

508 2785 19 17 71

509 2806 20 16 80

509 2825 21 18 70

572 2766 20 16 42

572 2787 20 16 48

571 2808 22 15 49

571 2827 21 17 47

634 2766 21 16 29

633 2787 23 16 23

635 2808 19 15 31

633 2829 23 15 23

1907 3659 52 48 A
1992 3657 139 27 HURLEY,
2141 3657 82 22 Bread
2238 3664 46 14 and
2298 3655 95 22 Biscuit
2404 3652 89 30 Baker,

1964 3696 10 12 •
2023 3684 93 24 Past^t
2138 3684 71 27 Cook,
2233 3690 47 16 and
2308 3682 184 26 Confectioner,

1906 3717 89 18 returns
2003 3711 36 23 his
2049 3711 85 22 sincere
2144 3706 83 31 thanjes
2233 3713 24 17 to
2268 3706 124 26 hisfriendß
2401 3707 48 23 and'
2454 3708 40 23 the

1906 3739 79 28 public,
1994 3739 38 24 for
2043 3756 4 11 ;
2046 3737 38 23 the
2099 3737 81 24 liberal
2193 3737 91 30 support
2298 3734 29 23 he
2341 3733 41 23 has
2392 3734 102 24 received

1906 3766 62 25 since
1976 3765 36 23 his
2024 3767 194 21 commencement
2225 3763 24 22 in
2256 3762 44 24 the.
2305 3761 73 23 above
2385 3761 61 28 line,-
2449 3763 45 22 and

1906 3793 54 27 begs
1969 3796 23 19 to
2000 3792 82 22 inform
2091 3792 61 22 them
2161 3789 50 23 that
2218 3785 29 26 he
2255 3789 43 23 has
2303 3787 89 33 opened
2395 3787 98 27 jhi*.n>w

1907 3819 106 28 premises
2022 3826 29 15 on
2064 3817 189 27 Lambton-quay,
2264 3815 44 23 and

1906 3843 159 30 selling'gqoQs
2074 3844 27 23 of
2110 3852 14 15 a
2133 3843 104 23 first-rate
2252 3840 94 31 quality?
2352 3840 33 28 Tte
2394 3841 100 26 staJVre-

1907 3872 220 29 ceive.thataufcpprt
2142 3869 85 25 itahall
2242 3878 54 16 ever
2304 3870 32 22 be'
2344 3868 39 31 hie;
2388 3869 72 30 -Study
2463 3881 5 13 (
2471 3871 23 21 to

1906 3896 77 27 iherU.'
2006 3899 8 8 '~
2016 3914 7 14 :
2030 3895 102 36 \!'^4}ri
2143 3918 4 3 ■
2159 3911 3 4 •
2321 3900 5 3 '
2391 3916 5 4 •
2411 3899 48 27 '#""
2468 3902 25 16 *•'

1922 3924 96 29 Families
2035 3931 50 22 and'-
2095 3928 104 29 Shipping
2215 3930 97 28 supplied
2329 3935 26 15 on
2374 3930 37 20 the
2427 3925 69 29 Mtotfi,

1941 3970 12 7 -•
1964 3961 17 14 f
1995 3970 4 4 -
2028 3977 3 6 ,
2066 3958 12 22 ?.
2093 3956 125 23 -reasonable
2228 3960 70 21 terms,
2310 3965 10 9 ••
2484 3982 4 5 v
2501 3967 5 7 ••
