2580 4079
905 629 142 20 ARRIVED.

711 664 117 22 December
848 665 36 24 16,
903 663 105 21 schooner
1026 660 122 28 Richmond,
1169 661 28 20 23
1214 662 57 24 tons,

683 691 84 26 Brown,
778 691 55 22 from
842 693 38 19 the
890 692 67 20 coast.

713 719 64 21 Same
792 719 49 26 day,
852 719 60 26 sloop
922 717 70 26 Royal
1008 715 101 26 William,
1119 717 28 21 43
1163 719 57 21 tons,
1230 714 41 22 Lo-

683 747 117 24 yett,,from
814 746 97 22 Porirua.

704 774 123 21 .December
843 775 39 24 .18,
901 773 105 21 schooner
1030 771 107 26 Industry,
1162 772 27 20 24
1214 773 57 21 tons,

683 801 83 26 Wylde,
776 801 57 21 from
843 801 96 20 Porirua.

709 828 61 21 Same
780 829 47 26 day,
837 827 120 28 brigantine
969 827 122 25 Wanderer,
1101 827 58 20 from
1178 825 93 27 Sydney.

924 880 118 21 SAILED.

712 915 53 22 Dec.
777 916 34 24 17,
821 916 106 21 schooner
941 915 64 25 Kate,
1019 914 28 21 62
1061 915 58 23 tons,
1133 914 138 26 Macfarlane,

683 943 32 21 for
725 943 38 21 the
772 946 72 18 -coast.

856 1006 125 18 CUSTOM
995 1006 107 18 HOUSE.

881 1061 189 21 EXPORTS.

711 1094 30 20 In
755 1100 47 15 the
1005 1100 45 14 for
1063 1093 108 21 London.
1171 1103 30 6 —
1204 1093 66 21 Waitt

683 1122 43 21 and
741 1122 72 26 Tystr,
828 1122 88 26 Agents.
917 1132 28 4 —
946 1122 40 20 225
1002 1122 60 20 casks
1075 1121 65 22 black
1154 1121 38 24 oil,
1207 1122 14 19 8
1235 1120 35 22 do.

683 1156 76 20 sperm,
774 1150 41 20 333
830 1150 89 20 bundles
933 1149 128 24 whalebone,
1072 1149 13 20 9
1098 1149 59 20 bales
1170 1149 51 24 flax,
1236 1149 34 20 old

683 1183 84 21 copper,
776 1178 14 19 3
801 1177 58 20 bales
869 1176 63 25 wool,
943 1177 13 20 3
973 1183 66 18 cases,
1049 1176 42 21 413
1100 1176 72 26 pieces
1186 1175 84 26 timber,

683 1205 11 20 6
703 1204 88 21 bundles
799 1205 128 24 whalebone,
938 1205 11 20 1
958 1211 47 14 case
1013 1204 79 25 clocks,
1102 1204 12 20 1
1121 1203 47 20 bale
1175 1203 95 26 weights,

683 1233 9 20 1
704 1238 51 15 case
764 1232 127 26 curiosities,
903 1232 10 20 1
925 1232 35 20 do.
972 1232 123 24 stationery,
1112 1232 11 19 1
1134 1237 47 14 case
1191 1232 79 25 plants,

683 1261 9 19 1
704 1265 50 16 case
760 1260 124 26 stationery.
914 1259 126 27 Passengers
1042 1270 25 4 —
1067 1258 62 21 R..8.
1136 1258 67 27 Tyser
1211 1258 59 28 Esq.,

683 1287 42 21 Mr.
736 1288 97 26 Burgess,
844 1288 45 21 Mr.
899 1286 36 21 W.
946 1287 119 25 Bannister,
1077 1286 44 21 Mr.
1132 1286 32 21 H.
1174 1286 96 25 Robson,

683 1315 42 21 Mr.
745 1315 114 25 Atkinson,
879 1314 44 22 Mr.
943 1314 116 24 Johnston,
1080 1314 45 21 Mr.
1151 1313 119 27 Chapman,

685 1343 45 17 Mr.
741 1343 41 17 and
791 1343 54 17 Mrs.
856 1342 88 18 Levien.

763 1535 157 24 Wednesday.
931 1534 129 24 December
1072 1536 36 24 20,
1126 1536 60 21 1843.

680 1414 93 57 New
804 1414 216 57 Zealand
1051 1414 216 57 Gazette

722 1472 67 21 AND
805 1471 218 22 WELLINGTON
1041 1471 189 22 SPECTATOR.

1949 899 46 25 We
2005 900 58 24 have
2075 902 105 22 received
2187 909 14 16 a
2208 901 67 25 letter
2285 903 81 32 signed

1916 933 154 31 complaining
2082 934 26 23 of
2116 934 85 32 having
2211 933 45 26 had
2269 940 22 19 to
2303 944 45 24 pay
2356 945 45 17 one
2408 938 95 33 shilling

1916 966 45 23 and
1972 967 52 23 four
2035 975 71 22 pence
2118 975 30 16 on
2159 968 101 31 English
2271 969 79 25 letters
2361 970 101 32 brought
2473 973 30 31 by

1917 999 37 24 the
1965 997 137 32 Mandarin,
2115 1001 19 22 it
2145 1001 20 23 is
2178 1002 111 30 supposed
2302 1004 24 22 in
2347 1011 155 25 consequence

1917 1033 24 23 of
1967 1033 42 23 her
2032 1033 85 32 having
2137 1034 70 24 called
2230 1039 23 19 at
2278 1036 125 25 Auckland
2422 1039 79 24 before

1917 1067 92 30 coming
2020 1066 53 24 here
2082 1076 6 19 ;
2110 1067 45 24 and
2168 1068 135 32 attributing
2322 1070 45 23 this
2387 1072 115 24 increased

1917 1099 83 30 charge
2011 1104 24 19 to
2046 1100 49 24 Mr.
2109 1100 131 25 Shortland.
2277 1102 59 24 This
2345 1104 20 23 is
2375 1112 14 15 a
2396 1105 104 30 mistake,

1918 1133 47 23 Mr.
1980 1133 125 24 Shortland
2124 1134 42 24 has
2184 1142 29 16 no
2233 1136 88 23 cpnlrol
2333 1144 53 17 over
2398 1138 38 23 the
2446 1139 57 23 Post

1917 1166 84 29 Office,
2013 1166 31 23 all
2054 1166 39 24 the
2104 1168 139 31 regulations
2264 1177 39 15 are
2321 1171 102 23 received
2443 1171 59 25 from

1916 1199 38 24 the
1966 1199 59 24 head
2037 1199 143 32 department
2186 1202 22 22 in
2218 1201 118 31 England.
2372 1202 51 23 The
2434 1211 67 25 regu-

1915 1232 85 24 lations
2011 1234 101 31 recently
2122 1234 159 31 promulgated
2297 1235 31 29 by
2348 1234 37 24 the
2404 1235 96 27 London

1915 1266 58 23 Post
1985 1266 75 23 Office
2079 1275 38 14 are
2135 1267 97 30 .proving
2251 1274 13 15 a
2283 1267 102 24 dreadful
2404 1269 96 26 burthen

1915 1307 61 22 upon
1988 1300 39 22 the
2041 1299 125 23 Colonists.
2207 1298 36 25 As
2262 1307 34 16 we
2313 1300 29 24 do
2361 1306 41 20 not
2412 1302 87 26 believe

1915 1331 47 23 this
1973 1338 47 16 was
2032 1331 116 30 intended,
2161 1339 32 16 we
2204 1331 58 25 have
2271 1341 31 17 no
2316 1334 71 25 doubt
2405 1336 58 30 that,
2482 1338 21 23 if

1915 1373 14 15 a
1941 1364 98 24 suitable
2060 1365 118 24 memorial
2195 1366 27 23 be
2241 1371 52 19 sent
2311 1367 74 30 home,
2402 1369 99 32 through

1915 1397 39 24 the
1966 1397 127 30 Governor,
2106 1403 23 19 to
2142 1399 38 24 the
2192 1399 106 24 Colonial
2316 1401 82 30 Office,
2416 1403 20 23 it
2455 1404 46 23 will

1915 1436 61 19 meet
1995 1430 54 25 with
2068 1439 68 24 every
2157 1433 117 29 attention,
2275 1446 35 5 —
2310 1434 43 24 and
2372 1443 33 16 we
2427 1437 75 24 would

1915 1464 146 24 recommend
2081 1464 38 24 the
2136 1465 127 25 immediate
2284 1467 106 32 adoption
2412 1469 27 24 of
2454 1470 46 24 this

1915 1505 119 15 measure.

1917 1560 59 24 HIS
1995 1560 235 27 EXCELLENCY
2242 1564 155 25 CAPTAIN
2409 1565 91 25 FITZ-

2128 1596 80 30 ROY,
2226 1596 68 25 R.N.

1950 1650 24 24 A
1997 1658 124 25 passenger
2140 1653 32 31 by
2188 1653 39 23 the
2248 1652 134 31 Wanderer,
2404 1655 42 24 has
2466 1657 36 23 in-

1917 1683 88 24 formed
2022 1692 28 16 us
2068 1685 49 24 that
2135 1686 102 24 H.M.S.
2260 1686 80 24 North
2357 1686 65 31 Star,
2443 1697 61 17 com-

1917 1717 99 24 manded
2034 1718 30 31 by
2076 1719 100 32 Captain
2193 1720 38 24 Sir
2249 1719 32 25 E.
2304 1720 83 31 Home,
2401 1722 43 25 had
2461 1731 41 16 -ar-

1917 1750 63 25 rived
1990 1751 60 24 from
2062 1751 125 26 Auckland
2198 1757 23 20 at
2239 1753 101 32 Sydney,
2352 1755 45 24 and
2408 1755 50 25 that
2468 1756 36 24 his

1917 1784 143 31 Excellency
2072 1793 46 16 was
2128 1787 69 23 about
2208 1792 23 18 to
2242 1788 98 30 proceed
2350 1789 153 32 immediately

1917 1818 24 23 in
1952 1817 42 26 her
2006 1823 23 19 to
2040 1818 39 25 the
2097 1820 57 24 Seat
2166 1820 24 24 of
2205 1820 156 25 Government
2372 1831 6 19 ;
2402 1823 43 23 and
2455 1822 49 24 that

1919 1850 104 25 H.M.S.
2036 1850 107 33 Hazard,
2153 1854 44 24 had
2205 1853 57 25 been
2273 1854 93 25 ordered
2379 1861 22 18 to
2408 1856 96 31 proceed

1918 1889 22 18 to
1955 1884 87 25 Cook's
2055 1886 97 23 Straits.

2084 1945 56 25 Mr.
2161 1946 180 25 CHAPMAN.

1952 1996 25 25 It
1997 1998 20 22 is
2029 1998 74 24 stated
2115 1999 49 24 that
2182 2000 46 24 Mr.
2242 2000 118 30 Chapman
2380 2000 45 25 had
2437 2002 68 23 taken

1918 2029 36 18 his
1965 2033 98 23 passage
2081 2031 31 26 by
2123 2031 40 19 the
2176 2030 135 27 Wanderer,
2322 2031 41 21 but
2374 2032 131 23 afterwards

1919 2057 141 25 determined
2081 2063 24 19 to
2117 2067 65 16 come
2199 2061 23 22 in
2242 2060 39 24 the
2288 2080 3 4 .
2300 2060 94 32 Falcon,
2406 2071 14 15 a
2441 2064 66 24 small

1919 2090 75 24 vessel
2015 2091 51 25 said
2086 2097 23 19 to
2129 2093 58 24 have
2208 2093 71 25 sailed
2290 2094 60 25 from
2370 2097 94 32 Sydney
2475 2098 35 23 for

1921 2123 45 24 this
1977 2130 54 26 port
2042 2130 42 19 two
2097 2126 58 32 days
2168 2127 76 24 before
2257 2127 38 24 the
2311 2128 135 27 Wanderer.
2477 2132 35 23 As

1919 2158 17 22 it
1947 2164 46 17 was
2005 2159 140 25 understood
2162 2161 49 23 that
2232 2161 49 24 Mr.
2296 2161 119 32 Chapman
2428 2172 48 15 was
2488 2168 22 20 to

1919 2192 97 30 proceed
2037 2196 23 20 to
2079 2193 127 24 Auckland
2223 2194 25 23 in
2269 2194 43 24 the
2329 2194 137 33 Bengalore,
2479 2205 33 17 we

1919 2230 94 25 suspect
2032 2225 63 25 there
2107 2231 62 19 must
2188 2227 27 24 be
2228 2236 63 16 some
2309 2230 99 24 mistake
2427 2231 24 23 in
2463 2231 46 24 this

1919 2262 130 26 statement,
2060 2260 21 23 &
2092 2259 50 24 that
2151 2260 38 24 the
2196 2269 125 24 passenger
2329 2262 30 31 by
2371 2263 38 24 the
2420 2263 90 25 Falcon

1920 2292 44 22 will
1976 2299 70 24 prove
2064 2297 23 19 to
2100 2293 28 25 be
2140 2302 62 16 some
2214 2295 65 23 other
2298 2296 131 30 gentleman
2441 2297 68 24 bear-

1919 2325 40 31 ing
1971 2325 40 24 the
2023 2334 61 16 same
2096 2334 78 17 name.
2209 2328 88 24 Unless
2309 2329 38 24 the
2358 2328 83 26 North
2451 2329 60 26 Star

1919 2359 134 25 announced
2065 2359 50 25 that
2126 2361 40 23 the
2179 2361 158 25 Government
2347 2362 54 32 brig
2409 2363 47 24 had
2467 2364 42 24 left

1919 2391 125 26 Auckland
2065 2394 45 23 and
2121 2401 47 18 was
2180 2394 71 32 likely
2263 2399 23 20 to
2307 2396 29 23 be
2353 2396 83 24 absent
2447 2406 60 16 some

1919 2426 63 28 time,
2009 2427 119 32 attending
2150 2436 61 24 upon
2232 2428 39 24 the
2295 2429 88 32 Bishop
2405 2431 25 23 of
2451 2431 55 24 New

1919 2459 104 24 Zealand
2032 2469 7 20 ;
2058 2461 23 24 in
2094 2460 75 26 which
2182 2470 49 15 case
2243 2462 40 24 the
2295 2463 69 24 doubt
2377 2464 70 24 about
2458 2464 47 24 Mr.

1921 2492 140 32 Chapman's
2080 2495 72 31 being
2171 2493 94 26 enabled
2285 2500 24 20 to
2321 2501 59 19 meet
2391 2497 34 24 for
2445 2506 61 15 some

1920 2527 55 24 time
1997 2528 54 23 with
2074 2536 30 16 an
2126 2530 148 31 opportunity
2296 2530 26 24 of
2338 2532 91 31 coming
2446 2532 61 29 here,

1919 2568 54 23 may
1983 2559 59 26 have
2053 2561 40 25 led
2098 2566 23 20 to
2131 2563 37 23 his
2180 2563 83 31 having
2282 2563 70 24 taken
2364 2564 37 24 his
2412 2572 95 24 passage

1921 2593 72 25 direct
2004 2599 24 19 to
2041 2595 57 23 Port
2110 2596 140 22 Nicholson.

1289 138 108 33 'suppose
1418 140 47 24 this
1485 140 74 23 would
1580 140 58 24 have
1663 140 56 24 been
1741 141 112 25 rendered
1872 148 14 15 a

1298 173 69 31 depdt
1378 173 38 23 for
1432 173 101 30 whaling
1550 172 94 30 vessels,
1657 173 42 23 and
1719 180 34 17 we
1773 183 38 16 are
1832 180 62 18 sure,

1296 213 70 24 many
1378 207 25 23 in
1415 205 108 33 England
1535 204 74 25 would
1621 206 47 23 find
1679 207 18 22 it
1708 209 69 23 much
1789 209 24 23 to'
1825 206 61 26 their
1888 221 5 5 •

1296 237 129 33 advantage
1435 239 21 23 if
1471 239 53 30 they
1536 238 75 24 would
1628 239 79 24 render
1726 239 18 22 it
1762 249 35 16 so.
1833 240 53 25 The

1298 272 91 23 settlers
1400 272 60 24 have
1480 275 39 19 not
1531 270 39 24 the
1591 272 84 31 capital
1692 272 54 24 with
1767 273 75 25 which
1863 279 23 18 to

1298 304 54 24 take
1364 305 127 30 advantage
1503 304 24 23 of
1542 303 60 24 their
1619 306 108 30 position,
1748 314 26 17 or
1790 314 38 16 ere
1839 306 47 24 this

1298 345 33 15 we
1343 337 72 24 doubt
1425 342 41 19 not
1484 337 51 31 fifty
1547 337 97 23 whalers
1664 338 73 24 would
1757 340 59 24 have
1827 340 59 23 been

1298 371 85 31 sailing
1401 375 40 19 out
1460 371 26 23 of
1500 370 59 24 Port
1579 369 135 26 Nicholson*
1732 388 4 3 -
1748 372 47 25 We
1810 373 75 23 notice

1298 404 147 31 suggestions
1462 404 32 30 by
1513 402 39 24 W.
1566 411 30 16 on
1614 403 46 25 this
1679 405 97 30 subject,
1788 406 42 23 but
1852 413 34 16 we

1298 442 93 26 suspect
1402 437 19 23 it
1432 437 74 24 would
1517 443 70 24 prove
1606 436 50 25 that
1674 439 137 31 steam-ship
1824 439 61 22 wha-

1298 470 50 31 ling
1359 478 46 16 was
1417 470 70 24 found
1498 468 137 32 chimerical,
1649 470 42 24 and
1702 470 39 24 the
1753 471 81 25 author
1844 472 41 22 has

1299 504 58 23 been
1367 503 40 24 led
1417 505 49 22 into
1477 510 63 17 error
1550 503 26 23 in
1591 505 125 31 supposing
1734 505 50 24 that
1801 505 85 23 whales

1299 541 74 20 resort
1392 541 24 20 to
1428 537 119 24 Massacre
1569 536 58 30 Bay,
1638 537 35 24 for
1690 537 39 24 the
1747 543 106 25 contrary
1865 538 21 23 is

1300 570 38 24 the
1348 570 56 24 fact.
1441 570 50 24 Not
1506 578 13 15 a
1534 569 55 23 boat
1608 571 43 23 has
1670 575 38 26 yet
1727 571 124 31 attempted
1863 574 23 20 to

1295 603 78 24 -whale
1391 608 41 19 out
1451 603 26 24 of
1493 602 119 25 Massacre
1631 611 25 16 or
1668 603 69 24 Blind
1755 604 51 31 Bay
1816 613 6 19 ;
1842 604 45 23 and

1299 636 46 24 had
1355 637 86 23 whales
1452 635 101 25 resorted
1566 639 22 20 to
1600 636 51 24 that
1660 641 49 27 part
1721 637 25 24 of
1755 637 59 24 New
1826 637 60 24 Zea-

1299 669 62 29 land,
1373 670 20 23 it
1403 674 64 20 must
1477 670 57 23 have
1545 670 85 30 proved
1642 678 14 15 a
1670 669 94 25 favorite
1776 670 65 32 place
1851 670 37 24 for

1299 703 45 31 bay
1355 702 108 32 whaling.
1498 702 44 24 We
1554 707 39 26 yet
1611 703 59 32 hope
1689 703 49 24 that
1756 704 40 24 the
1814 703 72 24 whale

1299 736 105 24 fisheries
1410 736 32 23 .of
1456 736 58 25 New
1526 735 102 25 Zealand
1639 736 45 24 will
1694 736 30 25 be
1735 736 151 32 encouraged,

1299 769 32 30 by
1350 769 100 32 forming
1470 777 15 16 a
1504 768 83 24 Whale
1606 769 97 32 Fishing
1724 769 121 33 Company
1863 770 24 24 in

1299 802 119 31 England,
1439 807 24 20 to
1484 803 28 23 be
1530 802 127 24 conducted
1675 803 24 23 in
1720 802 65 25 these
1807 803 79 24 settle-

1298 840 85 20 ments.

1333 869 36 24 As
1381 874 41 26 yet
1430 869 99 31 nothing
1540 877 96 25 appears
1642 875 3 5 '
1654 874 22 19 to
1687 869 58 24 have
1756 869 58 25 been
1827 869 59 24 done

1299 903 25 23 in
1335 902 110 31 England
1456 903 36 23 for
1503 902 38 23 the
1554 907 189 27 encouragement
1755 903 25 23 of
1795 903 39 23 the
1846 911 42 16 ex-

1299 940 52 27 port
1363 936 25 23 of
1403 935 62 25 Flax
1474 936 60 23 from
1545 936 65 23 these
1621 935 100 25 Islands.
1757 936 75 24 Much
1843 936 44 24 has

1298 969 59 23 been
1368 973 92 20 written
1477 976 29 16 on
1517 968 44 27 the*
1569 969 89 32 subject
1670 969 70 28 there,
1754 969 45 24 and
1811 974 75 19 atten-

1299 1003 49 23 tion
1359 1002 42 24 has
1412 1002 60 24 been
1480 1001 54 33 paid
1547 1006 23 20 to
1582 1001 39 24 the
1632 1002 167 24 consideration
1811 1002 26 23 of
1850 1003 38 24 the

1298 1035 90 32 growth
1400 1035 26 25 of
1442 1035 38 24 the
1491 1035 72 32 plant,
1577 1035 67 23 while
1656 1044 28 15 on
1701 1035 50 24 that
1762 1036 92 31 portion
1865 1036 25 24 of

1298 1069 39 24 the
1349 1069 91 32 subject
1459 1077 30 16 no
1501 1069 112 30 difficulty
1625 1069 78 24 arises.
1741 1069 62 24 Flax
1815 1070 73 23 exists

1298 1102 25 24 in
1336 1102 134 24 abundance
1482 1102 44 24 and
1538 1102 39 24 the
1588 1102 96 24 Natives
1694 1102 59 24 have
1765 1102 123 24 cultivated

1298 1136 19 24 it
1329 1136 45 23 and
1386 1136 70 23 know
1475 1136 50 23 that
1536 1136 165 30 improvement
1718 1136 20 22 is
1750 1135 40 24 the
1807 1143 80 16 conse-

1298 1176 96 25 quence.
1431 1169 44 24 We
1486 1169 57 24 have
1555 1168 70 24 heard
1639 1169 24 23 of
1672 1176 118 25 processes
1801 1169 87 32 having

1298 1203 59 24 been
1368 1202 133 25 discovered
1512 1202 44 24 and
1568 1202 116 24 machines
1695 1202 107 24 invented
1814 1202 74 24 which

1298 1236 75 24 would
1380 1236 83 24 render
1472 1237 38 23 the
1518 1236 49 24 flax
1573 1235 26 24 fit
1610 1236 36 23 for
1658 1237 151 30 exportation.
1838 1236 49 24 But

1299 1274 23 20 to
1334 1269 46 24 this
1392 1270 55 23 time
1458 1270 38 23 the
1508 1269 97 24 Settlers
1616 1269 25 24 in
1654 1269 84 24 Cook's
1751 1269 84 24 Straits
1848 1277 38 16 re-

1298 1304 64 24 main
1373 1304 25 23 in
1418 1304 122 31 ignorance
1560 1303 25 23 of
1602 1302 71 29 them,
1684 1302 45 24 and
1738 1302 25 24 of
1783 1302 49 25 that
1842 1303 44 23 im-

1298 1342 93 27 portant
1402 1338 91 30 portion
1505 1337 24 24 of
1546 1336 37 23 the
1596 1336 88 32 subject
1703 1336 131 31 especially,
1847 1336 39 22 the

1294 1371 68 31 price
1373 1375 24 19 at
1408 1370 75 25 which
1494 1370 38 26 the
1543 1377 93 24 process
1648 1377 25 16 or
1683 1369 118 23 machines
1813 1368 75 24 would

1298 1404 81 23 enable
1390 1412 29 16 us
1431 1408 22 19 to
1466 1404 51 31 ship
1529 1403 39 24 the
1580 1402 87 28 article,
1679 1401 43 23 and
1739 1401 39 23 the
1790 1401 97 24 demand

1298 1437 35 24 for
1345 1438 26 28 it,
1384 1438 45 22 and
1449 1437 39 23 the
1505 1436 62 31 price
1578 1435 75 23 which
1664 1434 37 24 the
1720 1434 81 24 article
1813 1434 75 24 would

1298 1470 84 24 realize
1393 1470 26 23 in
1437 1469 39 24 the
1493 1468 98 25 London
1613 1467 96 24 market.
1746 1467 45 24 We
1812 1468 74 24 would

1299 1508 95 27 suggest
1415 1508 24 19 to
1449 1510 43 17 our
1503 1502 102 31 English
1616 1501 94 29 friends,
1724 1501 49 24 who
1795 1509 37 16 are
1845 1509 41 16 ex-

1297 1538 168 30 peramenting,
1477 1536 38 24 the
1527 1536 126 30 advantage
1662 1534 72 24 which
1743 1535 76 23 would
1827 1535 60 24 arise

1298 1570 61 24 from
1369 1570 133 31 furnishing
1513 1578 14 15 a
1543 1568 60 24 little
1614 1576 63 16 more
1694 1568 110 31 practical
1815 1568 73 24 infor-

1297 1604 97 24 mation.
1426 1603 108 31 'Writing
1545 1608 24 18 at
1587 1602 68 23 home
1667 1601 68 24 about
1754 1601 59 24 New
1826 1602 60 23 Zea-

1298 1637 55 25 land
1360 1642 104 24 matters,
1471 1637 20 23 is
1500 1636 116 24 abundant
1625 1635 44 23 and
1677 1635 80 29 clever,
1764 1635 43 23 but
1814 1636 73 23 emin-

1298 1670 64 33 ently
1380 1671 98 24 useless.
1520 1669 53 24 The
1591 1669 126 31 shipments
1737 1669 75 23 which
1830 1669 58 29 b,ave

1297 1705 60 24 been
1367 1704 98 31 making
1475 1704 36 23 for
1529 1710 63 16 some
1603 1702 91 24 months
1706 1702 54 29 will,
1773 1710 34 16 we
1820 1702 67 33 hope,

1298 1739 103 24 increase
1420 1738 95 23 interest
1534 1737 25 23 in
1580 1736 40 23 the
1636 1735 96 32 subjeot,
1745 1735 46 24 and
1809 1735 80 25 before

1298 1771 56 32 long
1373 1779 81 16 secure
1473 1775 23 19 to
1515 1770 39 23 the
1567 1769 115 24 Colonists
1695 1770 38 24 the
1754 1769 133 24 confidence

1299 1813 122 23 necessary
1434 1809 23 19 to
1470 1808 97 20 warrant
1580 1803 58 24 their
1658 1803 76 31 acting
1745 1803 56 24 with
1813 1803 74 31 spirit.

1333 1838 45 24 We
1390 1837 109 25 conclude
1510 1837 56 23 with
1576 1844 40 16 our
1628 1836 38 24 old
1677 1844 65 23 song,
1754 1837 39 23 the
1805 1844 81 16 neces-

1299 1872 47 32 sity
1357 1872 26 24 of
1392 1880 14 15 a
1418 1871 66 24 Loan
1496 1871 126 31 Company.
1660 1870 44 24 Let
1715 1871 40 22 the
1766 1869 123 24 Directors

1300 1905 100 24 advance
1419 1904 38 24 the
1470 1904 89 30 Colony
1570 1904 131 28 £100,000
1722 1908 24 20 at
1756 1904 53 23 four
1820 1904 46 23 and
1877 1912 13 14 a

1299 1938 51 24 half
1359 1946 40 24 per
1412 1943 53 20 cent
1470 1938 108 28 -interest,
1591 1937 45 23 and
1658 1937 36 24 the
1710 1941 80 20 return
1802 1937 47 24 will
1860 1937 28 24 be

1301 1976 38 20 ten
1350 1979 41 24 per
1403 1976 53 18 cent
1461 1979 5 6 1
1468 1976 23 18 to
1503 1970 37 24 the
1548 1970 142 28 institution;
1703 1970 45 24 and
1761 1970 128 24 thecottse-

1294 2012 117 22 jjuences,
1431 2004 140 30 agriculture
1585 2003 63 23 from
1665 2003 72 24 which
1758 2011 30 16 an
1809 2009 82 24 export

1301 2029 46 26 will
1359 2039 58 15 soon
1425 2031 31 22 be
1465 2030 115 32 regularly
1748 2029 141 31 neighbour-

1297 2065 44 31 ing
1362 2064 118 28 Colonies,
1498 2062 101 31 whaling
1617 2062 58 24 from
1698 2062 76 24 which
1791 2071 30 15 an
1846 2064 44 22 im-

1300 2102 93 28 portant
1404 2100 84 28 export
1498 2096 46 23 will
1555 2096 29 23 be
1602 2096 66 23 made
1680 2100 22 19 to
1715 2095 118 33 England,
1847 2097 44 23 and

1301 2135 95 28 exports
1406 2131 26 23 of
1441 2130 66 29 wool,
1516 2130 113 23 furniture
1639 2129 69 29 wood,
1720 2133 94 21 tanners
1823 2129 66 29 bark,

1301 2165 69 24 black
1389 2164 44 32 dye
1453 2163 67 28 bark,
1533 2170 47 21 ore,
1599 2162 46 25 and
1664 2163 70 24 above
1752 2163 32 24 all
1795 2164 49 23 flax
1863 2164 24 23 in

1301 2198 142 24 abundance.
1498 2196 52 24 The
1567 2196 120 24 'Colonists
1711 2204 39 17 are
1780 2198 64 31 quite
1866 2205 25 15 as

1301 2231 59 24 alive
1369 2236 24 19 to
1404 2231 40 24 the
1453 2232 144 30 importance
1609 2234 41 19 not
1661 2230 52 31 only
1726 2231 25 23 of
1764 2231 93 23 articles
1869 2231 25 23 of

1301 2269 91 28 export,
1404 2265 42 23 but
1458 2265 26 23 of
1496 2264 38 24 the
1546 2267 101 28 greatest
1658 2264 99 31 possible
1769 2264 88 31 variety
1869 2264 25 24 of

1301 2298 93 25 articles
1407 2299 26 22 of
1444 2302 83 28 export
1539 2305 27 16 as
1576 2297 60 24 their
1647 2297 86 24 friends
1744 2299 25 22 in
1781 2297 109 31 England

1302 2339 43 17 can
1356 2332 36 29 be,
1405 2332 46 24 and
1462 2332 58 24 their
1533 2331 128 24 conviction
1679 2330 41 24 has
1736 2331 59 23 been
1806 2331 85 31 proved

1302 2366 30 30 by
1344 2366 40 23 the
1404 2365 107 24 boldness
1532 2364 55 24 with
1597 2364 77 24 which
1690 2364 62 24 risks
1770 2364 43 24 has
1832 2364 59 24 been

1301 2399 109 24 incurred
1421 2403 23 20 to
1456 2399 78 24 insure
1545 2398 71 24 them.
1654 2398 49 24 Our
1715 2398 141 31 neighbours
1868 2399 25 23 of

1302 2432 128 30 Australia,
1443 2439 40 17 are
1494 2431 127 33 proverbial
1625 2431 40 24 for
1675 2431 58 24 their
1745 2431 89 31 daring,
1847 2432 44 23 and

1301 2471 40 27 yet
1355 2466 61 32 .they
1425 2471 2 6 '
1433 2471 82 26 export
1531 2464 80 26 .tallow
1628 2464 55 24 with
1700 2464 50 25 fear
1768 2466 46 23 and
1834 2466 57 22 mis-

1303 2500 87 31 giving,
1402 2499 68 24 while
1488 2499 19 24 it
1525 2500 22 23 is
1559 2498 51 24 well
1629 2497 83 24 known
1731 2498 76 25 tallow
1825 2499 42 23 has
1879 2507 13 15 a

1302 2541 84 24 money
1405 2532 55 31 gold
1477 2533 63 31 price
1566 2532 24 23 in
1615 2531 105 29 London,
1737 2539 26 17 as
1783 2532 51 24 well
1854 2540 37 16 es-

1303 2566 115 25 tablished
1430 2573 25 16 as
1465 2565 38 24 the
1513 2566 64 32 price
1588 2565 26 24 of
1629 2573 81 23 money
1722 2565 54 31 gold
1788 2566 21 23 is
1821 2566 70 24 itself.

1304 2600 51 25 Can
1366 2601 19 23 it
1395 2599 113 25 therefore
1517 2600 30 23 be
1568 2598 120 26 wondered
1705 2599 52 24 that
1773 2607 43 21 we,
1836 2600 56 23 with

1303 2633 68 26 small
1380 2632 94 30 means/
1480 2633 65 31 sadly
1553 2632 138 24 diminished
1701 2633 32 31 by
1741 2633 40 24 the
1792 2633 100 32 quarrel,

1303 2668 27 24 of
1350 2667 52 24 four
1422 2674 68 23 years
1508 2666 115 29 duration,
1648 2666 73 24 which
1741 2667 44 24 has
1804 2667 89 24 existed

1303 2701 103 24 between
1416 2700 38 24 the
1465 2699 119 33 Company
1596 2699 46 25 and
1654 2700 166 29 Government,
1835 2700 58 24 have

1303 2735 60 24 fears
1376 2733 46 25 and
1433 2733 152 32 misgivings?
1621 2733 45 24 We
1672 2732 57 26 wish
1740 2742 15 16 a
1765 2734 42 24 few
1821 2735 25 23 of
1856 2734 38 24 the

1304 2768 140 32 gentlemen,
1466 2768 50 23 who
1539 2767 51 24 talk
1610 2775 27 16 so
1657 2767 72 32 glibly
1745 2768 25 23 in
1794 2767 100 26 London

1305 2802 69 24 about
1390 2801 57 24 New
1468 2801 110 25 Zealand.
1581 2806 101 27 exports,
1694 2801 46 24 had
1750 2801 59 25 been
1821 2803 24 23 in
1856 2801 38 25 the

1305 2836 68 24 shoes
1383 2835 25 24 of
1430 2834 39 25 the
1491 2834 58 25 New
1569 2834 102 25 Zealand
1688 2834 92 25 settlers
1799 2836 35 23 for
1857 2835 38 24 the

1304 2869 46 25 last
1362 2868 51 24 four
1423 2876 75 24 years,
1510 2867 47 25 and
1567 2876 53 16 sure
1632 2876 33 17 we
1677 2876 38 16 are
1727 2868 39 24 the
1777 2876 46 17 run
1834 2877 60 23 upon

1305 2903 60 25 their
1376 2902 97 32 pockets
1484 2901 76 26 would
1569 2901 84 25 render
1674 2902 63 24 them
1757 2910 64 17 more
1837 2903 58 24 alive

1305 2941 24 20 to
1340 2935 39 25 the
1391 2935 130 26 difficulties
1533 2935 55 25 with
1597 2935 75 25 which
1684 2943 35 17 we
1729 2935 59 25 have
1807 2936 45 25 had
1872 2940 23 20 to

1306 2969 107 30 cpntend.
1448 2970 27 24 A
1485 2969 60 25 little
1556 2977 64 17 more
1632 2969 28 24 of
1665 2977 58 24 your
1734 2977 93 24 mone&
1836 2977 58 24 gen-

1305 3003 96 30 tleman,
1422 3003 48 28 and
1487 3003 47 24 less
1551 3003 29 24 of
1600 3010 60 25 your
1677 3002 78 28 advice
1774 3002 76 25 would
1867 3003 28 24 be

1305 3037 28 25 of
1346 3037 89 24 infinite
1447 3038 87 23 service
1546 3041 25 20 to
1581 3036 40 25 the
1630 3036 99 32 Colony.
1773 3035 38 25 Or
1826 3036 22 23 if
1861 3042 35 18 we

1302 3074 67 21 ■must
1379 3071 59 24 have
1449 3078 59 24 your
1517 3070 86 29 advice,
1616 3074 24 20 to
1651 3068 74 25 which
1736 3076 34 17 we
1788 3069 60 24 have
1866 3077 29 15 no

1306 3104 124 33 objection,
1453 3102 88 33 though
1564 3111 64 16 some
1651 3102 26 25 of
1700 3103 20 24 it
1740 3102 21 24 is
1788 3103 108 31 amusing

1306 3136 79 27 rather
1406 3138 55 25 than
1485 3137 143 29 instructive,
1662 3136 32 25 let
1711 3137 20 23 it
1753 3135 30 25 be
1806 3144 90 16 accom-

1305 3172 85 32 panied
1400 3170 56 26 with
1468 3180 14 16 a
1493 3172 44 22 due
1547 3170 132 32 proportion
1687 3170 26 23 of
1728 3170 92 31 capital,
1832 3170 65 24 to^be

1301 3205 88 24 loaned
1400 3210 25 19 at
1435 3213 14 15 a
1460 3205 117 24 moderate
1595 3208 50 20 rate
1663 3203 25 25 of
1701 3204 108 29 interest,
1827 3204 38 24 for
1884 3211 14 17 a

1300 3231 119 45 jtdletably
1432 3238 59 33 long
1498 3234 82 37 period
1589 3238 26 24 of
1629 3243 64 19 lame.
1805 3235 9 16 '-
1846 3247 5 2 ~
1860 3247 31 21 „->■,

1301 3290 7 35 I
1322 3292 185 29 'SHIPPING
1519 3274 168 46 FOR^EW'
1693 3294 175 26 ZEALAND.

1305 3343 7 34 \
1338 3344 47 26 We
1396 3346 135 24 announced
1551 3353 65 17 some
1634 3346 55 23 time
1707 3346 64 23 since
1790 3345 51 25 that
1859 3346 39 25 the

1315 3375 84 39 fyitpey
1411 3386 47 17 was
1469 3379 128 25 advertised
1608 3379 27 23 in
1646 3379 38 23 the
1694 3378 101 26 London
1814 3384 84 28 papers

1319 3418 22 20 t»r
1350 3412 57 31 this,
1409 3412 74 32 place.
1493 3416 14 28 ',
1525 3410 60 33 We,
1588 3408 56 32 .how
1654 3412 47 24 find
1713 3412 39 24 the
1762 3407 79 38 Aratiy
1848 3415 51 30 50p

1319 3454 89 22 c>n.B,;]a,
1419 3446 75 30 yepsel
1512 3444 75 25 which
1607 3445 43 24 has
1667 3445 60 24 been
1744 3446 57 24 here
1811 3446 87 30 before,
1905 3441 2 42 j

1320 3487 32 17 ras
1361 3479 139 30 ..advertised
1517 3479 37 23 for
1574 3478 91 25 Nelson
1684 3479 46 24 and
1745 3479 153 33 Wellington^

1311 3518 18 24 jo
1341 3513 44 24 sail
1396 3514 25 23 in
1425 3513 66 24 June
1501 3522 7 20 ;
1527 3512 44 24 and
1592 3520 35 17 we
1645 3512 56 25 have
1714 3513 59 24 been
1785 3513 115 25 informed

1310 3541 96 30 ibatthe
1419 3543 135 34 Hamalaya
1574 3553 47 17 was
1642 3546 93 33 loading
1755 3547 25 24 in
1799 3547 101 25 London

1310 3581 31 25 ibr
1362 3579 48 25 this
1430 3580 74 32 place,
1527 3579 47 25 and
1593 3584 24 20 to
1640 3580 43 25 sail
1705 3588 30 16 on
1754 3581 40 24 the
1806 3582 31 23 25
1841 3581 24 24 th
1877 3582 26 23 of

1309 3614 100 32 JLugust.
1445 3614 100 24 Messrs.
1565 3613 135 32 Ridgway's
1715 3613 83 32 Maty,
1811 3615 21 23 is
1851 3614 49 24 also

1309 3640 71 33 gUted
1392 3652 23 19 to
1426 3647 30 24 be
1466 3647 47 24 laid
1524 3654 31 17 on
1565 3647 37 24 for
1613 3647 47 24 this
1671 3652 61 27 port.

1321 3706 4 19 :
1339 3702 37 32 By
1389 3702 39 24 the
1442 3701 136 31 Wanderer,
1591 3702 80 25 eleven
1688 3702 56 34 days
1756 3703 60 24 from
1837 3704 62 32 Syd-

1308 3744 11 18 r
1328 3744 31 24 sy,
1370 3743 36 17 we
1414 3736 67 24 'learn
1492 3735 51 25 that
1554 3736 40 24 the
1608 3736 127 32 Bengalore
1753 3737 58 24 with
1830 3737 68 32 Capt.

1310 3770 101 30 Oitzroy,
1428 3769 79 29 R.N.,
1529 3769 47 24 and
1600 3774 60 26 sute,
1682 3777 48 18 was
1753 3775 25 19 to
1801 3770 45 25 sail
1863 3770 37 25 for

1308 3810 11 19 A
1329 3802 103 26 uckland
1441 3803 53 25 four
1507 3802 55 33 days
1581 3803 59 25 after
1660 3803 38 25 the
1719 3803 135 31 Wanderer,
1875 3812 26 17 or

1308 3847 11 16 s
1329 3841 47 21 tout
1386 3836 40 25 the
1439 3836 59 25 14th
1509 3836 140 26 December.
1692 3836 105 27 H.M.S.
1820 3836 81 27 North

1308 3871 11 25 i
1329 3873 35 22 tor
1373 3870 45 24 left
1428 3870 127 25 Auckland
1573 3876 33 18 on
1622 3870 40 24 the
1682 3871 58 25 15th
1756 3870 144 31 November,

1308 3904 38 26 tt,
1363 3903 105 33 Sydney,
1493 3908 22 20 to
1538 3903 59 26 offer
1619 3904 101 25 services
1743 3909 24 20 to
1800 3904 101 33 Captain

1308 3937 13 26 ]
1333 3939 78 34 itsroy.
1433 3962 5 3 .
1453 3938 47 23 We
1516 3937 144 26 understand
1677 3937 50 25 that
1747 3937 102 33 Captain
1861 3938 40 25 Sir

1309 3969 182 28 I.Ttomewas
1510 3971 26 24 of
1560 3971 96 31 opinion
1672 3971 50 24 that
1740 3977 80 26 troops
1841 3979 61 18 were

716 1587 69 24 Since
797 1586 39 25 the
853 1586 142 32 publication
1014 1587 25 23 of
1054 1587 37 23 the
1111 1586 47 24 last
1167 1596 2 4 •
1176 1586 95 25 number

672 1622 2 28 i
682 1620 26 24 of
717 1629 5 3 -
731 1620 46 24 this
798 1620 101 31 journal,
920 1619 39 24 the
982 1620 84 31 receipt
1087 1620 26 23 of
1131 1620 141 31 interesting

675 1660 70 17 news
751 1653 47 24 'has
808 1653 58 24 been
882 1653 129 31 /unusually
1024 1657 77 27 .great.
1147 1652 46 24 We
1213 1653 58 25 have

672 1688 2 27 I
681 1686 119 25 furnished
812 1695 25 16 so
852 1686 70 26 much
943 1686 26 24 of
983 1687 26 29 it,
1029 1688 23 22 in
1070 1686 102 33 to-day's
1192 1695 77 24 paper,

682 1728 26 16 as
719 1728 34 16 we
764 1721 58 23 have
835 1728 68 24 space
916 1720 44 29 for,
979 1720 45 24 and
1044 1719 40 25 the
1105 1721 128 30 remaining
1251 1721 20 24 is

682 1754 105 24 reserved
799 1754 34 24 for
845 1754 155 31 forthcoming
1008 1754 116 24 numbers.
1127 1772 7 8 v
1160 1753 44 25 We
1213 1754 58 24 have

681 1787 109 30 inserted,
814 1787 31 31 by
864 1787 150 33 preference,'
1028 1787 31 24 all
1080 1787 58 24 such
1161 1795 62 16 news
1246 1796 26 15 as

681 1820 86 24 related
779 1825 23 19 to
821 1821 59 24 New
898 1820 111 30 Zealand,
1030 1821 43 23 and
1094 1820 75 31 might
1192 1820 80 24 enable

681 1862 43 16 our
732 1854 74 24 fellow
819 1854 110 24 colonists
948 1858 24 20 to
993 1855 104 24 estimate
1118 1854 60 24 their
1195 1854 77 25 future

680 1891 128 31 prospects.
847 1888 82 28 /Facts
949 1888 78 24 which
1036 1895 45 17 -are
1097 1886 133 25 favourable
1247 1888 25 24 in
1279 1904 2 6 .

680 1920 48 24 this
751 1926 95 26 respect
856 1922 22 23 is
897 1920 39 24 the
954 1922 158 30 appointment
1129 1922 30 22 of
1173 1921 98 31 Captain
1278 1942 3 7 ,

681 1954 95 31 Fitzroy
788 1958 23 20 to
823 1954 38 24 the
873 1954 159 24 Government
1037 1954 30 24 -of
1085 1954 66 23 these
1169 1954 112 30 Islands,'

681 1988 46 23 and
740 1987 37 24 the
788 1988 139 30 probability
938 1987 27 24 of
976 1987 40 24 his
1027 1987 85 31 having
1130 1987 90 24 arrived
1240 1988 31 29 by

673 2020 56 23 Ithia
749 2021 55 20 timo
820 2025 26 14 at
854 2021 51 19 ~±h»
929 2025 53 14 seat
992 2021 26 17 ©£
1033 2020 187 22 Qw&**rniort*-f~
1228 2020 54 22 frflw*

682 2057 34 15 we
745 2050 59 31 hope
833 2057 39 15 ere
899 2048 57 30 long
984 2053 23 18 to
1036 2054 117 17 announce
1182 2047 32 23 if'
1231 2052 42 19 not

677 2082 48 24 •the-
732 2082 82 24 arrival
825 2082 26 23 of
865 2081 38 24 his
913 2079 142 32 Excellency
1066 2085 25 18 at
1102 2079 60 25 Port
1173 2079 97 25 Nichol-

682 2123 50 22 son,
745 2116 50 24 that
806 2116 29 24 he
847 2114 92 32 maybe
952 2113 109 32 expected
1078 2113 56 24 with
1153 2121 28 16 us
1201 2118 24 19 at
1243 2121 29 16 no

680 2149 88 25 distant
779 2149 60 24 date.
883 2149 36 24 As
938 2156 16 15 a
965 2154 156 24 consequence
1134 2147 26 23 of
1176 2146 96 32 Captain

682 2183 116 32 Fitzroy's
804 2182 97 29 <amval,
913 2189 34 16 we
957 2189 55 23 may
1022 2180 53 25 look
1080 2180 42 24 -for
1134 2180 39 23 the
1192 2179 81 25 settle*

682 2221 64 20 ment
757 2217 24 24 of
788 2216 38 24 the
838 2214 70 25 Land
917 2215 123 25 Question.
1073 2217 3 13 ;
1077 2213 48 24 For
1136 2214 75 23 action
1223 2213 49 25 will

682 2249 118 25 doubtless
823 2257 71 16 ensue
914 2255 64 24 upon
998 2248 38 23 the
1052 2248 99 24 decision
1170 2246 29 25 he
1221 2255 52 25 may

683 2283 68 24 make
760 2283 85 33 public.
882 2281 52 26 The
945 2281 61 32 good
1013 2281 72 24 which
1094 2280 47 24 will
1150 2281 53 23 flow
1214 2281 59 26 from

683 2317 47 24 this
753 2317 108 28 decision,
885 2314 47 25 will
954 2314 29 25 be
1004 2322 68 24 peace
1094 2314 46 25 and
1162 2314 112 31 harmony

683 2350 100 25 between
798 2350 37 24 the
847 2350 78 24 native
937 2348 131 32 population
1080 2347 47 25 and
1137 2347 39 25 the
1197 2349 76 23 immi-

682 2389 76 26 grant.
804 2384 43 23 We
866 2387 91 28 expect,
964 2382 26 24 .if
1004 2386 40 20 not
1056 2381 58 32 good
1126 2386 149 27 government

673 2425 61 18 .now
746 2422 22 19 to
779 2417 30 24 be
819 2417 42 24 the
869 2415 67 26 order
947 2415 26 24 of
987 2415 41 25 the
1039 2415 50 31 day,
1110 2419 24 20 at
1144 2415 67 27 least,
1212 2415 61 31 good

682 2455 151 28 government
848 2450 30 32 by
898 2450 145 31 comparison
1056 2448 57 24 with
1132 2448 50 24 that
1200 2448 74 27 which

684 2485 39 23 the
735 2484 91 25 settlers
837 2484 67 25 have-
908 2483 129 24 heretofore
1049 2481 100 25 suffered
1160 2490 26 16 so
1201 2483 73 23 much

684 2518 76 25 from..
798 2518 47 24 Let
854 2530 4 7 >
863 2516 139 26 confidence'
1007 2516 27 24 be
1044 2514 139 26 established
1193 2516 31 31 by
1236 2516 39 25 the

684 2551 130 24 settlement
826 2552 26 23 of
866 2551 40 24 the
913 2549 14 24 '
927 2549 59 24 Land
1000 2549 100 30 'Claims,
1122 2549 45 24 and
1186 2549 88 32 though

684 2593 43 16 our
743 2586 107 31 pressing
866 2587 62 21 want
948 2583 47 24 will
1011 2582 47 25 still
1074 2582 30 24 be
1120 2591 14 16 a
1152 2582 123 37 deficiency

684 2619 27 24 of
725 2619 93 32 capital,
826 2619 20 24 it
864 2617 48 26 will
929 2621 43 20 not
990 2617 29 24 be
1037 2617 70 23 found
1127 2620 24 20 to
1169 2617 106 25 continue

684 2660 26 16 so
731 2660 80 16 scarce
829 2660 25 17 as
875 2653 19 23 it
913 2652 21 22 is
953 2655 24 21 at
997 2650 39 24 the
1055 2655 93 27 present
1165 2654 108 20 moment.

685 2686 53 24 The
759 2685 63 25 bank
839 2686 44 24 has
903 2685 57 24 been
983 2684 91 32 obliged
1098 2688 24 20 to
1142 2684 84 24 curtail
1246 2685 30 23 its

685 2720 103 32 supplies
799 2720 59 24 from
870 2720 40 24 the
929 2722 61 20 state
1001 2718 25 24 of
1042 2717 38 24 the
1092 2718 68 23 times
1168 2717 53 25 here
1232 2717 47 25 and

684 2754 27 24 in.
721 2753 93 31 Sydney
823 2762 8 20 ;
844 2753 43 24 but
898 2751 38 25 the
949 2751 84 32 capital
1051 2752 81 28 exists,
1151 2751 46 24 and
1214 2756 65 19 must

684 2786 30 25 be
720 2787 50 23 idle
781 2787 25 24 in
818 2787 31 23 its
862 2785 90 25 coffers.
977 2784 53 25 The
1037 2789 102 19 moment
1147 2784 131 26 confidence

685 2821 21 23 is
711 2820 115 32 justified,
837 2820 48 24 and
896 2826 34 17 we
941 2819 89 24 believe
1041 2818 50 24 that
1098 2818 78 31 period
1185 2819 24 23 Is
1222 2826 56 17 near

685 2859 26 19 at
721 2854 69 29 hand,
810 2854 44 24 and
867 2854 39 24 the
927 2852 47 24 idle
993 2852 82 31 capital
1093 2852 48 24 will
1157 2853 73 31 again
1249 2852 29 24 be

685 2892 45 27 put
741 2888 48 23 into
800 2887 143 24 circulation.
988 2885 108 32 Possibly
1108 2893 58 17 even
1178 2894 14 15 a
1202 2885 82 32 larger;

685 2925 97 21 amount
793 2921 56 24 than
866 2921 53 24 the'
928 2918 71 26 Bank
1010 2919 42 24 has
1072 2927 54 16 ever
1143 2919 83 25 loaned
1240 2919 44 25 the-

687 2955 91 31 Colony
796 2953 46 26 will
862 2954 56 26 then
938 2953 31 24 be
988 2956 24 21 at
1032 2952 36 25 the
1086 2953 102 32 disposal
1200 2953 26 26 of
1241 2953 39 24 the

687 2989 125 25 Colonists.
859 2988 46 24 We
927 2994 40 17 are
988 2986 86 25 certain
1083 2997 2 6 •
1094 2986 40 24 the
1153 2986 70 26 Bank
1233 2986 47 26 will

687 3022 45 25 aid'
736 3022 38 25 the
786 3022 132 25 settlement
929 3025 24 20 to
964 3020 40 25 the
1014 3024 87 20 utmost
1112 3021 24 23 in
1146 3021 31 24 its
1192 3028 87 25 power,

686 3055 46 25 and
743 3054 49 26 that
804 3064 14 16 a
827 3055 130 25 conviction
966 3054 27 24 of
1002 3054 38 24 the
1047 3053 106 25 absolute
1164 3055 116 32 necessity

686 3090 38 24 for
734 3089 92 27 caution
829 3087 123 33 ..recently,
963 3087 74 24 which
1049 3095 32 16 we
1092 3087 89 26 believe
1192 3087 49 26 will
1251 3088 29 25 be

686 3123 44 25 felt
740 3123 114 25 hereafter
865 3127 24 20 to
901 3121 126 25 bavetoeen
1036 3128 27 16 as
1073 3120 122 27 beneficial
1207 3125 23 21 to
1242 3121 40 25 the

687 3156 139 25 settlement-
830 3163 26 17 as
865 3156 40 24 the
923 3154 79 30 Bank,
1021 3154 65 25 alone
1105 3154 98 25 induced
1221 3154 21 25 it
1258 3161 24 19 to

687 3193 103 21 contract
802 3190 30 24 its
835 3189 147 33 -operations.
1222 3189 11 12 J!
1266 3191 6 22 .'

722 3230 54 24 The
785 3230 121 32 Company
915 3228 43 25 has
978 3228 146 29 determined/
1137 3231 145 30 tpaugmtn*

688 3265 30 23 its
731 3263 83 32 capital
833 3268 25 19 to
880 3262 38 26 the
939 3266 80 21 extent
1039 3262 26 26 qf
1069 3262 150 30 -£IOO,OOO.
1256 3263 25 30 %t

687 3298 44 24 has
743 3297 47 24 also
807 3295 143 26 determined
969 3300 23 20 to
1011 3295 60 25 form
1087 3295 98 26 another
1201 3298 80 26 settle-

688 3336 74 24 ment,
774 3330 45 25 and
838 3330 59 25 such
914 3329 43 24 has
974 3329 63 24 been
1052 3329 39 24 the
1108 3329 138 27 confidence-
1256 3332 28 24 «f

689 3370 45 19 two
747 3365 24 24 of
786 3365 30 24 its
827 3368 62 21 most
900 3363 52 25 able
962 3362 129 30 Directors,
1099 3363 52 24 that
1160 3364 56 32 they
1223 3360 59 33 liaye

689 3398 85 25 offered
788 3402 28 20 -to
835 3397 101 25 advance
953 3397 115 29 £50,000
1088 3402 25 19 at
1131 3397 54 25 four
1202 3399 47 25 and
1268 3407 15 17 a

688 3431 54 25 half
755 3439 41 24 per
816 3436 61 20 cent,
899 3431 105 23 interest.
1026 3454 4 5 .
1044 3430 102 31 Though
1221 3433 61 32 hope

688 3466 41 24 the
753 3465 120 32 Company
897 3463 28 24 do
946 3469 41 19 not
1011 3463 151 32 contemplate
1181 3465 102 34 forming

689 3497 90 26 further
788 3497 144 25 settlements
950 3497 37 24 for
997 3504 15 16 a
1023 3494 258 37 considerable/period,

690 3539 34 17 we
735 3539 53 25 may
796 3536 48 20 rest
851 3530 97 25 assured
955 3530 23 25 it
988 3530 48 25 will
1044 3530 38 25 be,
1085 3531 26 24 in
1120 3530 40 25 the
1171 3539 76 24 power
1259 3534 25 24 of

690 3573 43 16 our
745 3565 155 32 enterprizing
910 3563 93 25 settlers
1023 3568 24 20 to
1065 3563 79 25 derive
1155 3565 127 32 legitimate

690 3599 70 32 profit
776 3598 61 25 from
857 3598 39 24 the
913 3602 98 27 present
1026 3597 149 32 proceedings
1193 3600 27 23 of
1243 3600 39 25 the

691 3633 130 31 Company*
831 3631 46 25 and
889 3638 33 18 we
932 3638 42 18 are
993 3631 118 26 confident
1127 3630 56 34 they
1194 3633 47 24 will
1253 3634 29 24 be

691 3666 111 32 prepared
812 3669 25 26 tP
849 3665 56 25 take
915 3664 128 33 advantage
1054 3664 25 25 of
1094 3664 62 28 what
1167 3665 46 25 will
1225 3675 56 17 soon

690 3699 29 24 be
731 3699 78 24 within
821 3699 60 24 their
893 3698 78 25 reach.
1012 3706 21 18 ;,t
1057 3706 4 18 ;

725 3737 79 25 Those
814 3737 51 25 who
886 3744 65 17 came
968 3736 55 24 here
1035 3736 72 26 under
1126 3736 38 26 the
1176 3739 105 31 auspices

691 3771 26 24 of
731 3770 39 25 the
781 3770 57 25 New
850 3769 104 26 Zealand
976 3769 126 33 Company,
1115 3770 82 32 placed
1211 3774 70 24 much

690 3805 100 24 reliance
809 3811 63 27 upon
892 3802 39 26 the
953 3803 147 30 commercial,
1119 3804 117 27 character
1259 3807 24 24 of

691 3838 40 25 the
741 3837 129 27 Directors;
906 3836 26 25 It
950 3844 47 17 was
1017 3838 115 32 supposed
1150 3846 29 18 an
1194 3840 86 33 imjjoi-

691 3871 207 25 tant'commercial
909 3870 97 24 interest
1025 3870 43 25 had
1075 3871 64 25 -been
1150 3873 131 25 securedin

691 3904 111 33 England
812 3902 60 27 from'
884 3903 74 25 which
970 3903 68 25 much
1054 3904 61 32 good
1115 3907 5 9 1
1126 3903 75 28 would
1210 3914 72 18 ensue

690 3943 25 20 to
726 3938 46 25 this
790 3937 148 25 settlement*
957 3937 44 25 but
1019 3937 25 24 in
1065 3937 48 32 th^s
1120 3931 103 47 .resjact
1239 3948 42 17 ex-

689 3972 128 30 pectations
826 3971 60 26 have
907 3976 41 19 not
965 3970 60 25 been
1042 3963 190 35 reaura^^We
1242 3974 39 26 did

1924 2661 84 23 THE.
2021 2661 80 23 NEW
2118 2661 177 25 ZEALAND.
2311 2662 190 26 COMPANY'S

2145 2694 151 21 REPORT.

1955 2733 80 25 Below
2045 2741 33 16 we
2086 2733 92 25 furnish
2190 2734 37 24 the
2234 2735 125 24 substance
2369 2735 27 24 of
2405 2735 39 25 the
2455 2737 53 24 New

1925 2767 102 24 Zealand
2046 2767 140 32 Company's
2207 2773 85 26 report,
2311 2768 74 25 which
2401 2777 34 16 we
2451 2770 57 24 have

1925 2801 68 23 taken
2004 2801 59 23 from
2075 2801 39 24 the
2126 2800 58 25 New
2195 2800 105 25 Zealand
2315 2801 105 31 Journal,
2433 2803 26 24 of
2473 2804 35 24 the

1925 2836 56 23 31st
1992 2834 57 27 May
2061 2843 6 16 :—:
2070 2847 33 4 —

1950 2871 50 23 The
2011 2871 97 23 Seventh
2119 2871 84 29 Report
2218 2872 26 22 of
2256 2871 39 23 the
2312 2872 113 23 Directors
2435 2874 27 22 of
2473 2874 36 23 the

1919 2899 62 22 •New
1991 2899 102 22 Zealand
2104 2899 123 27 Company,
2239 2899 73 22 which
2329 2907 46 14 was
2393 2901 120 28 yesterday

1923 2925 54 22 read
1988 2929 23 18 to
2021 2925 38 22 the
2070 2926 101 21 General
2187 2925 102 28 Meeting
2299 2927 27 20 of
2337 2927 145 28 Proprietors,
2493 2928 19 22 is

1924 2952 38 22 the
1971 2951 97 31 opening
2077 2951 94 28 chapter
2180 2953 26 20 of
2211 2959 14 15 a
2234 2959 50 15 new
2295 2953 48 21 Era'
2350 2953 26 22 of
2388 2954 57 22 New
2453 2954 59 23 Zea-

1922 2978 56 23 land
1983 2978 172 27 Colonization;
2171 2978 45 22 and
2232 2985 32 15 we
2281 2979 45 21 feel
2338 2980 115 23 confident
2462 2981 50 26 that

1923 3005 45 22 this
1977 3004 132 28 impression
2118 3011 47 15 was
2179 3011 62 15 more
2258 3012 26 14 or
2297 3005 44 22 less
2352 3005 42 22 felt
2402 3007 31 27 By
2442 3014 70 21 every

1923 3039 44 16 one
1983 3033 98 26 present.
2120 3031 30 22 In
2165 3031 37 23 the
2218 3031 89 28 Colony
2321 3032 46 22 and
2385 3036 24 19 at
2427 3033 84 28 Home,

1924 3066 68 19 every
2002 3058 120 23 difference
2131 3057 43 23 has
2183 3058 56 22 been
2247 3057 110 28 adjusted,
2368 3066 68 22 every
2446 3068 67 15 cause

1924 3086 26 22 of
1966 3086 73 23 alarm
2055 3085 41 23 has
2112 3085 59 23 been
2186 3085 114 28 removed,
2310 3085 45 24 and
2371 3086 38 23 the
2425 3094 88 17 success

1924 3120 26 15 or
1959 3113 81 22 failure
2048 3112 27 24 of
2082 3120 50 20 .one
2143 3112 26 23 of
2180 3112 36 22 the
2225 3115 98 24 greatest
2336 3112 94 24 colonial
2441 3118 73 20 enter-

1924 3139 70 29 prises
2002 3142 40 26 yet
2056 3139 143 23 undertaken
2213 3140 31 27 by
2254 3139 84 23 British
2354 3141 88 26 capital,
2453 3145 60 20 must

1924 3175 50 15 now
1985 3170 46 19 rest
2040 3167 68 27 solely
2119 3167 54 22 with
2182 3167 36 22 the
2232 3166 116 23 Directors
2361 3167 29 22 of
2399 3167 37 22 the
2447 3168 65 23 Com-

1924 3201 62 27 pany
2006 3198 24 18 at
2046 3194 75 26 home,
2143 3193 44 24 and
2206 3193 54 23 with
2278 3193 58 24 their
2359 3195 89 27 Agents
2466 3196 45 23 and

1924 3217 96 28 Settlers
2028 3221 23 22 in
2062 3220 41 23 the
2110 3221 93 34 Colony.
2220 3233 12 17 ;■
2250 3243 3 7 
2307 3240 3 5 ,

1953 3248 44 23 We
2006 3245 57 26 shall
2072 3255 89 16 reserve
2171 3247 28 24 all
2216 3251 116 20 comment
2346 3256 29 15 on
2391 3248 38 23 the
2438 3250 75 28 points

1925 3272 123 36 submitted
2056 3275 25 23 in
2091 3275 38 23 the
2140 3273 83 31 Report
2237 3275 37 22 for
2282 3283 15 14 a
2310 3275 73 23 future
2401 3277 109 25 occasion.
2542 3284 5 6 *

1926 3302 134 27 Meantime,
2072 3310 33 15 we
2114 3309 54 21 may
2177 3301 52 23 with
2242 3301 127 28 advantage
2383 3302 87 28 shortly
2477 3311 37 15 re-

1926 3330 122 28 capitulate
2058 3329 53 23 here
2121 3329 38 24 the
2165 3328 60 23 main
2231 3332 94 18 matters
2329 3329 94 27 treated,
2430 3330 82 28 which,

1926 3358 35 22 for
1975 3357 40 22 the
2034 3356 52 23 sake
2108 3352 28 25 of
2152 3362 49 20 easy
2216 3355 126 23 reference,
2358 3363 34 15 we
2406 3356 59 23 shall
2485 3358 29 22 do

1926 3384 75 23 under
2009 3383 38 22 the
2056 3382 87 23 several
2152 3381 125 30 prominent
2285 3381 77 24 heads.
2389 3384 1 5 '

1954 3410 50 25 The
2013 3410 83 28 Report
2105 3408 107 30 premises
2220 3415 15 15 a
2242 3408 67 24 brief,

2147 3443 153 17 RETROSPECT.

1955 3467 21 21 1.
1990 3464 51 24 The
2049 3464 57 23 New
2121 3463 100 24 Zealand
2236 3464 118 34 Company
2362 3465 42 23 has
2418 3466 59 23 been
2491 3466 33 25 in.

1928 3493 114 23 existence
2051 3492 53 22 four
2111 3496 77 22 years';
2201 3490 43 23 has
2260 3499 51 16 now
2321 3492 66 28 fairly
2397 3501 118 15 surmoun-

1926 3520 40 22 ted
1981 3520 31 22 all
2028 3515 87 37 its;#te
2132 3517 135 29 difficulties,
2282 3519 47 25 and
2346 3520 66 22 offers
2427 3523 88 25 greater

1927 3547 97 27 promise
2035 3546 59 23 than'
2105 3548 23 19 at
2143 3552 44 21 any
2196 3545 84 23 former
2293 3546 86 29 period.
2408 3549 20 20 2.
2444 3548 72 22 Three

1928 3571 144 25 Settlements
2081 3572 59 23 have
2148 3572 64 23 .been
2226 3572 97 29 formed,
2335 3574 128 28 embiacing
2478 3577 38 19 not

1927 3600 44 23 less
1987 3600 55 23 than
2065 3601 80 26 10,000
2166 3599 70 29 souls,,
2249 3600 116 28 possessed
2385 3600 91 29 already
2494 3602 25 22 of

1927 3635 70 20 many
2006 3630 64 25 great
2077 3626 71 24 social
2159 3626 45 23 and
2213 3627 65 23 other
2288 3628 135 26 advantages
2429 3636 5 20 ;
2445 3628 73 23 muni-

1928 3654 58 29 cipal
2004 3657 158 25 government,
2183 3654 117 28 churches,
2321 3655 95 28 schools,
2437 3656 77 26 banks,

1928 3682 106 26 markets,
2044 3688 143 21 newspapers
2194 3689 5 19 ;
2211 3682 132 22 abundance
2353 3682 28 22 of
2385 3682 45 23 live
2441 3682 75 22 stock:

1928 3708 123 29 provisions
2068 3715 38 15 are
2131 3708 175 29 comparatively
2321 3709 137 28 reasonable,
2474 3711 45 20 and

1928 3736 135 28 agriculture
2072 3735 47 23 and
2129 3743 126 15 commerce
2263 3736 65 22 have'
2338 3736 100 23 afforded
2451 3739 65 24 great

1928 3767 95 19 returns.
2060 3763 22 22 3.
2098 3762 29 23 In
2143 3762 56 23 little
2213 3770 64 15 more
2292 3763 57 23 than
2364 3763 64 23 three
2443 3770 72 25 years,

1927 3791 42 23 302
1984 3789 60 28 ships
2060 3789 50 28 had,
2121 3789 94 24 arrived,
2225 3793 24 19 at
2264 3789 145 28 Wellington,
2428 3789 54 24 with
2504 3797 15 15 a

1928 3816 81 24 united
2018 3821 99 24 tonnage
2135 3817 27 22 of
2172 3816 77 28 50,796
2263 3819 59 21 tons.
2347 3813 34 26 In
2397 3824 120 25 on^year,

1928 3844 28 24 77
1966 3844 63 28 ships
2036 3842 46 24 had
2090 3843 85 23 visited
2188 3843 94 27 Nelson,
2294 3843 53 23 with
2364 3851 16 15 a
2389 3847 97 27 tonnage
2496 3843 27 23 of

1929 3871 77 28 12,272
2015 3874 57 20 tons.
2091 3870 51 24 The
2148 3870 58 24 .total
2214 3870 148 28 expenditure
2373 3871 26 22 of
2405 3871 39 23 the
2453 3871 68 23 Com-

1927 3906 61 21 pany
2017 3897 83 29 during
2129 3897 40 23 the
2192 3897 71 23 whole
2293 3897 78 28 period
2382 3916 2 7 ,
2393 3897 62 25 had.
2462 3898 57 23 been

1928 3925 121 28 £200,000.

2115 3959 27 16 IN
2152 3957 160 18 WELLINGTON.

1955 3981 21 21 3.
1999 3979 130 23 Numerous
2153 3979 122 27 capitalists
2293 3979 56 23 have
2367 3979 81 23 settled
2464 3979 59 23 from

578 53 96 48 myt
699 54 119 45 Ktto
844 53 211 42 JStalatti*
1080 51 198 58 <9r*|*ttt
1293 51 98 40 *itb
1417 51 303 46 mMHnqton
1743 47 259 50 Spectator,

1913 138 94 29 needed,
2019 146 33 16 we
2063 138 59 32 hope
2142 140 122 24 therefore*
2269 140 31 24 he
2317 140 45 24 will
2382 142 74 24 arrive
2474 148 23 19 at

1914 171 92 31 Sydney
2029 172 77 23 before
2128 172 95 32 Captain
2244 173 96 32 Fitzroy
2361 174 63 30 sails,
2453 176 44 24 and

1914 212 138 22 accompany
2062 204 40 24 the
2114 201 161 33 Bengalore\to
2288 207 132 25 Auckland.

2091 267 91 25 LIME
2199 269 121 25 STONE.

1948 323 48 25 Mr.
2021 323 72 25 Wade
2112 324 42 24 has
2173 327 108 23 returned
2298 329 24 23 in
2336 328 39 25 the
2385 328 111 33 Industry

1914 357 58 24 from
1984 356 49 24 Kai
2044 357 72 28 Kora,
2129 357 55 24 with
2200 366 14 16 a
2231 366 69 24 cargo
2319 362 24 23 of
2356 362 55 25 lime
2431 367 66 20 stone

1914 390 106 23 obtained
2032 390 58 24 from
2102 390 50 24 that
2161 391 71 32 place.
2281 392 40 24 He
2340 394 40 24 has
2399 395 99 32 brought

1914 431 13 15 a
1938 423 89 31 sample
2038 423 26 24 of
2078 432 39 15 ote
2129 423 58 24 from
2197 425 38 23 the
2248 433 62 16 same
2321 427 73 30 place.
2440 429 25 24 It
2476 429 20 24 is

1914 456 115 31 supposed
2040 460 22 20 to
2075 456 28 23 be
2115 465 89 23 copper,
2218 457 82 25 should
2311 459 18 23 it
2341 467 68 23 prove
2421 469 33 22 so,
2467 470 30 16 on

1914 489 70 32 being
2007 489 80 30 tested,
2112 489 48 25 Mr.
2184 490 72 25 Wade
2276 491 48 24 will
2345 493 152 33 immediately

1914 529 95 23 procure
2021 526 84 26 twenty
2116 527 53 20 tons
2180 527 22 20 to
2214 525 56 23 send
2282 529 23 19 to
2317 525 106 25 London.

745 569 170 25 SHIPPING
933 568 276 25 INTELLIGENCE.

1947 581 148 24 Auckland
2106 580 203 27 Agricultural
2329 591 53 17 and
2402 585 99 25 Horti-

1915 621 133 17 cultural
2061 614 121 25 Society.
2184 627 32 5 —
2216 615 45 24 We
2271 616 59 24 have
2342 618 107 26 received,
2462 620 38 24 the

1915 651 78 28 report
2005 648 25 23 of
2045 648 46 23 this
2104 648 92 31 Society
2208 649 34 23 for
2262 651 74 28 1843,
2356 651 46 23 and
2417 652 49 23 find
2484 653 18 24 it

1915 688 14 15 a
1945 685 63 19 most
2028 680 124 25 creditable
2171 681 143 32 production.
2362 684 75 24 When
2460 693 42 17 our

1915 713 86 24 friends
2023 714 71 24 bestir
2114 714 137 24 themselves
2269 716 46 24 and
2333 716 125 26 determine
2477 722 22 20 to

1916 746 68 24 make
1998 755 14 16 a
2023 751 84 28 report,
2120 747 55 32 they
2185 755 52 24 may
2248 749 74 31 safely
2331 750 61 24 refer
2411 755 24 20 to
2456 752 46 24 this

1916 779 121 25 document
2048 780 55 24 with
2115 781 133 30 advantage.

2126 846 168 26 POSTAGE.

69 141 5 18 ;
120 137 26 30 p£
185 133 14 22 f
231 133 39 33 T'"!
270 143 3 9 1
283 138 192 28 HJS'DAY.

75 166 28 43 TJ
103 180 5 10 !
107 155 147 49 J|sSRsL
259 176 149 24 BETHUNE
432 176 69 23 AND
508 184 3 9 <
527 174 130 23 HUNTER

66 222 2 4 .
74 200 73 28 ItlJ*-'.-
163 204 47 23 will
219 202 40 23 s«l
270 202 29 28 by
311 203 76 23 Public
397 203 139 27 Auction,-at
546 200 110 24 Lambton

158 230 44 23 this
210 230 46 28 day
265 230 169 28 (Wednesday),
445 229 40 22 the
497 228 53 23 20th
560 228 98 23 Decem-

71 258 46 27 ber,
129 261 24 19 at
160 256 110 29 balf-past
280 257 26 22 12
315 256 92 28 o'clock,
419 263 29 16 ex
459 256 128 21 Wanderer:
590 266 27 6 —

97 291 29 20 30
141 292 49 19 tons
209 288 47 22 first
275 288 83 27 quality
377 288 51 22 Van
454 287 116 23 Diemen's
592 288 66 23 Land

71 315 112 26 FLOUR,

97 343 30 21 20
141 341 73 23 chests
224 345 42 23 tea,
280 343 26 21 10
319 341 54 28 kegs
383 341 101 27 tobacco,

97 369 28 21 10
139 367 64 23 casks
213 369 70 26 prime
294 368 62 28 pork,

96 396 29 21 20
139 395 77 26 boxes,
228 395 85 26 raisins,
327 396 14 20 2
356 394 65 24 casks
430 399 107 22 currants,

97 423 28 20 50
138 421 71 23 boxes
218 428 60 24 soap,
290 423 32 21 10
422 421 84 26 butter,
521 424 14 20 2
547 425 50 20 tons
605 421 50 28 salt,

98 447 103 23 Colonial
211 449 86 26 cheese,
309 447 84 22 salmon
403 447 24 23 in
437 447 66 23 small
513 447 61 29 kegs,

99 474 47 28 Kip
155 474 45 22 and
209 475 45 21 sole
263 475 94 26 leather,
365 474 114 27 kangaroo
488 475 68 27 skins,

97 501 61 27 Hay,
168 501 65 26 bran,
243 501 42 22 &c.
296 501 39 22 &c.

96 532 147 28 Wellington.
254 533 56 22 Dec.
324 534 34 25 20,
370 534 60 21 1843.

269 578 96 21 Public
381 579 70 21 Sale.

136 611 44 22 EX
200 611 66 22 THE
290 611 136 21 WILLIAM
438 613 148 21 STOVELD.

69 644 163 49 MESSRS.
256 644 149 23 BETHUNE
431 646 70 21 AND
527 646 129 22 HUNTER

160 671 45 22 will
216 668 40 25 sell
265 671 31 27 by
306 671 77 23 Public
394 672 107 27 Auction,
512 675 24 19 at
545 673 111 22 Lambton

69 697 73 28 Quay,
161 704 30 16 on
211 697 82 28 Friday
311 701 61 23 next,
392 698 39 23 the
450 699 60 22 22nd
530 700 126 22 December

68 727 94 23 current,
173 727 24 20 at
206 724 109 27 half-past
325 726 25 21 12
360 725 94 27 o'clock,

95 751 85 28 Cyprus
190 751 44 22 and
244 747 69 27 other-
318 752 73 26 wines,
402 759 87 20 cognac
499 752 94 28 brandy,

96 778 94 22 Geneva
203 779 23 21 in
244 778 53 21 oaak
311 777 46 23 and
372 785 69 20 cases,
457 778 87 23 bottled
560 780 35 22 ale
610 780 45 22 and

67 808 66 22 stout,

94 830 104 23 Tobacco
198 842 28 5 —
226 830 133 28 negrohead,
369 832 62 27 shag,
444 832 44 23 and
498 835 93 25 returns,

94 857 59 22 Beef
160 858 24 21 in
195 858 88 24 tierces,

94 884 106 26 Canvass,
212 884 59 28 hoop
280 884 55 28 iron,
347 884 99 28 whaling
452 893 65 20 -gear,
528 887 88 27 oakum,

94 910 132 28 Hardware,
237 910 92 29 cutlery,
340 919 53 15 axes
400 920 6 18 ;
423 912 40 28 pit,
476 920 61 16 cross
553 917 45 25 cut,
609 914 45 22 and

68 937 61 22 hand
139 945 56 14 saws
202 946 6 18 ;
219 938 33 28 pit
261 945 45 15 saw
313 938 122 23 «nd«otner
444 939 56 27 files,
511 940 74 28 rivets,
595 942 58 26 shot,

94 964 106 28 Superior
209 968 44 19 sets
262 965 27 22 of
295 964 77 23 knives
381 966 47 23 and
437 966 69 23 silver
514 968 70 27 forks,

94 991 109 23 Assorted
221 992 57 22 nails
297 992 22 21 in
337 992 55 28 kegs
407 993 28 22 of
450 994 11 20 1
484 997 57 25 cwt.,
562 995 58 22 from
640 1002 14 15 a

65 1024 68 21 pump
143 1018 170 27 tack-upwards,

94 1044 70 23 Black
181 1045 47 22 and
242 1052 69 20 green
323 1046 78 28 paint.;
414 1046 78 28 Wick,
502 1047 87 28 -bright,
607 1048 47 23 and

66 1071 64 27 copal
140 1072 98 26 varnish,

93 1098 82 23 Scotch
183 1099 108 28 plaiding,
303 1098 94 30 hosiery,
407 1100 71 27 fancy
486 1102 76 27 scarfs,
573 1102 41 23 &c.

94 1124 155 24 Gentlemen's
267 1126 110 27 superfine
397 1127 105 29 clothing
521 1128 44 23 and
586 1129 67 23 white

66 1151 81 22 beaver
159 1152 58 26 hats,

94 1179 10 20 1
121 1185 76 21 organ,
206 1180 29 21 30
244 1182 72 24 tunes,

91 1206 140 28 Telescopes,
242 1209 105 25 sextants,
359 1208 112 22 medicine
481 1209 80 27 chests,

92 1232 54 23 And
162 1234 88 22 various
270 1233 64 23 other
353 1234 49 23 well
417 1236 101 23 assorted
536 1237 116 23 merchan-

66 1258 56 23 dize.

92 1291 145 29 Wellington,
248 1293 56 23 Dec.
317 1295 38 26 19,-
361 1295 62 21 1843.

65 1336 163 48 MESSRS.
244 1337 93 28 HORT,
353 1335 162 33 MOCATTA,
538 1341 46 22 and
604 1342 48 22 CO.

156 1363 46 22 will
221 1364 40 22 sell
278 1365 30 27 by
327 1365 73 27 public
425 1366 99 28 auction,
548 1371 23 18 at
595 1368 59 22 their

66 1389 80 27 Storsg,
157 1389 34 23 Te
201 1390 54 26 Aro,
268 1398 27 15 on
306 1391 103 28 Tuesday
418 1397 64 23 next,
494 1394 52 22 26th
555 1394 97 24 Decem-

64 1415 46 25 ber,
122 1420 24 18 at
155 1423 43 16 one
210 1417 86 22 o'clock
305 1425 5 14 :—:
312 1429 28 5 —

91 1442 63 24 Bass'
164 1443 86 24 bottled
259 1444 36 23 ale
305 1444 45 23 and
362 1448 83 25 porter,

90 1469 94 29 Brandy
194 1470 23 23 in
228 1478 32 24 qr.
272 1471 69 27 casks,
364 1484 4 4 •

91 1495 62 29 Very
163 1503 101 20 superior
273 1498 76 29 sherry
360 1499 22 22 in
394 1502 99 24 octave*,

91 1524 11 19 1
114 1531 51 15 case
175 1523 78 24 chintz
261 1524 77 28 prints,

91 1552 28 21 10
128 1551 59 28 pairs
198 1553 52 21 10-4
260 1552 109 27 blankets,

90 1577 101 24 Colonial
202 1576 87 30 cheese,

90 1606 28 21 10
127 1605 55 27 bags
193 1606 77 27 coffee,

90 1632 28 21 50
127 1632 93 23 bushels
229 1632 81 28 maize,

89 1660 15 20 8
113 1658 56 28 bags
178 1662 55 24 oats,

89 1685 14 21 5
112 1692 64 16 cases
186 1686 127 24 Cavendish
323 1688 100 28 tobacco,

90 1713 12 19 1
113 1712 54 23 cask
177 1712 57 28 lard,

92 1740 21 21 A
123 1740 43 21 few
177 1739 64 24 casks
251 1741 97 24 colonial
358 1743 58 27 beef,

90 1765 55 24 And
153 1773 13 15 a
176 1766 86 30 variety
272 1768 26 23 of
299 1769 73 23 mother
380 1770 79 28 good*.

275 1801 80 23 Term*
370 1803 72 22 Cash.

90 1830 147 28 Wellington
242 1832 57 23 -20th
309 1833 134 28 December,
456 1836 63 22 1843.

156 1877 149 27 Wesleyan
319 1879 112 27 Sunday
445 1881 112 26 School,

295 1910 40 23 TE
349 1910 74 24 ARO.

64 1940 92 50 THE
169 1940 85 23 friends
264 1941 28 23 of
297 1942 93 29 Sunday
398 1944 96 22 Schools
504 1952 37 15 are
556 1949 98 25 respect-

137 1968 57 27 fully
203 1968 112 23 informed
333 1969 48 23 that
402 1978 15 14 a
436 1971 48 23 Tea
504 1973 103 27 Meeting
626 1973 25 22 in

61 1994 81 23 behalf
146 1996 26 22 of
179 1994 40 23 the
228 1996 71 22 above
310 1996 140 28 Institution,
462 1998 47 22 will
523 1999 91 23 beheld
626 2000 25 23 in

63 2021 44 24 Mr.
128 2020 94 24 Wade's
245 2022 77 26 Upper
343 2024 65 20 Stora
420 2024 96 25 -Room,
540 2026 112 20 LomWd

63 2048 79 26 Street,
158 2047 34 24 Te
208 2048 54 26 Aro,
280 2054 29 15 on
325 2048 105 27 Tuesday
446 2051 63 23 next,
527 2049 127 23 December

61 2074 59 27 26th,
137 2076 24 21 at
169 2075 15 20 5
194 2073 88 23 o'clock
298 2081 47 16 p.m.
375 2074 93 23 Several
485 2075 115 23 Ministers
616 2083 37 15 are

63 2101 107 27 expected
181 2105 24 18 to
214 2100 28 23 be
252 2105 96 24 present.

89 2128 90 23 Tickets
190 2129 33 22 Is.-
232 2127 62 28 each,
305 2135 53 21 may
365 2129 37 22 'be
412 2128 45 23 had
469 2132 23 19 at
502 2129 37 23 the
558 2130 94 22 Mission

62 2154 86 28 House,
159 2158 24 19 at
200 2155 48 23 Mr.,
254 2154 127 29 Luxford's,
394 2156 113 22 Lambton
524 2157 73 28 Quay,
606 2157 48 22 -and

62 2182 25 21 of
93 2182 37 23 the
141 2182 120 23 Teachers.

89 2213 130 24 December
226 2215 109 25 19/1843.
581 2238 2 7 i

139 2260 68 22 Free
221 2260 56 23 and
290 2260 144 28 Accepted
448 2262 126 21 Mason*.

63 2293 92 23 HHHE
164 2293 112 23 Brethren
285 2293 27 23 of
318 2293 39 24 the
364 2295 58 22 New
431 2295 114 23 Zealand
556 2295 97 23 Pacific

68 2317 31 26 A.
137 2321 82 22 Lodge
233 2320 47 23 will
294 2321 113 23 celebrate
423 2321 40 23 the
474 2322 98 22 Festival
583 2323 27 21 of
621 2323 32 22 St.

62 2347 61 23 John
138 2347 26 23 in
179 2347 58 23 their
254 2347 65 28 Hall,
334 2355 29 16 on
377 2348 154 29 Wednesday,
538 2349 46 23 the
603 2349 51 23 27th

61 2375 135 26 December,
208 2375 61 28 1843,
280 2375 31 28 by
320 2375 123 23 command
450 2376 28 22 of
483 2375 42 23 the

539 2403 35 22 W.
593 2403 32 23 M.

88 2428 50 24 The
155 2428 137 24 attendance
317 2429 24 23 of
363 2429 112 23 Brethren
498 2431 116 28 generally
631 2431 20 22 is

63 2455 111 23 solicited.

89 2483 91 23 Tickets
201 2484 43 21 10s.
259 2483 38 23 6d.
315 2483 64 28 each,
397 2486 25 20 to
442 2484 28 22 be
489 2483 45 24 bad
557 2484 26 23 of
602 2485 52 22 Bro.

63 2509 94 27 Suisted,
169 2514 24 18 at
202 2509 38 23 the
250 2509 77 24 Hotel.

90 2537 77 27 Lodge
183 2541 24 18 to
223 2537 88 28 opened
326 2540 22 19 at
358 2539 14 21 4
386 2537 97 29 o'clock,
494 2538 101 29 banquet
606 2542 27 19 at
642 2540 13 21 6

63 2563 93 24 o'clock.

90 2596 129 23 December
230 2597 33 26 19,
275 2598 61 22 1843.

265 2657 3 5 '
298 2648 109 23 Notice.

65 2679 93 51 THE
172 2679 142 29 partnership
338 2680 99 29 existing
454 2680 103 24 between
578 2681 80 23 David

140 2706 111 28 Nathan,
272 2707 46 22 and
337 2707 85 23 Israel
442 2707 98 28 Joseph,
557 2715 24 15 as
591 2708 63 24 Mer-

64 2733 79 23 chants
159 2733 47 24 and
226 2733 99 24 General
348 2735 150 22 Commission
518 2735 93 28 Agents,
630 2739 25 19 at

64 2760 131 27 Auckland,
205 2761 25 22 in
240 2760 38 23 the
289 2760 87 27 Colo.ny
384 2761 28 22 of
423 2761 59 23 New
491 2761 109 28 Zealand,
611 2762 46 23 and

65 2787 86 23 Nelson
170 2787 25 22 in
216 2787 37 22 the
271 2794 61 16 same
352 2786 95 30 Colony,
467 2789 20 21 is
506 2789 69 22 about
590 2789 69 28 being

66 2813 118 23 dissolved.
224 2813 39 23 All
279 2821 91 21 persons
388 2814 87 29 having
491 2815 78 23 claims
585 2823 25 16 or
620 2817 39 22 de-

65 2841 81 23 mands
155 2841 89 27 against
253 2840 39 23 the
302 2841 47 23 aaid
369 2841 71 27 Firm,
460 2842 46 22 will
521 2843 74 27 please
613 2843 46 22 for-

65 2867 62 23 ward
136 2867 38 23 the
184 2874 62 17 same
255 2867 78 24 before
337 2868 39 23 the
380 2871 57 26 firit
447 2870 28 25 of
479 2871 104 26 January,
591 2872 66 24 '1844,

65 2899 24 18 to
108 2895 93 22 Messrs.
221 2895 95 23 Samuel
328 2896 46 22 «nd
392 2896 105 27 Joseph,'
512 2897 146 30 Wellington,

65 2921 35 23 for
108 2921 146 28 liquidation;
265 2922 44 23 and
319 2922 29 23 all
356 2930 92 21 persons
454 2923 109 24 indebted
571 2925 88 23 thereto

66 2949 45 23 will
118 2946 77 31 please
206 2946 69 26 *ettl&
289 2949 59 23 their
364 2951 127 26 respective
506 2956 108 20 amounts
628 2953 31 24 by

66 2975 49 24 that
123 2976 60 23 date.

432 3005 88 24 Israel
534 3007 97 22 Joseph.

92 3034 146 30 Wellington,
249 3035 57 24 New
316 3036 108 28 Zealand,
436 3037 52 24 19th
501 3038 63 28 Dec,
577 3040 69 22 1843.,

67 3088 93 52 THE
183 3089 232 34 UNDERSIGNEp
430 3092 48 23 will
496 3093 30 23 be
544 3092 75 33 happy
634 3097 24 19 to

142 3120 107 21 contract;
257 3121 30 22 .to
304 3118 80 29 supply
398 3118 102 24 families
517 3120 48 23 and
581 3121 77 23 others

66 3143 54 26 with
135 3143 42 24 fire
190 3144 78 27 wood,,
273 3148 68 25 posts,
352 3145 60 29 rails,
423 3145 48 24 and
480 3146 96 30 'fencing
585 3151 73 20 mate-

66 3170 60 24 rial*.
155 3170 46 23 For
210 3171 88 29 orders,,
305 3172 67 29 apply
382 3175 23 19 to

448 3206 51 23 Mr.
515 3206 116 29 Johnson,

68 3234 62 23 Next
147 3235 62 24 door'
219 3239 25 18 to
263 3236 46 23 Mr.
325 3236 141 31 M*Gregor^
478 3237 181 25 Watch-maker.

94 3267 129 23 December
232 3269 34 24 19.
278 3261 72 31 1843.'
367 3261 13 14 -:

177 3342 3 8 ,
232 3321 45 21 Ex
508 3332 12 9 -

68 3353 58 49 A.,
134 3351 119 24 CHOICE
263 3356 133 20 assortment
405 3354 28 22 of
443 3354 100 28 ribbon*,

116 3378 4 23 '.
149 3378 99 23 Grosde
261 3378 90 29 Naples,
376 3382 4 6 '

95 3405 74 31 Paper
177 3405 120 29 hanging*,

96 3432 94 29 Cheese,
258 3456 3 6 ,

95 3460 98 27 Brandy,
196 3459 28 24 in
233 3466 35 22 qr.
278 3460 71 27 casks,

96 3487 47 22 Gin
151 3487 26 22 in
185 3486 123 29 hogheads,
348 3491 11 13 -*

96 3514 116 28 Currants,
223 3513 88 29 raisins,
322 3514 47 28 figs,
381 3515 35 22 9cc
418 3531 14 11 H

78 3569 4 3 ■
96 3557 38 22 On
147 3556 49 24 sale
216 3559 23 20 at
248 3556 24 23 J.
283 3556 138 29 Johnson's,
430 3557 118 25 lambton
552 3560 79 28 -Quay.

96 3589 129 23 December
233 3589 35 28 19,
280 3590 61 23 1843.
349 3589 4 4 '
517 3584 36 19 -■*•
584 3588 4 5 '

179 3635 43 22 On
231 3635 59 22 sale
301 3641 36 16 ex

71 3665 149 51 ROMAN
231 3671 99 23 cement,

129 3709 3 4 .
150 3692 75 29 Guns;
236 3708 4 4 -

150 3719 154 29 Gunpowder,
510 3734 4 4 •

153 3745 81 29 Shoes;

137 3786 5 9 :
151 3773 45 28 Tip
207 3773 78 29 plates,
295 3786 2 5 ■
378 3788 2 5 -

153 3800 94 28 Cheese,

137 3826 141 24 fißreterved
288 3828 131 29 provisions,

143 3852 33 26 i'A
185 3854 63 28 large
251 3854 8 16 r
257 3859 133 19 a«Bortment
400 3857 27 21 of
437 3856 60 29 hats,
537 3866 4 5 -

134 3889 5 12 <
150 3879 33 25 60
200 3882 50 26 irop
267 3881 97 29 hurdles,
383 3883 54 23 with
454 3887 53 20 nuts
522 3884 44 24 and
584 3892 82 21 screws,

55 3934 2 2 .
70 3908 122 28 complete.
245 3916 4 14 j
351 3913 131 12 -'.-..•

97 3949 8 3 -
200 3943 5 4 '
253 3939 21 23 '•-■>
331 3937 74 23 Simon
408 3945 28 15 d«
449 3937 48 23 and
510 3937 125 26 HoooAHB.

99 3968 165 28 F«j«h-*frett,
273 3969 130 25 Deeerabt*
411 3973 35 25 20,
457 3972 70 24 1843
597 3968 69 30 v

724 164 3 5 ,
822 139 140 23 -SAMUEL
978 139 28 22 R.
1021 133 131 38 EjWEN,^

703 176 35 20 No
749 176 23 20 10
784 176 67 20 South
859 176 71 24 Place,
940 174 104 25 Fintbury
1051 173 95 26 Squat*,
1156 172 94 21 London.

814 209 92 21 -Agent
921 214 29 14 by
965 207 171 22 Appointment

779 242 47 22 TO
856 240 79 23 HER
966 240 210 23 MAJESTY'S

685 275 161 23 Colonial
874 274 93 22 Land
998 275 61 21 and,
1084 273 186 28 Emigration

863 301 235 22 Commissioners.
1178 298 17 13 v
1236 320 2 4 ,

686 336 97 49 SR.
800 334 100 28 EWEN,
910 334 56 27 begs
983 337 24 20 to
1023 340 73 16 assure
1110 333 64 23 those
1187 333 83 22 friends

724 373 15 11 «
775 362 24 22 in
819 362 38 22 the
877 360 102 24 Colonies
997 368 50 15 wno
1064 367 54 20 may
1123 360 83 22 favour
1223 359 48 22 him

684 388 55 23 with
748 388 165 26 Commissions,
925 387 49 22 that
983 387 62 22 .their
1054 387 105 22 interests
1172 386 58 23 shall
1240 386 29 21 be

684 415 114 28 faithfully
807 414 45 23 and
863 414 130 28 punctually
1003 413 106 23 attended
1122 416 31 24 to,
1165 413 46 22 and
1219 413 51 21 that

684 442 128 22 immediate
825 442 144 21 remittances
985 447 52 21 may
1044 440 29 22 be
1089 439 71 23 relied
1170 446 58 21 upon
1237 439 34 22 for

684 468 30 22 all
725 468 168 27 consignments
903 467 26 21 of
934 467 79 27 goods.

711 503 125 23 December
845 504 34 25 19,
887 503 66 21 1843.
