2580 4079
1980 186 30 23 In
2032 187 122 32 submiting
2165 189 46 25 this
2223 192 105 30 proposal
2348 196 30 23 to,
2388 193 39 25 the
2443 195 83 24 Direc-

1949 223 53 24 tors,
2027 227 40 16 our
2090 221 78 31 object,
2192 227 23 19 at
2237 229 98 25 present,
2358 226 20 23 is
2399 228 85 30 merely
2504 234 22 18 to

1947 253 111 23 ascertain
2075 254 98 23 whether
2195 255 30 23 its
2246 258 122 31 principles
2391 264 59 19 meet
2472 261 53 23 with

1949 284 57 23 their
2017 286 152 30 approbation,
2183 288 42 23 and
2239 289 98 24 whether
2349 291 54 31 they
2415 293 72 23 would
2498 294 28 23 be

1947 316 103 32 disposed
2063 323 23 18 to
2097 320 49 29 give
2159 320 61 24 them
2232 322 106 30 practical
2350 324 73 29 effect,
2432 333 26 15 as
2471 333 54 16 soon

1947 357 24 16 as
1983 352 18 21 it
2012 350 57 23 shall
2082 351 27 23 be
2119 352 25 23 in
2156 360 40 16 our
2207 360 74 24 power
2293 359 22 19 to
2333 357 80 31 satisfy
2424 358 60 24 them
2503 360 25 22 of

1947 382 37 24 the
1996 384 114 23 existence
2121 385 25 22 of
2156 392 12 15 a
2180 385 113 25 sufficient
2304 388 59 31 body
2375 390 26 23 of
2408 391 118 31 intendiug

1948 414 112 26 Colonists
2081 421 22 19 to
2119 417 82 31 justify
2218 419 54 23 such
2291 428 14 15 a
2323 428 87 18 course.
2446 423 78 24 Those

1947 447 71 24 whom
2034 456 33 16 we
2077 457 49 15 now
2139 456 117 25 represent
2272 460 37 15 are
2327 453 101 27 desirous
2433 456 32 23 'of
2484 465 40 15 en-

1945 482 82 30 gaging
2027 487 3 8 1
2046 484 127 31 personally
2185 484 22 23 in
2226 484 36 24 the
2281 487 133 30 enterprise,
2426 488 31 31 by
2467 491 58 22 emi-

1945 515 90 30 grating
2044 515 53 23 with
2110 516 37 22 the
2159 517 50 22 first
2222 517 56 31 body
2291 519 25 22 of
2326 519 124 29 Colonists.
2479 520 46 26 We

1946 545 55 24 have
2014 554 28 16 no
2053 547 69 24 doubt
2135 548 24 23 of
2175 556 55 17 soon
2241 552 114 31 receiving
2371 560 14 15 a
2396 553 127 25 considera-

1947 578 34 23 ble
1992 581 115 22 accession
2126 585 23 19 to
2168 590 41 14 our
2229 583 102 30 number,
2344 585 21 22 if
2381 585 39 24 the
2436 586 90 32 leading

1945 611 97 24 features
2054 613 26 22 of
2090 621 39 15 our
2138 613 52 31 plan
2198 615 80 24 should
2288 616 28 24 be
2326 619 112 31 approved
2447 619 30 31 by
2486 621 39 22 the

1945 643 117 25 Directors
2073 654 6 20 ;
2100 647 42 23 and
2156 654 30 16 we
2197 648 60 24 shall
2268 649 53 24 then
2334 651 28 23 be
2379 653 110 30 prepared
2500 659 24 17 to

1945 682 63 18 enter
2026 686 27 15 on
2074 679 37 22 the
2130 680 163 25 consideration
2311 683 26 23 of
2351 691 69 24 many
2436 685 88 29 details,

1944 710 72 23 which
2029 718 31 15 we
2072 711 55 23 have
2140 712 96 31 thought
2246 715 19 23 it
2275 715 73 25 better
2361 722 21 18 to
2400 719 55 22 omit
2465 718 57 24 from

1945 741 37 25 the
1993 748 93 27 present
2095 747 195 24 communication.

2145 777 42 24 We
2199 786 45 21 are,
2259 780 44 29 Sir,

2056 809 64 25 Your
2131 818 54 24 very
2196 812 105 24 obedient
2312 820 110 25 servants,

2230 853 106 25 George
2355 854 114 34 Rennie,

2228 886 38 26 W.
2286 886 123 32 Cargill,

2230 919 89 24 Went.
2344 921 28 24 P.
2393 923 96 25 Croke.

1943 974 35 23 To
1991 974 97 25 Mes*s.
2102 976 114 30 Rennie,
2231 979 120 30 Cargill,
2364 982 47 25 and
2422 983 97 25 Croke.

2077 1008 56 24 New
2145 1009 100 26 Zealand
2258 1012 89 29 House,

2120 1042 74 24 Broad
2207 1044 75 24 Street
2294 1046 129 33 Buildings,

2265 1080 31 22 25
2300 1079 24 23 th
2336 1079 64 32 May,
2417 1082 71 24 1843.

1976 1111 173 31 Gentlemen,
2150 1126 34 5 —
2186 1114 11 24 I
2222 1123 36 16 am
2278 1116 99 26 directed
2398 1124 22 19 to
2440 1121 82 24 inform

1942 1151 44 22 you
2000 1145 47 23 that
2066 1154 55 22 your
2140 1147 66 24 letter
2218 1148 26 24 of
2258 1150 36 23 the
2305 1152 61 23 23rd
2386 1152 85 24 instant
2481 1154 42 24 has

1942 1177 54 24 been
2016 1178 121 24 submitted
2147 1185 23 18 to
2182 1180 38 24 the
2242 1182 70 24 Court
2324 1184 26 23 of
2367 1184 118 27 Directors
2498 1188 26 22 of

1942 1209 38 24 the
1993 1211 56 23 New
2058 1212 99 24 Zealand
2168 1213 125 33 Company,
2304 1217 57 29 who,
2371 1218 56 24 after
2439 1219 84 32 having

1940 1244 66 29 given
2018 1244 18 23 it
2047 1244 59 25 their
2117 1246 85 24 serious
2216 1249 171 31 consideration,
2401 1251 72 26 desire
2485 1261 36 16 me

1940 1280 23 19 to
1975 1284 93 26 express
2081 1279 57 26 their
2149 1281 92 29 general
2253 1284 104 30 approval
2371 1284 25 24 of
2406 1285 36 24 the
2457 1287 63 30 prin-

1940 1310 70 30 ciples
2029 1311 24 23 of
2063 1311 39 24 the
2112 1312 61 31 plan,
2185 1314 45 23 and
2242 1314 57 25 their
2316 1317 116 25 readiness
2443 1323 22 19 to
2478 1327 43 16 un-

1940 1342 92 24 dertake
2049 1343 39 25 the
2108 1347 186 25 trust-functions
2314 1349 75 24 which
2406 1352 19 22 it
2446 1351 75 25 would

1940 1376 80 30 assign
2032 1382 22 17 to
2067 1377 70 25 them.

1971 1409 67 23 After
2060 1418 57 24 your
2137 1419 48 17 own
2208 1417 122 22 statement
2346 1416 26 24 of
2388 1416 39 25 the
2444 1417 75 32 object

1939 1441 54 24 with
2017 1442 74 25 which
2112 1452 56 23 your
2189 1446 68 24 letter
2276 1455 50 16 was
2344 1450 97 30 written,
2460 1452 19 24 it
2500 1453 21 22 is

1938 1475 101 31 scarcely
2051 1484 120 25 necessary
2181 1479 36 23 for
2236 1480 61 23 them
2316 1486 22 19 to
2357 1482 52 30 add,
2422 1484 48 24 that
2482 1484 39 25 the

1936 1508 54 23 final
2002 1509 128 25 settlement
2142 1512 24 23 of
2175 1512 38 24 the
2232 1513 60 30 plan,
2305 1516 45 22 and
2361 1517 122 32 especially
2494 1519 27 23 of

1938 1549 66 23 many
2016 1542 80 24 details
2113 1545 116 31 requiring
2240 1547 85 24 careful
2340 1550 174 30 consideration,

1937 1579 60 19 must
2008 1575 28 24 be
2046 1575 39 24 the
2097 1577 87 31 subject
2194 1579 26 23 of
2229 1579 75 25 future
2315 1579 147 34 negotiation.

1970 1608 55 24 And
2046 1608 14 24 I
2079 1617 36 17 am
2136 1611 88 25 further
2243 1613 99 25 directed
2361 1620 23 19 to
2403 1621 59 20 state
2482 1617 38 24 the

1938 1641 54 23 wish
2013 1641 26 24 of
2054 1641 41 25 the
2112 1643 119 26 Directors
2253 1646 48 24 that
2319 1655 29 16 no
2366 1656 151 26 unnecessary

1936 1674 108 32 publicity
2056 1676 81 24 should
2156 1677 28 24 be
2194 1679 67 30 given
2274 1686 22 17 to
2309 1688 58 22 your
2382 1690 133 26 correspon-

1936 1709 69 23 dence
2029 1709 52 23 with
2105 1710 59 25 them
2183 1719 30 16 on
2232 1712 37 24 the
2287 1714 97 31 subject,
2402 1716 58 24 until
2478 1717 38 24 the

1935 1740 54 31 plan
2011 1742 58 24 shall
2092 1743 55 24 have
2165 1746 106 24 assumed
2291 1754 14 16 a
2323 1754 64 19 more
2409 1751 108 29 practical

1936 1774 68 32 shape
2022 1775 31 31 by
2064 1777 38 22 the
2113 1777 121 25 formation
2254 1777 25 26 of
2296 1780 49 24 that
2365 1781 60 32 body
2439 1784 24 23 of
2478 1785 37 22 in-

1935 1808 94 31 tending
2051 1810 122 29 Colonists,
2194 1811 73 27 which
2289 1813 58 24 shall
2371 1815 28 23 be
2422 1815 93 26 deemed

1935 1841 111 24 sufficient
2070 1847 22 19 to
2114 1844 91 30 provide
2227 1845 35 24 for
2286 1846 38 24 the
2347 1850 99 31 security
2469 1851 44 24 and

1934 1876 126 30 prosperity
2072 1876 26 23 of
2107 1876 37 24 the
2156 1877 135 32 settlement,
2304 1880 32 31 by
2347 1888 77 17 means
2436 1883 26 23 of
2476 1884 38 25 the

1935 1910 155 29 co-operation
2112 1910 25 23 of
2163 1919 13 15 a
2197 1912 154 26 considerable
2372 1916 96 26 number
2491 1918 25 23 of

1934 1941 90 24 settlers
2036 1943 24 22 in
2072 1942 37 24 the
2121 1943 50 24 first
2182 1945 110 25 instance.

2034 1975 12 23 I
2058 1975 57 24 have
2126 1976 38 24 the
2176 1977 73 25 honor
2260 1984 21 19 to
2293 1980 37 30 be,

2104 2009 143 27 Gentlemen.

2069 2041 69 25 Your
2143 2050 61 17 most
2215 2045 105 25 obedient
2331 2054 98 24 servant,

2230 2078 69 25 John
2317 2080 93 31 Ward,
2427 2082 51 26 Sec.

1966 2114 64 26 New
2052 2117 126 25 Zealand
2203 2119 136 26 Company.
2341 2134 35 6 —
2377 2123 23 23 A
2429 2126 83 28 special

1933 2148 71 25 Court
2015 2151 24 23 of
2055 2151 116 24 Directors
2184 2153 44 24 and
2239 2155 111 23 members
2363 2156 25 23 of
2403 2157 40 23 the
2455 2157 56 24 New

1931 2182 102 25 Zealand
2053 2184 118 33 Company
2194 2187 43 23 has
2256 2187 58 25 been
2337 2189 52 24 held
2412 2196 23 17 at
2454 2191 58 24 their

1930 2215 71 25 house
2013 2218 23 23 in
2047 2217 159 26 Broad-street
2218 2220 130 32 Buildings.
2393 2223 50 24 The
2462 2224 49 24 Go-

1930 2257 89 22 vernor,
2037 2251 84 32 Joseph
2142 2252 89 31 Somes,
2251 2253 66 33 Esq.,
2337 2257 24 22 in
2383 2256 38 24 the
2439 2257 71 25 chair.

1930 2283 93 31 Among
2031 2284 38 24 the
2081 2285 118 24 Directors
2216 2294 98 24 present,
2334 2297 58 15 were
2410 2290 101 25 William

1931 2316 68 29 Hutt,
2010 2317 67 32 Esq.,
2093 2318 66 25 M.P.
2170 2328 6 20 ;
2189 2319 65 25 Ross
2265 2321 32 24 D.
2312 2321 115 32 Mangles,
2441 2324 68 33 Esq.,

1931 2349 66 26 M.P.
2007 2359 6 20 ;
2034 2351 96 25 Stewart
2142 2352 168 32 Majoribanks,
2330 2356 74 31 Esq.,,
2423 2357 68 25 M.P.
2500 2368 8 19 ;

1929 2383 63 25 John
1999 2384 61 24 Abel
2080 2385 82 29 Smith,
2185 2387 68 31 Esq.,
2277 2389 67 24 M.P.
2355 2398 7 20 ;
2385 2390 38 24 Sir
2443 2391 67 24 Isaac

1929 2416 66 32 Lyon
2009 2417 127 31 Goldsmid,
2149 2419 56 24 Bart
2215 2430 6 20 ;
2236 2422 37 23 Sir
2284 2422 60 24 John
2356 2423 71 30 Pirie,
2441 2424 65 30 Bart;

1928 2450 75 24 James
2016 2451 23 23 R
2060 2452 94 29 Gowen,
2175 2453 58 32 Esq.
2244 2464 6 19 ;
2274 2455 132 25 Alexander
2426 2457 82 30 Nairn,

1928 2483 57 32 Esq.
1998 2493 6 20 ;
2032 2485 33 24 H.
2091 2485 71 33 King,
2187 2487 59 32 Esq.
2258 2497 6 20 ;
2295 2488 100 26 Edward
2417 2490 93 28 Gibbon

1928 2516 135 31 Wakefield,
2077 2519 60 32 Esq.
2148 2529 7 20 ;
2168 2521 45 23 and
2232 2522 84 24 others.
2363 2523 69 25 After
2442 2532 14 16 a
2466 2525 44 26 few

1928 2551 70 23 words
2010 2551 57 24 from
2080 2553 37 23 the
2131 2553 127 31 Governor,
2278 2561 22 18 to
2322 2556 39 24 the
2382 2558 66 24 effect
2459 2558 50 24 that

1928 2584 36 23 the
1976 2585 100 32 meeting
2088 2586 43 24 had
2144 2587 56 24 been
2211 2589 116 24 convened
2344 2590 36 24 for
2398 2591 38 24 the
2443 2590 2 5 '
2451 2599 57 24 pur-

1926 2625 54 23 pose
1993 2618 24 23 of
2032 2620 86 30 raising
2130 2628 14 16 a
2154 2620 53 25 loaa
2227 2622 26 23 of
2265 2624 117 29 £50,000
2403 2629 22 19 to
2444 2632 66 24 carry

1927 2655 38 19 out
1977 2652 38 23 the
2027 2653 171 25 establishment
2217 2655 25 24 of
2258 2660 42 19 two
2321 2664 55 25 new,
2391 2658 99 24 colonies
2498 2667 7 20 ;

1928 2685 35 23 the
1986 2693 43 16 one
2046 2691 23 18 to
2090 2686 27 25 be
2136 2687 70 25 called
2229 2697 48 15 new
2299 2690 145 33 Edinburgh,
2456 2690 51 26 'the

1926 2718 63 24 other
2001 2719 39 24 the
2058 2719 91 25 Church
2173 2722 24 23 of
2224 2721 109 33 England
2350 2724 100 32 .Colony,
2469 2725 38 26 the

1926 2756 120 27 secretary,
2067 2754 48 23 Mr.
2137 2754 149 33 Harrington,
2309 2757 97 32 reading
2470 2766 36 16 re-

1926 2791 57 25 port.
2032 2786 69 25 From
2121 2788 45 24 this
2187 2789 18 23 it
2226 2790 73 23 would
2311 2799 84 23 appear
2408 2789 48 26 that
2467 2792 39 23 the

1927 2819 116 32 Company
2054 2820 86 25 desires
2149 2826 22 19 to
2180 2822 101 24 increase
2294 2824 60 24 their
2373 2826 84 31 capital
2476 2826 29 29 by

1994 2853 24 23 of
2039 2854 53 24 loan
2113 2855 88 24 instead
2223 2856 28 23 of
2274 2857 85 32 calling
2380 2866 62 24 upon
2468 2859 39 24 the

1925 2885 155 26 shareholders
2094 2892 20 19 to
2126 2895 43 24 pay
2180 2889 40 24 the
2233 2891 128 32 remaining
2380 2892 83 32 moiety
2483 2892 25 26 of

1925 2919 57 23 tbeir
2011 2920 122 25 liabilities.
2182 2922 62 24 That
2267 2923 37 24 the
2328 2925 63 24 three
2414 2925 92 24 distinct

1924 2953 141 24 settlements
2076 2954 91 32 already
2179 2956 139 26 established
2330 2966 38 16 are
2388 2959 80 31 going-
2476 2966 29 17 on

1923 2986 169 33 satisfactorily,
2105 2989 43 23 and
2161 2989 53 31 they
2226 2993 111 29 comprise
2349 2979 157 45 a,pop^llation

1924 3019 25 24 of
1959 3024 25 23 at,
1992 3020 58 24 least
2063 3024 89 26 10,000
2162 3022 72 25 souls.
2277 3024 76 24 These
2363 3013 142 41 settlements

1923 3052 54 24 have
2001 3053 56 25 been
2077 3054 79 32 placed
2177 3056 24 23 in
2224 3056 46 24 this
2292 3058 99 30 position
2408 3048 63 42 iifibn
2471 3057 2 5 '
2486 3068 19 15 -a

1923 3084 87 34 capital'
2016 3088 25 23 of
2054 3088 130 30 £200,000
2204 3087 49 26 and'
2270 3090 99 33 through
2380 3080 75 49 yhicf
2458 3085 6 21 !
2465 3098 39 19 tne

1923 3119 116 34 Company
2051 3121 57 25 have
2119 3123 106 31 acquired
2237 3131 13 16 a
2261 3131 107 25 property
2375 3126 26 23 of
2408 3125 70 25 sbo*ut
2489 3135 14 16 a

1921 3153 86 25 million
2020 3154 24 24 of
2053 3163 63 16 acres
2125 3156 25 23 of
2164 3156 75 24 fertile
2257 3156 52 26 land
2328 3159 23 23 in
2372 3149 132 35 favourable

1921 3186 99 32 portions
2032 3188 26 24 of
2072 3196 14 16 a
2098 3189 79 31 colony
2188 3190 25 24 in
2231 3189 74 26 which
2326 3191 38 26 the
2380 3193 124 25 Triinimum

1912 3220 68 35 'price
1992 3221 26 24 of
2032 3227 68 19 waste
2111 3222 53 25 land
2176 3224 19 23 is
2213 3224 61 24 fixed
2294 3225 31 31 by
2344 3226 40 24 the
2396 3225 105 36 Legisla-

1912 3257 56 21 ture
1978 3259 24 19 at
2013 3255 35 25 £1
2061 3263 41 24 per
2111 3264 58 16 acre.
2233 3257 74 25 While
2331 3267 42 16 our
2396 3260 105 33 capital/

1912 3291 59 27 .say*
1980 3288 38 24 the
2030 3293 77 27 report
2116 3289 41 24 has
2170 3290 57 24 been
2241 3291 53 32 only
2305 3291 148 32 £200,006;'
2460 3302 41 16 our

1918 3321 75 24 actual
2013 3322 78 32 outlay
2109 3323 35 24 for
2166 3323 131 34 colonizing
2319 3334 111 25 purposes
2460 3327 41 24 has

1913 3351 60 27 •been
1997 3355 84 31 nearly'
2095 3355 50 27 half
2147 3381 5 8 f
2159 3365 14 16 a
2195 3358 88 25 million
2293 3368 6 20 ;
2320 3359 39 24 the
2379 3355 120 31 difiifence

1917 3394 55 24 your
1984 3388 119 26 Directors
2114 3394 63 20 must
2188 3397 86 27 repeat,
2286 3401 47 16 was
2344 3392 105 34 suppliS!
2467 3393 33 35 by

1917 3419 38 26 the
1966 3421 130 26 confidence
2108 3421 25 27 of
2147 3424 39 24 the
2328 3424 17 15 Mi
2352 3425 61 25 The'
2424 3433 76 29 report

2046 3455 31 32 by
2096 3459 85 30 stating
2198 3457 106 26 that''the
2323 3448 175 37 Directori^e

1916 3495 29 15 on
1958 3485 97 29 the'Wt
2067 3494 70 22 terms
2148 3491 55 25 with
2215 3489 283 37 GovejhmeaCund^hlat

1916 3520 38 26 thff
1956 3520 5 12 !
1965 3518 132 40 6esl¥raent
2107 3525 26 23 of
2142 3523 56 28 New
2208 3523 139 37 Edintrar#h
2357 3527 21 23 is

1915 3555 45 23 rite-
1969 3551 42 29 brie
2022 3557 26 37 ip.
2059 3557 116 25 Scotland.
2207 3566 5 3 -
2218 3551 47 32 Mirl
2279 3549 75 49 Ht^;,'
2362 3555 61 30 MtP
2425 3551 73 39 .^and

1916 3588 38 24 Sir
1963 3588 66 26 Isaac
2041 3590 68 32 Lyon
2116 3591 120 24 Gbldsmid
2244 3591 53 25 then
2305 3589 192 40 express^a°lH^r

1914 3621 172 27 determination
2131 3624 53 24 lend
2197 3624 39 25 the
2246 3633 84 24 money
2325 3626 3 5 1
2331 3625 5 12 '"
2345 3627 106 31 required
2451 3624 9 17 s
2464 3629 31 23 *at

1908 3659 6 8 r
1914 3653 32 35 4|
1958 3657 105 31 percent
2061 3658 3 8 1
2063 3675 15 12 .,
2091 3657 80 25 should
2182 3658 38 24 the
2233 3659 140 26 subscribers
2394 3648 102 38 aat^tfe

1912 3690 77 32 public
2011 3690 39 25 fail
2069 3692 24 23 in
2113 3691 94 32 making
2229 3700 32 24 up
2278 3688 39 28 the
2336 3692 96 26 amount'
2440 3686 55 39 sub-

1912 3723 97 25 scribed.
2046 3724 52 24 The
2109 3724 85 32 objects
2206 3725 26 23 of
2237 3731 5 6 l
2248 3725 40 24 the'
2294 3723 112 35 meeUngi
2410 3717 85 43 paving

1912 3754 57 27 been
1992 3758 86 24 carried
2100 3752 95 30 without
2218 3757 94 32 dissent,
2332 3760 86 24 thanks
2429 3758 67 28 'were

1913 3789 65 25 voted
2001 3796 22 19 to
2045 3791 41 24 the
2107 3791 123 30 chairman,
2251 3791 107 26 fend'tlie

1911 3824 128 31 separated.

1971 3884 193 25 ENGLISH
2194 3884 246 28 EXTRACTS.

1910 3939 73 31 [From
1994 3939 36 21 the
2038 3939 82 27 Sydney
2127 3941 86 21 Herald
2217 3941 29 27 of
2250 3942 116 22 November
2373 3942 37 27 27,
2413 3955 5 11 ;
2422 3944 71 28 1U43.]

1921 3986 3 4 •
1936 3977 5 13 ;
1943 3972 49 26 The
2004 3978 99 21 steamer
2119 3974 136 31 Bentinck^
2262 3976 74 25 which
2344 3976 31 25 'is
2380 3976 114 27 intended

1909 4010 35 20 as'
1954 4015 13 14 a
1983 4007 92 31 regular
2100 4009 74 23 trader
2198 4005 200 37 between^€afeu
2396 4010 4 19 ;
2399 4011 94 24 ttavaitfi
2519 4009 18 26 /

120 153 93 29 Sydney
219 163 6 14 :
239 154 62 29 large
309 156 153 27 importations
479 157 26 22 of
514 157 45 22 live
575 159 62 21 stock
646 159 58 22 have

121 179 69 24 taken
203 181 73 26 place.
298 181 150 23 -Abundance
464 184 26 21 of
507 183 72 23 fertile
594 185 55 22 land
664 185 40 23 has

120 206 58 23 been
185 208 3 10 '
194 208 128 23 discovered
339 209 33 21 in-
380 209 38 22 the
434 209 168 29 Ruamahanga,
620 214 84 26 twenty

120 232 66 24 miles'
202 234 63 23 from'
282 235 52 23 Port
350 235 134 23 Nicholson:
508 239 77 24 60,000
603 244 63 16 acres
680 240 26 21 of

119 260 60 22 rural
188 260 54 23 land
252 268 56 16 were
319 265 23 17 to
352 261 27 23 be
388 263 98 22 selected
494 263 25 22 in
526 263 107 28 January,
642 272 61 15 com-

118 286 88 29 pleting
215 288 37 22 the
266 287 145 29 preliminary
421 289 125 27 allotment;
563 290 38 22 the
611 298 91 21 surveys

118 314 74 22 •would
193 317 4 5 1
201 315 54 21 then
265 313 28 22 be
302 313 23 23 in
336 315 101 23 advance
447 316 25 22 of
482 315 38 23 the
528 316 64 22 sales.
621 318 22 21 A
652 325 49 16 mu-

117 339 83 29 nicipal
211 340 93 22 election
313 341 46 23 had
374 342 66 22 taken
453 342 71 27 place.
552 343 48 22 The
620 345 81 28 Bishop

112 365 49 23 'had
177 366 80 22 visited
273 367 38 22 the
326 369 126 21 settlement
471 369 23 21 in
512 369 61 26 Sept.
585 371 60 26 1842,
658 374 42 21 and

115 392 45 22 had
170 393 95 22 effected
273 401 14 15 a
292 394 112 27 judicious
414 399 155 23 arrangement
578 397 35 21 for
622 397 78 29 letting

117 419 37 21 the
169 419 83 23 Native
267 428 107 15 reserves.
379 421 17 16 '-
402 421 51 21 Two
470 421 26 22 of
513 422 37 22 the
566 423 134 30 Company's

115 446 117 27 Buildings
241 446 45 23 had
294 447 57 22 been
362 447 92 27 granted
461 447 35 22 for
502 455 13 14 a
524 449 76 22 school
609 451 46 22 and
665 460 34 14 in-

115 472 104 28 firmary;
230 473 44 22 and
284 473 61 25 £100
354 474 114 22 advanced
475 475 94 22 towards
574 475 39 23 the
623 478 76 23 school

114 498 31 28 by
155 499 38 22 the
209 500 122 27 Company.
341 500 5 7 %
361 501 39 21 126
416 500 59 27 ships
492 501 44 23 had
552 504 93 22 entered
661 505 37 22 the

115 525 52 23 Port
177 526 81 27 during
267 526 38 22 the
319 526 51 22 half
381 534 59 19 year,
451 527 83 28 ending
549 529 149 26 Midsummer

115 553 59 26 1842,
186 552 46 22 and
241 553 80 27 during
331 553 38 22 the
384 560 60 15 same
459 554 80 27 period
546 555 39 23 the
595 557 102 24 Customs

114 579 72 22 duties
202 578 46 22 had
263 580 120 22 amounted
399 583 21 19 to
439 580 90 27 £8,000.
558 583 22 21 A
597 583 39 22 fire
651 585 45 24 had

113 605 115 25 occurred,
239 606 91 27 causing
338 613 12 15 a
355 606 45 22 loss
409 610 24 18 to
439 607 36 22 the
482 607 64 23 value
555 609 27 21 of
587 611 107 27 £15,000-

97 639 2 4 ■
113 632 115 22 j£soo'had
238 632 56 22 been
305 633 128 22 subscribed
443 635 93 21 towards
548 635 37 23 the
595 639 68 22 relief
673 641 26 20 of

112 658 37 22 the
162 665 80 21 poorer
258 659 108 27 sufferers,
379 661 44 21 and
440 668 49 15 new
505 661 44 23 and
566 670 62 16 more
644 667 52 22 sub-

110 684 90 23 stantial
210 685 112 29 buildings
331 686 45 22 had
386 687 57 23 been
453 688 95 22 erected.

356 721 94 15 NELSON.

136 740 21 21 4.
172 739 49 22 The
237 740 130 27 population
381 741 19 21 is
413 742 120 26 presumed
549 745 23 19 to
588 744 28 22 be
627 746 68 24 about

109 767 70 27 3,500.
209 767 89 27 During
308 767 37 22 the
488 769 85 28 ending
584 771 110 25 Midsum-

108 800 54 20 mer,
175 795 62 26 1842,
247 795 28 21 58
285 795 82 21 vessels
377 794 44 22 had
431 795 91 22 entered
532 796 94 24 Nelson.
646 801 47 22 The

110 820 111 22 Customs'
237 828 98 14 revenue
350 821 19 21 is
386 821 117 23 estimated
519 827 23 17 at
557 824 83 26 £4,000
654 835 40 19 per

108 853 90 15 annum.
228 847 48 21 The
291 854 93 20 surveys
393 855 57 15 were
464 849 23 21 in
505 857 12 14 a
533 857 54 22 very
597 853 96 24 forward
698 867 2 5 •

107 876 63 20 state.
206 874 34 27 By
256 874 64 27 April
337 874 43 22 last
395 874 38 22 the
450 878 59 20 town
525 879 95 22 sections
636 888 57 15 were

108 899 159 24 distributed—
268 901 48 22 coal
326 901 64 23 fields
406 901 45 23 had
460 903 57 22 been
529 904 130 25 discovered
669 915 24 15 as

108 927 49 21 ■well
174 935 24 14 as
214 928 146 22 limestone—
361 928 45 22 and
422 929 60 28 large
498 930 156 29 importations
671 935 26 21 of

106 954 63 22 stock
179 954 51 22 had-
235 955 57 22 been
308 955 73 23 made;
390 969 2 3 •
409 956 48 22 The
473 956 57 23 local
536 973 3 3 •
545 965 148 20 government

106 980 46 22 had
165 981 133 23 sanctioned
314 982 39 22 the
375 983 166 23 establishment
557 986 27 22 of
602 987 89 23 bonded

108 1006 75 29 stores)
195 1008 38 22 the
243 1009 110 27 licensing
369 1010 26 21 of
406 1010 71 27 pilots,
490 1011 44 22 and
545 1012 38 22 the
592 1015 100 26 appoint-

106 1037 63 18 ment
179 1035 28 21 of
217 1043 13 14 a
239 1035 99 23 harbour
353 1040 88 19 master.
470 1037 39 22 All
524 1038 38 23 the
578 1041 113 23 suburban

105 1061 94 22 sections
209 1070 57 14 were
281 1063 67 26 given
366 1067 43 23 out,
421 1064 45 22 and
482 1065 64 26 1,000
562 1073 63 16 acres
633 1075 58 16 were

106 1088 71 22 under
199 1089 139 22 cultivation.
380 1091 89 26 125,000
487 1098 63 16 acres
567 1093 47 22 had
633 1095 58 22 been

102 1114 71 22 found
183 1116 109 22 available
301 1116 24 22 in
335 1117 105 28 Waimea,
450 1118 114 27 Montura,
573 1121 117 27 Motuaka,

105 1141 43 21 and
157 1142 56 21 Coal
224 1143 53 26 Bay,
289 1143 45 21 and
352 1143 36 23 the
404 1145 127 21 remainder
545 1147 26 21 of
583 1147 38 21 the
631 1149 60 22 rural

103 1166 47 28 land
150 1166 24 28 3,
187 1170 132 25 amounting
329 1173 23 18 to
361 1171 76 25 nearly
450 1173 77 24 40,000
536 1180 70 20 acres,
617 1175 74 22 would

105 1194 107 27 probably
223 1194 27 22 be
266 1195 83 22 chosen
365 1197 24 21 in
404 1197 99 22 Wairau.
533 1199 66 22 Some
616 1202 26 20 of
654 1202 37 21 the

106 1220 134 28 Company's
256 1225 58 18 town
329 1229 99 15 reserves
443 1223 44 23 had
503 1224 56 22 been
577 1226 76 23 leased
663 1235 28 15 on

104 1246 114 23 favorable
233 1251 73 19 terms.
335 1249 48 21 The
399 1249 81 28 Bishop
496 1250 44 23 had
557 1253 80 22 yisited
654 1255 36 22 the

104 1274 135 27 settlement,
259 1275 45 21 and
324 1275 47 22 had
390 1276 64 22 made
472 1284 176 23 arrangements,
666 1282 23 21 in

104 1300 86 22 cordial
205 1302 152 27 co-operation
374 1302 52 22 with
442 1303 36 21 the
501 1305 83 28 Agent,
601 1307 36 21 for
653 1307 36 22 the

105 1326 138 24 educational
254 1329 44 21 and
308 1329 103 27 religious
419 1330 83 27 objects
512 1331 45 22 had
566 1333 22 21 in
599 1333 57 22 view
665 1335 24 21 in

103 1352 38 23 the
150 1354 120 22 fdrmation
282 1355 26 21 of
319 1355 39 23 the
374 1356 132 22 settlement.
534 1358 47 22 The
599 1360 90 23 Church

103 1379 45 23 and
157 1381 40 21 the
200 1382 123 27 -Company
334 1382 45 23 had
388 1383 103 27 together
499 1384 118 24 advanced
627 1387 62 22 £400

103 1406 35 23 for
146 1406 39 23 the
194 1408 86 22 benefit
296 1409 26 21 of
337 1409 39 22 the
390 1410 92 27 natives,
499 1418 30 15 on
544 1412 37 22 the
592 1415 97 27 security

103 1434 28 21 of
141 1434 57 22 their
207 1441 99 16 reserves
307 1446 28 5 —
336 1442 13 15 a
364 1436 57 22 fund
436 1437 40 22 has
492 1437 58 24 been
567 1441 79 22 vested
655 1441 34 22 for

101 1467 108 21 purposes
225 1462 26 21 of
266 1462 139 27 elementary
419 1463 119 24 education
548 1477 30 5 —
586 1474 44 15 one
633 1468 58 22 -half

102 1488 34 21 for
146 1495 12 14 a
168 1488 91 22 Church
268 1488 26 22 of
306 1489 105 28 England
421 1490 108 23 School—
530 1492 37 23 the
579 1495 65 22 other
653 1495 34 22 for

101 1521 42 15 one
154 1521 29 15 on
193 1514 39 22 the
239 1516 120 27 principles
368 1516 26 22 of
400 1517 38 22 the
447 1518 84 23 British
539 1521 46 21 and
592 1521 94 28 Foreign

101 1541 79 22 School
192 1542 95 28 Society.
317 1543 108 28 Upwards
434 1546 25 21 of
464 1547 42 21 200
516 1546 101 24 children
628 1556 59 15 were

96 1568 121 28 attending
225 1569 38 23 the
272 1569 138 29 elementary
415 1572 83 22 school.
516 1582 2 7 ■
526 1573 48 23 The
580 1576 107 27 proceed-

99 1596 49 27 ings
158 1596 46 22 and
213 1597 95 22 conduct
317 1597 28 22 of
351 1597 37 22 the
399 1597 82 30 Bishop
491 1600 45 23 had
545 1601 68 27 given
622 1607 65 22 great

99 1621 146 25 satisfaction.
405 1635 18 8 w

296 1658 50 16 NEW
357 1660 130 17 PLYMOUTH.

125 1683 21 22 5.
161 1684 35 23 Its
205 1688 63 24 great
277 1686 142 26 agricultural
430 1688 136 27 capabilities
571 1692 113 26 promised

99 1718 86 15 success
195 1716 24 17 to
228 1712 38 22 the
276 1713 156 27 agriculturist.
454 1716 49 22 The
512 1717 118 23 roadstead
640 1719 44 22 had

99 1739 57 22 been
172 1739 67 22 made
254 1740 46 21 safe
315 1740 30 26 by
361 1742 117 28 moorings,
496 1744 43 22 and
555 1752 14 14 a
586 1753 98 15 commo-

99 1765 62 23 dious
169 1765 99 23 harbour
278 1767 73 27 might
364 1768 29 28 by
408 1770 43 20 and
467 1771 44 26 bye
526 1771 27 22 be
568 1777 115 19 construc-

98 1792 45 23 ted.
171 1793 92 22 Several
277 1794 134 28 proprietors
427 1803 55 15 were
498 1799 127 28 occupying
639 1801 44 21 and

98 1819 139 28 cultivating.
267 1821 20 22 A
303 1822 66 22 chain
376 1828 3 4 •
388 1825 131 25 suspension
534 1825 79 28 bridge
630 1835 53 15 over

98 1845 37 23 the
145 1846 67 27 Enui,
223 1855 14 14 a
245 1848 45 22 raft
298 1856 54 14 over
367 1848 37 23 the
419 1850 151 29 Waiwaikaio,
581 1854 23 21 in
621 1853 61 24 Wai-

95 1875 55 25 tera,
162 1881 14 14 a
194 1874 55 21 road
266 1877 23 20 to
307 1875 140 29 Kafia,and
466 1886 13 13 a
496 1879 56 21 road
571 1883 22 18 to
605 1881 75 28 Patea,

98 1901 132 26 Wanganui,
242 1902 44 21 and
299 1902 143 29 Wellington,
454 1912 59 15 were
527 1906 24 22 in
560 1907 65 28 rapid
633 1915 49 21 pro-

95 1933 66 19 gress.
198 1928 49 21 The
265 1936 92 20 surveys
372 1937 56 15 were
444 1931 22 22 in
483 1932 100 24 advance
600 1935 28 21 of
644 1935 37 23 the

96 1954 63 27 sales,
178 1954 45 22 and
237 1955 78 28 nearly
331 1958 62 26 7,000
407 1959 59 21 rural
483 1966 62 16 acres
560 1960 46 22 had
622 1962 58 23 been

96 1980 90 28 chosen,
203 1982 46 21 and
264 1983 57 21 sales
338 1984 26 21 of
376 1984 36 22 the
430 1985 134 29 Company's
581 1995 100 16 reserves

93 2013 58 14 were
162 2008 72 24 being
240 2009 72 19 -made
327 2010 26 21 in
369 2010 38 21 the
422 2011 88 31 colony.
550 2014 71 22 Stosk
635 2023 55 14 was<

89 2032 112 25 imported
201 2042 28 4 —
230 2032 45 21 and
285 2040 61 14 more
358 2041 58 14 oxen
423 2036 46 20 and
479 2033 63 30 dairy
551 2044 60 14 cows

90 2057 26 22 in
125 2057 105 22 demand.
260 2058 46 22 Cob
317 2066 26 17 or
351 2060 93 22 wooden
452 2060 82 23 houses
544 2070 58 15 were
613 2065 67 28 being

92 2084 63 26 built,
177 2084 46 22 and
243 2084 37 23 the
296 2085 115 24 labourers
427 2094 57 15 were
505 2090 135 27 purchasing
656 2100 24 14 or

92 2111 89 27 renting
197 2112 64 21 small
279 2112 58 28 plots
355 2114 27 21 of
399 2114 58 22 land.
493 2115 52 22 Coal
562 2117 45 22 had
623 2118 56 23 been

91 2138 69 22 found
171 2145 30 14 on
212 2138 38 22 the
262 2140 91 27 Mokau,
371 2140 43 22 and
428 2140 118 24 limestone
562 2147 24 18 at
604 2145 75 23 Motu-

91 2172 47 15 roa.
167 2164 86 23 Within
270 2167 35 21 six
318 2167 97 27 months,
432 2168 100 24 between
546 2172 28 20 20
588 2172 46 22 and
651 2175 28 20 30

91 2192 82 23 vessels
183 2192 45 22 had
244 2193 132 28 discharged
392 2194 91 23 without
499 2197 110 23 accident.
640 2199 38 23 All

90 2219 132 22 differences
238 2220 52 23 with
308 2221 38 22 the
364 2222 91 22 Natives
472 2222 44 23 had
533 2224 56 23 been
600 2225 77 28 finally

89 2246 113 28 adjusted.-

272 2283 107 15 GENERAL
397 2284 96 16 REVIEW.

114 2308 21 20 6.
150 2306 38 22 All
198 2311 107 19 accounts
320 2316 82 15 concur
418 2309 23 22 in
451 2310 83 28 stating
549 2311 49 23 that
607 2313 23 22 in
642 2321 34 14 re-

89 2337 61 23 spect
167 2334 29 22 of
216 2334 47 27 soil,
282 2335 96 28 climate,
395 2337 76 27 'rivers,
491 2337 116 29 harbours,
629 2341 45 22 and

88 2360 64 23 other
169 2362 90 22 natural
273 2362 144 28 advantages,
435 2364 54 21 New
508 2365 100 24 Zealand
626 2375 49 20 pre-

88 2391 60 19 sents
157 2395 30 15 an
198 2389 123 23 admirable
326 2390 55 22 field
387 2390 36 22 for
428 2391 82 22 British
519 2392 154 25 colonization.

89 2414 48 23 The
151 2415 88 22 settlers
254 2415 58 23 have
328 2417 81 22 almost
423 2418 125 29 invariably
557 2420 117 28 improved

89 2441 57 24 their
153 2442 124 23 condition.
306 2444 136 23 Discontent
456 2445 40 22 has
512 2446 57 23 been
587 2448 38 22 the
634 2456 39 15 ex-

85 2469 98 29 ception,
195 2470 45 22 and
256 2471 137 22 satisfaction
409 2472 38 22 the
460 2473 91 25 general
566 2475 57 22 rule.
653 2477 19 21 7.
702 2483 3 12 i

87 2497 33 21 As
130 2504 13 15 a
157 2497 134 23 mercantile
303 2498 132 27 adventure,
452 2500 39 21 the
507 2500 128 30 colonizing
651 2504 25 21 of

85 2523 57 22 New
157 2524 101 23 Zealand
275 2525 44 22 had
340 2532 69 15 never
425 2526 55 23 been
505 2529 124 27 surpassed,
649 2537 24 15 or
701 2525 4 14 (

86 2558 56 15 even
152 2551 151 28 approached,
313 2552 29 28 by
353 2560 44 20 any
406 2554 104 31 previous
519 2555 95 23 colonial
623 2564 49 20 spe-
699 2557 6 15 1

84 2577 104 24 culation.
219 2579 48 22 The
278 2580 115 26 Company
405 2587 19 15 is
434 2583 22 19 at
466 2580 44 23 this
521 2587 101 18 moment
632 2591 40 15 en-
700 2591 5 14 <

82 2604 63 23 titled
158 2608 25 19 to
200 2606 79 28 nearly
289 2613 17 18 a,
318 2606 86 23 million
421 2614 60 15 acres
497 2609 26 22 of
538 2609 61 28 land,
616 2610 24 22 in
658 2619 13 13 a
699 2615 6 24 ]

84 2631 72 24 fertile
174 2632 47 22 and
237 2633 108 22 beautiful
362 2638 100 23 country,
481 2638 24 19 at
525 2641 90 23 present
633 2638 37 22 the

82 2662 58 19 most
150 2659 97 28 popular
263 2660 53 22 field
332 2661 27 21 of
369 2660 82 23 British
467 2662 142 28 emigration.
639 2666 32 21 At
692 2681 8 4 -

80 2692 57 16 even
146 2683 37 25 the
190 2684 87 29 preterit
292 2687 89 23 market
397 2688 70 28 value,
479 2689 61 23 these
556 2690 65 23 lands
632 2699 37 15 are
698 2687 7 19 '

79 2713 71 23 worth
160 2713 52 23 half
223 2721 14 15 a
246 2714 86 23 million
346 2715 92 27 sterling
444 2723 6 19 ;
465 2716 43 23 but
516 2717 37 22 the
564 2725 105 21 progress
697 2724 8 16 <

81 2740 27 22 of
124 2740 135 27 settlement,
275 2742 46 21 and
338 2742 38 22 the
391 2743 107 30 probable
514 2746 104 21 eventual
633 2746 37 22 in-
697 2750 8 23 ;

77 2775 76 16 crease
164 2768 27 22 of
197 2768 38 22 the
247 2769 161 22 Government'
412 2770 66 28 price,
487 2771 47 22 and
541 2772 38 22 the
589 2780 80 21 appro-
686 2788 2 5 .f.
697 2789 8 14 f

79 2795 96 27 priation
186 2795 26 22 of
225 2803 14 14 a
252 2796 62 27 large
330 2796 133 28 emigration
480 2797 62 27 fund,
555 2803 61 18 must
633 2799 36 23 in-

78 2820 127 29 calculably
214 2822 101 23 increase
330 2822 49 23 that
389 2823 72 23 value.
491 2826 21 21 8.
527 2825 49 23 The
586 2827 82 27 capital
696 2825 9 15 G

78 2850 28 21 of
116 2849 37 22 the
163 2849 118 28 Company
290 2850 41 22 has
346 2850 60 23 been
422 2851 46 25 laid
478 2855 40 19 out
527 2852 23 22 in
559 2852 40 23 the
609 2858 60 21 mos.t
698 2859 7 15 c

77 2876 124 27 legitimate
216 2883 54 21 way,
281 2877 23 22 in
322 2877 38 22 the
376 2878 132 28 acquisition
524 2880 47 22 and
585 2881 82 23 re-sale
696 2888 9 19 t

78 2904 27 21 of
106 2903 33 22 its
148 2902 66 23 lands
216 2914 26 6 —
244 2904 36 22 the
291 2904 243 29 mode'conCe'mplated
544 2907 47 22 also
600 2907 32 28 by
639 2908 27 22 its

77 2930 95 23 charter.
333 2932 125 5 .......
695 2927 10 13 c

63 2974 3 8 <
146 2980 3 4 .
295 2966 153 17 EMIGRATION.
578 2962 3 3 '
695 2959 10 16 l

103 2986 21 21 9.
140 2985 90 27 During
238 2985 37 23 the
285 2985 44 23 last
337 2994 55 20 year
399 2987 60 28 eight
470 2987 60 29 ships
538 2988 59 24 have
606 2989 59 24 been
689 2986 16 22 'a

76 3015 51 19 sent
136 3015 21 19 to
164 3012 95 28 Nelson,
270 3016 43 19 two
357 3013 57 24 New
428 3012 126 31 Plymouth,
566 3016 45 23 and
621 3025 44 15 one
694 3027 11 15 o

76 3043 23 18 to
121 3040 144 27 Wellington,
286 3041 112 28 carrying,
414 3042 102 27 upwards
535 3043 27 22 of
580 3044 86 27 £1,600
694 3060 11 13 s

75 3066 67 23 souls.
148 3078 11 7 -
179 3066 49 22 The
243 3066 63 31 total;
311 3068 97 22 number
424 3069 27 21 of
465 3076 130 21 passengers
609 3079 56 15 con-

75 3091 149 29 veyedup'to
239 3090 38 25 the
291 3095 92 25 present
396 3095 60 27 firrie,
466 3102 44 15 is—
510 3100 28 18 -to
555 3097 110 28 Welling-
693 3092 12 17 '

75 3123 45 23 ton,
138 3120 77 26 4,431;
240 3119 91 32 Nelson,
346 3118 83 25 '3.335:
454 3122 57 22 New
530 3123 131 28 Plymouth,
692 3120 13 22 i'

75 3148 63 27 I,o3o
143 3146 85 29 {.total,
239 3146 69 27 8,796.
352 3147 4 4 '
366 3137 17 14 '"
421 3138 7 14 '
548 3137 21 14 v
654 3141 7 12 '
692 3160 13 16 n

92 3174 25 4 '"
141 3193 4 11 t
155 3170 7 34 [
207 3173 4 4 '
232 3180 147 17 ECONOMICAL
389 3182 119 17 PASSAGES.
632 3173 2 7 '
691 3193 12 16 g

101 3205 48 22 The
158 3206 118 27 Company
284 3205 47 26 had
336 3206 120 27 .chartered
470 3208 40 24 the
513 3227 3 5 .
521 3210 78 23 ZAabe
609 3217 30 16 on
649 3219 14 14 a
691 3227 14 13 n

73 3231 108 30 principle
190 3232 29 22 of
229 3233 139 28 economical
377 3255 4 4 .
385 3234 66 27 cabJn
458 3242 120 22 .passage*,
584 3250 4 12 ;
589 3237 74 25 whioh

73 3259 95 23 induced
179 3259 39 27 th,e
228 3261 139 26 emigration,
372 3261 27 26 pf
402 3269 20 18 a
431 3262 62 27 large
499 3264 100 24 .number
609 3265 27 25 of
649 3273 14 15 a
689 3261 16 23 P

71 3290 67 21 most,
144 3287 108 25 valuable,
261 3288 59 26 .cjass.
331 3288 33 26 .qf.
373 3288 141 28 capftalfots.;,
522 3290 46 23 and
583 3294 28 23 *t-
617 3299 45 18 w,a«
690 3290 15 20 t<

71 3313 73 29 hoped
158 3313 58 28 that,
227 3314 24 22 in
269 3314 64 28 time,
343 3315 38 26 the
396 3319 50 20 cost
460 3317 27 22 of
498 3324 14 15 a
529 3324 101 23 passage;
639 3323 23 19 to
689 3327 15 16 n

71 3341 56 22 New
138 3341 102 23 Zealand
249 3341 73 23 would
338 3341 34 27 be,
376 3346 39 19 not
432 3351 61 16 more
509 3343 54 24 than
578 3345 51 24 that
637 3349 24 19 to
691 3353 10 15 t

71 3368 112 22 America.
312 3374 3 3 •
341 3388 3 6 ,
360 3382 4 5 -

235 3403 95 16 GERMAN
341 3403 154 19 EMIGRATION.
582 3418 2 6 ,
632 3419 3 6 ,
687 3394 18 16 W

96 3422 90 28 During
195 3421 38 23 the
242 3429 54 21 year
305 3430 15 16 a
333 3423 50 30 ship
397 3424 46 24 had
452 3425 57 23 been
519 3426 141 29 despatched
687 3428 14 15 n

68 3452 24 19 to
102 3449 86 23 Nelson
198 3449 57 22 from
265 3450 125 29 Hamburg,
400 3452 52 23 with
461 3461 15 15 a
484 3454 61 28 body
552 3455 26 23 of
585 3455 73 22 active
679 3461 26 20 ,vi

68 3476 47 23 and
123 3476 138 23 industrious
272 3477 99 24 German
380 3478 93 30 settlers,
482 3480 74 23 whose
564 3488 94 21 passage

66 3510 47 16 was
122 3502 109 30 defrayed
239 3504 59 22 from
313 3504 59 23 sales
387 3506 25 22 of
423 3500 92 33 lappfin
533 3508 123 29 Germany.

67 3530 23 23 A
99 3530 115 24 favorable
223 3534 76 26 report
308 3532 58 23 from
376 3532 43 24 this
429 3534 93 29 bodyw
535 3535 122 30 emigrants
684 3529 21 16 m

66 3557 74 23 would
148 3558 52 28 give
211 3565 14 15 a
234 3558 103 23 stimulus
348 3563 23 18 to
381 3561 99 23 German
491 3562 132 28 emigration
633 3567 23 19 to
685 3555 20 24 °*

66 3584 58 23 New
133 3584 107 28 Zealand,
252 3585 45 22 and
313 3593 30 15 an
360 3594 85 22 agency
460 3589 46 23 had
523 3590 57 23 been
597 3593 58 20 esta-
685 3589 20 23 C

66 3611 84 24 blished
161 3612 25 23 in
195 3612 122 28 Hamburg
326 3613 55 22 with
391 3614 44 24 this
444 3616 66 29 hope.
683 3621 22 25 It

283 3647 62 15 LAND
361 3648 74 16 SALES.
682 3656 16 17 ,•

91 3666 29 22 In
131 3666 94 28 Nelson,
235 3668 28 20 28
272 3666 130 24 allotments
416 3669 47 24 bad
472 3671 59 23 been
541 3671 51 23 sold
601 3672 53 23 dur-

61 3692 42 28 ing
112 3692 36 24 the
157 3697 55 25 past
220 3701 66 21 year;
301 3695 28 21 20
344 3695 23 22 in
378 3695 113 30 England,
502 3699 44 22 and
557 3699 47 23 Bin
613 3700 41 23 the
681 3697 24 17 re

63 3720 87 29 colouy.
171 3721 52 23 Still
232 3721 125 29 remaining
366 3722 34 23 for
408 3723 53 30 sale,
472 3727 43 21 280
522 3725 131 24 allotments
680 3730 25 18 re

61 3746 24 23 in
95 3747 111 28 England,
217 3749 41 23 192
267 3748 24 23 in
301 3749 39 23 the
350 3749 88 30 colony.
679 3764 26 20 pi

62 3778 167 21 ■ATIBFAdTORT
258 3783 175 17 ARRANGEMENT
461 3787 62 16 WITH
548 3788 103 16 GOVERN-
679 3785 24 22 It,

306 3811 72 16 MENT.

89 3828 33 22 10.
137 3829 47 23 The
195 3830 108 23 directors
317 3831 47 23 had
379 3831 95 30 thought
489 3834 19 23 it
517 3835 59 24 their
585 3835 63 29 duty,
677 3832 28 17 mi

59 3855 98 29 pending
164 3857 40 23 the
214 3857 131 24 settlement
354 3859 27 22 of
390 3859 40 23 the
439 3862 101 26 question
552 3862 27 23 of
590 3863 56 27 title,
676 3858 29 32 pL

59 3884 24 19 to
92 3883 98 28 suspend
200 3885 30 22 all
240 3885 64 23 sales.
333 3886 58 22 Now
407 3886 32 23 all
447 3887 81 24 doubts
537 3897 24 14 as
571 3893 24 19 to
604 3890 45 23 this
677 3893 28 23 tic

58 3913 63 23 point
131 3917 56 17 were
197 3911 78 25 finally
284 3912 108 24 removed
407 3914 30 28 by
446 3921 27 16 an
491 3921 158 23 arrangement
677 3929 26 17 hr
703 3937 2 9 ,

58 3936 53 22 with
121 3937 36 23 the
174 3938 102 24 Colonial
287 3940 72 27 office,
371 3941 43 22 and
431 3941 35 24 the
483 3943 57 23 sales
557 3944 27 22 of
593 3944 54 23 land
676 3936 15 21 P

58 3969 36 16 are
105 3965 141 28 accordingly
255 3969 113 21 resumed.
397 3969 40 22 All
447 3969 131 24 differences
588 3971 58 23 have
675 3967 14 24 1
691 3968 14 16 U

58 3991 55 21 been
124 3991 102 28 adjusted
226 4004 28 5 —
256 4002 28 15 an
296 3995 76 22 officer
386 3996 44 21 will
446 3996 28 23 be
491 3998 120 28 appointed
617 4003 28 18 .to

957 251 129 17 AUCKLAND.

758 268 32 20 11.
805 268 47 22 The
863 269 113 29 Company
983 272 44 22 will
1033 272 132 24 henceforth
1174 274 28 22 be
1212 276 100 26 engaged

729 294 46 21 also
790 301 24 14 m
828 294 39 23 the
883 296 147 24 colonization
1047 299 27 21 of
1085 300 130 27 Auckland,
1226 301 86 29 having

728 321 83 25 agreed
820 324 22 18 to
851 322 52 26 give
915 323 58 23 back
987 329 22 17 to
1018 325 39 22 the
1068 326 156 24 Government
1234 329 78 26 50,000

728 353 62 15 acres
801 348 24 21 of
835 348 55 23 land
900 353 22 18 at
931 350 36 23 the
977 351 60 27 price
1046 352 26 21 of
1078 352 103 27 £50,000,
1194 354 34 22 for
1238 355 74 22 which

727 379 49 15 sum
785 374 71 22 credit
863 376 19 21 is
898 379 22 18 to
936 377 28 22 be
978 378 69 26 given
1063 381 24 19 to
1102 379 38 21 the
1157 380 114 29 Company
1282 388 28 16 oa

727 400 118 25 purchases
856 401 72 23 which
936 403 19 22 it
964 411 50 20 may
1023 405 66 23 make
1107 406 23 21 in
1140 405 37 25 the
1190 407 119 23 Auckland

727 426 93 23 district.
847 428 48 22 Not
911 430 53 29 only
972 430 18 22 is
1004 432 122 27 pecuniary
1136 433 82 21 benefit
1232 435 79 21 antici-

727 453 66 26 pated
809 454 58 22 from
883 455 43 24 this
940 462 167 22 arrangement:
1123 458 39 23 but
1176 460 19 20 it
1208 459 20 23 is
1237 460 74 29 hoped

727 480 48 21 that
785 487 28 15 an
823 486 45 17 end
879 482 44 22 will
937 483 51 22 thus
997 484 28 21 be
1034 489 40 23 put
1084 487 23 20 to
1117 486 29 21 all
1155 486 104 27 jealousy
1268 487 42 22 be-

726 508 72 19 tween
809 514 40 15 one
859 509 123 24 settlement
992 510 45 23 and
1046 512 104 21 another.

898 543 45 14 THE
953 543 49 15 NEW
1012 545 129 15 GOVERNOR.

753 561 33 20 12.
802 560 46 23 The
865 561 113 29 Company
988 569 89 20 express
1094 568 63 23 great
1171 566 137 24 satisfaction

726 587 52 21 with
787 587 36 22 the
833 588 152 27 appointment
999 589 26 22 of
1037 590 94 27 Captain
1148 592 98 28 Fitzroy,
1259 593 49 22 who

724 612 40 23 has
775 613 104 23 declared
888 614 35 23 his
937 616 110 22 intention
1064 621 23 18 to
1096 622 85 23 protect
1192 620 37 20 the
1240 621 69 21 inter-

724 643 34 18 est
766 640 26 21 of
804 640 27 22 all
842 640 80 23 classes
931 642 23 21 in
964 642 36 22 the
1010 643 86 27 colony,
1109 645 45 21 and
1164 647 111 27 earnestly
1287 650 21 18 to

723 670 100 23 promote
833 667 37 22 the
881 668 124 28 colonizing
1014 670 27 21 of
1053 670 37 21 the
1099 671 81 22 island.

900 702 50 15 NEW
960 703 169 16 SETTLEMENTS.

751 721 40 20 13.'
799 720 67 22 Plans
875 721 26 21 of
912 729 48 15 new
969 722 139 23 settlements
1119 725 55 22 have
1184 725 59 23 been
1255 734 52 14 con-

722 747 122 27 templated
853 748 31 27 by
894 748 86 23 various
998 750 81 26 parties
1095 749 27 23 of
1133 751 114 23 character
1263 753 44 21 and

722 777 115 23 property:
860 774 41 22 but
916 775 60 22 these
993 776 58 22 have
1067 781 41 18 not
1123 782 38 23 yet
1177 778 57 23 been
1249 780 58 26 fully

722 801 109 21 matured.

848 835 145 16 ECONOMICAL
1004 837 168 16 MANAGEMENT.

750 854 31 21 14.
797 853 47 22 The
861 854 106 23 directors
986 856 43 22 had
1046 857 95 22 effected
1151 858 154 23 considerable

720 879 117 22 reduction
846 881 24 21 in
882 881 37 22 the
929 888 106 22 expenses
1050 884 26 21 of
1088 881 38 24 the
1136 884 66 23 home
1212 886 48 21 and
1269 894 37 14 co-

720 906 69 22 lonial
800 907 183 29 establishments,
994 910 46 21 and
1054 917 59 16 were
1129 911 141 23 determined
1282 916 23 18 to

721 933 87 22 enforce
827 934 62 22 strict
907 943 106 21 economy
1029 937 23 21 in
1071 945 69 19 every
1159 938 147 28 department.

720 959 47 22 The
783 960 82 27 largest
881 962 53 21 item
947 962 24 22 in
989 962 37 23 the
1046 964 137 28 Company'
1186 964 14 28 3
1199 966 108 27 expendi-

721 990 48 18 ture
779 987 20 21 is
807 987 36 22 the
860 992 47 17 cost
924 989 25 21 of
960 989 37 22 the
1013 997 92 21 surveys
1114 999 5 13 :
1134 991 42 22 but
1184 992 46 21 this
1239 992 21 22 is
1268 1000 36 14 re-

720 1013 82 22 turned
817 1015 29 26 by
866 1015 37 21 the
923 1015 152 24 Government
1094 1017 24 22 in
1136 1018 38 22 the
1195 1018 69 27 shape
1284 1020 24 21 of

720 1039 61 22 land.

957 1077 117 15 DIVIDEND.

747 1095 34 21 15.
809 1095 21 21 A
840 1095 105 23 dividend
960 1096 25 22 of
995 1098 26 24 2§
1032 1104 40 20 per
1081 1101 52 19 cent
1146 1098 35 23 for
1189 1099 38 22 the
1248 1100 57 22 half-

718 1128 61 20 year,
790 1121 84 27 ending
882 1122 38 22 sth
930 1123 63 27 April
1002 1124 49 26 last,
1061 1124 20 21 is
1092 1124 109 23 declared.

997 1161 34 15 «».

787 1185 79 23 NEW
879 1185 162 26 ZEALAND
1054 1188 181 25 COMPANY.

753 1238 51 24 Our
814 1238 79 25 letters
902 1240 31 30 by
945 1241 36 22 the
992 1241 136 30 Bengalore,
1146 1242 38 23 via
1196 1243 102 31 Sydney,

717 1270 100 32 brought
827 1272 64 23 down
904 1272 30 31 by
945 1273 37 23 the
994 1272 59 24 Star
1063 1274 31 29 of
1109 1275 80 29 China,
1209 1276 91 24 arrived

719 1307 23 19 at
765 1303 96 30 Nelson,
884 1305 89 24 furnish
995 1314 27 15 us
1047 1308 54 25 with
1126 1309 36 23 «,he
1185 1309 116 31 following

717 1336 76 24 items.

752 1369 50 24 The
815 1369 118 33 Company
945 1379 56 17 were
1013 1373 69 23 about
1094 1378 23 19 to
1130 1374 102 25 increase
1242 1375 58 24 their

717 1402 83 31 capital
811 1404 139 29 £100,000.

750 1436 61 24 John
830 1437 78 30 Ward,
929 1437 67 32 Esq.,
1015 1438 39 24 the
1076 1440 122 32 Secretary
1219 1441 27 24 of
1261 1441 39 24 the

717 1468 125 34 Company,
856 1470 44 24 had
912 1471 111 32 resigned.

750 1503 43 23 We
805 1503 63 25 learn
886 1504 31 31 by
934 1505 37 23 the
989 1504 119 25 Directors
1129 1506 96 33 Report,
1244 1507 55 24 sub-

714 1536 81 23 mitted
807 1541 21 19 to
841 1536 39 25 the
893 1538 161 24 Shareholders
1070 1540 24 23 in
1116 1540 58 31 May
1190 1540 52 30 last,
1260 1541 50 23 the-

715 1568 121 26 substance
847 1571 27 22 of
888 1571 73 23 which
973 1571 43 24 will
1029 1571 29 25 be
1074 1573 71 24 found
1163 1575 24 22 in
1204 1574 95 24 another

713 1607 53 27 part
785 1603 26 23 of
834 1611 43 16 our
894 1611 77 25 paper,
990 1605 52 23 that
1062 1605 32 25 E.
1116 1606 31 24 G.
1159 1606 138 31 Wakefield,

713 1635 70 32 Esq.,
802 1636 44 24 had
865 1637 66 31 again
949 1638 92 24 become
1061 1647 14 15 a
1093 1639 108 25 Director
1220 1641 26 24 of
1261 1641 37 24 the

714 1669 57 24 New
783 1669 101 24 Zealand
895 1670 123 32 Company.
1067 1672 44 24 We
1123 1681 38 15 are
1171 1674 54 30 glad
1234 1679 23 20 to
1269 1674 29 24 be

712 1702 52 24 able
776 1707 23 19 to
810 1707 58 19 state
881 1703 48 24 that
945 1705 45 23 this
1008 1705 132 31 gentleman
1158 1707 45 23 had
1223 1709 72 23 aban-

712 1735 73 24 doned
803 1736 37 24 the
861 1736 51 25 idea
933 1738 25 23 of
981 1740 71 29 going
1071 1744 22 18 to
1114 1740 93 24 Canada
1218 1742 78 31 again,

712 1769 44 23 and
768 1770 45 23 will
824 1770 80 24 devote
915 1770 36 24 his
963 1771 83 25 talents
1057 1773 45 23 and
1114 1780 83 25 energy
1214 1779 23 19 to
1258 1775 39 24 the

712 1803 86 23 service
809 1804 25 23 of
849 1803 39 24 the
901 1804 124 32 Company.
1277 1808 7 28 ,;

745 1836 56 24 Two
813 1844 48 16 new
871 1837 139 25 settlements
1023 1846 38 16 are
1082 1844 24 18 to
1127 1840 28 23 be
1173 1841 124 26 formed-r

711 1869 38 23 the
767 1870 192 31 correspondence
976 1871 99 31 relating
1095 1877 24 19 to
1136 1881 44 16 one
1196 1881 33 16 we
1239 1875 57 27 sulfc-

707 1902 60 31 join.

711 1945 35 24 To
764 1946 70 25 John
858 1947 90 30 Ward,
973 1949 68 31 Esq.,
1065 1950 123 32 Secretary
1211 1956 23 18 to
1257 1950 39 26 the

813 1999 4 4 .
843 1980 58 24 New
912 1982 99 23 Zealand
1030 1982 129 32 Company.

743 2021 13 22 %t%
759 2036 8 10 t
775 2020 116 22 Chesham
895 2021 83 27 -BJUce,
987 2022 107 27 London,
1100 2024 64 27 Mss.
1168 2025 41 25 23,
1220 2011 82 42 IS^fc,.

742 2049 54 28 Sir,
798 2062 33 5 —
831 2050 52 24 The
902 2057 181 19 announcement
1105 2053 49 24 that
1176 2055 124 30 questions!

709 2081 74 24 which
801 2083 96 24 affected
915 2083 37 24 the
971 2084 49 24 title
1032 2084 26 24 of
1070 2085 39 24 the
1121 2086 59 24 New
1191 2086 108 30 Zealand,

709 2114 118 33 Company
839 2121 23 18 to
874 2116 53 24 land
938 2118 24 23 in
975 2117 57 24 New
1051 2118 102 25 Zealand
1164 2120 58 24 have
1235 2121 56 24 been

707 2149 159 31 sstisfactoiily
879 2150 109 32 adjusted,
1001 2151 45 24 and
1063 2152 51 24 that
1123 2152 38 25 the
1173 2152 120 28 Directors

707 2189 38 17 are
764 2190 49 16 now
833 2183 71 32 ready
919 2189 22 19 to
962 2185 105 24 continue
1086 2186 58 24 their
1164 2187 134 33 colonizing,

707 2217 127 29 operations
846 2217 55 23 with
918 2218 102 23 renewed
1035 2219 102 31 activity,
1150 2220 94 24 induces
1256 2230 34 21 us,
1296 2225 2 15 1

706 2248 44 24 and
762 2250 87 24 several
870 2250 26 24 of
913 2251 63 24 those
988 2251 86 26 friends
1094 2253 51 23 who
1161 2254 63 24 acted
1238 2256 52 23 with

705 2290 28 15 us
751 2283 45 23 last
816 2291 61 23 year,
898 2289 22 19 to
941 2286 73 23 revive
1034 2294 41 15 our
1096 2286 54 32 plan
1170 2287 34 24 for
1216 2296 13 15 a
1242 2296 47 18 new

706 2316 95 31 Colony,
814 2321 22 19 to
848 2318 29 23 be
889 2318 136 24 established
1046 2320 23 23 in
1090 2322 133 23 connection
1235 2323 61 28 with;

705 2349 38 24 the
759 2349 127 33 Company,

738 2382 50 25 Our
800 2389 93 26 present
903 2385 60 32 plan,
977 2385 110 30 however,
1101 2387 77 25 differs
1189 2388 24 24 in
1225 2396 63 18 some

704 2416 123 32 important
844 2419 134 30 particulars
994 2420 61 24 from
1068 2421 51 24 that
1131 2422 24 23 of
1165 2422 44 24 last
1225 2431 61 22 year.

703 2449 30 29 If,
746 2458 24 15 as
783 2458 33 16 we
835 2452 60 30 hope
906 2460 52 23 may
976 2453 32 25 be.
1015 2453 38 25 the
1066 2462 60 23 case,
1142 2455 54 31 they
1207 2456 80 25 should
1310 2467 2 14 :

702 2483 27 23 be
748 2483 93 25 deemed
862 2486 183 31 improvements,
1059 2488 65 24 there
1145 2488 45 24 will
1209 2490 29 23 be
1255 2498 31 17 no
1310 2504 2 8 <

702 2518 104 24 occasion
823 2523 23 19 to
873 2525 76 25 regret
971 2520 37 24 the
1032 2521 177 25 circumstances
1232 2524 54 23 with
1308 2537 3 15 j

702 2556 87 26 respect
800 2556 23 19 to
834 2552 39 23 the
880 2574 2 5 ,
896 2553 136 32 Company's
1050 2554 58 30 title,
1121 2555 30 31 by
1163 2556 74 27 which
1248 2558 38 24 the
1310 2568 2 21 j

702 2585 118 23 execution
839 2585 26 24 of
886 2586 38 24 the
944 2587 97 32 original
1058 2588 56 31 plan
1131 2588 42 25 has
1192 2590 55 24 been
1260 2599 25 16 so
1310 2601 2 13 i

702 2615 53 32 long
769 2618 113 32 impeded.
959 2627 3 5 '

733 2650 69 24 From
815 2652 38 23 the
871 2652 89 32 facility
969 2653 45 24 and
1025 2662 94 17 success
1136 2657 62 23 with'
1211 2657 73 24 whicn
1310 2659 2 24 ]

702 2682 34 25 the
758 2685 126 31 Company,
898 2686 24 23 in
939 2683 119 38 les^.than
1077 2688 53 25 four
1150 2698 73 23 years,
1241 2691 42 24 has
1307 2697 4 20 1

702 2717 135 25 established
847 2719 65 24 three
923 2720 91 26 distinct
1033 2721 143 26 settlements
1188 2725 24 23 in
1216 2746 4 5 ,
1225 2724 59 25 New
1307 2726 3 13 '

702 2750 97 25 Zealand
800 2765 31 4 —
832 2753 142 31 comprising
988 2762 84 24 among
1088 2756 67 24 them'
1162 2766 14 15 a
1187 2758 95 32 popula-
1310 2768 2 15 <

702 2784 43 24 tion
757 2785 26 24 of
794 2787 91 28 10,000
898 2794 100 24 persons,
1010 2787 51 25 who
1072 2788 59 26 have
1142 2791 99 24 suffered
1252 2799 30 17 no
1309 2801 2 24 ]

702 2818 83 24 serious
807 2817 126 33 privations
955 2822 23 23 in
1001 2824 142 34 conquering
1171 2824 37 24 the
1230 2826 52 23 first

702 2850 125 26 difficulties
846 2853 27 24 of
891 2861 14 16 a
925 2861 49 17 new
995 2855 87 32 Colony
1084 2869 34 4 —
1119 2864 35 22 we,
1162 2866 44 21 are,
1210 2858 38 25 led
1259 2864 23 19 to
1310 2863 1 21 I

702 2884 32 24 the
746 2886 92 30 opinion
849 2886 51 25 that
911 2887 38 24 the
967 2888 148 33 preliminary
1126 2893 155 30 preparations
1310 2894 1 23 1

702 2920 161 31 contemplated
874 2921 24 23 in
910 2928 42 17 our
963 2921 53 33 plan
1028 2923 26 23 of
1062 2922 46 25 last
1114 2932 66 23 -year,
1188 2933 42 16 are
1235 2933 44 17 un-

702 2959 118 26 necessary
826 2961 61 17 now.
923 2953 44 26 We
984 2963 39 16 are
1035 2956 49 24 also
1096 2958 100 24 satisfied
1208 2960 26 23 of
1242 2960 38 24 the
1308 2961 3 23 i

702 2986 119 34 advantage
832 2987 27 24 of
867 2987 91 33 leaving
968 2988 38 25 the
1018 2989 78 26 choice
1107 2989 24 26 bf
1139 2991 39 25 the
1188 2991 92 34 locality
1305 2989 6 29 i

702 3027 50 23 jpen
764 3025 23 19 to
799 3020 37 25 the
848 3016 163 36 last/nioßpi.enf;,
1018 3023 50 30 ,an
1065 3023 19 30 4
1077 3024 51 24 that
1135 3026 144 25 thedecision
1307 3035 4 17 c

702 3053 76 25 should
797 3060 47 18 rest
863 3055 56 24 with
930 3055 64 25 those
1014 3065 97 23 persons
1123 3066 30 17 on
1163 3059 39 25 the
1219 3064 59 28 spot,
1308 3064 3 22 I

702 3087 67 24 vhose
780 3095 80 17 means
873 3089 26 23 of
903 3088 122 33 judgment
1031 3095 63 19 must
1101 3092 30 24 be
1140 3093 139 33 continually

702 3121 126 32 mptpving.
866 3122 51 24 The
934 3120 63 35 large
1016 3126 126 31 surveying
1157 3127 120 24 establish-
1306 3136 5 16 c

702 3158 65 20 nents
785 3155 24 23 of
828 3154 40 25 the
886 3152 129 36 <3onipany^
1037 3158 45 25 and
1095 3158 45 25 ,the
1163 3160 114 26 advanced
1306 3170 5 16 c

702 3190 48 20 Jtate
759 3187 28 24 of
793 3187 39 25 the
839 3195 98 25 surveys
943 3191 24 23 in
976 3190 38 25 the
1025 3197 95 26 present
1129 3194 148 30 settlements,

702 3219 53 24 >lace
766 3228 14 16 a
781 3228 2 7 1
791 3222 114 25 sufficient
915 3223 61 25 force
988 3224 26 24 of
1021 3225 107 31 pioneers
1138 3231 25 20 at
1178 3228 39 24 the
1228 3226 47 26 dis-
1307 3231 4 24 1

702 3253 53 25 )osal
767 3254 26 24 of
809 3255 38 24 the
864 3255 127 32 Directors,
1003 3257 44 25 and
1060 3259 47 24 will
1124 3261 78 24 enable
1214 3261 62 26 them
1301 3274 4 6 •

702 3294 11 16 o
724 3287 67 24 avoid
803 3288 37 24 the
860 3297 99 21 expense
977 3291 44 25 and
1033 3292 66 33 delay
1112 3293 25 25 of
1140 3294 20 24 la
1173 3295 102 32 prelimi-
1301 3296 10 25 <

702 3327 44 25 lary
764 3321 149 32 expedition/
918 3323 39 28 for,
974 3332 44 24 any
1037 3325 78 26 future
1126 3349 3 5 ,
1136 3328 138 33 setdpment.

731 3354 47 25 this
789 3361 97 27 respect,
899 3357 22 24 if
929 3356 27 25 is'
961 3358 94 26 obvious
1067 3360 52 24 that
1129 3361 39 25 the
1176 3353 99 34 interval
1300 3363 11 24 si

702 3386 60 26 irhich
773 3388 42 25 has
826 3389 99 33 elapsed,
931 3392 61 23 since
1011 3400 42 17 our
1070 3393 85 26 former
1172 3403 101 17 coramu-
1301 3397 10 25 £

702 3421 97 25 lications
822 3423 55 24 with
899 3419 39 29 tte
960 3425 127 32 Directors,
1098 3441 5 4 -
1112 3428 83 30 admits
1214 3429 26 24 of
1259 3437 15 16 a

702 3454 88 26 aluable
800 3456 153 27 modification
964 3459 26 24 of
999 3461 38 23 the
1049 3458 99 35 original
1157 3462 63 32 plan.
1300 3464 11 24 •£

719 3487 48 28 For
790 3489 63 26 these
876 3499 101 24 reasons,
998 3501 33 17 we
1054 3502 39 17 are
1117 3495 87 33 willing
1222 3495 50 25 that
1298 3504 9 4 -

702 3529 100 17 leasures
813 3523 26 25 of
846 3527 152 29 preparation,
1010 3527 170 33 including^the
1194 3530 77 24 choice

702 3555 8 24 f
718 3555 39 24 the
767 3556 65 32 place
843 3558 26 23 of
872 3559 142 30 {settlement,
1027 3560 62 25 shall
1100 3561 35 25 be,
1144 3562 42 25 left
1197 3567 21 20 to
1232 3563 38 25 the

702 3589 121 32 Jompany's
833 3596 94 26 present
938 3593 89 26 officers
1039 3595 26 23 in
1084 3595 58 24 New
1158 3596 109 25 Zealand,

702 3626 6 20 t
719 3630 75 17 seems
806 3623 120 32 desirable,
938 3625 110 32 however,
1060 3627 38 25 for
1108 3629 40 24 the
1164 3629 104 26 satisfac-

702 3664 29 16 on
742 3657 26 23 of
784 3657 64 25 those
861 3657 49 26 who
929 3667 59 25 may.
992 3665 41 20 not
1046 3661 59 33 fully
1116 3664 103 30 perceive
1230 3664 38 24 the

702 3689 27 25 ;al
748 3690 96 33 identity
859 3692 29 24 of.
900 3692 44 24 the.
960 3693 140 34 Company's
1106 3717 2 5 ,
1118 3697 103 29 interest,
1242 3705 26 17 as

702 3729 80 27 >spects
794 3724 77 25 choice
883 3726 28 23 of
924 3727 115 31 situation,
1052 3727 63 26 with,
1123 3729 60 26 (that.
1189 3730 25 25 of
1228 3730 40 25 the

702 3757 114 25 urchasers
827 3759 26 24 of
869 3759 55 25 land
934 3761 25 24 in
970 3769 14 16 a
1001 3769 50 17 new
1063 3762 139 31 settlement,
1217 3763 51 25 that

702 3798 16 17 te
739 3791 120 26 Directors
878 3793 82 25 should
976 3795 141 33 specifically
1129 3803 95 26 .engage
1242 3802 24 20 to

702 3829 74 20 istruct
787 3825 59 25 their
856 3826 92 32 Agents
968 3833 24 19 to
1002 3828 84 26 choose
1098 3829 39 25 the
1149 3838 55 24 very
1215 3831 51 25 best
1294 3844 4 4 -
1310 3852 2 3 .

702 3866 39 16 ace
753 3864 24 19 at
788 3861 38 22 the
838 3860 55 24 time
903 3868 58 24 open
970 3861 23 24 b
1004 3862 119 25 selection.
1158 3863 118 29 lustruc-,
1296 3873 4 3 -

702 3899 35 17 ans
749 3892 86 25 similar
847 3897 24 19 to
884 3894 64 24 those
956 3895 72 24 which
1039 3896 138 31 were-given
1189 3902 24 20 to
1225 3897 39 26 the
1293 3898 18 25 th

703 3926 118 32 eliminary
838 3927 130 31 expedition
979 3929 35 23 for
1034 3929 96 30 Nelson,
1143 3930 73 25 would
1236 3932 28 24 be
1292 3932 19 24 be

702 3960 36 24 lite
750 3960 151 31 satisfactory.
937 3960 36 19 -'I
1127 3980 4 2 .
1291 3974 20 16 re

837 3995 17 22 it
865 3995 42 24 has
919 4003 25 16 so
955 3996 69 24 fallen
1037 4001 40 19 out
1089 3996 50 25 that
1152 3998 38 24 the
1198 4003 64 26 great
1291 4000 20 23 in

1339 174 57 24 bulk
1408 176 24 23 of
1449 177 39 23 the
1507 177 123 32 Colonists,
1644 188 25 16 as
1688 183 50 23 well
1760 185 124 30 capitalists
1895 194 1 15 i

1340 207 125 32 labourers;
1476 210 48 24 who
1535 211 58 24 have
1612 214 123 30 emigrated
1753 218 23 22 iv
1789 219 107 23 corinectio

1340 240 53 24 with
1414 241 38 24 the
1473 242 56 24 New
1547 244 101 25 Zealand
1661 247 125 33 Company,
1799 250 56 23 have
1867 259 29 23 pre

1340 273 82 24 ceeded
1433 275 58 24 from
1504 275 106 32 England
1619 287 6 19 ;
1645 280 43 23 and
1699 282 48 23 that
1760 283 107 24 Scotland
1878 284 18 23 fo

1340 305 68 24 taken
1430 307 42 24 but
1491 309 65 24 small
1578 315 51 26 part
1648 313 24 22 in
1692 321 30 16 an
1742 319 124 28 enterprise
1884 319 12 22 ft

1340 338 71 24 which
1429 339 41 25 her
1488 342 78 31 people
1583 351 37 15 are
1632 345 124 33 eminently
1767 349 105 31 qualified
1889 351 7 23 b

1338 371 58 24 their
1408 373 161 31 self-reliance,
1576 376 112 33 industry,
1697 386 169 26 perseverance,
1874 392 22 15 an

1338 404 120 30 prudence.
1494 407 42 23 We
1555 416 37 16 are
1613 409 109 30 desirous,
1739 413 117 31 therefore,
1870 416 26 24 thi

1338 437 38 23 the
1394 439 110 30 proposed
1522 440 88 32 Colony
1622 442 80 25 should
1719 445 29 23 be
1767 447 63 24 made
1848 457 48 23 pecu

1338 468 64 33 liarly
1421 471 89 31 eligible
1528 473 36 27 for
1582 474 100 25 Scottish
1702 477 132 33 Emigrants
1842 483 31 29 .of
1888 491 8 14 a

1338 502 37 24 the
1384 504 91 23 various
1488 506 83 24 classes
1580 502 203 34 wfoeh-constitute-

1338 536 47 23 that
1396 537 19 22 it
1427 537 81 25 should
1525 539 28 23 be
1565 548 14 15 a
1595 540 56 24 New
1669 542 100 26 Zealand
1789 547 107 24 settlemer

1336 568 34 23 for
1383 569 116 25 Scotland.
1534 572 59 24 This
1602 574 73 31 object
1687 584 32 15 we
1732 578 67 26 think
1808 580 73 24 would
1889 581 7 23 b

1336 602 166 32 accomplished
1512 604 30 31 by
1554 613 28 15 nn
1594 614 54 23 easy
1660 609 236 33 andunobjectionabl

1335 642 91 23 process
1437 644 6 15 :
1466 644 33 15 we
1520 644 96 25 propose
1635 640 48 23 that
1702 642 39 24 the
1763 644 53 30 plan
1837 646 26 22 of
1878 646 18 24 th

1337 667 86 31 Colony
1432 668 57 24 shall
1499 672 109 30 comprise
1616 680 13 15 a
1638 675 115 28 provision
1764 677 35 23 for
1808 677 88 32 religiou

1336 701 42 23 and
1390 701 139 25 educational
1545 712 118 23 purposes,
1677 708 23 22 in
1718 711 131 23 connection
1862 712 34 23 wit

1336 733 37 24 the
1393 734 161 31 Presbyterian
1555 743 4 5 1
1574 737 91 25 Church
1684 740 25 23 of
1727 741 107 25 Scotland
1845 753 6 20 ;
1872 753 24 15 an

1336 766 47 24 that
1392 767 38 24 the
1444 767 70 25 whole
1526 769 24 23 of
1559 769 38 24 the
1605 770 145 32 Emigration
1759 775 62 29 fund,
1830 778 66 23 arisin

1334 799 58 24 from
1404 801 37 26 the
1454 801 46 23 sale
1512 802 24 23 of
1552 802 43 24 the-
1609 804 139 33 Company's
1764 807 65 25 lands
1841 811 24 22 in
1877 811 19 23 th

1334 833 136 30 settlement,
1483 834 57 24 shall
1559 836 28 23 be
1606 837 131 32 employed,
1743 841 25 22 in
1786 844 110 28 promotin

1334 865 38 24 the
1390 867 134 31 emigration
1543 868 33 23 of-
1582 877 98 23 .persons
1699 872 26 23 of
1742 874 39 23 the
1797 875 99 25 labourin

1333 899 59 23 class
1404 900 59 23 from
1475 900 108 26 Scotland
1593 903 60 31 only.
1677 905 38 23 •If
1722 906 46 23 this
1781 909 115 30 suggestioi

1333 938 57 17 were
1409 933 120 24 attributed
1542 938 23 19 to
1578 943 13 16 a
1602 943 87 18 narrow
1707 940 68 29 spirit
1786 941 25 23 of
1823 943 73 23 nation

1333 965 62 31 ality,
1408 973 33 16 we
1454 966 79 24 should
1544 968 48 23 find
1603 977 41 15 our
1656 971 96 31 apology
1764 973 35 24 for
1811 974 17 23 it
1840 976 22 21 in
1876 976 20 22 th

1333 999 129 23 conclusive
1474 1006 129 25 arguments
1615 1002 31 30 by
1658 1004 73 23 which
1742 1006 40 23 the
1794 1007 52 30 plan
1858 1008 26 23 of
1895 1002 2 6 *

1334 1031 87 31 Colony
1432 1033 25 22 in
1468 1032 57 24 New
1536 1034 101 24 Zealand
1648 1036 34 24 for
1703 1039 112 24 members
1833 1041 25 23 of
1876 1041 20 24 th

1333 1064 93 25 Church
1445 1066 25 23 of
1486 1067 107 31 England
1613 1069 25 22 in
1656 1071 130 30 particular,
1800 1073 39 23 has
1856 1074 40 24 beei

1331 1099 171 24 recommended
1514 1105 22 18 to
1548 1100 38 24 the
1600 1101 126 33 Company.
1764 1105 24 23 It
1803 1107 18 22 is
1833 1112 41 18 not
1884 1116 12 15 ai

1332 1131 113 24 exclusive
1458 1132 78 32 colony
1547 1133 49 24 that
1608 1143 33 15 we
1660 1143 103 25 propose,
1776 1139 39 24 but
1828 1140 53 31 only
1895 1150 2 14 i

1331 1164 84 30 special
1434 1173 50 16 one.
1519 1166 57 24 New
1597 1168 98 25 Zealand
1717 1171 21 23 is
1750 1173 57 22 wide
1822 1175 74 29 enoug]

1330 1196 34 24 for
1376 1205 67 24 every
1455 1199 58 31 body
1523 1208 5 20 ;
1547 1200 44 23 and
1602 1209 34 15 we
1648 1202 52 32 only
1712 1204 42 23 ask
1767 1213 13 15 a
1791 1206 42 23 fair
1844 1206 52 24 shan

1329 1229 34 24 for
1375 1230 115 31 Scotland,
1503 1232 52 24 with
1568 1234 37 23 the
1616 1241 60 17 most
1688 1237 99 24 efficient
1804 1246 92 24 arrange

1328 1268 74 19 ments
1414 1265 35 23 for
1462 1266 104 31 securing
1577 1267 108 31 religious
1700 1270 140 31 ordinances,
1853 1273 43 23 edu-

1329 1297 80 29 cation,
1418 1298 45 23 and
1474 1300 96 22 concord
1580 1301 24 23 in
1611 1302 39 22 the
1658 1302 102 25 Scottish
1771 1305 125 25 settlement

1328 1328 24 24 It
1371 1330 47 24 will
1435 1331 28 23 be
1481 1339 53 16 seen
1553 1333 48 23 that
1613 1340 33 17 we
1658 1334 28 24 do
1696 1340 42 19 not
1748 1336 67 25 think
1827 1338 25 23 of
1868 1347 28 16 ex-

1327 1362 91 32 cluding
1440 1371 45 23 any
1504 1372 42 16 one
1566 1365 58 25 from
1644 1367 82 32 taking
1747 1375 52 25 part
1818 1371 25 23 in
1863 1371 33 24 thii

1327 1397 133 30 enterprise.
1495 1397 47 24 But
1564 1398 66 24 while
1653 1408 33 15 we
1708 1401 60 24 shall
1790 1403 84 31 rejoice
1891 1405 5 22 i

1327 1427 152 32 Englishmen
1490 1437 25 16 or
1536 1430 115 26 Irishmen
1663 1433 82 25 should
1763 1435 28 24 be
1803 1436 93 33 disposec

1326 1465 23 19 to
1366 1462 50 31 join
1438 1470 36 21 us,
1498 1463 56 25 after
1576 1464 58 32 fully
1653 1468 192 32 comprehending
1866 1478 30 16 oui

1326 1495 90 24 scheme
1427 1496 26 23 of
1462 1496 159 31 endowments,
1635 1507 32 16 we
1683 1508 38 16 are
1734 1503 113 23 confident
1859 1503 37 25 tha

1326 1528 37 23 the
1374 1528 54 31 plan
1440 1529 25 23 of
1480 1531 83 30 special
1575 1531 140 26 settlements
1733 1535 36 24 for
1785 1536 111 30 particulai

1326 1561 83 24 classes
1432 1562 46 24 will
1500 1564 88 32 greatly
1609 1566 100 24 conduce
1731 1571 25 20 to
1778 1568 38 24 the
1843 1571 53 30 rapic

1326 1595 148 24 colonization
1486 1596 25 24 of
1520 1596 57 24 New
1589 1597 100 26 Zealand
1700 1600 24 23 in
1736 1602 90 30 general
1837 1611 7 15 :
1862 1611 34 16 anc

1326 1634 32 17 we
1380 1632 94 21 venture
1496 1634 22 19 to
1541 1637 49 25 say,
1609 1632 24 23 in
1653 1632 80 24 behalf
1752 1635 26 23 of
1797 1643 40 15 our
1858 1644 38 16 owr

1326 1660 97 31 scheme,
1435 1662 51 24 that
1496 1662 37 24 the
1545 1664 128 31 proverbial
1685 1666 133 32 disposition
1830 1669 26 23 of
1863 1678 33 15 oui

1326 1699 147 27 countrymen
1491 1700 21 20 to
1531 1697 61 24 stick
1609 1699 103 30 together
1723 1701 45 23 and
1786 1701 51 32 help
1850 1703 46 24 eacl

1325 1728 70 29 other,
1407 1730 21 23 is
1439 1736 16 16 a
1472 1729 85 32 quality
1569 1729 73 25 which
1663 1732 105 25 deserves
1790 1740 21 18 to
1822 1736 29 23 be
1869 1737 27 23 in-

1325 1761 82 31 dulged
1417 1762 45 24 and
1472 1763 99 24 fostered
1581 1772 25 16 as
1618 1773 43 16 one
1672 1766 26 24 of
1706 1767 38 23 the
1757 1773 58 18 most
1825 1774 71 26 poteni

1324 1795 150 24 instruments
1485 1796 25 24 of
1519 1796 165 27 Colonization.

1357 1829 36 22 As
1415 1834 100 26 respects
1537 1830 39 24 the
1604 1839 78 17 means
1710 1834 26 23 of
1761 1834 106 33 planting
1892 1844 4 15 s

1325 1860 95 32 Colony,
1432 1862 112 24 sufficient
1564 1866 132 29 experience
1708 1867 42 23 has
1768 1869 83 29 proved
1867 1869 29 24 the

1324 1895 127 23 soundness
1463 1896 25 23 of
1496 1896 37 23 the
1544 1897 92 31 leading
1645 1900 111 31 principle
1767 1901 96 31 adopted
1875 1902 21 31 bj

1324 1927 37 24 the
1373 1928 57 24 New
1442 1928 100 25 Zealand
1555 1930 117 33 Company
1682 1942 6 19 ;
1709 1934 97 31 namely,
1820 1935 50 24 that
1883 1938 13 21 ol

1324 1968 13 16 a
1348 1962 152 24 contribution
1510 1963 30 31 by
1552 1963 30 24 all
1600 1964 38 25 the
1657 1966 135 30 purchasers
1804 1968 25 23 of
1844 1969 52 29 laud,

1323 2001 30 17 on
1364 1994 67 31 equal
1451 1999 77 26 terms,
1540 1999 97 22 towards
1649 1999 37 23 the
1708 2007 110 24 purposes
1832 2002 64 23 which

1314 2033 47 16 -are
1373 2028 26 22 c»£
1411 2029 116 22 essential,
1536 2029 141 30 importance
1689 2036 24 18 to
1724 2032 46 29 all,-
1775 2034 44 23 and
1831 2034 65 25 which

1322 2057 57 24 have
1395 2058 39 23 the
1452 2060 123 30 particular
1595 2062 67 24 effect
1681 2064 26 23 of
1723 2066 81 31 giving
1823 2071 23 19 to
1866 2067 30 25 the

1322 2090 53 24 land
1395 2090 94 33 bought,
1508 2100 15 16 a
1541 2094 168 27 market-value
1726 2099 125 32 exceeding
1874 2102 22 22 its

1322 2124 95 30 original
1434 2127 69 29 price.
1539 2127 82 25 Under
1632 2129 44 24 this
1688 2131 62 31 plan,
1765 2132 38 24 the
1813 2138 83 26 greater

1321 2163 51 25 part
1383 2158 25 23 of
1418 2158 38 24 the
1468 2159 202 36 purchase-money
1682 2165 20 22 is
1716 2165 79 24 indeed
1808 2175 12 15 a
1831 2173 65 19 trust-

1310 2198 2 18 !
1320 2191 63 29 fund,
1397 2192 101 24 confided
1509 2198 22 19 to
1545 2194 38 24 the
1595 2196 57 24 New
1670 2197 102 25 Zealand
1785 2200 111 34 Company

1321 2224 34 24 for
1380 2226 91 31 specific
1499 2236 107 24 purposes
1620 2239 7 19 ;
1658 2231 39 24 but
1726 2232 60 25 their
1813 2236 83 31 strictly

1320 2257 138 26 honourable
1468 2260 181 28 administration
1662 2265 24 23 of
1703 2265 70 25 funds
1785 2275 25 16 so
1822 2267 64 32 place
1893 2270 3 23 1

1318 2291 24 23 in
1362 2291 59 25 their
1438 2293 72 25 hands
1533 2295 133 32 heretofore,
1688 2299 85 24 affords
1796 2301 36 24 the
1851 2302 45 24 best

1319 2326 98 31 security
1428 2326 50 25 that
1489 2328 37 24 the
1546 2337 83 24 money
1641 2331 44 24 will
1697 2333 29 23 be
1737 2333 47 24 laid
1804 2340 44 23 out,
1862 2344 34 15 ac-

1319 2359 92 31 cording
1431 2365 24 19 to
1473 2366 107 26 contract,
1599 2364 36 24 for
1654 2365 37 24 the
1712 2366 85 25 benefit
1816 2369 27 23 of
1862 2369 34 24 the

1317 2392 134 30 purchasers
1463 2403 5 20 ;
1488 2395 64 25 while
1572 2397 37 24 the
1631 2403 58 19 trust
1700 2399 115 25 fuuetions
1826 2402 27 23 of
1863 2403 33 24 the

1318 2425 117 32 Company
1458 2429 81 31 supply
1562 2430 38 24 the
1623 2431 52 32 only
1699 2440 79 17 means
1801 2434 95 26 hitherto

1315 2458 70 25 found
1403 2461 108 25 available
1531 2463 24 23 in
1576 2464 158 31 colonization,
1758 2467 24 23 of
1803 2473 22 19 at
1844 2477 52 16 once

1315 2493 107 32 enabling
1443 2502 68 24 many
1533 2504 96 23 persons
1652 2498 116 26 unknown
1793 2506 20 19 to
1844 2503 52 23 each

1311 2526 67 26 .other
1397 2532 23 19 to
1440 2529 126 25 contribute
1578 2532 35 23 for
1625 2539 104 17 common
1741 2534 94 31 objects,
1854 2537 42 24 and

1313 2561 89 31 getting
1422 2561 65 25 those
1507 2563 86 32 objects
1612 2566 100 30 pursued
1724 2567 56 24 with
1799 2568 36 24 the
1848 2570 48 24 effi-

1314 2593 76 32 ciency
1403 2594 26 24 of
1437 2603 14 16 a
1463 2596 72 32 single
1547 2598 45 23 and
1602 2599 114 31 practised
1728 2603 125 23 executive.

1347 2627 62 25 Such
1430 2636 37 16 are
1488 2629 37 24 the
1545 2631 78 24 views,
1634 2632 59 24 with,
1705 2634 75 24 which
1803 2643 30 16 we
1854 2636 42 32 beg

1312 2659 63 25 leave
1394 2666 23 19 to
1430 2662 84 24 submit
1533 2664 40 24 the
1583 2664 116 34 following
1709 2669 152 30 propositions
1874 2675 22 19 to

1312 2693 37 25 the
1360 2693 119 26 Directors
1491 2697 25 23 of
1524 2697 39 24 the
1573 2698 57 25 New
1641 2699 101 26 Zealand
1752 2702 126 32 Company.

1310 2726 2 13 1
1322 2731 3 8 '
1347 2729 22 22 1.
1388 2728 71 30 That,
1481 2730 34 24 for
1538 2731 39 23 the
1598 2740 98 25 purpose
1720 2734 26 24 of
1766 2735 99 33 forming
1885 2746 11 15 a

1312 2760 92 25 distinct
1415 2762 136 31 settlement,
1566 2765 36 24 the
1615 2766 118 33 Company
1742 2768 60 24 shall
1813 2777 83 24 appro-

1311 2794 71 31 priate
1396 2797 109 27 120,550
1516 2806 64 16 acres
1593 2799 25 23 of
1627 2799 85 31 Land.,

1343 2830 25 22 2.
1387 2828 63 24 That
1470 2829 38 25 the
1529 2831 66 25 Land
1614 2833 62 24 shall
1691 2834 28 24 be
1740 2835 88 25 divided
1848 2838 47 23 into

1311 2862 48 23 550
1371 2867 64 19 acres
1447 2863 34 23 for
1493 2865 38 23 the
1552 2865 81 30 Town,
1646 2864 92 32 26,000
1750 2869 36 23 for
1806 2870 89 25 Subur-

1311 2894 43 24 ban
1365 2891 111 34 lots/and
1490 2899 106 27 100;000
1607 2900 36 23 for
1655 2900 74 25 Rural
1740 2902 54 24 lots;

1315 2954 5 7 (
1343 2931 23 22 3.
1386 2928 63 25 That
1461 2930 37 24 the
1521 2932 71 24 Town
1604 2933 67 25 Land
1689 2935 60 24 shall
1766 2936 28 24 be
1806 2936 89 26 divided

1311 2961 45 24 into
1369 2964 67 23 2200
1454 2963 44 24 lots
1516 2965 25 24 of
1557 2974 14 15 a
1582 2972 91 26 quarter
1692 2977 51 16 acre
1763 2970 53 23 each
1829 2979 7 20 ;
1856 2971 39 24 the

1311 2994 120 26 Suburban
1452 2996 67 25 Land
1536 3000 49 23 into
1605 3001 66 24 2000
1683 3001 45 25 lots
1745 3002 26 24 of
1790 3005 35 22 10'
1830 3012 64 16 acres

1311 3028 67 31 each;
1397 3029 47 24 and
1455 3030 38 25 the
1505 3031 73 25 Rural
1596 3033 67 24 Land
1669 3035 60 24 •into-
1736 3038 67 22 2000
1814 3036 44 24 lots
1872 3039 24 23 of

1311 3060 30 26 50
1354 3071 63 16 acres
1431 3064 65 24 each.
1575 3074 3 4 •

1327 3095 36 25 •4.
1383 3096 63 24 That
1464 3097 76 31 there.
1547 3099 59 25 shall
1627 3100 28 25 be
1672 3103 115 29 reserved,
1805 3103 45 25 free
1870 3106 25 23 of

1311 3128 84 33 charge,
1406 3138 26 16 as
1444 3139 15 15 a
1470 3137 105 27 property
1583 3133 36 25 for
1631 3134 39 24 the'
1681 3135 77 25 future
1769 3137 123 33 municipal

1311 3164 138 30 corporation
1461 3165 25 24 of
1495 3165 37 25 the
1544 3167 81 29 Town,
1639 3170 49 23 200
1700 3169 73 24 Town
1785 3170 52 24 lots.
1895 3181 2 13 ;

1339 3197 23 23 s'.'
1382 3196 63 24 That
1459 3201 11 21 1
1484 3198 70 25 Town
1575 3200 40 29 lot,
1631 3203 11 23 1
1657 3202 122 25 Suburban
1790 3204 43 31 Jot,
1848 3194 48 35 and!

1311 3231 8 24 I
1332 3229 74 25 Rural
1418 3231 33 24 lot
1463 3231 57 25 shall
1532 3235 123 24 constitute
1664 3244 15 15 a-
1688 3237 75 32 single
1775 3243 121 27 property,'

1338 3264 24 24 6.
1382 3264 62 24 That
1465 3265 70 25 there-
1549 3267 59 26 shall
1627 3268 28 24 be
1672 3270 108 24 reserved
1797 3271 37 24 for
1853 3271 43 25 the!

1311 3296 112 34 Company
1433 3300 58 28 .200'
1498 3301 136 31 properties.
1649 3312 4 4 ■
1809 3316 4 7 ,
1833 3315 3 4 •
1860 3300 36 32 °;

1336 3330 25 26 7.
1380 3330 65 27 That
1465 3332 49 30 the.
1522 3335 128 32 remaining
1674 3338 64 23 1800
1763 3339 126 29 properties
1894 3341 2 27 j

1311 3363 50 25 ihall
1381 3364 28 25 be
1428 3366 123 26 submitted
1571 3368 36 25 for
1625 3369 47 25 sale
1691 3374 24 19 at
1732 3370 39 24 the
1789 3372 62 32 price
1867 3372 24 24 of

1311 3397 63 25 6120
1384 3398 37 24 for
1432 3398 56 26 each
1500 3405 118 28 property.
1726 3410 6 5 •
1855 3398 41 23 --'

1317 3438 3 7 1
1335 3433 24 22 8.
1365 3438 8 9 J
1378 3431 62 24 That
1451 3433 40 23 the
1500 3434 209 34 purchase-money
1718 3438 111 30 received,
1841 3439 55 29 viz.,

1311 3464 128 31 6216,000,
1453 3466 58 24 Shall
1522 3467 29 24 be
1561 3468 146 33 disposed/of
1716 3478 24 16 as
1750 3471 89 24 follows
1846 3480 43 15 :~

1321 3525 3 5 r
1340 3503 2 6 '
1364 3498 123 30 S6S4JOOQ'
1502 3504 22 19 to
1545 3501 42 23 the'
1597 3502 126 33 Company,
1736 3512 27 15 as
1776 3504 37 24 the
1823 3503 72 34 price'

1365 3542 4 4 •
1371 3534 4 13 :
1401 3532 27 24 of
1436 3532 39 24 the
1487 3532 66 26 Land
1565 3539 25 20 at
1602 3537 52 23 10s.
1670 3543 43 22 per
1724 3545 61 17 acre.
1892 3550 3 13 -,

1365 3566 116 29 £30,000
1491 3567 35 24 for
1538 3575 96 25 surreys
1642 3570 45 24 and
1699 3569 66 26 other
1773 3579 113 24 expences

1402 3600 26 23 of
1435 3600 112 32 founding
1557 3601 39 25 the
1605 3602 144 26 Settlement.
1763 3612 3 4 •
1872 3609 4 20 ;
1891 3600 3 14 ;

1364 3633 115 29 £81,000
1497 3634 34 24 for
1542 3634 154 33 Emigration,
1774 3649 4 13 i

1363 3666 116 29 £26,000
1495 3668 36 23 for
1550 3671 76 27 roads,
1643 3669 99 32 bridges,
1756 3671 45 24 and
1819 3671 74 26 other'

1395 3700 186 32 improvements.
1736 3704 2 14 '

1336 3740 11 8 v
1362 3732 90 26 £5000
1470 3741 26 17 as
1507 3742 13 16 a
1531 3735 85 25 church
1627 3736 182 33 building-fund.
1890 3749 3 15 i

1362 3767 116 29 £10,000
1496 3775 25 16 as
1532 3776 15 16 a
1557 3770 115 31 provision
1684 3771 36 24 for
1733 3772 123 25 ministers.

1361 3800 115 29 £10,000
1493 3809 25 16 as
1531 3810 13 16 a
1555 3803 148 26 school-fund
1716 3804 34 25 for
1769 3805 112 33 building,

1396 3833 47 25 and
1453 3840 104 20 masters.

1327 3868 24 22 9.
1371 3866 62 24 That
1444 3867 45 25 the'
1494 3869 96 32 priority
1602 3869 25 25 of
1644 3870 78 26 choice
1735 3872 24 24 in
1771 3873 112 32 selecting

1311 3899 22 24 tie
1343 3899 80 26 Lands
1444 3903 128 31 comprised
1591 3904 24 24 in
1626 3904 62 31 .each
1699 3911 112 27 property
1822 3907 59 25 shall
1887 3903 4 38 J

1311 3941 9 15 c
1343 3932 143 26 determined
1507 3936 30 31 by
1553 3936 42 31 lot,
1619 3937 44 25 for.
1676 3938 39 24 the
1732 3930 158 43 'Company's!

1311 3974 81 17 sserves
1405 3975 25 16 as
1441 3967 52 25 well
1504 3977 25 15 as
1545 3970 36 24 for
1592 3970 39 25 the
1646 3974 126 29 properties
1785 3974 105 32 belong-

1311 4008 20 23 »g
1344 4005 21 19 to
1378 4001 144 30 purchasers.
1578 4014 7 15 -,
1669 4017 3 4 •

626 71 108 48 ggfte
748 73 120 44 afrto
894 76 208 43 Zcatano
1119 73 208 56 Magm
1342 86 94 41 attft
1459 87 301 51 mtftitxQton
1784 90 250 52 Sptttatot.

731 160 129 23 administer
869 162 39 23 the
923 170 147 19 government
1084 167 24 22 in
1124 167 38 23 the
1178 169 135 28 Company's

731 189 143 27 settlements,
892 190 44 22 and
959 198 28 16 an
1002 193 154 28 independent
1169 195 143 27 jurisdiction

731 214 136 23 established
877 216 68 22 there.
1298 211 14 27 ?

149 123 16 16 m

179 120 1 13 ft
