2540 4020
31 546 62 31 No.
116 543 64 39 32.]

2297 518 97 41 [Vol.
2418 518 28 32 I.

22 258 162 31 New
238 258 379 31 Zealand
671 258 379 31 Gazette
1104 258 162 31 and
1320 258 541 31 Wellington
1915 258 541 31 Spectator.

520 532 130 33 port
673 523 287 42 Nicholson;
984 520 255 39 Saturday
1259 523 241 38 morning,
1523 522 270 33 November
1816 525 50 33 21,
1892 524 89 28 iß*o.

1261 618 157 48 MESSRS.
1442 616 148 23 READING
1614 616 68 21 AND
1708 614 136 23 NEWELL.

1346 645 158 23 Carpf.nters,
1530 643 105 25 Joiners,
1656 650 46 14 and
1722 642 124 26 Buildkrf,

1259 671 42 27 beg
1310 671 63 22 leave
1383 675 22 17 to
1416 671 82 21 inform
1508 670 39 21 the
1556 669 75 28 public
1639 668 115 28 generally
1762 668 26 21 of
1795 668 51 21 Port
1858 684 2 5 ,

1259 697 131 28 Nicholson,
1402 697 49 22 that
1459 697 87 27 having
1560 695 66 23 made
1641 697 169 25 arrangements
1825 697 22 18 to

1259 732 77 14 secure
1353 732 14 14 a
1383 727 104 19 constant
1494 722 87 28 .supply
1600 722 26 21 of
1637 722 87 26 timber,
1743 722 53 26 they
1811 728 36 14 are

1260 758 49 14 now
1318 751 69 28 ready
1395 755 22 17 to
1427 753 103 19 contract
1545 750 34 21 for
1595 748 38 22 the
1650 748 98 22 erection
1765 748 26 21 of
1804 755 44 19 any

1325 778 26 22 of
1358 777 119 27 buildings,
1487 776 45 22 and
1543 779 56 19 trust
1607 776 30 26 by
1647 774 141 28 punctuality
1805 774 43 21 and

1261 805 44 21 and
1315 804 107 28 dispatch,
1437 807 22 19 to
1478 803 68 22 merit
1564 810 13 14 a
1594 802 65 22 share
1679 802 26 21 of
1718 801 38 22 the
1774 801 75 28 public

1261 837 129 22 patronage.
1448 848 3 6 ,

1289 866 123 26 Britannia,
1423 864 55 22 n&t
1487 863 57 23 door
1553 866 22 19 to
1586 863 45 22 Mr.
1640 861 89 23 Allen's
1738 862 71 22 Store.

1270 920 28 21 T
1327 918 200 24 NEWELLvbeprs
1538 921 22 18 to
1569 917 104 22 intimate
1684 920 22 17 to
1716 916 37 21 the
1760 913 91 28 'Gentry

1263 939 27 29 tl
1303 957 10 11 •
1345 946 26 21 of
1382 942 186 25 Port^S&ohlson
1581 944 49 21 that
1638 944 29 21 he
1683 943 20 22 is
1718 949 51 16 now
1783 941 69 28 ready

1264 978 22 17 to
1295 980 93 21 prepare
1397 967 216 32 plans,^elevations,
1630 970 46 21 and
1691 969 157 28 specification'

1258 1000 32 21 •of
1301 1007 44 19 any
1356 999 56 22 class
1422 998 26 22 of
1459 998 75 27 public
1545 1005 23 14 or
1577 997 86 27 private
1669 996 123 33 .buildings^
1809 995 44 21 and

1264 1030 66 19 trusts
1339 1027 30 27 by
1377 1026 132 27 experience
1520 1028 23 19 at
1550 1024 68 23 home
1627 1023 46 22 and
1682 1023 26 22 in'
1721 1022 39 22 the
1775 1021 78 27 neigh-

1264 1053 96 27 bouring
1369 1052 103 23 Colonies
1482 1059 24 14 as
1516 1059 13 14 a
1538 1050 106 28 practical
1652 1057 61 19 man,
1729 1049 45 22 and
1788 1056 14 14 a
1813 1049 41 21 full

1264 1080 138 26 knowledge'
1412 1079 25 22 of
1454 1078 38 22 the
1512 1077 102 28 strength'
1621 1076 4 5 '
1631 1076 45 22 and
1696 1075 120 28 durability
1823 1073 3 9 '
1832 1075 25 22 of

1266 1106 94 22 colonial
1371 1106 85 25 timber,
1467 1105 54 21 with
1531 1111 14 14 a
1553 1104 63 22 strict
1625 1103 80 27 regard
1713 1106 23 18 to
1746 1101 107 28 strength,

1390 1131 127 27 durability,
1532 1131 164 32 andeconomy
1705 1129 24 22 in
1738 1129 38 22 the
1786 1132 70 18 struc-

1266 1163 49 19 ture
1332 1160 26 21 of
1372 1159 119 26 buildings,
1506 1158 30 21 he
1550 1157 45 22 will
1656 1153 50 25 able
1723 1159 23 19 to
1762 1156 66 22 merit
1844 1163 12 15 a

1266 1186 64 23 share
1341 1186 26 22 of
1378 1186 37 22 the
1424 1185 76 29 public
1508 1188 130 24 patronage.

1296 1220 75 22 Green
1381 1219 100 26 Cottage,
1494 1218 44 22 No.
1549 1220 18 24 1,
1579 1217 124 22 Britannia.

1271 1275 33 49 S
1339 1273 157 25 HARTLEY,
1509 1272 76 22 Cutler
1594 1272 45 22 and
1649 1272 54 22 Gun
1713 1272 80 25 Smith,
1804 1271 54 27 begs

1311 1312 10 10 •
1346 1305 58 18 most
1412 1299 146 28 respectfully
1572 1303 22 17 to
1609 1299 83 21 inform
1703 1298 38 22 the
1752 1298 74 27 public
1837 1298 19 19 oi

1270 1329 125 26 Britannia,
1419 1327 50 22 that
1485 1327 30 21 he
1534 1326 40 22 has
1593 1325 146 23 commenced
1758 1325 100 21 business

1270 1363 54 14 near
1334 1360 22 17 to
1366 1355 38 21 the
1414 1355 63 21 Store
1489 1353 26 22 of
1523 1353 42 22 Mr.
1578 1353 98 26 Rhodes,
1698 1352 44 21 and
1752 1352 69 26 hopes
1829 1351 25 26 bj

1270 1382 108 27 punctual
1388 1381 135 22 attendance
1534 1380 44 22 and
1588 1379 115 22 moderate
1717 1378 101 27 charges,
1838 1382 21 17 to

1271 1409 65 23 merit
1353 1416 14 14 a
1382 1408 64 22 share
1463 1407 25 21 of
1501 1407 58 21 their
1574 1410 123 24 patronage
1707 1405 45 22 and
1762 1407 97 25 support.

1474 1463 71 21 FOR
1559 1462 96 20 SALE.

1273 1497 118 23 rTTHAT
1404 1498 45 21 fine
1461 1496 44 22 fast
1515 1496 80 26 sailing
1604 1498 79 22 cutter,
1699 1494 124 27 belonging
1838 1497 23 18 to

1280 1517 29 30 X
1349 1524 120 28 Daymond
1478 1523 46 22 and
1534 1522 89 28 Young,
1635 1522 26 22 of
1674 1522 84 27 Kapiti,
1776 1520 83 23 burden

1258 1560 2 9 :
1272 1554 14 20 4
1296 1557 57 17 tons.

1292 1601 3 5 .
1304 1585 54 22 This
1378 1588 77 23 cutter,
1477 1583 73 23 which
1566 1583 19 22 is
1601 1583 49 22 well
1668 1582 83 22 known
1768 1582 60 26 here,
1846 1581 17 21 is

1259 1611 2 32 |
1273 1612 125 28 admirably
1407 1611 98 28 adapted
1514 1611 34 21 for
1558 1611 42 21 this
1610 1610 105 27 harbour,
1731 1609 69 27 being
1815 1608 48 22 able

1259 1644 2 21 ]
1275 1644 22 17 to
1308 1640 52 21 beat
1369 1640 24 21 in
1458 1637 67 22 wind.
1551 1637 75 28 Apply
1637 1639 29 19 to'

1719 1663 37 21 W.
1771 1663 92 21 LYON.

1303 1693 88 26 Petoni,
1402 1693 49 22 Oct.
1463 1693 36 24 2%
1512 1692 60 20 1840.

1418 1746 169 22 GENERAL
1596 1746 124 27 iSTORK

1280 1781 90 49 MR.
1385 1780 144 22 TELFORD
1544 1780 83 26 hnving
1640 1780 103 27 recently
1753 1778 66 23 made
1829 1786 38 14 ex-

1370 1808 84 22 tensive
1472 1806 127 27 purchases,
1618 1807 54 26 begs
1682 1810 23 18 to
1714 1813 120 15 announce
1846 1809 20 18 to

1278 1835 34 22 his
1322 1835 84 22 friends
1417 1833 48 23 that
1473 1834 30 21 he
1513 1833 40 21 has
1564 1840 28 14 on
1604 1833 53 27 sale,

1306 1861 185 23 HARDWARE
1507 1860 26 22 of
1545 1860 36 21 the
1592 1860 48 21 first
1648 1858 93 29 quality,
1752 1858 116 28 including

1280 1896 12 16 a
1301 1893 64 23 great
1372 1888 86 26 variety
1467 1887 26 21 of
1504 1887 65 21 nails.

1306 1915 104 23 FLOUR
1419 1915 26 21 of
1457 1914 48 22 first
1515 1914 45 21 and
1569 1913 85 22 second
1663 1912 94 28 quality.

1306 1941 183 23 GROCERIES.
1491 1953 32 4 —
1523 1941 52 26 Tea,
1590 1947 85 20 sugars,
1693 1935 76 31 coffee,
1786 1939 81 27 butter,

1280 1977 60 20 soap,
1352 1969 97 25 candles,
1460 1968 54 26 rice,
1530 1974 65 20 curry
1611 1966 97 28 powder,
1725 1966 85 28 pickles
1825 1967 45 21 and

1498 1995 41 21 &c.

1308 2020 100 22 WINES
1422 2020 67 21 AND
1500 2019 154 23 SPIRITS.---
1654 2019 96 21 -Besides
1760 2019 37 21 the
1807 2019 63 21 usual

1281 2047 79 28 3iir>ply
1371 2047 26 21 of
1406 2047 69 21 wines
1484 2046 47 21 and
1541 2046 79 28 spirits,
1634 2045 63 22 there
1707 2046 19 21 is
1735 2053 13 14 a
1759 2045 111 22 consider-

1281 2070 49 26 able
1336 2075 102 27 quantity
1444 2074 24 20 of
1477 2074 88 20 Scotch
1574 2072 113 22 Whiskey
1696 2080 5 19 ;
1713 2072 46 22 and
1765 2080 14 14 a
1785 2072 86 22 limited

1281 2101 102 27 quantity
1394 2101 25 21 of
1430 2101 117 21 Colonial
1558 2099 122 22 Whiskey.

1309 2128 95 22 BOOTS
1420 2127 67 22 AND
1503 2126 138 22 SHOES.—
1641 2126 73 21 There
1724 2125 41 22 has
1771 2126 57 21 been
1837 2133 34 14 re-

1282 2155 77 21 ceived
1378 2162 13 14 a
1409 2154 103 28 quantity
1534 2154 26 21 of
1580 2152 139 28 Wellington
1743 2152 65 22 boots
1827 2152 44 22 and

1282 2181 113 22 Warren's
1402 2181 114 26 blacking.

1308 2207 171 23 BLANKETS.
1481 2220 32 3 —
1515 2206 68 22 Fresh
1599 2206 93 22 arrivals
1707 2206 58 21 have
1776 2213 63 14 come
1850 2208 22 19 to

1281 2235 62 22 hand
1352 2235 24 22 in
1386 2237 38 19 8-4
1433 2234 45 22 and
1488 2235 58 25 11-4,
1564 2233 26 22 of
1603 2233 89 21 various
1708 2232 103 28 qualities
1828 2232 44 22 and

1281 2263 80 26 prices.

1310 2287 267 24 HABERDASHERY.
1579 2299 32 4 —
1611 2286 73 22 There
1699 2286 18 22 is
1732 2293 16 14 a;
1756 2286 69 22 select
1833 2286 42 21 but

1281 2315 88 23 limited
1395 2315 103 28 quantity
1523 2322 29 14 on
1576 2313 68 27 hand,
1669 2313 117 27 including
1804 2316 69 24 tapes,

1284 2343 97 26 threads,
1392 2342 66 22 black
1469 2341 46 23 and
1529 2340 104 23 coloured
1649 2348 87 14 sewing
1752 2348 64 13 silks
1830 2340 45 21 and

1284 2371 64 26 twist,
1371 2370 95 26 darning
1486 2373 83 22 cotton,
1588 2367 98 26 needles,
1705 2367 83 26 combs,
1810 2366 65 22 India

1284 2398 42 21 silk
1334 2397 45 22 and
1388 2400 74 18 cotton
1470 2394 181 26 handkerchiefs,
1658 2394 86 26 braces,
1753 2394 40 21 &c.

1312 2423 167 23 DRAPERY.-
1484 2422 92 22 -White
1597 2424 76 19 cotton
1696 2420 102 27 shirting,
1818 2423 59 19 stout

1284 2450 142 23 unbleached
1440 2453 84 24 cotton,
1539 2449 59 22 40in.
1614 2447 63 27 wide,
1695 2451 76 18 cotton
1786 2447 89 27 checks,

1285 2478 56 22 dark
1351 2479 78 25 prints,
1441 2477 41 21 &c.
1493 2477 41 21 &c.

1314 2505 55 22 OIL
1390 2504 68 22 AND
1482 2500 200 25 LAMPS.—This
1698 2500 68 22 latter
1784 2500 41 22 has
1844 2507 33 15 re-

1287 2531 79 23 ceived
1374 2539 29 15 an
1414 2531 100 21 increase
1525 2530 25 21 of
1562 2529 35 21 the
1608 2529 49 21 best
1672 2528 85 27 quality
1774 2527 49 22 that
1839 2527 39 21 has

1287 2562 38 23 yet
1335 2559 57 22 been
1403 2557 82 23 offered
1496 2557 24 21 in
1531 2556 38 22 th*
1579 2556 94 26 Colony.

1314 2585 72 23 There
1397 2585 40 21 has
1447 2585 47 21 also
1505 2591 64 15 come
1578 2587 23 17 to
1620 2582 64 22 hand
1699 2589 13 14 a
1727 2580 65 22 small
1807 2580 33 22 lot
1856 2580 25 22 of

1287 2616 66 18 straw
1372 2613 58 24 hats,
1456 2611 47 22 sou'
1529 2614 96 22 westers,
1649 2608 82 22 Scotch
1750 2615 59 20 caps,
1829 2615 50 14 um-

1287 2639 90 24 brellas,
1389 2640 39 20 &c.

1315 2665 170 26 CLOTHING,
1498 2663 123 27 consisting
1626 2662 26 22 of
1658 2662 93 22 Jackets
1758 2661 23 21 in
1786 2661 93 21 beaver-

1289 2696 59 24 teen,
1359 2693 116 25 corduroy,
1486 2691 46 22 and
1542 2690 58 22 duck
1608 2698 5 18 ;
1630 2689 133 26 waistcoats,
1774 2689 23 20 in
1808 2695 71 14 swan-

1289 2720 64 22 down
1365 2719 45 23 and
1418 2720 135 21 beaverteen
1562 2725 4 18 ;
1585 2716 60 22 duck
1654 2719 110 22 trowsers,
1775 2715 41 21 &c.
1825 2722 5 19 ;
1845 2722 34 14 re-

1288 2750 69 23 gatta,
1365 2745 141 24 unbleached
1515 2748 82 23 cotton,
1608 2744 20 21 &
1635 2746 61 18 stout
1705 2741 84 28 striped
1798 2741 65 21 shirts
1872 2749 5 19 ;

1290 2774 118 27 Guernsey
1427 2772 82 27 frocks,
1531 2771 72 26 shirts,
1623 2769 52 22 blue
1694 2768 45 22 and
1757 2768 41 22 red
1816 2775 63 20 serge

1289 2800 64 28 ditto,
1365 2804 77 18 cotton
1451 2799 49 22 and'
1508 2798 95 22 worsted
1612 2797 62 21 hose.

1393 2854 41 22 TO
1448 2853 66 23 THE
1529 2850 116 24 RETAIL
1658 2849 116 23 TRADE.

1318 2881 46 22 Mr.
1372 2881 93 22 Telford
1476 2880 42 22 has
1527 2877 122 30 peculiarly
1659 2876 131 23 favourable
1800 2878 81 20 attrac-

1291 2909 59 22 tions
1360 2909 35 21 for
1404 2908 38 21 the
1450 2907 75 22 Trade
1534 2907 23 21 in

1318 2936 39 21 An
1367 2934 115 23 extensive
1492 2933 82 28 supply
1585 2931 27 23 of
1621 2931 54 27 rice,

1319 2963 55 21 Raw
1388 2968 84 17 sugars.
1613 2978 3 4 ,

1318 2986 207 27 STATIONERY,
1549 2987 124 24 consisting
1695 2983 26 22 of
1739 2983 45 28 day
1804 2982 78 28 books,

1291 3016 82 49 Socket
1387 3015 95 26 ledgers,
1498 3016 61 23 note,
1575 3011 180 25 memorandum,
1772 3010 46 22 and
1832 3017 50 20 pass

1307 3043 62 27 ooks,
1379 3042 89 26 writing
1475 3046 77 22 paper,
1568 3038 48 27 ink,
1631 3037 74 27 slates,
1720 3037 56 22 slate
1790 3036 92 28 pencils,

1292 3071 40 22 &c.

1318 3096 104 27 Ticking.

1322 3124 21 21 A
1356 3123 43 22 few
1412 3124 46 19 sets
1472 3120 27 23 of
1514 3127 81 15 scales
1610 3119 46 22 and
1669 3125 103 15 weights
1792 3119 46 20 still
1854 3124 30 15 on

1292 3150 71 22 hand.

1321 3176 104 23 SNUFF.
1427 3187 31 5 —
1459 3175 46 22 Mr.
1515 3173 92 23 Telford
1617 3179 131 16 announces
1757 3179 14 14 a
1779 3172 61 21 fresh
1850 3178 35 15 ar-

1294 3204 56 21 rival
1357 3204 28 21 of
1392 3203 44 21 this
1442 3201 85 26 article,
1535 3201 23 21 in
1566 3200 89 22 various
1661 3199 102 28 superior
1769 3197 103 29 qualities
1877 3205 7 20 ;

1294 3230 46 23 and
1349 3230 63 22 snuff
1421 3230 70 21 boxes
1501 3231 24 19 at
1534 3227 114 22 moderate
1658 3226 80 28 prices.

1322 3263 129 22 November
1460 3264 20 25 9,
1491 3262 67 21 1840-

1444 3316 160 21 FENCING
1619 3314 116 21 POLES.

1298 3351 92 29 T\/fR.
1412 3349 145 23 TELFORD
1574 3348 21 22 is
1612 3347 129 23 authorised
1760 3350 23 18 to
1799 3346 87 22 receive

1298 3373 60 27 IYI.
1389 3377 75 22 orders
1473 3376 36 21 for
1518 3375 44 22 this
1572 3375 84 26 article,
1668 3377 23 19 to
1700 3374 28 22 be
1739 3373 114 22 delivered
1863 3377 23 17 at

1297 3405 79 27 Lowry
1381 3404 56 28 Bay,
1444 3403 37 22 the
1488 3402 76 22 Beach
1571 3405 23 19 at
1602 3401 88 27 Petoni,
1699 3408 25 14 or
1731 3403 24 19 at
1761 3399 124 23 Britannia.

1452 3436 106 22 HOUSE
1573 3435 62 22 FOR
1649 3434 86 23 SALE.

1323 3465 60 22 That
1395 3464 50 22 well
1460 3462 97 22 finished
1570 3462 46 21 and
1629 3465 69 18 water
1712 3460 58 28 tight
1785 3459 100 22 Wooden

1298 3493 85 25 House,
1394 3490 108 30 occupied
1511 3490 30 26 by
1552 3489 44 22 Mr.
1608 3488 72 22 Grace
1687 3495 6 19 ;
1709 3489 27 20 14
1745 3487 46 22 feet
1800 3493 86 21 square,

1298 3519 43 22 and
1352 3519 26 25 7i
1391 3518 46 22 feet
1449 3516 55 28 high
1521 3516 23 21 in
1562 3515 37 22 the
1617 3515 67 22 walls,
1708 3514 28 23 it
1751 3514 19 21 is
1785 3513 38 22 the
1839 3513 49 22 best

1298 3545 74 23 model
1383 3545 25 21 of
1419 3551 13 14 a
1442 3542 145 23 comfortable
1597 3541 66 22 small
1672 3540 69 23 house
1750 3543 39 25 yet
1797 3539 59 23 built
1863 3540 24 21 in

1298 3573 38 21 the
1347 3571 94 27 Colony.

1325 3604 124 26 Britannia,
1466 3603 60 27 Sept.
1538 3603 33 25 18,
1581 3602 62 21 1840.

1429 3648 154 23 WEEKLY
1597 3647 165 21 MARKET.

1301 3686 92 48 MR.
1407 3683 22 22 J.
1444 3681 144 23 TELFORD
1602 3680 41 22 has
1657 3679 117 28 arranged,
1776 3683 23 18 to
1808 3679 57 22 have
1875 3687 14 14 a

1391 3716 93 17 weekly
1510 3715 92 15 market
1628 3714 30 14 on
1683 3707 138 22 MONDAY
1845 3706 44 22 and

1299 3736 169 25 SATURDAY
1483 3733 168 27 EVENINGS,
1667 3737 24 18 &t
1699 3733 34 21 his
1743 3733 144 26 Warehouse,

1300 3766 58 21 from
1367 3767 15 20 4
1391 3768 23 19 to
1424 3765 13 21 7
1447 3761 94 26 o'clock,
1552 3761 69 26 being
1633 3759 110 23 intended
1759 3759 81 32 chiefly
1855 3760 34 21 for

1300 3792 37 22 the
1358 3788 194 26 accommodation
1571 3787 26 22 of
1616 3786 143 22 Workmen's
1777 3786 112 22 Families.

1299 3819 48 22 The
1365 3817 115 26 following
1499 3814 87 23 articles
1604 3813 46 23 will
1667 3813 29 22 be
1714 3813 50 22 sold
1781 3813 24 22 in
1825 3813 64 22 small

1300 3845 126 30 quantities,
1437 3846 24 20 at
1470 3841 130 24 reasonable
1611 3841 71 28 prices
1689 3848 5 13 :
1695 3852 31 5 —

1327 3879 75 26 Flour,
1412 3884 73 20 sugar,
1498 3879 44 24 tea,
1553 3874 75 27 coffee,
1645 3874 82 27 butter,
1737 3873 88 28 cheese,
1835 3880 54 16 can-

1299 3907 56 27 dles,
1366 3912 60 21 soap,
1442 3905 40 21 &c.
1494 3903 41 22 &c.

1327 3941 55 22 Port
1390 3937 134 26 Nicholson,
1532 3935 59 23 June
1601 3935 38 26 15,
1646 3935 62 22 1840.

680 625 116 22 UNION
810 623 102 22 BANK
926 623 43 20 OF
985 620 177 22 AUSTRAL!
1165 620 57 20 A.-

645 652 94 23 London
760 652 92 21 Office,
869 650 44 21 No.
927 650 36 23 33,
981 649 50 20 Old
1045 648 182 21 Broad-street.

699 678 95 28 Capital,
803 678 124 25 £500,000;
948 675 51 28 paid
1009 682 41 20 up,,
1055 674 118 26 ,£300,000.
1186 693 5 4 .

842 720 4 5 ,
878 703 64 21 Direc
948 705 43 18 tors
997 709 5 13 :

701 732 89 26 George
801 730 48 22 Fife
860 730 84 25 Angas,
958 728 59 28 Esq.,

701 758 87 22 Robert
796 756 93 27 Brooks,
901 756 43 27 Esq
955 772 6 10 ,

701 785 78 22 James
788 783 61 22 John
861 783 122 26 Cummuis,
994 781 55 28 Esq..

701 812 87 21 Robert
796 810 123 26 Gardener,
930 809 61 27 Fsq.,
1003 807 145 26 Manchester,

702 838 63 23 John
776 838 67 26 Gore,
856 837 59 27 Esq.,
1181 833 12 28 *,
1224 851 4 3 •

703 865 62 22 John
776 864 99 22 William
886 862 91 26 Buckle,
990 861 56 28 Esq.,

703 892 119 28 Benjamin
835 891 26 22 E.
873 890 71 21 Lindo
960 889 59 27 Esq.,

696 928 3 8 ■
704 919 92 22 Charles
806 917 97 23 Edward
910 915 109 27 Mangles,
1024 914 63 27 JEsq.,

704 945 144 27 Christopher
858 944 102 26 Rawsoii,
972 943 59 26 Esq.-,
1042 941 95 26 Halifax,

703 972 99 22 Thomas
812 971 79 26 Sands,
903 970 43 27 Esq
957 986 5 10 ,
974 967 120 29 Liverpool,

704 999 78 22 James
792 997 71 27 Bogle
964 995 66 27 Esq.,.

705 1026 78 21 James
793 1023 97 23 Ruddell
899 1022 72 25 Todd,
981 1021 52 28 Esq.

650 1060 105 22 Trustees
763 1066 6 14 :
794 1058 103 24 George.
910 1056 71 26 Cakr.
997 1055 69 26 Glyn,
1090 1054 59 28 Esq.,
1171 1053 64 22 John

688 1086 75 27 Gore,
775 1085 60 28 Esq.,
850 1084 47 21 and
906 1083 75 22 Janes
991 1082 23 22 J.
1024 1082 111 25 Cummins,
1147 1080 51 28 Esq.

652 1120 101 22 Bankers
762 1127 5 14 :
792 1118 90 23 Messrs.
908 1117 34 21 Gl
960 1124 23 19 n,
994 1110 4 5 '
1007 1115 123 26 Hallifax,
1151 1113 84 26 Mills,

777 1148 4 3 '
815 1146 14 26 \
900 1143 44 22 and
961 1143 36 22 30.

736 1181 118 26 Secretary
862 1186 5 14 :
883 1179 62 21 Sa'mc
953 1178 28 20 al
988 1177 104 26 Jackson,
1103 1176 52 27 Esq.

690 1214 103 22 Colonial
803 1213 129 28 Inspector:
948 1211 22 22 J.
981 1211 24 22 C.
1017 1210 117 26 M'Lar'en,
1149 1209 51 28 E3q.

777 1268 70 21 New
866 1266 123 21 Zealand
1006 1264 110 21 Branch.

656 1301 68 24 Local
736 1301 113 23 Directors
857 1308 6 14 :
879 1300 57 22 Geo.
948 1299 22 22 S.
981 1299 78 24 Evans,
1075 1297 59 28 Esq.,
1146 1295 94 26 D.C.L.,

802 1327 46 23 and
859 1327 57 21 Geo.
929 1326 107 26 Hunter,
1045 1325 50 27 Esq.

657 1363 124 27 Manager:
797 1362 64 21 John
871 1361 83 24 Smith,
967 1359 58 27 Esq.,
1040 1358 41 21 late
1091 1357 25 22 of
1127 1357 38 21 the
1175 1357 66 21 Com-

706 1389 93 22 mercial
809 1388 65 22 Bank
884 1387 27 22 of
921 1385 111 28 England,
1042 1384 148 23 Manchester.

769 1422 113 23 Branches
893 1425 23 18 at
931 1419 97 28 Sydney,

933 1447 8 22 1
948 1447 73 21 lobart
1029 1445 71 27 Town,

935 1474 8 22 1
954 1476 124 23 aunceston,
1089 1471 45 23 and

934 1500 10 23 I
953 1503 35 19 ort
997 1499 74 28 Philip.

658 1539 55 21 Port
722 1537 131 26 Nicholson,
865 1534 79 24 March
955 1536 35 25 24,
1000 1535 56 20 1840.

660 1592 92 49 THE
770 1592 114 21 Directors
901 1588 26 22 of
942 1588 39 21 the
998 1586 50 23 New
1064 1585 101 23 Zealand
1179 1583 66 23 Land

736 1619 116 27 Company
867 1616 79 29 herebj
967 1615 51 27 give
1035 1614 76 25 no'ice,
1129 1613 47 20 that
1191 1612 53 27 they

650 1646 67 21 -have
725 1652 113 15 EFFECTED
850 1651 28 14 AN
890 1648 165 17 ARRANGEMENT
1064 1639 53 22 with
1124 1640 36 21 the
1171 1642 73 18 UMOII

659 1672 66 22 Bank
740 1672 27 22 of
783 1670 120 26 Australia,
920 1669 44 22 No.
982 1670 33 25 38,
1030 1667 39 22 Old
1086 1665 158 24 Broad-street,

661 1699 103 27 London,
776 1698 34 22 for
819 1698 38 21 the
870 1696 168 22 establishment
1047 1694 25 21 of
1085 1701 14 14 a
1116 1691 129 23 BRANCH

661 1726 90 22 BANK
766 1726 33 20 IN
815 1723 72 23 NEW
903 1721 151 26 ZEALAND,
1068 1719 96 27 through
1174 1718 72 22 which

661 1753 38 21 the
708 1753 104 21 business
824 1751 26 22 of
863 1750 38 23 the
919 1750 56 21 New
992 1746 95 24 Zealand
1100 1746 65 23 Land
1181 1745 66 22 Com-

657 1787 65 20 pany
732 1779 45 22 will
784 1779 30 21 be
823 1776 134 24 transacted.
986 1775 48 22 The
1045 1774 113 22 Directors
1174 1772 73 21 there-

662 1806 47 22 fore
718 1804 148 24 recommend
874 1807 23 19 to
914 1802 110 23 Colonists
1040 1800 33 23 the
1091 1800 74 21 Union
1183 1799 65 21 Bank

663 1833 26 22 of
708 1832 115 22 Australia
840 1839 24 14 as
882 1838 29 15 an
937 1828 164 23 establishment
1122 1825 127 29 possessing

663 1860 59 24 their,
737 1860 70 21 entire
831 1858 141 25 confidence,,
990 1855 44 22 and
1048 1854 49 23 able
1117 1858 21 17 to
1157 1852 92 27 provide

663 1886 127 27 effectually
805 1886 37 22 for
857 1885 39 22 the
909 1882 105 23 financial
1029 1885 65 18 wants
1111 1880 25 21 of
1202 1879 49 22 first

663 1913 136 23 settlement.

666 1951 5 2 -
692 1955 4 4 ,
834 1939 35 27 By
878 1938 66 21 order
953 1936 28 22 of
991 1936 36 21 the
1038 1935 75 25 Board,

912 1969 84 23 JOHN
1011 1969 99 25 WIRD,
1125 1968 125 26 Secretary.

664 2007 57 21 New
730 2006 103 22 Zealand
839 2004 67 24 Land
916 2002 131 27 Company's
1056 2001 78 25 Office,

693 2034 19 24 1,
723 2032 162 23 Adam-street,
896 2028 105 27 Adelphi,
1012 2027 47 22 27th
1068 2027 68 26 Aug.,
1147 2026 63 20 1839.

689 2085 170 23 LEDGERS,
874 2082 164 22 ACCOUNT
1049 2079 120 25 BOOKS,
1183 2080 45 20 &c.

668 2121 73 49 ON
756 2120 86 27 SALE,
859 2122 23 19 at
890 2119 38 21 the
939 2117 71 23 Office
1020 2117 24 21 of
1051 2116 39 22 the
1195 2115 57 21 Zea-

747 2147 53 22 land

695 2174 106 28 Ledgers,
814 2174 67 27 demy
891 2172 46 22 and
946 2171 101 27 foolscap.

696 2201 107 22 Journals
814 2200 45 22 and
869 2199 53 22 cash
931 2198 79 22 books.

696 2228 53 28 Day
758 2227 79 27 books,
846 2226 79 22 bound
933 2226 24 21 in
967 2224 87 22 vellum.

696 2255 109 27 Foolscap
815 2254 46 22 and
870 2256 80 25 quarto
960 2251 53 22 cash
1021 2250 40 22 and
1069 2252 98 20 account
1174 2249 77 26 books,

668 2282 57 22 hair
730 2281 86 23 bound.

697 2309 105 27 Superior
812 2305 171 25 memorandum
996 2303 72 28 books,
1087 2309 88 15 various
1190 2308 63 16 sizes.

697 2336 87 22 Pocket
795 2334 75 27 books,

697 2363 138 22 Farchment
843 2359 78 24 bound
935 2359 45 22 and
990 2358 85 27 clasped
1085 2358 169 21 memorandum

669 2389 80 23 books.

699 2416 127 23 Portfolios.

699 2444 73 26 Large
781 2442 47 23 and
837 2441 64 23 small
912 2439 69 23 wafer
990 2438 59 23 seals.

701 2470 82 23 Patent
792 2469 86 22 wafers.

701 2498 106 26 Superior
817 2495 74 29 quills.

701 2524 73 22 Office
783 2531 43 20 pen
838 2522 86 22 knives.

701 2551 92 27 Sealing
802 2557 56 19 wax,
870 2552 43 18 two
923 2547 112 29 qualities.

703 2578 67 22 India
778 2578 88 21 rubber.

701 2605 51 22 Red
762 2604 44 23 and
815 2603 67 23 black
890 2602 47 27 ink,
948 2602 24 21 in
983 2600 84 29 powder
1077 2599 46 23 and
1130 2599 91 21 bottles.

702 2632 90 24 Rulers,
800 2631 90 22 various
899 2630 64 21 sizes.

702 2659 56 22 Best
766 2658 53 23 steel
830 2664 55 22 pens
896 2656 45 22 and
950 2654 111 23 rosewood
1068 2654 99 21 holders.

703 2686 73 27 Large
786 2685 45 22 and
840 2684 70 23 small'
915 2683 68 22 slates
997 2681 43 22 and
1047 2681 54 22 slate
1111 2678 93 30 pencils.

701 2713 52 22 Red
763 2716 57 24 tape,
833 2712 40 22 &c.
883 2712 41 21 &c.

675 2741 28 21 In
728 2740 38 22 the
790 2738 119 23 wholesale
927 2743 69 21 paper
1014 2735 136 27 department
1169 2734 44 20 will
1233 2734 26 18 be

798 2766 76 22 found
880 2772 29 15 an
920 2762 116 24 extensive
1043 2761 61 22 stock
1114 2760 27 22 of

704 2794 58 22 Fine
770 2793 47 22 laid
826 2797 57 23 pott,

702 2821 58 22 Fine
769 2820 62 23 thick
841 2826 62 15 wove
913 2820 80 25 quarto
1002 2818 50 25 post,

703 2848 64 22 Ditto
823 2847 56 22 ditto
913 2848 84 18 octavo-
1002 2842 41 27 do.,

703 2874 124 28 Superfine-
831 2880 63 15 wove
903 2874 80 25 quarto
991 2869 54 22 satin
1052 2870 65 25 post,.

703 2902 66 21 Ditto
823 2900 57 22 ditto
907 2900 79 19 octavo
997 2896 57 27 ditto,

703 2928 66 22 Ditto
778 2927 49 22 thin
837 2926 46 22 laid
892 2927 79 25 quarto
981 2922 61 27 ditto,

704 2956 66 21 Ditto
825 2953 57 22 ditto
892 2954 78 19 octavo
981 2949 61 26 ditto,

704 2981 118 28 Superfine
834 2980 63 26 large
909 2978 49 21 thin
970 2976 53 22 blue
1039 2982 58 15 wove
1111 2976 80 27 quarto
1203 2975 58 26 post,

678 3008 110 28 stamped,

705 3033 173 30 Superfine-laid
887 3031 107 27 foolscap,

706 3062 73 28 Large
790 3061 49 22 thin
849 3062 79 26 quarto
937 3061 58 25 post,

705 3089 61 22 Note
776 3095 74 21 paper,

706 3117 81 21 Brown
796 3121 77 22 paper,
879 3112 104 29 imperial
993 3118 53 20 cap.,

706 3143 49 27 Bag
765 3142 63 26 ditto,

706 3170 66 22 Kent
780 3169 64 27 ditto,

706 3196 73 28 Royal
790 3195 69 26 hand,

707 3224 100 22 Lumber
816 3222 64 27 ditto,

707 3250 58 22 Blue
775 3250 74 26 demy,

707 3278 76 26 Demy
790 3276 98 26 blotting
894 3280 76 22 paper,

708 3304 90 22 Double
805 3310 83 19 crown,

708 3331 71 23 Small
787 3330 70 27 hand,

709 3359 88 25 Crown,

709 3385 75 22 Blank
794 3384 72 26 cards,
877 3383 41 22 &c.
929 3382 41 22 &c.
981 3381 40 22 &c.

789 3438 99 22 BILLS
903 3437 42 20 OF
960 3434 201 23 EXCHANGE.

683 3474 165 49 PRINTED
864 3472 103 23 FORMS
983 3470 59 22 FOR
1052 3469 80 22 SALE
1146 3469 43 22 AT
1202 3466 64 24 THE

757 3500 111 23 OFFICE
882 3499 39 22 OF
936 3497 73 23 THIS
1024 3496 103 23 PAPER.

710 3534 132 22 November
850 3535 21 23 4,
885 3534 61 20 1840.
1059 3555 5 2 .

683 3587 197 49 WORKING
919 3585 154 23 BULLOCKS
1108 3583 66 22 AND
1210 3582 58 22 FAT

781 3613 191 23 WETHERS.—
972 3611 47 23 The
1033 3609 151 27 Undersigned
1194 3609 44 26 beg
1247 3612 21 17 to

683 3641 75 26 notify
776 3641 49 21 that
843 3641 53 26 they
912 3639 57 21 have
988 3646 28 14 on
1035 3637 57 22 liand
1107 3639 44 19 two
1167 3634 102 33 splendid

685 3667 110 27 Working
812 3666 107 23 Bullocks
929 3674 5 17 ;
959 3665 55 25 also,
1032 3671 57 14 some
1110 3662 102 28 superior
1229 3661 41 22 Fat

685 3694 111 27 Wethers,
807 3694 50 27 just
866 3691 93 27 arrived,
974 3691 64 21 offers
1045 3690 33 21 for
1087 3688 73 23 which
1169 3688 55 28 they
1232 3695 37 15 are

684 3721 71 26 ready
765 3724 22 18 to
796 3719 88 23 receive
894 3722 24 18 at
927 3718 57 22 their
994 3718 65 20 Store.

967 3749 122 24 KNIGHT
1098 3748 45 22 and
1153 3747 90 23 HAIR.

713 3779 126 27 Britannia,
850 3778 50 23 Oct.
911 3780 19 23 8,
942 3779 62 20 1840.

714 3834 105 25 COWS,
834 3832 188 24 BULLOCKS,
1037 3831 50 21 and
1101 3829 141 22 HORSES.

688 3867 89 50 FOR
790 3866 85 26 SALE,
886 3864 85 23 several
981 3864 142 26 MilcliCows,
1132 3855 138 30 withCalvek

761 3898 23 18 at
793 3893 58 23 their
861 3893 64 26 sides,
940 3892 46 22 and
994 3892 24 21 in
1028 3891 52 22 Calf.
1108 3890 62 27 Also,
1181 3897 15 14 a
1204 3887 66 34 numf

686 3923 40 21 ber
736 3921 27 22 of
773 3920 109 27 Working
892 3919 111 26 Bullocks,
1014 3916 40 24 and
1063 3925 14 14 a
1085 3917 42 23 few
1137 3917 93 22 Horses.
1263 3928 9 18 >,

716 3947 75 29 Apply
802 3951 22 18 to
835 3947 44 23 Mr.
890 3945 73 28 Bligh,
975 3944 119 23 Britannia.
1264 3965 2 13 ]

2114 613 114 20 SEARS.

1880 638 89 49 FOR
1992 638 83 27 SALE,
2096 645 14 15 a
2128 638 95 22 number
2242 638 25 22 of
2284 638 61 27 large
2362 638 101 26 SPARS,

1937 668 4 2 '
1953 665 55 22 used
2016 667 23 20 in
2049 665 87 27 getting
2153 665 34 22 off
2201 665 37 22 the
2253 664 109 23 schooner
2377 664 87 22 Jewess

1879 696 24 17 at
1913 692 87 21 Petoni.
2184 708 3 4 .
2331 704 5 4 •
2350 710 2 5 ,

1907 718 77 28 Apply
1994 722 22 18 to
2024 717 71 23 Willis
2102 717 47 22 and
2155 718 47 26 Co.,
2211 725 24 14 or
2245 721 23 18 to
2275 717 26 22 T.
2308 717 33 22 M.
2350 717 115 27 Partridge

1880 745 46 22 and
1934 745 40 21 Co.

1908 772 122 25 Britannia,
2041 770 59 23 Nov.
2110 771 21 26 7,
2143 772 61 21 1840.
2225 776 6 4 -

2082 825 71 20 FOR
2167 826 101 24 SALE,.

1883 858 138 52 HOUSE
2032 858 72 26 doors,
2112 858 55 22 .with
2176 859 88 26 frames,
2276 857 117 28 complete.

1991 883 87 25 French
2087 888 88 23 cottage
2184 885 114 22 windows.

1992 912 101 22 Two-cut
2103 911 70 23 deals.

1993 939 100 21 Battens.

1993 965 53 21 Port
2055 964 124 22 Nicholson
2188 964 89 22 boards.

1993 991 63 23 Ditto
2065 991 69 28 plank
2144 991 44 22 and
2199 991 123 26 scantling.'.
2338 996 24 15 \.

1910 1018 59 22 Now
1977 1022 23 18 at
2007 1018 84 27 Petoni,
2098 1018 41 22 but
2150 1018 42 22 will
2202 1018 28 22 be
2240 1018 47 22 sold
2298 1017 134 22 deliverable
2442 1023 32 16 on

1885 1045 37 23 the
1932 1045 72 23 beach
2014 1049 23 18 at
2051 1044 123 22 Britannia.
2276 1057 3 2 ■
2318 1052 18 16 r

2060 1071 25 22 T.
2103 1071 32 22 M.
2152 1070 180 23 PARTRIDGE
2343 1070 44 22 and
2397 1070 47 22 CO.

1889 1126 71 50 ON
1972 1126 84 27 SALE,
2069 1132 27 15 ex

1968 1151 127 24 Havannah
2106 1153 84 26 Cigars.

1971 1179 102 23 Manilla.
2076 1179 115 22 Cheroots.
2295 1178 8 13 *

1971 1206 80 22 Scotch
2061 1206 66 22 snuff.

1973 1233 87 21 French
2069 1239 88 20 rappee.

1973 1259 82 28 Cherry
2064 1258 95 29 brandy.

2221 1284 146 24 WILLIAM
2382 1283 93 24 LYOK.

2093 1341 69 21 FOR
2177 1341 97 24 SALE,

1892 1374 199 50 BLANKETS,
2101 1376 39 20 9-4
2149 1374 48 23 and
2204 1376 56 20 10-4.

1974 1402 80 21 Prints.
2368 1419 4 4 .
2407 1426 7 6 #
2454 1407 4 4 •

1974 1428 117 28 Crockery,
2107 1428 62 27 (blue
2179 1426 129 29 Stanhope,)
2325 1426 122 27 consisting
2456 1425 26 22 of

1892 1459 98 23 tureens,
2008 1462 54 20 soup
2078 1454 77 28 plates,
2173 1454 76 28 plates,
2271 1454 73 22 dishes
2366 1452 71 28 .(\vjtK-
2454 1459 26 15 or

1894 1483 93 21 without
1996 1477 92 31 covers,)
2104 1486 37 17 tea
2150 1489 54 20 cupa
2213 1477 48 26 and.
2267 1487 95 19 saucers,
2376 1484 36 17 tea
2422 1482 57 24 pots,

1894 1509 56 22 milk
1959 1513 55 23 pots,
2025 1515 66 20 sugar
2100 1508 76 26 bowls,
2187 1515 68 14 ewers
2265 1507 47 22 and
2318 1507 82 26 basins,
2411 1506 41 22 &c.

1921 1536 22 22 A
1953 1536 112 26 40-gallon
2077 1542 87 20 copper,
2175 1535 52 22 with
2238 1534 63 22 cock.

1920 1562 62 23 Tubs
1993 1562 25 22 of
2029 1562 87 21 various
2126 1562 62 26 sizes,
2201 1561 48 22 well
2256 1559 96 29 adapted
2359 1560 34 21 for
2399 1559 84 27 salting

1895 1589 56 29 pork
1962 1590 44 21 and
2016 1588 91 27 making
2117 1589 79 21 bacon.

1923 1616 139 26 Carpenters'
2073 1615 46 22 and
2127 1615 127 27 gardeners'
2265 1613 63 24 tools.

1969 1627 12 17 F
2307 1640 22 22 J.
2346 1639 108 23 MINET.

1925 1669 123 27 Britannia,
2060 1669 50 22 Oct.
2120 1670 35 25 30,
2166 1670 60 20 1840.

2107 1726 74 26 FOR,
2185 1726 97 24 SALE,

1899 1761 70 49 BY
1976 1760 64 23 THE
2050 1759 234 23 UNDERSIGNED.
2293 1757 83 23 asm»ll
2383 1757 104 28 quantity

1977 1788 26 21 of
2008 1787 52 22 seed
2070 1793 61 20 corn,
2147 1785 51 23 seed
2207 1792 60 22 peas,
2280 1781 126 30 (white'and
2414 1783 71 26 blue,)

1901 1814 91 22 kitchen
2002 1814 81 27 garden
2096 1813 70 26 seeds,
2187 1813 61 26 hops,
2265 1812 42 21 salt
2315 1812 23 20 in
2349 1810 136 27 hogsheads;

1899 1842 47 21 also
1966 1848 29 15 an
2014 1842 135 21 assortment
2166 1839 25 22 of
2200 1840 164 25 -ironmongery
2383 1838 42 21 &c.
2446 1838 41 21 &c.

2063 1866 85 23 LUKE
2162 1865 167 26 NATTRASS,
2341 1864 124 22 Britannia.

1922 1924 26 19 J.
1964 1921 137 22 TAINE'S
2117 1920 117 23 STORE,
2250 1918 213 22 BRITANNIA.

1908 1957 87 22 TUST
2004 1955 109 26 received,
2123 1954 61 22 TEA
2200 1952 143 26 KETTLES,
2354 1959 137 28 saucepans,.

1901 1975 26 30 «l
1966 1983 45 22 and
2020 1983 73 26 frying
2101 1988 63 21 pans,
2175 1981 24 21 in
2207 1983 62 24 great
2279 1980 92 26 variety.
2400 1978 62 26 Also,
2474 1985 14 14 a

1901 2010 204 26 large-assortment
2113 2007 27 21 of
2150 2007 113 27 crockery.

2043 2061 169 21 GENERAL
2227 2059 118 21 STORE.

1902 2098 161 50 KNIGHT
2077 2096 46 23 and
2138 2096 82 22 HAIR
2231 2093 143 29 respectfully
2388 2093 102 23 intimate

1989 2129 22 18 to
2029 2124 57 22 their
2100 2123 85 22 friends
2200 2122 44 22 and
2260 2121 38 22 the
2312 2121 139 21 inhabitants
2467 2120 33 21 of

1903 2154 54 20 Port
1966 2152 130 24 Nicholson,
2112 2150 48 21 that
2169 2150 53 26 they
2231 2149 56 21 have
2299 2155 28 14 on
2337 2148 51 26 sale,
2400 2151 24 18 at
2434 2147 62 22 their

1903 2180 70 26 Store,
1994 2179 36 21 the
2047 2176 115 27 following
2180 2176 95 26 articles,
2291 2174 71 22 which
2379 2174 53 27 they
2449 2181 42 15 can

1903 2206 53 22 with
1967 2205 129 23 confidence
2107 2201 201 27 recommend,viz.
2317 2209 5 14 :
2324 2213 31 5 —

1931 2234 78 26 Sugar,
2020 2236 53 22 teas,
2084 2231 65 26 flour,
2166 2230 80 26 butter,
2262 2229 86 25 cheese,
2365 2227 56 27 lard,
2438 2227 56 27 rice,,

1904 2260 77 26 coffee,
1993 2259 97 25 tobacco,
2101 2256 109 27 almonds,
2227 2259 101 19 currants
2344 2254 45 22 and
2405 2254 93 27 raisins,,

1905 2286 102 28 together
2016 2285 52 22 with
2077 2292 14 13 a
2100 2283 90 27 general
2200 2286 133 19 assortment
2340 2282 26 21 of
2375 2281 118 27 groceries.

1905 2314 64 26 Also,
1986 2320 12 14 a
2007 2312 77 27 supply
2096 2310 30 23 of
2132 2310 120 27 hardware,
2264 2308 173 27 haberdashery,
2449 2307 45 22 and

1905 2341 95 26 drapery
2011 2339 25 21 of
2047 2345 66 20 every
2124 2337 142 27 description.

1933 2366 58 22 N.B.
1993 2378 30 4 —
2024 2366 20 21 A
2063 2364 80 28 supply
2162 2364 26 21 of
2206 2362 85 23 refined
2308 2369 74 21 sperm
2400 2361 30 23 oil
2446 2362 50 27 just

1906 2401 65 15 come
1981 2397 22 18 to
2012 2392 68 22 hand.

1935 2455 46 22 Mr.
1993 2454 28 23 K.
2032 2453 40 22 has
2082 2460 31 15 on
2129 2452 68 27 hand,
2216 2459 13 15 a
2244 2451 61 27 Urge
2322 2453 136 20 assortment
2472 2449 28 23 of

1910 2481 149 28 Agricultural
2079 2480 45 22 and
2144 2479 89 22 Garden
2253 2478 67 22 Seeds
2344 2477 44 22 and
2397 2479 4 5 '
2414 2475 83 30 Imple-

1908 2512 81 23 ments,
2000 2508 28 21 all
2039 2507 26 22 of
2075 2506 73 22 which
2157 2506 28 22 he
2195 2513 41 15 can
2249 2505 53 21 with
2316 2504 131 22 confidence
2462 2511 35 15 re-

1909 2535 126 26 commend,
2052 2534 38 21 the
2106 2533 63 22 seeds
2188 2533 66 26 being
2269 2531 31 23 all
2317 2531 27 22 of
2363 2531 43 21 last
2424 2531 74 27 year's

1908 2562 103 25 harvest;
2026 2561 46 22 and
2081 2568 24 14 as
2114 2561 29 21 he
2152 2559 42 22 will
2204 2560 26 21 be
2237 2557 138 28 continually
2382 2557 116 28 in-receipt

1910 2589 25 22 of
1953 2589 60 22 fresh
2029 2587 98 28 supplies
2143 2587 57 21 from
2218 2585 34 23 his
2270 2585 101 26 relative,
2390 2584 38 22 the
2447 2583 51 23 well

1909 2616 83 21 known
2002 2615 99 26 Nursery
2112 2613 45 22 and
2172 2613 121 22 Seedsman
2307 2612 24 21 in
2350 2611 111 26 London/
2468 2610 30 22 he

1909 2642 71 27 hopes
1990 2646 21 17 to
2020 2642 28 21 be
2058 2640 95 23 favored,
2166 2639 52 22 with
2235 2639 44 22 the-
2286 2642 122 25 patronage
2423 2639 24 21 of
2460 2637 38 23 the

1910 2669 117 22 Colonists.

1936 2702 125 27 Britannia,
2073 2702 50 21 Oct.
2134 2702 33 26 16,
2179 2702 60 20 IS4O.

1911 2758 91 30 rpHE
2017 2756 105 23 CARGO
2131 2756 26 21 of
2167 2755 38 21 the
2213 2754 108 22 schooner

1918 2776 30 31 X
1986 2785 34 21 for
2029 2783 46 23 sale
2084 2783 29 27 by
2124 2782 37 22 the
2171 2780 162 28 Undersigned,
2346 2784 23 18 at
2377 2780 37 22 the
2425 2781 75 21 Stores

1910 2812 26 22 of
1942 2811 52 24 .Mr.
2005 2811 29 21 A.
2047 2810 64 26 Hurt,
2124 2808 123 27 Britannia,
2258 2808 122 26 consisting
2390 2807 33 22 of:
2425 2820 28 4 —
2457 2823 4 4 .

1938 2838 57 22 Fine
2005 2837 48 22 and
2058 2836 85 22 second
2153 2836 63 25 flour,
2227 2836 24 20 in
2261 2836 12 20 1
2284 2834 45 22 and
2337 2836 14 20 2
2361 2837 48 19 cwt.
2420 2833 62 28 bags.

1939 2865 58 22 Seed
2008 2864 72 22 wheat
2090 2863 46 22 and
2147 2866 55 18 oats.

1939 2891 86 27 Bengal
2035 2891 51 21 rice.

1940 2919 59 21 Irish
2008 2918 79 25 butter,
2098 2916 24 22 in
2132 2916 79 22 firkins
2220 2915 44 22 and
2274 2914 50 22 half
2334 2914 93 22 firking-

1940 2945 73 23 Hams
2023 2943 45 23 and
2077 2943 93 22 smoked
2180 2941 123 23 shoulders*

1941 2970 118 29 Liverpool
2070 2970 49 22 salt.

1941 2999 66 27 Soap,
2018 2998 22 22 in
2050 2997 59 21 561b.
2119 2997 76 21 boxes.

1942 3025 80 27 Hyson
2033 3023 48 23 skin
2093 3027 44 23 tea,
2148 3023 24 21 in
2181 3022 53 22 half
2244 3022 80 22 cliests.

1941 3051 122 26 Pouching?
2067 3050 62 26 ditto,
2140 3050 24 21 in
2174 3051 26 20 10
2210 3052 59 24 catty
2279 3048 76 23 boxes;

1941 3079 59 21 Java
2010 3078 79 22 Conee.
2127 3095 3 5 .
2164 3096 4 3 .

1941 3104 65 23 West
2015 3104 65 22 India
2096 3102 46 23 and
2151 3101 86 29 Bengal
2246 3109 57 20 rum,
2312 3102 25 22 in
2347 3100 73 24 hhds.-

1943 3133 90 26 Cognac
2042 3130 95 27 brandy.

1943 3157 118 24 Schiedam
2072 3157 47 27 gin.

1944 3185 46 23 Old
1997 3185 55 21 Tom
2061 3184 23 21 in
2096 3190 69 15 cases.

1943 3212 96 22 Hoare's
2049 3210 72 22 XXX
2131 3210 35 22 ale
2174 3210 23 22 in
2208 3209 66 23 hhds.

1943 3238 90 22 Bottled
2043 3237 35 22 ale
2087 3236 46 22 and
2142 3240 82 23 porter.

1941 3264 112 23 Teneriffe
2063 3264 65 27 wine,
2145 3271 22 14 in
2185 3264 69 27 pipes,
2271 3262 65 22 hhds.
2354 3261 45 23 and
2415 3264 92 26 quarter

1917 3292 73 24 casks.
2049 3298 5 3 '
2089 3309 3 3 .

1945 3319 60 26 Port,
2016 3317 75 27 claret,
2103 3317 46 21 and
2162 3317 85 27 sherry,
2258 3316 24 22 in
2292 3323 69 15 cases.

1945 3345 120 22 Mauritius
2075 3344 45 22 and
2131 3343 96 23 Manilla
2236 3350 73 20 sugar.

1945 3371 67 23 Paint
2021 3371 30 22 oil
2067 3370 45 22 and
2122 3370 136 27 turpentine.
2267 3377 3 3 •

1945 3397 107 23 Mustard-
2058 3397 45 23 and
2112 3397 91 28 pickles,
2213 3397 24 21 in
2247 3403 69 15 cases.

1945 3425 73 28 Pipes.

1945 3451 134 28 Negrohead
2089 3451 101 27 tobacco,

1946 3478 96 22 Manilla
2051 3478 79 27 cigars,
2141 3478 43 21 No.
2193 3478 22 26 5,
2226 3476 105 29 superior.

1945 3505 92 28 Witney
2046 3504 111 22 blankets.

1946 3531 109 28 Flushing
2063 3531 67 28 slops.
2141 3531 3 4 '

1946 3558 51 23 Red
2006 3566 63 19 serge
2079 3558 74 21 shirts.

1948 3585 113 23 Moleskin
2072 3584 66 28 slops.

1949 3612 143 22 Comforters.

1948 3639 80 22 Scotch
2037 3638 97 22 bonnets
2143 3636 46 23 and
2198 3643 59 22 caps.

1948 3665 64 23 Plaid
2021 3664 87 22 shawls.
2148 3674 4 3 •
2187 3686 3 7 ,
2206 3676 2 4 •

1929 3708 4 3 ■
1948 3691 104 23 Soldiers'
2061 3693 65 25 great
2134 3692 70 20 coats.

1949 3719 67 26 Navy
2025 3718 51 21 blue
2085 3717 74 21 shirts.
2164 3730 4 3 -

1948 3744 87 28 Striped
2045 3746 76 19 cotton
2131 3742 75 23 shirts-

1948 3772 96 26 Regatta
2054 3770 64 21 ditto.

1948 3798 99 26 Shirting
2056 3796 45 22 and
2110 3794 103 28 sheeting
2222 3794 79 23 calico.

1948 3825 70 21 Boot
2013 3825 22 21 3
2028 3823 45 22 and
2082 3822 75 23 shoes?
2220 3841 3 4 .
2279 3836 3 5 .

1949 3852 90 21 Merton
2049 3850 65 22 down
2124 3848 45 23 and
2178 3855 114 21 gossamer
2303 3846 56 24 hats.

1968 3885 86 15 anvass.
2100 3895 6 10 ,
2201 3902 98 23 RICHA
2302 3890 43 34 rJ>
2358 3899 122 25 BROWN.

1920 3931 126 23 Britannia.
2048 3948 6 9 /
2054 3931 54 23 oet.
2118 3931 34 27 26,
2162 3930 56 22 1840

78 638 82 22 NEW
179 634 172 23 ZEALAND
369 628 189 25 COMPANY.

23 666 93 28 Capital,
132 665 119 25 £100,000,
268 663 21 20 in
299 663 55 19 4000
363 659 82 21 Shares
456 657 25 21 of
492 656 45 21 £2o
548 656 64 25 each,

249 689 29 22 all
288 687 53 30 paid
349 694 38 19 up.

106 720 129 21 Governor:
251 717 48 21 The
310 715 64 22 Earl
385 719 27 15 of
422 711 114 21 Durham.

69 747 91 27 Deputy
170 746 129 22 Governor:
316 742 87 21 Joseph
417 739 82 26 Somes,
515 737 53 27 Esq.

259 770 112 21 Directors
379 774 6 14 :

79 800 110 22 Viscount
200 799 111 26 Ingestre,
326 794 69 27 M.P.,

83 827 58 22 Lord
153 828 71 23 Petre,
248 832 6 3 '

24 872 4 5 ,
83 854 80 27 Henry
174 853 28 22 A.
213 849 124 29 Aglionby,
348 848 62 27 Esq.,
422 846 61 22 M.P.

81 880 62 23 Hon.
155 879 92 22 Francis
257 877 89 26 Baring,
358 875 71 26 M.P.,

81 908 60 23 John
152 906 103 23 Ellorker
264 904 110 25 Boulcott,
391 903 62 27 Esq.,

81 936 60 22 John
152 935 102 22 William
264 931 91 27 Buckle,
367 931 61 28 Esq.,

81 963 89 23 Russell
180 962 79 26 Ellice,
269 961 61 27 Esq.,

82 990 78 23 James
170 990 86 21 Robert
265 988 92 25 Gowen,
369 986 62 27 Esq.,

84 1017 61 22 John
156 1016 68 22 Hine.
237 1015 60 25 Esq.,

82 1044 100 22 William
192 1042 62 22 Hutt
270 1040 62 27 Esq.,
342 1039 70 26 M.P.,

84 1072 93 21 Stewart
187 1067 162 29 Majoribanks,
362 1066 62 27 Esq.,

84 1098 35 22 Sir
128 1097 99 22 William
238 1093 151 27 Molesworth,
402 1092 69 26 Bart.,
482 1092 68 25 M.P.,

61 1139 3 4 .
87 1124 128 23 Alexander
224 1122 81 26 Nairn,
316 1121 61 27 Esq.,

85 1152 61 22 John
156 1150 66 27 Pirie,
233 1150 61 26 Esq.,
308 1148 130 25 Alderman,

85 1179 35 22 Sir
130 1179 88 25 George
229 1176 102 24 Sinclair,
342 1175 69 24 Bart.,
423 1173 71 27 M.P.,

86 1205 60 23 John
158 1205 59 22 Abel
226 1202 81 24 Smith.
318 1202 60 28 Esq.,
390 1200 71 27 M.P.,

86 1234 59 22 Wm.
155 1233 137 26 Thompson,
302 1230 63 27 Esq.,
378 1228 131 21 Alderman.
521 1228 69 24 M.P.,

85 1261 63 22 Hon:
159 1258 119 24 Frederick
288 1257 49 21 Jas.
346 1254 153 26 Tollemache,
511 1253 69 25 M.P.,

88 1287 96 23 Edward
194 1286 28 21 G.
234 1283 133 25 Wakefield,
379 1283 61 27 Esq.,

88 1315 34 23 Sir
132 1315 80 24 Henry
222 1311 79 27 Webb,
313 1311 70 25 Bart.,

182 1339 81 26 Willis,
275 1338 61 27 Esq.,

88 1369 88 24 George
187 1365 120 23 Frederick
315 1364 92 25 Younsr,
417 1362 54 27 Esq.

132 1412 4 4 .
144 1395 119 24 Secretary
270 1399 6 14 :
291 1391 62 22 John
365 1390 84 24 Ward,
462 1388 51 26 Esq.

32 1430 93 49 THE
134 1428 61 23 main
205 1427 99 22 features
311 1425 26 21 of
342 1424 39 21 the
388 1428 85 23 system
482 1422 24 22 of
513 1421 113 22 coloniza-

110 1457 46 21 tion
167 1452 97 30 adopted
273 1453 31 26 by
314 1451 36 22 the
363 1451 126 26 Company,
504 1449 120 26 are,---lst,

34 1484 38 22 the
83 1484 45 22 sale
138 1483 25 21 of
173 1480 74 27 lands,
261 1482 23 19 at
297 1486 30 14 an
342 1477 99 23 uniform
456 1476 45 22 and
515 1475 111 22 sufficient

35 1512 60 27 price
102 1519 5 19 ;
125 1510 45 22 and
184 1508 77 26 2ndly,
277 1505 38 22 the
330 1505 155 27 employment
499 1503 25 22 of
537 1510 15 14 a
564 1502 62 27 large

34 1538 88 28 portion
133 1537 25 21 of
165 1536 37 22 the
211 1533 212 29 purchase-money,
435 1538 24 14 as
469 1538 27 14 an
508 1530 119 25 Immigra-

33 1566 48 21 tion
93 1564 72 22 Fund.
195 1563 27 21 In
234 1561 63 21 these
306 1562 104 24 respects,
428 1558 38 21 the
475 1557 119 28 principles
605 1557 26 21 of

34 1592 72 22 South
120 1590 114 23 Australia
248 1587 58 22 have
321 1586 57 21 been
393 1584 106 23 followed
511 1591 23 14 as
549 1583 79 28 nearly

33 1626 26 16 as
78 1619 174 21 circumstances
268 1613 78 27 would,
367 1613 24 21 in
407 1612 38 21 the
463 1614 90 25 present
569 1617 58 20 case,

38 1646 87 27 permit.
504 1665 7 5 .
612 1664 7 8 ,

62 1673 49 22 The
125 1670 72 29 grand
212 1669 75 28 object
302 1667 27 22 of
342 1666 39 23 the
396 1673 58 19 new,
468 1672 25 15 or
504 1665 124 27 improved,

34 1705 86 23 system
131 1698 25 22 of
167 1698 38 21 the
215 1695 98 29 disposal
328 1694 28 22 of
370 1692 98 23 colonial
481 1691 73 27 lands,
570 1692 20 21 is
605 1694 24 19 to

34 1727 102 26 regulate
151 1726 37 20 the
203 1723 82 28 supply
301 1722 26 22 of
342 1728 50 15 new
407 1720 62 25 land,
486 1719 29 26 by
530 1719 38 21 the
583 1719 47 21 real

36 1757 73 19 wants
120 1752 26 22 of
160 1752 37 22 the
213 1750 119 26 Colonists,
348 1755 24 15 so
388 1747 50 22 that
452 1746 38 22 the
503 1746 55 21 land
574 1746 57 21 shall

36 1788 72 15 never
123 1780 35 21 be'
170 1778 73 22 either
261 1774 191 30 superabundant,
474 1781 25 14 or
517 1772 112 26 deficient,

36 1808 74 22 either
125 1810 37 18 too
179 1806 78 25 cheap,
275 1811 26 14 or
319 1806 37 19 too
375 1802 61 21 dear.
475 1800 22 22 It
513 1799 42 22 has
572 1799 59 22 been

36 1835 79 21 shown
125 1833 49 21 that
182 1832 39 22 the
231 1832 44 21 due
288 1829 131 29 proportion
432 1828 103 21 between
551 1826 81 27 people

38 1861 47 23 and
91 1860 55 23 land
151 1867 52 20 may
208 1860 30 20 lie
246 1856 128 27 constantly
379 1854 95 23 secured
480 1854 29 27 by
516 1854 115 21 abandon-

38 1889 40 26 ing
88 1889 37 21 the
135 1887 39 22 old
182 1889 86 24 system
278 1884 27 22 of
316 1891 96 16 grants,
424 1881 45 22 and
478 1880 115 28 requiring
603 1887 28 14 an

39 1914 99 24 uniform
147 1913 61 29 price
218 1919 41 21 per
268 1918 58 20 acre,
342 1910 34 21 for
386 1909 29 22 all
425 1915 50 16 new
484 1907 72 26 lands,
567 1910 66 18 witn-

31 1937 3 12 ''
40 1946 41 18 out
90 1941 127 29 exception.
246 1938 25 22 If
282 1937 38 22 the
329 1937 60 28 price
401 1936 28 22 be
445 1938 40 19 not
498 1938 37 18 too
549 1934 51 25 low,
616 1934 18 21 it

39 1969 75 22 deters
123 1967 138 28 speculators
266 1965 62 22 from
341 1963 121 27 obtaining
474 1961 61 27 land,
551 1960 54 26 with
621 1968 14 15 a

41 1997 56 21 view
107 1999 23 18 to
139 1994 90 26 leaving
238 1992 59 21 their
304 1994 108 24 property
420 1990 23 21 in
456 1997 13 13 a
480 1989 76 20 desert
566 1990 66 24 state,

39 2022 47 22 and
100 2022 51 20 thus
164 2021 106 27 prevents
278 2017 111 26 injurious
400 2015 123 27 dispersion
529 2021 6 18 ;
546 2016 23 18 -it
578 2014 54 26 also,

82 2046 135 27 compelling
224 2050 68 19 every
299 2043 106 20 labourer
407 2057 3 11 ;
411 2044 24 17 to
442 2040 60 21 work
510 2039 36 21 for
553 2046 80 19 wages,

41 2073 58 23 until
109 2073 28 21 he
147 2072 41 21 has
196 2070 71 23 saved
280 2069 38 21 the
329 2068 53 26 only
391 2074 80 15 means
482 2066 26 21 of
518 2065 118 25 obtaining

41 2100 62 26 land,
113 2100 87 21 insures
214 2105 15 13 a
243 2096 81 28 supply
339 2094 26 23 of
375 2094 81 22 labour
469 2093 35 21 for
518 2092 56 21 hire.
604 2092 34 26 If,,

41 2134 31 15 on
82 2126 45 23 the,
130 2125 64 22 other
203 2122 69 27 hand,
289 2122 38 21 the
337 2122 60 26 price
407 2121 28 21 be
445 2124 42 17 not
495 2123 36 18 too
541 2119 62 26 high,
619 2121 19 19 it

41 2154 89 22 neither
139 2152 101 22 confines
250 2150 38 21 the
298 2149 88 22 settlers
402 2147 77 22 within
494 2154 12 13 a
520 2153 66 20 space
602 2145 34 22 in-

42 2178 161 28 conveniently
218 2184 96 19 narrow,
330 2183 42 14 nor
388 2174 54 22 does
456 2174 19 21 it
490 2174 94 26 prevent
598 2172 42 22 the

34 2207 87 27 .thrifty
135 2206 105 22 labourer
246 2225 3 3 .
255 2204 58 21 from
327 2201 122 27 becoming
463 2208 13 15 a
487 2199 149 26 land-owner,

44 2235 59 23 after
112 2228 103 31 working'
222 2238 65 15 same
295 2230 54 22 time
359 2229 36 22 for
405 2235 82 21 wages.
589 2253 6 5 #

75 2261 19 22 A
112 2259 118 27 sufficient,
248 2258 42 21 but
308 2260 40 19 not
366 2262 63 16 more
450 2255 54 21 than
523 2254 115 22 sufficient

42 2289 64 28 price
116 2288 35 21 for
163 2286 30 22 all
205 2293 52 14 new
270 2284 63 26 land,
348 2284 20 21 is
382 2283 39 21 the
437 2282 61 22 main
513 2282 87 21 feature
616 2280 26 21 of

44 2315 40 23 the
101 2322 50 14 new
166 2316 84 24 system
266 2311 26 22 of
308 2310 159 22 colonization.
501 2308 21 22 It
537 2307 101 22 obviates

44 2349 69 19 every
124 2341 84 28 species
224 2339 27 22 of
264 2338 115 26 bondage;
398 2336 31 28 by
444 2335 120 29 providing
579 2341 60 14 com-

45 2369 90 22 binable
143 2368 87 26 labour,
240 2366 20 22 it
268 2365 92 23 renders
368 2364 166 27 industry'very
543 2361 97 29 produc-

46 2397 53 26 tive,
110 2396 45 22 and
163 2394 124 22 maintains
294 2392 54 22 both
358 2390 56 28 high
429 2398 80 20 wages,
525 2388 47 23 and
584 2388 56 27 high

45 2424 90 27 profits;
156 2423 19 22 it
190 2421 79 23 makes
288 2420 37 22 the
344 2419 82 27 colony
443 2425 24 14 as
483 2416 117 23 attractive
617 2423 23 14 as

45 2451 104 28 possible,
164 2449 57 22 both
235 2451 25 19 to
274 2446 123 28 capitalists
412 2444 47 23 and
473 2448 23 18 to
509 2444 117 21 labourers
634 2451 5 17 ;

46 2479 48 22 and
102 2481 41 19 not
151 2476 86 27 merely
247 2479 22 17 to
279 2474 69 26 these,
362 2474 43 21 but
414 2472 54 26 also,
478 2472 31 27 by.
516 2470 126 25 bestowing

47 2513 29 15 on
92 2505 38 22 the
141 2504 88 26 colony,
247 2502 38 22 the
295 2502 74 20 better
383 2499 118 22 attributes
516 2498 26 21 of
560 2505 28 14 an
605 2498 38 21 old

45 2533 93 27 society,
149 2536 23 18 to
180 2531 65 22 those
253 2529 50 21 who
309 2528 58 21 have
375 2534 13 14 a
395 2526 92 22 distaste
494 2526 35 21 for
535 2524 61 23 what
601 2524 41 22 has

45 2559 128 23 heretofore
181 2558 60 22 been
252 2555 38 23 the
304 2554 113 29 primitive
428 2552 114 23 condition
555 2552 27 21 of
591 2559 51 14 new

48 2587 107 22 colonies.
614 2604 5 7 ,

74 2614 48 22 The
130 2615 65 25 great
204 2611 76 28 object
289 2609 26 21 of
325 2611 38 19 the
372 2615 63 20 price
444 2615 20 14 is
476 2609 22 20 to
512 2613 78 15 secure
604 2608 39 18 the

47 2644 61 19 most
117 2638 109 24 desirable
235 2636 143 28 proportions
385 2635 104 21 between
501 2632 81 29 people
596 2632 49 22 and

48 2668 55 22 land
110 2675 5 18 ;
130 2667 40 22 but
179 2665 38 23 the
228 2665 53 27 plan
291 2663 42 21 has
342 2662 39 22 the
387 2661 88 22 further
482 2660 71 22 result
559 2659 27 22 of
591 2667 52 20 pro-

48 2695 84 26 ducing
142 2701 14 15 a
165 2699 106 17 revenue,
289 2689 72 23 which
377 2688 45 22 will
437 2691 42 19 not
494 2687 53 27 only
562 2686 81 28 supply

48 2722 40 22 the
99 2721 105 28 requisite
218 2718 70 28 profit
301 2721 23 18 to
339 2716 38 22 the
392 2714 156 23 shareholders
562 2714 27 21 of
605 2714 37 21 the

49 2750 124 25 Company,
196 2747 42 21 but
262 2744 112 22 furnishes
396 2742 39 22 the
459 2749 77 14 means
555 2740 35 22 for
614 2747 28 14 an

50 2775 156 27 Immigration
216 2771 74 27 Fund,
291 2783 32 6 —
324 2778 14 14 a
344 2769 58 23 fund
409 2768 128 27 constantly
545 2767 99 28 applica-

49 2803 38 22 ble
103 2806 22 17 to
141 2801 38 22 the
195 2805 96 22 purpose
309 2798 26 21 of
346 2796 110 27 bringing
468 2796 80 21 labour
564 2797 24 18 to
605 2795 38 20 the

48 2830 83 27 colony
132 2841 31 4 —
163 2827 50 22 that
226 2827 27 26 is,
270 2825 24 22 in
311 2823 95 26 causing
421 2823 40 21 the
476 2823 50 21 best
544 2829 57 14 sort
620 2822 27 20 of

49 2855 151 23 colonization
210 2857 24 18 to
243 2851 98 28 proceed
349 2853 24 19 at
383 2850 39 21 the
435 2851 98 25 greatest
545 2848 97 27 possible

49 2887 56 18 rate.
134 2881 55 23 And
195 2880 45 22 this
247 2887 20 14 is
273 2878 38 22 the
319 2877 84 23 second
412 2876 86 22 feature
509 2875 28 21 of
546 2875 38 21 the
594 2882 50 14 new

39 2911 3 3 '
50 2914 92 23 system.
449 2928 7 3 .

78 2937 47 22 The
136 2934 155 28 employment
300 2931 26 22 of
341 2929 38 23 the
393 2928 212 29 purchase-money,
621 2934 25 14 or

50 2964 40 22 the
99 2961 109 28 principal
218 2963 51 25 part
278 2959 27 21 of
315 2958 24 26 it,
348 2957 25 21 in
384 2956 127 27 conveying
520 2955 88 21 settlers
621 2957 24 18 to

52 2991 38 22 the
101 2990 87 26 colony,
198 2987 42 22 has
250 2986 38 22 the
298 2984 116 27 following
423 2983 83 21 effects.
524 2986 3 4 '
536 2982 23 21 It
567 2982 79 21 makes

52 3018 38 21 the
104 3016 133 28 purchasers
252 3013 26 22 of
293 3011 55 23 land
362 3018 38 15 see
414 3010 93 28 plainly,
523 3008 50 22 that
588 3008 59 21 their

52 3051 84 20 money
145 3043 44 21 will
199 3042 29 21 be
236 3038 109 24 returned
353 3038 25 22 in
391 3037 41 22 the
444 3037 69 27 shape
526 3036 27 20 of
565 3036 82 20 labour

52 3071 48 22 and
108 3069 138 29 population.
275 3067 23 22 It
308 3065 71 27 tends,
395 3065 24 21 in
429 3063 53 28 fact,
498 3067 22 17 to
528 3062 71 22 lower
608 3062 41 21 the

54 3103 118 20 necessary
190 3094 108 23 standard
316 3093 26 21 of
358 3092 70 28 price,
442 3091 104 25 because,
564 3090 55 20 with
633 3095 14 15 a

54 3126 105 19 constant
167 3121 73 22 influx
250 3121 26 21 of
287 3119 79 26 people
375 3123 24 17 to
410 3118 38 22 the
458 3118 88 27 colony,
555 3116 38 22 the
603 3116 44 21 due

54 3150 129 28 proportion
191 3153 100 17 between
298 3152 79 22 people
385 3145 45 22 and
438 3145 54 21 land
498 3151 53 20 may
557 3143 91 27 bekept

55 3184 32 22 up
94 3177 31 29 by
135 3183 13 14 a
156 3176 70 21 lower
234 3173 68 26 price,
315 3173 54 21 than
379 3173 21 21 if
411 3171 64 22 there
485 3178 57 15 were
551 3177 30 15 no
591 3169 56 22 such

55 3202 152 28 immigration
212 3217 6 6 .
238 3202 24 20 It
270 3199 111 22 therefore
387 3198 131 23 diminishes
525 3197 38 22 the
570 3196 79 29 period

55 3231 83 26 during
147 3228 74 23 which
230 3227 38 21 the
276 3227 105 21 labourer
394 3229 62 18 must
467 3225 60 22 work
541 3224 36 22 for
590 3224 57 27 hire,

56 3258 46 23 and
111 3258 30 26 by
150 3256 38 22 the
202 3253 66 29 rapid
280 3260 103 25 progress
398 3251 74 23 which
485 3253 18 21 it
516 3252 95 27 imparts
625 3253 23 19 to

44 3301 3 7 ,
56 3285 39 22 the
103 3284 50 22 best
162 3286 46 19 sort
217 3281 27 22 of
255 3279 157 26 colonization,
428 3278 19 22 it
461 3278 101 28 explains
577 3281 25 18 to
610 3277 38 21 the

57 3310 118 27 labouring
183 3309 58 22 class
252 3307 25 23 of
282 3305 150 28 immigrants,
442 3305 50 21 that
499 3312 68 19 every
575 3311 44 15 one
626 3304 24 21 of

57 3338 61 23 them
131 3337 50 22 who
197 3336 20 22 is
231 3333 139 24 industrious
386 3331 47 23 and
449 3331 85 28 thrifty,
551 3338 54 19 may
620 3331 29 21 be

55 3373 53 15 sure
116 3368 23 19 to
148 3365 94 21 become
255 3363 41 21 not
310 3358 86 28 merely
411 3365 29 15 an
456 3365 74 14 owner
545 3358 27 21 of
586 3356 62 28 land,

57 3392 41 22 but
114 3392 46 22 also
175 3391 25 21 in
218 3389 37 22 his
274 3391 60 22 turn,
355 3392 29 15 an
406 3385 115 27 employer
539 3384 26 22 of
572 3383 78 23 -hired

56 3419 122 25 labourers,
189 3424 14 15 a
212 3418 84 20 master
306 3414 26 22 of
342 3415 111 19 servants.

86 3446 65 21 From
161 3444 63 22 these
235 3439 184 27 considerations,
435 3439 38 21 the
484 3439 116 26 Company
609 3439 41 19 has

50 3472 105 25 -adopted
174 3471 38 22 the
229 3476 62 15 same
308 3470 83 25 system
409 3465 26 23 of
451 3464 114 27 disposing
581 3464 26 21 of
622 3464 28 21 its

59 3503 67 18 waste
138 3498 72 26 lands,
227 3504 25 14 as
267 3495 41 23 has
322 3493 92 27 already
428 3491 85 28 proved
526 3490 80 28 highly
618 3490 33 22 fa-

59 3526 106 22 vourable
179 3528 23 18 to
216 3523 40 22 the
269 3521 186 30 productiveness
469 3519 25 21 of
508 3519 106 24 industry
626 3524 24 14 in

59 3552 71 23 South
139 3551 123 24 Australia.
292 3549 28 22 In
330 3556 14 14 a
354 3554 50 15 new
415 3545 89 32 colony,
516 3544 98 32 planted
626 3551 24 14 in

58 3587 14 14 a
81 3579 73 23 fertile
165 3578 44 22 and
224 3576 117 23 extensive
355 3573 113 26 territory,
485 3574 18 18 it
516 3578 19 14 is
550 3572 100 25 obvious,

59 3606 50 23 that
127 3606 38 21 the
180 3603 171 24 establishment
365 3601 27 21 of
409 3603 56 19 such
480 3606 13 14 a
506 3601 85 24 system
605 3604 20 14 is
639 3604 13 14 a

60 3637 81 18 matter
157 3632 25 21 of
200 3631 38 22 the
256 3630 91 28 deepest
364 3629 104 21 moment
484 3629 22 17 to
523 3625 38 21 the
577 3625 75 20 future

60 3660 88 22 welfare
160 3659 26 21 of
199 3658 93 27 society.
344 3655 68 23 From
426 3653 19 22 it
461 3652 36 22 the
511 3652 52 21 best
577 3652 76 20 effects

59 3693 52 21 may
120 3686 54 21 with
183 3684 132 23 confidence
324 3678 176 30 beanticipated
507 3686 5 14 :
528 3685 14 14 a
548 3679 106 21 constant

59 3714 45 21 and
113 3712 89 28 regular
210 3711 82 27 supply
302 3710 27 22 of
340 3716 49 15 new
400 3706 56 24 land
465 3707 24 21 in
502 3705 44 22 due
561 3711 93 21 propor-

55 3740 49 22 tion
114 3744 23 17 to
147 3739 38 22 the
204 3741 72 18 wants
285 3737 26 21 of
322 3744 13 14 a
343 3734 132 30 population
489 3733 127 24 increasing
626 3732 29 25 by

57 3766 71 23 births
138 3765 46 22 and
197 3764 152 27 immigration
356 3771 6 18 ;
381 3761 31 23 all
427 3761 39 21 the
481 3759 137 26 advantages
632 3760 22 18 to

59 3792 73 23 which
141 3792 103 23 facilities
254 3791 26 22 of
290 3792 115 25 transport
411 3787 46 23 and
464 3787 190 22 communication

59 3827 38 14 are
108 3818 103 23 essential
219 3826 5 18 ;
241 3817 111 26 certainty
366 3816 27 21 of
403 3815 77 26 limits,
496 3812 46 22 and
556 3814 98 28 security

59 3846 28 23 of
97 3845 49 23 title
155 3849 22 18 to
188 3847 106 25 property
303 3843 24 22 in
341 3843 55 22 land
402 3850 6 18 ;
424 3841 38 22 the
472 3842 98 25 greatest
583 3839 71 21 facili-

59 3874 42 21 ties
111 3879 28 15 on
149 3871 119 28 acquiring
276 3870 39 22 the
326 3869 43 22 due
379 3868 106 29 quantity
490 3874 5 19 ;
510 3866 38 22 the
558 3867 98 25 greatest

59 3901 193 25 encouragement
264 3900 23 19 to
296 3896 153 27 immigration
460 3893 45 23 and
514 3892 129 23 settlement
649 3899 5 19 ;

61 3923 47 25 and
120 3925 39 22 the
174 3928 59 19 most
245 3923 65 28 rapid
325 3929 104 25 progress
443 3921 27 21 of
485 3921 37 22 the
535 3919 82 30 people
630 3926 24 15 in

61 3952 102 23 material
173 3951 96 22 comfort
278 3950 45 22 and
334 3949 68 23 social
