2540 4020
865 49 805 77 SUPPLEMENT

1173 170 64 32 TO
1258 171 101 31 THE

50 249 215 58 NEW
306 246 429 58 ZEALAND
778 247 412 57 GAZETTE
1211 250 136 55 and
1368 249 528 59 BRITANNIA
1934 252 544 59 SPECTATOR.

802 392 131 31 PORT
955 392 287 40 NICHOLSON,
1270 393 270 34 NOVEMBER
1563 399 52 34 21,
1639 399 90 29 1840.

274 485 149 24 SYDNEY.

1896 492 65 27 Hall,
1973 499 56 15 near
2040 492 81 29 Kelso,
2141 492 201 32 Roxburghshire.
2377 493 49 24 His
2444 494 36 23 six

1895 523 63 24 elder
1968 524 105 24 brothers
2086 525 31 23 all
2136 525 56 23 took
2213 530 25 19 to
2261 526 39 23 the
2323 533 45 22 sea,
2392 526 47 24 and
2450 526 30 23 all

1894 562 47 18 met
1951 562 85 26 watery
2046 566 89 22 graves,
2147 566 51 16 now
2210 558 39 23 the
2264 559 54 28 last,
2337 559 57 23 after
2412 561 68 21 innu-

1894 590 98 23 merable
2005 590 105 31 dangers,
2126 591 87 31 having
2224 591 132 25 abandoned
2373 592 41 24 the
2432 599 48 22 sea,

1894 622 44 24 and
1949 623 84 31 sailing
2044 624 86 30 merely
2140 624 37 24 for
2187 624 37 24 his
2237 632 49 16 own
2298 629 143 19 amusement
2455 625 25 23 in

1894 655 105 30 harbour,
2011 656 46 23 and
2068 658 25 22 in
2105 657 61 31 sight
2178 658 25 23 of
2217 657 38 24 his
2276 665 50 16 own
2344 658 73 23 house
2435 658 45 23 and

1894 688 84 32 family,
2001 689 44 23 has
2056 690 149 31 experienced
2216 690 40 24 the
2274 698 63 16 same
2355 690 125 24 disastrous

1894 721 52 24 fate.

1926 754 44 24 We
1981 755 140 24 understand
2132 755 50 25 that
2195 755 45 25 Dr.
2255 756 102 24 Johnson
2368 755 46 25 and
2425 756 55 24 Fel-

1894 792 39 19 ton
1944 788 109 29 Mathew,
2067 788 67 32 Esq.,
2152 789 58 23 have
2222 789 68 31 given
2301 790 24 22 in
2337 790 59 23 their
2406 790 74 30 resig-

1894 821 87 23 nations
1994 821 26 24 of
2034 821 59 24 their
2105 823 125 30 respective
2243 822 83 24 offices.

1927 855 134 24 Shipping.
2064 868 33 4 —
2098 855 135 31 September
2244 857 39 27 23,
2297 855 88 24 arrived
2396 855 84 32 barque

2042 888 60 24 from
2112 888 39 23 the
2163 888 101 23 Thames
2273 897 6 19 ;
2299 888 43 23 she
2351 888 80 31 brings
2443 889 37 23 the

1894 920 86 23 officers
2000 921 27 22 of
2046 921 40 23 the
2279 921 70 31 lately
2366 921 114 25 wrecked.

1894 953 68 23 Same
1980 953 52 31 day,
2055 953 73 25 H.M.
2148 954 52 31 brig
2422 955 58 23 from

1894 986 57 21 Port
1963 986 135 21 Nicholson.

1896 1053 70 25 THE
1986 1053 149 26 CHURCH
2159 1055 152 24 SOCIETY
2333 1055 44 24 OF
2400 1055 80 25 NEW

2102 1088 174 21 ZEALAND.

2036 1152 122 17 GENERAL
2181 1153 158 18 COMMITTEE.

1961 1185 52 24 The
2024 1185 59 24 Earl
2094 1185 25 23 of
2133 1185 105 30 Devon,

1961 1218 51 24 The
2024 1219 115 24 Viscount
2151 1219 118 29 Sandon,

1961 1251 52 24 The
2024 1251 115 25 Viscount
2151 1252 171 30 Courtenay,

1962 1285 53 24 The
2026 1285 65 24 Lord
2102 1285 117 29 Ashley,

1962 1318 66 24 Hon.
2042 1318 114 24 Francis
2169 1319 112 29 Baring,
2294 1319 68 24 M.P.
2366 1336 9 12 r

1961 1351 61 24 Rev.
2035 1352 22 23 J.
2073 1352 30 23 G.
2118 1352 118 29 Bowers,
2249 1352 75 29 8.D.,

1961 1385 61 24 Rev.
2037 1385 30 24 G.
2081 1385 97 28 Brett,
2194 1385 80 28 M.A.,

1961 1418 23 23 J.
1998 1418 22 24 J.
2034 1418 119 30 Briscoe,
2166 1418 68 32 Esq.,
2249 1418 79 30 M.P.,

1962 1451 51 24 The
2025 1451 69 24 Dean
2105 1452 25 23 of
2146 1451 174 30 Chichester,

1961 1484 61 25 Rev.
2035 1484 32 25 A.
2081 1484 35 25 M.
2132 1484 151 30 Campbell,
2299 1484 81 30 M.A.,

1963 1518 26 24 S.
2004 1518 32 24 R.
2051 1518 109 29 Gowen,
2173 1518 69 32 Esq.,

1963 1551 118 24 Edmund
2095 1551 155 29 Halswell,
2263 1551 68 32 Esq.,

1962 1585 60 28 Rev,
2036 1585 32 23 G.
2083 1584 152 29 Hamilton,
2248 1585 80 29 M.A.,

1962 1618 60 24 Rev.
2036 1618 39 23 W.
2090 1617 133 30 Harness,
2238 1618 80 30 M.A.,

1963 1651 60 24 Rev.
2037 1651 26 24 S.
2079 1651 126 29 Hawtry,
2218 1651 81 29 M.A.,

1961 1685 61 24 Rev.
2036 1685 109 23 Samuel
2159 1684 96 30 Hinds,
2272 1684 77 30 D.D.,

1961 1718 124 24 William
2097 1717 85 29 Hutt,
2195 1717 68 33 Esq.,
2276 1718 78 29 M.P.,

1962 1751 52 24 The
2026 1752 182 23 Archdeacon
2221 1752 25 23 of
2262 1751 121 29 London,

1961 1785 61 23 Rev.
2035 1785 40 23 W.
2089 1785 122 29 Selwyn,
2224 1785 80 28 M.A.,

1963 1818 38 23 Sir
2014 1818 31 23 G.
2059 1818 133 29 Sinclair,
2206 1818 74 29 Bart.,
2294 1818 79 29 M.P.,

1962 1851 69 25 John
2045 1851 31 24 A.
2091 1851 93 29 Smith,
2198 1851 69 32 Esq.,
2280 1851 80 29 M.P.,

1963 1885 125 24 Alderman
2100 1884 155 30 Thompson,
2268 1884 79 30 M.P.,

1962 1918 61 24 Rev.
2037 1918 23 24 J.
2074 1919 31 23 G.
2118 1918 94 24 Ward,

1898 1949 79 33 (with
1992 1959 92 16 power
2097 1959 31 16 to
2144 1959 53 16 add
2213 1959 31 16 to
2259 1959 81 16 their
2354 1950 133 33 number.)

1931 2025 49 23 The
1992 2025 59 23 New
2064 2025 100 23 Zealand
2182 2025 92 23 Church
2293 2026 101 29 Society,
2412 2025 74 23 which

1898 2064 47 16 now
1956 2057 36 23 for
2005 2057 38 22 the
2055 2058 50 22 first
2118 2058 54 22 time
2185 2065 75 16 comes
2268 2058 76 23 before
2354 2058 38 23 the
2401 2058 84 30 public,

1898 2098 44 16 was
1954 2090 120 31 originally
2086 2090 89 24 formed
2186 2091 35 23 for
2234 2091 37 23 the
2288 2098 99 24 purpose
2405 2091 26 23 of
2446 2091 40 23 ob-

1898 2124 87 30 taining
1997 2124 154 31 subcriptions
2168 2129 24 18 to
2211 2125 38 22 aid
2267 2124 39 23 the
2326 2124 117 23 Colonists
2463 2124 25 23 of

1898 2157 56 23 New
1978 2156 102 24 Zealand
2102 2158 24 22 in
2149 2157 104 32 building
2276 2166 14 14 a
2319 2157 94 24 Church
2443 2158 43 23 and

1898 2190 149 30 establishing
2058 2198 28 15 an
2100 2190 80 23 Infant
2192 2191 93 28 School,
2297 2192 24 22 in
2333 2191 74 23 which
2415 2191 19 23 it
2441 2199 48 15 was-

1898 2224 112 31 proposed
2021 2230 22 16 to
2055 2224 68 31 bring
2134 2224 104 30 together
2250 2224 38 23 the
2301 2224 100 23 children
2415 2224 26 23 of
2450 2224 36 23 the

1898 2257 107 23 colonists
2017 2257 45 23 and
2074 2257 25 23 of
2114 2257 38 23 the
2163 2259 97 22 natives.
2309 2257 51 24 The
2372 2257 114 24 members

1898 2291 25 23 of
1938 2290 46 24 this
1997 2290 92 31 Society
2100 2291 24 23 in
2137 2290 59 24 their
2205 2291 138 23 endeavours
2352 2295 22 19 to
2384 2295 104 27 promote

1898 2323 63 24 these
1982 2323 94 32 objects,
2090 2324 59 23 have
2163 2324 143 23 ascertained
2319 2324 38 23 the
2372 2325 116 22 existence

1898 2358 25 22 of
1942 2365 26 15 so
1986 2357 94 30 general
2093 2365 14 15 a
2123 2356 73 24 desire
2211 2358 35 22 for
2260 2358 39 23 the
2314 2358 174 23 establishment

1898 2391 25 22 of
1938 2398 29 15 an
1979 2391 136 22 association
2128 2398 62 16 more
2210 2391 116 23 extensive
2342 2391 26 23 in
2386 2391 30 23 its
2432 2391 55 31 plan

1898 2424 44 23 and
1954 2424 95 31 objects,
2062 2424 49 23 that
2122 2424 54 31 they
2187 2424 58 24 have
2257 2424 46 23 this
2324 2424 44 31 day
2383 2424 102 31 'adopted

1898 2457 38 24 the
1946 2457 118 31 following
2079 2457 145 29 resolutions,
2237 2457 74 24 which
2329 2457 55 32 they
2403 2458 85 23 submit

1898 2495 22 19 to
1933 2490 38 24 the
1983 2491 84 31 public,
2081 2490 54 24 with
2148 2491 38 23 the
2198 2495 90 19 earnest
2299 2491 59 31 hope
2370 2491 51 23 that
2430 2491 60 23 their

1898 2525 160 30 anticipations
2070 2525 25 23 of
2109 2525 93 30 general
2215 2532 151 16 concurrence
2379 2524 45 23 and
2432 2532 56 24 sup-

1898 2562 49 27 port
1959 2558 46 22 will
2016 2562 41 19 not
2067 2558 29 23 be
2109 2558 165 31 disappointed.

1933 2593 21 22 1.
1956 2604 35 4 —
1992 2591 62 23 That
2065 2591 45 24 this
2123 2592 136 23 asjocietion
2270 2591 29 24 be
2319 2591 73 24 called

1898 2624 92 24 Church
2003 2625 92 30 Society
2106 2624 36 24 for
2154 2625 58 23 New
2224 2624 108 24 Zealand.

1931 2660 23 22 2.
1968 2658 62 23 That
2036 2659 31 22 its
2074 2658 78 24 efforts
2159 2659 29 22 be
2196 2658 101 23 directed
2305 2663 21 18 to
2333 2663 44 18 two
2386 2658 86 32 objects
2479 2667 6 20 ;

1898 2691 35 24 the
1945 2699 44 16 one
2001 2695 23 19 to
2036 2692 92 31 provide
2143 2691 57 23 such
2218 2699 14 15 a
2251 2692 93 24 Church
2363 2692 122 23 establish-

1898 2729 61 20 ment
1968 2725 35 23 for
2016 2725 57 23 New
2085 2724 102 24 Zealand
2206 2732 25 16 as
2250 2725 58 23 shall
2326 2725 30 24 be
2375 2725 111 31 complete

1898 2758 43 23 and
1949 2758 100 23 efficient
2056 2758 34 24 for
2098 2758 30 23 all
2135 2763 94 26 present
2236 2766 111 24 purposes
2355 2768 5 19 ;
2375 2758 38 24 the
2424 2758 64 24 other

1898 2799 25 16 so
1941 2796 23 19 to
1980 2791 78 24 endow
2073 2791 46 24 this
2134 2791 180 29 establishment,
2330 2800 26 15 as
2371 2796 23 19 to
2409 2791 79 24 enable

1898 2825 17 23 it
1926 2828 23 20 to
1961 2824 59 32 keep
2031 2832 57 24 pace
2099 2826 24 22 in
2135 2826 31 22 its
2177 2833 119 15 resources
2302 2825 56 23 with
2365 2825 38 24 the
2412 2833 74 24 grow-

1898 2858 38 31 ing
1946 2859 130 30 prosperity
2088 2858 25 24 of
2128 2858 38 23 the
2180 2859 97 31 Colony.

1931 2893 24 22 3.
1958 2904 34 4 —
1992 2892 63 24 That
2065 2892 34 23 for
2111 2891 39 24 the
2168 2892 52 23 first
2238 2892 25 22 of
2285 2892 64 23 these
2366 2900 120 24 purposes,

1898 2925 18 24 it
1926 2925 20 23 is
1958 2925 81 31 highly
2050 2925 125 31 important
2186 2930 24 18 to
2229 2925 76 24 obtain
2323 2925 39 24 the
2382 2926 105 30 appoint-

1898 2963 63 19 ment
1981 2958 25 24 of
2028 2966 14 15 a
2060 2958 90 32 Bishop
2161 2967 25 15 or
2199 2958 100 32 Bishops
2311 2958 34 24 for
2359 2958 58 24 New
2429 2958 59 24 Zea-

1898 2991 54 24 land
1963 3000 26 15 as
2001 3000 56 15 soon
2069 3000 25 15 as
2105 2992 110 31 possible.

1931 3027 25 21 4.
1958 3038 35 4 —
1994 3025 62 24 That
2067 3025 56 23 each
2135 3025 87 32 Bishop
2233 3025 30 23 be
2279 3026 162 31 accompanied
2457 3025 31 31 by

1898 3066 14 15 a
1922 3058 61 31 body
1995 3059 25 22 of
2036 3058 63 23 three
2111 3066 25 15 or
2147 3066 64 16 more
2224 3058 138 31 Clergymen
2370 3059 50 22 who
2429 3057 61 24 shall

1898 3091 32 24 fix
1941 3092 60 23 their
2013 3091 117 24 residence
2149 3091 105 32 together
2271 3091 54 23 with
2344 3091 38 24 the
2401 3091 91 32 Bishop

1898 3125 24 23 in
1933 3132 64 16 some
2008 3132 43 16 one
2064 3129 51 27 spot
2126 3125 82 29 which,
2220 3133 53 23 may
2285 3125 57 23 form
2355 3133 25 15 as
2392 3126 19 22 it
2422 3132 66 21 were,

1898 3165 14 17 a
1923 3162 77 20 centre
2013 3158 26 24 of
2054 3158 109 31 Religion
2175 3158 45 24 and
2238 3158 131 24 Education
2387 3159 36 23 for
2441 3158 49 24 that

1898 3196 51 26 part
1958 3192 27 23 of
1999 3191 39 24 the
2050 3197 104 26 country.

1932 3228 24 21 5.
1958 3237 34 4 —
1994 3224 62 24 That
2067 3233 68 22 every
2153 3226 104 23 exertion
2275 3226 29 23 be
2322 3225 69 24 made
2407 3229 24 20 to
2450 3233 43 15 co-

1898 3263 92 27 operate
2000 3258 56 23 with
2065 3258 39 24 the
2117 3258 108 24 colonists
2244 3259 25 23 in
2288 3259 37 23 the
2346 3259 100 23 erection
2466 3258 26 24 of

1899 3292 119 24 Churches
2036 3292 44 23 and
2099 3291 81 24 Infant
2198 3292 45 24 and
2262 3292 64 24 other
2347 3292 96 24 Schools
2463 3299 28 16 as

1898 3325 54 31 they
1964 3333 53 23 may
2028 3325 29 23 be
2067 3325 116 31 required.

1936 3360 24 22 6.
1963 3371 34 4 —
1998 3358 62 24 That
2079 3358 37 24 for
2138 3359 180 32 accomplishing
2341 3359 39 23 the
2405 3358 84 24 second

1898 3396 65 27 great
1975 3391 75 32 object
2062 3391 25 24 of
2100 3392 48 23 this
2168 3393 100 31 Society,
2311 3392 39 24 the
2363 3391 126 32 .providing

1898 3426 38 22 the
1949 3424 94 24 Church
2055 3425 25 23 of
2096 3425 58 24 New
2162 3426 109 29 Zealand,
2280 3426 54 23 with
2344 3425 56 23 such
2408 3432 79 16 means

1898 3458 26 24 of
1939 3462 97 28 support
2055 3466 24 16 as
2097 3467 53 23 may
2168 3459 30 24 be
2216 3459 110 32 expected
2344 3462 23 20 to
2386 3459 102 23 increase

1898 3492 61 26 with,
1970 3492 39 23 the
2028 3492 104 31 growing
2142 3494 129 30 prosperity
2285 3492 24 24 of
2323 3491 39 24 the

1898 3525 101 31 portions
2018 3526 26 22 of
2064 3525 55 24 land
2135 3526 30 23 be
2182 3525 134 32 purchased,
2335 3523 45 25 and
2399 3523 90 32 applied

1898 3558 71 24 under
1980 3566 83 23 proper
2075 3559 140 31 regulations
2224 3564 22 18 to
2255 3559 37 23 the
2299 3558 158 24 maintenance
2465 3557 26 24 of

1898 3591 37 24 the
1949 3591 93 32 Clergy,
2060 3592 46 24 and
2123 3593 39 23 the
2178 3592 94 31 general
2284 3598 112 25 purposes
2409 3591 25 23 of
2448 3590 40 25 the

1898 3624 103 25 Church.

1931 3659 25 25 7.
1958 3670 34 5 —
1992 3658 63 24 That
2069 3659 141 31 subcription
2227 3657 73 24 books
2312 3657 30 23 be
2360 3656 88 33 opened
2464 3661 25 20 at

1898 3691 98 24 Messrs.
2017 3692 127 30 Twinings,
2165 3691 100 28 Strand;
2289 3690 100 25 Messrs.
2411 3690 77 25 Ham-

1898 3724 125 32 mersley's,
2043 3725 52 23 Pall
2115 3724 60 24 Mall
2185 3733 7 20 ;
2220 3723 44 25 and
2283 3723 99 25 Messrs.
2403 3723 84 30 Smith,

1898 3758 86 31 Payne,
2005 3758 45 23 and
2068 3758 105 28 Smith's,
2196 3756 216 29 Lombard-street;
2443 3756 50 25 and-

1898 3791 47 24 that
1957 3791 166 31 subscriptions
2134 3791 29 23 be
2174 3789 104 26 received
2288 3794 23 20 at
2321 3789 66 25 those
2397 3789 89 30 Banks,

1898 3832 23 16 or
1939 3824 32 31 by
1989 3824 39 23 the
2047 3824 128 32 Secretary,
2197 3824 23 23 in
2239 3823 66 24 order
2324 3828 23 19 to
2362 3830 66 24 carry
2438 3824 50 23 into

1898 3857 65 25 effect
1974 3857 39 24 the
2025 3857 87 32 objects
2125 3857 25 24 of
2165 3857 38 24 the
2216 3857 99 31 Society.

2166 3890 33 25 R.
2218 3890 83 30 FEW,
2319 3889 66 27 Horn
2399 3889 52 26 Sec.

1930 3923 83 25 March
2026 3926 40 26 20,
2082 3925 74 24 1840.

89 547 139 29 Markets,
247 547 61 23 Oct.
326 547 38 25 17.
367 559 32 4 —
402 545 51 24 The
463 549 66 27 great
538 552 107 24 pressure

56 581 35 23 for
103 588 81 23 money
199 580 45 24 had
261 580 126 23 somewhat
404 579 89 23 abated.
530 578 73 31 Many
623 579 25 22 of

56 613 38 24 the
105 614 140 23 necessaries
256 613 27 23 of
296 613 40 23 life
347 612 46 24 had
403 612 71 23 fallen
491 615 23 19 to
532 618 56 24 very
602 612 44 23 low

56 651 68 19 rates.
173 646 63 24 First
264 646 89 31 quality
380 645 60 23 flour
467 645 20 23 is
517 644 84 31 quoted
622 650 24 18 at

56 680 54 23 £24
131 682 50 21 10s.
195 680 38 23 the
246 684 38 18 ton
293 688 7 19 ;
324 678 94 31 Sydney
429 677 80 28 wheat,
523 679 35 22 4s.
573 682 22 18 to
608 681 36 20 ss.

55 712 39 23 the
105 712 82 24 bushel
196 721 6 20 ;
223 712 44 24 and
278 714 46 21 rice
336 717 24 18 at
378 711 36 24 Id.
435 715 23 18 to
479 708 54 33 l£d.
554 718 40 23 per
611 710 32 25 lb.

56 745 51 24 The
126 745 46 31 hay
189 746 93 23 harvest
300 745 45 23 had
367 743 154 29 commenced,
545 743 45 24 and
607 744 38 24 the

56 785 53 25 crop
121 787 47 15 was
180 783 60 19 most
251 778 124 23 abundant.
412 777 76 31 Sugar
500 784 46 16 was
557 778 89 30 getting

56 819 85 21 scarce,
160 811 46 24 and
223 812 47 22 into
288 811 43 23 few
350 809 82 25 hands.
468 809 53 25 The
538 810 66 24 stock
623 811 26 23 of

55 849 37 19 tea
105 852 46 16 was
160 843 155 31 diminishing,
326 844 43 23 but
376 843 63 24 there
446 851 46 16 was
501 851 28 16 an
537 848 110 27 apparent

56 879 92 29 anxiety
166 885 31 16 on
207 877 38 24 the
256 881 52 27 part
320 877 26 23 of
360 876 92 24 holders
462 881 25 19 to
498 876 69 24 make
578 877 67 29 sales,

55 910 74 24 which
142 911 106 32 operated
260 918 30 16 on
307 910 83 32 prices.
428 910 86 31 Spirits
529 917 59 16 were
606 910 40 23 de-

56 944 93 31 clining,
163 944 44 24 and
220 952 40 15 can
273 943 53 31 only
336 943 30 23 be
378 942 50 24 sold
446 944 31 29 by
495 943 79 30 giving
591 943 56 31 long

56 977 78 24 credit.
172 977 51 23 The
233 976 118 30 following
362 976 20 23 is
394 976 60 23 from
468 983 14 16 a
499 975 45 24 late
564 976 81 23 Liver-

54 1011 51 29 pool
119 1018 70 23 paper
205 1022 34 4 —
264 1009 52 23 The
327 1009 77 23 Lords
419 1009 25 22 of
463 1008 41 23 her
523 1008 123 31 Majesty's

55 1042 117 32 Treasury
194 1042 57 23 have
273 1042 98 30 granted
392 1042 139 30 permission
553 1045 23 19 to
597 1042 49 23 mix

54 1076 127 31 plantation
193 1083 49 15 rum
254 1075 56 23 with
322 1074 105 31 whiskey
438 1075 23 21 in
473 1074 68 29 bond,
560 1074 35 24 for
608 1074 38 24 the

54 1116 99 24 purpose
172 1109 25 23 of
217 1114 74 17 stores
309 1116 25 15 or
354 1108 151 30 exportation.
541 1107 25 24 A
582 1107 64 31 large

55 1143 104 30 quantity
171 1143 21 22 is
202 1149 50 16 now
271 1142 25 22 in
315 1148 79 16 course
414 1141 26 23 of
458 1142 146 29 preparation
621 1142 25 22 in

54 1175 39 24 the
105 1177 90 30 vatting
213 1175 144 31 department
374 1173 25 24 of
420 1174 88 23 several
525 1174 121 24 wholesale

89 1249 37 31 By
145 1249 39 23 the
199 1256 81 24 papers
300 1248 25 24 of
345 1248 38 24 the
403 1248 59 24 26th
482 1248 108 29 October,
611 1256 34 16 we

54 1283 48 22 find
114 1283 38 22 the
162 1282 96 23 Council
270 1289 47 16 was
329 1282 125 31 adjourned
464 1283 49 22 sine
522 1281 37 24 die
571 1289 27 16 on
606 1282 39 23 the

56 1316 68 24 23rd.
162 1315 38 24 On
222 1316 50 22 that
294 1315 52 30 day,
366 1315 48 23 Mr.
435 1315 70 23 Jones
529 1315 80 23 moved
632 1324 14 14 a

55 1350 71 22 series
145 1349 25 22 of
190 1348 136 23 resolutions
346 1349 23 22 in
388 1349 128 22 connexion
534 1348 54 23 with
606 1348 39 23 the

55 1381 90 32 Report
167 1382 26 23 of
218 1382 38 22 the
280 1381 162 30 Immigration
465 1381 144 24 Committee.
611 1394 35 4 —

55 1416 98 30 Arising
164 1419 40 19 out
221 1414 26 23 of
263 1422 62 15 some
345 1415 156 22 observations
520 1414 68 23 about
608 1414 38 24 the

55 1448 68 24 Land
135 1448 76 28 Fund,
222 1448 37 23 his
272 1447 141 31 Excellency
432 1448 50 22 said
503 1448 16 22 it
537 1451 62 19 must
617 1448 29 23 be

55 1482 125 30 extremely
192 1481 144 31 satisfactory
347 1485 22 18 to
383 1481 38 22 the
434 1481 97 23 Council
543 1486 22 17 to
578 1481 67 23 know

55 1515 50 23 that
115 1514 29 24 he
157 1514 109 32 expected
277 1514 38 24 the
328 1514 52 23 land
394 1514 56 23 fund
462 1514 34 23 for
508 1514 37 23 the
552 1520 94 25 present

54 1556 60 23 year,
120 1553 23 18 to
156 1552 93 19 amount
261 1553 23 18 to
300 1549 133 26 £350,000
453 1556 24 15 or
496 1548 147 29 £400,000;

54 1581 38 23 the
103 1581 46 23 last
160 1583 54 21 time
232 1581 38 23 the
289 1586 108 18 accounts
416 1589 59 15 were
493 1580 77 24 before
588 1581 56 29 him,

54 1614 38 23 the
113 1619 94 19 amount
225 1614 100 31 actually
344 1614 53 31 paid
416 1615 47 22 into
483 1614 38 23 the
541 1614 104 24 Colonial

54 1647 117 31 Treasury
190 1648 35 23 for
242 1639 75 31 lands*
326 1655 46 15 was
391 1648 140 28 £300,000.
576 1648 69 24 Since

54 1681 54 23 then
120 1681 64 24 there
194 1681 45 23 had
250 1681 59 23 been
321 1681 66 24 other
397 1681 54 23 land
466 1681 67 28 sales,
554 1681 43 23 and
614 1681 31 24 he

53 1713 44 25 had
116 1715 50 23 that
184 1715 107 30 morning
306 1714 103 23 received
428 1722 29 15 an
477 1719 96 18 acconnt
591 1715 25 23 of
632 1723 14 15 a

53 1748 47 23 sale
113 1748 23 23 in
148 1756 14 15 a
173 1756 50 15 new
233 1752 53 26 part
304 1747 27 23 of
352 1747 38 23 the
410 1752 102 26 country,
533 1747 113 24 Portland

54 1780 57 31 Bay,
132 1781 72 23 which
223 1780 123 24 amounted
364 1785 23 19 to
407 1781 122 29 £17,000.
571 1780 73 24 Town

53 1814 130 24 allotments
195 1815 23 22 in
230 1814 38 23 the
280 1813 118 32 projected
411 1818 61 19 town
484 1814 26 23 of
525 1813 118 31 Portland,

53 1847 74 24 where
140 1848 62 23 there
214 1849 19 22 is
247 1852 40 19 not
299 1855 13 16 a
324 1848 73 30 single
409 1848 80 28 house,
501 1848 44 23 and
557 1853 23 18 at
590 1855 54 24 pre-

53 1886 51 18 sent
115 1889 30 15 no
158 1881 158 24 Government
328 1880 182 29 establishment,
522 1881 38 23 the
571 1882 73 30 police

52 1915 142 30 magistrate,
218 1914 111 31 although
347 1914 131 31 appointed,
503 1919 39 18 not
559 1915 86 30 having

52 1952 39 26 yet
103 1948 96 29 arrived,
212 1947 39 24 the
262 1947 65 31 place
340 1949 23 22 in
374 1947 48 23 fact
433 1947 69 31 being
510 1947 59 23 little
580 1956 64 15 more

53 1980 56 24 than
121 1989 13 16 a
146 1981 82 29 desert,
244 1980 92 24 fetched
354 1980 105 31 upwards
479 1981 24 22 of
524 1981 71 24 £500
614 1989 30 15 an

52 2021 67 20 acre;
139 2018 84 25 twenty
236 2021 64 14 acres
313 2013 86 29 having
416 2013 91 22 fetched
519 2015 123 25 £11,000.

52 2057 34 4 —
87 2045 29 22 In
129 2045 138 30 adjourning
277 2045 39 22 the
503 2045 141 30 Excellency
651 2047 2 24 |

53 2078 119 27 observed,
181 2078 38 22 the
230 2077 97 23 Council
338 2077 87 30 having
435 2085 51 15 now
504 2078 98 22 finished
614 2078 30 22 all

53 2111 38 22 the
104 2111 105 22 busiuess
221 2111 77 22 before
311 2111 70 27 them,
401 2110 29 23 he
450 2109 67 24 could
536 2110 52 30 only
606 2118 38 16 re-

52 2149 54 18 turn
118 2144 38 23 the
169 2144 113 23 members
297 2143 85 23 thanks
403 2144 35 22 for
458 2143 58 23 their
536 2144 108 30 punctual

53 2177 134 24 attendance
200 2177 82 31 during
295 2177 38 22 the
350 2177 117 22 laborious
486 2177 94 28 session,
601 2178 44 22 and

54 2210 34 24 for
100 2210 38 24 the
158 2215 91 19 earnest
267 2210 45 23 and
332 2210 116 31 impartial
467 2210 111 23 attention
597 2210 49 24 that

53 2244 55 30 they
119 2244 47 23 had
176 2243 52 32 paid
240 2248 23 19 to
275 2243 39 23 the
327 2243 105 23 different
444 2251 116 15 measures
571 2244 75 23 which

52 2277 29 23 he
94 2277 45 23 had
156 2277 101 30 brought
273 2277 79 23 before
371 2276 71 24 them.
479 2276 52 24 The
550 2277 96 24 Council

53 2311 46 22 had
109 2311 84 31 passed
204 2310 148 30 thirty-three
364 2310 78 31 public
454 2309 45 24 and
506 2310 44 23 five
557 2311 88 30 private

53 2348 56 24 acts,
122 2344 46 23 and
179 2349 107 26 amongst
297 2344 62 22 them
374 2343 76 23 would
460 2344 30 22 be
500 2343 72 23 found
583 2351 63 17 some

54 2377 25 23 of
94 2377 39 24 the
143 2381 102 27 greatest
254 2378 150 30 importance.
441 2377 98 23 Besides
551 2377 37 23 the
597 2383 49 18 acts

53 2410 90 32 passed,
156 2419 63 15 some
235 2418 56 23 very
308 2411 126 30 important
452 2418 55 15 ones
524 2410 45 23 had
588 2412 56 22 been

53 2444 130 31 suspended
192 2453 5 19 ;
218 2443 54 31 they
284 2451 59 16 were
354 2448 41 19 not
413 2443 141 29 abandoned,
574 2443 35 24 for
628 2445 18 22 it

53 2485 47 15 was
122 2477 36 24 his
181 2478 113 22 intention
318 2481 23 19 to
363 2481 94 28 present
481 2477 61 23 them
565 2481 22 19 to
607 2478 39 23 the

54 2511 96 23 Council
169 2511 68 31 again
257 2515 56 18 next
332 2511 96 28 session,
447 2511 21 22 if
490 2511 39 22 the
549 2511 96 24 Council

52 2544 122 24 continued
186 2544 100 31 charged
297 2544 55 22 with
364 2544 30 22 its
408 2549 93 26 present
519 2544 123 24 functions.

53 2577 39 24 He
103 2585 47 16 was
162 2586 25 15 as
199 2578 97 22 anxious
308 2584 26 16 as
346 2585 46 22 any
403 2584 43 16 one
458 2582 23 18 to
493 2585 38 15 see
550 2586 13 15 a
581 2586 63 15 more

51 2611 114 23 extended
175 2610 132 32 legislature
319 2610 147 29 established,
479 2610 35 24 for
535 2619 32 21 as,
588 2612 54 22 dur-

51 2644 40 31 ing
113 2645 37 22 his
171 2648 157 27 government,
352 2644 39 23 the
416 2644 78 30 colony
517 2644 45 24 had
585 2645 57 23 been

51 2677 102 25 divested
165 2678 25 23 of
204 2679 30 22 its
245 2678 69 31 penal
326 2677 125 29 character,
471 2677 29 24 he
512 2682 62 20 must
586 2686 55 16 con-

50 2711 48 23 fess
120 2711 49 24 that
192 2711 28 23 he
239 2711 45 23 had
303 2718 30 16 an
345 2711 111 23 ambition
467 2710 50 25 that
529 2712 18 22 it
559 2711 82 24 should

50 2744 29 23 be
101 2744 96 24 marked
218 2744 31 31 by
273 2744 39 24 the
335 2744 156 24 introduction
514 2745 26 23 of
560 2746 81 31 purely

52 2777 88 24 British
152 2779 151 22 institutions.
341 2777 41 24 He
395 2777 66 24 could
472 2782 40 19 not
524 2778 65 23 allow
601 2779 40 24 the

52 2811 98 24 Council
162 2815 23 19 to
197 2815 104 27 separate
313 2810 98 24 without
427 2811 134 32 remarking
578 2820 63 23 upon

52 2844 38 24 the
102 2849 101 19 extreme
214 2844 145 32 punctuality
373 2844 25 23 of
412 2845 122 22 members*
550 2847 91 22 attend-

51 2885 64 22 ance,
127 2878 112 36 for^when
251 2878 20 22 it
282 2885 46 15 was
340 2877 138 23 recollected
488 2878 51 22 how
552 2878 64 31 large
628 2887 14 15 a

51 2911 97 23 number
158 2919 45 15 was
214 2911 111 30 requisite
338 2914 22 19 to
374 2910 57 24 form
451 2919 14 15 a
484 2919 103 23 quorum,
612 2920 29 15 no

50 2944 48 24 less
110 2944 55 24 than
178 2949 38 18 ten
229 2948 40 19 out
281 2944 26 23 of
322 2944 112 28 fourteen,
447 2944 44 23 and
503 2944 50 24 that
560 2944 84 32 during

51 2977 39 24 the
102 2982 90 26 greater
204 2981 53 27 part
273 2977 26 23 of
315 2976 38 24 the
371 2979 89 21 session
479 2985 42 16 one
540 2978 102 23 member

51 3018 46 16 was
109 3012 81 22 absent
202 3011 59 23 from
271 3010 81 24 illness
359 3019 6 20 ;
385 3010 29 24 he
427 3010 38 23 did
477 3010 66 24 think
562 3012 19 22 it
600 3019 41 16 ex-

51 3044 97 31 tremely
160 3044 124 23 creditable
295 3043 50 24 that
364 3044 24 23 in
410 3052 13 15 a
441 3045 90 22 session
551 3044 25 23 of
590 3045 52 31 fifty

51 3076 65 32 days,
129 3078 39 23 the
181 3078 96 23 Council
294 3077 84 24 should
395 3077 58 24 have
471 3077 57 24 been
548 3078 51 24 able
618 3083 23 19 to

51 3111 99 30 proceed
160 3114 23 19 to
193 3111 108 23 business
312 3118 28 16 on
348 3118 68 23 every
425 3112 104 22 occasion
540 3111 41 24 but
588 3119 51 16 one.

52 3142 112 25 Whether
176 3143 38 23 the
227 3144 98 23 Council
336 3144 84 23 should
438 3149 59 20 meet
515 3145 75 30 again,
616 3153 26 15 or

51 3176 103 24 whether
177 3176 63 24 there
264 3176 83 24 should
369 3177 30 24 be
421 3186 14 15 a
453 3186 63 15 more
529 3178 113 24 extended

52 3209 141 31 legislature,
207 3209 28 24 he
249 3209 68 24 could
327 3215 40 18 not
379 3218 48 23 say,
439 3211 42 24 but
493 3211 29 24 he
533 3211 41 24 felt
586 3220 55 15 con-

52 3243 73 24 fident
148 3243 49 23 that
218 3250 15 16 a
250 3250 64 16 more
333 3244 113 24 extended
456 3245 61 31 body
528 3245 74 24 would
613 3246 29 23 be

53 3277 100 24 efficient
172 3285 25 15 so
213 3276 36 23 far
268 3283 25 16 as
310 3276 19 23 it
343 3284 54 24 may
409 3277 95 32 embody
517 3286 84 23 among
612 3280 30 22 its

53 3311 115 23 members
180 3309 65 24 those
256 3317 97 24 persons
360 3310 50 23 who
418 3310 57 24 have
483 3312 94 23 become
585 3313 59 23 used

53 3347 23 20 to
88 3344 78 31 public
176 3343 108 24 business
298 3344 29 30 by
339 3342 60 25 their
409 3344 134 24 attendance
560 3346 25 23 in
604 3346 38 24 the

52 3382 95 26 present
159 3376 104 25 Council.

87 3417 51 25 The
150 3417 48 25 Bill
208 3417 37 24 for
256 3417 89 31 raising
355 3416 40 24 the
407 3417 75 23 duties
499 3417 42 24 has
559 3419 85 31 passed

53 3450 38 25 the
103 3450 83 25 second
197 3450 104 32 reading,
324 3450 45 24 and
380 3450 124 24 the-duties
526 3459 36 16 are
581 3452 63 24 fixed

53 3491 26 17 as
90 3484 100 24 follows:
192 3497 35 4 —
228 3484 72 31 Upon
312 3483 31 24 all
355 3483 79 32 spirits
446 3483 38 24 the
502 3484 100 31 produce
621 3486 26 23 of

52 3516 40 25 the
103 3517 89 24 United
204 3516 128 33 Kingdom,
346 3525 26 15 or
383 3516 39 25 the
434 3516 67 24 West
514 3517 67 24 India
600 3518 44 24 and

53 3550 76 25 North
140 3551 126 24 American
282 3551 140 31 possesions,
441 3550 113 32 imported
573 3551 72 24 direct

51 3584 60 24 from
134 3584 72 24 Great
229 3584 98 30 Britain,
352 3586 29 22 9s
400 3591 14 16 a
430 3583 77 31 gallon
514 3593 6 20 ;
540 3591 62 24 upon
614 3585 30 24 all

52 3617 66 24 other
129 3618 87 31 spirits,
231 3620 43 22 12s
291 3625 14 16 a
321 3617 91 32 gallon;
439 3617 205 25 unmanufactured

51 3651 102 29 tobacco,
178 3654 27 21 Is
218 3651 44 29 6d;
282 3650 177 25 manufactured
481 3650 94 24 tobacco
599 3651 45 24 and

52 3684 68 29 snuff,
146 3687 40 26 2s;
206 3686 67 28 wine,
300 3686 33 29 15.
342 3688 114 27 percent,
479 3683 30 24 ad
527 3683 114 31 valorem;

51 3720 45 26 tea,
106 3725 77 23 sugar,
195 3718 75 31 grain,
284 3718 45 23 and
336 3718 67 29 flour,
417 3720 14 21 5
444 3725 42 24 per
493 3722 52 19 cent
551 3726 6 20 ;
578 3717 66 25 other

51 3750 72 31 goods
135 3755 38 19 ten
183 3758 42 24 per
241 3756 61 19 cent.

85 3783 188 25 Abolishment
282 3792 31 16 of
322 3784 247 25 Transportation.
571 3797 35 4 —
607 3784 36 32 By

51 3816 38 24 the
101 3821 75 28 report
188 3817 26 23 of
229 3817 39 24 the
286 3817 156 33 Proceedings
461 3818 25 24 of
501 3818 38 24 the
557 3817 85 32 Legis-
651 3812 2 19 '

50 3849 69 24 lative
133 3850 104 29 Council,
258 3850 123 32 published
392 3852 24 23 in
428 3859 41 16 our
480 3851 46 24 last
537 3852 104 29 number,

51 3890 42 17 our
104 3883 91 25 readers
206 3883 76 24 would
297 3885 105 30 perceive
419 3885 49 23 that
487 3884 155 32 Transporta-

51 3916 48 24 tian
119 3921 24 20 to
164 3916 49 25 this
237 3916 88 31 Colony
345 3916 43 26 has
411 3922 23 20 at
451 3918 45 24 last
514 3918 57 25 been
585 3918 56 25 done
651 3933 2 17 j

673 492 61 23 away
745 485 63 24 with.
844 484 69 25 After
934 485 40 23 the
998 487 39 21 Ist
1060 486 24 23 of
1099 486 94 31 August
1204 480 58 35 last/

673 525 28 15 no
723 519 101 22 convicts
842 526 60 16 were
919 522 24 19 to
959 518 29 23 be
999 523 54 18 sent
1062 519 59 23 from
1133 519 90 24 Britain
1234 523 22 20 to

673 550 44 24 this
730 551 97 31 Colony.
864 550 51 24 The
925 551 77 31 places
1013 551 77 25 where
1106 552 53 31 they
1177 561 38 15 are
1233 553 24 23 in

673 583 74 25 future
759 588 22 20 to
792 585 29 23 be
834 588 51 20 sent
896 588 23 20 to
930 592 40 16 are
980 583 55 25 Van
1047 585 120 24 Dieman's
1182 585 74 29 Land,

673 616 97 25 Norfolk
794 617 88 29 Island,
902 617 44 24 and
968 617 123 24 Bermuda.
1128 618 61 24 That
1211 618 46 24 this

673 649 44 24 will
728 650 28 24 do
768 650 39 24 the
820 650 88 31 Colony
920 649 60 32 good
990 651 25 23 in
1027 658 43 16 one
1081 656 96 26 respect,
1189 658 33 17 we
1229 651 28 24 do

673 687 39 19 not
734 683 77 29 doubt,
835 688 23 19 at
876 683 38 24 the
926 691 63 16 same
1001 684 55 23 time
1067 684 19 23 it
1097 689 62 19 must
1169 684 29 24 be
1209 686 48 22 evi-

673 715 60 30 dent,
745 715 52 24 that
808 724 27 16 an
847 717 104 23 increase
962 717 25 23 in
997 715 39 25 the
1049 717 96 24 number
1160 717 25 24 of
1200 719 56 22 emi-

673 754 76 25 grants
760 754 64 19 must
834 749 54 24 take
899 749 73 31 place,
989 757 25 16 or
1033 749 39 24 the
1092 750 87 31 Colony
1197 755 62 20 must

673 782 69 24 suffer
753 782 25 24 in
788 790 30 16 no
832 782 67 24 small
909 783 90 30 degree.

705 815 164 25 Important.
870 828 35 4 —
905 815 101 25 Advices
1023 816 58 24 have
1099 816 59 25 been
1172 818 85 23 receiv-

673 848 27 24 ed
710 849 25 23 in
757 849 94 31 Sydney
874 848 50 24 that
946 854 44 19 two
1012 849 64 32 large
1092 858 45 16 war
1150 855 108 19 steamers

673 889 51 24 may
734 882 28 23 be
775 882 109 32 expected
895 886 23 20 to
934 883 72 24 arrive
1017 883 60 24 from
1095 883 114 31 England,
1229 891 34 16 en-

673 919 62 19 route
748 919 22 19 to
783 915 82 29 China,
879 916 24 23 in
914 915 40 25 the
966 924 80 16 course
1064 916 26 24 of
1111 917 45 23 this
1170 917 87 28 month,

673 948 44 23 and
728 948 38 23 the
778 948 176 24 Commissariat
970 949 153 31 Department
1140 950 42 23 has
1199 949 59 25 been

673 980 98 24 directed
793 985 23 19 to
833 989 99 23 procura
951 990 13 15 a
982 982 83 31 supply
1082 983 25 23 of
1126 982 69 29 coals,
1214 983 44 23 and

673 1014 134 30 provisions.
862 1014 51 23 The
936 1015 136 23 Australian
1101 1015 157 31 Agricultural

673 1046 138 31 Company's
825 1046 179 25 Commissioner
1015 1048 43 23 has
1067 1048 59 24 been
1133 1049 125 23 instructed

673 1082 21 20 to
705 1079 57 24 have
775 1088 15 15 a
799 1080 63 31 large
875 1081 105 30 quantity
991 1081 24 23 of
1032 1081 61 23 coals
1105 1082 68 31 ready
1181 1082 32 32 by
1220 1082 38 24 the

673 1113 42 23 end
728 1112 24 24 of
766 1113 40 23 the
818 1113 87 29 month,
919 1114 45 23 and
975 1114 93 24 tenders
1079 1114 35 24 for
1126 1115 38 23 the
1176 1116 82 31 supply

673 1145 24 24 of
712 1154 42 15 one
765 1146 105 24 hundred
882 1147 45 23 and
937 1147 52 31 fifty
1004 1147 115 24 thousand
1133 1149 90 31 pounds
1236 1149 25 23 of

673 1179 81 24 biscuit
771 1180 45 24 and
838 1180 52 31 fifty
912 1180 115 24 thousand
1049 1181 88 31 pounds
1161 1182 26 23 of
1199 1183 60 23 flour

673 1211 55 25 have
739 1213 59 24 been
811 1213 71 24 called
893 1213 44 24 for.
981 1214 24 23 It
1023 1215 21 22 is
1067 1215 122 23 rumoured
1210 1215 50 24 that

673 1246 35 23 the
721 1251 109 19 steamers
842 1247 47 23 will
899 1247 69 31 bring
980 1251 78 27 troops
1072 1248 59 22 from
1150 1248 109 31 England

673 1279 42 23 and
728 1279 53 24 take
794 1280 38 23 the
844 1281 59 23 50th
915 1284 58 27 regt.
987 1288 30 15 on
1029 1284 24 20 to
1074 1281 80 24 China.
1157 1295 33 3 —
1190 1282 68 24 Syd-

673 1320 50 16 ney
736 1312 122 31 Herald,
872 1314 62 29 Oct,
948 1316 23 22 6.

706 1346 97 24 Public
814 1347 107 24 Money.
923 1359 34 4 —
957 1347 44 24 We
1009 1347 139 24 understand
1155 1348 49 24 that
1211 1348 47 24 His

673 1378 138 33 Excellency
823 1380 38 24 the
874 1381 120 23 Governor
1006 1380 42 24 has
1059 1382 68 29 given
1142 1383 73 22 notice
1234 1386 22 19 to

673 1413 35 23 the
721 1413 105 24 different
837 1413 89 30 Banks,
947 1413 48 24 that
1013 1415 26 22 in
1055 1415 76 22 future
1150 1415 37 23 the
1207 1415 49 23 Go-

673 1451 117 19 vernment
800 1452 63 18 must
870 1448 88 22 receive
971 1455 70 15 seven
1051 1455 42 23 per
1105 1453 51 18 cent
1167 1448 35 24 for
1218 1448 38 24 the

673 1479 74 31 public
759 1488 81 22 money
853 1480 74 23 which
939 1480 41 23 lies
992 1481 25 22 in
1028 1481 38 23 the
1075 1482 90 23 various
1171 1482 84 23 banks.

705 1512 190 25 Immigration.
896 1526 35 4 —
931 1513 44 24 We
987 1514 44 23 call
1049 1514 39 24 the
1105 1516 110 22 attention
1235 1515 25 23 of

673 1546 87 24 settlers
773 1552 22 18 to
808 1547 38 23 the
857 1547 46 23 fact
917 1547 25 23 of
956 1551 43 19 two
1011 1548 87 23 vessels
1110 1549 54 22 with
1181 1549 75 22 immi-

673 1585 75 27 grants
761 1579 50 31 (the
841 1580 64 23 Lord
912 1580 108 24 Western
1049 1581 44 23 and
1102 1581 36 24 the
1171 1582 86 23 Cham-

766 1613 70 31 being
847 1621 51 16 now
910 1615 25 22 in
952 1613 100 24 harbour
1070 1614 54 24 with
1143 1615 37 23 six
1197 1615 60 23 hun-

673 1646 53 24 dred
748 1647 64 23 souls
825 1654 29 16 on
864 1646 79 29 board,
963 1647 45 23 and
1019 1647 50 23 that
1091 1656 13 15 a
1126 1648 69 29 third,
1219 1648 39 23 the

693 1679 154 32 Elphinstone
898 1688 54 24 may
980 1681 28 23 be
1036 1681 81 31 hourly
1140 1682 116 30 expected.

673 1714 93 23 Settlers
791 1714 82 23 should
889 1714 50 23 lose
957 1722 30 15 no
1001 1715 54 23 time
1067 1716 24 21 in
1104 1716 154 30 empowering

673 1746 55 24 their
738 1752 81 26 agents
830 1752 23 19 to
865 1755 87 23 engage
961 1747 64 24 these
1033 1749 84 31 parties
1124 1757 7 20 ;
1151 1748 54 31 they
1213 1749 45 23 will

673 1780 24 24 be
706 1780 51 27 just
768 1780 25 23 in
806 1781 54 23 time
871 1781 36 23 for
920 1781 100 23 harvest.

812 1847 68 23 BAY
898 1847 45 23 OF
961 1847 154 23 ISLANDS.

701 1909 45 23 We
757 1909 59 23 have
823 1909 52 31 Bay
887 1909 25 24 of
928 1909 92 24 Islands
1030 1918 80 23 papers
1118 1914 23 19 to
1149 1909 38 24 the
1195 1911 64 24 22nd

671 1942 109 24 October.
816 1942 77 24 There
903 1942 45 24 had
959 1943 59 23 been
1026 1951 13 15 a
1048 1944 100 30 meeting
1155 1948 23 18 at
1186 1944 72 24 Coro-

669 1975 91 24 mandel
776 1975 110 24 Harbour
905 1984 30 15 on
953 1976 39 23 the
1010 1977 43 22 3rd
1072 1977 141 30 September,
1236 1982 23 19 at

670 2008 72 23 which
764 2008 137 23 resolutions
925 2016 58 15 were
1003 2009 83 30 passed
1109 2009 151 30 condemning

670 2041 38 21 the
720 2041 58 21 New
797 2041 101 21 Zealand
917 2040 79 22 Lands
1013 2041 56 21 Bill.
1105 2041 71 30 Upon
1194 2041 68 23 these

670 2072 138 23 resolutions
819 2080 13 15 a
844 2072 124 23 Memorial
980 2077 22 18 to
1015 2072 38 23 the
1062 2072 81 25 Queen
1153 2072 43 24 and
1203 2074 56 23 both

673 2105 93 23 Houses
777 2105 25 23 of
817 2105 148 28 Parliament,
978 2105 45 23 and
1037 2114 14 15 a
1069 2105 92 24 Protest
1178 2107 81 30 signed

672 2138 29 31 by
713 2138 38 23 the
763 2138 101 31 subjects
876 2139 26 23 of
917 2138 37 24 the
967 2139 88 23 several
1066 2140 88 23 nations
1164 2139 96 32 holding

672 2171 53 24 land
737 2172 71 28 there,
820 2172 47 23 had
877 2172 59 23 been
947 2172 118 31 prepared,
1079 2173 45 23 and
1134 2180 45 16 was
1190 2173 70 32 being

672 2205 81 30 widely
766 2205 123 24 circulated
899 2206 37 23 for
947 2206 125 30 signature.

705 2238 24 24 A
740 2238 77 31 public
828 2239 101 30 meeting
940 2239 45 23 had
997 2239 47 23 also
1056 2239 58 23 been
1124 2239 53 24 held
1185 2248 28 15 on
1222 2239 37 25 the

672 2279 61 16 same
746 2272 96 31 subject,
855 2276 24 19 at
888 2272 139 30 Mungonui,
1037 2273 23 22 in
1067 2272 125 24 Doubtless
1201 2273 57 31 Bay,

672 2312 29 16 on
709 2305 47 24 2nd
765 2305 108 23 October.
910 2305 34 24 At
955 2305 55 24 both
1022 2306 111 31 meetings
1142 2314 12 15 a
1162 2306 97 24 demand

671 2346 45 15 was
728 2339 67 23 made
812 2339 51 23 that
879 2339 59 23 New
957 2339 101 23 Zealand
1077 2339 80 24 should
1175 2340 27 23 be
1222 2348 36 15 re-

671 2371 77 24 leased
766 2372 59 23 from
844 2373 30 22 its
893 2373 127 23 connexion
1038 2372 55 23 with
1111 2373 57 23 New
1185 2373 73 24 South

671 2405 86 24 Wales.
795 2405 29 24 In
836 2405 45 24 this
894 2405 32 24 all
936 2405 112 24 residents
1060 2406 24 23 in
1096 2406 63 23 these
1167 2406 91 24 Islands

671 2443 61 19 must
745 2446 90 21 concur,
849 2446 25 16 as
886 2438 32 24 all
929 2443 61 19 must
1008 2439 57 29 fear,
1084 2439 19 24 if
1119 2447 33 16 we
1171 2441 87 23 remain

671 2472 135 31 dependent,
825 2472 57 23 after
893 2472 39 23 the
944 2479 112 25 expenses
1069 2472 24 23 of
1107 2473 151 32 maintaining

671 2514 40 14 our
724 2506 71 23 Local
808 2506 158 23 Government
976 2514 39 15 are
1027 2506 69 23 taken
1115 2511 39 19 out
1173 2507 25 23 of
1220 2507 37 24 the

670 2539 67 24 Land
747 2539 76 29 Fund,
834 2547 55 16 even
902 2539 38 24 the
952 2539 67 23 small
1031 2540 127 30 remaining
1168 2541 90 31 portion

670 2572 45 24 will
726 2577 41 19 not
778 2573 28 23 be
819 2572 94 24 devoted
927 2577 22 19 to
962 2572 38 24 the
1012 2573 125 30 legitimate
1149 2573 76 32 object
1237 2574 24 23 of

669 2606 153 31 immigration
845 2611 22 18 to
889 2606 46 23 this
959 2610 103 27 country,
1084 2606 42 24 but
1154 2606 46 24 will
1229 2608 28 23 be

669 2640 126 23 swallowed
809 2648 28 23 up
850 2641 23 21 in
886 2639 38 24 the
937 2640 94 30 Sydney
1044 2640 124 31 Treasury.

701 2680 44 23 We
757 2680 91 31 subjoin
861 2688 12 16 a
884 2680 44 24 few
940 2685 101 19 extracts
1056 2681 59 23 from
1127 2681 37 24 the
1208 2681 50 32 Bay

669 2714 26 23 of
710 2713 92 24 Islands

700 2754 50 24 The
757 2754 85 24 bakers
853 2754 24 23 of
886 2754 144 24 Kororarika
1039 2754 100 32 dropped
1145 2754 38 24 the
1191 2756 64 30 price

669 2788 22 23 of
706 2787 38 24 the
758 2788 47 24 41b.
816 2787 49 24 loaf
879 2788 60 24 from
951 2790 37 22 2s.
1002 2788 49 28 6d.,
1063 2788 73 24 which
1148 2788 42 24 has
1198 2789 58 23 been

669 2821 38 23 the
719 2822 64 31 price
795 2821 87 24 several
894 2821 100 29 months,
1013 2826 23 19 to
1055 2824 36 21 2s.
1109 2829 29 16 on
1156 2822 100 31 Monday

669 2854 50 24 last.

700 2887 65 24 Pork
776 2895 47 16 was
836 2888 76 23 raised
922 2892 23 19 to
958 2887 57 32 Sgd.
1035 2892 24 19 at
1074 2887 38 24 the
1128 2888 129 32 beginning

669 2921 24 23 of
708 2921 38 23 the
759 2921 71 23 week.
877 2921 70 23 Some
958 2921 55 23 beef
1032 2921 44 23 and
1093 2926 89 20 mutton
1198 2922 59 24 have

669 2954 54 23 been
736 2954 57 29 sold,
804 2954 38 23 the
851 2954 87 23 former
949 2958 24 19 at
986 2954 49 30 9d.,
1049 2954 37 24 the
1097 2954 67 25 latter
1177 2960 24 19 at
1216 2958 7 21 1
1232 2958 23 21 0.

701 2987 52 24 The
769 2987 87 32 barque
1125 2989 86 31 having
1229 2997 27 15 on

669 3021 68 23 board
761 3021 87 23 several
870 3021 89 23 officers
983 3021 27 23 of
1031 3021 38 24 the
1093 3021 162 30 Government,

669 3054 135 29 mechanics,
824 3054 126 29 labourers,
971 3055 53 28 &c,
1044 3054 113 25 anchored
1176 3056 24 23 in
1219 3055 37 24 the

669 3087 109 24 Harbour
790 3088 26 23 of
830 3087 146 29 Waitemate,
989 3096 31 15 on
1031 3088 107 32 Tuesday
1151 3089 38 24 the
1200 3091 29 22 15
1233 3088 23 24 th

669 3121 92 29 instant,
774 3120 44 24 and
830 3121 37 23 the
875 3121 44 23 site
926 3121 35 23 for
968 3121 39 24 the
1014 3121 107 25 intended
1128 3121 130 25 settlement

669 3162 28 16 on
717 3155 19 23 it
755 3154 79 24 shores
856 3154 86 32 having
963 3155 60 23 been
1045 3154 97 25 selected
1165 3156 31 30 by
1218 3155 38 24 the

669 3188 238 31 Surveyor-General,
920 3195 30 16 on
961 3188 87 31 Friday
1059 3188 38 24 the
1112 3189 57 23 18th
1179 3189 77 31 Sept.,

669 3226 22 19 at
710 3223 13 22 1
743 3229 68 24 p.m.,
832 3221 37 24 the
889 3229 122 23 ceremony
1029 3221 27 24 of
1075 3221 83 32 taking
1176 3222 82 24 formal

669 3255 130 31 possession
810 3255 25 23 in
848 3254 38 24 the
898 3262 66 16 name
975 3255 27 23 of
1016 3254 52 24 Her
1084 3255 110 32 Majesty,
1212 3263 46 16 was

669 3288 53 31 duly
743 3288 138 32 performed.
928 3287 52 25 The
998 3288 72 24 whole
1087 3294 68 26 party
1173 3289 85 31 having

669 3321 89 30 landed,
771 3321 39 24 the
821 3321 90 24 British
921 3322 47 31 flag
980 3330 46 16 was
1037 3321 91 25 hoisted
1139 3330 29 16 on
1176 3331 13 15 a
1196 3322 60 29 staff,

669 3355 90 24 erected
775 3363 29 16 on
822 3363 14 16 a
853 3355 56 24 bold
925 3360 154 27 promontary,
1100 3356 158 30 commanding

669 3397 13 15 a
693 3389 57 23 view
760 3389 25 23 of
799 3388 40 24 the
851 3389 72 23 entire
936 3388 119 25 Harbour.
1091 3389 51 24 The
1153 3389 48 32 flag
1211 3396 46 16 was

669 3422 153 31 immediately
834 3422 90 24 saluted
934 3422 32 31 by
978 3426 140 27 twenty-one
1128 3430 60 24 guns
1199 3422 59 24 from

669 3455 38 23 the
968 3455 106 24 followed
1083 3457 31 30 by
1126 3464 15 16 a
1151 3455 74 25 salute
1236 3455 25 24 of

669 3488 78 24 fifteen
757 3496 60 24 guns
828 3489 60 23 from
900 3489 38 24 the
948 3489 89 31 barque
1201 3489 57 24 after

669 3521 74 24 which
754 3522 42 23 her
808 3522 123 31 Majesty's
940 3522 78 24 health
1030 3530 45 16 was
1088 3522 74 24 drank
1178 3526 24 20 at
1220 3522 37 24 the

669 3554 46 24 foot
728 3555 26 24 of
776 3555 37 24 the
831 3555 120 31 flag-staff,
971 3555 46 24 and
1034 3556 94 30 greeted
1145 3556 30 30 by
1194 3555 63 24 three

669 3588 144 24 times-three
835 3589 82 31 hearty
940 3588 87 25 cheers.
1084 3589 59 24 The-

803 3621 55 24 then
868 3622 58 24 fired
945 3630 14 16 a
977 3622 74 24 salute
1070 3622 26 24 of
1110 3624 69 23 seVen
1197 3629 59 24 guns

669 3654 24 22 in
704 3654 88 24 honour
802 3655 26 23 of
844 3654 47 24 His
903 3655 141 30 Excellency
1056 3655 200 28 the-jLieutenant-

670 3687 126 29 Governor,
811 3689 73 23 which
901 3696 46 15 was
963 3688 128 31 responded
1146 3689 31 30 by
1193 3688 63 24 three

669 3720 80 32 hearty
762 3721 86 29 cheers,
862 3721 46 24 and
1011 3721 67 24 cheer
1198 3722 58 23 from

669 3753 64 24 those
747 3762 29 15 on
787 3754 75 23 shore.
907 3753 51 24 The
969 3758 68 27 party
1048 3755 54 22 then
1114 3755 108 23 returned
1233 3758 22 20 to

669 3786 37 24 the
976 3787 46 23 and
1034 3787 55 23 after
1101 3787 124 32 partaking
1234 3788 26 23 of

669 3819 119 30 luncheon,
802 3828 14 15 a
826 3824 89 27 regatta
926 3819 56 25 took
994 3820 64 32 place
1067 3820 101 25 between
1180 3829 15 15 a
1212 3821 44 24 five

669 3852 68 26 oared
748 3854 39 29 gig
798 3854 125 31 belonging
934 3857 23 19 to
969 3853 39 24 the
1016 3854 238 31 Surveyor-General,

669 3887 43 24 and
724 3894 15 16 a
749 3887 36 24 six
797 3886 68 25 oared
875 3887 40 31 gig
926 3887 125 31 belonging
1065 3892 23 19 to
1107 3887 39 24 the
1185 3887 76 35 Anna,

806 3920 56 24 both
880 3920 77 32 pulled
975 3920 26 24 in
1018 3920 113 25 excellent
1149 3920 58 32 style
1225 3920 35 32 by,

1284 491 121 21 amateurs.
1441 487 60 25 This
1510 496 47 16 was
1568 489 104 24 followed
1682 489 32 32 by
1726 498 14 16 a
1750 491 75 23 match
1832 491 36 23 for

1283 527 13 15 a
1311 527 69 23 purse
1399 521 26 23 of
1443 521 46 23 five
1507 522 90 30 pounds
1613 522 104 25 between
1735 527 43 20 two
1796 524 72 24 whale

1283 552 64 24 boats
1358 553 77 32 pulled
1453 554 31 31 by
1501 555 89 28 sailors,
1609 555 45 23 and
1668 555 32 32 by
1717 556 94 24 another
1825 557 43 24 be-

1283 589 71 20 tween
1366 591 44 19 two
1427 587 64 31 large
1507 595 83 16 canoes
1607 588 98 31 paddled
1723 589 30 31 by
1770 591 95 23 natives.

1283 617 54 25 And
1349 619 52 24 thus
1414 620 123 24 concluded
1550 620 39 24 the
1597 628 120 25 ceremony
1724 623 26 23 of
1757 623 112 31 founding

1283 650 38 24 the
1332 652 51 23 first
1394 653 89 23 British
1495 653 130 24 settlement
1641 655 137 24 established
1795 656 73 24 under

1282 683 38 24 the
1332 686 104 31 auspices
1447 686 26 23 of
1488 686 38 24 the
1538 688 164 28 Government,
1722 688 24 24 in
1761 688 44 24 this
1816 695 52 26 part

1282 717 27 23 of
1323 717 57 24 New
1392 719 101 23 Zealand
1502 728 6 15 :
1520 727 14 16 a
1545 727 120 24 ceremony
1677 721 39 24 the
1728 729 61 17 more
1796 724 71 23 inter-

1283 751 81 31 esting,
1376 759 26 16 as
1414 752 45 23 this
1472 752 131 24 settlement
1612 754 20 22 is
1650 754 108 24 intended
1775 755 35 25 for
1829 756 38 24 the

1281 782 76 25 future
1374 784 90 32 Capital
1483 786 26 23 of
1529 786 61 23 what
1607 794 34 16 we
1660 795 55 23 may
1732 793 93 20 venture
1843 794 24 19 to

1281 817 95 31 predict,
1388 818 54 30 will,
1455 826 43 16 one
1511 818 52 31 day,
1575 819 91 25 become
1679 828 14 16 a
1710 821 88 32 mighty
1817 830 49 16 em-

1281 851 57 30 pire.
1375 851 50 23 The
1434 852 89 23 officers
1531 853 26 22 of
1566 852 37 23 the
1612 853 156 25 Government
1775 860 92 26 present

1283 891 29 15 on
1335 882 38 25 the
1396 885 107 23 occasion
1525 886 114 24 consisted
1666 887 27 23 of
1723 887 38 24 the
1788 888 79 24 Police

1283 916 146 31 Magistrate,
1441 917 39 24 the
1495 918 104 24 Colonial
1611 920 113 30 Surgeon,
1744 921 38 24 the
1803 921 63 24 Har-

1281 950 162 30 bour-master,
1462 950 40 25 the
1521 952 195 31 Superintendent
1733 954 24 23 of
1771 954 94 30 Works,

1282 982 38 24 the
1333 983 59 24 Sub-
1396 984 120 24 Protector
1535 985 26 23 of
1580 985 147 32 Aborigines,
1751 987 38 24 the
1808 989 58 22 Sur-

1281 1016 184 30 veyor-General
1477 1017 45 24 and
1532 1017 38 24 his
1589 1018 73 32 Lady.
1664 1032 33 4 —
1700 1020 167 26 Correspon-

1283 1056 77 17 dent.

1314 1082 45 24 We
1370 1088 76 27 regret
1458 1088 23 19 to
1493 1092 42 24 say
1554 1085 50 24 that
1621 1086 38 24 the
1677 1091 89 27 reports
1785 1088 25 23 of
1825 1096 42 16 our

1274 1131 2 9 i
1281 1116 64 24 trade
1368 1121 23 19 at
1414 1117 38 23 the
1472 1123 96 25 present
1585 1124 102 19 moment
1705 1128 38 15 are
1763 1120 34 24 far
1808 1121 59 24 from

1283 1149 115 32 cheering.
1434 1150 52 24 The
1507 1150 115 25 Colonists
1640 1160 53 23 may
1713 1154 154 30 congratulate

1283 1190 41 16 one
1332 1183 95 25 another
1437 1184 21 23 if
1473 1183 39 24 the
1524 1184 95 32 Sydney
1626 1186 53 29 Act,
1691 1186 177 33 independently

1283 1216 24 23 of
1323 1216 37 23 the
1383 1218 97 30 positive
1503 1218 150 24 annihilation
1675 1219 55 24 with
1753 1220 72 24 which
1850 1222 19 23 it

1282 1249 118 25 threatens
1411 1255 115 27 property,
1541 1251 53 24 does
1604 1256 42 19 not
1657 1251 92 33 destroy
1761 1253 38 24 the
1812 1262 57 24 very

1280 1283 130 32 possibility
1421 1284 25 23 of
1460 1285 153 31 maintaining
1634 1286 39 23 the
1697 1288 127 29 operations
1846 1288 26 24 of

1281 1324 133 17 commerce.
1451 1317 52 24 The
1514 1318 77 31 injury
1602 1319 18 23 it
1639 1319 42 24 has
1700 1320 59 23 done
1777 1320 88 32 already

1281 1350 20 23 is
1313 1357 55 24 very
1376 1355 72 26 great,
1458 1351 32 31 by
1503 1350 37 25 the
1548 1352 126 24 overthrow
1685 1353 27 23 of
1724 1354 77 30 public
1813 1362 54 16 con-

1281 1383 96 24 fidence.
1413 1384 60 31 Aye,
1487 1384 45 24 and
1544 1385 48 23 that
1604 1386 77 31 injury
1692 1387 46 23 will
1757 1387 27 23 be
1803 1392 40 19 not
1855 1396 14 15 a

1281 1416 57 24 little
1349 1416 41 24 felt
1403 1422 22 19 at
1436 1417 95 33 Sydney
1541 1422 46 21 too.
1624 1419 24 24 It
1660 1427 58 16 were
1730 1420 67 23 much
1804 1425 23 19 to
1839 1422 29 22 be

1281 1449 89 24 desired
1382 1451 46 23 thai
1440 1450 159 32 Legislatures
1616 1452 75 24 would
1710 1453 53 24 look
1781 1454 51 23 well
1844 1459 23 19 to

1281 1483 55 24 All
1358 1483 39 24 the
1420 1491 168 25 consequences
1611 1486 26 23 of
1651 1486 61 24 their
1737 1488 94 23 actions.
1833 1500 36 5 —

1281 1516 235 26 Correspondent.

1315 1550 51 24 The
1379 1550 109 24 Custom-
1491 1550 82 25 House
1585 1552 20 23 is
1623 1559 51 18 now
1691 1553 70 31 being
1779 1554 90 24 erected

1281 1588 23 18 at
1316 1583 151 25 Kororarika.

1315 1617 131 24 Richmond
1469 1617 45 24 and
1538 1618 114 30 Samuels,
1677 1627 98 24 sawyers
1794 1621 23 23 in
1829 1620 39 24 the

1281 1651 90 31 employ
1383 1651 25 23 of
1423 1650 49 24 Mr.
1486 1651 71 30 Mair,
1570 1659 57 17 were
1640 1653 121 24 sentenced
1782 1658 22 19 to
1824 1659 43 18 two

1281 1684 90 23 months
1390 1685 177 30 imprisonment
1589 1686 34 23 for
1646 1686 141 31 absconding
1808 1687 60 24 from

1283 1717 57 23 their
1363 1717 66 24 hired
1459 1719 95 23 service.
1601 1719 24 23 It
1648 1721 22 22 is
1695 1724 40 19 not
1752 1721 116 31 generally

1283 1750 90 29 known,
1387 1751 109 31 although
1509 1761 13 14 a
1533 1752 46 23 fact
1596 1760 55 24 very
1670 1754 124 30 important
1810 1754 57 24 both

1283 1788 22 19 to
1319 1784 126 31 employers
1469 1785 44 24 and
1537 1785 60 24 their
1619 1791 111 24 servants,
1752 1787 49 23 that
1824 1796 44 23 any

1284 1825 82 23 person
1378 1819 106 31 entering
1495 1819 48 23 into
1564 1827 30 15 an
1613 1825 131 25 agreement
1761 1825 23 19 to
1803 1829 65 15 serve

1283 1851 34 23 for
1340 1859 13 15 a
1376 1853 86 22 certain
1483 1852 80 31 period
1582 1853 101 31 subjects
1703 1853 93 24 himself
1804 1858 23 19 to
1839 1854 29 24 be

1283 1884 137 32 imprisoned
1442 1886 37 23 for
1502 1893 13 16 a
1537 1886 79 31 period
1636 1891 39 18 not
1691 1887 124 31 exceeding
1831 1889 37 22 six

1283 1918 99 29 months,
1394 1918 20 23 if
1429 1918 30 25 he
1471 1919 94 23 absents
1577 1919 94 24 himself
1678 1920 60 24 from
1749 1920 36 24 his
1804 1921 64 23 work

1274 1944 2 28 !
1283 1956 22 18 at
1317 1959 45 24 any
1373 1952 54 23 time
1439 1952 85 32 during
1536 1953 38 23 the
1584 1953 80 31 period
1679 1953 30 24 he
1727 1953 40 24 has
1785 1954 84 31 agreed

1283 1989 22 19 to
1317 1993 64 15 serve
1392 1985 44 23 for.

1317 2018 87 23 Fatal
1416 2018 145 23 Accident.
1563 2032 33 4 —
1598 2019 39 22 On
1649 2019 104 31 Monday
1765 2020 36 23 the
1811 2020 58 23 11th

1283 2049 93 28 instant,
1390 2057 13 15 a
1413 2050 57 22 fatal
1482 2051 103 23 accident
1597 2051 109 23 occurred
1717 2059 28 15 on
1758 2052 36 22 the
1813 2053 57 23 road

1283 2081 101 24 between
1395 2081 109 24 Waimati
1524 2083 44 23 and
1589 2083 118 30 Kerikeri,
1731 2085 73 23 which
1827 2085 42 24 has

1284 2115 115 31 plundged
1410 2115 40 24 the
1460 2116 80 31 family
1552 2117 26 23 of
1592 2117 38 23 the
1643 2118 61 24 Rev.
1717 2118 48 24 Mr.
1776 2118 91 31 Taylor,

1284 2148 25 23 of
1329 2149 38 23 the
1392 2149 116 29 Waimati,
1537 2151 26 22 in
1585 2150 54 32 deep
1664 2151 102 24 distress.
1819 2152 48 24 Mr.

1284 2181 106 31 Taylor's
1402 2182 73 24 eldest
1486 2191 50 21 son,
1549 2192 14 15 a
1573 2184 44 30 boy
1630 2184 25 24 of
1672 2186 31 22 10
1715 2192 65 23 years
1793 2185 25 23 of
1827 2194 43 22 age

1284 2223 52 21 was,
1361 2215 55 24 with
1439 2220 45 19 two
1515 2217 85 30 youths
1624 2217 24 24 in
1671 2218 38 23 the
1740 2218 129 32 Seminary,

1284 2250 179 31 accompanying
1474 2250 37 23 his
1523 2250 74 24 father
1609 2255 22 19 to
1644 2256 61 18 meet
1723 2251 36 24 his
1778 2253 92 23 mother

1284 2283 44 22 and
1339 2283 74 28 sister,
1427 2291 30 15 on
1476 2283 59 24 their
1557 2288 79 19 return
1658 2284 59 23 form
1740 2285 97 31 Tepuna
1837 2299 34 3 —

1283 2316 66 23 while
1361 2317 75 30 riding
1459 2318 79 29 gently
1562 2318 74 30 along,
1662 2326 13 14 a
1698 2318 67 24 touch
1785 2319 60 23 from
1857 2328 14 15 a

1284 2350 79 23 switch
1375 2350 75 23 which
1462 2350 28 23 he
1502 2350 54 24 held
1567 2352 22 22 in
1604 2352 34 22 his
1650 2351 62 24 hand
1731 2352 82 23 caused
1832 2352 39 24 the

1284 2383 66 23 horse
1363 2388 23 19 to
1398 2388 57 19 start
1456 2397 34 3 —
1491 2384 28 23 he
1531 2384 47 29 fell,
1599 2385 45 23 and
1662 2392 46 16 was
1727 2385 102 32 dragged
1839 2386 32 31 by

1283 2416 38 23 the
1333 2418 93 30 stirrup,
1439 2417 39 24 the
1490 2418 85 23 animal
1586 2422 23 19 at
1620 2418 43 23 full
1669 2419 84 31 gallop,
1765 2419 35 23 for
1808 2427 63 16 more

1283 2450 53 23 than
1349 2459 14 15 a
1373 2450 105 24 hundred
1488 2452 77 30 yards,
1585 2452 65 23 when
1669 2452 37 23 his
1717 2452 48 24 foot
1777 2452 94 25 became

1283 2483 146 32 disengaged.

1317 2517 56 23 Two
1387 2517 191 27 Commissioners
1590 2526 38 16 are
1641 2526 63 16 come
1716 2519 64 23 down
1791 2519 32 32 by
1832 2519 39 25 the

1308 2550 55 24 Earl
1376 2551 26 23 of
1595 2552 43 23 We
1650 2552 29 23 do
1693 2557 38 18 not
1749 2552 68 24 know
1834 2553 37 24 for

1282 2584 61 24 what
1354 2592 106 24 purpose.
1498 2585 52 23 One
1563 2585 65 31 thing
1639 2593 35 16 we
1685 2594 52 23 may
1754 2586 59 31 hope
1825 2587 46 23 and

1283 2623 81 26 expect
1376 2624 23 18 at
1410 2617 67 31 least,
1497 2619 50 23 that
1560 2619 52 31 they
1624 2619 47 24 will
1684 2627 39 16 use
1743 2619 58 24 their
1820 2627 50 16 own

1284 2659 51 22 eyes
1349 2652 43 23 and
1401 2651 156 32 judgements,
1578 2652 44 24 and
1633 2653 51 23 that
1695 2653 54 31 they
1760 2653 46 24 will
1818 2654 52 31 give

1284 2684 38 24 Sir
1334 2685 91 31 George
1439 2685 75 32 Gipps
1526 2693 13 16 a
1550 2686 42 23 few
1604 2690 88 19 correct
1698 2686 61 23 ideas
1767 2686 23 24 in
1798 2688 73 23 refer-

1283 2726 53 16 ence
1360 2723 23 19 to
1406 2719 39 24 the
1469 2719 88 32 subject
1576 2720 25 23 of
1617 2719 142 32 Legislation
1777 2720 35 23 for
1825 2720 46 24 this

1283 2752 96 32 Colony.

1316 2786 39 23 On
1378 2786 87 31 Friday
1486 2786 53 29 last,
1565 2786 36 24 the
1624 2791 50 19 tent
1697 2790 59 20 store
1779 2787 26 23 of
1820 2787 49 24 Mr.

1281 2818 153 30 Williamson,
1448 2820 25 23 of
1488 2819 104 29 Russell,
1601 2827 48 16 was
1660 2820 88 23 broken
1757 2821 56 28 into,
1826 2820 46 24 and

1282 2852 69 24 about
1373 2854 54 24 £40
1450 2854 25 22 in
1498 2853 56 23 cash
1574 2860 47 16 was
1644 2853 74 23 stolen
1737 2853 132 25 therefrom.

1283 2885 101 33 Monday
1397 2887 127 27 afternoon,
1538 2886 62 24 three
1614 2886 95 24 soldiers
1723 2887 24 23 of
1762 2887 37 24 the
1813 2888 59 23 80th

1282 2918 132 32 Regiment,
1439 2920 113 24 stationed
1576 2924 23 20 at
1621 2920 105 29 Russell,
1760 2921 44 23 and
1827 2926 44 18 two

1281 2960 95 22 women,
1385 2961 59 16 were
1453 2953 70 24 taken
1531 2954 47 23 into
1587 2954 95 31 custody
1690 2958 22 19 at
1720 2954 151 30 Kororarika,

1282 2993 28 16 on
1323 2986 38 24 the
1374 2987 143 31 supposition
1530 2986 50 24 that
1596 2987 54 31 they
1675 2987 44 23 had
1742 2988 130 24 committed

1281 3019 38 24 the
1331 3020 105 31 robbery,
1456 3019 46 24 and
1512 3020 58 23 have
1588 3020 59 23 been
1664 3021 59 31 fully
1742 3021 131 24 committed

1280 3052 36 24 for
1327 3054 60 22 trial.

1316 3086 23 23 It
1350 3087 22 22 is
1383 3086 53 23 with
1450 3086 48 24 real
1518 3087 104 30 pleasure
1645 3094 35 16 we
1701 3087 71 29 learn,
1797 3087 50 24 that
1858 3096 14 15 a

1281 3127 55 23 very
1347 3120 63 31 large
1421 3120 91 31 portion
1525 3120 25 23 of
1566 3120 38 24 the
1622 3120 61 24 Bills
1704 3120 69 31 lately
1797 3121 74 24 stolen

1281 3152 57 24 from
1352 3153 38 23 the
1401 3158 74 18 stores
1488 3153 26 23 of
1535 3153 98 24 Messrs.
1648 3153 80 32 Spicer
1740 3154 44 24 and
1800 3154 71 25 Wea-

1281 3186 53 29 vell,
1347 3194 57 16 were
1416 3186 72 24 found
1500 3186 45 24 last
1562 3187 115 32 Saturday
1691 3188 107 31 morning
1817 3196 54 16 con-

1283 3219 75 24 cealed
1370 3219 73 24 under
1454 3228 13 15 a
1486 3219 44 24 tuft
1542 3220 26 23 of
1582 3228 65 23 grass
1667 3221 23 23 in
1713 3221 157 32 the~Swamp,

1281 3252 31 31 by
1323 3261 14 15 a
1347 3254 76 22 native
1435 3254 45 31 boy
1490 3253 125 32 belonging
1626 3258 24 19 to
1669 3254 48 24 Mr.
1730 3254 141 25 Knowland.

1316 3286 43 23 We
1373 3294 37 15 are
1422 3286 108 31 gratified
1540 3290 23 20 to
1575 3287 55 23 hear
1643 3287 50 24 that
1704 3287 73 32 Judge
1792 3288 80 24 Willis

1281 3320 21 22 is
1314 3320 123 31 appointed
1449 3325 22 19 to
1484 3320 46 24 this
1543 3320 96 32 Colony,
1653 3321 45 23 and
1709 3321 50 24 that
1770 3321 28 25 he
1811 3323 21 23 is
1848 3327 24 19 to

1281 3353 105 23 itinerate
1397 3353 102 31 through
1511 3353 31 24 all
1552 3358 63 30 parts
1629 3353 26 24 of
1662 3354 40 24 the
1709 3354 87 25 Island.
1827 3355 45 24 We

1283 3386 59 24 shall
1352 3394 59 21 now,
1430 3386 126 29 doubtless,
1580 3386 57 24 have
1660 3395 15 15 a
1697 3388 71 23 Court
1780 3388 27 24 of
1821 3388 50 24 Re-

1283 3424 85 27 quests,
1390 3420 25 23 in
1427 3419 75 24 which
1513 3420 67 23 small
1592 3421 66 23 debts
1672 3428 51 24 may
1731 3421 27 24 be
1766 3429 105 16 recover-

1283 3452 35 30 ed,
1331 3453 45 23 and
1387 3452 40 24 the
1440 3453 79 23 Police
1531 3453 45 23 and
1587 3454 66 23 other
1670 3454 77 31 public
1764 3454 108 24 business

1282 3486 47 23 will
1340 3487 28 22 be
1379 3490 43 27 put
1433 3494 63 23 upon
1509 3495 13 14 a
1532 3487 74 23 better
1618 3487 98 32 footing.

1316 3519 51 23 The
1379 3519 141 24 Lieutenant
1532 3520 120 24 Governor
1663 3521 44 23 left
1717 3520 39 25 the
1773 3521 51 32 Bay
1836 3522 35 23 for

1282 3553 38 24 the
1333 3553 103 23 Thames
1448 3553 24 23 in
1483 3553 40 24 the
1557 3553 108 24 Favorite
1699 3562 30 15 on
1740 3555 95 31 Friday.

1315 3586 25 24 A
1352 3586 178 32 correspondent
1547 3591 106 27 requests
1672 3595 27 16 us
1717 3592 23 19 to
1758 3589 112 28 mention,

1282 3619 50 24 that
1353 3620 61 28 itjr4§
1437 3620 25 23 in
1485 3621 179 30 contemplation
1685 3625 24 19 to
1731 3621 110 24 establish
1858 3629 14 16 a

1281 3653 76 23 Bread
1367 3652 118 33 Co'm.pany
1493 3657 24 19 at
1524 3653 150 30 Kororarika,
1684 3654 24 23 in
1716 3662 156 24 consequence

1282 3687 26 22 of
1323 3686 38 24 the
1371 3687 64 31 prise
1447 3687 25 23 of
1486 3686 70 24 bread
1564 3690 23 20 at
1594 3690 93 28 present
1694 3687 68 31 being
1768 3696 26 15 so
1802 3688 69 24 much

1281 3719 83 32 higher
1375 3720 56 23 than
1444 3723 23 20 at
1479 3719 102 32 Sydney.

1314 3753 45 24 We
1380 3752 59 24 have
1462 3758 24 18 to
1509 3752 80 24 record
1610 3760 14 17 a
1646 3758 62 19 most
1726 3754 145 32 melancholy

1281 3791 67 19 event
1360 3786 49 24 that
1432 3786 99 24 occured
1554 3795 29 15 on
1606 3786 115 31 Saturday
1743 3788 53 28 last,
1825 3788 46 23 and

1281 3819 134 24 occasioned
1427 3819 37 24 the
1475 3819 67 24 death
1554 3819 25 24 of
1596 3819 97 32 Captain
1700 3820 60 24 John
1768 3820 102 25 Robert-

1281 3861 50 16 son.
1368 3852 48 24 His
1427 3848 132 40 boat^ijpset
1571 3854 24 23 in
1605 3861 15 15 a
1631 3853 87 24 sudden
1730 3854 76 31 squall
1824 3854 45 24 and

1279 3886 110 31 instantly
1402 3885 157 33 disappeared.
1596 3885 40 25 He
1648 3894 45 16 was
1712 3887 38 24 the
1772 3887 96 24 seventh

1281 3927 40 17 son
1330 3920 26 24 of
1364 3920 38 24 the
1413 3919 60 25 Rev.
1482 3918 104 26 William
1594 3920 137 29 Robertson,
1746 3920 25 25 of
1781 3920 88 26 Friar's
1876 3931 2 18 i
