3320 4270
208 213 264 64 Hot
560 213 440 64 Lakes
1088 213 880 64 Chronicle.

461 387 214 45 A.3Snp
729 389 501 40 TOURISTS'
2105 392 483 41 JTOTTJRISTJ^Xjn

478 501 449 87 Circulating
948 502 454 86 throughout
1425 502 127 68 the
1576 501 287 68 Tourist
1908 502 304 70 Resorts
2260 504 81 68 of
2376 506 124 68 the
2547 506 269 72 World.

101 657 52 19 VOL.
168 659 18 14 4.
216 654 39 19 No.

1333 654 138 21 EOTOBUA,
1488 654 58 19 N.Z.,
1564 653 187 21 WED'.ESDAY,
1769 653 61 18 MAY
1844 654 17 21 6,
1881 654 49 17 1890

2868 663 256 25 PKIOE—THBEEPEN
3129 670 33 18 CE.

101 740 21 26 BY
134 738 83 24 SPECIAL
243 738 73 41 gm
329 738 149 24 APPOINTMENT

127 787 55 27 ASK
207 786 145 25 GROCERS
378 786 55 25 FOR

129 1053 156 26 CEYLON

130 1088 129 25 INDIAN
291 1087 29 26 &

128 1124 180 24 BLENDED

203 1162 152 19 AWARDED

108 1190 62 24 GOLD
181 1189 55 24 AND
247 1190 97 23 SILVER
355 1190 109 23 MEDALS

120 1231 54 25 Why
188 1230 45 26 buy
249 1230 96 21 Inferior
359 1230 55 21 Teas
429 1231 64 20 when

84 1265 32 21 you
129 1263 38 14 can
182 1258 35 24 get
233 1257 23 20 N.
273 1257 26 20 M.
316 1256 18 20 &
349 1256 54 21 Co.'a
417 1258 25 19 at
456 1257 37 20 the

84 1289 46 18 same
144 1284 64 25 price.
242 1282 34 21 All
291 1282 78 21 others
387 1289 39 14 are
440 1284 52 25 only

84 1312 57 24 copies
159 1310 20 19 in
201 1315 72 17 name,
288 1310 44 19 and
354 1315 38 14 are
407 1309 85 25 pushed

84 1339 25 20 for
120 1337 59 20 extra
193 1336 73 25 profit.

121 1372 10 11 A
141 1370 41 17 proof
193 1370 16 12 of
221 1370 26 13 t.ho
259 1369 94 17 superiority
365 1369 16 12 of
389 1369 19 13 N.
421 1369 20 14 M.
450 1369 11 14 A

108 1388 33 13 Co.'s
150 1387 37 12 Teas
194 1387 12 12 is
216 1387 26 12 tlio
252 1387 31 12 fact
293 1386 34 13 that
336 1385 74 16 although
418 1386 43 13 there

107 1408 22 9 are
136 1402 75 14 hundreds
222 1403 16 12 of
250 1403 54 15 packet,
314 1403 32 12 teas
358 1406 19 9 on
389 1402 26 12 tlio
425 1406 27 8 mar-

108 1421 26 14 ket,
151 1420 17 13 K.
181 1419 20 14 M.
215 1419 11 13 Ic
241 1419 40 13 Co.'s
296 1419 38 13 Teas
349 1422 27 9 are
391 1418 15 14 in
425 1418 37 14 such

108 1437 56 12 dcniaml
174 1435 33 13 that
220 1435 36 16 they
268 1435 28 13 Re.l
309 1435 53 15 nearly
374 1435 88 13 one-fourth

108 1453 13 14 of
135 1453 24 12 tlio
176 1452 48 13 whole
242 1452 15 13 of
274 1451 27 14 tlio
319 1453 25 11 tea
361 1451 86 14 cour,ume<i.

85 1473 86 25 SOLD
208 1470 279 25 EVERYWHERE

74 1580 129 255 !Di
216 1587 56 24 not
285 1586 118 30 Forget

155 1634 249 47 CRAIG'S

124 1698 159 20 CURIOSITY
303 1698 80 18 SHOP
402 1697 45 18 and

211 1725 140 22 MUSEUM,

144 1766 110 23 Opposite
261 1765 79 18 Grand
347 1764 76 23 Hotel,

113 1806 116 26 PRINCES
241 1806 44 28 ST,
296 1804 169 26 AUCKLAND.

159 1870 4 19 =
167 1870 22 18 -.-;
310 1879 5 5 -
326 1870 176 19 «-.yr.^Jj«fSo«^|

156 1929 138 16 INSUR6
320 1929 92 15 .inilXH

85 1963 118 18 THESOUTH
213 1962 95 18 BRITISH
316 1962 77 16 FIRE&
403 1961 98 17 MARINE

144 1985 38 16 Coy.
194 1985 29 16 OF
235 1983 54 17 NEW
299 1983 121 17 ZEALAND.

85 2007 55 17 Catimi

120 2027 85 17 rjitlimited
221 2027 73 20 linbility
303 2026 19 17 of
328 2025 128 18 Siar<-)inlden».

86 2049 43 18 Beinst
135 2055 7 10 n
151 2048 74 17 Colonial
240 2048 102 16 Institution
356 2047 62 16 Profits
432 2053 28 10 mo
473 2047 17 16 in-

215 2069 57 16 vested
281 2069 67 20 1..i-ully.

87 2092 36 15 Head
136 2091 49 16 Office
409 2089 90 16 Auckland

87 2113 37 16 Local
132 2115 45 18 agent
360 2111 8 15 T
387 2111 25 17 W.
422 2110 77 21 WnuJey

90 2174 188 46 Rotopua
302 2171 195 47 Sawmill

156 2230 245 54 Company.

93 2317 100 25 fT/HITE
207 2318 52 17 AND
278 2317 52 17 RED
348 2316 63 17 PINE
431 2316 19 17 of
467 2316 32 17 the

95 2334 24 25 \>
156 2341 53 18 finest
217 2340 74 23 quality
299 2339 38 18 and
351 2339 92 23 carefully
459 2340 38 17 cut.

251 2363 64 18 ALSO

87 2390 70 29 Matai,
188 2392 125 26 Pukatea,
342 2390 51 23 and
420 2390 79 23 Tawa

116 2422 119 29 Shingles,
246 2422 116 28 Palings,
376 2420 95 23 Blocks

210 2453 50 22 and
268 2452 83 22 Posts-

105 2484 15 18 A
130 2484 47 25 good
188 2484 38 18 and
238 2483 89 20 assorted
339 2483 73 24 supply
423 2482 76 25 always

87 2510 71 18 oahand
167 2512 19 17 at
196 2510 33 18 the
240 2509 82 20 Timber
332 2509 63 23 Yard,

189 2542 182 17 ROTORUH,

87 2570 139 27 N.li.—Special
236 2578 44 12 care
291 2571 63 19 taken
364 2571 20 18 in
403 2570 35 19 tlio
456 2576 43 14 sea-

87 2634 87 19 PRICES
186 2635 38 18 AT
238 2634 143 19 CURRENT
394 2634 103 19 RATES.

116 2666 32 19 W.
336 2665 118 25 Manager.

121 2719 25 40 I
169 2718 37 42 S.
238 2717 218 51 PBiTMK,

198 2787 125 20 FRUITER
328 2787 39 19 Eli.

106 2830 47 20 Next
162 2830 95 21 Saddler's
272 2831 57 24 shop,
340 2829 133 21 Ohinemutu.

90 2878 32 19 Has
131 2879 67 19 alnavs
213 2886 8 11 o
239 2878 51 26 good
304 2878 75 25 supply
395 2878 21 19 of
436 2878 63 20 Fresh

147 2905 60 25 Fruit,
218 2906 47 19 both
280 2904 50 21 local
341 2905 38 19 and
391 2905 22 19 im-

195 2932 67 26 ported
275 2938 24 13 on
312 2932 59 19 hand.

237 2958 19 19 A
266 2965 10 12 r.
287 2964 38 16 so,

194 2985 15 18 A
229 2984 42 20 well
283 2986 92 18 assorted

129 3010 49 20 Rtork
189 3011 20 18 of
222 3010 83 24 Biscuit,
319 3010 118 19 Confection-

90 3039 25 21 ery
123 3037 33 18 and
166 3039 88 17 Summer
268 3037 76 19 Drinks
356 3039 22 17 at
396 3037 105 19 Moderate

248 3064 72 19 Prices.

93 3188 408 39 CARPEKTEB,

176 3233 100 19 FENTON
294 3234 101 19 STREET,

165 3265 95 20 OrrpsiTE

109 3291 54 20 Sashes
171 3295 52 17 mad.!
231 3297 20 16 to
260 3296 59 17 order.

100 3418 86 23 BARBER
207 3423 57 20 AND
294 3423 208 25 HAIRDRESSER,

99 3459 66 22 DEGS
175 3464 19 17 to
205 3470 101 13 announce
318 3464 44 19 that
369 3464 26 18 ho
406 3464 38 19 has
450 3469 41 14 com-

144 3490 77 19 mnnced
234 3490 89 19 business
334 3490 20 19 in
366 3490 34 19 the
417 3490 51 25 shop
483 3490 20 18 in

101 3512 17 20 he
130 3514 27 18 old
174 3518 55 21 town,
250 3516 94 24 formerly
364 3516 94 24 occupied
476 3515 28 26 by

100 3539 137 27 urMcEadyen,
246 3542 85 23 saddler,
349 3542 41 18 and
407 3542 62 26 hopes
483 3544 21 16 to

101 3565 36 19 nerit
147 3573 10 12 a
166 3568 56 18 share
233 3569 21 18 of
264 3568 33 19 the
308 3568 68 25 public
387 3571 89 22 support.

158 3601 152 19 RAZORS
340 3602 76 19 SET.

110 3664 17 19 A
134 3666 75 20 Choice
220 3669 150 18 Assortment
383 3668 27 19 of
420 3668 71 19 Tobac-

101 3692 26 26 cos,
136 3690 78 26 Cigars,
224 3692 130 23 Cigarettes
361 3692 20 18 &
388 3691 117 19 Smoker's

101 3716 48 18 iequ?
154 3714 58 20 sites.

111 3756 163 22 lUCKLAND
288 3760 217 18 ADVERTISING

112 3778 17 20 ■V-
231 3784 109 20 AGENCY,

112 3810 81 22 Victoria
207 3815 87 20 Arcade,
309 3815 72 20 Queen
398 3814 84 19 Street.

135 3843 114 26 Advertising
255 3846 18 18 in
282 3845 25 19 all
320 3846 24 18 its
353 3846 97 17 brunches,

111 3869 23 18 sw,
146 3867 69 25 Unique
232 3869 36 17 and
282 3869 84 18 Tasteful
383 3869 122 22 Advertising

245 3892 89 19 Medium.

112 3910 56 21 Orders
176 3914 46 18 from
231 3916 25 16 all
264 3917 52 21 parts
325 3914 91 18 attended
424 3916 21 16 to
459 3914 46 18 with

112 3938 15 13 re
133 3935 32 19 and
172 3938 110 22 expedition.

130 4053 77 34 ul»
222 4054 267 36 MITCHELL,

175 4113 112 22 ftutijovisco
298 4114 111 22 Surbciiov,

219 4166 143 21 POTORUA.

813 914 279 52 R.OTORUJL
1138 915 125 46 .NEW
1300 914 273 45 ZEJILJLND.

565 1001 180 18 OTORUA.—This
753 1003 105 18 wonderful
866 1004 74 18 district
947 1004 15 18 is
972 1004 128 23 unparalleled
1110 1006 19 16 in
1138 1006 32 16 the
1178 1005 70 17 known
1257 1004 59 18 world
1326 1004 29 17 for
1363 1004 32 18 tho
1404 1004 78 17 number
1491 1004 38 17 and
1537 1003 73 23 variety
1620 1004 19 16 of
1648 1004 24 16 its
1681 1003 87 17 Thermal
1778 1002 84 23 Springs.

541 1021 21 22 \i
588 1025 25 16 As
623 1031 10 10 a
642 1024 66 19 health
717 1027 60 16 resort
785 1026 24 17 its
818 1027 108 23 popularity
935 1028 15 16 is
959 1027 75 23 rapidly
1042 1028 112 23 increasing,
1164 1028 38 17 and
1214 1028 44 16 that
1272 1028 80 22 entirely
1369 1033 25 11 on
1406 1027 25 17 its
1448 1033 42 11 own
1507 1027 70 20 merits,
1595 1032 21 12 as
1632 1027 84 16 hitherto
1732 1025 82 23 nothing
1830 1026 33 16 has

520 1048 46 16 been
575 1047 48 17 done
632 1048 19 16 in
661 1048 32 17 tho
703 1055 42 15 way
753 1050 20 15 of
781 1050 122 22 advertising.
911 1047 1 25 .

541 1070 86 18 Patients
637 1070 90 25 suffering
738 1072 47 18 from
795 1072 85 22 Chronic,
891 1074 101 17 Articular,
1002 1074 37 17 and
1047 1074 98 17 Muscular
1153 1074 128 18 rheumatism.
1293 1074 55 17 Gout,
1359 1072 101 19 Bhumatio
1467 1073 55 20 Gout,
1537 1073 46 17 Skin
1592 1072 91 19 Diseases,
1702 1072 84 18 Sciatica,
1804 1072 45 17 Lum-

520 1093 54 23 bago,
594 1094 111 22 Neuralgia,
723 1095 86 17 Nervous
825 1095 125 21 Exhaustion,
972 1097 75 17 Uterine
1063 1096 99 22 Ailments,
1180 1096 38 18 and
1234 1096 57 23 tardy
1307 1096 139 18 convalesconso
1463 1096 49 17 from
1529 1097 54 16 acute
1601 1096 80 17 diseases
1697 1101 43 16 may
1757 1095 40 22 rely
1812 1100 52 17 upon

520 1116 98 22 obtaining
626 1117 93 17 immense
727 1118 59 20 relief,
796 1119 38 16 and
842 1120 19 16 in
868 1120 32 16 the
910 1119 89 19 majority
1009 1120 19 16 of
1037 1126 50 11 cases
1096 1127 12 10 a
1117 1121 91 17 complete
1217 1126 50 10 cure.

542 1177 53 17 THE
609 1178 113 17 PRIEST'S
731 1179 145 17 BATH.—This
885 1180 15 16 is
909 1180 88 23 strongly
1005 1180 48 17 acid,
1067 1181 112 20 aluminous,
1195 1180 80 22 sulplmr
1291 1180 64 21 water,
1374 1180 63 22 acting
1454 1185 20 11 as
1491 1186 11 10 a
1518 1180 93 22 powerful
1628 1179 39 18 skin
1686 1179 104 17 stimulant.
1823 1178 42 18 Hot

520 1200 37 17 and
567 1201 41 16 cold
618 1201 87 17 showers,
716 1201 37 17 and
763 1202 81 17 douches
853 1210 30 9 are
893 1203 90 22 provided
992 1204 36 16 and
1037 1204 127 22 comfortably
1173 1203 85 17 enclosed
1267 1203 86 22 dressing
1361 1209 62 11 rooms

543 1223 115 18 MADAME
679 1225 125 17 RACHEL'S
825 1225 146 19 BATH.—This
979 1226 106 18 celebrated
1093 1227 71 23 Spring
1171 1227 17 17 is
1195 1232 12 12 e.
1221 1227 64 16 Saline
1300 1227 58 16 water
1371 1226 46 17 with
1434 1225 89 21 Silicates,
1538 1226 38 17 and
1589 1226 34 17 has
1640 1232 23 11 an
1678 1225 81 17 alkaline
1775 1224 88 19 reaction.

520 1246 38 17 The
569 1248 57 15 water
635 1247 15 16 is
660 1247 40 16 also
708 1253 22 10 us
737 1248 16 16 >d
762 1248 103 22 internally
873 1250 30 16 for
911 1250 24 16 its
944 1249 97 18 beneficial
1050 1250 62 17 action
1122 1257 24 10 on
1154 1250 33 17 the
1195 1249 84 22 kidneys.

543 1270 52 16 THE
616 1269 70 19 BLUB
708 1270 144 18 BATH.—This
868 1272 16 16 is
900 1272 33 18 the
949 1272 72 23 largest
1036 1273 78 17 natural
1130 1272 107 23 swimming
1253 1272 47 17 bath
1314 1272 20 17 in
1348 1272 33 17 the
1397 1272 93 18 Southern
1498 1272 132 22 Hemisphere.
1656 1272 19 16 It
1684 1271 69 17 affords
1761 1270 104 18 rheumatic

520 1293 80 16 invalids
609 1300 11 9 a.
629 1299 65 11 means
703 1294 19 16 of
731 1293 68 24 taking
807 1295 81 21 painless
897 1296 86 17 exercise,
994 1295 61 18 which
1065 1296 45 22 they
1119 1297 67 20 highly
1195 1295 113 22 appreciate.

543 1316 52 16 THE
606 1316 123 18 SULPHUR
738 1317 105 18 VAPOUR
853 1318 145 18 BATH.—This
1004 1318 16 18 is
1025 1324 12 12 a
1042 1319 79 18 natural
1124 1319 35 18 hot
1163 1324 79 17 vapour,
1248 1318 69 23 highly
1323 1317 83 24 charged
1410 1317 46 18 with
1462 1317 80 23 sulphur
1550 1324 60 16 gases,
1623 1317 105 18 conducted
1741 1317 40 17 into
1796 1323 11 10 a,
1821 1322 33 18 pro-

520 1338 54 23 perly
583 1340 120 16 constructed
713 1340 56 19 chest,
780 1340 19 17 in
809 1340 59 19 which
875 1342 32 15 the
915 1342 33 17 the
952 1342 75 21 patient
1035 1342 39 20 sits,
1084 1342 56 18 while
1149 1348 11 11 a
1167 1343 69 16 stream
1241 1342 21 17 of
1266 1341 88 23 palpable
1363 1342 79 21 sulphur
1447 1342 15 16 is
1468 1342 57 22 being
1531 1341 107 22 constantly
1644 1340 96 23 deposited
1747 1347 24 10 on
1778 1340 32 17 tin;
1817 1340 47 17 skin.

544 1363 52 15 THE
618 1362 59 18 NEW
700 1363 121 17 SULPHUR
842 1364 146 18 BATH.—This
1000 1365 16 17 is
1028 1371 11 11 a
1051 1371 45 16 very
1110 1366 65 21 strong
1187 1365 59 17 acidic
1258 1366 59 15 water
1329 1365 20 16 of
1361 1364 46 21 high
1420 1365 132 22 temperature,
1566 1364 37 17 and
1620 1364 87 21 strongly
1724 1363 141 18 recommended

520 1385 20 17 in
557 1390 50 12 cases
624 1385 20 17 of
661 1385 123 19 rheumatism
793 1387 38 17 and
839 1387 56 17 allied
904 1387 86 18 diseases.
1015 1388 39 17 The
1063 1389 47 17 bath
1125 1389 58 16 house
1199 1389 15 16 is
1231 1387 76 18 divided
1322 1388 41 16 into
1380 1387 66 17 Ladies
1463 1387 37 17 and
1517 1387 121 18 Gentlemens
1655 1387 128 23 departments
1797 1386 38 17 and
1851 1386 14 17 is

521 1408 76 23 capable
607 1409 20 16 of
635 1409 165 22 accommodating
808 1411 34 16 -100
851 1410 76 18 bathers
936 1411 57 22 daily.

545 1431 53 17 THE
606 1431 165 19 ELECTRICAL
778 1432 254 19 DEPARTMENT.—This
1042 1434 120 23 department
1176 1434 16 18 is
1209 1434 71 23 replete
1296 1434 47 17 with
1357 1434 32 17 the
1405 1435 49 16 most
1467 1434 78 17 modern
1562 1434 107 22 appliances
1686 1434 30 17 for
1731 1432 89 23 can-ying
1834 1433 31 16 out

522 1454 74 18 various
607 1455 58 17 forms
674 1456 20 16 of
703 1456 78 16 medical
790 1456 92 18 electrical
892 1457 102 17 treatment
1002 1458 19 16 in
1030 1458 50 16 their
1091 1458 87 21 entirety.

546 1477 53 17 THE
606 1478 191 18 HYDROPATHIC
804 1479 116 18 PACKING
926 1480 53 17 AND
987 1481 118 17 MASSAGE
1112 1481 224 16 DEPARTMENT.—A
1343 1481 54 16 scries
1404 1481 19 16 of
1429 1486 61 11 rooms
1497 1486 31 11 are
1537 1480 98 17 furnished
1644 1480 37 17 and
1690 1481 29 16 set
1725 1481 55 21 apart
1786 1479 29 17 for
1822 1479 43 17 each

522 1507 38 14 sex,
569 1500 18 17 in
593 1501 56 16 order
654 1502 21 17 to
684 1507 54 17 carry
744 1504 33 15 out
786 1502 37 18 this
828 1503 105 21 important
938 1504 80 22 adjunct
1023 1505 19 16 to
1049 1505 108 16 treatment.
1164 1504 38 17 Tho
1208 1504 79 17 services
1294 1504 19 17 of
1318 1510 11 10 a
1335 1504 87 22 qualified
1429 1504 94 16 Masseuse'
1529 1504 37 16 and
1572 1504 86 16 Masseur
1666 1508 30 13 are
1706 1502 113 17 obtainable.

593 1580 117 18 CAMTLLE
723 1581 132 19 MALFROY,
865 1582 46 18 Esq.

1416 1559 89 18 Resident
1514 1559 81 18 Medical
1604 1558 43 23 Supi

730 1848 58 23 Two
802 1849 69 22 miles
885 1850 75 30 from
979 1850 122 28 Rotorua,
1124 1850 134 31 adjoining
1272 1850 150 31 interesting
1432 1851 80 23 native
1524 1851 144 24 settlement.

1045 2015 69 22 PA
1138 2014 25 24 T
1176 2015 26 22 R
1222 2014 22 23 O
1261 2015 34 22 N
1311 2015 21 22 S
1343 2024 9 15 ;

665 2044 55 19 Earl
745 2044 26 19 of
793 2044 105 23 Kintore,
925 2045 55 19 Earl
1004 2046 26 18 of
1053 2046 100 23 Onslow,
1176 2046 104 23 Marquis
1302 2047 26 17 of
1347 2046 127 24 Drogheda,
1497 2047 61 18 Lord
1579 2047 146 24 Carrington.

524 2067 89 20 ri'lHIS
627 2068 94 20 HOTEL
731 2068 37 19 has
778 2068 89 25 recently
878 2069 51 18 been
939 2069 141 25 considerably
1089 2069 103 24 enlarged,
1204 2070 116 24 renovated,
1333 2071 40 18 and
1383 2071 127 19 refurnished
1521 2071 114 25 regardless
1644 2073 21 17 of
1681 2077 93 19 expanse,
1795 2072 40 18 and
1851 2071 17 19 is

521 2090 33 24 .JL
590 2094 74 25 widely
674 2095 74 18 known
760 2095 32 18 for
802 2095 26 19 its
838 2095 98 18 excellent
947 2095 177 21 accommodation,
1136 2096 87 21 Cuisine,
1237 2097 33 17 &c.

898 2130 74 22 Here
985 2139 44 14 are
1041 2130 41 23 the
1096 2130 81 31 Chief
1185 2130 89 31 Sights
1287 2131 32 31 of
1326 2131 40 23 the
1379 2131 117 23 District.

653 2170 47 18 The
709 2169 140 18 Wonderful
858 2170 80 17 Stoam
948 2170 46 17 and
1003 2170 48 18 Hot
1060 2170 83 19 Water
1153 2170 130 23 Petrifying
1292 2171 99 21 Geysers
1406 2171 78 23 playing
1495 2171 67 22 nearly
1581 2173 32 15 100
1631 2172 38 17 font
1684 2171 53 23 high.

522 2192 131 23 Petrifying
663 2192 106 23 Geysers,
781 2192 128 19 Cauldrons
919 2192 26 18 of
952 2192 90 24 Boiling
1050 2193 58 18 Mud
1117 2193 46 18 and
1173 2193 41 18 Oil.
1241 2194 76 23 Spout
1326 2193 65 23 Bath,
1403 2189 38 23 Oil'
1447 2194 65 23 Bath,
1523 2194 71 19 Alum
1604 2194 60 19 Bath
1672 2194 21 18 &
1708 2194 78 19 Jack's
1799 2194 66 19 Bath.

522 2215 81 20 Known
615 2217 33 18 for
656 2216 34 19 the
698 2216 154 25 extraordinary
861 2222 57 12 cures
924 2217 22 17 of
956 2216 148 25 Rheumatism,
1116 2217 118 24 Keuraljjia,
1244 2216 113 27 Lumbago,
1366 2217 91 24 Sciatica,
1466 2218 88 24 Kidney,
1567 2217 61 21 Liver
1636 2218 40 18 and
1683 2218 58 18 other
1749 2218 118 25 complaints

639 2250 42 47 C.
709 2251 41 45 E.

934 2307 103 27 Guide

1349 2308 108 32 >ophia.

1471 2253 279 54 Proprietor.

945 2524 39 23 On
1007 2525 40 23 the
1072 2525 90 23 Direct
1185 2525 81 23 Route
1286 2528 23 20 to
1330 2525 117 23 Rotorua-

759 2565 46 18 For
821 2565 107 22 Scenery,
945 2565 108 18 Curative
1065 2565 132 23 Properties
1207 2565 25 17 of
1239 2565 40 18 the
1289 2565 72 18 Baths
1370 2565 47 19 and
1425 2566 206 23 accommodation,

667 2596 123 26 EXCEL
820 2596 71 25 ALL
924 2596 141 26 PLACES
1096 2596 46 26 OF
1173 2596 73 25 THE
1281 2597 87 25 KIND
1402 2597 32 25 IN
1465 2597 73 25 THE
1571 2598 161 25 COLONY.

548 2660 67 19 These
626 2660 93 26 Springs,
731 2660 66 19 which
808 2660 31 18 for
849 2659 54 19 their
922 2659 95 20 Curative
1028 2659 116 26 Properties
1155 2660 39 18 and
1205 2659 138 20 Comfortable
1353 2659 95 24 Fittings,
1460 2660 50 18 have
1523 2660 49 19 been
1591 2662 129 23 pronounced
1735 2661 28 25 by
1778 2662 27 18 all
1822 2662 45 18 who

522 2687 52 19 have
594 2686 75 20 visited
689 2686 56 19 them
762 2691 75 14 second
855 2691 24 13 to
896 2690 55 14 none
968 2691 21 13 in
1006 2685 52 19 New
1075 2685 105 19 Zealand.
1209 2685 42 19 The
1266 2692 109 12 numerous
1385 2685 134 20 testimonials
1528 2686 92 20 received
1631 2693 22 13 as
1664 2689 21 17 to
1695 2687 54 20 their
1758 2693 57 14 cures
1825 2688 41 19 and

522 2713 86 19 comfort
619 2712 76 20 should
714 2712 27 20 be
757 2712 99 18 sufficient
874 2713 21 17 to
911 2711 72 19 induce
999 2711 91 19 Tourists
1107 2711 40 19 and
1156 2711 71 19 .others
1245 2713 20 17 to
1276 2711 47 19 visit
1335 2711 61 19 them.
1425 2712 31 18 IS'o
1467 2715 57 16 extra
1534 2712 75 26 charge
1620 2714 16 18 is
1647 2714 59 18 made
1716 2713 31 20 for
1757 2713 34 20 the
1801 2720 35 13 use
1847 2715 20 18 of

522 2739 35 19 the
568 2739 60 19 baths
639 2742 21 16 to
670 2744 84 19 persons
764 2738 82 25 staying
856 2740 21 16 at
886 2737 35 19 the
931 2737 61 19 hotel.

843 2784 82 26 THE
952 2768 530 49 OKORWKeT'sA^ATORIUM

548 2827 23 19 Is
580 2827 111 19 connected
702 2827 48 18 with
762 2826 35 19 the
806 2826 135 24 Telegraphic
951 2828 74 22 system
1036 2826 21 18 of
1067 2826 34 18 the
1112 2825 82 25 Colony,
1204 2826 35 18 the
1247 2825 116 25 Telegraph
1374 2825 60 20 Office
1444 2826 108 25 adjoining
1563 2827 33 19 the
1608 2827 69 19 Hotel.
1707 2828 35 18 All
1749 2828 118 25 Telegrams

523 2853 102 26 promptly
635 2853 79 24 replied
724 2857 26 14 to.

550 2879 96 22 Coaches,
658 2878 99 27 Buggies,
769 2878 39 19 and
820 2878 141 23 Conveyances
971 2877 21 19 of
1002 2877 26 18 all
1038 2877 61 19 kinds
1119 2878 56 18 leave
1193 2877 40 18 this
1251 2877 63 18 Hotel
1331 2884 25 11 on
1375 2877 109 25 Tuesdays,
1505 2878 124 25 Thursdays,
1649 2879 40 19 and
1709 2879 117 25 Saturdays,
1846 2886 21 13 or

523 2906 55 24 daily
588 2906 16 18 if
616 2906 103 24 required.
762 2904 87 19 Persons
867 2910 25 12 en
911 2906 58 15 route
988 2904 32 17 for
1037 2902 91 20 Rotorua
1143 2909 34 13 are
1197 2903 103 18 therefore
1319 2904 86 18 enabled
1426 2908 18 14 lo
1464 2904 45 19 visit
1521 2904 35 19 the
1572 2905 92 19 wonders
1673 2906 22 18 of
1709 2906 102 24 Okoroiro,
1828 2907 39 18 and

523 2932 62 25 enjoy
594 2932 35 19 the
641 2931 89 19 Natural
742 2931 42 18 Hot
794 2930 64 19 Baths
869 2929 38 18 and
917 2937 11 10 a
938 2929 57 25 day's
1006 2932 40 15 rest
1056 2930 94 24 previous
1161 2933 19 14 to
1192 2929 139 25 undertaking
1341 2936 11 11 a
1362 2929 86 25 journey
1459 2933 20 16 to
1489 2930 34 19 the
1536 2930 73 19 Lakes.

1084 2977 82 16 THIS
1192 2977 120 17 HOTEL

697 3007 45 19 Has
750 3006 91 25 recently
851 3006 48 18 loon
911 3005 85 22 erected,
1006 3005 39 19 and
1060 3005 17 19 is
1088 3006 75 24 replete
1175 3006 48 18 with
1240 3012 60 17 every
1310 3006 86 18 comfort
1406 3006 31 18 for
1447 3006 91 20 Tourists
1548 3007 39 19 and
1598 3007 99 19 Invalids.

553 3034 187 19 Note.—Tourists
750 3035 20 17 to
780 3031 102 27 Rotorua!
912 3031 29 19 Be
952 3038 45 12 sure
1011 3034 20 16 to
1048 3031 47 19 take
1114 3038 51 17 your
1183 3032 30 19 rai
1223 3038 44 19 way
1286 3032 73 19 tickets
1378 3032 31 19 for
1425 3031 113 21 Okohoiue.
1576 3033 143 25 Conveyances
1733 3036 52 17 meet
1804 3034 63 19 trains

524 3060 104 24 Okoroire,
641 3060 95 24 carrying
747 3065 120 19 passengers
877 3061 20 15 to
908 3057 63 19 Hotel
981 3058 42 18 free
1039 3057 21 19 of
1070 3057 80 25 charge.

786 3401 244 42 EXPRESS
1066 3401 135 37 LINE
1236 3400 70 41 OF
1344 3401 263 40 COACHES.

527 3455 229 58 Carrying
776 3455 96 45 .Her
898 3453 254 55 Majesty's
1188 3452 135 46 Mails
1356 3464 50 35 as
1444 3466 82 42 per
1557 3454 310 54 Time-tables,

691 3523 274 21 TAUEANGA-ROTOEUA
978 3522 69 17 LINE.

687 3566 63 22 ]epart
797 3563 86 23 Tuesday
892 3562 37 19 and
938 3561 94 23 Saturday

793 3656 86 22 Monday
895 3654 38 19 and
950 3654 70 21 Friday

1088 3562 10 15 8
1108 3567 43 11 a.m.

1047 3585 51 16 10.30
1108 3590 43 11 a.m.

1046 3608 52 17 10.45
1107 3613 44 11 a.m.

1088 3631 10 16 (i
1105 3635 45 17 p.m.

1088 3654 8 17 7
1107 3659 43 11 a.m.

1044 3677 52 16 12.M
1105 3682 45 16 p.m.

1044 3700 50 16 12.45
1104 3705 46 16 p.m.

1105 3727 45 17 p.m.

1377 3522 216 19 EOTORUA-TAUPO
1611 3525 70 18 LINE.

1201 3561 83 18 Rotorua
1340 3561 67 23 depart
1453 3562 118 24 Wednesday
1588 3563 37 18 and
1646 3564 96 24 Saturday

1201 3584 97 18 Ateainuri
1341 3585 67 22 depart
1502 3599 10 7 ~
1522 3584 2 24 •
1681 3600 12 8 ~

1199 3607 94 18 Wairakei
1340 3607 68 23 depart
1501 3622 11 7 „
1681 3623 10 7 ~

1199 3630 70 22 Tuupo,
1342 3631 60 17 arrive
1501 3645 11 7 „
1679 3646 12 7 ~

1198 3654 71 21 Tatipo.
1342 3654 67 22 depart
1455 3654 99 23 Thursday
1568 3655 38 18 and
1622 3655 85 23 Monday

1199 3676 94 18 Wairakei
1343 3676 66 23 depart
1503 3691 11 7 „
1682 3692 11 7 ~

1199 3699 102 22 Atoamuri,
1344 3700 67 22 depart
1505 3713 10 8 ~
1684 3714 11 8 ~

1199 3722 90 17 Rotorua.
1343 3723 59 16 arrive

696 3782 126 34 Special
835 3782 230 30 Conveyances
1078 3777 157 32 arranged
1248 3777 49 26 ior
1310 3779 33 24 at
1355 3778 54 25 the
1423 3777 146 27 Shortest
1581 3779 121 26 Notice.

853 3816 200 29 STABLES:
1072 3814 169 26 Tutanekai
1270 3815 111 30 Street,
1405 3815 140 26 Rotorua.

692 3861 114 33 Buggies,
825 3858 117 32 Geaef?e§
959 3857 51 32 ar?d
1028 3856 96 28 gaddle
1143 3854 92 34 {forges
1251 3864 31 24 ei?
1300 3856 51 31 tyre
1369 3864 31 23 ci?
1418 3856 44 32 tfye
1481 3856 118 33 (Shortest
1618 3856 94 34 Justice,

1014 3897 130 17 TERMS
1171 3897 217 16 MODERHT6.

879 3930 144 30 Telegrams
1035 3927 54 24 and
1097 3927 100 22 Letters
1206 3926 149 30 punctually
1369 3926 116 23 attended
1493 3930 29 21 to.

529 4002 75 25 NB.
642 4000 115 26 Please
770 3997 74 26 note
857 3995 132 26 address

649 4042 61 63 e.
761 4031 460 73 ROBeRTSON
1268 4031 48 64 &
1352 4031 125 68 GO.,
1517 4040 233 47 Rotorua.

860 4113 306 45 contractors
1190 4104 77 47 for
1282 4105 181 47 .Messrs
1484 4105 44 47 T.
1551 4105 127 50 Cook.
1698 4105 47 51 &
1764 4106 105 50 Son,

2087 748 58 25 Hot
2173 748 97 26 Lakes
2289 749 32 25 of
2340 749 69 25 New
2428 749 143 27 Zealand.

2025 898 28 18 IS
2067 898 22 18 A
2101 898 193 19 FIRST-CLASS
2308 898 205 20 TEMPERANCE
2526 900 107 19 HOTEL.

1975 936 238 23 HINSMOM
2229 937 198 24 STREET,
2448 937 240 25 ROTORUff

1886 999 83 30 rpHIS
1982 1000 60 17 NEW
2054 999 54 19 AND
2122 1000 190 17 COMFORTABLE
2325 999 217 19 ESTABLISHMENT
2550 1001 16 18 is
2575 1001 111 19 situatorlin
2693 1001 34 19 the
2735 1006 41 13 new

1894 1025 19 17 X
1948 1023 94 23 township
2052 1023 20 17 of
2080 1023 90 21 Rotorua,
2181 1023 48 18 close
2239 1024 19 16 to
2268 1023 32 17 tlio
2310 1023 125 18 Government
2451 1023 120 19 Sanatorium
2585 1025 37 17 and
2635 1025 66 21 Baths,
2715 1025 61 17 which

2207 1046 91 22 comprise
2308 1046 32 17 the
2348 1046 105 17 eelehratod

1886 1075 92 18 Priest's
1988 1075 65 21 Bath,
2066 1074 107 19 Madame
2183 1074 87 19 Rachel
2279 1074 77 22 Baths,
2368 1074 139 19 Chameleon
2517 1075 95 19 Douche
2621 1075 66 23 Bath,
2703 1075 73 25 Large

1956 1098 57 19 Blue
2022 1096 138 25 Swimming
2169 1097 65 22 Ba,th,
2252 1097 102 23 Sulphur
2367 1096 94 25 Vapour
2470 1097 61 20 Bath
2540 1098 46 19 and
2595 1098 112 20 Galvanic

2244 1121 97 22 Battery
2350 1120 66 22 Bath,

1886 1144 69 18 OVER
1968 1144 91 18 WHICH
2075 1144 87 17 LARGE
2179 1143 118 18 BATHING
2315 1143 139 19 PAVILIONS
2474 1145 73 17 HAVE
2568 1145 70 17 BEEN
2658 1145 118 17 ERECTED

1993 1168 42 17 with
2046 1173 101 11 numerous
2156 1166 91 25 Dressing
2264 1167 75 18 Booms,
2349 1168 35 16 otc.
2413 1167 71 18 Bosidos
2494 1168 51 17 these
2555 1168 53 17 there
2616 1168 15 18 is
2641 1168 31 18 the

1899 1190 121 19 •ain-killer
2032 1190 67 22 Bath,
2114 1188 134 25 Coffee-pot,
2265 1189 131 19 Cameron's
2409 1190 46 18 and
2469 1190 130 19 Hinemaru
2613 1191 73 19 Baths
2699 1191 23 18 in
2737 1192 40 17 the

2192 1213 149 18 Sanatorium
2358 1213 113 19 Grounds.

1887 1258 113 19 Bathoati;
2019 1258 73 19 House
2108 1257 39 19 has
2163 1256 51 20 been
2234 1257 80 25 greatly
2331 1257 96 25 enlarged
2443 1258 32 19 for
2491 1258 92 19 Tourists
2601 1265 22 12 as
2641 1258 45 20 well
2705 1265 21 12 as
2747 1256 13 26 f,
2769 1266 9 11 r

2124 1282 71 27 people
2210 1282 72 26 talcing
2293 1289 11 13 a
2315 1289 68 13 course
2394 1283 20 19 of
2425 1284 33 18 the
2469 1284 71 19 Baths.

2141 1317 133 19 TERMS
2295 1318 230 20 MODERATE.

2274 1364 41 33 b
2343 1364 109 35 re

2228 1462 87 20 previous
2324 1463 82 18 custome

2599 1444 144 18 jmmcndations
2760 1444 20 17 of

1915 2266 324 60 STAR
2326 2270 414 58 HOTEL

2058 2352 146 26 ALBERT
2223 2353 151 31 STREET,
2400 2354 213 26 AUCKLAND.

2011 2458 156 47 LOUIS
2204 2458 181 51 DOYLE,
2418 2461 236 50 .Manager.

1990 2677 167 38 QUEEN
2184 2679 204 35 STREET,
2407 2679 275 35 AUCKLAND,,

2119 2719 108 18 UNDER
2239 2719 76 19 NEW
2327 2720 225 20 MANAGEMENT.

2107 2751 456 65 JOSEPjT^erUIE,

2017 2828 61 20 ''Late
2087 2829 23 19 of
2118 2829 35 19 the
2163 2829 57 19 Lake
2230 2829 71 21 House
2317 2831 38 18 and
2373 2830 72 20 Palace
2454 2831 80 22 Hotels,
2550 2832 105 25 Rotorua.)

2136 2860 50 19 Has
2192 2861 52 23 just
2253 2862 72 17 taken
2337 2867 55 13 over
2401 2862 47 18 this
2457 2862 76 19 Hotel.

1890 2882 128 19 Travellers
2026 2883 48 18 will
2082 2883 48 19 find
2140 2889 70 18 every
2218 2885 99 17 Modern
2326 2885 160 19 Convenience
2496 2886 123 19 combined
2625 2886 57 20 with
2689 2886 93 25 Civility

2195 2907 46 19 and
2248 2908 97 23 Prompt
2352 2909 123 18 attention.

1916 2950 43 19 The
1971 2950 97 19 situation
2079 2952 21 18 of
2115 2951 35 20 the
2166 2952 125 19 Waveiu.ky
2310 2953 82 19 renders
2413 2953 15 19 it
2447 2954 96 25 specially
2562 2954 120 19 convenient
2700 2955 32 18 for
2747 2955 35 19 the

1891 2975 116 26 Travelling
2019 2977 72 19 Public
2102 2977 39 20 and
2161 2978 87 19 Visitors
2266 2982 19 16 to
2303 2979 34 19 tbo
2355 2979 45 24 City
2416 2980 52 18 from
2484 2980 35 19 the
2536 2980 90 25 Country
2643 2980 27 26 by
2691 2981 52 19 train
2761 2988 21 12 or

1891 3005 91 16 steamer.

1891 3027 103 30 Special
2004 3028 207 30 Arrangements
2221 3031 76 22 made
2307 3031 40 23 for
2359 3031 45 23 the
2420 3033 177 22 convenience
2611 3033 28 22 of
2651 3033 129 23 Families.

2085 3069 201 19 NIGHT
2331 3071 21 14 f=>
2376 3071 22 16 ©
2426 3072 20 14 F?
2470 3073 20 14 T
2514 3073 22 14 E
2563 3073 30 14 F?.

1893 3108 176 27 First-class
2085 3110 117 26 Billiard
2220 3111 118 26 Rooms.
2375 3112 100 26 Wines
2488 3114 61 25 and
2566 3113 109 26 Soirits
2689 3114 93 25 ofthe

1972 3142 68 26 best
2057 3143 124 25 Brands.
2227 3144 171 26 Hancock's
2420 3146 82 25 Prize
2517 3147 103 25 XXXX
2635 3147 69 25 Ales

2166 3177 112 32 always
2298 3185 36 18 on
2362 3179 139 30 draught.

1894 3299 80 19 Under
1981 3301 40 18 the
2027 3301 172 24 distinguished
2205 3304 129 22 patronage
2341 3304 26 17 of
2371 3304 42 18 His
2420 3304 138 24 Excellency
2568 3305 61 18 Lord
2638 3306 143 22 Carrington,

1917 3332 120 19 Governor
2046 3333 26 18 of
2079 3333 99 23 N.S.W.,
2189 3334 46 19 and
2245 3335 61 18 Lord
2324 3335 94 19 Onslow
2427 3336 119 19 Governor
2555 3337 27 18 of
2587 3337 58 19 New
2655 3337 104 19 Zealand.

2054 3605 337 36 TKURK
2423 3608 45 35 N
2499 3608 42 35 C
2571 3609 61 34 M.

1893 3685 86 43 THE
2020 3685 85 23 STAR
2138 3686 16 18 is
2166 3687 128 24 pronounced
2306 3688 27 24 liy
2348 3688 26 19 its
2386 3688 86 19 Patrons
2489 3692 20 15 to
2524 3689 26 18 bo
2566 3689 34 19 the
2618 3688 45 20 best
2675 3688 53 19 built
2743 3689 38 18 and

1960 3712 44 18 best
2013 3711 108 20 furnished
2133 3712 62 18 Tlotol
2206 3713 20 18 in
2237 3713 35 19 the
2282 3713 67 20 North
2359 3714 22 19 Is
2390 3715 45 18 and.

1926 3742 136 27 Private
2076 3743 106 25 Suites
2192 3744 21 18 of
2222 3744 133 25 Apartinema
2365 3746 32 19 for
2409 3746 99 19 Families.

2209 3776 101 30 Sample
2326 3778 94 23 Rooms
2442 3779 32 19 for
2488 3779 132 19 Commercial
2630 3779 125 19 Gentlemen.

1894 3808 87 19 Coaches
1990 3808 57 21 leave
2057 3809 34 19 the
2102 3809 62 19 Hotel
2173 3810 31 18 for
2221 3810 34 20 the
2269 3810 66 21 Lakes
2355 3819 25 12 on
2397 3814 73 19 arrival
2486 3814 20 18 of
2524 3813 26 20 all
2568 3815 103 17 steamers,
2701 3812 79 26 Special

2000 3834 93 27 Buggies
2109 3835 40 19 and
2160 3835 75 20 Saddle
2246 3836 78 21 Horses
2333 3843 36 14 can
2387 3839 24 18 bo
2429 3839 96 20 obtained
2542 3840 31 19 for
2583 3839 30 18 all
2623 3843 55 21 parts

2249 3862 22 20 of
2281 3863 35 18 the
2331 3863 97 26 Country.

1894 3894 185 26 First-class
2093 3894 125 33 Sailing
2232 3897 62 24 and
2307 3897 137 33 'Rowing-
2456 3898 99 27 Boats
2568 3899 48 26 for
2628 3899 153 26 Pleasure

2156 3929 63 24 and
2237 3929 136 32 Fishing*
2385 3931 133 26 Parties.

1894 3968 63 25 The
1989 3967 164 26 Saltwater
2183 3968 128 33 Bathing
2347 3971 125 26 Pavilion
2508 3973 24 25 is
2567 3972 100 26 within
2693 3972 88 26 three

2096 4001 139 25 minutes'
2258 4003 75 25 walk
2354 4004 33 25 of
2402 4005 54 25 the

2112 4041 119 25 Telegrams
2251 4043 78 19 recoivo
2357 4048 80 21 prompt
2456 4046 106 18 attention.

2203 4142 285 29 PROPRIETOR..

2798 726 217 47 IMPERIAL
3072 734 145 49 HOTEL,

2839 783 125 24 PORT
2987 783 3 24 i

2932 816 161 21 AUCKLAND.

2825 873 96 25 Splendid
2936 878 166 21 accommodation
3116 880 30 19 for
3158 881 52 19 Tour-

2798 898 37 19 ist.s
2844 900 39 18 and
2893 900 117 22 Travellers.

2815 934 183 32 High-class
3017 938 109 26 Wines
3147 941 62 25 and

2910 968 115 32 Spirits
3038 971 82 32 kept.

2845 1038 40 25 W.
2920 1040 30 25 H.
2980 1042 202 32 PEARCE,

2927 1077 175 31 Proprietor.

2881 1125 16 16 L
2925 1126 13 15 K
2967 1126 16 16 K
3017 1129 13 14 A.
3062 1129 14 15 L
3109 1129 14 16 V
3157 1131 13 15 0
3204 1131 22 19 N,

2905 1167 110 18 SYMONDS
3031 1170 94 20 STREET,

2802 1196 94 21 (Formerly
2905 1197 27 16 Sir
2942 1197 50 17 Fred.
3006 1192 104 24 Wiiitaket'a
3121 1201 106 19 Residence,)

2944 1227 95 21 Telephone
3054 1229 36 17 54*.

2823 1256 16 15 A
2847 1256 41 15 Few
2896 1256 61 16 Ladies
2966 1258 33 15 and
3009 1257 98 18 Q-enllemen
3121 1265 31 9 can
3165 1260 20 15 be
3200 1265 18 10 ac-

2801 1277 116 17 commodated
2923 1278 40 16 with
2968 1279 75 20 superior
3048 1279 54 17 Board
3109 1280 13 15 &
3130 1281 97 16 Residence.

2823 1306 36 15 The
2867 1306 52 17 house
2928 1308 13 14 is
2949 1308 75 16 situated
3032 1308 16 16 in
3055 1308 46 21 large
3107 1309 80 19 grounds,
3196 1309 32 17 and

2802 1328 97 16 commands
2907 1328 110 20 magnificent
3026 1330 50 15 views
3085 1331 17 15 of
3112 1331 28 15 the
3148 1331 79 16 harbour.

2824 1416 41 15 Car.»
2876 1418 32 14 and
2918 1417 61 17 Busses
2987 1423 39 15 pass
3035 1418 29 16 the
3069 1420 81 15 entrance
3160 1421 45 15 »fate.

2804 1460 148 21 T£L£PJiON£
2961 1463 35 15 200.
3089 1462 142 23 pjLLJ.AF.pj3.

2821 1489 227 28 CLARENDON
3085 1492 130 31 HOTEL,

2832 1529 80 18 Junction
2923 1531 57 18 Queen
2989 1533 33 15 and
3038 1533 92 16 Wakefield
3140 1534 61 16 Street.

2909 1561 139 32 /?cjeklar->d.
3067 1563 60 26 Y).7i.

2804 1617 146 24 First-class
2968 1620 198 23 accommodation
3185 1621 50 30 for

2952 1651 148 24 Travellers.

2886 1691 47 18 Hot
2942 1691 46 19 and
3003 1691 56 19 Cold
3072 1692 78 20 Baths.

2825 1722 41 16 Host
2875 1722 58 16 Wii.es
2941 1723 33 15 and
2983 1722 61 22 Spirits
3056 1724 64 20 always
3128 1724 16 16 in
3154 1724 56 18 Stock.

2899 1752 33 15 riot
2942 1752 59 17 Lunch
3013 1754 18 15 12
3043 1754 17 14 to
3069 1754 9 14 2
3086 1753 53 21 daily.

2803 1781 38 19 W.
2860 1782 110 22 LYNCH,
3008 1792 8 4 -
3052 1792 8 4 -
3095 1783 139 23 Proprietor.

2911 1814 52 19 pEAD
2975 1815 62 19 JMII.LE
3050 1814 91 16 FaILTHE.

2804 1859 48 25 W.
2865 1858 37 26 H.
2923 1858 28 25 &
2970 1858 38 25 H.
3036 1858 31 26 C.
3097 1859 137 32 Wright,

2878 1907 130 21 SURGEON
3022 1907 137 21 DENTISTS.

2848 1977 124 26 (Successors
2982 1978 19 18 to
3013 1977 24 18 A.
3050 1985 21 11 u.
3094 1985 14 11 w
3118 1985 71 18 ngus.j

2833 2011 71 23 Notify
2911 2011 45 18 that
2967 2011 46 25 they
3024 2017 33 13 are
3067 2011 119 26 continuing
3199 2012 34 18 tlio

2804 2037 97 19 Businoss
2911 2041 21 14 at
2939 2037 35 19 the
2984 2037 100 19 Premises
3094 2039 34 23 top
3134 2037 22 19 of
3163 2037 60 20 Short-

2805 2063 127 19 land-street.
2959 2063 41 18 The
3011 2063 112 23 hif>-h-elass
3140 2063 56 19 work
3213 2063 22 19 of

2805 2090 34 18 the
2849 2089 41 19 late
2901 2090 32 17 Mr
2942 2089 24 18 A.
2977 2090 22 17 L.
3012 2089 83 25 Wright
3107 2089 39 19 will
3156 2090 25 18 be
3199 2090 25 18 ad-

2805 2115 60 18 hered
2878 2117 24 21 to,
2914 2115 40 18 and
2965 2122 39 16 any
3019 2115 37 18 left
3074 2115 115 19 unfinished
3207 2116 27 24 by

2805 2142 44 18 that
2859 2141 116 24 gentleman
2988 2140 39 19 will
3037 2141 25 18 bo
3078 2141 111 24 completed
3208 2141 27 25 by

2898 2167 34 18 the
2939 2173 43 12 new
2992 2170 148 22 management.

2804 2201 115 25 Telephone
2930 2203 43 16 057.

2839 2255 23 25 J.
2885 2255 29 24 H.
2936 2255 264 31 BUCHANAN,

2879 2304 95 27 Stone
2987 2305 172 25 Merchant.

2897 2351 176 18 ESTABLISHED
3091 2352 49 18 1892.

2828 2401 116 22 Statuary,
2973 2401 160 17 Monumental
3165 2401 46 18 and

2921 2424 97 18 General
3028 2424 88 19 Mason.

2805 2460 106 16 MARBLE
2921 2460 14 16 &
2942 2459 148 18 FREESTONE
3100 2460 124 18 CHIMNEY

2828 2483 96 19 PIECES,
2942 2483 126 21 MANTELS,
3083 2483 84 20 VASES,
3178 2484 32 18 &c.

2832 2517 138 26 VICTORIA
2989 2517 117 27 STREET
3124 2517 82 30 EAST,

2808 2556 425 36 MUCI<LHND,

2832 2617 87 27 Designs
2938 2618 39 19 and
2995 2618 67 20 Prices
3080 2618 114 20 forwarded
3212 2622 21 16 to

2805 2651 40 18 any
2855 2648 45 21 part
2910 2644 20 18 of
2940 2645 34 18 the
2984 2644 97 19 Province
3092 2651 21 12 or
3121 2644 75 25 Colony
3208 2652 26 12 on.

2806 2670 129 26 application.

2855 2728 162 44 Steele
3039 2728 138 45 Bros.

2818 2827 188 42 MARAEROA
3051 2827 170 42 SAWMILL,

2806 2890 133 42 DESIRE
2948 2890 24 17 to
2981 2890 75 18 thank
3064 2890 39 17 the
3112 2890 77 22 public
3199 2890 35 18 for

2873 2914 54 22 past
2941 2913 78 18 favors
3034 2913 45 18 and
3093 2912 44 23 beg
3156 2914 25 17 to
3196 2919 27 13 an-

2806 2942 90 12 nounce
2905 2937 52 17 that
2965 2936 87 23 having
3060 2942 13 12 a
3088 2936 62 23 large
3165 2937 69 17 stock

2806 2959 25 18 of
2841 2959 173 19 well-seasoned
3023 2959 119 18 hrst-class
3151 2959 84 18 timber

2806 2988 30 13 on
2845 2983 62 18 hand
2915 2983 56 22 they
2980 2988 37 13 are
3027 2982 110 23 prepared
3144 2984 25 17 to
3176 2982 59 19 fulfil

2806 3006 79 18 orders
2893 3006 25 18 at
2927 3006 99 18 reduced
3035 3006 69 18 rates.

2952 3107 9 9 .
3000 3073 47 43 H
3050 3073 49 18 AI,R

3050 3073 116 22 AEEISON,
3181 3073 46 18 B.A.

2841 3137 142 17 BARRISTER
2996 3136 53 17 AND
3060 3136 139 20 SOLICITOR,

2819 3177 38 19 lUs,
2879 3176 98 18 Victoria
2996 3176 89 21 Arcade,
3106 3177 118 17 Auckland.

2806 3256 92 17 Barrister
2911 3256 37 17 and
2963 3256 85 17 Solicitor
3063 3257 20 16 of
3099 3255 31 18 the
3147 3256 89 22 Supreme

2900 3279 63 21 Court,
2971 3279 84 20 Ontario,
3062 3278 82 19 Canada.

2806 3511 74 16 Losses
2888 3511 52 16 Paid
3114 3510 122 18 £20.000.000

2806 3541 51 17 Fire
2869 3541 99 18 Premium
2984 3541 94 18 Exceeds
3126 3540 110 23 £1,500,000

2806 3572 150 17 Accumulated
2959 3572 71 18 Foots
3034 3572 83 19 Exceed
3126 3572 110 21 £1,000,000

2876 3611 38 20 W.
2935 3612 96 18 WARD
3048 3612 111 22 BAKER,

2839 3651 96 18 District
2944 3651 116 23 Manager,
3070 3652 129 18 Auckland.

2892 3690 37 19 W.
2943 3692 27 17 A.
2985 3691 164 22 WILLIAMS,

2864 3730 71 18 Local
2954 3731 84 22 Agent,
3066 3731 108 18 Rotorua.

2859 3808 108 41 DAVID
2998 3808 180 47 SHERRIFF,

2892 3883 111 19 FAMILY
3019 3883 135 24 BUTCHER,

2859 3932 79 19 Ahawa
2962 3933 90 23 Street,
3076 3933 103 18 Rotohua.

2832 3981 21 19 Is
2872 3987 45 13 now
2936 3981 94 25 carrying
3048 3988 24 12 on
3092 3981 33 19 the
3141 3980 90 18 business

2806 4014 61 25 lately
2890 4015 109 19 conducted
3021 4015 25 23 by
3063 4014 72 20 Messrs
3153 4014 78 18 Jeeklin

2806 4048 40 19 and
2857 4048 75 24 Cotter,
2944 4048 39 19 and
2994 4048 16 20 is
3020 4048 98 25 prepared
3128 4050 19 16 to
3159 4047 72 25 supply

2806 4083 35 18 tho
2850 4083 69 24 public
2929 4083 47 19 with
2989 4090 19 18 p.
3024 4089 27 12 tie
3059 4082 76 26 quality
3146 4081 20 19 of
3178 4083 54 17 meat

2806 4116 40 20 and
2855 4117 59 19 small
2923 4117 63 25 goods

2799 4159 2 20 i
2878 4160 36 19 AT
2928 4160 117 19 LOWEST
3059 4159 106 20 PRICES.-
