3278 4338
625 2144 123 17 VISITORS'
761 2143 62 17 LIST.

645 2191 73 17 Grand
727 2190 76 17 Hotel.

530 2222 106 18 Mesdamos
657 2222 95 19 Coleman,
762 2221 84 20 Watson,
858 2220 82 23 Hadley.

506 2246 67 17 Misses
652 2245 33 23 (2),
695 2244 107 23 Vercoe(U).
814 2244 70 17 Messrs
890 2244 50 21 Hay,

507 2269 95 19 Coleman,
610 2269 60 20 Allen,
678 2269 80 19 Walker,
766 2268 104 22 Chapman,
877 2267 63 20 Short,

506 2293 77 22 Hagon,
592 2291 97 23 (Sydney),
705 2291 83 20 Watson,
799 2290 72 21 Dodds,
886 2290 41 17 Had-

507 2316 35 22 ley,
561 2314 111 22 Robertson,
691 2315 59 20 M.A.,
767 2314 92 20 Boucher,
875 2314 65 21 Getty,

506 2339 31 17 Mr
545 2338 38 18 and
593 2339 39 16 Mrs
642 2339 75 17 Brown.

634 2385 83 17 Geyser
733 2385 76 16 Hotel.

529 2417 106 17 Mesdames
649 2416 74 20 Mellor,
739 2415 82 20 Gardon,
838 2415 101 23 England;

506 2441 97 18 Common,
622 2439 85 21 Guthrie,
725 2439 50 22 Hay,
793 2438 145 23 Christchurch;

506 2463 66 21 Steele,
595 2462 110 22 Tasmania;
732 2463 78 18 Burton,
833 2462 106 17 Auckland.

505 2487 46 17 Miss
560 2486 72 23 Bailey.
643 2486 124 19 Queensland.
793 2485 63 22 Judge
868 2485 70 22 Coffey,

506 2510 81 22 Sydney.
626 2510 28 16 Dr
681 2509 85 18 Guthrie,
790 2508 133 18 Cnristehurch
934 2508 4 24 ;

505 2529 69 22 Messrs
595 2533 122 19 Richardson,
743 2532 97 20 Swansea;
867 2532 71 22 Bailey,

505 2556 69 22 Corrie,
597 2556 129 21 Queensland;
746 2555 99 22 McGarry,
867 2555 71 22 Upton,

504 2580 79 20 Burton,
609 2579 98 17 Auckland
716 2578 4 22 ;
746 2579 75 19 Mellor,
844 2578 94 21 Bemrose,

505 2603 81 20 Gardon,
594 2603 97 22 England;
702 2603 97 19 Common,
807 2602 51 22 Hay,
867 2601 62 18 Christ-

505 2626 69 17 church
581 2625 4 21 ;
601 2626 65 17 Steele.
683 2625 110 21 Tasmania;
814 2625 59 20 Scott,
888 2625 39 16 Wai-

505 2650 45 17 kato
557 2656 5 15 ;
576 2650 71 19 Burtis,
655 2650 47 16 New
711 2648 58 18 York.

571 2696 88 17 Brent's
670 2696 113 16 Bathgate
795 2695 77 16 House.

527 2727 107 18 Mesdames
665 2727 108 19 Stevenson,
808 2726 113 18 Melbourne
934 2726 4 21 ;

505 2751 71 22 Syines,
584 2751 96 20 Gisborne;
689 2750 60 20 Krull,
757 2749 90 19 Cameron
856 2749 70 23 Wanga-

504 2775 44 21 nui;
565 2773 147 21 Smith-Hozier,
731 2773 45 17 New
792 2773 60 18 South
871 2773 67 18 Wales.

505 2798 66 17 Misses
585 2797 98 21 Cameron,
699 2793 117 29 Wanganui;
839 2796 99 23 Hepburn,

505 2821 112 17 Melbourne
625 2819 4 23 ;
651 2820 69 17 Brown
730 2819 32 23 ('J),
776 2819 99 18 Taranaki.
912 2820 28 16 Dr

505 2845 22 16 B.
536 2845 21 16 T.
567 2843 80 21 Russell,
658 2843 75 17 Ireland
741 2843 4 21 ;
766 2843 46 17 Kev.
828 2843 110 21 Buchanan,

505 2867 130 20 Coromandel;
645 2867 70 16 Messrs
722 2866 97 19 Halstoad,
826 2865 112 22 Masterton,

505 2890 100 22 England;
635 2890 50 17 R.II.
707 2889 81 23 Reaney,
810 2889 129 22 Wellington;

505 2914 57 20 Blair,
574 2913 62 22 Otago
644 2912 4 23 ;
661 2912 105 21 Haurwitz,
784 2912 155 23 Johannesberg;

505 2937 82 21 Aubrey,
612 2935 125 24 Whangarei;
759 2936 69 20 Evans,
851 2935 89 21 Timaru;

505 2960 99 20 Cameron,
614 2960 113 22 Wanganui.

639 3006 45 17 The
695 3005 111 18 Langham.

529 3039 106 17 Mesdames
652 3038 88 21 Graham,
756 3036 87 23 Hobart;
864 3036 66 19 Peater-

506 3068 39 15 son,
564 3062 77 22 Napier.
670 3061 68 17 Misses
753 3060 80 21 Tindall,
851 3060 89 21 Awbitu;

506 3086 68 21 Byrne,
591 3086 27 16 Te
623 3085 108 17 Awamutu.
762 3084 55 22 Capt.
832 3084 108 20 Peaterson,

506 3109 70 16 Messrs
585 3108 83 22 Cowper,
678 3108 76 22 Napier;
763 3107 88 19 Graham,
858 3107 82 20 Hobart;

507 3132 97 22 Stranger,
622 3132 107 21 Tauranga.
758 3130 32 17 Mr
806 3130 37 17 and
860 3130 41 17 Mrs
918 3130 22 17 O.

507 3155 91 20 Sullivan,
609 3154 105 18 Auckland.

640 3201 84 16 Mokoia
736 3200 64 17 View.

531 3230 47 17 Miss
586 3229 72 21 Dillon,
668 3229 105 17 Auckland.
798 3229 70 16 Messrs
876 3229 65 20 Hunt;

508 3253 68 21 Oakes,
586 3252 93 24 Cornaga,
695 3252 98 17 Auckland
801 3258 5 15 ;
824 3252 53 19 Parr,
892 3252 37 17 Can-

508 3276 78 22 terbury
595 3275 4 23 ;
614 3276 77 20 Gibson,
700 3276 26 16 Te
734 3276 113 20 Awamutu;
866 3275 63 17 Moore-

509 3300 54 20 liead,
574 3299 47 17 New
631 3299 60 17 South
699 3299 69 17 Wales.

510 3374 57 19 THE
588 3373 35 24 HOT
635 3373 59 24 LAKES
706 3373 106 24 CHRONICLE

695 3417 57 13 AND

612 3446 108 20 Tourists'
746 3446 208 20 Journal.

563 3520 171 20 WEDNESDAY,
744 3520 58 17 MAY
811 3521 17 20 6,
839 3521 52 16 1896.

511 3577 59 19 THE
588 3576 117 20 HEALTH
724 3576 36 20 OF
779 3576 60 18 THE
853 3575 91 21 TOWN.

511 3612 46 19 The
567 3612 52 18 local
632 3611 67 18 Board
715 3611 21 18 of
750 3610 78 19 Health
843 3610 38 19 has
899 3617 46 13 now

512 3638 114 25 completed
633 3637 33 18 the
675 3637 91 24 drafting
776 3637 21 18 of
803 3637 35 18 the
844 3636 101 25 bye-laws

512 3670 106 18 necessary
628 3663 20 18 in
659 3663 34 18 the
703 3663 94 18 interests
807 3662 21 19 of
835 3663 110 19 sanitation

513 3690 40 19 and
567 3690 38 19 has
625 3688 110 20 submitted
752 3688 55 20 them
825 3691 20 17 to
861 3689 36 19 the
913 3695 22 13 re-

512 3716 66 19 vision
601 3716 21 18 of
644 3715 35 19 the
701 3714 49 20 Law
774 3714 80 20 Officers
871 3715 22 19 of
910 3715 35 19 the

513 3742 79 19 Crown.
621 3741 85 23 Having
715 3748 12 11 a
742 3741 60 24 lively
818 3741 127 19 recollection

513 3768 21 20 of
551 3768 35 19 the
603 3767 58 24 delay
678 3767 41 19 and
734 3767 35 19 the
785 3767 98 24 untimely
904 3767 41 19 fate

514 3795 65 18 which
595 3796 42 16 met
656 3793 34 18 the
706 3792 99 26 bye-laws
821 3793 78 19 framed
920 3793 25 24 by

513 3820 35 19 tLo
558 3820 62 18 Town
630 3819 68 19 Board
708 3824 54 14 some
779 3818 71 19 twelve
865 3819 81 18 months

514 3853 45 18 ngo,
572 3852 30 12 we
612 3846 51 18 have
681 3845 139 18 considerable
835 3844 111 26 misgiving

514 3878 22 12 as
541 3871 134 24 tothelength
680 3871 21 19 of
705 3871 48 19 time
757 3870 65 19 which
827 3876 46 18 may
879 3870 67 25 elapse

515 3898 68 19 before
589 3898 36 18 the
631 3897 68 19 Board
708 3896 22 20 of
738 3896 77 19 Health
821 3896 126 25 regulations

515 3930 33 12 are
573 3923 63 25 likely
655 3925 20 17 to
693 3929 55 12 come
769 3923 43 18 into
835 3922 111 25 operation.

515 3949 107 23 However,
633 3956 30 12 we
673 3952 54 16 must
738 3948 51 26 hope
804 3948 32 19 for
851 3948 35 19 the
903 3948 44 19 best

515 3976 40 19 and
565 3976 21 22 if,
599 3982 22 12 as
637 3982 29 12 we
682 3974 131 23 understand,
833 3974 53 19 their
903 3974 33 19 des-

516 4002 61 25 patch
601 4007 41 13 was
661 4000 143 25 accompanied
825 4000 28 25 by
878 4000 70 19 letters

516 4033 20 13 to
546 4028 35 18 the
590 4027 148 25 departmental
746 4027 75 18 officers
828 4026 120 25 explaining

516 4054 34 18 the
561 4059 90 19 urgency
661 4053 20 18 of
691 4052 35 19 the
736 4052 102 23 situation,
848 4058 26 12 no
884 4051 64 19 doubt

516 4080 34 18 the
560 4079 89 19 revision
658 4078 42 20 will
709 4078 26 19 be
745 4078 106 25 expedited
859 4083 23 13 as
888 4080 59 16 much

517 4111 22 12 as
548 4105 95 25 possible.
679 4104 26 19 In
720 4105 89 24 framing
823 4104 58 19 those
898 4103 50 25 bye*

516 4132 49 18 lawa
574 4131 35 19 the
618 4130 52 20 local
679 4130 65 19 board
755 4131 37 18 has
802 4130 40 19 had
853 4130 95 18 a-rather

978 115 88 20 arduous
1074 115 45 19 task
1127 117 21 16 to
1154 114 130 25 performa
1289 113 47 19 task
1343 113 66 19 which

977 141 67 20 mieht
1063 139 139 25 undoubtedly
1221 140 54 19 have
1293 139 52 20 been
1363 145 35 12 ren-

977 167 60 19 dered
1049 166 58 20 much
1116 166 64 19 easier
1188 166 16 18 if
1212 166 130 19 instructions
1349 171 48 18 regu-

976 193 68 24 lating
1053 192 49 19 local
1112 192 75 18 boards
1197 198 52 12 were
1260 191 68 19 issued
1338 190 27 26 by
1374 190 35 19 the

976 218 75 19 central
1062 218 110 23 authority.
1201 218 29 18 On
1243 218 62 22 beinjr
1316 216 93 26 gazetted

976 251 23 12 as
1015 251 13 12 a
1047 244 51 19 local
1115 242 70 23 board,
1206 242 33 19 Mr
1261 243 89 23 Dansey,
1374 242 34 19 the

976 272 106 22 secretary,
1094 273 61 14 wrote
1174 272 21 15 to
1213 269 35 18 the
1265 268 92 19 Colonial
1376 268 21 19 Se-

975 296 96 24 cretary's
1079 295 133 24 Department
1226 295 74 24 asking
1314 294 45 19 that
1374 294 34 18 the

976 321 54 19 rules
1040 321 39 19 and
1093 320 126 25 regulations
1236 321 22 18 of
1272 321 35 18 the
1327 319 80 20 Central

976 347 68 19 Board
1053 347 20 19 of
1084 346 77 19 Health
1171 346 67 25 might
1252 346 26 19 be
1294 345 113 20 forwarded

975 373 32 18 for
1016 373 35 18 the
1061 372 99 25 guidance
1169 373 22 17 of
1200 373 35 17 the
1244 372 50 19 local
1305 372 60 24 body.
1381 371 26 19 In

975 399 57 24 reply
1042 402 21 15 to
1072 398 41 19 this
1122 404 13 12 a
1144 404 51 19 copy
1203 399 21 17 of
1234 399 34 17 the
1279 397 76 19 Health
1369 397 38 19 Act

975 425 40 18 and
1025 423 77 20 several
1110 424 68 24 copies
1192 424 21 18 of
1223 425 34 17 the
1272 423 135 19 Government

976 451 82 18 Gazette
1070 456 49 12 were
1126 450 114 18 forwarded
1249 449 62 25 along
1318 449 48 19 with
1373 449 33 18 the

974 476 131 18 information
1117 475 45 19 that
1172 475 57 19 there
1239 482 51 12 were
1303 482 27 12 no
1346 481 48 18 regu-

975 501 73 19 lations
1059 501 25 25 by
1094 501 35 19 the
1147 501 82 19 Central
1246 501 73 19 Board.
1354 497 53 22 That

974 527 54 25 body
1038 527 119 25 apparently
1167 527 65 19 issues
1244 528 26 18 its
1280 526 126 26 regulations

974 554 52 18 from
1037 554 49 18 time
1095 556 20 15 to
1125 553 48 18 time
1189 553 21 19 in
1225 553 35 19 the
1279 554 90 18 columns
1386 553 20 18 of

974 580 35 17 the
1020 579 135 19 Government
1166 579 83 19 Gazette
1262 580 39 17 and
1310 585 25 12 no
1342 578 64 19 doubt

974 606 117 24 experience
1102 606 36 18 has
1148 606 68 18 shown
1228 606 44 17 that
1289 604 41 19 this
1346 604 18 19 is
1378 604 28 18 all

974 631 45 18 that
1035 632 18 17 is
1070 637 111 18 iieeessuy.
1210 631 39 19 We
1269 630 65 23 think,
1352 631 40 18 how-

974 663 52 17 ever,
1047 657 16 18 it
1081 657 67 19 would
1168 658 24 18 bo
1208 656 105 19 advisable
1330 656 32 18 for
1371 656 35 18 the

974 683 81 20 Central
1067 683 66 19 Board
1143 683 65 18 either
1215 686 20 15 to
1244 682 54 19 draw
1307 688 26 18 up
1342 682 54 24 speci-

974 716 46 12 men
1041 712 40 16 sets
1103 710 22 17 of
1150 708 125 26 regulations
1298 708 32 18 for
1354 707 51 19 local

976 735 71 19 boards
1057 741 22 13 or
1088 735 54 19 issue
1152 741 54 12 some
1223 734 79 25 specific
1319 733 76 19 instruc-

975 762 53 19 tions
1037 764 21 16 to
1071 761 55 19 show
1136 760 101 20 members
1252 760 22 18 of
1289 759 56 19 these
1361 759 44 19 how

973 790 20 17 to
1010 787 84 26 proceed
1112 793 26 12 on
1157 787 53 18 their
1228 786 45 18 first
1291 785 61 25 being
1371 791 22 19 ap-

973 813 88 26 pointed.
1089 813 29 18 As
1127 813 17 18 it
1153 813 23 22 is,
1188 812 54 18 after
1257 811 79 19 infinite
1351 813 43 17 trou-

973 841 33 19 ble
1014 846 26 12 on
1050 839 35 19 the
1094 841 46 22 part
1152 838 22 19 of
1192 838 35 18 the
1244 837 50 19 local
1312 837 69 23 board,
1392 843 12 12 a

972 867 48 19 code
1026 866 22 18 of
1054 864 131 25 regulations,
1196 863 96 25 covoring
1301 862 63 20 about
1378 864 26 17 40

973 898 62 18 uages
1044 892 21 18 of
1074 889 95 25 foolscap,
1181 889 36 19 has
1237 889 51 19 been
1302 889 102 25 produced

973 917 66 21 which
1050 922 27 13 wo
1088 916 51 18 have
1153 922 26 12 no
1195 915 64 19 doubt
1274 915 59 19 could
1352 915 52 19 have

973 945 50 19 been
1046 941 59 20 much
1120 941 110 25 simplified
1249 941 64 19 under
1331 947 73 19 proper

971 969 103 21 direction.

997 996 43 18 Tne
1067 993 126 24 regulations
1214 999 35 13 are
1282 993 120 25 necessarily

971 1025 52 16 most
1040 1020 169 24 comprehensive.
1244 1019 56 23 They
1319 1019 83 25 provide

971 1049 31 18 for
1009 1048 34 18 the
1049 1046 134 19 construction
1193 1046 21 18 of
1221 1051 73 19 proper
1301 1046 100 24 cess-pits,

971 1074 78 22 closets,
1061 1072 89 24 ash-pits
1159 1072 41 18 and
1210 1079 22 11 so
1242 1077 26 13 on
1277 1071 39 18 and
1327 1071 27 18 foi
1368 1071 34 18 the

971 1105 72 20 proper
1052 1098 104 24 cleansing
1162 1098 22 18 of
1195 1104 55 12 same
1264 1097 137 25 periodically;

969 1126 35 19 the
1015 1124 88 21 removal
1113 1124 21 18 of
1144 1124 27 18 all
1181 1123 87 19 rubbish
1275 1125 51 16 from
1334 1124 67 23 yards;

969 1152 35 19 the
1017 1150 117 26 prevention
1153 1150 22 18 of
1194 1156 40 18 any
1253 1148 148 26 objectionable

970 1180 62 17 water
1060 1183 22 12 or
1103 1176 64 25 liquid
1190 1176 90 23 running
1300 1175 43 19 into
1367 1175 35 19 the

969 1206 72 17 streets
1052 1209 21 12 or
1084 1201 149 26 accumulating
1242 1208 49 12 near
1299 1202 101 24 promisee;

969 1230 35 19 the
1015 1228 102 24 cleansing
1128 1228 21 18 of
1168 1228 28 18 all
1216 1227 76 19 stables
1308 1227 40 19 and
1367 1228 34 19 the

969 1255 129 20 banishment
1107 1254 21 18 of
1141 1253 28 19 all
1187 1254 46 25 pigs
1243 1254 52 18 from
1314 1257 35 15 out
1366 1255 35 18 the

969 1286 52 15 town
1033 1281 67 19 limits.
1128 1280 57 23 Thej'
1195 1279 96 25 stipulate
1301 1279 35 19 the
1343 1287 43 12 man-

968 1315 36 12 ner
1013 1308 20 18 in
1045 1306 64 20 which
1121 1306 27 19 all
1158 1305 97 20 offensive
1266 1308 73 16 matter
1348 1307 52 18 shall

969 1335 24 18 be
1013 1335 93 18 removed,
1121 1332 41 18 and
1181 1338 25 12 on
1222 1331 66 19 whom
1307 1331 34 19 the
1359 1336 41 15 cost

968 1360 52 19 shall
1037 1359 34 19 fall
1082 1358 4 25 ;
1108 1358 48 25 they
1175 1358 47 25 give
1240 1364 68 18 power
1326 1361 21 15 to
1366 1359 34 19 the

968 1387 70 18 health
1048 1385 76 19 officers
1133 1387 21 15 to
1165 1387 57 15 enter
1230 1383 28 19 all
1268 1385 99 23 premises
1380 1389 20 14 to

968 1412 99 19 ascertain
1077 1411 17 19 if
1103 1411 57 18 there
1169 1410 18 19 is
1200 1416 39 18 any
1251 1409 73 20 breach
1335 1411 21 18 of
1366 1411 33 18 the

967 1437 106 26 bye-laws,
1085 1436 39 19 and
1131 1436 84 25 provide
1225 1437 31 18 for
1263 1436 34 19 the
1305 1442 83 19 prosecu-

967 1465 42 18 tion
1020 1464 21 19 of
1051 1469 77 19 anyone
1139 1462 128 25 obstructing
1277 1462 34 19 the
1324 1463 75 18 officers

968 1491 67 18 whilst
1045 1489 20 20 in
1082 1488 138 27 performance
1237 1490 21 17 of
1275 1488 52 19 their
1342 1489 55 25 duty.

967 1517 56 24 They
1034 1516 72 19 render
1115 1514 120 25 imperative
1245 1516 34 17 the
1295 1515 104 25 reporting

967 1543 19 18 of
997 1542 28 19 nil
1035 1549 55 12 cases
1103 1541 21 18 of
1140 1540 108 19 infectious
1263 1540 84 23 disease,
1360 1542 39 18 and

967 1568 82 26 provide
1073 1569 31 17 for
1122 1566 131 20 information
1273 1567 21 18 of
1310 1567 89 25 existing

967 1596 103 17 nuisances
1086 1594 62 24 being
1163 1593 61 24 given
1240 1592 65 19 either
1321 1593 26 24 by
1365 1594 34 17 the

966 1627 72 19 person
1049 1618 110 28 aggrieved
1167 1625 23 12 or
1198 1618 26 24 by
1232 1625 39 18 any
1279 1622 38 15 two
1326 1618 61 21 house-

967 1646 86 21 holders.
1080 1643 49 21 This
1140 1646 17 17 is
1169 1645 35 18 but
1214 1651 12 12 a
1235 1645 52 18 brief
1293 1645 77 18 outline
1378 1646 21 18 of

966 1674 34 18 the
1011 1673 66 25 points
1084 1671 85 19 touched
1180 1677 59 18 upon,
1248 1671 40 19 and
1298 1671 16 19 it
1321 1671 17 19 is
1347 1674 19 16 to
1373 1672 26 19 be

966 1699 99 24 fervently
1077 1698 64 25 hoped
1150 1698 44 18 that
1205 1704 25 11 no
1243 1697 105 19 vexatious
1364 1698 24 19 de-

967 1723 4 26 -1
985 1733 13 11 v
1012 1725 39 18 will
1063 1724 94 19 interfere
1169 1723 47 19 with
1228 1723 34 19 the
1273 1723 125 26 regulations

966 1752 62 24 being
1039 1754 36 22 put
1085 1750 20 20 in
1115 1750 59 18 force.

992 1782 199 24 Contemporaneous
1200 1780 47 18 with
1253 1780 56 19 these
1317 1781 70 23 regula-

966 1810 52 18 tions
1031 1808 60 23 being
1101 1810 36 21 put
1148 1806 20 18 in
1185 1806 53 18 force
1258 1807 65 24 ought
1342 1810 20 15 to
1373 1808 25 18 be

966 1836 33 18 the
1015 1834 101 19 initiation
1135 1832 21 19 of
1175 1839 12 12 a
1206 1839 73 18 proper
1298 1839 100 19 sewerage

966 1864 80 22 system.
1074 1859 48 18 This
1133 1859 17 18 is
1160 1865 12 12 a
1183 1862 72 15 matter
1275 1858 66 19 which
1350 1865 33 14 can-

966 1890 34 17 not
1011 1887 24 17 be
1053 1888 32 15 too
1103 1885 92 24 strongly
1214 1884 112 25 impressed
1344 1891 52 19 upon

965 1914 34 18 the
1011 1912 141 20 Government.
1181 1912 30 18 On
1232 1911 95 24 previous
1345 1918 40 12 occa-

966 1940 54 18 sions
1029 1942 26 15 its
1066 1937 87 19 mention
1165 1937 37 18 has
1212 1940 40 15 met
1266 1937 46 18 with
1322 1937 33 19 the
1366 1945 21 11 re-

966 1966 33 24 ply
1010 1965 44 19 that
1063 1964 48 18 such
1121 1971 12 11 a
1152 1963 79 18 scheme
1241 1966 55 15 must
1315 1964 47 18 wait
1373 1971 24 11 on

965 1992 34 19 the
1011 1991 61 19 levels
1084 1990 21 19 of
1124 1989 35 19 the
1180 1993 53 14 town
1255 1989 60 25 being
1333 1996 54 12 ascer-

964 2017 76 20 tained.
1068 2016 42 18 The
1120 2015 63 19 levels
1193 2016 21 18 of
1224 2015 34 19 the
1278 2018 53 16 town
1346 2016 49 18 hav-.

965 2044 53 18 since
1029 2043 50 18 been
1089 2042 68 22 taken,
1169 2048 22 12 so
1211 2041 45 19 that
1274 2048 71 12 reason
1365 2043 32 17 for

965 2071 59 24 delay
1034 2070 17 18 is
1061 2068 99 23 removed,
1181 2067 40 19 and
1241 2068 15 18 it
1267 2067 17 19 is
1293 2067 47 25 only
1352 2075 33 12 rea-

965 2096 83 19 sonable
1065 2095 44 19 that
1119 2094 35 18 the
1171 2093 137 19 Government
1325 2094 72 19 should

964 2129 45 12 now
1019 2121 49 19 send
1077 2126 54 14 some
1147 2119 97 25 engineer
1263 2120 45 18 well
1327 2121 70 18 versed

964 2149 21 18 in
995 2149 98 23 drainage
1108 2149 84 15 matters
1210 2149 21 14 to
1250 2149 69 21 report
1341 2152 55 19 upon

964 2175 34 19 the
1009 2178 51 14 most
1070 2172 85 20 feasible
1171 2171 83 19 method
1274 2171 21 19 of
1314 2172 83 25 dealing

964 2201 49 19 with
1024 2201 34 18 the
1068 2205 80 18 sewage
1157 2198 22 19 of
1199 2198 35 19 the
1250 2201 60 16 town.
1347 2198 50 19 This

964 2227 17 18 is
991 2234 12 11 a
1013 2229 73 16 matter
1105 2224 66 20 which
1191 2224 41 19 will
1251 2224 64 20 admit
1334 2225 21 18 of
1371 2231 26 12 no

964 2252 80 19 further
1052 2251 58 25 delay
1120 2251 16 18 if
1143 2251 93 18 Kotorua
1246 2251 17 18 is
1270 2254 21 15 to
1298 2251 25 19 be
1331 2251 52 18 main-

964 2279 68 19 tained
1043 2285 22 12 as
1075 2284 11 13 a
1096 2277 70 19 health
1180 2279 71 16 resort.
1280 2276 49 20 Last
1340 2283 55 18 year,

964 2305 57 19 when
1032 2304 81 24 writing
1123 2310 26 12 on
1159 2302 41 20 this
1211 2302 85 25 subject,
1308 2310 30 12 we
1353 2304 43 17 said

964 2331 15 19 it
989 2337 40 13 was
1035 2338 26 11 no
1072 2330 57 19 relief
1144 2333 20 15 to
1185 2329 56 25 point
1260 2334 21 13 to
1299 2330 34 18 the
1354 2330 41 19 fact

964 2358 44 18 that
1018 2364 52 11 none
1081 2357 20 18 of
1111 2356 35 19 the
1164 2361 56 13 cases
1239 2356 21 17 of
1279 2356 85 24 typhoid
1376 2356 19 18 in

963 2384 65 18 which
1046 2383 118 24 Europoaus
1188 2381 42 19 had
1249 2382 51 18 been
1310 2382 86 18 affected

962 2410 41 18 had
1015 2409 120 19 terminated
1155 2407 79 25 fatally.
1264 2408 58 19 Now.
1346 2415 50 12 even

962 2436 41 19 this
1013 2443 50 17 poor
1072 2435 123 19 consolation
1215 2434 17 18 is
1251 2434 73 18 denied
1333 2441 29 16 us,
1374 2441 22 12 as

963 2463 81 18 witness
1063 2462 34 18 the
1116 2467 51 19 gaps
1187 2460 65 19 which
1274 2460 52 19 have
1346 2460 49 19 been

962 2488 58 19 made
1036 2488 20 18 in
1077 2494 54 12 more
1150 2487 49 18 than
1219 2493 38 12 one
1277 2486 117 19 household.

962 2515 28 18 As
1001 2521 29 12 we
1040 2514 48 19 then
1099 2513 68 19 feared
1184 2513 34 19 the
1239 2513 72 19 tourist
1331 2513 64 18 traffic

962 2541 43 23 has,
1016 2544 21 15 to
1048 2547 12 11 a
1069 2540 75 19 certain
1155 2543 75 18 extent,
1242 2539 51 19 been
1304 2539 91 18 diverted

962 2568 51 17 from
1025 2566 40 19 this
1075 2567 61 24 place,
1148 2566 73 25 simply
1237 2566 31 18 for
1280 2565 34 19 the
1324 2571 71 13 reason

962 2593 45 19 that
1029 2595 79 22 reports
1133 2599 52 11 were
1212 2591 74 25 spread
1312 2591 22 19 of
1361 2591 34 19 the

962 2619 111 24 insanitary
1084 2619 101 19 condition
1200 2618 21 18 of
1232 2619 34 17 the
1284 2620 53 16 town
1340 2624 55 12 re-

962 2650 56 19 ports
1030 2645 71 22 which,
1117 2644 160 22 unfortunately,
1292 2643 58 19 could
1361 2647 35 15 not

964 2672 23 18 bo
997 2671 120 24 specifically
1134 2671 80 18 denied.
1256 2669 44 19 The
1319 2670 75 24 apathy

962 2698 21 18 of
990 2697 28 19 all
1035 2697 109 19 concerned
1165 2697 74 18 invites
1259 2703 11 12 a
1289 2696 32 18 far
1341 2702 54 12 more

962 2723 101 24 alarming
1073 2723 100 19 condition
1188 2727 49 14 next
1257 2728 77 16 season,
1355 2722 40 18 and

962 2750 68 18 unless
1042 2749 73 25 speedy
1126 2749 40 19 and
1177 2748 107 19 concerted
1301 2748 66 18 action
1378 2748 16 18 is

962 2776 67 22 taken,
1041 2775 50 19 both
1103 2775 25 24 by
1139 2775 34 19 the
1181 2775 31 19 loc
1226 2775 5 18 1
1242 2775 103 23 authority
1356 2774 40 18 and

962 2802 99 18 residents
1071 2801 126 19 themselves,
1210 2801 34 19 the
1256 2801 62 18 ranks
1328 2801 21 18 of
1359 2800 35 19 the

962 2829 80 18 visitors
1052 2827 41 19 will
1108 2827 82 19 become
1209 2834 55 12 more
1284 2827 40 18 and
1342 2833 54 12 more

962 2853 124 20 attenuated.

988 2885 43 19 The
1041 2885 71 24 longer
1121 2892 29 11 wo
1157 2884 59 26 delay
1224 2884 20 19 in
1253 2883 82 25 dealing
1345 2883 50 19 with

962 2911 42 19 this
1014 2914 73 15 matter
1104 2910 21 19 of
1133 2911 110 19 sanitation
1262 2910 35 18 the
1317 2913 80 21 greater

963 2937 40 19 will
1014 2937 25 19 be
1049 2937 34 19 the
1099 2937 98 24 difficulty
1214 2937 20 19 in
1256 2936 74 25 coping
1348 2936 48 18 with

962 2964 21 18 it.
1013 2963 81 24 During
1104 2963 34 18 the
1153 2969 45 18 past,
1218 2963 31 19 six
1270 2963 80 17 months
1371 2969 26 11 no

962 2989 131 25 opportunity
1103 2989 37 19 has
1155 2990 50 18 l>nfit
1226 2990 37 18 lust
1282 2989 21 18 of
1320 2988 77 25 calling

962 3016 35 18 tho
1007 3015 99 19 attention
1127 3016 21 18 of
1165 3015 34 19 the
1220 3015 138 19 Government
1376 3017 21 16 to

962 3042 35 18 the
1008 3044 52 16 state
1069 3042 21 18 of
1100 3041 75 23 affairs,
1188 3041 86 20 without
1285 3041 112 24 obtruding

963 3074 36 12 our
1009 3067 87 25 position
1107 3071 33 15 too
1157 3068 59 18 much
1227 3074 26 12 on
1268 3067 35 19 the
1322 3067 65 18 travel-

963 3094 44 25 ling
1032 3093 75 25 public,
1130 3100 22 13 so
1174 3093 46 20 that
1242 3094 110 25 ignorance
1377 3093 21 18 of

963 3120 34 19 the
1021 3119 100 20 condition
1144 3121 22 18 of
1188 3120 35 19 the
1244 3123 54 16 town
1325 3121 73 16 cannot

965 3146 23 19 bo
1004 3146 86 25 pleaded
1111 3153 22 12 bs
1152 3153 11 12 a
1174 3153 72 12 reason
1263 3146 31 18 for
1302 3145 94 19 inaction.

963 3172 39 19 Wo
1014 3175 57 20 trust,
1081 3172 107 23 therefore,
1198 3172 45 19 that
1251 3172 35 19 the
1293 3177 105 19 necessary

963 3201 55 21 steps
1027 3205 46 17 may
1083 3198 25 19 be
1124 3200 21 17 at
1164 3205 49 12 once
1231 3198 62 19 tiiken
1312 3204 22 13 so
1354 3198 44 18 that

964 3224 34 19 the
1009 3224 38 18 ban
1058 3231 44 12 now
1112 3224 74 25 falling
1197 3231 24 11 on
1232 3224 36 19 the
1286 3224 56 25 place
1352 3230 46 17 may

964 3250 25 18 be
999 3251 32 17 for
1040 3250 27 18 all
1078 3250 47 18 time
1136 3250 101 18 removed.

964 3324 44 17 The
1017 3324 70 17 annual
1096 3326 64 20 report
1168 3324 20 17 of
1193 3324 32 18 the
1233 3324 68 17 School
1307 3323 79 19 Commit-

964 3348 29 17 tee
1004 3347 59 17 which
1073 3353 37 11 was
1124 3347 44 17 read
1183 3348 19 16 at
1218 3349 7 15 t
1226 3347 4 23 T
1232 3354 18 10 jc
1265 3347 83 23 meeting
1363 3347 37 17 last

964 3370 85 22 Monday
1058 3370 52 17 week
1118 3370 61 17 stated
1188 3370 42 17 thai
1240 3372 34 15 out
1283 3371 20 16 of
1313 3371 6 16 1
1324 3371 22 16 .'3O
1352 3371 38 16 chil-

965 3392 46 18 dren
1020 3399 24 11 ou
1053 3394 32 16 the
1100 3394 64 17 school
1176 3394 36 16 roll
1226 3394 33 17 the
1274 3399 79 17 average
1369 3395 20 15 at-

965 3417 92 17 tendance
1073 3422 38 12 was
1127 3417 45 21 only
1190 3417 77 17 71'Ta
1283 3417 49 17 little
1349 3422 51 12 more

965 3440 47 17 than
1029 3445 34 12 one
1077 3439 46 18 half.
1157 3440 44 17 This
1209 3440 16 17 is
1240 3445 11 12 a
1259 3441 51 16 most
1317 3440 72 17 unsatis-

965 3463 73 21 factory
1056 3463 48 17 state
1117 3463 19 16 of
1153 3463 63 17 affairs
1232 3463 38 17 and
1287 3469 35 11 one
1339 3463 61 17 which

965 3486 46 18 calls
1020 3486 30 17 for
1058 3486 107 17 immediate
1178 3486 100 18 attention.
1303 3486 39 17 The
1357 3488 32 16 out-

965 3510 61 22 going
1034 3509 107 17 committee
1149 3509 96 22 regretted
1261 3509 33 17 the
1308 3509 39 17 fact
1364 3509 36 17 and

965 3532 143 18 recommended
1116 3532 32 17 the
1157 3538 42 11 new
1208 3533 107 16 committee
1324 3533 20 16 to
1357 3532 43 17 take

966 3556 79 17 decisive
1054 3557 50 20 steps
1112 3555 20 17 in
1140 3556 33 16 the
1182 3557 75 16 matter.
1282 3556 26 17 As
1317 3556 33 17 the
1357 3561 33 17 per-

966 3579 66 17 sonnel
1040 3579 20 17 of
1075 3579 33 17 the
1120 3580 135 21 management
1268 3578 21 21 is,
1305 3578 47 17 with
1366 3584 36 12 one

966 3602 104 22 exception,
1081 3602 32 16 the
1121 3608 57 14 same,
1188 3608 28 10 we
1225 3608 44 16 may
1279 3607 74 11 assume
1359 3602 42 16 that

966 3625 32 18 the
1016 3631 64 11 course
1101 3625 77 22 pointed
1195 3626 34 16 out
1248 3625 41 17 will
1305 3625 23 17 be
1345 3625 56 16 taken

967 3649 80 16 without
1056 3648 61 22 delay.
1151 3648 99 21 Circulars,
1268 3648 17 17 it
1301 3648 99 23 appeared,

967 3677 49 11 were
1023 3671 62 17 issued
1093 3677 50 11 some
1152 3671 46 17 time
1206 3677 43 16 ago,
1264 3671 35 17 hut
1313 3677 21 11 as
1350 3671 52 17 these

966 3695 38 17 had
1013 3695 44 21 only
1066 3700 11 11 a
1085 3695 103 21 transitory
1198 3695 54 17 effect
1259 3695 16 16 it
1284 3694 15 17 is
1310 3695 92 21 apparent

966 3718 43 17 that
1018 3723 50 12 some
1077 3719 76 21 parents
1162 3717 38 18 will
1209 3717 45 22 only
1262 3717 23 17 be
1297 3717 105 17 influenced

966 3741 25 22 by
1000 3741 34 17 the
1042 3740 78 24 putting
1128 3740 20 17 in
1157 3741 50 17 force
1216 3741 20 17 of
1245 3740 32 18 the
1284 3740 118 23 compulsory

967 3764 63 17 clause
1038 3764 20 17 of
1066 3764 32 16 the
1107 3763 68 18 School
1185 3763 118 19 Attendance
1312 3764 42 16 Act.
1364 3763 38 17 The

967 3787 37 17 Act
1012 3787 16 17 is
1043 3788 49 16 most
1109 3787 77 22 explicit
1202 3787 37 17 and
1257 3787 45 21 only
1318 3788 85 20 exempts

967 3810 84 17 children
1061 3810 42 17 who
1115 3816 44 16 may
1175 3810 23 17 ho
1216 3810 59 17 under
1291 3810 111 16 instruction

968 3833 105 20 elsewhere,
1084 3839 21 11 or
1113 3833 69 17 unable
1198 3834 21 16 to
1235 3832 67 18 attend
1318 3832 84 23 through

968 3857 87 19 sickness,
1066 3862 21 11 or
1093 3856 32 17 the
1132 3857 48 16 state
1186 3857 20 16 of
1214 3857 33 16 the
1256 3855 54 17 roads
1318 3855 85 17 between

968 3879 32 18 the
1018 3879 66 18 child's
1106 3879 94 17 residence
1221 3879 37 17 and
1279 3879 33 17 the
1333 3878 69 17 school.

968 3902 79 17 Various
1068 3902 91 23 penalties
1176 3908 31 11 are
1223 3902 90 22 provided
1329 3902 26 22 by
1371 3902 33 17 the

968 3926 36 17 Act
1011 3926 29 16 for
1044 3925 165 22 non-compliance
1214 3925 46 17 with
1270 3925 24 17 its
1299 3925 105 22 provisions

968 3949 36 17 but
1012 3949 15 16 it
1036 3949 16 16 is
1060 3949 20 16 to
1088 3949 23 16 be
1120 3949 63 21 hoped
1193 3949 44 16 that
1251 3949 33 16 the
1297 3949 107 16 committee

969 3972 38 17 will
1016 3973 34 15 not
1058 3971 23 18 he
1090 3971 119 18 constrained
1217 3971 25 22 by
1251 3971 33 17 the
1292 3973 112 20 contumacy

969 3995 20 17 of
996 3996 77 21 parents
1088 3996 21 16 to
1124 3995 45 17 take
1182 3994 79 18 decisive
1278 3994 69 18 action.
1381 3994 23 17 In

969 4017 69 24 regard
1046 4019 20 15 to
1075 4018 63 16 native
1146 4017 38 17 and
1200 4017 103 17 half-caste
1320 4017 84 17 children

970 4041 14 17 it
994 4041 64 17 would
1066 4046 69 17 appear
1144 4041 44 16 that
1195 4041 33 16 the
1237 4041 37 17 Act
1279 4040 32 17 did
1318 4041 36 16 not
1359 4046 34 11 con-

969 4064 91 22 template
1080 4064 49 17 their
1157 4064 113 17 attendance
1296 4065 21 15 at
1341 4063 63 23 public

969 4087 73 17 schools
1059 4093 20 11 as
1099 4087 32 17 the
1154 4086 119 23 compulsory
1294 4087 71 17 clauses
1385 4086 19 17 in

969 4110 80 17 relation
1065 4111 20 16 to
1101 4110 52 17 them
1169 4110 58 17 refers
1244 4110 45 22 only
1305 4111 20 16 to
1342 4110 62 16 native

969 4133 78 16 schools.

1432 111 103 23 LOCAL
1549 111 96 24 NEWS
1669 111 69 23 AND
1753 110 110 24 NOTES.

1454 167 85 17 Tourists
1558 167 103 22 travelling
1677 167 85 16 between
1780 166 86 16 Rotorua

1430 189 38 17 and
1477 189 100 18 Auckland
1586 195 35 12 can
1635 190 39 22 rely
1688 195 51 16 upon
1752 188 77 23 getting
1841 194 24 11 an

1430 212 94 17 excellent
1532 212 35 17 hot
1578 213 94 16 luncheon
1685 214 20 15 at
1721 212 32 17 the
1767 212 99 16 Franktcn

1430 235 65 20 Hotel,
1518 235 97 17 Frankton
1630 235 96 20 Junction,
1748 235 63 17 where
1832 234 33 17 the

1430 258 50 16 train
1487 259 53 21 sto]is
1549 259 22 15 20
1582 259 98 16 minutes.*

1454 289 16 17 A
1478 289 39 17 lost
1524 289 64 17 bunch
1597 290 20 16 of
1625 290 46 21 keys
1679 290 15 16 is
1706 288 106 18 advertised
1828 288 36 17 for.

1455 320 32 17 Mr
1494 320 19 17 J.
1524 320 25 17 H.
1559 320 69 22 Taylor
1637 325 106 12 announces
1752 326 10 11 a
1769 320 96 17 clearance

1429 343 38 17 sale
1476 343 20 17 of
1504 344 29 16 his
1543 343 60 17 whole
1609 343 52 17 stock
1670 343 69 22 during
1748 343 32 17 the
1789 344 76 16 current

1429 367 73 16 month.

1452 398 32 16 Mr
1512 397 85 22 Taylor's
1621 397 123 18 comfortable
1766 396 98 18 furnished

1428 421 94 17 residence
1531 426 24 11 on
1564 421 33 16 tho
1605 421 51 16 Lake
1665 421 54 16 shore
1727 421 16 16 is
1751 421 20 16 to
1779 420 27 16 let
1814 421 50 16 from

1427 444 33 17 the
1470 445 28 15 Ist
1505 443 57 18 Juno.

1451 475 39 17 Tho
1506 475 46 17 Rev.
1578 475 31 17 Mr
1633 475 103 17 Buchanan
1759 474 104 17 conducted

1428 498 132 22 Presbyterian
1574 498 70 17 service
1651 498 20 17 in
1687 498 33 16 the
1736 497 127 18 Schoolhouse

1427 527 24 12 on
1459 521 77 22 Sunday
1545 521 88 23 morning
1638 521 37 16 and
1684 521 80 22 evening
1772 520 42 17 last.

1451 552 120 23 Application
1585 552 34 16 has
1633 552 47 16 been
1697 551 53 17 made
1767 551 25 22 by
1807 551 56 17 Hiria

1427 575 57 18 Haua
1498 575 44 17 that
1557 575 65 17 letters
1639 575 20 17 of
1668 574 151 17 administration
1840 574 23 17 be

1426 598 82 23 granted
1517 601 19 14 to
1546 598 38 17 him
1593 598 19 16 in
1621 598 32 17 the
1671 599 58 16 estate
1743 598 20 17 of
1779 598 84 16 Wiromu

1427 622 61 21 Rupa,
1495 621 38 17 late
1543 622 19 16 of
1571 622 25 16 Te
1605 621 90 19 Awahou,
1706 620 94 18 deceased.

1449 653 40 16 The
1498 653 128 17 Government
1632 652 47 17 have
1688 652 77 17 decided
1772 653 20 16 to
1799 653 52 16 trans-

1426 676 55 22 plant
1489 682 12 10 a
1508 676 54 21 large
1571 675 80 17 number
1659 675 20 17 of
1687 676 48 16 trees
1744 681 25 11 on
1783 675 32 17 the
1832 681 20 11 re-

1426 704 52 12 serve
1487 699 20 16 of
1515 705 11 10 a
1532 698 96 18 thousand
1636 704 50 11 acres
1694 699 20 16 at
1729 698 32 17 the
1774 698 75 23 Kainga-

1426 728 33 11 roa
1469 722 70 20 Plains,
1549 722 71 22 Taupo.

1450 757 51 22 Only
1517 757 44 17 nine
1576 756 125 23 subscription
1718 756 41 18 lists
1776 756 49 18 have
1841 762 21 12 as

1426 781 33 21 yet
1467 780 48 17 been
1523 779 89 17 returned
1621 782 34 15 out
1663 780 20 16 of
1691 780 32 16 tho
1732 781 23 15 26
1762 780 63 17 issued
1841 780 20 17 in

1425 803 32 17 aid
1465 803 20 17 of
1493 803 154 17 therunnerton
1656 803 60 17 Fund.
1729 803 40 17 The
1783 805 78 15 amount

1425 832 25 11 on
1467 826 52 17 these
1537 826 58 17 totals
1612 826 38 17 29
1667 827 19 16 7s
1695 826 30 17 Od.
1734 826 42 17 List
1785 826 75 17 holders

1425 856 31 10 are
1467 849 98 22 requested
1580 850 20 16 to
1614 849 136 17 communicate
1767 849 46 17 with
1829 850 32 16 Mr

1425 873 85 22 Malfroy
1518 878 21 12 as
1548 878 46 12 soon
1603 878 20 11 as
1632 872 86 22 possible.

1449 904 38 18 The
1496 905 46 17 staff
1549 904 20 18 of
1574 904 33 18 the
1812 904 48 17 have

1425 928 99 21 presented
1545 928 33 16 the
1599 928 110 21 proprietor,
1730 927 32 17 Mr
1787 927 73 22 George

1424 951 129 23 Edgecumbe,
1564 951 47 17 with
1620 957 12 11 a
1640 951 101 16 handsome
1750 951 56 17 silver
1815 951 46 17 cako

1424 976 43 20 tray
1476 974 37 17 and
1522 974 82 21 address,
1615 980 24 11 on
1648 974 32 17 the
1689 974 85 17 occasion
1791 974 20 17 of
1827 974 33 17 the

1423 997 56 17 silver
1499 997 89 23 wedding
1604 998 21 16 of
1640 997 32 17 Mr
1685 997 39 17 and
1737 998 41 16 Mrs
1794 997 52 22 Edge-

1424 1021 73 17 cumbe.

1449 1052 39 17 The
1498 1052 83 23 opening
1588 1052 19 18 of
1616 1052 33 17 tho
1657 1052 88 18 Football
1762 1057 64 12 season
1844 1052 15 17 is

1423 1075 79 22 delayed
1508 1075 39 17 this
1555 1082 46 15 year
1610 1082 24 10 on
1651 1076 79 16 account
1738 1075 21 17 of
1767 1075 92 17 members

1423 1099 109 22 neglecting
1539 1101 20 14 to
1568 1104 37 16 pay
1615 1104 25 17 up
1649 1099 31 16 tho
1698 1101 107 19 customary
1822 1099 36 16 fee.

1423 1122 16 16 A
1449 1122 42 17 hint
1499 1124 19 15 to
1525 1122 121 17 recalcitrant
1654 1122 91 17 members
1753 1122 16 16 it
1785 1122 15 17 is
1815 1127 33 16 pre-

1422 1145 65 17 sumed
1504 1146 15 16 is
1528 1145 25 17 all
1562 1145 43 17 that
1613 1145 16 17 is
1638 1146 86 22 required
1736 1144 38 18 and
1791 1144 37 18 this
1843 1145 16 17 is

1422 1168 70 22 hereby
1501 1169 63 21 given.

1448 1200 32 16 Mr
1488 1200 83 22 Dansey,
1589 1202 118 20 postmaster,
1725 1202 74 17 notifies
1817 1203 41 17 that

1424 1223 32 17 the
1466 1223 52 17 office
1528 1224 37 16 will
1575 1224 23 16 be
1607 1230 48 16 open
1665 1230 23 11 on
1698 1224 94 23 Saturday
1801 1231 45 12 even-

1422 1246 44 22 ings
1475 1245 37 25 (for
1521 1247 83 22 delivery
1613 1248 20 16 of
1647 1247 63 17 letters
1727 1248 53 22 only)
1797 1249 30 17 for
1838 1250 20 16 15

1422 1270 82 16 minutes
1513 1271 50 16 after
1572 1270 32 18 the
1614 1270 44 18 mail
1667 1271 15 16 is
1691 1271 68 18 sorted.
1786 1271 30 18 No
1825 1272 22 17 de-

1422 1293 53 17 finite
1484 1293 45 17 time
1539 1299 33 11 can
1582 1294 23 16 bo
1619 1294 51 17 fixed
1682 1300 21 11 as
1716 1295 43 16 that
1772 1295 38 16 will
1825 1296 21 16 de-

1421 1316 50 21 pend
1480 1322 25 11 on
1514 1317 33 16 the
1555 1317 69 17 arrival
1633 1318 21 16 of
1662 1317 32 17 the
1708 1318 51 16 train
1773 1318 38 17 and
1826 1319 32 17 the

1421 1339 37 17 size
1467 1340 19 16 of
1495 1339 32 17 the
1536 1340 51 16 mail.

1445 1371 38 17 The
1493 1371 37 17 last
1539 1377 47 17 open
1596 1372 28 17 air
1633 1374 74 15 concert
1718 1373 20 17 of
1747 1373 32 17 the
1792 1379 65 12 season

1421 1394 19 17 in
1450 1394 31 17 the
1493 1394 120 18 Sanatorium
1622 1396 83 22 grounds
1714 1396 16 17 is
1746 1397 111 17 announced

1421 1418 30 17 for
1468 1418 70 22 Friday
1559 1418 87 23 evening.
1672 1419 29 17 On
1717 1419 38 18 this
1772 1420 85 17 occasion

1421 1441 32 17 the
1462 1441 89 22 proceeds
1559 1441 39 17 will
1604 1441 23 17 be
1637 1443 29 16 for
1672 1443 32 16 the
1712 1442 70 18 benefit
1791 1443 20 17 of
1825 1444 32 16 the

1421 1464 84 18 Rotorua
1516 1465 55 16 Brass
1589 1465 54 17 Band
1659 1465 38 18 and
1712 1472 21 11 as
1749 1466 43 17 that
1806 1466 51 23 body

1421 1487 33 17 lias
1464 1487 47 18 done
1521 1488 56 17 much
1586 1490 20 15 to
1615 1489 83 16 enhance
1707 1489 32 16 the
1747 1490 78 17 interest
1834 1490 20 17 of

1420 1510 53 18 those
1482 1511 92 17 out-door
1582 1512 88 17 reunions
1679 1512 31 17 the
1718 1512 66 22 public
1789 1513 68 17 should

1421 1534 81 22 respond
1511 1535 46 16 with
1566 1540 25 11 no
1600 1535 81 22 stinting
1688 1535 56 17 hand.

1444 1566 34 18 We
1487 1572 31 12 are
1524 1566 21 17 in
1554 1566 70 23 receipt
1633 1568 20 16 of
1661 1568 32 16 the
1702 1568 85 17 Colonial
1800 1574 42 11 num-

1420 1589 33 17 ber
1462 1590 19 16 of
1490 1590 33 16 the
1717 1596 24 12 an
1750 1591 107 17 illustrated

1420 1613 73 22 weekly
1502 1612 101 24 published
1611 1614 49 17 from
1669 1614 32 17 the
1718 1615 52 16 office
1787 1615 20 17 of
1823 1615 33 17 the

1420 1636 88 22 Graphic.
1535 1637 19 16 It
1575 1636 16 17 is
1598 1637 34 16 full
1641 1637 20 16 of
1667 1637 113 23 interesting
1787 1639 70 16 matter

1420 1659 38 17 and
1467 1659 72 17 besides
1549 1660 85 17 contains
1643 1660 66 17 details
1723 1661 20 16 of
1759 1667 12 11 a
1787 1662 69 21 special

1420 1683 56 16 series
1484 1683 21 16 of
1521 1683 131 22 competitions
1664 1685 19 15 to
1693 1683 60 17 which
1769 1684 87 17 valuable

1420 1706 59 22 prizes
1488 1712 31 11 are
1527 1706 94 17 attached.
1632 1707 39 16 The
1773 1707 66 23 Penny

1420 1735 44 16 may
1471 1729 22 16 be
1500 1730 89 16 obtained
1598 1731 20 16 at
1627 1730 31 17 the
1668 1729 117 19 CHRONICLE
1791 1731 63 20 Office,

1444 1760 29 17 On
1483 1761 37 16 and
1527 1761 50 17 after
1585 1761 32 17 the
1629 1763 27 15 Ist
1664 1761 49 17 June
1722 1763 46 15 next
1777 1762 78 23 delayed

1421 1784 100 22 telegrams
1533 1784 37 17 will
1577 1784 22 17 be
1608 1784 102 20 abolished,
1720 1785 38 17 and
1767 1785 32 17 the
1813 1791 32 17 pre-

1419 1808 43 16 sent
1470 1807 89 23 ordinary
1567 1808 41 17 rate
1615 1806 89 24 replaced
1710 1807 26 24 by
1743 1813 35 13 one
1795 1810 20 16 of
1832 1809 23 17 Gd

1420 1831 29 16 for
1458 1831 32 16 the
1497 1831 37 16 first
1549 1832 19 15 12
1579 1831 67 20 words,
1664 1831 98 22 including
1778 1832 77 17 address

1419 1853 37 17 and
1466 1853 102 23 signature,
1579 1854 38 17 and
1625 1855 23 16 id
1657 1855 29 16 for
1694 1855 44 16 each
1751 1855 104 17 additional

1420 1876 58 17 word.
1512 1877 74 17 Doable
1594 1879 50 16 rates
1653 1878 37 17 wiil
1698 1878 23 16 be
1730 1878 83 22 charged
1827 1879 28 16 for

1443 1900 78 23 urgents
1551 1900 38 18 and
1606 1907 11 11 a
1631 1902 41 16 rate
1688 1901 37 17 and
1742 1908 10 10 a
1771 1902 40 17 half
1826 1902 29 18 for

1444 1923 101 22 repetition
1557 1923 44 23 paid
1630 1925 107 22 telegrams.

1443 1956 17 16 A
1470 1955 79 17 football
1558 1956 62 16 match
1630 1956 83 17 between
1723 1958 59 15 teams
1791 1963 53 15 repre-

1420 1978 91 18 sentative
1533 1979 21 17 of
1570 1978 81 18 Owhata
1667 1978 37 18 and
1721 1980 72 16 Rotoiti
1810 1980 45 17 took

1420 2002 52 22 place
1481 2003 21 15 at
1508 2002 81 17 Owhata
1601 2008 23 10 on
1643 2002 92 22 Saturday
1747 2003 37 17 last
1800 2003 55 18 when

1419 2025 32 16 the
1460 2025 55 17 home
1524 2027 49 15 team
1582 2031 41 11 won
1634 2025 25 22 by
1669 2027 21 15 li!(
1705 2025 63 23 points
1785 2028 19 15 to
1821 2027 32 16 nil.

1419 2048 59 17 There
1484 2054 37 11 was
1529 2055 11 10 a
1549 2048 70 23 goodly
1629 2049 111 17 attendance
1749 2050 21 16 of
1783 2050 72 17 natives

1419 2072 37 16 and
1465 2071 110 24 Europeans
1584 2072 38 17 and
1639 2072 49 17 after
1704 2072 31 17 the
1749 2073 63 17 match
1829 2073 26 17 all

1418 2095 37 17 and
1465 2095 70 23 sundry
1542 2101 47 11 were
1599 2095 115 17 entertained
1724 2097 20 15 at
1752 2102 12 10 a
1773 2097 49 16 feast
1835 2097 20 16 of

1419 2119 52 19 tuna,
1483 2121 90 18 Kumeras,
1589 2118 38 17 and
1643 2121 92 19 potatoes,
1745 2119 47 17 with
1807 2119 48 23 pork

1420 2147 19 11 as
1450 2142 32 16 the
1490 2141 52 23 piece
1551 2142 22 16 de
1583 2142 105 17 resistance.

1442 2170 67 17 Petera
1518 2170 107 21 Pukuatua,
1642 2171 49 16 chief
1704 2171 20 16 of
1737 2171 32 17 the
1784 2172 58 22 Ngati-

1418 2193 97 22 whakaue,
1526 2194 43 16 who
1582 2194 35 17 has
1629 2194 47 16 been
1693 2194 67 17 absent
1777 2195 29 17 for
1822 2195 33 17 the

1418 2219 44 19 past
1471 2217 36 16 few
1516 2217 76 17 months
1602 2223 23 11 on
1635 2224 11 10 a
1655 2217 42 17 visit
1706 2219 20 15 to
1731 2217 29 17 his
1767 2218 86 17 relatives

1418 2242 19 14 at
1445 2240 56 17 Otaki
1509 2240 89 17 returned
1605 2246 24 11 on
1633 2241 83 21 Monday
1722 2241 30 16 via
1758 2241 95 18 Tokaanu.

1418 2263 106 22 Yesterday
1540 2264 33 16 the
1582 2264 56 17 Brass
1652 2264 53 17 Band
1728 2264 68 17 turned
1821 2266 34 16 out

1418 2287 20 16 to
1448 2286 24 18 do
1481 2286 31 17 the
1522 2287 49 22 aged
1580 2287 49 17 chief
1638 2287 64 19 honor,
1711 2287 38 17 and
1758 2293 20 11 as
1785 2294 11 10 a
1801 2288 53 17 mark

1418 2310 20 16 of
1448 2310 127 22 appreciation
1585 2311 20 16 of
1613 2310 49 18 their
1676 2311 93 16 attention
1786 2311 67 17 Petera

1418 2333 54 17 made
1481 2339 10 11 a
1501 2333 90 18 donation
1601 2334 19 17 of
1629 2332 26 19 a
1664 2335 20 16 to
1690 2333 32 17 the
1731 2334 54 17 Band
1792 2334 61 17 Fund.

1418 2356 32 17 Mr
1458 2356 99 22 Urquhart.
1566 2358 19 15 of
1594 2357 32 16 the
1636 2357 50 16 Lake
1699 2357 64 17 House
1777 2358 66 22 supple-

1418 2379 75 18 mented
1503 2380 37 16 this
1550 2379 125 24 subscription
1684 2379 45 19 with
1737 2381 24 16 1
1774 2382 25 16 Is.

1441 2408 26 16 As
1476 2408 31 16 the
1516 2408 88 16 electoral
1613 2408 36 17 roll
1659 2408 15 17 is
1683 2413 42 11 now
1733 2408 58 23 being
1800 2409 54 17 made

1418 2437 26 16 up
1453 2431 18 19 it
1482 2431 15 16 is
1515 2431 105 22 important
1635 2431 43 17 that
1693 2431 54 17 those
1763 2432 43 16 who
1823 2437 31 13 are

1418 2453 79 18 entitled
1513 2455 20 16 to
1542 2456 43 15 vote
1596 2454 37 17 and
1643 2454 41 17 who
1698 2460 44 16 may
1759 2455 47 16 have
1823 2462 20 10 ar-

1418 2477 52 17 rived
1486 2478 19 16 in
1517 2478 34 16 the
1559 2478 74 17 district
1643 2478 48 17 since
1700 2478 32 16 the
1740 2478 37 17 last
1786 2484 56 16 gener-

1418 2500 18 18 al
1446 2500 79 18 election
1535 2500 67 18 should
1617 2507 30 11 see
1664 2502 41 16 that
1722 2501 49 17 their
1788 2507 64 12 names

1418 2529 71 17 appear
1505 2530 25 11 on
1552 2524 21 17 it.
1599 2525 39 17 The
1654 2530 95 17 necessary
1768 2525 74 22 applica-

1417 2547 40 17 tion
1464 2547 58 17 forms
1531 2554 43 16 may
1583 2547 24 17 be
1622 2547 89 18 obtained
1725 2549 20 16 at
1759 2548 33 17 the
1808 2547 47 18 Post

1418 2570 59 17 Office
1486 2571 37 16 and
1533 2570 67 17 should
1609 2571 23 16 be
1649 2570 51 17 filled
1716 2577 26 16 up
1759 2571 38 17 and
1813 2572 30 16 for-

1417 2594 75 16 warded
1515 2595 20 16 to
1553 2594 32 17 the
1622 2594 97 23 Registrar
1728 2594 19 18 of
1759 2594 93 21 Electors,

1417 2617 107 21 Tauranga.

1440 2649 26 17 As
1479 2649 111 17 announced
1609 2649 37 18 last
1661 2649 51 18 week
1735 2655 10 12 a
1753 2655 43 12 new
1808 2650 46 17 time

1417 2672 52 17 table
1485 2679 52 10 came
1554 2672 40 18 into
1604 2673 97 22 operation
1718 2679 24 11 on
1759 2674 46 21 May
1820 2674 33 17 Ist.

1417 2696 40 16 The:
1465 2702 75 15 express
1549 2696 51 16 train
1615 2702 40 11 was
1671 2696 130 18 discontinued
1817 2696 38 18 and

1417 2719 33 17 the
1458 2719 70 17 service
1534 2719 16 17 is
1556 2725 42 11 now
1608 2725 19 11 as
1637 2719 164 17 follows:There
1815 2720 39 16 will

1417 2742 24 17 be
1457 2748 12 11 a
1484 2743 50 16 train
1552 2743 48 16 from
1618 2743 99 17 Auckland
1733 2744 20 15 to
1770 2743 85 17 Rotorua

1418 2765 52 22 daily
1479 2765 75 23 (except
1563 2766 78 22 Friday)
1651 2766 21 17 at
1679 2767 28 16 i)..'
1707 2767 12 16 55
1727 2772 51 14 a.m.,
1787 2766 55 18 reach-

1418 2788 34 24 ing
1461 2788 84 18 Rotorua
1554 2791 20 15 at
1584 2789 40 18 7.40
1633 2794 46 18 p,m;
1704 2789 38 17 The
1757 2790 49 16 train
1817 2790 38 16 will

1418 2811 53 18 leave
1480 2812 85 17 Rotorua
1575 2813 29 16 for
1613 2813 99 17 Auckland
1718 2813 52 21 daily
1780 2813 75 22 (except

1419 2834 102 24 Saturday)
1527 2837 20 15 at
1555 2837 41 15 8..'50
1602 2842 51 14 a.m.,
1660 2835 89 23 reaching
1756 2835 99 18 Auclland

1418 2860 20 15 at
1448 2859 40 16 7.00
1497 2864 46 17 p.m.
1557 2859 17 16 A
1582 2859 64 17 saloon
1656 2859 82 22 carriage
1747 2859 40 17 will
1795 2859 23 17 be
1825 2860 20 16 at-

1420 2882 67 17 tached
1496 2883 20 16 to
1526 2882 33 17 the
1573 2882 49 17 train
1637 2882 75 22 leaving
1729 2882 84 18 Rotorua
1831 2888 24 12 on

1420 2905 94 22 Mondays
1523 2905 128 23 Wednesdays
1659 2906 37 16 and
1706 2905 85 23 Fridays.

1441 2934 32 16 Mr
1481 2934 59 17 Brent
1549 2934 62 17 stated
1625 2935 21 16 at
1659 2934 99 23 Monday's
1772 2935 84 22 meeting

1418 2957 19 17 of
1444 2957 32 17 the
1491 2957 58 17 Town
1559 2957 63 18 Board
1628 2958 43 17 that
1680 2958 73 22 though
1762 2958 32 17 the
1804 2959 39 16 roc'

1418 2980 106 22 stretching
1533 2987 61 10 across
1603 2981 33 16 the
1647 2981 87 22 footpath
1742 2982 21 16 in
1779 2981 38 17 Fev
1849 2980 4 23 j

1420 3004 61 17 Street
1498 3004 38 16 had
1557 3004 46 17 been
1617 3004 87 17 removed
1720 3006 20 16 to
1757 3010 11 11 a
1785 3004 61 18 ceruti,

1418 3028 65 16 extent
1490 3027 15 17 it
1516 3027 38 17 had
1563 3029 34 15 not
1605 3027 47 17 been
1662 3027 47 17 done
1722 3034 20 11 so
1751 3028 104 21 effectively

1418 3056 20 11 as
1453 3056 39 11 was
1501 3049 98 18 desirable.
1632 3051 32 16 Mr
1672 3051 65 20 Brent,
1752 3056 25 12 no
1795 3051 61 17 doubt

1418 3073 82 17 referred
1509 3075 21 16 to
1538 3074 33 16 the
1580 3075 55 21 great
1643 3074 70 22 jagged
1722 3074 63 22 points
1794 3074 61 17 which

1418 3096 49 17 have
1489 3096 48 18 been
1551 3096 36 18 left
1603 3097 83 22 sticking
1702 3098 33 16 out
1752 3098 49 16 from
1824 3098 33 16 the

1420 3119 66 17 trunks
1495 3120 38 16 and
1540 3120 62 17 which
1611 3126 32 11 are
1659 3126 11 11 a
1684 3126 75 12 menace
1775 3123 21 15 to
1811 3126 33 17 pas-

1420 3143 74 22 sers-by
1504 3149 24 11 on
1545 3143 47 17 dark
1606 3143 72 23 nights.
1711 3143 59 18 These
1778 3145 52 15 want
1836 3145 20 16 to

1419 3166 23 17 be
1451 3166 59 17 adzed
1518 3166 28 17 off
1558 3166 38 17 and
1604 3173 12 10 a
1624 3168 34 21 top
1667 3167 85 22 dressing
1760 3167 20 17 of
1791 3167 65 22 gravel

1419 3189 39 17 laid
1464 3195 24 11 on
1504 3190 32 16 the
1551 3190 95 22 footpath.
1671 3190 57 17 From
1744 3190 33 17 the
1793 3190 51 17 chair-

1420 3213 61 16 man's
1494 3213 84 17 remarks
1586 3219 29 11 we
1624 3213 63 17 would
1695 3213 55 23 opine
1764 3213 44 17 that
1818 3213 39 17 this

1420 3236 38 16 will
1467 3236 23 16 be
1498 3236 56 16 done.

1443 3267 40 17 Tho
1491 3268 46 16 Rev.
1547 3267 19 17 S.
1573 3268 56 22 Ingle
1643 3268 42 17 who
1699 3268 17 17 is
1725 3269 132 21 permanently

1420 3291 103 21 appointed
1532 3293 20 15 to
1570 3291 33 17 the
1619 3291 93 23 Anglican
1728 3291 68 23 charge
1813 3292 44 17 here

1420 3314 104 17 conducted
1541 3314 47 17 both
1610 3319 78 13 services
1704 3316 20 15 at
1741 3315 22 17 St
1785 3314 73 19 Faith'd

1420 3343 24 11 on
1462 3337 78 22 Sunday
1554 3337 42 17 last.
1622 3338 103 21 Naturally
1740 3338 53 17 there
1807 3343 49 12 were

1421 3360 50 22 good
1480 3360 121 18 attendances
1611 3366 24 12 on
1644 3361 46 17 both
1705 3361 100 17 occasions.
1826 3361 32 17 Mr

1421 3383 56 23 Ingle
1486 3383 55 18 chose
1549 3383 29 18 for
1587 3384 32 17 the
1626 3384 74 22 subject
1709 3385 19 16 of
1732 3384 29 18 his
1770 3384 88 22 morning

1421 3406 94 17 discourse
1524 3407 33 16 the
1565 3407 81 17 Paaable
1655 3408 19 16 of
1683 3407 31 17 the
1723 3407 90 23 Prodigal
1821 3407 37 18 Son

1422 3429 37 17 and
1468 3430 20 16 in
1496 3430 33 16 the
1537 3429 33 17 the
1579 3430 82 23 evening
1673 3430 24 18 he
1712 3430 58 18 dwelt
1785 3430 74 18 further

1422 3459 22 11 on
1455 3453 33 16 the
1496 3458 51 12 same
1564 3453 86 23 allegory
1658 3453 38 17 and
1704 3454 52 17 what
1770 3454 16 16 it
1801 3453 46 18 illus-

1422 3477 64 16 trates.
1520 3476 24 17 In
1551 3476 34 17 the
1592 3482 65 12 course
1673 3477 20 17 of
1709 3477 32 17 the
1758 3477 69 17 service
1844 3477 16 16 it

1422 3505 38 11 was
1469 3499 112 17 announced
1584 3500 43 16 that
1632 3500 34 17 the
1673 3500 71 22 Bishop
1753 3500 20 17 of
1780 3500 79 23 Waiapu

1422 3522 64 17 would
1492 3522 23 17 be
1521 3523 20 16 in
1551 3523 85 17 Rotorua
1643 3523 70 22 during
1721 3523 33 17 the
1763 3526 49 14 week
1822 3523 38 17 and

1422 3545 64 18 would
1493 3545 70 22 preach
1573 3552 25 11 on
1613 3546 33 17 the
1663 3546 98 23 following
1775 3546 83 22 Sunday,

1422 3568 38 17 and
1469 3568 39 17 also
1517 3575 24 10 on
1551 3569 32 16 the
1592 3569 37 17 last
1638 3569 77 22 Sunday
1723 3570 21 17 of
1752 3570 33 17 the
1793 3569 66 18 month

1422 3592 58 22 being
1488 3592 75 21 Trinity
1575 3592 85 23 Sunday.
1685 3592 71 23 Bishop
1768 3592 92 18 Williams

1424 3615 39 17 will
1471 3620 36 17 pay
1516 3621 12 11 a
1536 3615 44 17 visit
1589 3617 21 15 to
1618 3616 100 22 Tauranga
1726 3616 20 16 in
1754 3616 34 17 the
1801 3616 50 17 inter-

1423 3638 38 17 val.

1446 3669 33 17 Mr
1483 3669 84 21 Watson,
1577 3670 96 21 president
1688 3670 19 17 of
1723 3670 32 17 the
1770 3670 54 17 Bank
1841 3671 20 17 of

1424 3693 47 16 New
1479 3692 91 20 Zealand,
1578 3693 36 18 left
1622 3693 31 18 for
1657 3693 98 18 Auckland
1761 3693 100 23 yesterday

1424 3721 45 16 very
1477 3715 42 17 well
1534 3716 83 17 satisfied
1633 3716 47 17 with
1689 3717 32 16 the
1729 3717 60 17 result
1798 3717 19 16 of
1832 3717 29 16 his

1424 3739 44 17 visit
1477 3740 20 16 to
1506 3738 90 20 Rotorua,
1605 3739 33 17 the
1655 3740 55 16 baths
1723 3740 72 22 having
1809 3745 39 12 com-

1424 3762 71 22 pletely
1504 3762 83 17 restored
1596 3763 40 16 him
1643 3764 20 16 to
1670 3762 28 18 his
1707 3763 75 17 wonted
1789 3763 71 17 health.

1425 3785 23 16 In
1458 3785 67 22 regard
1534 3786 20 16 to
1565 3785 33 18 the
1606 3787 88 21 prospect,
1709 3786 19 17 of
1737 3786 125 22 establishing

1424 3814 11 10 a
1443 3808 72 17 branch
1524 3808 20 17 of
1553 3808 32 17 the
1598 3808 51 17 bank
1671 3808 43 18 here
1732 3809 32 16 Mr
1780 3809 81 17 Watson

1425 3837 38 11 was
1471 3832 34 16 not
1517 3837 46 16 very
1571 3832 99 22 sanguine.
1695 3832 66 21 When,
1768 3832 94 21 however,

1424 3854 15 17 it
1448 3860 38 11 was
1492 3854 78 22 pointed
1579 3857 34 15 out
1622 3857 19 15 to
1650 3855 38 17 him
1705 3855 44 17 that
1758 3855 66 17 within
1829 3856 33 16 the

1425 3877 37 17 last
1475 3879 37 15 two
1522 3884 21 11 or
1551 3878 54 17 three
1614 3884 54 16 years
1678 3878 30 17 the
1717 3879 112 21 population
1842 3879 20 17 of

1425 3900 33 17 the
1465 3900 74 18 district
1547 3900 38 18 had
1594 3901 95 17 increased
1698 3907 11 11 a
1715 3902 86 17 hundred
1815 3902 45 19 fold,

1426 3924 31 16 Mr
1482 3923 78 18 Watson
1577 3925 92 16 admitted
1691 3925 42 16 that
1754 3925 109 22 something

1426 3947 63 21 might
1497 3946 23 17 be
1537 3947 49 17 done
1598 3947 26 22 by
1637 3949 46 16 next
1699 3953 72 12 season.
1803 3948 60 17 There

1425 3970 15 17 is
1466 3975 36 12 one
1518 3972 65 20 aspect
1599 3970 21 17 of
1636 3971 33 16 the
1686 3972 68 15 matter
1768 3970 62 19 which
1847 3972 16 16 it

1426 3992 63 23 might
1505 3993 47 17 have
1561 3993 48 17 been
1618 3999 20 11 as
1655 3994 42 16 well
1706 3994 19 16 to
1731 3994 79 22 impress
1825 3999 25 18 up-

1426 4021 24 11 on
1459 4016 32 16 the
1501 4016 102 22 president,
1613 4017 35 16 viz.
1658 4017 41 17 that
1708 4023 19 11 as
1736 4017 32 17 the
1778 4017 72 17 Govern-

1427 4040 52 16 ment
1495 4039 34 17 has
1538 4039 49 17 done
1596 4045 20 12 so
1626 4039 56 18 much
1688 4040 30 17 for
1730 4040 33 17 the
1780 4040 54 17 Bank
1848 4040 15 17 it

1427 4062 63 17 would
1500 4062 44 22 only
1554 4062 23 17 be
1586 4069 12 10 a
1606 4063 86 22 graceful
1708 4064 65 16 return
1790 4069 24 11 on
1830 4063 33 17 the

1427 4086 43 21 part
1479 4085 20 17 of
1508 4085 32 17 the
1549 4085 90 18 directors
1648 4087 20 16 to
1677 4086 23 17 do
1710 4092 11 11 a
1728 4086 50 17 little
1787 4086 30 17 for
1831 4086 32 18 the

1427 4107 44 24 only
1481 4108 129 17 Government
1618 4109 101 23 Township
1726 4109 20 17 in
1754 4109 48 17 New
1815 4109 36 17 Zea-

1426 4131 51 16 land.

1912 112 30 17 No
1948 112 35 17 loss
1990 113 46 16 than
2045 113 43 16 four
2093 113 33 15 out
2136 111 19 17 of
2163 111 34 17 the
2205 112 33 15 ten
2246 116 76 16 persons

1887 135 43 17 who
1939 135 88 18 tendered
2036 135 30 18 for
2079 135 33 16 the
2126 134 59 17 Town
2198 134 63 16 Board
2277 139 33 12 con-

1889 159 57 16 tracts
1955 158 57 17 failed
2021 160 19 15 to
2053 158 69 17 enclose
2131 157 32 17 the
2178 162 99 16 necessary
2289 157 22 17 do-

1887 181 50 21 posit
1947 181 38 17 and
1993 187 20 11 so
2021 181 90 17 rendered
2120 180 49 17 their
2178 179 75 17 tenders
2261 179 50 17 infor-

1887 203 43 18 mal.
1956 204 20 17 It
1984 210 37 11 was
2030 203 110 19 noticeable,
2149 203 93 19 however,
2252 203 42 16 that
2303 203 19 17 in

1887 232 25 11 no
1920 227 84 17 instance
2012 233 48 11 were
2069 229 46 20 they
2121 226 32 17 the
2162 226 66 17 lowest
2240 226 80 17 tenders.

1910 257 23 17 In
1943 258 109 17 connection
2066 258 46 16 with
2129 257 31 17 the
2178 256 143 18 Government's

1886 280 92 22 proposed
1982 281 62 17 action
2051 282 21 16 to
2075 281 60 22 quash
2142 286 24 11 an
2170 280 56 17 order
2232 279 54 17 made
2292 280 30 16 for

1886 303 33 17 the
1925 304 82 17 removal
2012 304 20 17 of
2038 304 41 17 Mrs
2084 303 110 17 Morrison's
2199 302 69 17 license
2273 302 48 18 from

1887 326 84 17 Rotorua
1979 328 20 16 to
2007 327 77 20 Paoroa,
2097 327 33 17 the
2146 325 118 23 Wellington
2280 331 30 11 cor-

1886 349 114 21 respondent
2008 350 20 17 of
2035 350 33 17 the
2077 349 99 18 Auckland
2181 348 74 17 Herald
2264 349 57 16 states

1886 371 43 18 that
1936 372 33 17 the
1978 371 127 19 Government
2120 373 47 16 have
2184 372 48 17 been
2245 371 76 17 advised

1885 395 44 17 that
1936 400 21 12 as
1965 395 41 17 Mrs
2014 396 110 16 Morrison's
2131 396 56 19 lease,
2204 395 63 16 which
2283 400 38 11 was

1886 417 80 23 granted
1971 418 26 22 by
2003 418 32 17 the
2040 419 64 17 Lands
2112 419 127 21 Department
2247 417 18 17 in
2275 417 46 22 July

1888 440 50 22 1895,
1943 441 85 21 provides
2033 441 174 18 forthercmovalof
2210 441 68 17 license
2284 440 37 17 and

1885 464 94 21 premises,
1987 464 17 17 it
2012 464 62 18 would
2082 464 23 18 be
2114 464 54 17 futile
2178 466 21 15 to
2207 464 47 16 taka
2258 463 62 17 action

1885 488 20 15 to
1915 487 59 22 quash
1983 487 32 17 the
2024 487 55 17 order
2095 488 29 16 for
2136 487 91 17 removal.
2252 487 39 16 But
2305 486 16 17 it

1885 515 84 17 appears,
1979 510 92 20 however,
2081 510 43 17 that
2132 510 32 17 the
2173 509 83 18 removal
2273 515 33 11 con-

1885 532 104 23 templated
2004 539 39 10 was
2059 534 20 15 to
2092 534 79 16 another
2185 534 45 21 part
2252 532 21 17 of
2287 532 34 17 the

1885 556 94 21 township
2000 556 20 17 of
2038 556 89 20 Rotorua,
2146 556 38 17 and
2200 556 33 17 the
2257 561 64 16 power

1884 579 57 22 given
1950 579 19 16 in
1978 579 37 16 this
2024 579 110 17 connection
2143 585 38 11 was
2188 579 86 17 absolute
2282 578 38 17 and

1884 602 82 17 without
1981 602 108 17 limitation.
2113 602 40 17 Tho
2169 602 61 17 whole
2247 602 70 17 matter

1884 624 35 18 has
1926 625 47 17 been
1982 624 82 18 referred
2070 626 20 16 to
2095 625 33 17 the
2134 624 186 23 Surveyor-General

1884 653 21 11 as
1913 648 33 16 the
1954 648 128 17 Government
2091 654 47 10 were
2145 649 34 15 not
2187 654 67 14 aware,
2265 647 54 17 when

1883 671 63 17 notice
1959 676 38 12 was
2006 671 55 22 given
2070 671 21 16 of
2099 671 32 16 the
2145 671 95 21 objection
2256 672 21 16 to
2289 676 20 11 re-

1884 694 68 20 moval,
1962 694 43 17 that
2013 694 23 17 hu
2048 694 38 17 had
2094 694 75 17 written
2179 695 20 15 to
2208 694 41 17 Mrs
2265 694 39 17 Mor-

1883 716 51 18 rison
1943 717 66 22 giving
2018 717 29 17 his
2056 718 76 16 consent
2141 718 20 16 to
2166 716 33 18 the
2206 716 88 18 removal.

1906 748 18 17 A
1933 749 83 22 meeting
2024 749 20 17 of
2053 749 73 17 settlers
2131 748 20 17 in
2160 748 33 17 the
2202 748 105 22 neighbour-

1882 771 51 18 hood
1942 772 20 17 of
1968 772 91 17 MamaUu
2067 772 46 17 took
2121 772 53 21 place
2200 777 11 11 a
2220 771 36 17 few
2273 771 46 22 days

1882 800 38 17 ago
1934 795 30 17 for
1971 795 33 17 the
2019 801 67 16 purpos
2091 800 10 12 o
2117 795 20 17 of
2153 794 87 22 devising
2254 800 26 11 id(
2286 799 33 13 ans

1883 818 88 22 whereby
1979 819 46 21 they
2033 818 63 22 might
2105 819 22 16 be
2136 817 84 18 afforded
2229 823 11 11 a
2254 817 62 17 better

1882 841 56 18 mode
1946 842 21 16 of
1974 847 61 12 access
2044 843 20 16 to
2073 842 49 16 their
2139 840 90 23 holdings
2240 840 47 17 than
2303 840 16 17 is

1882 866 20 16 at
1910 866 76 21 present
1994 863 99 19 available.
2112 864 32 18 Mr
2152 864 48 17 Boss
2209 869 38 11 was
2255 869 20 11 m
2285 863 33 17 the

1882 888 52 17 chair
1950 887 37 17 and
2003 889 88 21 amongst
2107 888 54 17 those
2178 888 76 21 present
2271 892 48 11 were

1883 911 70 17 Messr3
1961 911 88 21 Jackson,
2068 911 67 19 Steele,
2150 910 79 20 Martin,
2247 909 68 22 Tyson,

1883 934 81 21 Kusabs,
1995 934 90 22 Wrigloy,
2119 934 99 19 Williams,
2240 933 75 19 Amore,

1882 957 84 22 Yabray,
1976 957 104 20 McQuade,
2091 956 71 23 Hogr.n
2171 956 38 17 and
2226 956 32 16 Mc
2267 955 48 17 Goff.

1881 980 114 23 Altogether
2003 981 22 16 2d
2040 981 73 17 settlers
2127 986 47 10 were
2191 979 126 23 represented.

1882 1003 55 18 After
1957 1009 50 12 some
2023 1003 103 18 discussion
2142 1003 17 17 it
2174 1009 39 11 was
2228 1002 85 17 resolved

1881 1027 43 16 that
1933 1033 11 10 a
1953 1027 79 22 petition
2039 1027 23 16 be
2071 1026 65 17 drawn
2153 1032 26 17 up
2196 1026 71 22 urging
2283 1025 32 17 the

1881 1050 129 17 Government
2018 1051 20 16 to
2047 1050 120 22 appropriate
2176 1056 11 10 a
2196 1056 41 10 sum
2247 1050 30 16 for
2285 1049 32 16 tho

1881 1073 128 17 construction
2018 1074 20 16 of
2046 1079 11 11 a
2066 1073 45 17 road
2120 1073 48 17 from
2178 1073 33 16 tho
2228 1073 64 17 Mama
2293 1073 3 17 l
2297 1073 3 17 -
2305 1078 12 10 u

1881 1096 78 22 railway
1973 1097 70 16 station
2061 1097 20 16 to
2098 1096 32 17 tho
2147 1096 170 17 Oxford-Rotorua

1883 1119 52 20 road,
1946 1125 11 11 a
1971 1119 83 18 distance
2071 1120 20 16 of
2106 1119 59 17 about
2182 1119 21 22 3J
2211 1119 58 17 miles.
2297 1118 20 18 It

1882 1147 37 12 was
1928 1143 78 22 pointed
2012 1144 34 16 out
2053 1143 44 17 that
2105 1149 11 11 a
2124 1143 46 16 road
2178 1143 40 16 had
2226 1143 47 17 been
2286 1139 19 21 al-

1880 1165 58 20 ready
1947 1165 91 23 surveyed
2045 1166 84 22 through
2137 1166 30 17 the
2185 1165 48 18 bush
2251 1167 66 20 nearly

1880 1189 33 16 the
1922 1189 60 16 whole
1999 1190 83 16 distance
2100 1189 37 17 and
2152 1190 32 15 the
2201 1195 81 16 expense
2297 1188 20 19 of

1880 1212 84 22 clearing
1978 1212 37 17 and
2024 1212 84 22 forming
2115 1212 64 17 would
2193 1214 35 16 not
2242 1212 23 18 bo
2281 1219 22 11 ex-

1880 1235 75 17 cessive.
1980 1236 28 16 Its
2017 1236 128 16 construction
2162 1236 63 16 would
2237 1236 78 21 provide

1880 1264 12 11 a
1901 1264 64 11 means
1981 1259 21 17 of
2009 1264 61 12 access
2079 1260 20 15 to
2111 1259 54 17 those
2170 1259 76 17 settlers
2254 1259 62 18 whose

1880 1281 89 23 holdings
1985 1282 75 17 fronted
2074 1282 32 17 the
2122 1282 78 21 railway
2224 1282 37 17 line
2277 1282 38 17 and

1880 1304 53 18 those
1942 1305 54 22 lying
2004 1304 76 18 behind.
2105 1306 45 16 Two
2159 1306 90 21 petitions
2265 1311 49 12 were

1879 1328 45 16 then
1934 1328 65 16 drawn
2009 1334 25 16 up
2043 1327 37 18 and
2090 1328 65 23 signed
2165 1329 25 21 by
2199 1329 54 16 those
2262 1334 42 17 pres-

1879 1352 33 16 ent
1913 1357 59 11 one
1980 1352 30 16 for
2018 1351 128 23 presentation
2155 1353 20 16 to
2183 1351 32 17 the
2223 1351 78 18 Commis-

1879 1374 62 17 sioner
1949 1375 20 16 of
1976 1374 66 17 Crown
2051 1374 69 19 Lands,
2136 1375 33 16 tho
2186 1375 55 16 other
2256 1376 21 16 to
2293 1375 23 17 be

1880 1398 106 16 forwarded
1993 1400 20 15 to
2021 1398 32 16 Mr
2067 1398 28 16 W.
2113 1398 57 22 Kelly
2188 1398 81 17 M.H.R.
2287 1398 30 18 for

1880 1421 129 17 transmission
2018 1423 19 15 to
2047 1421 32 17 tho
2086 1420 134 18 Government.

1962 1451 111 19 WOLFE'S
2091 1452 139 18 SCHNAPPS.

1880 1507 20 16 Is
1909 1512 11 11 a
1928 1506 92 23 perfectly
2029 1506 77 18 reliable
2111 1506 109 23 preventive
2229 1507 21 17 of
2260 1512 54 16 every

1880 1531 48 16 form
1938 1530 20 17 of
1966 1529 127 20 intermittent
2102 1530 89 19 disorder,
2203 1531 49 16 from
2261 1530 53 17 chills

1880 1555 19 15 to
1909 1553 69 21 kidney
1987 1552 76 18 disease.
2090 1552 52 19 Shun
2152 1553 111 17 imitations.

2014 1618 167 23 TOKAANU.

1915 1678 63 23 [FROM
1988 1683 39 13 OTJE
2036 1683 45 12 OWN
2093 1678 186 24 CORRESPONDENT.]

1903 1710 163 17 Communication
2076 1710 45 18 with
2130 1710 66 23 Taupo
2213 1711 26 20 by
2256 1711 58 17 water

1878 1734 15 17 is
1904 1733 115 17 maintained
2027 1733 26 23 by
2070 1733 89 19 Ferney's
2176 1733 70 23 sailing
2262 1733 51 21 boat,

1878 1763 20 10 so
1907 1756 44 18 that
1959 1763 34 10 our
2008 1758 125 20 storekeepers
2151 1756 88 17 continue
2256 1758 20 16 to
2285 1763 20 10 re-

1878 1780 50 17 ceive
1937 1780 49 17 their
1995 1780 59 22 goods
2062 1780 20 16 in
2099 1780 36 16 fair
2151 1780 46 17 time
2214 1780 38 16 and
2268 1780 46 17 with

1878 1803 135 23 promptitude.

1901 1826 39 19 The
1949 1827 54 16 other
2012 1826 36 22 day
2067 1827 32 16 170
2115 1826 73 17 natives
2205 1826 74 17 arrived
2295 1826 19 17 in

1878 1855 36 12 one
1921 1850 64 20 batch,
1996 1850 37 17 and
2041 1850 17 17 it
2065 1850 15 16 is
2097 1850 100 16 estimated
2213 1849 44 17 that
2266 1850 48 22 fully

1879 1874 45 16 1000
1933 1879 31 11 are
1975 1874 82 21 present.
2083 1873 80 17 Rumors
2179 1878 33 12 are
2229 1872 86 18 however

1878 1897 34 15 rife
1921 1897 43 16 that
1973 1902 56 16 many
2038 1902 31 11 are
2078 1895 104 24 arranging
2191 1898 19 14 to
2220 1898 65 14 return
2294 1897 20 17 to

1878 1919 49 18 their
1942 1919 71 19 homes,
2031 1919 94 23 although
2141 1919 53 17 there
2210 1919 16 17 is
2243 1919 39 17 still
2290 1926 24 10 an

1878 1944 61 21 ample
1949 1944 68 21 supply
2027 1944 19 16 of
2054 1943 38 17 kai.

1901 1967 39 17 The
1949 1966 45 18 Rev.
2005 1966 71 18 Father
2085 1966 74 21 Smiers,
2169 1972 20 10 so
2204 1966 48 22 long
2267 1966 47 17 with

1878 1996 27 14 us,
1916 1990 37 17 and
1962 1996 20 11 so
1999 1990 42 16 well
2055 1990 70 16 known
2145 1989 121 23 throughout
2282 1989 32 17 the

1877 2013 80 20 district,
1967 2013 34 17 has
2015 2019 42 11 now
2074 2013 46 17 been
2135 2012 87 23 replaced
2239 2012 25 22 by
2281 2013 33 17 the

1878 2037 45 16 Rev.
1933 2037 71 17 Father
2013 2036 128 23 Kreijmborg.
2172 2036 55 17 Since
2244 2036 70 17 Father

1878 2060 68 17 .Smiers
1958 2066 50 11 came
2017 2060 43 17 here
2071 2060 22 16 he
2103 2060 34 16 has
2145 2059 47 17 been
2202 2061 50 15 most
2260 2059 43 17 inde-

1877 2083 92 22 fatigable
1975 2083 19 17 in
2000 2083 29 17 his
2036 2083 52 17 work
2095 2083 59 17 which
2160 2083 15 17 is
2180 2082 66 23 amply
2252 2083 49 16 mani-

1877 2107 61 17 fested
1950 2107 26 22 by
1992 2107 33 16 the
2041 2107 65 22 pretty
2122 2106 70 17 church
2215 2107 21 16 at
2245 2105 68 22 Waihi,

1878 2129 46 18 with
1940 2130 26 17 its
1982 2130 112 17 convenient
2119 2130 91 22 dwelling
2235 2130 30 15 for
2281 2129 32 16 the

1878 2153 60 17 Priest
1947 2152 38 18 and
1994 2152 127 23 surrounding
2138 2151 71 24 garden
2227 2152 38 17 and
2282 2158 21 11 or-

1877 2175 65 18 chard.
1975 2175 58 19 Much
2050 2176 54 16 labor
2123 2182 38 10 was
2178 2181 98 17 iiecossaiy
2293 2177 20 15 to

1876 2199 19 17 b.
1901 2199 32 21 Vig
1942 2199 57 17 about
2010 2199 44 17 such
2071 2205 12 10 a
2099 2199 64 20 result,
2180 2199 39 16 and
2236 2199 32 16 the
2277 2198 24 17 im-

1876 2224 120 21 provements
2006 2222 54 17 stand
2070 2228 20 11 as
2099 2222 64 23 proofs
2175 2222 21 17 of
2205 2222 47 22 long
2259 2228 54 16 years

1876 2246 21 16 of
1905 2246 74 21 patient
1987 2246 40 19 toil,
2037 2246 38 16 and
2092 2246 45 16 with
2155 2245 94 22 probably
2266 2245 47 17 hard

1876 2269 38 17 and
1923 2271 66 20 scanty
1998 2269 45 17 fare.
2057 2269 71 17 Father
2137 2269 68 17 Smiers
2214 2269 34 17 has
2255 2269 58 22 lately

1876 2292 38 17 had
1924 2293 32 16 the
1962 2297 91 17 company
2061 2292 20 17 of
2086 2292 28 17 his
2121 2292 84 21 brother,
2212 2292 32 17 Mr
2252 2292 49 17 Theo-

1876 2315 45 17 dore
1930 2316 75 19 Smiers,
2015 2316 62 16 whose
2091 2315 42 17 skill
2150 2321 20 11 as
2179 2321 12 11 a
2207 2316 76 22 pianist,
2293 2321 20 12 as

1876 2339 43 17 well
1928 2345 20 11 as
1957 2345 11 11 a
1978 2339 75 17 teacher
2062 2339 20 17 of
2093 2339 65 19 music,
2167 2339 15 16 is
2192 2338 43 18 well
2243 2339 70 17 known

1876 2362 38 17 and
1923 2361 119 24 appreciated
2051 2362 25 22 by
2085 2362 61 17 Maori
2155 2361 37 18 and
2206 2362 82 17 Pakeha.

1900 2386 32 16 Mr
1940 2386 18 17 S.
1967 2386 58 22 Percy
2042 2385 67 21 Smith,
2128 2385 183 23 surveyor-general,

1876 2409 38 17 and
1924 2410 31 16 Mr
1964 2408 67 21 Baker,
2042 2409 49 17 chief
2100 2415 90 16 surveyor
2203 2410 21 16 of
2232 2409 33 17 the
2273 2408 29 18 dis-

1877 2433 50 20 trict,
1938 2433 47 17 have
1994 2433 47 16 been
2057 2433 45 16 here
2117 2433 105 22 airanging
2238 2432 34 17 the
2279 2438 23 10 ne-

1876 2462 74 16 eessaiy
1959 2456 66 17 details
2034 2456 19 17 in
2064 2455 68 24 regard
2142 2457 19 16 to
2170 2456 34 17 the
2220 2455 94 23 proposed

1877 2480 96 21 township
1982 2480 32 16 the
2022 2480 103 22 surveying
2130 2480 20 16 of
2155 2479 62 17 which
2226 2479 34 16 has
2266 2479 47 16 been

1877 2503 61 22 going
1947 2509 25 11 on
1980 2503 30 16 for
2019 2509 50 11 some
2086 2502 46 18 time
2147 2504 44 20 past
2207 2502 60 17 under
2284 2502 20 17 di-

1878 2526 71 17 rection
1959 2526 20 17 of
1986 2526 32 16 Mr
2026 2526 67 22 Biggs.

1900 2549 20 17 It
1928 2549 15 17 is
1952 2549 101 17 rumoured
2062 2549 42 17 that
2113 2555 52 11 some
2172 2549 20 17 of
2199 2554 35 12 our
2239 2549 75 17 visitors

1876 2572 19 17 in
1905 2573 79 21 making
1998 2573 32 16 the
2045 2574 64 15 ascent
2122 2572 20 17 of
2159 2572 103 22 Igaruhoe
2276 2572 38 17 and

1876 2596 104 22 Tongariro
2001 2596 47 17 have
2069 2596 59 16 found
2149 2601 12 11 a
2180 2597 56 21 great
2257 2601 57 16 many

1877 2619 82 22 changes
1968 2625 24 11 on
1999 2618 89 23 reaching
2097 2619 32 17 the
2135 2619 84 17 summit.
2245 2619 29 17 On
2281 2618 33 18 the

1876 2642 58 17 latter
1943 2643 98 16 mountain
2056 2642 119 22 (Tongariro)
2193 2648 36 11 one
2245 2642 21 17 of
2281 2642 33 17 the

1877 2666 52 17 lakes
1938 2666 34 17 has
1981 2666 52 17 dried
2042 2672 32 16 up,
2089 2666 63 16 whilst
2166 2671 24 12 on
2204 2666 33 16 the
2254 2666 59 16 active

1877 2695 46 11 cone
1932 2689 70 17 several
2012 2690 37 16 feet
2058 2688 127 23 surrounding
2194 2689 32 17 the
2235 2688 79 18 volcano

1876 2712 49 17 have
1932 2713 100 22 gradually
2041 2712 73 22 slipped
2121 2713 42 16 into
2177 2712 33 17 the
2224 2712 90 22 yawning

1877 2735 62 23 abyss.

1900 2755 47 21 Last
1956 2758 83 22 Monday
2049 2759 32 17 the
2091 2758 56 18 ooach
2158 2764 38 11 was
2210 2758 69 17 unable
2294 2760 20 15 to

1878 2784 33 21 get
1920 2788 44 11 over
1972 2782 33 17 the
2013 2782 177 23 Tauranga-Taupo
2207 2782 55 20 river,
2277 2781 37 17 and

1878 2805 38 17 had
1925 2807 19 15 to
1953 2807 64 15 return
2027 2807 19 15 to
2055 2805 33 17 the
2097 2805 101 22 township.
2224 2805 25 20 It,
2260 2805 40 17 how-

1878 2834 48 14 ever,
1937 2829 60 22 safely
2005 2829 110 22 negotiated
2123 2828 33 17 the
2165 2827 43 18 ford
2216 2829 47 16 next
2278 2828 36 22 day

1877 2852 39 17 and
1924 2851 79 19 reached
2011 2852 24 17 its
2044 2852 114 17 destination
2164 2851 66 23 safely.
2245 2852 30 17 No
2281 2852 22 17 de-

1878 2875 31 22 lay
1918 2881 38 11 was
1966 2875 66 17 caused
2041 2876 20 16 to
2071 2881 34 11 our
2121 2874 160 23 correspondence
2294 2881 20 11 as

1878 2899 14 16 it
1902 2898 44 18 does
1955 2900 34 15 not
1998 2899 52 17 leave
2062 2899 64 21 Taupo
2135 2898 49 17 until
2199 2898 116 23 Thursday's

1878 2921 85 21 coaches,
1972 2922 57 17 north
2038 2921 37 18 and
2085 2921 62 18 south.

1902 2945 97 19 Tokaanu,
2009 2945 46 19 May
2065 2946 34 18 Ist,
2111 2946 30 15 189
2141 2946 20 15 C.

2036 2999 110 22 TAUPO.

1911 3058 64 23 [FROM
1988 3063 40 13 OUR
2040 3063 46 13 OWN
2096 3058 188 23 COKBESPOJTDENT.]

1902 3091 39 17 The
1950 3091 70 17 annual
2029 3090 83 23 meeting
2121 3091 20 17 of
2149 3090 135 18 householders
2295 3091 19 16 to

1879 3114 48 17 elect
1936 3120 11 11 a
1956 3114 67 17 School
2032 3114 113 17 Committee
2154 3120 38 11 was
2200 3115 36 16 not
2243 3114 26 21 by
2278 3119 37 17 any

1878 3143 64 11 means
1951 3137 58 22 large,
2023 3137 33 17 the
2071 3137 58 22 night
2144 3137 59 22 being
2219 3137 43 17 cold
2278 3136 36 18 and

1878 3162 78 21 stormy.
1982 3161 26 16 As
2017 3166 10 11 a
2036 3161 35 16 full
2081 3162 62 20 report
2152 3161 20 16 of
2185 3161 34 17 the
2232 3160 85 22 meeting

1879 3183 35 18 has
1922 3183 48 18 been
1983 3183 102 18 circulated
2100 3184 26 22 by
2143 3183 53 18 word
2212 3183 21 18 of
2248 3183 67 18 mouth

1879 3207 55 17 those
1943 3207 65 17 absent
2018 3213 30 10 are
2061 3208 65 21 pretty
2143 3207 43 17 well
2201 3206 115 23 acquainted

1879 3230 46 17 with
1935 3230 33 17 the
1977 3230 57 17 result
2048 3231 21 16 of
2085 3230 32 17 the
2134 3230 110 22 gathering.
2276 3230 39 17 The

1880 3254 94 22 outgoing
1983 3253 113 21 committee,
2112 3253 120 23 represented
2246 3253 26 23 by
2285 3253 32 17 Mr

1879 3277 92 19 Norman,
1982 3277 101 19 chairman,
2093 3283 49 16 gave
2150 3283 11 10 a
2169 3276 50 17 brief
2226 3277 64 22 report
2297 3277 20 16 of

1880 3300 52 16 what
1940 3300 39 16 had
1985 3300 47 17 been
2041 3300 55 17 done.
2128 3300 31 17 He
2168 3300 40 17 also
2217 3300 45 17 read
2267 3300 51 17 their

1880 3324 64 21 report
1952 3324 21 16 to
1982 3323 32 17 the
2023 3323 69 20 Board,
2107 3323 19 17 in
2140 3323 63 17 which
2217 3323 33 17 the
2265 3329 39 11 com-

1880 3347 65 16 mittee
1974 3347 79 22 suggest
2081 3346 77 17 needful
2193 3346 73 22 repairs
2297 3347 20 16 to

1880 3370 43 17 roof
1930 3369 38 17 and
1976 3370 93 22 building.
2099 3370 40 16 The
2152 3370 110 17 committee
2278 3370 39 17 also

1881 3392 99 23 expressed
2000 3392 50 18 their
2070 3392 117 18 satisfaction
2213 3392 47 18 with
2285 3392 32 18 the

1880 3415 82 21 teacher,
1972 3415 33 17 the
2011 3416 50 16 work
2067 3416 48 17 done
2122 3415 37 17 and
2166 3416 33 17 the
2204 3415 114 18 attendance

1881 3439 30 17 for
1919 3438 37 18 last
1965 3441 82 20 quarter.
2072 3439 32 17 Mr
2118 3439 88 18 Fletcher
2219 3444 40 12 was
2271 3439 47 17 then

1881 3462 57 17 voted
1946 3464 21 15 to
1976 3462 32 17 the
2017 3462 51 17 chair
2078 3462 38 17 and
2123 3462 34 17 the
2165 3462 100 22 following
2270 3468 36 17 gen-

1881 3485 70 17 tlemen
1960 3491 48 11 were
2017 3485 71 17 elected
2100 3491 21 11 as
2133 3491 12 11 a
2160 3486 113 17 Committee
2289 3486 29 16 for

1881 3509 33 16 the
1935 3509 81 21 ensuing
2036 3514 44 16 year
2088 3509 4 21 :
2126 3509 70 17 Messre
2212 3509 104 19 Berriman,

1881 3531 101 21 Brownlie,
1992 3531 93 21 Fletcher,
2099 3531 109 23 Gallagher,
2224 3531 38 18 and
2276 3531 42 18 Mc-

1882 3554 78 23 Cauloy.
1985 3555 69 22 Owing
2062 3556 21 16 to
2097 3555 33 17 the
2143 3555 127 17 unavoidable
2285 3555 22 16 ab-

1882 3584 55 11 sence
1945 3578 21 17 of
1974 3584 35 11 one
2018 3578 20 17 of
2045 3578 34 17 the
2087 3578 108 18 committee
2200 3578 34 17 the
2239 3578 80 17 election

1882 3601 20 17 of
1911 3601 96 17 chairman
2016 3607 38 11 was
2063 3601 86 17 deferred
2156 3601 50 17 until
2215 3603 47 15 next
2267 3607 39 11 com-

1882 3624 65 17 mittee
1965 3624 83 22 meeting
2064 3625 20 16 to
2100 3624 23 17 be
2140 3624 44 17 held
2201 3630 21 12 as
2239 3631 46 11 soon
2299 3630 20 11 as

1882 3647 89 22 possible.

1906 3671 46 17 Last
1961 3671 51 17 week
2025 3671 70 16 Messrs
2107 3670 79 18 Watson
2201 3670 38 18 and
2253 3670 66 18 Dodds

1883 3694 20 17 of
1912 3693 33 17 tho
1953 3693 55 18 Bank
2017 3694 19 17 of
2048 3693 47 18 New
2112 3693 83 19 Zealand
2212 3693 38 18 and
2266 3693 52 18 Loan

1883 3716 38 17 and
1930 3717 111 17 Mercantile
2050 3717 33 17 Co.
2092 3716 67 22 passed
2168 3717 85 22 through
2267 3723 25 11 on
2309 3723 11 10 a

1883 3740 45 17 visit
1942 3742 20 15 to
1976 3740 51 17 Loch
2041 3740 57 17 Inver
2114 3740 75 18 Station
2205 3740 73 22 piloted
2294 3740 26 22 by

1883 3763 32 17 Mr
1923 3763 84 21 McCaw,
2017 3763 32 17 tho
2057 3763 124 17 well-known
2194 3769 92 17 manager
2300 3763 20 17 of

1883 3786 33 17 the
1925 3786 114 22 Company's
2048 3786 85 17 stations.

1907 3810 39 16 The
1955 3810 81 16 Domain
2045 3809 64 18 Board
2117 3815 31 12 are
2157 3815 45 17 very
2216 3810 46 17 slow
2276 3815 45 12 over

1883 3832 33 17 the
1925 3832 136 23 improvement
2070 3832 20 18 of
2098 3832 49 18 their
2155 3838 42 12 new
2208 3833 111 22 possession,

1883 3855 17 17 it
1907 3861 39 11 was
1954 3856 63 22 hoped
2028 3855 54 17 those
2098 3855 152 23 long-promised
2267 3857 54 22 gates

1884 3878 65 18 would
1956 3879 47 16 have
2012 3879 47 17 been
2067 3879 54 23 hung
2133 3885 31 11 ere
2177 3879 44 21 this,
2236 3879 38 18 and
2288 3879 33 17 the

2100 3902 79 20 formed,
2197 3902 48 17 both
2261 3902 60 17 inside

1884 3925 39 17 and
1931 3925 73 17 outside
2012 3925 32 17 the
2053 3925 101 20 enclosure,
2165 3926 111 16 meanwhile
2288 3925 33 17 the

1885 3948 55 22 delay
1947 3948 21 17 in
1977 3948 81 22 forming
2067 3948 33 17 the
2108 3948 57 17 latter
2173 3949 16 16 is
2202 3954 46 17 very
2263 3948 48 18 detri-

1886 3971 72 17 mental
1968 3972 19 16 to
1996 3971 43 17 that
2055 3971 106 18 choiceness
2177 3972 21 17 of
2215 3972 71 17 diction
2302 3972 19 16 in

1886 3994 33 18 the
1937 3994 135 18 coachdriver's
2096 3994 115 23 vocabulary
2228 3995 62 17 which
2306 3994 15 18 is

1887 4017 98 21 desirable,
1995 4017 37 17 and
2041 4017 39 17 also
2089 4018 20 16 to
2119 4018 32 17 the
2159 4017 56 19 limbs
2220 4018 39 17 and
2266 4018 56 17 livers

1887 4040 21 17 of
1916 4046 116 16 passengers.
2059 4041 19 17 It
2086 4041 16 17 is
2111 4041 52 22 quite
2172 4041 46 17 time
2234 4047 12 11 a
2253 4046 69 18 proper

1885 4063 47 17 road
1940 4069 39 11 was
1987 4064 78 17 formed.

1909 4086 85 17 Tourists
2001 4093 31 11 are
2038 4092 43 12 now
2086 4088 64 21 pretty
2154 4092 67 15 scarce,
2228 4086 94 23 although

1887 4109 31 17 for
1929 4109 32 17 the
1977 4109 41 17 first
2033 4111 38 16 two
2088 4111 60 15 weeks
2165 4111 19 16 of
2201 4111 33 16 the
2250 4111 72 17 Winter

1885 4132 77 17 months
1971 4132 4 22 '
1982 4133 78 21 specials
2067 4132 4 22 '
2081 4139 48 11 were
2146 4133 19 16 in
2177 4134 56 20 great
2241 4133 81 18 demand

2346 113 38 17 and
2399 113 32 17 the
2448 113 58 17 coach
2526 113 114 23 proprietors
2656 113 47 22 kept
2716 114 65 21 pretty

2345 136 54 18 busv.
2424 136 39 17 The
2471 136 56 17 roads
2536 142 31 11 are
2575 137 20 16 in
2604 136 51 22 good
2667 136 55 17 order
2737 141 44 12 now

2346 158 146 23 fortravcUing.

2367 183 39 15 The
2415 182 70 22 Bishop
2495 182 21 16 of
2523 182 81 23 Waiapu
2612 181 75 18 arrived
2704 188 24 10 on
2737 182 32 16 Fri-

2344 205 38 21 day
2389 204 37 18 last
2434 204 38 17 and
2480 206 36 20 put
2524 211 26 16 up
2558 207 21 16 at
2587 206 32 17 the
2627 206 79 16 Terrace
2714 205 65 19 Hotel,

2344 228 60 22 going
2412 233 24 12 on
2445 230 20 15 to
2478 228 90 17 Xokaanu
2586 235 24 10 on
2622 228 101 21 Saturday.
2748 228 32 17 He

2344 252 74 16 retiirns
2434 250 77 23 to-day,
2528 251 37 17 and
2582 257 45 16 goes
2643 257 25 11 on
2685 252 20 15 to
2718 250 49 18 Roto-

2344 280 40 14 rua,
2393 274 62 17 where
2463 274 24 17 he
2496 280 43 16 may
2546 275 22 16 be
2575 273 91 24 expected
2675 279 24 12 on
2707 273 60 18 Thurs-

2344 296 42 22 day.
2412 297 30 16 He
2458 296 39 18 will
2514 297 39 18 also
2569 297 44 18 visit
2629 298 106 19 Tauranga,
2753 297 26 16 To

2344 320 50 16 Fuse
2403 320 38 17 and
2453 320 84 22 Opotiki,
2555 320 100 23 returning
2671 321 20 15 to
2707 319 71 22 Napier

2344 343 37 17 this
2389 349 42 16 way
2440 343 52 21 early
2500 343 20 17 in
2528 343 56 20 June,
2594 344 15 16 if
2619 343 24 17 all
2652 349 8 11 s
2669 342 49 17 well.

2366 366 39 17 The
2421 366 38 22 Spa
2475 362 73 21 flowers
2565 372 31 12 are
2613 366 40 17 still
2669 365 56 18 much
2742 365 24 17 ad-

2344 388 58 17 mired
2410 389 55 16 when
2474 395 43 12 seen
2525 390 21 16 in
2558 388 64 23 Taupo
2629 394 5 15 ;
2651 388 33 17 the
2700 394 66 16 crysan-

2343 411 93 18 thomums
2453 418 31 12 are
2501 412 100 23 especially
2618 412 63 17 choice
2698 412 37 16 and
2744 411 22 17 de-

2344 440 50 11 serve
2403 435 32 17 the
2442 441 41 11 care
2492 435 33 17 the
2540 435 107 23 proprietor
2662 434 81 17 bestows
2752 440 25 11 on

2342 457 58 18 them.
2424 458 40 17 The
2473 459 69 16 Crow's
2551 459 48 16 Nest
2606 457 69 18 should
2681 463 46 11 soon
2734 458 43 22 give

2343 480 86 18 evidence
2438 482 20 16 of
2473 482 25 16 its
2516 482 94 17 existence
2626 487 21 11 as
2655 480 33 18 the
2704 480 49 18 river
2761 481 16 17 is

2343 503 58 22 rising
2411 504 106 23 gradually.

2365 526 40 17 The
2412 528 108 22 re-eoating
2530 528 21 17 of
2566 527 105 23 Ngaruhoe
2678 525 38 18 and
2725 527 38 16 Rua-

2342 549 51 22 pehu
2401 550 45 16 with
2463 550 49 17 their
2528 551 55 16 usual
2600 548 73 19 Winter
2688 550 89 21 splendor

2342 572 89 17 betokens
2438 572 62 18 colder
2506 574 88 16 weather.
2619 573 17 17 A
2645 573 48 16 frost
2702 578 61 12 accom-

2342 595 68 22 panied
2418 595 25 23 by
2452 596 59 22 heavy
2521 597 59 16 winds
2597 596 70 22 during
2683 595 33 17 the
2724 596 51 16 week

2342 618 54 17 made
2404 618 42 18 fires
2455 625 45 16 very
2509 619 113 23 acceptable,
2632 618 38 17 and
2678 619 97 16 reminded

2341 641 54 17 those
2403 640 100 19 interested
2511 644 21 15 to
2540 642 56 17 make
2604 642 49 17 their
2661 640 58 18 cattle
2727 647 50 17 snug

2342 664 30 17 for
2380 664 33 17 the
2421 665 67 17 winter
2496 666 20 16 of
2524 666 49 16 their
2580 665 112 17 discontent.

2366 687 70 17 Father
2445 687 67 18 Smiers
2520 689 45 22 paid
2573 694 23 11 us
2604 694 11 11 a
2631 685 83 20 farewell
2732 688 44 17 vir.it

2342 710 21 17 of
2370 710 53 17 three
2431 710 47 23 days
2485 712 38 16 last
2533 712 56 20 week,
2600 709 132 23 accompanied
2749 711 26 22 by

2342 733 29 17 his
2379 733 83 17 brother.
2486 734 40 18 The
2533 735 63 20 latter,
2613 734 44 17 who
2666 734 15 16 is
2690 739 12 11 a
2710 734 66 17 skilled

2341 756 70 23 pianist
2420 760 48 18 gave
2476 757 85 22 pleasure
2570 759 21 15 to
2600 757 25 17 all
2641 757 26 22 by
2675 757 31 17 his
2721 757 53 17 vocal

2341 779 38 18 and
2393 779 132 18 instrumental
2534 781 67 17 talent.
2626 780 34 17 We
2675 781 50 16 trust
2741 786 35 11 our

2341 802 74 22 worthy
2431 802 71 18 friends
2522 804 39 17 will
2585 804 48 16 have
2648 802 124 18 comfortable

2341 827 86 21 quarters
2434 825 21 17 in
2463 826 49 17 their
2520 828 46 16 next
2582 826 88 20 location,
2688 826 62 17 which
2759 826 16 18 is

2341 848 116 18 understood
2464 850 20 16 to
2492 849 24 17 be
2524 850 32 17 the
2569 850 82 17 German
2667 849 108 17 settlement

2341 873 20 16 of
2381 872 68 20 Puhoi,
2469 872 85 18 between
2573 873 33 18 the
2629 872 93 18 Waiwera
2738 872 37 17 and

2340 894 116 23 Mahurangi
2465 894 88 19 districts.

2363 919 39 16 The
2419 918 89 23 shooting
2524 925 65 11 season
2605 919 34 17 has
2655 919 120 17 commenced

2340 941 35 17 but
2384 942 104 22 sportsmen
2497 947 49 12 seem
2558 948 68 11 scarce.
2651 941 60 18 Game
2724 942 16 17 is
2756 942 19 17 in

2340 964 88 17 evidence
2449 964 93 22 although
2557 967 36 16 not
2608 964 94 24 supposed
2718 966 20 16 to
2752 965 23 17 be

2340 987 98 17 abundant
2445 988 66 21 except
2514 993 46 12 near
2564 988 33 18 the
2604 990 77 21 potatoe
2690 988 84 22 patches.

2363 1011 17 16 A
2388 1011 49 16 flock
2446 1011 20 16 of
2474 1011 56 22 sheep
2536 1011 66 22 passed
2608 1011 85 22 through
2699 1011 43 17 here
2751 1017 24 11 on

2341 1033 94 22 Saturday
2444 1033 37 18 last
2489 1033 77 24 looking
2573 1035 49 20 well,
2632 1034 49 18 their
2692 1033 73 18 destina-

2339 1058 41 16 tion
2388 1057 16 16 is
2413 1062 35 11 one
2457 1057 19 16 of
2485 1057 33 16 the
2525 1057 106 18 Matamata
2639 1058 93 22 pastures.

2363 1080 70 21 Taupo,
2443 1080 33 17 4th
2485 1080 52 21 May,
2549 1082 49 16 1896.

2398 1148 75 18 TOWN
2485 1148 87 18 BOARD
2589 1148 126 18 MEETING.

2363 1195 17 18 A
2389 1195 69 23 special
2467 1195 84 23 meeting
2559 1196 19 17 of
2591 1196 32 17 the
2636 1196 58 17 Town
2710 1195 63 18 Board

2339 1224 39 13 was
2398 1218 44 17 held
2460 1224 23 11 on
2496 1218 84 23 Monday
2601 1220 99 16 afternoon
2719 1221 55 14 when

2338 1243 70 17 Messrs
2425 1242 90 21 Malfroy,
2531 1240 71 24 (chair),
2615 1242 65 20 Brent,
2698 1242 76 23 Dansey

2338 1265 38 17 and
2385 1265 28 17 Dr
2422 1265 80 17 Ginders
2509 1265 94 17 attonded.

2405 1296 46 19 The
2470 1296 112 19 Cemetery
2602 1297 105 18 Keserve,

2362 1332 39 16 The
2410 1331 102 18 Chairman
2521 1331 61 17 stated
2588 1331 42 17 that
2643 1331 33 17 tho
2690 1331 84 22 meeting

2338 1355 38 18 had
2385 1355 47 16 been
2441 1354 60 17 called
2510 1354 30 17 for
2547 1354 31 17 the
2584 1361 81 15 purpose
2672 1354 19 18 of
2698 1354 76 22 dealing

2340 1378 45 17 with
2394 1378 32 17 the
2435 1377 75 17 tenders
2520 1378 60 16 which
2590 1378 35 16 had
2635 1379 48 16 been
2698 1377 76 17 handed

2338 1402 19 16 in
2367 1402 29 16 for
2404 1401 71 17 certain
2493 1401 66 17 works.
2585 1401 39 17 One
2641 1401 20 17 of
2678 1401 52 17 these
2743 1406 20 12 re-

2338 1425 51 17 lated
2398 1426 20 15 to
2428 1424 32 17 the
2470 1425 93 21 cemetery
2571 1425 37 16 and
2617 1424 65 17 before
2691 1424 83 22 opening

2339 1448 51 17 them
2399 1448 23 16 he
2432 1447 63 17 would
2503 1447 38 17 like
2547 1448 20 16 to
2573 1447 45 17 have
2625 1447 33 17 the
2670 1447 77 22 opinion
2754 1448 19 16 of

2338 1472 31 16 the
2379 1470 83 21 meeting
2470 1476 20 12 as
2503 1473 20 14 to
2540 1470 83 18 whether
2639 1471 16 17 it
2671 1470 63 17 would
2750 1470 23 18 be

2337 1494 93 23 judicious
2439 1496 21 14 to
2469 1500 24 16 go
2503 1499 24 11 on
2536 1494 46 16 with
2589 1494 30 16 the
2625 1493 52 17 work
2681 1494 92 21 proposed

2338 1518 52 17 there
2410 1517 19 17 in
2449 1517 25 17 its
2491 1517 87 21 entirety.
2611 1517 94 17 Members
2723 1522 48 12 were

2337 1547 61 11 fiw.a-o
2406 1541 43 16 that
2458 1546 24 11 an
2491 1539 114 23 application
2613 1540 38 17 had
2662 1540 47 17 been
2718 1540 55 17 made

2338 1566 30 15 for
2376 1570 24 11 an
2409 1563 86 18 addition
2503 1565 21 15 to
2533 1563 32 17 the
2575 1564 21 16 o~
2605 1569 50 11 acres
2671 1568 43 12 now
2729 1563 44 17 held

2337 1587 38 18 and
2383 1588 33 16 the
2430 1593 41 11 new
2489 1592 44 12 area
2549 1586 87 17 included
2653 1592 50 12 some
2721 1587 50 22 good

2337 1611 74 23 pumice
2431 1610 51 20 land,
2503 1610 20 17 15
2541 1609 37 17 feet
2593 1609 67 22 higher
2676 1610 47 17 than
2740 1610 33 17 the

2337 1635 76 21 present
2422 1633 80 23 ground.
2528 1633 51 22 They
2589 1632 36 18 had
2634 1634 31 15 Mr
2676 1632 96 18 Mueller's

2337 1658 81 22 promise
2427 1656 42 18 that
2477 1656 39 17 this
2525 1656 44 16 land
2578 1656 62 17 would
2655 1656 23 17 be
2691 1656 81 22 granted

2337 1681 38 17 and
2384 1681 73 20 though
2467 1680 31 16 Mr
2512 1679 92 22 Dansey's
2616 1679 42 17 idea
2674 1681 19 15 to
2710 1679 63 17 utilise

2338 1704 32 17 the
2389 1705 76 21 present
2481 1708 43 12 area
2542 1708 38 11 was
2596 1708 11 11 a
2627 1703 50 21 good
2696 1708 35 11 one
2749 1703 24 16 he

2338 1727 83 21 thought
2430 1727 45 21 they
2484 1725 68 18 should
2568 1731 29 11 see
2611 1726 51 17 what
2676 1726 45 21 they
2734 1726 38 17 had

2337 1750 83 23 actually
2429 1752 33 20 got
2471 1750 65 16 before
2543 1748 80 23 binding
2632 1748 111 19 themselves
2752 1750 20 16 to

2336 1780 38 16 any
2383 1773 102 22 particular
2494 1772 49 23 spot.
2559 1773 18 16 It
2587 1773 61 16 would
2656 1773 23 16 be
2688 1779 11 10 a
2708 1778 65 11 source

2336 1797 21 17 of
2365 1797 54 22 groat
2427 1795 88 18 vexation
2524 1795 16 17 if
2545 1795 45 23 they
2596 1795 109 18 afterwards
2712 1795 60 18 found

2336 1821 46 21 they
2397 1820 38 17 had
2453 1821 32 16 not
2502 1819 68 17 chosen
2589 1819 30 16 tho
2633 1819 41 17 best
2683 1819 87 22 position.

2336 1844 52 21 They
2397 1843 67 17 should
2473 1842 104 18 remember
2586 1842 40 17 that
2634 1843 31 16 the
2670 1842 54 22 place
2729 1848 43 11 now

2336 1866 93 23 proposed
2437 1869 20 14 to
2465 1867 24 16 be
2498 1865 66 17 fenced
2573 1871 38 11 was
2620 1872 44 16 very
2679 1872 45 10 near
2739 1865 32 17 the

2336 1890 46 17 road
2399 1889 36 18 and
2453 1889 48 18 close
2517 1890 21 16 to
2555 1889 32 16 the
2602 1888 78 23 sulphur
2691 1889 80 21 deposit.

2336 1914 52 21 They
2397 1913 61 22 might
2468 1919 24 16 go
2508 1918 23 11 on
2547 1912 44 16 with
2606 1912 31 17 the
2655 1912 83 22 clearing
2752 1912 19 17 of

2336 1937 32 17 the
2377 1936 74 23 ground
2460 1936 35 16 but
2503 1942 21 10 its
2533 1935 77 22 regards
2618 1935 31 17 the
2659 1935 76 22 fencing
2748 1935 23 17 he

2336 1960 84 22 thought
2428 1959 45 23 they
2482 1959 68 17 should
2564 1959 54 21 delay
2632 1959 28 16 till
2674 1959 45 21 they
2733 1964 38 11 saw

2336 1983 52 17 what
2396 1983 45 21 they
2449 1982 39 17 had
2496 1982 84 22 actually
2586 1983 39 21 got.
2650 1982 38 17 The
2695 1982 76 21 fencing

2336 2006 60 17 round
2405 2006 32 17 the
2443 2011 67 18 graves
2517 2005 68 17 should
2592 2005 38 17 also
2636 2005 23 17 be
2666 2002 105 25 postponed

2336 2030 30 17 for
2374 2030 32 16 the
2415 2035 50 11 same
2475 2034 72 12 reason.

2359 2053 33 17 Mr
2399 2052 76 23 Dansey
2484 2051 55 18 could
2549 2058 29 11 see
2587 2057 24 11 no
2621 2057 65 12 reason
2695 2052 29 17 for
2738 2051 22 18 de-

2335 2076 38 22 lay.
2411 2076 30 17 He
2457 2076 38 16 had
2515 2075 68 17 visited
2604 2075 32 16 tho
2656 2075 73 22 ground
2747 2081 24 11 on

2335 2099 71 18 several
2424 2099 95 17 occasions
2536 2098 37 17 and
2590 2098 59 17 found
2663 2098 54 17 there
2733 2103 38 12 was

2335 2123 62 22 ample
2406 2122 74 22 ground
2489 2123 29 16 for
2527 2122 53 16 three
2588 2121 64 17 blocks
2660 2121 111 22 containing

2336 2146 33 18 792
2377 2151 67 17 graves
2453 2145 51 17 each.
2530 2145 31 16 He
2569 2144 38 17 had
2616 2150 11 11 a
2634 2146 65 20 strong
2706 2144 54 22 objec-

2336 2169 40 17 tion
2385 2171 20 15 to
2414 2174 29 11 see
2451 2175 11 10 a
2470 2168 101 22 repetition
2580 2168 20 16 of
2608 2168 50 16 what
2672 2173 38 11 was
2727 2168 33 16 wit-

2335 2192 66 17 nessed
2410 2192 20 16 at
2438 2192 33 16 the
2480 2190 37 18 last
2525 2191 108 17 interment.

2359 2215 38 17 The
2406 2215 101 17 Chairman
2517 2214 62 17 stated
2588 2214 42 17 that
2639 2214 31 17 the
2684 2214 49 16 fault
2746 2220 24 10 on

2335 2239 42 17 that
2395 2238 85 17 occasion
2493 2238 33 22 lay
2542 2237 47 17 with
2602 2237 32 17 the
2651 2237 118 17 undertaker.

2335 2262 31 17 He
2375 2261 55 18 could
2438 2262 48 16 have
2495 2262 34 21 got
2538 2260 35 23 dry
2582 2260 75 23 ground
2665 2260 16 17 if
2695 2260 24 17 ho
2733 2260 37 18 had

2335 2286 74 16 chosen.
2435 2284 30 18 Ho
2474 2290 38 11 was
2521 2284 80 17 anxious
2609 2285 21 15 to
2639 2290 29 11 see
2677 2284 32 16 the
2717 2284 53 21 place

2335 2308 66 17 fenced
2409 2308 20 16 in
2437 2314 21 10 as
2467 2314 45 11 soon
2526 2314 20 10 as
2560 2307 81 22 possible
2655 2307 36 17 and
2708 2307 62 17 would

2335 2331 43 18 take
2388 2337 41 11 care
2444 2331 53 17 there
2507 2336 37 11 was
2561 2336 24 11 no
2602 2330 55 22 delay
2674 2330 49 17 after
2738 2330 33 17 the

2335 2354 74 23 ground
2426 2354 76 23 applied
2519 2354 30 17 for
2565 2353 37 17 had
2618 2354 48 17 been
2683 2353 86 22 granted.

2335 2378 24 17 In
2368 2385 10 10 a
2387 2378 111 22 fortnight's
2511 2377 46 17 time
2570 2377 32 17 the
2616 2377 75 22 ground
2707 2377 63 17 wotdd

2335 2401 23 17 be
2367 2401 72 17 cleared
2448 2399 37 19 and
2500 2401 45 17 then
2559 2400 45 22 they
2618 2400 56 17 could
2691 2406 79 16 arrange

2335 2425 59 17 iibout
2402 2424 32 17 the
2444 2424 82 22 fencing.
2556 2423 31 17 He
2601 2423 67 18 moved
2682 2423 42 17 that
2736 2423 33 17 the

2336 2448 76 22 fencing
2431 2448 24 16 bo
2470 2446 107 24 postponed
2594 2446 29 17 till
2640 2447 32 16 the
2689 2446 82 23 clearing

2336 2477 37 11 was
2386 2471 54 17 done.

2359 2495 31 16 Mr
2399 2495 75 21 Dansey
2484 2493 92 17 admitted
2590 2492 42 18 that
2647 2493 33 17 the
2696 2493 75 22 fencing

2335 2523 39 12 was
2382 2519 34 16 not
2425 2523 24 11 an
2458 2517 104 22 important
2571 2517 44 16 item
2625 2522 20 11 as
2653 2516 16 17 it
2677 2516 37 17 had
2723 2516 47 17 been

2335 2540 93 17 unfenced
2437 2540 30 17 for
2475 2547 20 10 so
2505 2540 46 21 long
2559 2546 11 10 a
2583 2540 51 16 time.
2660 2540 39 16 The
2712 2540 49 16 clear-

2335 2564 34 23 ing
2378 2564 37 17 and
2424 2564 88 22 marking
2521 2564 27 16 off
2555 2563 33 17 the
2593 2569 66 16 graves
2665 2568 48 12 were
2718 2563 39 17 how-

2335 2593 43 11 ever
2387 2588 19 16 of
2414 2587 124 22 importance.

2359 2610 32 17 Mr
2411 2610 59 17 Brent
2490 2609 92 18 seconded
2603 2609 32 17 the
2655 2608 116 19 Chairman's

2336 2634 72 17 motion
2417 2634 61 17 which
2488 2639 38 11 was
2535 2632 77 18 carried.

2501 2665 103 18 Tenders.

2359 2700 82 17 Tenders
2450 2705 48 11 were
2507 2698 72 23 opened
2585 2704 21 11 as
2611 2698 84 18 follows:
2709 2697 51 19 Clear-

2335 2723 40 22 ing,
2391 2723 83 21 burning
2488 2722 38 17 and
2542 2722 107 22 ploughing
2666 2722 34 16 the
2715 2722 57 16 Town

2336 2747 43 17 Belt
2389 2747 46 16 from
2445 2746 32 17 the
2486 2745 120 18 Sanatorium
2615 2747 20 15 to
2644 2745 32 17 the
2690 2745 83 22 Sulphur

2336 2770 120 17 Baths:R.
2465 2768 38 18 and
2512 2768 21 18 C.
2548 2768 91 21 Griffiths,
2654 2769 32 16 24s
2700 2768 24 17 6d
2740 2773 33 18 per

2336 2792 52 21 acre;
2402 2792 77 20 Kokeri,
2489 2793 20 16 2s
2524 2792 24 16 (id
2562 2798 34 15 per
2610 2792 55 16 chain
2672 2798 5 14 ;

2336 2818 33 16 40s
2377 2822 33 17 per
2418 2822 42 11 acre
2468 2815 3 24 ;
2486 2815 50 17 Kiwi
2546 2815 86 17 Amohau
2641 2816 33 16 4Gs
2683 2821 33 16 per
2724 2820 47 12 acre.

2336 2840 39 17 The
2387 2839 67 18 tender
2467 2839 21 17 of
2500 2839 33 17 the
2547 2838 42 17 first
2602 2838 68 17 named
2687 2844 38 11 was
2742 2844 20 11 ac-

2337 2863 72 22 cepted.

2361 2886 37 18 For
2407 2885 84 22 clearing
2498 2885 38 17 and
2545 2885 84 22 burning
2644 2885 27 17 off
2686 2890 24 12 on
2726 2885 45 17 both

2337 2910 48 16 sides
2395 2909 20 17 of
2423 2909 32 17 the
2469 2909 31 16 old
2515 2909 65 21 Taupo
2596 2907 57 22 road;
2676 2908 59 17 about
2752 2908 21 17 70

2338 2933 74 17 chains:
2414 2933 47 16 R.
2470 2931 39 18 and
2522 2931 21 17 C.
2562 2931 85 17 Griffiths
2666 2931 18 17 Is
2701 2931 23 17 yd
2741 2937 33 15 per

2338 2956 66 21 chain;
2418 2954 84 19 Wiremu
2515 2954 75 21 Matini,
2610 2956 19 15 Is
2645 2954 47 21 4.U1;
2714 2954 24 17 R.
2754 2953 18 18 J.

2338 2979 70 20 Shield,
2420 2980 18 16 Is
2447 2978 24 18 9d
2479 2973 3 26 ;
2497 2977 37 19 Orr
2542 2977 38 17 and
2683 2978 20 16 2s
2710 2973 4 26 ;
2735 2978 26 16 Ra-

2338 3008 54 14 were,
2402 3003 20 16 2s
2429 2999 4 23 ;
2448 3001 76 20 Kokeri,
2535 3002 20 15 2s
2564 3000 24 17 4d
2595 3006 6 15 ;
2614 3001 22 16 A.
2646 3001 49 19 Tait,
2705 3002 20 15 3s
2735 2999 22 19 6d
2765 2999 3 23 ;

2338 3026 81 19 Pururu,
2430 3031 26 11 os.
2469 3025 39 16 The
2516 3024 67 17 tender
2591 3024 20 17 of
2618 3024 33 17 the
2658 3024 41 17 first
2705 3024 68 17 named

2337 3055 39 11 was
2385 3048 94 23 accepted.

2361 3072 38 17 For
2412 3071 83 22 clearing
2510 3071 38 17 and
2561 3070 85 22 burning
2662 3071 26 17 off
2703 3071 21 16 at
2742 3070 32 17 the

2338 3097 93 21 cemetery
2439 3095 32 17 the
2480 3093 67 18 tender
2556 3094 19 17 of
2583 3093 38 18 Orr
2628 3093 38 18 and
2675 3093 67 18 Gallon
2754 3095 20 16 at

2339 3119 31 17 10s
2382 3125 34 16 per
2432 3123 42 12 acre
2490 3123 39 11 was
2545 3116 95 23 accepted.
2673 3117 39 17 The
2729 3117 44 22 only

2338 3142 54 17 other
2399 3141 66 17 tender
2473 3146 39 12 was
2520 3140 44 17 that
2572 3140 20 17 of
2600 3140 72 17 Kokeri
2680 3143 20 14 at
2715 3141 21 17 2s
2750 3140 23 17 3d

2336 3171 35 17 per
2383 3165 60 17 chain.

2396 3196 46 19 The
2451 3196 63 18 Town
2523 3194 74 19 Board
2606 3194 107 20 Paddock.

2361 3231 39 17 The
2408 3236 90 16 manager
2507 3229 21 18 of
2536 3229 33 17 the
2577 3229 65 17 Grand
2650 3229 60 17 Hotel
2715 3231 58 15 wrote

2338 3255 73 22 stating
2420 3254 42 17 that
2470 3253 23 18 he
2502 3253 116 17 understood
2625 3253 43 16 that
2677 3253 32 16 Mr
2719 3253 53 19 Reid,

2338 3278 44 17 who
2391 3276 88 23 occupied
2488 3276 33 17 the
2533 3276 71 17 section
2618 3276 100 22 adjoining
2732 3276 42 17 that

2338 3300 84 23 recently
2430 3299 62 18 leased
2500 3300 21 17 to
2529 3299 47 19 him,
2586 3296 90 20 intended
2684 3300 21 16 to
2712 3299 63 22 object

2339 3326 20 16 to
2367 3324 30 17 his
2405 3323 57 22 using
2469 3323 34 17 the
2511 3328 52 12 same
2571 3323 30 16 for
2609 3322 32 17 the
2658 3322 83 22 disposal
2755 3323 20 16 of

2340 3353 72 16 sewage
2421 3347 70 16 matter
2496 3347 49 16 from
2553 3346 31 16 the
2591 3345 65 17 Grand
2662 3346 38 16 and
2707 3346 67 17 Palace

2339 3370 74 18 Hotels.
2438 3370 31 17 He
2477 3369 72 17 wished
2558 3369 32 17 the
2599 3368 63 18 Board
2670 3370 21 16 to
2705 3369 58 17 under-

2340 3393 55 18 stand
2402 3393 33 17 the
2442 3398 33 12 use
2484 3393 20 17 to
2514 3392 61 17 which
2584 3391 24 17 ho
2615 3392 90 17 intended
2714 3393 20 16 to
2740 3393 35 21 put

2339 3417 34 17 the
2381 3415 74 24 ground
2464 3422 19 11 so
2493 3416 43 17 that
2544 3415 16 17 if
2568 3415 141 22 complications
2723 3421 53 11 arose

2340 3441 29 16 his
2376 3439 82 23 position
2467 3438 64 18 would
2539 3439 24 16 be
2577 3438 131 17 unassailable.
2740 3438 35 17 His

2340 3464 82 22 primary
2430 3462 42 17 idea
2481 3468 38 11 was
2528 3463 21 16 to
2557 3461 77 23 provide
2646 3462 30 17 for
2691 3462 31 16 the
2737 3462 28 16 dis-

2340 3486 53 23 posal
2401 3486 21 17 of
2430 3492 73 15 sewage
2513 3486 69 16 matter
2589 3485 62 17 which
2666 3485 20 17 at
2700 3486 75 21 present

2340 3509 33 17 did
2381 3511 33 15 not
2423 3509 51 17 leave
2483 3509 33 17 the
2525 3508 92 22 precincts
2630 3507 21 18 of
2664 3508 33 17 the
2710 3508 63 17 house.

2341 3533 37 17 For
2387 3532 38 17 this
2433 3538 81 16 purpose
2528 3538 11 11 a
2552 3531 90 22 specially
2656 3530 119 18 constructed

2340 3556 72 17 vehicle
2420 3561 38 11 was
2466 3555 58 22 being
2540 3554 55 18 made
2608 3554 38 17 and
2658 3554 33 17 the
2707 3556 69 15 matter

2340 3579 64 17 would
2411 3579 24 17 be
2442 3577 89 19 removed
2540 3579 20 15 at
2568 3584 24 10 an
2601 3577 52 23 early
2661 3577 49 17 hour
2717 3577 20 17 in
2744 3577 32 17 the

2340 3602 89 22 morning
2437 3602 55 17 when
2500 3602 16 17 it
2524 3600 63 18 would
2602 3606 54 12 cause
2670 3606 26 11 no
2710 3601 55 17 incon-

2340 3626 89 17 venience
2445 3626 21 16 to
2482 3630 82 17 anyone.
2588 3624 20 16 It
2623 3624 65 17 would
2703 3624 23 17 be
2743 3623 22 17 de-

2340 3648 74 23 posited
2422 3648 20 17 in
2450 3648 86 18 trenches
2545 3647 71 17 several
2627 3647 66 17 chains
2705 3647 71 17 distant

2341 3673 49 15 from
2399 3672 32 16 Mr
2437 3671 64 17 Reid's
2510 3671 59 17 house
2577 3669 38 18 and
2624 3670 78 17 covered
2717 3669 59 23 safely

2342 3700 44 12 over
2394 3695 38 17 and
2440 3694 64 18 would
2512 3693 94 18 therefore
2616 3693 23 17 be
2652 3693 74 17 neither
2742 3692 22 18 ob-

2342 3718 80 17 noxious
2430 3723 21 12 or
2460 3718 89 17 offensive
2557 3718 20 15 to
2591 3716 47 17 him.
2669 3716 77 18 Instead
2757 3716 19 17 of

2342 3741 32 17 the
2382 3742 75 21 present
2466 3740 73 18 limited
2548 3746 42 11 area
2604 3740 29 16 for
2648 3739 33 17 the
2695 3739 81 22 disposal

2342 3765 20 16 of
2371 3770 72 16 sewage
2451 3764 46 22 they
2507 3761 63 20 would
2584 3763 47 17 have
2646 3764 33 16 ten
2693 3768 50 12 acres
2757 3763 19 16 to

2342 3787 52 18 work
2402 3793 58 17 upon.
2485 3787 39 16 The
2537 3786 87 22 question
2640 3786 20 17 of
2680 3786 95 22 drainage,

2342 3816 52 11 more
2402 3810 100 23 especially
2514 3810 20 16 in
2549 3808 68 23 regard
2633 3810 20 16 to
2667 3809 33 17 tho
2716 3808 62 23 larger

2342 3834 73 20 houses,
2425 3840 38 10 was
2472 3833 100 22 becoming
2580 3838 11 11 a
2608 3833 69 16 serious
2692 3838 34 11 one
2740 3831 37 17 and

2342 3857 24 17 he
2375 3857 83 22 thought
2465 3857 42 16 that
2516 3855 33 18 the
2557 3855 73 23 project
2639 3855 24 17 he
2673 3860 36 12 was
2715 3855 51 16 enter-

2342 3880 34 22 ing
2384 3886 50 16 upon
2444 3879 63 18 would
2514 3881 36 20 put
2558 3879 32 16 the
2599 3880 71 15 matter
2677 3880 19 15 to
2702 3879 38 16 rest
2749 3878 29 17 for

2343 3909 51 11 some
2402 3903 45 17 time
2456 3904 19 16 to
2485 3907 58 13 come.

2366 3926 39 17 The
2414 3926 101 17 Chairman
2524 3925 41 17 said
2574 3925 42 17 that
2623 3925 32 17 Mr
2662 3924 48 18 Reid
2718 3923 60 18 called

2343 3955 52 17 upon
2403 3949 39 18 him
2451 3949 20 17 in
2479 3948 69 23 regard
2556 3949 20 16 to
2588 3948 38 17 this
2636 3949 67 16 matter
2711 3947 36 16 but
2755 3947 23 17 he

2343 3972 58 17 failed
2409 3974 21 15 to
2444 3978 30 11 see
2488 3972 43 17 how
2547 3971 46 22 they
2608 3971 54 17 could
2676 3970 43 17 take
2732 3976 34 17 cog-

2343 3996 76 16 nizance
2428 3996 20 16 of
2455 3996 22 16 it.

2367 4019 28 16 Dr
2404 4018 79 18 Ginders
2492 4017 41 18 said
2538 4017 42 17 that
2589 4023 25 11 no
2623 4023 35 11 one
2666 4016 55 18 could
2728 4022 38 12 com-

2343 4041 53 23 plain
2404 4041 21 18 of
2433 4047 11 12 a
2451 4041 90 18 nuisance
2549 4041 31 17 till
2587 4041 17 16 it
2612 4040 82 22 actually
2700 4040 78 17 existed.

2344 4065 24 16 In
2375 4064 38 17 this
2422 4070 41 12 case
2472 4064 16 17 it
2495 4064 64 17 would
2572 4064 92 22 probably
2677 4063 23 17 be
2714 4063 65 17 shown

2344 4088 44 16 that
2396 4088 15 16 it
2419 4093 39 12 was
2467 4093 24 11 no
2499 4087 97 17 nuisance.

2368 4110 39 17 The
2416 4110 102 18 Chairman
2526 4110 41 17 said
2580 4110 43 17 that
2639 4109 33 17 the
2686 4109 57 17 lessee
2760 4109 20 18 of

2345 4134 33 17 the
2386 4134 75 20 ground
2470 4133 63 18 would
2542 4134 48 17 have
2598 4134 20 16 to
2628 4132 71 18 submit
2714 4134 21 15 to
2747 4132 33 18 the

2803 113 63 17 Board
2876 115 19 15 of
2904 114 71 16 Health
2983 114 97 21 bye-laws.
3111 117 30 18 He
3154 119 30 18 did
3196 129 16 10 )if

2803 142 30 11 see
2841 136 44 17 how
2899 137 45 16 they
2960 137 55 17 could
3031 137 70 19 discuss
3118 141 31 17 the
3164 146 48 14 math

2803 158 62 19 either
2870 159 49 18 with
2925 160 35 17 the
2965 160 59 17 lessee
3031 165 22 13 or
3063 161 32 18 Mr
3109 162 44 20 Eeid
3167 165 16 19 in
3196 153 27 33 ft'

2803 183 107 16 meantime.
2928 183 19 16 If
2955 183 46 22 they
3008 183 32 17 did
3049 185 32 17 not
3088 187 88 22 complete
3184 190 40 20 their

2801 206 87 16 contract
2904 205 46 18 with
2966 206 32 17 the
3012 206 57 18 lessee
3081 208 44 22 they
3139 211 49 19 could
3204 216 18 17 be

2802 226 46 19 sued
2857 228 31 18 for
2895 228 96 22 damages.
3015 229 38 18 The
3062 230 56 18 lessee
3126 235 58 16 would
3194 243 18 12 un-

2801 250 104 23 doubtedly
2914 252 47 16 have
2974 252 21 16 to
3007 252 55 17 abide
3074 253 26 22 by
3113 254 32 19 the
3156 261 58 16 reerda

2801 275 50 17 tions
2867 274 21 18 of
2904 275 33 16 the
2953 275 62 17 Board
3031 275 20 17 of
3066 277 76 18 Health.
3173 280 51 23 These

2800 296 118 23 regulations
2927 297 62 18 would
2998 298 54 17 settle
3061 299 32 17 the
3102 303 67 16 matter
3184 304 30 20 irre-

2800 320 83 23 spective
2892 321 19 16 of
2920 321 32 16 the
2961 320 54 17 lease.

2824 344 32 16 Mr
2869 344 58 16 Brent
2941 344 39 16 said
2997 344 23 17 he
3036 343 37 18 bad
3089 345 90 24 inspected
3195 351 26 20 the

2800 367 75 20 ground
2884 367 37 16 and
2930 367 59 16 found
2998 367 42 17 that
3048 368 52 17 there
3113 375 37 12 was
3163 378 11 10 a
3187 380 25 11 sur-

2800 390 41 17 face
2849 390 54 16 drain
2912 390 60 17 which
2982 390 69 17 carried
3064 391 32 17 the
3109 395 57 16 water
3181 395 40 20 from

2799 412 32 18 the
2840 412 87 23 paddock
2935 412 55 18 down
3000 414 19 16 to
3027 414 32 16 the
3068 414 58 18 creek.

2822 436 40 16 The
2869 436 100 17 Chairman
2976 440 5 13 :
2994 435 38 18 But
3041 442 27 12 we
3074 438 49 17 can't
3130 440 91 24 anticipate

2800 464 11 11 a
2820 459 94 17 nuisance.

2822 482 32 17 Mr
2874 482 87 26 Dansey_
2967 482 106 17 considered
3095 484 43 17 that
3155 491 22 12 no
3192 494 28 14 one

2798 505 57 17 could
2863 506 23 16 bo
2895 511 51 11 more
2954 504 100 18 interested
3068 506 19 16 in
3101 507 33 17 the
3147 510 72 21 sanitary

2799 528 95 18 condition
2904 528 21 17 of
2932 528 33 18 the
2968 528 54 23 place
3027 528 48 18 than
3079 529 34 18 the
3117 532 103 22 proprietors

2798 551 21 17 of
2827 551 32 17 the
2868 548 64 21 Grand
2941 551 58 17 Hotel
3008 551 36 17 and
3053 552 14 17 it
3077 558 37 11 was
3130 553 62 20 foolish
3205 560 15 16 to

2798 580 80 16 suppose
2887 574 42 17 that
2945 575 44 21 they
3002 574 63 17 would
3079 581 54 17 cany
3147 579 31 16 out
3191 586 30 13 any

2798 597 75 23 project
2881 597 61 17 which
2957 597 60 17 would
3033 598 45 16 tend
3092 600 20 15 to
3128 598 92 25 insanitary

2791 616 1 29 [
2798 620 112 18 conditions.

2821 642 39 18 The
2869 642 112 26 Chairman:
2995 644 26 16 As
3029 644 46 21 long
3087 650 20 11 as
3121 645 43 23 they
3178 653 31 14 com-

2798 666 32 22 ply
2841 667 44 17 with
2897 666 32 18 the
2938 666 105 18 conditions
3057 667 20 17 of
3092 668 31 17 the
3136 668 57 20 Board
3205 675 16 16 of

2798 690 71 16 Health
2880 689 52 18 there
2942 690 37 16 will
2988 690 22 16 be
3019 694 24 12 no
3052 691 74 21 ground
3135 692 28 18 for
3178 699 31 14 com-

2797 713 67 22 plaint.

2821 736 32 17 Mr
2860 735 77 23 Dansoy
2946 735 106 18 considered
3058 736 42 17 that
3107 736 51 19 there
3164 739 56 21 should

2796 759 25 17 be
2834 764 26 12 no
2876 765 52 11 more
2945 758 94 23 objection
3055 760 20 16 to
3092 760 32 17 the
3140 765 80 20 proposed

2797 782 74 17 scheme
2880 781 47 18 than
2935 783 21 16 to
2964 788 12 11 a
2984 782 120 18 Chinaman's
3113 784 74 21 garden.

2820 805 32 17 Mr
2861 805 69 25 Brent:
2944 805 58 17 There
3010 811 31 11 are
3055 811 58 17 many
3130 806 91 24 objections

2797 830 21 15 to
2826 828 59 17 these.

2821 851 29 17 Dr
2859 851 78 17 Ginders
2945 850 39 18 said
2993 850 43 18 that
3044 852 32 16 the
3085 852 92 22 objection
3189 861 31 13 was

2797 875 20 16 in
2826 875 68 22 regard
2903 875 20 17 to
2932 873 33 19 the
2979 873 108 23 vegetables
3101 881 63 16 grown
3170 878 49 20 there.

2798 898 41 17 One
2847 903 41 12 acre
2898 898 20 16 of
2926 897 45 18 land
2979 898 88 22 properly
3075 898 46 17 used
3130 905 37 11 was
3178 903 42 20 quite

2798 920 92 18 sufficient
2896 922 20 16 to
2926 920 41 18 deal
2975 921 47 17 with
3033 921 33 17 the
3077 927 73 17 sewage
3163 924 18 16 of
3195 926 26 17 120

2796 944 74 22 people.
2895 944 32 16 He
2935 944 84 22 thought
3027 944 42 17 that
3077 945 16 16 it
3102 949 39 13 was
3149 948 58 19 purely
3212 956 9 11 a

2798 967 120 17 sentimental
2928 966 94 23 objection
3032 973 23 11 on
3066 967 33 17 the
3112 971 43 19 part
3168 971 18 15 of
3197 972 17 16 lf
3214 979 7 11 r

2797 990 48 17 Reid
2854 989 38 18 and
2901 990 43 17 that
2952 990 23 17 he
2984 989 64 18 would
3056 990 107 19 eventually
3171 993 50 20 admit

2797 1013 44 17 that
2846 1013 53 17 there
2908 1019 38 11 was
2954 1019 25 11 no
2987 1014 94 16 nuisance.

2821 1037 32 16 Mr
2862 1037 58 16 Brent,
2929 1036 62 17 stated
3006 1037 43 16 that
3064 1037 26 17 he
3105 1039 116 21 sympathised

2797 1059 48 17 with
2854 1060 31 17 Mr
2893 1059 48 18 Reid
2949 1059 35 18 but
2992 1059 23 17 he
3024 1059 31 17 did
3064 1061 35 16 not
3112 1066 29 11 see
3155 1061 38 18 how
3205 1064 16 18 in

2797 1083 32 16 the
2840 1083 100 17 meantime
2949 1083 45 22 they
3004 1083 55 17 could
3068 1082 24 18 do
3106 1084 89 24 anything
3205 1087 16 18 in

2797 1106 32 17 the
2838 1107 76 16 matter.

2821 1129 39 17 The
2869 1129 101 17 Chairman
2979 1129 40 17 said
3027 1129 23 16 he
3059 1129 56 17 could
3125 1131 20 16 at
3156 1135 65 17 present

2796 1152 71 17 extend
2876 1159 24 10 no
2909 1152 106 22 sympathy.
3031 1152 52 17 Were
3092 1153 52 17 these
3153 1155 68 19 sections

2797 1177 20 15 to
2826 1176 23 16 be
2857 1176 47 21 kept
2912 1175 66 18 locked
2986 1181 26 16 up
3024 1175 79 18 because
3117 1177 20 16 of
3150 1176 31 18 the
3193 1179 18 17 ob-

2796 1199 71 22 jection
2876 1199 20 17 of
2910 1205 35 11 one
2961 1198 104 18 individual
3071 1199 8 17 ?
3100 1199 20 17 If
3135 1206 37 15 any
3186 1202 26 17 nui-

2796 1228 56 11 sance
2860 1228 49 11 were
2918 1221 74 18 created
3008 1222 46 17 then
3069 1222 25 17 he
3110 1223 62 17 would
3188 1225 25 17 rriy
3214 1232 7 11 u

2796 1245 30 16 his
2833 1245 108 23 sympathy,
2951 1245 35 17 but
2994 1245 14 17 it
3017 1250 39 12 was
3070 1246 33 16 the
3119 1246 74 18 interest
3207 1250 15 16 of

2796 1268 33 17 the
2838 1268 67 18 lessees
2914 1270 20 16 to
2951 1274 29 12 see
2996 1268 43 17 that
3054 1268 84 23 nothing
3154 1270 19 17 of
3188 1271 33 18 that

2796 1293 40 15 sort
2843 1292 43 17 took
2895 1291 59 22 place.

2820 1315 20 16 It
2848 1320 39 11 was
2895 1315 84 17 resolved
2994 1315 44 17 that
3051 1315 32 17 the
3098 1315 57 17 letter
3164 1315 22 18 bo
3198 1323 16 12 re-

2796 1338 64 17 ceived
2869 1338 37 17 and
2915 1338 50 17 filed.

2902 1369 46 19 The
2960 1369 87 19 Branch
3061 1369 68 19 Bakk.

2820 1401 40 17 The
2876 1401 101 17 Chairman
2991 1401 92 22 referring
3095 1402 20 16 to
3131 1400 31 18 the
3175 1402 47 19 letter

2795 1424 85 17 received
2890 1424 48 17 from
2947 1425 32 16 the
2989 1423 54 17 Bank
3057 1425 19 17 of
3085 1425 47 16 New
3149 1425 72 20 Zealand

2795 1447 20 17 in
2824 1447 68 23 regard
2902 1449 20 15 to
2931 1447 33 18 the
2970 1447 144 18 establishment
3118 1447 21 18 of
3144 1454 12 11 a
3160 1447 61 21 branch

2795 1470 52 17 bank
2854 1471 62 16 stated
2925 1470 43 18 that
2976 1471 24 16 lie
3008 1470 37 17 had
3054 1477 43 10 seen
3109 1471 32 16 Mr
3154 1472 68 18 Watson

2795 1494 38 17 and
2842 1494 60 21 urged
2911 1494 43 17 that
2963 1494 32 17 the
3008 1494 52 21 large
3073 1494 82 17 increase
3167 1495 19 17 in
3196 1496 26 18 the

2795 1517 113 23 population
2918 1517 108 17 authorised
3034 1517 32 17 the
3075 1519 47 21 step.
3138 1517 30 17 Mr
3176 1519 34 17 Wit-

2795 1547 34 10 son
2845 1540 31 17 did
2894 1542 33 15 not
2942 1540 54 17 make
3011 1545 37 17 any
3064 1541 82 21 promise
3161 1541 19 17 in
3195 1542 27 18 the

2796 1564 70 17 matter
2874 1564 35 16 but
2923 1564 24 16 he
2965 1563 40 23 (the
3022 1563 108 24 Chairman)
3148 1564 73 22 thought

2795 1587 53 17 there
2857 1587 63 17 would
2930 1587 23 17 be
2961 1593 25 11 no
2991 1587 54 17 harm
3053 1587 20 17 in
3081 1587 58 22 again
3154 1587 68 24 writing

2795 1613 19 14 to
2824 1611 33 16 the
2866 1609 90 19 directors
2965 1610 66 22 asking
3039 1610 51 17 them
3099 1612 21 15 to
3127 1611 95 18 reconsider

2794 1634 50 17 their
2853 1634 88 17 decision.

2888 1661 18 20 A
3038 1661 100 20 Express.

2819 1696 19 18 It
2847 1703 38 11 was
2894 1696 84 18 resolved
2987 1698 20 16 to
3015 1697 54 17 write
3077 1698 20 16 to
3107 1697 33 17 the
3146 1696 76 25 Railway

2794 1721 127 21 Department
2935 1720 71 22 urging
3022 1720 32 17 the
3074 1720 118 23 advisability
3207 1722 15 17 of

2795 1743 84 22 running
2888 1749 35 11 one
2933 1748 74 18 express
3016 1743 50 17 train
3083 1749 34 17 per
3133 1744 50 17 week
3198 1745 23 17 for

2794 1767 33 16 the
2836 1766 70 17 benefit
2915 1766 20 17 of
2943 1766 80 17 invalids
3030 1766 48 19 who,
3083 1766 61 17 under
3150 1766 31 18 the
3184 1773 28 17 pre-

2794 1790 42 18 sent
2845 1791 148 20 arrangements,
3003 1790 59 16 arrive
3071 1790 43 17 hero
3124 1790 37 17 late
3170 1790 18 17 in
3196 1791 26 17 the

2794 1813 82 22 evening
2885 1813 49 17 after
2942 1819 12 11 a
2963 1813 66 17 twelve
3038 1813 63 17 hours'
3111 1813 45 17 ride.

2818 1835 39 18 The
2866 1836 84 23 meeting
2957 1836 46 17 then
3012 1836 67 17 closed.

2851 1883 294 32 CORRESPONDENCE.

2808 1947 36 15 THE
2856 1946 139 16 POLLUTION
3004 1945 30 17 OF
3043 1946 50 16 THE
3105 1945 109 18 UTUHINA.

2933 1993 21 11 TO
2965 1993 36 11 THE
3019 1990 69 14 FDITOIt'

2815 2018 96 18 Sir,The
2920 2018 98 16 threatened
3027 2018 84 20 pollution
3121 2019 18 15 of
3146 2018 27 16 the
3178 2018 32 16 XJtu-

2793 2040 41 16 hina
2850 2040 53 15 River
2911 2039 22 21 by
2957 2041 89 19 emptying
3061 2039 29 21 t.h
3105 2045 84 13 sewerage
3205 2042 15 16 of

2793 2065 34 12 two
2836 2065 50 16 great
2893 2061 55 15 hotels
2960 2067 20 9 on
2991 2064 16 12 to
3017 2062 13 14 In
3045 2061 10 15 tl
3064 2061 16 15 in
3090 2062 5 14 i
3104 2067 9 10 s
3121 2062 44 15 close
3174 2067 36 15 prox-

2793 2083 50 20 imity
2852 2083 43 15 from
2905 2083 69 15 whence
2983 2083 13 15 it
3005 2084 45 14 must
3066 2083 45 15 filter
3128 2083 33 15 and
3179 2084 40 16 drain

2793 2104 36 15 into
2839 2104 28 15 the
2875 2104 40 20 only
2924 2104 36 15 cold
2970 2104 33 15 and
3020 2104 61 20 p-llu<
3088 2104 4 20 i
3107 2107 63 13 Ntream
3183 2107 35 15 with

2794 2125 54 16 which
2867 2125 29 15 the
2913 2124 106 16 inhabitants
3035 2125 17 15 of
3072 2126 77 14 Rotorua
3165 2131 27 11 are
3205 2133 14 9 so

2793 2147 71 17 blessed,
2875 2151 53 11 seems
2936 2146 41 15 such
2987 2152 11 9 a
3006 2148 96 14 monstrous
3114 2148 78 19 proposal
3205 2154 14 10 as

2793 2171 17 12 to
2819 2168 61 16 render
2892 2168 30 15 the
2935 2167 42 20 ugly
2992 2172 58 11 rumor
3063 2168 98 16 incrediblo.
3191 2169 30 16 But

2793 2189 79 15 however
2880 2189 92 15 incredible
2980 2191 17 13 to
3005 2189 80 21 ordinary
3095 2190 70 14 mortals
3181 2191 35 15 such

2793 2216 9 9 a
2810 2210 38 16 foul
2857 2211 78 20 proposal
2944 2215 38 15 may
2991 2211 26 16 be,
3026 2211 14 14 it
3049 2216 72 15 appears
3129 2211 43 16 from
3180 2212 39 15 what

2793 2232 13 15 is
2815 2232 37 15 said
2861 2234 17 13 to
2888 2232 42 15 have
2939 2231 79 17 occurred
3027 2235 18 12 at.
3054 2232 27 15 the
3090 2232 53 16 latest
3151 2233 68 20 meeting

2793 2253 18 16 of
2820 2258 32 11 our
2860 2255 12 7 44
2880 2253 130 20 extraordinary
3047 2253 53 16 Town
3118 2253 55 16 Board
3189 2255 33 16 held

2793 2280 20 10 on
2826 2274 80 21 Monday,
2916 2274 44 21 that,
2968 2276 16 14 at
2994 2274 23 16 all
3026 2278 64 15 even's,
3101 2275 22 20 by
3133 2275 28 16 the
3170 2276 41 15 chair-

2793 2301 39 10 man
2841 2296 34 15 and
2884 2301 9 10 a
2902 2295 81 21 majority
2993 2297 17 14 of
3019 2296 29 16 the
3057 2296 84 15 members
3149 2297 28 15 the
3186 2302 25 15 pro-

2793 2317 48 20 posal
2850 2318 14 14 is
2876 2321 30 12 not
2914 2321 41 16 only
2970 2318 64 15 viewed
3053 2318 41 15 whh
3114 2318 107 19 equanimity,

2794 2340 31 14 but
2834 2338 76 20 actually
2918 2338 75 21 surprise
3007 2338 14 16 is
3034 2340 89 19 expressei
3141 2340 36 15 that
3193 2345 28 15 any

2793 2360 95 20 objections
2895 2361 62 14 should
2967 2361 19 14 be
2995 2360 54 16 raised
3058 2363 18 12 at
3084 2360 22 15 all
3119 2365 19 10 or
3147 2361 21 19 by
3184 2366 27 16 any-

2793 2387 36 11 one.
2862 2381 28 16 Mr
2899 2382 50 19 Rrid,
2959 2387 30 11 one
2996 2382 18 14 of
3022 2387 32 10 our
3061 2382 55 15 oldest
3132 2382 34 16 and
3181 2384 41 14 most

2793 2403 86 20 respeded
2888 2403 73 19 settlers,
2973 2403 75 18 residing
3057 2408 18 10 as
3083 2403 21 15 he
3120 2403 14 15 is
3150 2403 69 16 between

2793 2424 29 15 the
2832 2424 79 16 Utuhiim
2920 2427 62 13 slream
2991 2425 33 15 aud
3038 2424 29 15 the
3081 2424 40 15 land
3137 2424 54 17 leased
3204 2425 18 20 by

2793 2445 29 16 the
2831 2445 57 16 Board
2897 2446 24 18 (in
2930 2445 33 16 full
2970 2446 101 19 cognisance
3080 2446 18 14 of
3112 2446 29 15 the
3157 2452 64 15 purpose

2793 2467 27 16 for
2829 2467 56 15 which
2894 2467 29 15 the
2932 2467 52 16 lessee
2991 2467 81 16 intended
3081 2467 22 20 it)
3118 2467 14 15 is
3142 2467 27 16 the
3185 2470 38 13 most

2793 2488 99 16 immediate
2897 2488 71 16 sufferer
2975 2488 33 16 and
3014 2489 27 15 bis
3048 2489 123 19 protestations
3177 2489 43 17 have,

2793 2511 13 14 it
2815 2510 16 15 is
2839 2510 42 19 said,
2892 2510 41 15 been
2942 2510 72 18 ignored
3022 2509 42 16 with
3074 2510 98 18 something
3187 2511 34 15 akin

2794 2535 16 11 to
2819 2534 92 18 contempt.
2937 2532 35 15 But
2984 2532 9 15 I
3003 2537 26 10 ain
3044 2531 50 15 much
3113 2531 83 16 mistaken
3210 2532 11 15 if

2793 2552 30 16 the
2832 2555 62 13 matter
2903 2553 34 15 will
2947 2554 20 14 he
2974 2552 71 16 allowed
3055 2555 16 12 to
3079 2552 34 16 end
3133 2552 44 16 here.
3205 2553 15 15 In

2793 2579 35 15 any
2836 2579 44 14 case,
2897 2574 30 15 the
2933 2574 47 20 large
2989 2574 63 16 sectijn
3060 2574 18 15 of
3086 2573 30 16 the
3123 2573 101 17 inhabitants

2794 2596 56 19 living
2857 2601 21 10 on
2888 2595 29 15 the
2930 2596 54 15 banks
2998 2596 17 15 of
3033 2596 27 14 the
3076 2594 81 17 UYuhina
3172 2601 18 10 or
3203 2596 18 16 its

2794 2617 73 20 vicinity
2876 2617 61 15 should
2946 2617 81 20 certainly
3035 2616 39 16 take
3083 2619 47 18 stops
3142 2619 17 13 to
3172 2622 37 10 coun-

2794 2641 60 16 teract,
2865 2638 14 15 if
2886 2638 79 21 possible,
2975 2639 34 14 this
3018 2638 139 15 unwarrantable
3168 2638 51 15 action

2794 2659 17 15 of
2820 2659 29 15 the
2857 2659 57 16 Boaid
2925 2660 38 15 who
2971 2660 44 15 have
3023 2665 8 9 a
3038 2659 54 20 heavy
3100 2659 121 21 responsibility

2794 2681 16 15 in
2820 2681 35 15 this
2864 2683 68 14 matter.
2957 2681 38 16 >*nd
3005 2680 83 20 although
3099 2681 28 15 the
3136 2683 34 14 two
3184 2681 39 16 hotel

2794 2702 105 21 pioprietors
2907 2707 29 11 are
2944 2702 73 16 entitled
3026 2704 17 14 to
3051 2702 116 16 considerable
3182 2708 30 15 sym-

2794 2727 54 17 pathy
2857 2724 17 15 in
2883 2724 66 17 having
2958 2729 21 10 no
2987 2723 69 16 natural
3064 2728 19 11 or
3094 2724 79 15 artific.al
3188 2727 25 12 out-

2795 2746 22 14 let
2826 2746 27 14 for
2862 2745 44 16 their
2914 2751 74 14 sewage,
2998 2745 57 20 surely
3064 2750 9 9 a
3088 2745 56 15 better
3159 2746 63 20 remedy

2794 2766 58 20 might
2860 2766 20 16 be
2888 2766 82 20 piovided
2983 2766 42 16 than
3039 2771 32 11 one
3085 2766 90 21 involving-
3187 2768 35 14 such

2794 2787 66 16 serious
2869 2788 33 15 risk
2913 2791 17 12 to
2942 2789 28 14 the
2985 2788 41 15 lives
3045 2787 33 16 and
3095 2788 59 15 health
3171 2789 17 14 of
3200 2788 23 15 the

2795 2809 62 20 people
2867 2810 17 14 of
2893 2809 84 16 Rotorua.
3010 2808 89 21 Although
3112 2814 45 10 some
3170 2810 17 14 of
3200 2809 24 15 the

2795 2831 85 15 members
2888 2831 18 15 of
2914 2831 30 15 the
2957 2831 55 15 Board
3026 2830 65 15 declare
3104 2830 39 16 that
3156 2830 66 16 nothing

2795 2857 33 10 can
2838 2852 20 15 be
2867 2852 43 15 done
2920 2852 43 15 until
2974 2852 29 15 the
3008 2852 79 15 nuisance
3094 2852 76 21 actually
3177 2852 46 15 exi.-ts

2796 2873 8 15 I
2813 2873 58 15 would
2880 2878 30 15 say
2920 2874 38 15 that
2968 2875 10 7 <4
2986 2873 99 20 prevention
3095 2873 15 15 is
3118 2873 56 15 better
3188 2873 3 20 1
3195 2873 27 15 hin

2860 2895 34 15 and
2903 2895 66 16 instead
2979 2895 17 15 of
3008 2894 86 21 polluting
3102 2900 19 10 or
3127 2895 65 19 risking
3200 2895 22 14 the

2796 2916 26 19 pol
2831 2916 49 16 ution
2888 2916 18 15 of
2914 2921 32 11 one
2955 2916 18 16 of
2981 2916 29 16 the
3017 2916 52 16 finest
3081 2918 72 14 streams
3168 2916 17 16 in
3199 2916 23 15 the

2795 2937 79 16 Rotorua
2881 2937 75 21 distric',
2969 2937 41 16 such
3019 2942 19 10 as
3047 2937 28 16 the
3083 2937 80 16 Utuhina
3176 2939 17 14 at
3201 2937 23 15 the

2795 2959 50 20 point
2853 2958 98 16 mentioned
2961 2958 117 21 undoubtedly
3088 2959 20 18 is,
3118 2959 30 15 the
3162 2963 60 16 sewage

2796 2980 17 15 of
2822 2980 24 15 ail
2855 2980 29 16 the
2892 2980 55 16 hotels
2956 2980 56 20 might
3021 2980 20 15 be
3049 2980 86 20 conveyed
3142 2981 40 15 with
3189 2985 24 15 per-

2795 3001 35 16 fect
2838 3001 87 21 impunity
2934 3004 17 12 to
2957 3001 29 16 the
2995 3001 71 19 vicinity
3081 3001 19 16 of
3114 3001 30 16 the
3158 3001 64 20 su'phur

2795 3023 120 20 impregnated
2923 3022 99 21 Puarenga,
3045 3022 17 16 If
3071 3022 39 16 that
3118 3027 59 11 coursj
3186 3027 36 11 were

2795 3044 74 20 adopted
2878 3045 28 14 the
2915 3044 79 20 questiou
3003 3045 16 14 ot
3026 3044 47 15 hotel
3081 3050 86 14 sewerage
3174 3043 49 16 would

2795 3066 20 15 be
2824 3066 61 15 settled
2895 3066 26 15 for
2929 3070 46 11 some
2983 3065 116 16 considerable
3113 3066 42 15 time
3168 3071 18 9 as
3201 3065 22 15 far

2795 3092 18 10 as
2825 3086 78 16 Rotorua
2918 3087 14 15 is
2946 3087 98 15 concernel.
3076 3086 33 16 Lit
3125 3088 30 14 the
3174 3085 48 17 Bo.rd

2795 3107 83 21 carefully
2886 3108 65 20 ponder
2959 3113 39 10 over
3007 3108 34 15 this
3055 3108 100 16 surire>tion
3172 3107 50 16 before

2795 3129 60 20 finally
2875 3129 85 19 adopting
2983 3129 27 15 the
3034 3128 81 17 TJtubirm
3142 3129 80 16 ruiuation

2794 3149 175 18 scheme.Vkrbum
2977 3155 30 11 sap
3014 3150 31 16 I
3054 3156 33 14 am,
3098 3151 14 15 &

3113 3172 92 15 Thermal.

1244 50 58 20 THE
1330 50 57 20 HOT
1414 47 94 22 IiAKES
1537 48 171 24 CHRONICLE,
1737 47 191 26 WEDNESDAY,
1957 48 62 21 MAY
2047 52 18 21 6,
2082 49 52 19 1896.

69 225 102 17 T7KION
185 222 137 18 STEAMSHIP
336 220 116 18 COMPANY
470 220 29 16 OF

75 243 26 20 U
153 245 56 17 NEW
221 244 115 17 ZEALAND
345 244 81 15 Limited.

196 306 162 30 magma

138 377 256 24 mngmnggggig

65 422 99 15 'l'akm'una
171 426 50 16 every
233 419 74 19 Monday

66 443 129 16 Maiiinaiua
204 447 55 17 every
266 439 102 22 Thursday.

64 465 115 21 Dingadee,
192 463 122 22 Wednesday,
325 463 45 21 May
380 461 27 21 13,
425 461 10 17 5
450 464 46 18 p.m.

64 637 160 45 HUDDART,
249 634 112 19 PARKER,
383 633 53 17 AND
458 631 36 18 CO.

225 658 108 24 (limited),

86 707 36 23 Spl<
131 706 50 20 nilid,
191 703 163 24 Well-appointed
359 703 93 18 Steamers
456 701 40 17 will

62 731 23 17 be
94 728 112 24 despatched
215 729 50 16 from
273 729 119 17 Auckland,
402 732 21 10 as
437 724 59 17 under

61 753 90 23 (weather
166 752 38 17 and
223 751 55 17 other
294 750 142 18 circumstances
452 753 32 16 por-

61 776 96 21 niittir.ir):

61 797 183 21 ForGISBORNE,
251 797 104 18 NAPIER,
364 793 113 18 WELLING-

83 822 56 20 TON,
151 820 157 19 LYTTELTON,
319 820 15 16 &
343 817 127 20 DUNEDIN,

82 848 117 17 urrumeee,
209 844 102 19 Tuesday,
322 842 45 21 May
383 842 16 18 6,
411 841 20 15 12
437 845 55 12 noon.

63 872 116 15 TASMANIA.
188 868 125 17 ...Tuesday,
322 865 45 21 May
374 865 27 19 IU,
415 864 20 16 V>
444 868 50 12 noon

188 913 50 18 FOR
253 910 111 20 SYDNEY,

107 937 114 24 (Returning
233 938 19 15 to
261 933 99 19 Auckland
368 931 79 23 Direct.)

61 961 93 23 Carrying
174 960 112 21 Passengers
306 957 30 17 for
358 956 134 20 Melbourne,

73 984 54 18 other
131 984 130 17 Australian
269 981 70 18 Pouts,
346 979 38 17 and
389 979 91 20 Hodaiit,

61 1012 106 17 Tasmania
214 1010 98 18 Monday,
327 1007 50 18 June
388 1007 16 19 1,
418 1009 12 14 4
445 1012 46 16 p.m.

63 1035 146 19 BURRUMBEET,
219 1033 98 18 Monday',
334 1031 45 22 May
390 1031 27 19 18,
427 1031 10 15 4
446 1035 45 16 p.m.

85 1061 29 17 All
124 1061 73 16 Tickets
204 1066 31 11 are
244 1059 92 18 available
345 1058 39 17 also
398 1057 30 17 for
436 1056 44 23 Stop-

61 1090 44 12 over
113 1089 21 12 or
142 1084 70 16 Return
227 1083 25 22 by
265 1082 54 17 ANY
336 1080 85 18 UNION
434 1080 58 17 CO.'S

62 1106 138 20 STEAMERS,
210 1104 38 20 and
255 1105 75 17 holders
339 1105 20 16 of
367 1103 65 19 U.S.S.
451 1103 41 17 Co's

61 1131 74 16 Tickets
155 1135 43 16 may
214 1129 61 17 travel
291 1129 25 21 by
338 1126 116 19 ANGLIAN
472 1133 21 10 or

60 1153 137 18 TASMANIA.

157 1182 21 17 L.
193 1182 23 16 D.
226 1180 108 18 NATHAN
347 1180 15 17 &
375 1179 46 20 CO.,

388 1203 79 22 Agents.

81 1249 145 17 .TORTHERN
254 1247 147 18 STEAMSHIP
428 1246 47 18 COM-

58 1265 37 28 _IN
167 1271 77 22 PANY,
262 1271 118 17 LIMITED.

191 1316 166 20 TIME-TABLE.

136 1415 142 19 AUCKLAND
291 1418 38 14 for
342 1414 145 18 TAUKANGA.

139 1526 139 19 TAURANGA
287 1530 38 13 FOR
338 1525 148 17 AUCKLAND.

78 1651 21 9 _,
191 1638 96 22 rpiJOS.
309 1637 69 17 COOK
399 1637 15 17 &
439 1636 48 18 SON

71 1656 44 14 Asa
121 1655 27 19 Ct;
205 1654 8 14 I

167 1686 16 14 T
230 1689 52 13 HOOK
295 1688 97 13 PASSAGES
405 1688 40 12 AND

256 1711 75 15 SECURE
343 1710 78 14 BERTHS

215 1732 32 16 AT
260 1731 104 17 LOWEST
377 1729 80 18 RATES

54 1762 26 12 DY
94 1762 16 12 P.
121 1758 15 16 <fc
145 1761 17 12 O.
172 1761 35 14 CO.,
218 1758 74 15 ORIENT
301 1757 36 17 CO.,
348 1757 72 14 DIRECT
429 1757 58 12 LINES

146 1783 89 15 OCEANIC,
249 1780 143 17 MESSAGERIES,

153 1808 26 16 Or
186 1813 36 15 any
232 1806 37 17 line
278 1811 19 11 as
306 1804 78 17 desired.

75 1854 86 22 Enquiry
169 1852 76 18 invited.
261 1851 127 17 Information
396 1849 66 23 gratis.

54 1900 94 21 Intending
155 1903 101 18 passengers
269 1896 60 18 should
345 1896 51 21 apply
411 1896 27 16 for
454 1900 32 12 our

73 1922 35 16 free
117 1921 29 17 list
154 1921 18 15 of
179 1923 73 13 steamer
266 1919 72 20 sailings
349 1918 34 15 and
391 1918 46 15 fan's
446 1920 17 13 at

101 1947 88 19 COOK'S
201 1945 126 19 SHIPPING
339 1944 98 20 OFFICE,

129 1978 21 16 70
159 1980 41 13 AND
209 1976 23 17 78
245 1975 164 19 QUEEN-STREET.

82 2004 85 18 Rotorua
183 2003 78 24 Agency
268 2001 4 26 :
285 2002 94 18 Hinemoa
388 2001 67 17 Street.

73 2034 130 18 N.B.Drafts
211 2035 33 15 end
254 2034 77 17 Circular
339 2033 54 16 Notes
400 2032 57 16 issued
466 2034 18 14 at

52 2058 60 15 lowest
120 2059 67 13 current
195 2060 50 12 rates.

51 2359 415 49 HANCOCKS

174 2432 182 21 CELEBRATED

159 2542 205 46 ALES.

56 2655 112 31 FINEST
195 2654 87 31 MALT
303 2653 64 31 AND
385 2652 95 37 HOPS,

89 2743 52 14 FREE
153 2743 55 14 FROM
220 2743 40 12 ALL
274 2742 127 13 ANTISEPTICS
414 2742 25 13 OK

155 2769 139 14 DELETERIOUS
313 2768 64 14 ACIDS.

56 2840 136 32 CAPTA6N
214 2840 82 31 COOK
314 2839 167 37 BREWERY,

156 2883 191 20 NEWMARKET.

54 2952 293 47 Ehrenfried
359 2952 124 45 Bros

195 3008 143 24 brewers,

131 3041 108 20 albert
254 3040 149 25 brewery,

75 3072 216 24 qtjeen-stkeet,
306 3072 158 19 auckland

74 3125 67 17 WINE
153 3125 50 16 AND
215 3124 80 17 SPIRIT
306 3124 155 19 MERCHANTS,

94 3152 121 17 BOTTLERS
227 3152 52 16 AND
295 3151 145 20 IMPORTERS,

138 3176 26 18 l3,
179 3178 132 13 QTJKEN-STHEET
327 3178 69 11 WHARF.

145 3226 50 11 PRIZE
206 3226 59 11 IIEDAL
277 3226 35 11 AND
323 3225 71 11 AWARDS

54 3248 25 16 At
85 3248 30 17 the
128 3248 90 21 following
234 3247 112 16 Exhibitions
361 3246 27 16 for
397 3251 32 11 our
436 3246 38 16 well-

148 3270 61 14 known
223 3269 45 15 Bulk
278 3269 32 14 and
320 3268 68 16 Buttled

165 3290 48 16 ALE
224 3290 51 15 AND
287 3288 86 17 STOUT:

54 3317 69 21 Sydney
131 3317 124 16 International
265 3316 107 19 Exhibition,
383 3317 48 16 1879.

54 3339 101 16 Melbourne
164 3338 126 17 International
295 3337 109 20 Exhibition,
415 3338 68 15 1880-81

55 3361 43 16 New
105 3360 73 16 Zealand
186 3359 206 19 InduslriiilExhibition,
397 3359 77 20 Welling-

98 3385 35 15 ton,
145 3382 46 15 1885.

55 3403 43 16 New
117 3403 74 15 Zealand
205 3403 33 15 and
253 3403 54 15 South
319 3402 42 16 Seas
376 3401 108 16 Exhibition.

98 3424 85 16 Dnnedin.
195 3425 79 15 1889-90.

56 3445 21 16 In
87 3446 75 15 addition
171 3447 17 14 to
197 3445 53 16 above
258 3445 44 15 lmvo
319 3445 42 15 been
376 3444 80 16 awarded
470 3445 16 14 at

98 3467 104 15 Taninanian
234 3466 109 20 Exhibition,
370 3465 116 19 Launcehtou,

100 3489 78 15 1891-92.

140 3519 59 16 FIVE
209 3519 71 16 FIRST
298 3518 104 17 AWARDS

254 3545 35 11 FOE

63 3561 67 17 BULK
140 3561 109 17 BOTTLED
265 3561 57 17 ALES
340 3561 52 16 AND
413 3561 76 16 STOUT

144 3604 250 32 CHAMPIONSHIP

87 3641 65 23 Gold
164 3641 85 23 Medal
260 3642 28 22 of
298 3641 166 23 Australasia

164 3677 70 11 AGAINST
245 3677 98 11 ALLCOMERS
355 3676 31 12 FOI>

61 3707 91 23 BULK
165 3707 69 23 AND
253 3707 145 23 BOTTLED
413 3707 64 23 ALE

152 3758 71 21 Having
231 3765 10 10 a
251 3759 57 20 Large
317 3759 50 16 Stock
376 3759 19 16 of

170 3784 48 15 ALE
229 3785 51 15 AND
293 3784 81 20 STOUT,

61 3810 69 17 Bottled
138 3810 17 15 in
164 3813 50 17 quart
223 3811 33 14 and
272 3812 38 19 pint
324 3810 68 19 bottlex,
409 3809 81 22 specially

60 3832 67 16 brewed
135 3832 27 15 for
171 3831 28 15 ihe
207 3836 74 11 Hummer
290 3832 53 18 trade,
354 3831 55 16 which
418 3837 28 10 arc
453 3836 38 10 now

60 3853 104 20 thoroughly
173 3853 84 19 matured,
270 3858 31 10 can
315 3853 42 15 with
372 3858 50 14 every
437 3853 44 15 confi-

60 3876 51 14 dence
123 3872 105 18 recommend
244 3879 47 10 same
306 3877 17 12 to
338 3879 118 11 connuisteura
472 3879 19 10 ae

59 3896 61 16 Sfcond
129 3897 18 14 to
155 3900 44 11 none
208 3895 16 16 in
234 3895 29 15 the
272 3895 71 20 Colony.

195 3952 48 20 TO
269 3952 82 19 LET

61 4019 101 47 IT'EOM
178 4020 29 18 Ist
216 4019 60 22 June,
288 4018 114 19 Furnished
416 4025 23 13 or
455 4024 24 14 un-

81 4063 5 3 .
129 4045 113 22 furnished,
267 4044 123 19 six-roomed
409 4044 83 25 Cottage

61 4072 49 21 -yvitli
121 4072 52 25 good
187 4071 91 24 stabling
289 4070 40 18 and
346 4069 146 26 outbuildings.

89 4097 44 21 Hot
146 4097 88 19 Mineral
245 4097 55 18 Bath
310 4102 26 12 on
347 4096 34 18 the
391 4096 100 25 premises.

112 4132 69 23 Apply
190 4135 21 16 to
271 4131 20 19 J.
307 4130 27 25 11.
348 4130 118 20 TAYLOH.

526 120 230 47 Blockers
804 117 149 53 Dutch

658 176 160 46 Coeoa.

520 275 139 32 Highest
667 275 127 26 awards
807 274 33 25 at
853 278 101 26 every

643 324 194 26 Exhibition.

554 366 64 25 The
632 366 97 25 latest
741 365 28 25 is
781 364 54 25 the
857 363 96 26 Cross

520 398 35 26 of
561 399 111 25 Honor
685 400 33 24 at
734 398 54 25 the
809 397 124 24 Amster-

520 432 73 25 dam
603 430 187 27 Exhibition
799 428 90 30 1895,
899 428 54 25 the

519 465 129 31 highest
656 463 137 33 possible
802 461 117 26 award.

521 594 197 33 FRANKTON
743 592 207 32 JUNCTION

684 626 113 32 HOTEL.

522 684 200 48 PASSENGERS
736 684 27 25 by
779 684 54 19 train
849 685 20 17 to
885 683 52 19 Auck-

708 711 54 18 land.

519 760 159 28 TRAINS
686 758 265 34 stop2ominutes

529 806 22 15 at
558 802 34 19 the
601 801 104 20 Frankton
713 800 97 20 Junction
819 800 31 19 for
859 800 79 18 dinner.

542 829 44 18 The
609 826 136 25 undersigned
774 826 37 19 lias
841 826 110 19 first-class

517 854 64 19 Meals
595 854 61 25 ready
666 854 40 18 and
717 852 70 20 served
797 859 26 12 on
838 852 75 20 arrival
930 852 22 19 of

516 880 27 19 all
555 880 70 19 trains.

519 914 220 46 William
771 912 175 55 Geaeh,

572 979 319 24 PROPRIETOR.

516 1032 148 24 Hancock's
673 1032 98 22 XXXX
777 1031 62 23 Ales
847 1030 101 29 always

647 1065 33 16 on
691 1058 125 28 Draught.

529 1105 129 24 QUEEN'S
673 1103 159 20 BIRTHDAY
849 1102 86 19 BALL.

549 1155 122 18 ROTORUA
687 1153 134 19 FOOTBALL
837 1152 75 17 CLUB.

528 1206 15 17 A
571 1204 102 19 SELFCT
687 1203 72 19 BALL
771 1202 41 19 will
821 1202 25 18 he
859 1201 61 26 given
926 1201 20 19 in

514 1233 43 14 J-JL
586 1231 34 18 the
630 1230 94 19 Pukeroa
736 1228 49 19 Hall
796 1235 25 12 on
832 1228 34 19 the
886 1233 60 13 eveu

514 1257 35 25 ing
559 1257 20 18 of
732 1270 6 6 .

595 1282 108 22 Monday,
724 1280 57 20 25th
801 1280 62 23 May.

514 1312 72 18 Under
595 1312 34 17 the
640 1311 91 24 auspices
741 1310 20 19 of
771 1310 35 18 the
816 1309 63 18 uhove
887 1308 58 19 Cluh.

550 1345 143 19 PARTICULARS
708 1350 21 13 IX
745 1350 80 13 FUTURE
842 1349 64 13 ISSUE.

651 1376 19 19 J.
686 1376 34 20 W.
737 1374 129 25 WEBBER,

805 1401 54 20 Hon.
875 1400 44 20 Sec.

545 1454 200 26 Promenade
767 1453 145 26 Concert.

600 1495 108 26 (Weather
720 1494 136 26 permitting.)

510 1547 236 21 SANATORIUM
767 1545 176 21 GROUNDS.

587 1600 89 23 Fkiday,
688 1599 51 19 May
750 1601 46 20 Bth,
807 1599 57 19 1896.

534 1632 26 19 In
582 1632 34 19 aid
635 1632 21 19 of
675 1631 34 19 the
731 1633 87 17 i-.otorua
846 1630 99 18 Amateur

509 1658 61 19 Brass
580 1658 65 19 Band.

534 1686 19 17 A
563 1690 128 19 programme
701 1684 21 18 of
730 1683 67 18 choice
805 1682 63 19 music
878 1682 66 25 (vocal

510 1711 39 18 and
560 1710 152 24 instrumental)
725 1708 40 21 will
776 1709 24 18 he
811 1708 98 19 rendered
919 1714 24 13 on

510 1736 33 19 the
566 1737 65 18 above
648 1736 97 19 occasion.
785 1735 43 19 The
852 1734 92 19 Eotorua

508 1762 99 19 Amateur
618 1762 61 19 Brass
689 1761 57 19 Land
756 1762 40 18 will
806 1761 77 19 attend.

573 1853 31 25 By
619 1853 65 20 Order
694 1852 83 20 Concert
788 1852 127 19 Committee.

510 1910 91 42 LOST.
603 1909 84 17 Silver
696 1908 52 19 Scarf
763 1908 35 16 Pin
800 1908 86 16 Horse
899 1907 44 17 shoe

572 1933 39 17 and
619 1933 56 21 whip.
703 1931 80 18 Reward
802 1936 24 12 on
842 1932 67 16 return
923 1931 20 16 to

508 1957 20 17 C.
540 1957 24 16 A.
574 1956 89 19 Clakke,
673 1955 91 18 Rotorua.

509 2004 86 43 LOST
619 2004 83 16 between
727 2002 52 18 Lake
802 2002 65 16 House
884 2001 58 17 Hotel

572 2027 38 17 and
615 2026 32 18 the
659 2027 84 16 Pu-croa
757 2025 46 17 Hall
817 2030 11 12 a
842 2025 63 17 buncb
924 2024 19 18 of

507 2051 46 22 keys
562 2056 24 11 on
595 2050 61 17 chain.
682 2049 79 17 Reward
774 2055 25 10 on
813 2049 66 17 return
893 2049 20 16 to
920 2048 21 17 F.

508 2074 89 18 Clarke,
607 2073 52 17 Lake
667 2073 65 16 House
741 2072 64 17 Hotel.

1003 4223 100 38 Ask
1134 4224 71 37 for
1235 4222 265 39 Eancccks
1529 4222 278 39 Celebrated
1838 4221 190 39 XXXX
2057 4221 116 40 Ales
2201 4224 95 37 and
2321 4223 149 38 Stout.

2874 3219 125 18 VITALITY
3013 3219 141 19 RESTORED.

2797 3266 138 19 CLEMENTS
2947 3266 77 18 TONIC

3015 3290 33 17 TO
3059 3290 54 17 THE
3125 3290 99 18 RESCUE.

2798 3336 86 18 'TIRED
2888 3336 120 18 NATURES
3013 3336 68 17 KIND
3086 3334 140 21 RESTORER.'

2797 3383 96 17 BRINGS
2900 3382 325 18 BACKTHEHUEOFHEALTII

2850 3406 32 17 TO
2896 3406 53 17 THE
2963 3405 94 18 WEARY
3071 3406 107 18 SYSTEM.

2820 3453 18 16 A
2850 3452 80 23 positive
2947 3459 43 11 cure
3004 3453 30 16 for
3048 3452 80 18 General
3143 3453 84 21 Debility.

2797 3476 108 19 Weakness,
2915 3475 105 21 Lassitude,
3030 3474 107 24 Headache,
3145 3474 80 20 Diseased

2797 3499 57 17 Liver
2869 3499 36 17 and
2921 3499 26 17 all
2961 3498 85 18 Diseases
3062 3500 71 22 arising
3147 3501 47 16 from
3208 3504 19 12 an

2797 3522 139 22 impoverished
2944 3528 80 11 nervous
3034 3524 76 20 system.

2797 3553 38 19 Mr
2843 3553 81 19 James
2941 3552 65 23 Neill,
3017 3553 142 22 Middlemarsh,
3178 3553 48 20 N.Z.,

2853 3576 71 19 cured
2934 3576 27 19 of
3018 3576 61 19 writes
3095 3584 24 11 on
3135 3578 40 17 Oct.
3190 3576 35 19 2nd,

2822 3599 70 19 Pains
2901 3599 24 18 in
2933 3599 64 19 Back
3023 3600 90 17 1894:I
3121 3601 48 17 have
3177 3599 50 18 found

2821 3622 49 19 and
2882 3622 112 24 Kidneys.
3021 3622 95 19 Clements
3137 3624 56 18 Tonic
3213 3624 15 16 to

2798 3647 23 16 bo
2832 3652 11 11 a
2851 3647 107 17 wonderful
2971 3646 96 18 medicine.
3098 3647 11 17 I
3125 3647 48 17 huve
3189 3647 38 16 been

2799 3669 89 18 troubled
2896 3670 47 17 with
2952 3669 54 23 pains
3015 3669 19 18 in
3043 3676 31 16 my
3083 3669 49 18 back
3141 3671 36 16 and
3192 3669 27 18 kid-

2799 3699 45 16 neys
2854 3693 30 17 for
2892 3693 59 17 about
2961 3693 52 17 three
3021 3699 60 16 years.
3107 3694 10 16 I
3125 3694 48 17 have
3187 3691 41 19 tried

2799 3716 26 17 all
2835 3717 49 17 sorts
2893 3716 19 18 of
2921 3716 96 20 remedies,
3027 3716 36 17 but
3070 3716 47 23 they
3131 3717 26 17 all
3173 3715 56 19 failed.

2799 3739 17 17 A
2825 3739 62 17 friend
2896 3740 20 16 of
2925 3739 50 17 mine
2983 3739 75 17 advised
3067 3745 30 11 me
3112 3741 21 16 to
3146 3741 31 22 try
3194 3739 26 17 Cle-

2799 3764 63 16 ments
2870 3763 63 19 Tonic,
2949 3763 35 16 but
2997 3762 49 17 after
3060 3763 67 23 trying
3144 3770 20 11 so
3180 3766 49 18 many

2799 3785 107 21 medicines,
2917 3786 10 17 I
2936 3786 83 22 thought
3028 3786 15 16 it
3052 3786 69 17 almost
3135 3786 67 17 useless
3213 3787 14 15 to

2799 3809 31 23 try
2840 3815 38 16 uny
2887 3815 57 11 more.
2970 3809 10 17 I
2988 3808 60 23 really
3057 3809 85 17 believed
3151 3815 32 16 my
3196 3814 33 12 case

2800 3834 20 15 to
2829 3832 23 17 be
2861 3832 91 23 hopeless,
2963 3832 35 17 but
3006 3838 32 16 my
3051 3832 61 18 friend
3126 3833 62 17 would
3202 3833 26 15 not

2799 3855 24 17 be
2837 3855 73 18 denied.
2936 3855 30 17 He
2983 3856 41 16 sent
3039 3861 29 11 me
3083 3857 39 16 two
3135 3856 68 17 bottles
3215 3852 14 20 of

2801 3878 95 18 Clements
2905 3878 63 20 Tonic,
2979 3878 61 17 which
3055 3878 10 17 I
3082 3878 117 18 commenced
3214 3878 15 17 to

2800 3902 51 20 take,
2862 3902 38 17 and
2907 3902 65 16 before
2982 3901 9 17 I
3005 3901 38 17 had
3057 3901 80 18 finished
3153 3902 31 18 the
3196 3900 32 18 first

2800 3925 67 19 bottle,
2878 3925 10 17 I
2897 3923 107 19 discovered
3013 3925 43 16 that
3065 3931 31 16 my
3108 3925 62 17 friend
3183 3925 46 17 knew

2801 3948 53 17 what
2864 3948 24 17 he
2903 3954 39 11 was
2957 3948 158 22 recommending,
3131 3949 37 16 and
3183 3949 9 16 I
3205 3952 24 12 am

2801 3977 45 16 very
2855 3971 84 23 grateful
2948 3972 20 16 to
2977 3971 45 19 him,
3032 3970 38 18 also
3080 3972 20 16 to
3109 3977 44 16 you.
3178 3972 10 16 I
3202 3974 27 14 can

2801 3995 47 16 with
2858 3994 107 18 confidence
2974 3994 37 16 and
3020 3995 88 22 sincerity
3119 3991 110 21 recommend

2802 4017 96 18 Clements
2906 4017 58 18 Tonic
2977 4018 19 16 to
3011 4023 37 17 any
3064 4023 69 17 person
3149 4016 81 22 suffering

2801 4041 48 16 with
2863 4040 70 23 kidney
2950 4040 108 23 complaint.
3092 4041 10 16 I
3119 4043 44 16 took
3180 4040 49 17 about

2803 4064 52 22 eight
2872 4064 55 17 small
2939 4063 71 17 bottles
3027 4063 20 18 of
3064 4064 95 18 Clements
3175 4063 54 19 Tonic,

2803 4087 61 17 which
2874 4087 82 17 resulted
2965 4087 19 16 in
2992 4093 12 11 a
3010 4087 91 22 complete
3111 4094 49 11 cure.
3162 4087 32 17 I
3199 4091 29 13 am,

2802 4116 58 16 yours
2869 4110 57 22 truly,
2943 4109 64 18 James
3022 4110 56 21 Neill,
3095 4109 135 19 Middlcmarsli,

2803 4134 47 16 New
2859 4133 90 17 Zealand.
