3265 4228
1237 63 58 19 THE
1310 62 56 21 HOT
1380 61 91 20 LAKES
1485 60 167 23 CHRONICLE
1665 60 190 24 WEDNESDAY,
1871 60 63 22 MAY
1948 66 18 21 6,
1983 64 50 19 1896.

2799 4047 81 21 Printed
2897 4050 38 17 and
2953 4050 103 24 published
3066 4053 26 23 by
3102 4054 21 18 F.
3134 4055 21 17 V.
3170 4055 51 17 W.vn
3240 4041 13 29 1

2822 4073 21 16 at
2852 4073 33 18 the
2894 4073 104 24 registered
3013 4076 88 23 printing
3111 4078 56 19 office,
3177 4078 53 17 Kino'
3240 4073 14 21 K

2821 4101 45 12 mou
2875 4097 63 21 street,
2950 4097 90 20 Rotorua.

2845 4135 174 25 WEDNESDAY,
3035 4139 59 19 MAY
3110 4142 17 20 6,
3143 4143 50 19 1890,

95 184 157 23 r&SEEfc
291 182 168 26 MhOH
476 185 13 21 B
639 183 131 24 WM§
790 185 125 21 EiliW.

205 289 44 19 One
266 289 21 19 of
305 289 33 19 the
349 288 116 20 necessities
476 287 21 20 of
507 287 33 20 tbe
550 287 80 25 coming
640 288 75 19 Season
727 288 39 19 will
779 289 23 18 be

82 342 3 27 .
126 345 114 24 COOL
280 345 96 23 AND
417 342 330 26 EEFEESHING
787 344 160 24 DRINK

87 399 141 20 TTntini-ttmd
240 400 24 18 bv
273 405 37 16 any
322 397 127 20 Deleterious
465 396 99 20 Chemical
574 396 139 25 Compounds.
742 397 18 18 A
771 397 57 19 driik
839 398 22 18 at
871 403 49 13 once

282 451 185 28 Exhilarating
488 450 51 23 and
555 449 167 31 Refreshing,

61 507 38 19 and
113 507 63 20 which
194 507 35 19 ffi'l
240 512 61 19 prove
311 512 13 13 a
333 505 121 24 preventive
463 505 23 19 of
493 505 114 24 Dyspepsia
624 505 39 19 arid
681 505 27 19 nil
726 506 91 20 Internal
837 506 110 22 Disorders

89 533 85 19 Aerated
279 533 39 17 and
330 532 98 22 Cordials,
449 532 119 25 compriHnK
585 531 34 19 the
630 531 73 19 Purest
713 533 121 23 Lemonade,
852 534 35 20 the
898 534 49 20 Mob

61 559 102 20 Delicious
175 559 33 19 Gf-ii
218 565 34 18 gfr
262 559 44 23 Ale,
321 557 177 26 Highly-charged
516 557 51 19 Soda
579 557 78 24 Water,

317 609 378 37 XOLAKOKE,

59 675 11 12 a
80 675 42 12 new
131 667 148 26 Invigorating,
291 667 148 20 nnn-a'cnholic
451 667 100 25 Beverage
560 667 4 26 ;
580 667 57 19 Lime
646 667 59 19 Juice
723 667 88 24 Cordial,
821 667 126 26 Raspberry,

58 694 139 25 Peppermint,
209 693 77 24 Cloves,
298 693 51 19 Pine
359 693 73 26 Apple,
444 693 40 19 and
494 694 73 18 Lemon
579 693 77 25 Syrups
666 694 38 18 and
725 693 135 26 Snrsaporilla
877 702 33 12 are
920 695 26 19 all

328 720 154 19 manufactured
494 726 23 12 on
527 719 35 19 tbe
569 719 105 24 premises.

247 745 117 19 Lemonade
373 746 40 18 and
425 746 76 25 Ginger
510 745 43 24 Ale,
564 748 73 22 quarts
647 745 40 19 and
694 746 62 25 pints.

82 848 73 77 a
206 848 81 75 A,
348 846 417 87 CLARKE
814 849 105 77 Jr,

84 1086 377 71 laKe
511 1086 408 85 vieW,

159 1296 154 26 TERMS:
333 1296 61 27 30s
407 1302 56 26 per
476 1295 97 31 week,
587 1302 35 19 or
638 1295 36 26 5s
693 1302 57 26 per
771 1296 71 33 day.

60 1345 125 33 Special
198 1345 253 32 Arrangements
463 1345 48 25 for
531 1351 17 19 a
568 1345 194 32 lengthened
781 1345 164 26 residence

391 1378 63 25 and
466 1378 145 25 families.

324 1453 163 19 CUISINE—A
501 1453 171 19 SPECIALITY.

94 1488 122 19 References
227 1488 126 24 throughout
363 1490 50 17 Now
426 1488 88 18 Zealand
526 1488 38 19 and
575 1488 34 19 the
620 1488 119 19 Australian
751 1488 92 20 Colonies
853 1490 52 18 from

397 1514 94 25 previous
510 1514 92 19 Visitors.

204 1579 151 19 NOTE.—AsIc
365 1580 31 17 for
403 1579 111 19 Seddon's
523 1580 36 16 and
567 1585 30 12 sea
606 1585 38 17 you
653 1586 31 12 are
692 1580 35 18 left
735 1581 60 18 there.

200 1620 77 31 Pony
301 1620 143 30 Phaeton,
466 1620 46 25 for
536 1626 53 19 use
614 1620 33 25 of
664 1620 133 26 Visitors.

61 1700 315 54 E.A.SEDDO

614 1702 320 55 Proprietress

157 1950 232 45 WELL-i

438 1902 117 26 FROM

56 2074 176 56 Lamps
517 2075 175 44 Cruets

296 2131 217 45 Brushes

54 2188 192 45 Trunks
513 2189 188 55 Spoons

55 2302 182 45 Razors

510 2303 153 48 Trays

86 2433 99 25 Lawn
210 2433 143 30 Mowers,
378 2434 95 31 Hoes,
497 2434 117 30 Rakes,
644 2434 129 32 Gpacles,
797 2434 111 32 Forks,

165 2483 56 24 AT
233 2482 199 27 GREATLY
451 2483 200 26 REDUCED
671 2483 161 28 PRICES,

240 2565 60 36 Sd
352 2565 57 36 j\

75 2618 81 23 (Fourth
165 2619 47 22 shop
221 2619 50 17 from
280 2619 100 22 Wellesley
395 2619 29 18 Sti

533 2619 39 18 304
586 2619 20 18 &
619 2619 47 18 306
679 2619 106 22 QUEEN
798 2621 119 18 STREET.

55 2734 437 58 GEYSER
566 2735 309 61 ROUS:

538 2900 21 11 :>o
569 2892 103 21 fßotorua
681 2894 60 21 side.)

227 2949 180 26 SUPERIOR
428 2951 335 28 ACCOMMODATION.

250 3006 50 17 ALL
313 3007 200 17 TIIE-COiIFOKTS
526 3007 31 17 OF
569 3008 17 16 A
599 3007 77 19 HOME
689 3009 52 17 FOR

296 3042 146 19 TOURISTS
459 3043 65 18 AND
538 3043 155 19 INVALIDS.

52 3118 63 25 Hot
140 3118 187 33 Swimming
350 3120 110 31 Baths,
486 3121 185 27 Kiri-o-Kai
693 3129 34 19 or
754 3123 79 26 New
858 3124 80 27 Skin

125 3160 94 31 Bath,
232 3160 64 25 Hot
309 3161 131 25 Douche
454 3162 109 31 Baths,
586 3163 110 26 Grand
719 3165 144 27 Climate.

168 3201 171 26 Elevation
361 3203 91 30 1,350
472 3203 62 26 feet
546 3205 102 25 above
662 3211 55 20 sea
729 3207 92 25 level.

54 3249 194 24 COMPETENT
265 3250 118 24 GUIDES
400 3259 121 19 accompany
538 3254 81 19 tourists
637 3257 20 16 to
675 3256 33 18 the
731 3257 81 18 various
833 3257 68 25 places
919 3259 21 17 of

182 3278 90 20 interest,
281 3277 65 20 which
359 3278 59 20 baffle
428 3280 35 17 the
473 3283 51 15 most
534 3280 59 19 facile
604 3287 46 18 pen,
662 3282 41 18 and
720 3289 37 12 can
776 3283 47 25 only
844 3284 24 18 be
886 3284 43 19 real-

182 3302 43 19 ized
235 3303 58 19 when
303 3310 53 12 seen.

54 3367 195 24 GGYSck
271 3370 194 24 iZKLL6Y
480 3372 89 18 contains
586 3372 35 19 the
640 3373 104 26 following
763 3376 122 24 nnefjualled
896 3376 30 20 Na-

130 3395 55 17 tural
205 3395 91 19 wonders
317 3396 158 22 :—Tuhuatahi,
496 3405 21 11 or
540 3398 62 19 Great
626 3398 133 27 Champagne
778 3401 111 24 Cauldron;
905 3403 35 19 the

131 3420 62 18 Great
204 3420 104 21 Wairakei
319 3421 89 26 Geyser;
421 3424 35 18 the
465 3424 85 24 Donkey
561 3424 92 25 Engine;
668 3426 35 18 the
714 3426 53 19 Bath
779 3428 20 18 of
809 3428 35 18 the
854 3428 85 25 Fairies;

129 3446 34 18 the
183 3447 114 23 Lightning'
313 3446 63 32 Tool;
390 3449 35 19 the
442 3449 87 19 Cascade
545 3450 83 24 Geyser,
646 3458 22 12 or
687 3452 102 24 Dragon's
807 3446 83 32 Mouth;
905 3456 35 19 the

129 3471 17 19 I-5
149 3472 44 18 hick
204 3473 75 24 Geyser
288 3471 4 34 ;
307 3474 35 18 the
355 3475 50 19 Mud
418 3475 90 24 Geyser;-
520 3476 34 18 the
572 3476 53 20 Elite
644 3476 56 21 Lake
707 3471 3 34 -
711 3493 5 10 T
724 3479 34 18 the
776 3480 31 18 Oil
826 3480 65 25 Bath;
905 3482 35 18 the

128 3497 83 26 Eagle's
220 3499 61 23 Nest;
296 3500 33 18 the
337 3500 77 19 Devil's
423 3501 70 19 Punch
501 3497 69 34 Bowl;
586 3503 34 19 the
630 3503 72 20 Prince
710 3506 22 17 of
740 3505 76 19 Wales'
826 3506 98 20 Feathers
934 3497 4 34 ;

129 3524 35 19 the
183 3524 86 25 Mirror;
284 3526 35 18 the
338 3526 57 19 Twin
416 3523 88 34 Geyser:
519 3528 34 19 the
569 3528 60 20 Coral
647 3530 91 25 Geyser;,
751 3532 34 18 the
796 3532 65 19 Green
877 3523 61 34 Pool';

132 3549 127 21 Terekerehe
270 3557 22 13 or
310 3551 49 19 Hell
379 3553 87 24 Geyser;
489 3554 35 18 the
542 3555 69 18 Steam
632 3555 104 22 Hammer.
767 3558 83 19 Guide's
868 3560 33 18 fee
919 3563 21 16 to

130 3575 76 25 Geyser
215 3576 79 26 Valley,
306 3575 34 30 ss;
356 3578 89 20 distance
456 3580 51 18 from
516 3580 33 18 the
564 3581 61 24 hotel,
640 3575 4 30 1
659 3582 53 19 mile.

506 3641 34 20 ;or
559 3639 80 20 Ladder
658 3640 84 27 Rapids.
780 3643 42 18 The
839 3644 101 20 Grandest

192 3675 15 5 w
219 3675 19 5 ..,
251 3675 26 6 ~,,
294 3675 100 9 uuumoxu
407 3671 145 19 jj.uuuopuere;
566 3666 76 26 fulling
658 3667 20 19 in
696 3668 31 19 six
746 3668 82 20 distinct
847 3670 93 20 cascades

132 3689 93 24 amongst
234 3689 62 19 weird
306 3690 41 19 and
356 3690 79 27 rugged
454 3698 82 18 scenery
562 3691 97 21 Distance
677 3694 52 19 from
749 3695 34 19 the
800 3695 62 25 hotel,
882 3697 57 20 throe

131 3713 64 19 miles.
223 3713 72 21 Saddle
306 3716 69 19 horses
385 3720 20 16 to
414 3717 48 19 visit
476 3718 34 18 the
525 3717 79 26 Rapids
618 3720 22 17 7s
651 3719 25 20 6d
687 3721 54 19 each.

55 3772 229 24 K6RHPITI
303 3782 21 11 or
334 3775 34 18 the
378 3775 79 20 Devil's
466 3776 96 26 Trumpet
581 3777 17 19 1h
617 3779 43 18 said
680 3781 20 16 to
720 3780 49 19 emit
788 3788 11 11 a
816 3788 93 19 prossuro
919 3783 21 19 of

134 3800 68 17 180108
214 3800 20 17 of
244 3802 62 17 steam
319 3804 20 15 to
349 3802 34 18 the
393 3802 54 23 inch,
459 3803 52 19 from
521 3809 25 12 an
564 3807 94 21 aperture
669 3805 21 19 of
708 3806 64 19 ahottt
790 3808 71 18 twelve
870 3809 70 18 inches

131 3831 20 13 in
164 3824 52 19 dinni
226 3828 41 16 iter.
296 3826 95 21 Distance
411 3829 19 18 h-
445 3836 18 11 in
484 3829 54 18 hotel
557 3830 57 19 three
634 3831 40 19 and
694 3838 12 12 a
726 3832 44 19 half
787 3833 68 24 miles;
870 3835 69 19 saddle

129 3850 72 20 horses
211 3854 19 16 to
238 3851 47 19 visit
295 3852 34 19 the
339 3852 70 25 abovo|
421 3856 22 17 '2s
454 3854 25 20 6d
489 3856 54 18 each.

465 3915 10 9 <r
488 3914 1 30 1
494 3914 4 30 '
515 3915 14 29 I'
532 3914 3 30 1
539 3922 9 22 !'
567 3914 101 22 Glran'lest
686 3917 56 19 Falls
752 3918 20 18 in
791 3918 32 19 the
843 3920 95 20 southern

488 3948 10 10 e
508 3941 70 18 visited
590 3948 24 12 on
625 3942 34 20 the
672 3949 55 13 same
746 3944 115 25 expedition
872 3953 22 12 as
905 3948 34 19 the

131 3964 60 18 Devil
202 3970 9 11 s
224 3965 101 23 trumpet.
355 3964 97 20 Distance
462 3967 51 19 from
524 3967 52 18 hold
590 3967 56 19 three
657 3969 39 19 and
706 3976 13 12 a
735 3970 45 19 half
788 3971 56 19 miles
853 3964 3 29 ■
870 3973 69 20 saddle

275 3995 25 19 gy
312 3991 22 17 2a
345 3990 25 19 Gd
384 3991 56 20 each.

1335 280 150 34 THE

975 640 240 54 Published
1239 651 143 44 every
1401 637 282 57 Wednesday
1700 635 134 48 After-

1351 707 133 38 noon,

1175 875 116 41 RATES
1316 875 45 42 OF
1386 874 255 42 SUBSCRIPTION
1657 886 6 31 \

1131 947 63 17 PAID
1207 948 29 16 IN
1249 948 131 17 ADVANCE,
1569 947 104 17 BOOKEE

1155 978 45 23 Six
1211 978 107 24 Mouths
1329 979 29 23 5s
1368 986 5 20 ;
1613 980 37 22 6s,

1155 1004 52 23 One
1223 1005 69 23 Year
1302 1005 43 23 10s
1357 1011 5 15 :
1599 1006 52 22 12s.

1150 1125 336 33 ADYKHTISING
1506 1126 178 33 BATES:

996 1181 65 19 Throe
1072 1181 99 25 Shillings
1182 1188 36 18 per
1228 1181 46 19 inch
1281 1188 36 18 per
1328 1181 60 23 issue,
1397 1188 28 18 up
1434 1185 19 16 to
1461 1183 10 18 3
1481 1182 115 19 insertions.
1614 1182 128 26 Subsequent
1750 1182 112 19 Insertions

968 1207 45 19 half
1023 1212 60 14 rates.
1114 1208 80 24 Special
1204 1210 61 16 terms
1277 1208 33 19 for
1319 1208 71 24 longer
1404 1208 85 25 periods.

994 1262 179 17 Announcements
1183 1260 21 19 of
1215 1260 71 19 Births
1296 1260 41 19 and
1347 1260 78 19 Deaths
1436 1267 33 12 are
1481 1260 88 23 charged
1585 1262 23 17 2s
1623 1261 56 23 each,
1700 1263 35 17 not
1753 1262 109 25 exceeding

968 1289 23 16 so
1003 1287 71 18 words.
1103 1286 103 26 Marriage
1217 1289 172 16 announcements
1406 1288 28 17 3s.
1461 1286 208 24 NOTE.—These
1685 1287 111 23 charsres
1819 1295 43 15 are

969 1314 40 22 for
1019 1312 175 30 Prepayment
1205 1312 73 30 Only-

1077 1462 241 48 JOBBLNG
1352 1464 399 48 DEPJIRTJWE.NT.

969 1550 157 32 Invoices,

1018 1592 174 30 Billheads,

1068 1634 103 25 Memo
1185 1635 122 32 Forms,

1120 1675 82 25 Bills
1216 1676 33 24 of
1259 1677 90 28 Fare,

1169 1717 155 26 Business
1349 1717 109 33 Cards,

1220 1759 141 32 Visiting
1383 1760 108 32 Cards,

1301 1801 96 25 Menu
1416 1801 109 32 Cards,

1355 1843 151 31 Luggage
1519 1844 124 32 Labels,

1397 1884 74 26 Ball
1489 1884 238 33 Programmes,

1451 1929 173 32 Circulars,

1521 1971 141 31 Posters,

1573 2011 182 33 Handbills,

1663 2055 199 32 Pamphlets,

1135 2092 64 32 &c,
1302 2093 68 33 &c,
1470 2094 67 33 &c,
1641 2095 58 26 &c.

1031 2175 122 46 Done
1188 2182 51 40 at
1275 2178 82 53 tfee
1379 2177 223 55 Shortest
1623 2179 181 47 Notice.

1742 2460 47 39 Y
1814 2461 44 39 11

1760 2497 10 15 I
1812 2502 11 10 B
1846 2502 12 10 ■

1214 2566 70 45 On
1310 2566 112 46 Sale
1455 2571 51 42 at
1542 2568 87 45 the

1035 2671 435 67 eiißONieLe
1506 2674 286 66 opf?iee

963 2770 65 18 Plain
1038 2770 46 19 and
1094 2771 79 23 Fancy
1182 2771 67 23 Note,
1265 2772 131 23 Envelopes
1406 2772 30 18 all
1445 2772 65 22 sizes,

962 2793 127 24 Mourning'
1098 2794 73 23 Paper
1181 2795 46 17 and
1236 2795 137 24 Envelopes,
1389 2796 152 18 Commercial
1550 2797 143 23 Stationery,

964 2817 114 23 Foolscap
1088 2817 74 22 Paper
1171 2819 46 17 and
1227 2819 89 17 Official
1326 2819 136 23 Envelopes,

963 2839 116 25 Drawing,
1091 2840 113 24 Exercise,
1214 2841 182 19 Memorandum
1402 2843 46 17 and
1456 2843 110 18 Account
1575 2843 85 23 Books,

962 2863 108 23 Ledgers,
1083 2864 116 23 Journals,
1210 2865 51 23 Day
1270 2866 47 17 and
1327 2866 61 18 Cash
1395 2866 84 22 Books,

963 2886 81 19 Letter
1053 2887 83 22 Books,
1147 2890 107 21 Brcuineb,
1265 2888 84 19 Water
1359 2889 78 22 Wells,
1448 2889 48 23 &c,

962 2911 125 22 Stephen's
1096 2911 104 22 Writing
1208 2916 47 13 ana
1264 2912 107 23 Copying
1380 2913 61 22 Inks,

962 2933 106 24 Blotting
1077 2934 80 22 Papei\
1167 2934 112 19 Business
1288 2935 47 18 and
1343 2936 103 23 Visiting
1455 2936 79 22 Cards,

962 2956 56 19 Blue
1028 2957 96 22 Pencils,
1136 2958 62 17 Lead
1207 2958 46 18 and
1263 2958 65 19 Slate
1337 2959 97 23 Pencils,
1444 2960 47 17 and
1500 2959 83 23 Slates,

961 2980 109 23 Marking
1080 2981 50 22 Ink,
1140 2981 66 18 India
1216 2982 93 18 Rubber
1318 2982 85 23 Bands,
1413 2984 61 17 Gum
1482 2984 47 17 and
1539 2984 117 18 Gummed
1663 2984 82 24 Paper,

961 3003 104 19 Indexed
1075 3004 66 22 Files,
1155 3005 47 17 and
1211 3005 75 22 Paper
1295 3005 68 24 Clips,

961 3027 137 22 Inkstands,
1107 3027 47 18 and
1162 3027 96 20 Bottles.

995 3128 21 25 A
1037 3128 139 26 CHOICE
1192 3128 209 26 SELECTION
1421 3130 46 25 OF
1484 3130 188 26 BIRTHDAY
1693 3132 130 26 CARDS.

965 3276 348 61 NEWS
1376 3279 477 62 AGENCY.

1025 3382 193 57 English,
1245 3384 204 56 Foreign,
1480 3386 90 45 and
1595 3386 201 48 Colonial

1115 3450 180 54 Papers,
1317 3450 283 56 Magazines,
1623 3452 87 49 &e.

964 3525 186 42 SYDNEY
1190 3528 236 43 BULLETIN
1466 3531 31 40 &
1537 3532 318 43 CANTERBURY

1213 3586 235 41 TIMES.ON
1478 3588 129 41 SALE.

962 3876 192 59 Jlgeney
1178 3880 76 47 for
1275 3883 216 47 .Martin's
1518 3887 170 54 Photos
1708 3888 55 47 of
1774 3891 81 53 the

1309 3941 207 47 District.

2003 139 31 39 T
2082 138 185 40 AlflF

1912 252 341 59 Hydropathic
2297 254 161 51 Hotel,
2508 254 236 48 Rotorua.

2168 335 225 36 ESTABLISHED
2415 338 78 31 1881.

1884 396 72 20 Under
1970 396 34 20 the
2015 399 111 23 patronage
2136 395 21 19 of
2167 395 34 19 Sir
2267 396 87 25 JervniP,
2370 396 50 20 Earl
2437 397 37 19 and
2495 396 103 20 Counters
2617 397 22 20 of
2658 397 119 27 Hopetoun,

2054 424 35 19 the
2100 425 56 18 Hon.
2166 423 90 19 Premier
2266 423 39 19 nnJ
2320 423 104 20 Members
2440 423 22 19 of
2472 424 133 20 Parliament,

1909 526 43 20 The
1964 526 63 20 Hotel
2039 528 14 18 is
2065 528 89 20 situated
2163 534 26 12 on
2200 533 25 13 an
2236 527 92 19 elevated
2340 527 89 26 pot-ition
2439 534 25 13 on
2475 528 35 20 the
2520 529 71 19 shores
2607 528 23 20 of
2645 527 56 21 Lake
2716 528 51 19 Eoto-

1885 560 42 17 rua,
1938 555 123 19 convenient
2071 559 21 15 to
2102 555 27 19 all
2139 554 34 20 ihe
2184 553 66 25 wights
2260 553 21 20 in
2291 554 35 19 the
2337 555 88 19 district.

1956 605 113 30 Sulphur
2082 607 51 23 and
2147 606 113 24 Mineral
2274 604 84 25 Baths
2371 607 21 19 in
2403 606 36 20 the
2449 607 30 19 Gr
2488 607 59 20 >unda
2558 607 22 19 of
2590 607 37 20 the
2636 607 73 20 Hotel.

2018 711 19 18 A
2053 711 106 20 reduction
2177 712 16 19 is
2211 711 59 20 made
2285 713 22 16 to
2318 711 77 26 weekly
2406 718 23 13 or
2439 712 91 26 monthly
2540 713 108 20 boarders.

1886 763 70 20 Guide
1966 762 68 20 Books
2045 763 38 19 and
2093 764 133 20 information
2239 763 63 25 gratis
2312 766 21 17 .it
2344 764 55 19 Cook
2416 764 37 19 and
2472 765 58 20 Sons'
2547 766 53 25 (sole
2716 763 64 20 offices

2197 790 129 26 throughout
2337 790 34 19 the
2382 790 85 26 Colony.

1923 1027 102 57 no
2042 1027 155 57 lies
2232 1031 101 55 to
2342 1031 289 67 jpyras
2649 1030 96 57 i's.

1921 1108 64 26 The
2005 1108 217 32 undersigned
2242 1117 53 18 are
2314 1116 73 20 now
2403 1110 141 33 running
2558 1110 144 33 Buggies
2719 1111 61 25 and

1888 1141 141 26 Coaches
2051 1143 33 24 to
2104 1142 55 25 the
2172 1141 165 33 following
2350 1143 107 32 places
2471 1143 33 26 of
2518 1144 137 26 interest
2674 1144 34 25 in
2728 1144 52 25 the

1886 1175 243 31 neighborhood
2146 1179 33 22 at
2197 1177 129 31 greatly
2350 1176 138 26 reduced
2511 1179 95 25 rates,
2657 1177 123 32 Special

1886 1208 185 26 reductions
2079 1208 50 26 for
2142 1208 89 32 large
2240 1210 126 31 parties.

1885 1248 332 24 WHAKAEEWAEBWA;
2254 1249 166 20 WAIRAKEI
2441 1250 21 18 &
2482 1250 102 20 TAUPO
2593 1258 5 16 ;
2623 1248 157 26 TIKTTERE;

2027 1272 146 19 TIKITERE
2186 1272 20 19 &
2220 1272 104 20 OKERE
2338 1272 110 24 FALLS;
2462 1274 176 20 WAIOTAPU.

1898 1320 96 27 Special
2005 1321 170 26 Conveyances
2187 1321 45 20 and
2244 1321 87 20 Saddle
2344 1322 82 23 Horses
2436 1325 23 16 to
2471 1322 27 19 all
2511 1327 61 23 parts
2589 1331 21 12 01
2624 1323 39 20 the
2681 1322 85 21 district

2213 1352 23 14 at
2249 1349 115 22 Moderate
2376 1350 79 23 J^ates,

1933 1396 48 18 Bus
1987 1395 78 20 leaves
2072 1394 65 21 Lake
2143 1396 86 22 House,
2238 1397 85 23 calling
2330 1399 24 17 at
2361 1398 28 18 all
2398 1397 83 19 Hotels
2487 1398 46 18 and
2541 1398 117 25 Boarding
2664 1399 94 18 Houses

1908 1419 37 18 for
1954 1420 226 22 Whakarewarewa,
2191 1420 69 19 twice
2269 1421 117 23 forenoon,
2396 1421 69 19 twice
2474 1421 130 21 afternoon.

2077 1456 46 46 J.
2158 1456 311 47 FALLOONA
2491 1458 48 45 &
2563 1460 97 54 Co.,

2389 1524 330 56 Proi3fietofs.

1900 1600 131 26 BOOKING
2045 1600 106 25 OFFICE
2163 1600 60 25 AND
2237 1600 134 27 STABLES
2386 1601 145 26 OPPOSITE
2543 1602 101 26 GRAND
2660 1601 105 28 HOTEL

2026 2441 99 24 iWOLD
2133 2441 73 24 SPEC!*

2004 2648 15 17 a
2036 2638 167 27 D.C.L'.brand;

2249 2833 4 38 ,
2306 2833 170 36 £MMm,
2498 2836 144 29 SCMMW.

1924 2899 468 32 WHOLESALE
2430 2904 300 32 -A-GKEZLxTTS

1925 3098 32 41 A,
1985 3098 72 41 AND
2083 3100 30 40 fl.
2142 3100 127 49 BROOK,

1879 3158 83 22 BOOT
1977 3159 70 23 AND
2064 3159 82 24 SHOE
2168 3161 149 30 MAKERS,

1939 3199 88 19 Fusion
2044 3199 88 26 Sthket,
2156 3201 107 21 Rotorva.

1880 3239 45 19 And
1950 3241 22 18 at
2004 3239 80 21 Parncll
2107 3241 40 19 aid
2177 3242 139 22 Newmarket.

1906 3308 67 24 Largo
1984 3310 38 18 and
2034 3309 68 21 varied
2119 3311 61 20 Stock
2192 3311 22 20 of
2225 3312 91 26 English,

1880 3334 88 26 Foreign
1980 3337 40 18 and
2031 3337 92 19 Colonial
2134 3338 62 19 Hoots
2207 3340 38 18 and
2254 3340 62 18 Sho6f

1942 3363 22 17 to
1975 3362 72 21 choose
2060 3364 49 18 from
2121 3366 23 18 at
2154 3365 34 19 the
2199 3368 53 16 most

1916 3399 216 34 REASONABLE
2154 3402 128 33 PRICES.

1973 3441 94 21 FJtESH
2083 3443 90 19 STOCK
2186 3445 36 18 OF

1880 3473 170 26 FOOTBALL
2065 3477 99 24 BOOTS
2175 3478 43 27 just
2231 3480 86 20 arrived.

1880 3516 34 18 All
1930 3516 71 20 orders
2018 3518 40 19 and
2074 3518 77 26 repairs
2167 3520 149 26 expeditiously

2045 3544 104 21 executed.

1879 3575 23 19 S.
1916 3576 26 19 B.
1956 3577 152 23 FORDYCB,
2132 3589 8 4 -
2164 3589 9 4 -
2197 3580 119 21 Manaper.

1938 3654 40 40 W.
2007 3654 32 40 A,.
2071 3655 186 43 WILLIAMS'

1882 3727 223 24 PIONEER
2149 3730 168 27 STORE,

1960 3773 102 25 Opposite
2078 3774 73 21 Palace
2168 3776 68 20 Hotel.

1961 3886 221 27 IRONMONGERY,

2013 3916 254 30 CROCKERYWARE,

2067 3953 143 28 DRAPERY,
2227 3957 42 23 Ac,
2281 3958 34 20 &e-

1908 3985 15 15 A
1942 3981 148 23 well-assorted
2108 3985 57 20 stuck
2184 3986 20 20 in
2221 3988 27 18 all
2264 3988 52 20 linos

1879 4008 21 18 of
1911 4008 34 20 the
1954 4008 63 20 above
2027 4014 21 14 at
2058 4010 34 19 low
2098 4017 32 13 est
2140 4012 72 24 prices.

1879 4043 50 19 New
1942 4043 87 20 Zealand
2038 4045 64 25 Dairy
2111 4045 148 23 Association's
2266 4048 48 21 Fac-

1954 4113 51 21 New
2016 4114 51 20 Laid
2078 4114 60 26 Eggs,
2149 4116 43 24 &c,
2205 4118 33 19 &c.

2341 3176 109 22 SADDLE,
2465 3177 126 24 HARNESS,
2605 3180 53 18 AND
2676 3180 101 19 COLLAR

2511 3210 101 22 MAKER,

2384 3244 183 25 FENTON-ST.,
2582 3247 152 20 EOTORUA.

2342 3310 104 25 Saddles,
2464 3312 95 25 Bridles,
2575 3315 94 23 Collars?,
2685 3316 92 24 Chains,,

2365 3344 55 22 Bits,
2429 3345 80 23 Spurs,
2518 3346 105 20 Harness
2636 3348 68 23 Soap,
2712 3349 40 19 &c.

2364 3404 118 23 Coachaline,
2493 3412 10 12 a
2521 3408 115 23 waterproof
2651 3410 126 22 preservative

2341 3427 64 18 for'all
2413 3427 56 19 kinds
2478 3430 19 18 of
2510 3428 78 21 feathor.

2365 3459 85 22 Axleino,
2469 3468 10 10 ii
2493 3462 72 22 perfect
2582 3463 96 18 lubricant
2692 3464 29 18 for
2735 3471 31 12 car-

2341 3483 67 22 riages,
2419 3490 97 17 waggons,
2526 3486 33 17 &c.

2365 3514 71 18 Collars
2446 3516 53 17 made
2514 3518 19 17 to
2549 3523 84 13 measure
2647 3525 22 11 on
2687 3519 33 18 the
2733 3526 33 16 pro-

2341 3537 54 18 mises
2405 3544 10 12 a
2424 3539 103 24 speciality.
2568 3541 124 22 Lengthened
2703 3543 63 23 experi-

2341 3565 43 14 ence
2393 3561 19 18 in
2422 3563 25 16 nil
2457 3563 67 17 classes
2533 3564 20 18 of
2558 3564 95 19 Saddler's
2662 3566 58 17 work.
2744 3566 33 18 All

2341 3584 64 17 orders
2414 3586 99 23 promptly
2521 3588 91 17 attended
2624 3590 26 16 to.

2491 3725 128 22 LIMITED.

2402 3783 152 32 CAPITAL,
2570 3787 144 31 £500,000.

2441 3854 53 19 risks
2502 3855 22 19 of
2530 3856 28 20 all
2567 3858 74 20 classes
2647 3859 127 21 undertaken

2346 3878 19 20 I-
2410 3883 21 16 at
2441 3880 70 20 lowest
2521 3886 81 17 current
2612 3888 61 16 rates.

2340 3913 75 20 Claims
2424 3916 73 19 settled
2506 3919 104 25 promptly
2620 3920 40 19 and
2673 3920 101 27 liberally.

2350 3963 47 18 New
2407 3965 83 17 Zealand
2500 3967 56 17 Head
2565 3967 64 22 Office,
2640 3970 122 23 Wellington.

2373 3991 91 19 Resident
2473 3993 47 21 Sec,
2529 3993 69 20 James
2606 3996 20 18 8.
2639 3997 100 19 Jamesox.

2464 4028 101 19 Auckland
2574 4028 75 24 Agent:

2471 4092 85 20 Rotorua
2565 4095 64 23 Agent
2636 4092 4 26 :

2384 4124 22 18 F.
2420 4125 21 17 F.
2534 4128 119 19 Cjiuonicle
2663 4130 64 17 Office.

2801 119 230 41 HIHEMOA
3063 120 149 53 STORE,

2990 188 108 21 ROGERS
3113 191 67 23 directs
3194 202 20 17 at.

2817 216 10 15 T
2836 215 9 16 T
2879 214 79 19 tention
2968 217 21 16 to
2998 215 34 20 the
3041 216 164 26 following-lines-
3210 228 5 18 f

2802 245 170 42 esaisi
2976 246 93 40 mm
3081 246 132 52 &##§§

2801 294 103 19 Bvcroft's
2913 294 112 19 Snowdrift
3036 294 50 19 N.Z-
3095 296 59 21 Flour

2801 319 104 24 Sultanas,
2916 320 102 19 Muscatel
3026 321 39 19 and
3075 321 92 23 Valencia
3179 327 15 20 R
3195 336 8 13 a
3205 332 9 18 i.

2854 352 48 14 Bins,
2914 346 40 19 and
2964 346 98 20 Currants

2801 371 51 24 Figs
2859 372 41 19 and
2910 372 113 19 Preserved
3033 373 82 26 Ginger,
3127 375 62 26 Spices

2801 398 77 19 Lemon
2889 398 40 19 and
2940 398 82 25 Orange
3032 399 49 19 Peel

2858 424 70 19 White
2938 425 114 24 Sugar—A
3068 426 110 27 Speciality.

2803 450 50 19 New
2864 450 93 19 Zealand
2963 446 64 29 Dairy
3034 451 140 23 Association's
3180 458 35 22 But,

2908 479 37 16 ter.

2828 501 62 19 TEA-
2950 501 112 21 COFFEE.
3117 505 82 24 COCOA.

2803 550 89 20 General
2904 552 129 19 Assortment
3050 553 21 18 of
3088 553 129 30 Storekeeper')

2982 578 75 19 Goods.

2864 614 310 60 HINEMOTSTORE.

2805 697 45 41 TO
2867 697 24 41 &
2907 697 96 42 FROM
3022 698 70 41 THE
3117 700 100 49 BATHS,

2807 790 152 48 CBIRSS
2975 799 50 12 runs
3044 799 11 12 a
3073 797 109 21 wagonette
3196 799 16 22 be-

2851 827 8 9 •
2890 820 66 17 twf.en
2970 819 35 18 the
3024 819 35 18 Old
3077 820 104 28 Township
3194 829 25 19 ami

2805 844 34 19 the
2850 844 66 19 Batha
2926 845 127 22 throughout
3064 846 34 19 tha
3107 846 45 21 day.

2805 906 50 19 Also
3105 908 69 21 Sodom
3194 916 25 18 and

2841 933 115 19 Gomorrah
2966 934 40 18 and
3018 934 58 19 other
3086 935 65 24 eights
3158 943 41 15 near

2970 960 36 19 the
3017 963 61 16 town.

2907 1011 79 24 Fares
3002 1013 67 22 Mod*

2806 1065 53 46 B.
2902 1067 45 44 S.
2995 1068 23 44 (

3024 1069 5 18 1
3051 1069 15 17 O
3085 1070 17 16 R
3121 1070 15 16 L
3153 1070 14 18 E
3184 1073 11 17 T
3206 1075 9 17 T

2886 1159 98 25 Building
2999 1161 110 24 Surveyor,
3127 1161 33 20 &c.

2808 1198 70 24 Agent
2898 1196 32 20 for
2950 1197 34 20 the
3008 1198 98 19 National
3132 1199 43 21 Eire
3194 1204 26 19 and

2898 1223 36 19 Ma
2949 1223 31 19 ine
2987 1224 115 20 Insurance
3113 1225 35 20 Co.

2872 1282 149 21 OKOIA
3092 1283 128 25 ITUif

2806 1364 247 36 BOAHMKG
3071 1367 151 39 HOUSE,

2806 1427 112 27 Opposite
2933 1427 40 21 the
2989 1429 55 19 Post
3055 1429 47 20 and
3112 1432 110 23 Teleqrapb

2984 1454 80 21 Office.

2805 1486 45 18 And
2872 1492 49 12 near
2941 1486 34 19 the
2996 1486 120 21 Celebrated
3141 1488 81 24 PRIEST

2843 1512 119 19 RACHEL
2979 1514 39 18 and
3032 1516 57 17 other
3100 1514 54 19 BAT
3159 1517 28 18 US

2950 1538 145 22 ROTORUA.

2804 1589 112 31 TERMS:
2926 1590 42 20 25s
2976 1596 42 19 per
3024 1592 73 23 -Week,
3107 1594 27 18 4s
3141 1599 39 18 per
3186 1596 33 24 day

2836 1623 116 39 MRS
2998 1623 200 47 YOUNG.

2937 1673 173 21 PIfOPKFKTXESS.

2814 1944 105 31 BAKER
2932 1945 25 31 a
2968 1945 247 34 CO^FECTBONER,

2853 2024 86 23 Bread
2952 2025 135 23 delivered
3104 2026 77 30 daily,

2853 2093 169 24 GROCERIES,

2999 2130 17 19 I)
3020 2128 19 21 11
3043 2131 12 18 A
3062 2130 82 22 PERT,

2993 2168 45 14 AND

2798 2195 126 18 GENERAL
2930 2195 209 21 STOREKEEPER'S
3146 2198 78 18 GOODS',

2818 2248 42 45 <J.
2892 2249 47 46 R.
2976 2249 232 52 LU.NDO.N,

2933 2319 167 24 SOLICITOR,

2821 2356 29 20 20,
2863 2355 218 23 SuORTLAXD-STKKIOT,
3092 2358 114 17 AUCKLAND.

2797 2401 156 20 N.B.—Attends
2961 2405 82 21 country
3052 2405 70 17 Courts
3130 2405 25 22 by
3167 2402 57 26 special

2797 2427 140 21 arrangement.

2801 2475 213 47 Rotorua
3043 2478 181 56 Library

2799 2573 104 47 OPEN
2914 2575 53 19 from
2980 2577 23 16 10
3015 2582 47 12 a.m.
3074 2580 20 14 to
3106 2579 10 15 5
3128 2584 46 17 p.m.
3193 2577 31 19 ami

2859 2602 23 17 G.
2882 2602 23 17 30
2916 2604 20 15 to
2948 2603 79 24 10p.m.
3031 2602 97 26 Sundays
3132 2603 31 19 till
3168 2605 12 18 9
3185 2610 39 19 pui.

2817 2639 165 23 Subscription
2991 2646 5 13 :
3008 2641 43 18 20s
3060 2641 45 18 Per
3112 2641 98 19 Annum.

2823 2676 89 19 Visitors
2929 2684 48 18 may
2994 2685 86 18 procure
3096 2679 69 20 Books
3184 2680 40 19 from

2799 2703 33 18 the
2841 2703 89 25 Library
2941 2711 26 12 on
2985 2704 87 26 making
3090 2713 12 11 a
3121 2706 77 25 deposit
3211 2706 15 19 of

2799 2732 34 15 not
2842 2729 41 19 less
2893 2730 49 19 than
2963 2732 29 22 .ss,
3012 2732 39 18 and
3069 2732 125 26 purchasing
3212 2734 14 17 Is

2799 2762 78 18 coupon
2886 2756 33 18 for
2930 2763 61 19 every
3003 2757 54 19 Four
3067 2758 71 20 books.

2824 2790 43 18 Tho
2885 2790 88 25 Library
2997 2792 18 18 is
3034 2799 51 18 open
3108 2793 76 26 during
3199 2793 25 19 tk

2975 2912 9 9 .
3025 2878 45 44 J.
3104 2879 45 43 X

2799 2930 173 20 BARRISTER
2985 2933 66 18 AND
3070 2934 155 19 SOLICITOR.

2800 2963 147 17 Commissioner
2962 2965 20 17 of
2996 2965 32 17 tho
3043 2965 91 23 Supreme
3148 2967 55 17 Court
3213 2965 14 19 of

2997 2989 44 22 Fiji.

2801 3017 89 18 Solicitor
2898 3019 20 17 to
2926 3019 33 17 tho
2972 3017 48 20 N.Z.
3035 3020 130 19 Government
3179 3021 48 18 under

2848 3042 12 21 •'
2867 3042 39 17 The
2915 3043 99 17 Advances
3023 3045 20 15 to
3049 3043 79 19 Settlers
3133 3042 56 21 Act.-''

2799 3072 101 19 Victoria
2907 3074 91 21 Arcade,
3010 3075 111 22 Queex-st,
3132 3075 94 20 Auckland.

2823 3104 73 23 Money
2904 3106 20 17 to
2931 3106 54 17 Lend
2994 3113 25 10 on
3028 3107 86 18 freehold
3129 3108 77 22 security
3214 3107 12 18 ai

2799 3127 38 17 low
2853 3130 51 16 rates
2921 3129 21 17 of
2954 3130 85 17 interest.
3069 3131 71 23 Money
3154 3130 73 19 invested

2800 3150 30 17 for
2838 3151 68 16 clients
2914 3153 39 14 fron
2962 3153 20 17 of
2991 3153 79 18 charee..

2824 3239 157 22 ARCH
3007 3243 10 18 I
3049 3243 16 19 T
3095 3239 2 23 :

2931 3276 183 17 ROTORUK.

2827 3301 111 26 Agentfor
2955 3304 34 19 the
3008 3306 63 18 Smith
3095 3306 77 21 British
3194 3306 33 20 Fire

2801 3328 40 18 and
2853 3328 80 20 Marino
2942 3329 113 22 lusrrance
3065 3332 112 27 Company.

2952 3400 24 18 in
2985 3401 126 20 Auckland
3120 3403 57 19 visit

2876 3432 34 25 E.
2938 3433 225 29 SPENCER'S

3026 3479 168 23 DEPOT,

2880 3509 38 23 (On
2928 3509 66 19 Queen
3003 3511 62 19 Street
3078 3512 83 24 Wharf.)

2835 3547 41 20 For
2894 3549 27 19 all
2937 3549 63 20 kinds
3018 3552 21 19 of
3052 3552 13 19 N
3072 3559 30 13 o\v
3112 3553 91 19 Zealand

2870 3575 72 20 Curios
2961 3577 41 19 and
3022 3577 143 21 Greenstones.

2803 3718 269 30 MONUMENTAL
3099 3722 130 34 MASON,

2851 3769 126 19 VICTORIA
2996 3771 97 18 STREET
3114 3773 70 20 EAST,

2822 3844 87 20 Orders
2925 3847 24 19 in
2963 3848 97 24 Marble,
3081 3850 98 19 Granite
3192 3848 36 21 and

2799 3876 79 25 Stone,
2902 3880 121 24 promptly
3048 3882 47 18 and
3120 3881 107 23 faithfully

2799 3910 122 20 executed.

2846 3946 103 25 Designs
2958 3949 48 19 and
3015 3950 76 23 prices
3104 3951 48 19 free
3161 3958 30 12 on

2941 3981 152 23 application.
