4120 5920
119 4214 246 8 Lyell
414 4214 296 8 Times.

136 4403 206 35 SATURDAY,
351 4404 209 29 DECEMBER
569 4406 42 33 11,
625 4403 71 36 1886.

135 4483 150 33 According
298 4486 27 25 tc
339 4489 221 22 announcement
584 4484 48 27 Dr.
647 4485 83 33 Gaze,

99 4520 32 28 of
162 4520 142 35 Westport,
331 4521 55 27 will
414 4521 87 28 arrive
531 4522 28 27 in
585 4522 79 35 Lyell
690 4526 26 25 to-

101 4567 115 18 morrow
229 4558 55 27 and
299 4559 155 34 remaining
468 4559 70 28 until
559 4559 46 28 the
626 4560 88 28 follow-

99 4596 48 34 ing
160 4595 61 38 day.

136 4644 53 26 For
202 4643 45 28 the
261 4644 181 27 convenience
456 4645 30 27 of
496 4645 69 27 local
574 4649 156 33 ratepayers

99 4681 47 27 the
160 4680 92 29 Buller
265 4682 107 36 County
386 4683 111 27 Council
510 4682 50 28 has
581 4683 148 37 appointed

104 4719 42 27 Mr
161 4719 31 27 R.
207 4718 42 29 W.
265 4719 98 36 M'Coy
376 4725 27 23 to
421 4720 94 28 collect
534 4725 72 24 rates
628 4722 52 27 due
700 4723 27 27 in

101 4757 80 34 Lyell
199 4757 97 33 riding,
320 4758 53 27 and
395 4758 22 28 it
441 4758 23 28 is
488 4758 105 29 further
616 4760 113 28 notified

101 4796 61 28 that
175 4794 37 30 all
225 4803 70 21 rates
308 4795 153 38 remaining
478 4798 101 35 unpaid
593 4798 69 28 after
683 4798 46 30 the

102 4835 41 26 Ist
168 4835 122 33 proximo
314 4835 55 27 will
399 4834 31 29 be
456 4835 64 28 sued
550 4836 41 27 for
614 4836 115 28 without

102 4871 105 30 further
219 4873 98 29 notice.

138 4920 44 24 Mr
194 4920 26 25 J.
237 4920 33 25 G.
284 4920 113 33 Heslop,
411 4922 56 24 rate
480 4922 127 25 collector
628 4922 42 26 for
682 4923 45 25 the

101 4955 164 38 Inangahua
287 4956 116 37 County,
417 4956 107 30 notifies
545 4957 60 30 that
618 4958 34 30 he
673 4958 55 30 will

102 4996 32 26 he
147 4995 27 27 in
188 4995 162 28 attendance
372 4995 28 28 in
414 4997 148 34 Hampden
582 4998 90 33 riding
694 5007 33 19 on

103 5033 61 27 11th
181 5033 62 28 12th
258 5033 54 28 and
333 5032 62 30 13th
409 5033 127 37 January
548 5039 65 24 next
626 5035 40 28 for
679 5035 45 28 the

102 5081 116 27 purpose
251 5073 29 27 of
308 5073 135 35 receiving
473 5078 80 28 rates,
578 5073 55 28 aud
669 5074 60 29 that

101 5110 37 26 all
151 5115 71 22 rates
232 5111 154 34 remaining
393 5111 101 35 unpaid
505 5115 27 22 at
546 5111 46 28 the
602 5112 110 27 termina-

101 5149 56 27 tion
172 5147 29 29 of
211 5148 43 28 his
264 5148 63 29 visit
336 5149 55 28 will
403 5148 139 39 positively
556 5149 32 30 be
601 5150 66 29 sued
678 5150 49 30 for.

135 5196 58 28 The
205 5196 105 28 funeral
323 5197 30 27 of
362 5197 45 27 the
416 5197 54 27 late
480 5198 38 28 H.
541 5198 33 27 E.
596 5198 133 28 Smithers

100 5235 62 28 took
190 5237 74 34 place
290 5244 35 19 on
351 5235 125 36 Tuesday
506 5235 141 29 afternoon
679 5237 32 27 im-

102 5273 142 36 mediately
259 5273 68 28 after
341 5273 44 28 the
399 5273 117 37 inquest,
530 5274 54 27 and
600 5284 54 18 was
667 5275 59 27 well

100 5311 128 28 attended
244 5311 33 35 by
292 5311 45 28 the
351 5311 131 28 residents
495 5317 26 23 to
544 5311 75 29 show
639 5322 15 19 a
675 5312 54 29 last

100 5350 78 29 mark
202 5350 30 28 of
243 5354 104 32 respect
361 5355 27 23 to
409 5361 14 17 a
447 5355 123 29 stranger
593 5351 61 28 who
676 5351 53 28 had

101 5393 56 22 mot
170 5389 65 27 with
259 5398 28 18 so
311 5389 143 35 untimely,
477 5390 54 26 and
553 5389 175 36 melancholy

101 5438 34 18 an
146 5428 61 28 end.
240 5428 56 28 The
305 5427 105 29 funeral
419 5428 100 28 service
529 5427 30 29 of
567 5428 44 28 the
622 5428 107 29 Church

99 5466 31 26 of
141 5466 127 32 England
281 5475 54 17 was
350 5466 62 26 read
426 5471 28 21 at
468 5466 44 26 the
526 5475 91 25 grave.

137 5511 42 29 Mr
198 5511 136 37 Hopkins,
353 5511 106 37 battery
477 5521 130 28 manager
625 5511 41 30 for
685 5511 45 30 the

100 5551 108 27 Croesus
239 5552 151 33 Company,
416 5552 22 25 is
468 5560 61 18 now
555 5551 105 35 getting
684 5551 46 27 the

100 5588 132 30 headrace
262 5589 53 29 and
342 5588 104 38 battery
475 5588 27 30 in
527 5588 138 30 readiness
691 5588 40 30 for

98 5628 129 33 crushing
244 5632 51 23 two
315 5628 103 34 parcels
437 5628 29 27 of
482 5635 85 23 stone,
581 5638 51 17 one
655 5629 71 26 from

99 5666 46 31 the
159 5666 56 37 Tyr
228 5666 113 28 Council
354 5666 78 28 claim
448 5666 52 28 and
514 5665 45 31 the
572 5666 77 29 other
663 5667 67 27 from

101 5716 45 17 luf
167 5708 58 24 lion
252 5706 113 27 Accord.
414 5707 56 25 The
496 5707 80 25 latter
600 5706 131 34 crushing

101 5743 51 28 will
175 5743 31 27 hj
226 5744 150 27 conducted
396 5753 34 18 on
451 5749 115 22 account
579 5743 28 28 of
632 5744 100 26 Messrs

101 5782 71 29 John
197 5782 104 29 Ritchie
322 5783 50 28 and
395 5790 86 29 party.
523 5783 44 28 We
584 5783 70 36 hope
674 5783 58 28 that

101 5828 21 18 H
137 5821 53 25 will
206 5825 59 21 turn
282 5828 45 18 out
343 5821 68 25 well.

786 199 66 29 Miss
866 199 176 30 Chesterfield
1056 199 54 29 will
1124 199 101 29 deliver
1250 211 15 18 a
1279 201 99 28 lecture

751 239 52 26 this
816 240 116 34 evening
946 244 27 22 at
997 239 137 28 FeunelPs
1157 239 74 32 Hall,
1247 241 131 33 selecting

750 276 68 27 from
844 277 48 26 her
911 285 93 19 course
1025 276 30 27 of
1077 276 116 28 lectures
1212 281 46 23 the
1277 276 102 37 subject

750 314 29 28 of
915 315 128 31 Zealand,
1070 315 63 26 Past
1158 315 54 26 and

751 353 65 28 This
830 353 62 36 lady
906 354 49 27 has
970 357 56 24 met
1046 352 64 29 with
1124 353 182 28 considerable
1320 362 42 19 suc-

750 401 56 19 cess
831 401 28 18 as
879 401 15 18 a
920 392 128 28 lecturess
1073 391 167 34 throughout
1259 392 119 27 Victoria

750 430 53 28 and
829 430 65 28 New
915 429 127 32 Zealand,
1068 429 53 28 and
1145 429 183 36 independent
1352 429 29 28 of

751 468 79 35 being
843 479 14 17 a
871 468 66 35 good
963 468 112 37 speaker
1088 468 22 28 is
1124 477 34 19 an
1178 468 199 36 accomplished

751 507 146 36 performer
915 507 64 28 both
1000 517 35 17 on
1048 507 45 27 the
1113 507 84 27 violin
1215 507 53 27 and
1288 508 90 34 piano,

751 545 65 30 with
841 546 88 27 which
950 545 180 28 instruments
1148 545 48 27 she
1221 544 56 28 will
1296 545 67 27 inter-

751 594 89 26 sperse
860 585 47 26 her
925 585 136 26 discourse
1080 583 56 28 this
1155 584 125 34 evening.
1328 583 50 30 We

751 623 69 37 hope
836 622 59 28 that
909 623 45 27 the
967 622 169 27 inhabitants
1148 621 55 28 will
1219 622 75 27 show
1308 621 70 28 their

750 662 183 36 appreciation
952 662 29 27 of
1002 670 35 19 an
1055 662 157 27 instructive
1232 662 130 27 entertain-

751 705 75 23 ment
851 701 30 26 of
901 700 55 27 this
983 699 163 36 description
1171 699 36 36 by
1226 708 16 19 a
1265 698 113 37 bumper

751 738 92 28 house.

785 786 87 27 There
896 795 56 18 was
974 795 15 17 a
1013 785 98 35 special
1137 785 121 35 meeting
1281 784 30 28 of
1332 785 46 27 the

751 824 134 27 members
899 823 29 28 of
937 823 45 28 the
997 822 76 37 Lyell
1088 823 75 27 State
1179 822 97 28 School
1298 822 59 28 Com-

752 864 92 25 mittee
874 862 143 34 yesterday
1047 867 28 22 at
1106 862 43 27 Mr
1174 862 94 34 Inglis'
1293 862 84 31 office,

750 899 81 28 when
843 899 75 28 there
931 907 69 19 were
1014 902 108 33 present
1136 898 99 27 Messrs
1248 898 25 27 J.
1292 898 87 33 Inglis

753 940 171 35 (chairman),
973 937 79 33 Peck,
1102 936 108 35 Brown,
1249 936 128 32 Holman,

751 976 118 33 Lowick,
883 978 72 33 Bray
965 976 53 27 and
1035 976 105 33 M'Coy.
1178 976 57 27 The
1246 976 132 34 principal

752 1015 121 28 business
886 1018 27 25 to
927 1014 31 28 be
972 1013 153 29 transacted
1138 1022 55 20 was
1207 1013 44 29 the
1261 1013 102 28 declara-

751 1053 58 28 tion
827 1054 29 27 of
876 1053 46 27 the
940 1053 77 26 usual
1042 1053 180 26 midsummer
1247 1052 132 35 holidays,

751 1091 80 29 when
850 1091 21 28 it
884 1100 55 19 was
952 1090 110 29 decided
1085 1090 60 29 that
1166 1090 46 29 the
1234 1090 91 28 school
1349 1090 31 28 be

751 1130 89 28 closed
852 1140 35 17 on
903 1130 97 34 Friday
1015 1129 62 28 10th
1091 1131 104 25 instant
1214 1130 52 26 and
1280 1139 98 25 reopen

751 1177 35 18 on
801 1168 121 35 Monday
936 1169 62 26 17th
1012 1167 133 33 January.
1184 1167 121 36 Monday
1317 1171 64 22 next

751 1206 80 35 being
843 1206 46 28 the
903 1205 97 29 second
1027 1204 120 37 Monday
1169 1206 27 26 in
1216 1205 46 27 the
1284 1204 94 28 mouth

750 1244 47 28 the
823 1244 78 28 usual
932 1244 127 35 monthly
1089 1244 120 32 meeting
1239 1243 55 27 will
1318 1243 63 27 take

751 1283 75 36 place
840 1282 77 28 when
931 1291 15 19 a
966 1286 99 23 matter
1084 1281 29 28 of
1132 1281 115 28 unusual
1269 1281 95 36 import-

751 1330 66 19 ance
831 1320 55 29 will
899 1321 32 27 be
945 1319 116 36 brought
1073 1329 35 18 on
1122 1320 40 29 for
1175 1319 157 28 discussion.

785 1368 58 29 The
856 1368 78 28 usual
946 1368 128 36 monthly
1094 1368 119 35 meeting
1231 1367 30 29 of
1282 1367 45 29 the
1342 1367 25 28 di-

751 1412 100 22 l'ectors
864 1408 29 26 in
907 1407 45 26 the
975 1406 102 27 United
1098 1407 96 34 Alpine
1218 1407 73 25 miue
1315 1406 64 26 took

752 1444 75 39 place
850 1454 35 19 on
914 1443 173 38 Wednesday
1113 1444 60 33 last,
1193 1443 82 29 when
1303 1443 75 28 there

752 1494 54 18 was
819 1493 16 19 a
847 1484 50 28 full
911 1483 170 29 attendance.
1117 1483 76 29 After
1217 1483 117 36 disposal
1355 1483 30 28 of

752 1523 45 27 the
816 1523 107 34 regular
946 1522 98 28 formal
1063 1522 123 27 business
1212 1521 46 28 the
1282 1525 100 24 matter

751 1570 55 19 was
826 1560 117 36 brought
972 1569 35 19 on
1033 1559 30 28 of
1083 1560 47 28 the
1144 1559 90 35 utility
1249 1559 29 28 of
1299 1559 81 36 using

751 1598 63 29 rock
833 1598 92 28 borers
951 1598 41 28 for
1016 1598 107 34 driving
1148 1598 50 27 No.
1213 1599 15 26 7
1254 1598 68 27 level
1346 1597 37 36 by

753 1646 94 19 means
877 1636 29 29 of
939 1635 106 30 electric
1077 1645 99 27 power,
1202 1636 43 28 Mr
1275 1635 106 34 Prince,

752 1675 107 29 electric
872 1676 135 35 engineer,
1021 1684 61 19 now
1095 1684 27 18 in
1143 1675 123 33 Reefton,
1280 1674 102 37 having

753 1713 78 27 made
844 1713 46 27 the
908 1713 129 27 directors
1059 1722 35 18 an
1117 1712 66 28 offer
1206 1712 41 28 for
1271 1712 46 28 the
1341 1714 26 25 in-

751 1752 155 28 troduction
927 1751 29 29 of
974 1751 61 29 that
1048 1751 101 29 motive
1168 1760 100 29 power,
1281 1751 22 28 it
1327 1761 56 18 was

752 1791 111 28 decided
886 1791 60 27 that
973 1791 46 27 the
1044 1791 116 27 Reefton
1191 1790 129 27 directors
1350 1790 33 28 be

751 1828 171 37 empowered
934 1832 28 25 to
975 1837 112 26 arrange
1101 1828 66 27 with
1183 1827 43 28 Mr
1236 1828 95 27 Prince
1341 1832 42 23 tor

752 1867 98 38 supply
862 1866 29 29 of
908 1866 120 38 dynamo
1049 1865 55 30 and
1128 1866 78 29 other
1227 1869 154 33 apparatus.

752 1907 27 28 It
798 1907 24 28 is
841 1905 128 29 intended
991 1905 61 29 that
1076 1905 103 28 besides
1204 1905 107 37 driving
1335 1906 46 27 the

751 1944 65 28 rock
836 1944 99 31 borers,
949 1947 205 31 arrangements
1175 1944 55 26 will
1249 1944 32 26 be
1303 1944 80 26 made

751 1981 42 29 for
816 1980 116 38 lighting
953 1980 46 28 the
1021 1980 107 36 battery
1147 1980 55 28 and
1218 1981 74 27 mine
1316 1980 67 28 with

751 2020 157 35 electricity.
944 2019 58 27 The
1016 2019 128 27 directors
1166 2029 45 17 are
1232 2019 150 29 instructed

752 2064 27 22 to
793 2057 80 29 make
886 2060 206 33 arrangements
1103 2057 68 28 with
1186 2057 43 27 Mr
1247 2057 96 28 Prince
1356 2061 27 24 to

751 2106 78 27 carry
842 2100 47 24 out
901 2097 75 28 these
988 2095 89 29 works
1087 2106 30 17 as
1130 2105 66 18 soon
1209 2105 29 18 as
1257 2095 124 36 possible,

752 2135 53 27 and
816 2143 35 18 no
864 2134 84 27 doubt
962 2134 46 27 the
1021 2133 78 28 order
1111 2133 55 27 will
1179 2133 33 28 be
1225 2133 95 28 cabled
1332 2134 32 27 im-

751 2171 157 39 mediately.
961 2173 81 29 From
1073 2172 47 29 the
1148 2172 75 29 mine
1249 2182 41 23 we
1314 2172 70 29 have

752 2212 116 34 nothing
879 2212 106 28 further
1007 2216 26 23 to
1045 2215 91 32 report
1158 2212 67 27 than
1249 2212 61 27 that
1322 2221 45 18 con-

752 2250 92 29 tained
856 2250 29 28 in
910 2259 48 20 our
970 2250 63 28 last.
1081 2249 57 29 The
1151 2249 77 29 usual
1247 2253 98 33 output
1358 2250 29 28 of

753 2293 77 25 stone
843 2289 49 29 has
904 2288 69 30 been
990 2288 177 34 maintained,
1181 2288 55 28 and
1249 2288 45 29 the
1309 2288 75 29 show

753 2330 29 26 of
792 2333 75 24 stone
879 2329 30 27 in
922 2328 45 28 the
981 2333 90 31 stopes
1089 2328 80 28 south
1193 2326 23 29 is
1228 2328 156 35 improving

753 2366 65 28 both
831 2368 28 26 in
873 2367 54 27 size
940 2367 53 28 and
1006 2366 114 37 quality.
1165 2366 171 36 Everything
1357 2370 28 23 at

753 2405 47 29 the
812 2405 106 37 battery
931 2406 22 28 is
965 2405 82 37 going
1060 2414 36 19 on
1108 2405 28 28 in
1148 2405 47 28 the
1209 2405 78 28 usual
1307 2405 62 28 satis-

755 2446 101 34 factory
868 2453 124 23 manner,
1006 2444 55 27 and
1074 2444 22 27 it
1108 2444 23 26 is
1143 2444 128 26 intended
1286 2448 27 23 to
1333 2452 51 19 run

753 2482 235 38 uninterruptedly
1009 2492 36 28 up
1068 2488 27 23 to
1120 2481 160 35 Christmas,
1304 2481 81 30 when

754 2521 46 28 the
812 2522 125 34 cleaning
949 2523 54 26 will
1017 2521 62 28 take
1092 2520 77 35 place
1181 2521 54 26 and
1249 2521 45 27 the
1308 2522 77 27 usual

754 2559 102 28 annual
868 2558 130 29 overhaul
1009 2559 42 28 for
1063 2558 109 37 repairs.

788 2608 58 27 The
866 2608 115 28 Reefton
1000 2617 131 24 manager
1143 2607 28 27 of
1190 2609 45 25 tne
1256 2607 129 28 National

755 2646 79 28 Bank
856 2647 29 27 of
902 2647 66 27 New
990 2645 128 32 Zealand,
1133 2645 129 34 Limited,
1277 2646 105 27 arrived

755 2685 78 36 Lyell
845 2685 152 36 yesterday,
1008 2684 53 27 and
1075 2684 55 27 will
1143 2684 75 27 leave
1228 2684 53 27 this
1294 2694 72 18 morn-

755 2724 55 36 ing,
822 2734 29 19 as
864 2724 108 36 already
983 2722 170 33 announced,
1165 2723 42 28 for
1216 2723 168 35 Murchison,

755 2767 26 23 to
795 2767 119 23 transact
925 2763 108 33 general
1044 2761 121 35 banking
1178 2761 131 28 business.

789 2810 83 28 From
886 2809 45 29 the
953 2809 83 29 Owen
1050 2818 39 19 we
1114 2808 69 30 have
1203 2812 47 25 not
1263 2808 123 30 received

755 2850 84 27 much
851 2849 172 34 intelligence
1037 2848 92 33 lately,
1143 2859 35 17 no
1197 2849 84 27 doubt
1295 2850 90 33 owing

755 2890 26 25 to
794 2887 47 28 the
852 2887 55 28 fact
920 2887 60 27 that
994 2886 45 28 the
1053 2886 95 27 claims
1161 2887 110 35 already
1280 2887 105 35 opened

756 2927 74 28 there
860 2925 54 29 and
943 2925 103 36 having
1070 2929 76 24 stone
1177 2930 27 23 to
1232 2935 85 25 grass,
1342 2935 44 18 are

754 2965 112 35 waiting
894 2965 42 28 for
1040 2964 119 28 erection
1189 2964 30 27 of
1256 2964 130 36 crushing

754 3003 116 35 battery.

789 3049 58 27 The
870 3048 140 28 workmen
1034 3049 121 35 engaged
1177 3059 35 17 on
1239 3050 148 33 gravelling

754 3087 66 29 road
833 3087 69 27 from
917 3087 101 28 Nelson
1039 3087 75 28 main
1126 3087 65 28 road
1205 3097 44 18 are
1274 3088 111 34 making

755 3125 70 37 good
837 3134 124 27 progress
972 3134 7 25 ;
997 3125 151 36 altogether
1160 3135 16 18 a
1195 3125 111 37 hopetul
1322 3126 49 28 feel-

754 3165 48 35 ing
813 3164 23 29 is
848 3163 49 30 felt
909 3164 167 36 throughout
1089 3165 46 28 the
1149 3165 114 28 district.

790 3212 57 27 The
860 3211 135 28 Parihaka
1009 3221 76 18 craze
1107 3212 22 27 is
1152 3212 139 35 evidently
1313 3222 72 19 over.

756 3249 27 30 It
795 3250 23 28 is
830 3259 37 19 no
880 3250 93 35 longer
990 3250 75 28 what
1077 3251 21 27 it
1110 3259 65 19 was.
1212 3250 86 29 There
1312 3250 23 29 is
1350 3260 36 20 no

755 3288 94 35 longer
861 3288 46 28 the
920 3288 54 27 free
983 3288 108 34 feeding
1101 3298 30 17 as
1141 3288 30 27 of
1180 3298 71 26 yore.
1271 3289 116 28 Visitors

755 3335 46 20 are
813 3326 128 37 expected
954 3330 27 25 to
994 3335 62 27 pay.
1093 3326 34 28 Iu
1138 3326 99 29 former
1248 3327 80 29 times
1341 3327 46 29 the

757 3365 113 28 Natives
893 3365 104 28 flocked
1022 3365 71 27 from
1124 3366 36 27 all
1191 3372 74 29 parts
1290 3367 29 26 of
1342 3367 45 27 the

755 3402 90 28 island
868 3402 127 36 bringing
1019 3403 94 27 liberal
1138 3403 199 28 contributions
1360 3405 29 27 of

756 3445 131 32 potatoes,
897 3441 64 34 eels,
974 3440 53 29 and
1041 3441 90 28 shark.
1168 3442 87 28 These
1268 3443 119 37 supplies

757 3480 101 33 having
871 3480 82 27 fallen
967 3480 39 27 off
1016 3480 45 28 the
1075 3480 123 28 dwellers
1208 3484 29 24 at
1250 3482 137 27 Parihaka

757 3518 69 29 have
839 3518 116 37 nothing
975 3522 28 26 to
1025 3518 60 36 give
1106 3529 86 27 away.
1237 3520 149 37 Evidently

757 3557 45 27 the
816 3557 105 28 bottom
934 3558 49 26 has
996 3558 68 27 been
1077 3558 122 27 knocked
1213 3564 47 22 out
1272 3559 30 27 of
1313 3560 58 26 Pari-

757 3594 80 32 haka,
851 3603 16 20 a
876 3603 82 20 name
972 3595 59 28 that
1042 3604 66 19 once
1117 3596 137 28 oxercised
1266 3596 109 29 Govern

757 3638 89 24 inents
858 3643 16 19 a
885 3633 69 35 good
964 3634 70 29 deal.
1074 3635 71 35 Grey
1156 3635 85 28 River
1251 3635 104 36 Argus.

790 3680 69 28 Alan
879 3681 85 33 Scott,
978 3690 129 26 manager
1127 3681 42 28 for
1190 3682 46 27 the
1262 3682 125 28 Midland

757 3718 123 37 Railway
893 3718 151 38 Company,
1059 3720 49 27 has
1119 3720 127 28 returned
1260 3720 70 28 from
1341 3722 46 28 the

757 3757 75 30 West
856 3758 81 28 Coast
959 3763 28 24 to
1011 3758 204 30 Christchurch.
1262 3760 45 28 He
1336 3760 51 29 has

757 3797 79 28 made
849 3801 204 31 arrangements
1074 3797 41 29 for
1136 3798 110 37 placing
1265 3799 45 27 the
1324 3809 46 18 con-

757 3839 113 23 tractors
881 3835 40 27 for
931 3835 45 27 the
987 3835 59 28 first
1055 3835 102 28 section
1168 3836 69 27 from
1249 3836 119 28 Brunner-

756 3875 50 26 ton
816 3874 28 27 to
857 3871 171 30 Teremakau
1039 3872 29 28 in
1092 3873 70 37 legal
1184 3873 153 37 possession
1361 3875 28 28 of

757 3911 45 29 the
815 3911 64 29 land
893 3911 124 37 required
1029 3911 42 28 for
1082 3911 47 30 the
1143 3912 63 29 line.
1243 3913 66 28 This
1322 3923 47 18 con-

757 3953 70 26 tract
838 3950 50 28 has
908 3950 69 28 been
1000 3950 108 29 divided
1127 3951 59 28 into
1208 3953 30 26 11
1262 3952 109 28 sub-con-

757 3991 92 30 tracts,
863 3988 41 28 for
922 3988 91 28 which
1036 3989 109 28 tenders
1166 3990 57 27 will
1246 3990 33 27 be
1301 3990 85 27 called

757 4025 150 29 forthwith.
943 4027 43 36 By
999 4026 140 38 February
1160 4027 46 29 the
1232 4027 75 29 work
1332 4028 55 28 will

756 4064 32 30 be
802 4065 28 29 in
842 4065 51 29 full
905 4066 87 34 swing
1004 4064 37 30 all
1054 4066 81 34 along
1145 4066 46 29 the
1204 4066 112 29 section.

792 4111 60 27 The
865 4121 60 17 race
946 4111 123 27 between
1091 4112 117 26 Crosson
1227 4112 54 27 and
1304 4113 81 26 Shaw

757 4152 28 26 at
809 4149 152 34 Auckland,
992 4148 151 29 December
1167 4149 57 33 4th,
1249 4149 42 29 for
1316 4151 72 28 IOO

758 4188 54 27 and
825 4188 47 27 the
885 4187 65 27 mile
963 4188 211 35 championship
1189 4189 26 26 of
1235 4189 67 26 New
1323 4190 46 26 Zea-

757 4225 65 30 land
834 4225 118 29 resulted
961 4226 27 27 in
1002 4235 16 18 a
1028 4225 124 37 splendid
1161 4235 71 25 race,
1246 4226 46 29 the
1306 4227 81 30 latter

757 4265 123 34 winning
891 4264 37 36 by
941 4265 34 26 10
985 4264 92 36 yards.

792 4311 193 31 Amusements
993 4311 41 29 for
1043 4311 159 31 Christmas'
1213 4312 156 31 week-West-

758 4355 69 30 port,
853 4361 45 17 are
923 4351 139 34 crowding
1082 4351 39 33 in,
1147 4352 54 26 and
1226 4352 23 27 if
1277 4353 37 27 all
1341 4354 46 26 the

759 4387 123 28 different
907 4388 138 35 proposals
1070 4397 45 18 are
1140 4389 102 27 carried
1270 4393 48 24 out
1342 4391 46 28 the

759 4425 90 34 public
862 4425 57 29 will
931 4425 69 29 have
1018 4425 70 29 wide
1108 4425 92 30 choice
1213 4427 30 28 of
1259 4427 58 30 fun.
1361 4429 28 28 It

758 4465 50 27 has
821 4474 61 19 now
895 4465 69 28 been
977 4465 133 35 arranged
1122 4469 28 24 to
1163 4466 66 27 hold
1244 4477 51 18 one
1311 4468 78 36 day's

757 4512 76 18 races
851 4503 42 27 for
913 4503 68 28 local
1000 4503 93 29 horses
1115 4503 99 37 during
1235 4505 154 28 Christmas

757 4540 85 33 week,
855 4540 54 27 and
929 4551 16 17 a
964 4541 52 27 fair
1040 4547 114 21 amount
1168 4543 29 26 of
1216 4552 101 27 money
1338 4544 51 27 has

757 4577 68 30 been
838 4578 137 29 collected.

792 4626 45 28 Mr
868 4627 38 27 H.
931 4626 44 29 W.
1000 4626 98 36 Lloyd,
1124 4628 30 27 of
1189 4628 46 28 the
1268 4629 121 28 Victoria

757 4664 93 33 Hotel,
863 4664 147 36 Westport,
1021 4665 22 27 is
1056 4674 35 18 an
1104 4666 177 27 enthusiastic
1304 4671 83 32 sport.

760 4702 41 28 He
818 4702 50 27 has
889 4702 179 33 undertaken,
1093 4703 84 37 solely
1199 4713 35 19 on
1258 4704 44 28 his
1327 4714 60 18 own

756 4739 212 37 responsibility,
982 4744 27 24 to
1023 4750 112 27 arrange
1150 4751 14 18 a
1178 4742 77 35 day's
1276 4743 112 29 athletic

756 4782 88 34 sports
856 4779 41 27 for
918 4779 106 36 Boxing
1044 4779 69 36 Day,
1129 4780 129 37 Monday,
1272 4781 95 28 Decem-

756 4817 46 27 ber
812 4817 75 33 27th,
898 4821 27 24 at
936 4817 45 28 the
992 4818 129 27 Orawaiti
1133 4819 177 27 Racecourse.
1342 4820 44 27 He

756 4854 50 29 has
830 4855 169 28 determined
1030 4859 27 25 to
1082 4856 60 35 give
1168 4866 78 28 away
1272 4857 57 29 QO
1359 4859 28 27 in

756 4895 86 34 prizes
866 4893 42 28 for
931 4895 110 27 various
1065 4900 94 23 events
1183 4904 35 19 on
1244 4896 61 27 that
1326 4897 61 34 day,

756 4939 102 24 among
879 4931 90 26 which
990 4931 57 26 will
1068 4930 32 28 be
1114 4940 52 19 one
1189 4933 146 35 Handicap
1359 4934 30 26 in

757 4967 75 31 three
844 4967 136 31 distances
992 4970 28 28 of
1034 4968 64 30 39.

790 5016 58 27 The
863 5016 120 28 Defence
993 5017 180 35 Department
1187 5017 69 28 have
1266 5019 121 26 received

759 5064 16 19 a
795 5054 136 38 specimen
953 5054 29 29 of
1001 5054 47 29 the
1069 5064 60 19 new
1153 5055 235 31 Martini-Enfield

756 5092 57 28 rifle
839 5094 117 35 adopted
980 5094 41 27 for
1048 5094 46 27 the
1119 5095 115 34 English
1260 5105 87 26 army,
1373 5106 15 17 a

757 5130 115 28 number
883 5131 30 29 of
929 5130 90 30 which
1032 5130 69 30 have
1114 5132 121 37 recently
1259 5132 67 29 been
1347 5142 26 20 or-

756 5169 81 29 dered
849 5170 36 37 by
899 5170 45 29 the
959 5171 66 28 New
1047 5171 119 29 Zealand
1188 5172 197 29 Government.

757 5207 65 28 This
842 5216 123 27 weapon,
985 5208 103 36 though
1110 5210 150 27 somewhat
1284 5211 105 27 similar

756 5245 29 28 in
798 5255 167 27 appearance
978 5250 28 24 to
1021 5246 47 28 the
1082 5247 223 37 Martini-Henry
1319 5248 68 34 rifle,

758 5283 48 28 has
818 5294 85 26 many
915 5285 215 35 improvements
1143 5295 65 18 over
1228 5287 47 27 the
1296 5287 90 27 latter.

757 5322 56 28 The
826 5321 62 29 bore
901 5323 24 28 is
938 5323 118 33 smaller,
1070 5323 65 28 with
1148 5323 87 29 better
1246 5325 141 35 grooving,

757 5361 54 27 and
825 5361 45 27 the
883 5361 85 27 bullet
985 5362 23 26 is
1020 5361 94 34 longer
1133 5362 68 27 than
1223 5363 77 28 those
1321 5365 66 26 used

757 5399 26 27 in
800 5398 46 29 the
861 5398 235 29 Martini-Henris.
1134 5400 57 28 The
1204 5409 60 19 new
1275 5410 112 28 weapon

757 5438 49 28 has
819 5438 86 28 better
917 5438 125 28 facilities
1055 5438 41 28 for
1109 5438 173 37 discharging
1293 5447 94 29 empty

758 5475 131 33 cartridge
903 5484 84 23 cases,
1001 5476 88 25 which
1104 5484 44 18 are
1162 5477 107 26 thrown
1282 5481 49 23 out
1352 5478 35 35 by

759 5522 94 19 means
866 5511 30 30 of
905 5523 16 18 a
931 5513 92 36 spring
1035 5521 6 27 ;
1062 5513 53 29 and
1126 5513 115 29 another
1250 5515 118 36 improve-

760 5556 74 22 ment
847 5552 22 25 is
882 5551 61 27 that
956 5561 15 17 a
985 5552 79 26 small
1079 5553 141 33 magazine
1235 5554 111 34 capable
1359 5554 30 27 of

760 5589 112 37 holding
885 5589 39 29 six
938 5589 146 39 cartridges
1099 5599 50 20 can
1164 5589 30 31 be
1209 5590 129 30 attached
1361 5595 27 26 to

759 5629 45 26 the
818 5629 76 26 stock
906 5629 30 26 of
958 5630 45 25 the
1016 5639 65 25 gun,
1096 5630 63 27 thus
1180 5631 144 34 providing
1345 5633 42 24 for

759 5666 75 36 rapid
848 5666 80 37 firing
947 5666 80 29 when
1048 5667 137 38 repulsing
1207 5678 15 18 a
1235 5668 98 36 charge
1357 5678 31 20 or

758 5706 138 34 attacking
917 5717 16 16 a
952 5708 116 26 fortified
1091 5708 125 34 position.
1266 5709 55 25 For
1342 5709 45 26 the

760 5742 249 30 Martini-Enfields
1032 5744 22 28 it
1073 5746 22 26 is
1117 5744 115 28 claimed
1256 5745 65 36 they
1342 5755 45 18 are

758 5785 48 25 not
819 5792 29 18 so
861 5782 84 37 likel}'
958 5787 27 23 to
999 5791 43 28 get
1052 5789 46 22 out
1112 5784 28 26 of
1151 5783 79 28 order
1242 5793 29 18 as
1284 5783 46 29 did
1342 5784 45 29 the

760 5821 215 28 Martini-Henri
985 5822 96 35 during
1096 5822 44 27 the
1160 5822 109 28 Soudan
1284 5831 56 19 war
1353 5823 34 34 by

1407 201 118 36 choking
1534 201 65 30 with
1611 203 68 29 saud
1690 203 29 29 in
1732 203 46 29 the
1789 202 104 30 breech.
1931 202 91 30 Protec-

1407 241 56 26 tion
1478 241 23 26 is
1514 241 56 27 also
1583 243 81 34 given
1683 243 106 34 against
1811 242 46 28 the
1879 242 111 34 heating
2013 242 27 26 of

1407 279 45 27 the
1466 278 95 27 barrel.
1600 279 56 28 The
1671 284 60 31 spot
1745 280 89 28 where
1858 280 46 28 the
1917 279 75 28 hand
2014 279 23 28 is

1406 316 107 36 usually
1539 317 89 28 rested
1652 317 22 28 is
1694 318 78 28 cased
1792 318 65 29 with
1877 317 87 34 wood,
1983 318 55 27 and

1407 355 44 28 the
1465 354 110 36 novelty
1586 355 28 29 in
1628 357 162 28 connection
1804 356 66 30 with
1882 357 54 28 this
1950 366 70 27 weap-

1406 403 35 18 on
1455 394 23 27 is
1491 394 61 27 that
1564 393 36 36 by
1614 395 45 26 the
1674 395 201 35 manipulation
1889 400 27 23 of
1929 405 15 17 a
1960 395 78 27 small

1407 431 88 36 flange
1509 432 128 28 attached
1650 435 27 26 to
1691 433 45 28 the
1752 433 59 28 lock
1826 434 46 27 the
1886 433 151 29 accidental

1406 470 81 35 firing
1499 470 30 28 of
1539 470 45 29 the
1597 480 55 25 gun
1666 472 22 27 is
1698 472 84 35 safely
1793 472 120 35 guarded
1922 472 116 35 against.

1406 509 86 27 There
1508 509 23 27 is
1544 510 158 35 practically
1716 512 65 34 only
1795 520 51 18 one
1864 510 73 37 sight
1949 510 43 28 for
2002 510 37 27 all

1407 547 45 28 the
1466 548 136 27 distances
1615 557 36 26 up
1665 552 26 24 to
1713 549 52 27 400
1787 548 90 37 yards.
1926 548 114 36 Beyond

1406 587 59 26 that
1478 587 20 26 it
1512 587 22 26 is
1548 585 108 35 sighted
1677 588 29 25 in
1720 587 46 27 the
1788 587 79 28 usual
1889 597 70 25 way,
1974 587 64 26 with

1406 623 53 29 this
1473 623 153 33 difference,
1647 624 61 29 that
1726 625 47 28 the
1795 625 68 28 back
1886 626 73 36 sight
1981 625 56 28 also

1406 667 57 24 acts
1488 672 35 19 on
1549 673 16 18 a
1585 663 72 28 wind
1683 673 96 27 gauge.
1827 664 58 28 The
1910 674 83 26 range
2018 663 22 28 is

1407 703 68 26 2000
1487 701 90 37 yards.

1406 789 227 27 INSPECTOR
1688 789 229 27 HODGSON'S
1972 789 46 27 RE-

1464 828 104 32 PORT
1600 828 52 32 ON
1684 828 136 32 LYELL
1853 829 128 33 STATE

1639 872 351 31 SCHOOL.

1448 964 51 29 Mr
1520 964 96 30 James
1637 964 111 36 Inglis,
1775 965 161 30 Chairman
1958 965 84 40 Lyell

1529 1006 82 33 State
1628 1007 108 32 School
1752 1007 196 32 Committee:

1449 1058 61 38 Sir,
1512 1060 85 40 By
1611 1059 143 32 direction
1766 1061 31 31 of
1809 1061 49 31 the
1874 1061 168 31 Education

1407 1103 108 38 Board,
1531 1103 15 32 I
1560 1103 115 33 enclose
1691 1103 43 33 for
1758 1115 72 31 your
1851 1105 191 33 information

1408 1158 17 19 a
1439 1158 73 29 copy
1526 1148 31 30 of
1569 1159 49 27 my
1633 1148 110 39 Report
1757 1149 59 30 and
1830 1150 212 30 Examination

1410 1190 144 32 Schedule
1583 1190 31 33 of
1638 1190 86 42 Lyell
1752 1191 118 33 School.
1930 1192 111 42 Kindly

1408 1235 64 38 give
1487 1234 51 31 the
1560 1235 119 30 teacher
1703 1235 159 32 interested
1877 1246 38 20 an
1940 1247 84 30 oppor-

1409 1277 97 42 tunity
1520 1277 32 33 of
1564 1278 99 40 seeing
1677 1278 82 32 these
1774 1279 183 32 documents.

1449 1331 62 31 The
1526 1331 97 32 Board
1637 1331 55 31 has
1706 1332 157 41 permitted
1877 1343 48 22 me
1940 1335 30 31 to
1995 1344 31 21 ex-

1408 1375 91 40 plain,
1521 1376 32 31 in
1573 1376 107 40 justice
1705 1380 30 28 to
1758 1378 50 31 the
1834 1378 117 31 teacher
1974 1389 51 20 con-

1408 1419 116 37 cerned,
1553 1420 66 30 that
1646 1430 39 21 no
1716 1421 185 40 comparison
1929 1421 32 32 of
1993 1421 49 32 the

1409 1463 79 33 work
1510 1463 75 33 done
1607 1463 58 33 last
1691 1475 69 32 year
1784 1465 72 33 with
1879 1465 66 33 that
1968 1465 74 33 done

1409 1508 92 30 under
1515 1508 51 30 the
1580 1519 66 20 new
1667 1509 193 39 Regulations
1884 1510 98 31 issued
2006 1510 38 41 by

1409 1551 51 32 the
1475 1550 196 42 Department
1682 1554 24 29 is
1720 1553 137 40 possible.
1900 1554 59 31 Not
1974 1554 70 41 only

1409 1605 49 21 are
1494 1595 50 32 the
1579 1596 165 32 conditions
1779 1597 32 31 of
1842 1597 202 32 examination

1409 1649 81 21 more
1505 1639 182 33 difficulta
1701 1640 105 32 failure
1823 1641 32 31 in
1870 1651 57 31 any
1950 1641 94 41 single

1410 1683 114 40 subject
1548 1684 88 40 being
1658 1685 73 30 fatal
1755 1688 30 27 to
1809 1696 17 19 a
1849 1686 196 31 candidate

1409 1726 54 31 but
1477 1726 50 32 the
1542 1728 122 31 method
1679 1728 31 31 of
1721 1728 181 41 calculating
1916 1729 51 32 the
1992 1739 52 30 per

1409 1773 122 38 centage
1546 1781 39 22 on
1600 1771 50 33 the
1665 1772 205 37 roll-number,
1886 1773 115 32 instead
2016 1774 30 31 of

1410 1815 89 40 doing
1513 1825 32 21 so
1560 1825 38 21 on
1613 1816 50 31 the
1677 1816 170 40 proportion
1863 1817 31 31 of
1905 1827 100 30 passes
2014 1819 30 30 to

1410 1858 216 41 presentations
1648 1859 32 32 in
1705 1859 174 39 Standards,
1903 1861 142 42 seriously

1410 1903 120 32 reduces
1564 1903 50 32 the
1642 1915 52 30 per
1720 1907 122 38 centage
1870 1905 31 31 in
1929 1905 40 31 all
1994 1906 50 32 the

1411 1947 125 30 schools.
1569 1947 108 31 Where
1689 1958 17 19 a
1716 1948 111 36 school,
1840 1948 74 32 after
1924 1949 121 40 making

1411 1988 55 32 due
1495 1989 159 33 allowance
1682 1990 44 32 for
1754 1991 82 32 these
1864 1991 179 39 drawbacks,

1410 2033 64 37 has,
1490 2033 31 32 in
1546 2045 50 30 my
1618 2034 131 41 opinion,
1771 2035 75 32 done
1874 2035 97 42 badly,
1994 2036 51 32 the

1411 2076 59 33 fact
1484 2077 61 32 will
1559 2077 35 33 be
1609 2078 108 41 clearly
1741 2079 120 40 pointed
1875 2083 52 29 out
1950 2079 32 32 in
1996 2091 50 30 my

1411 2121 117 30 written
1543 2122 136 31 estimate
1703 2122 31 31 of
1754 2122 50 31 the
1830 2125 75 29 state
1921 2123 31 31 of
1973 2134 73 30 your

1412 2164 110 34 school.

1446 2219 97 35 Lyell:
1566 2220 55 35 (Mr
1635 2220 113 34 Rotton)
1795 2221 42 28 On
1851 2222 51 27 roll
1915 2222 52 33 31;
1986 2231 45 27 pre-

1413 2261 60 23 sent
1498 2258 42 28 30.
1588 2258 142 35 Although
1755 2263 172 33 twenty-two
1948 2260 31 28 of
2000 2260 47 28 the

1412 2295 150 37 fifty-three
1593 2298 122 28 scholars
1745 2299 130 36 formerly
1903 2299 143 36 attending

1413 2335 55 28 this
1493 2336 93 28 school
1610 2336 70 28 have
1701 2336 68 28 been
1790 2338 164 27 withdrawn
1977 2342 29 24 to
2032 2348 16 18 a

1414 2373 107 28 Roman
1534 2374 124 29 Catholic
1672 2375 91 28 school
1784 2375 86 38 lately
1891 2376 106 37 opened
2020 2380 27 24 at

1414 2412 46 29 the
1482 2413 87 35 Lyell,
1583 2414 47 28 the
1651 2413 152 37 thirty-one
1821 2415 63 28 who
1906 2415 141 29 remained

1414 2451 110 26 showed
1538 2451 61 28 that
1616 2452 77 27 there
1715 2462 56 18 was
1785 2462 35 18 no
1844 2453 97 36 falling
1964 2453 39 28 off
2018 2463 28 18 in

1415 2488 44 29 the
1473 2490 105 36 quality
1592 2490 30 29 of
1641 2491 47 28 the
1703 2491 136 37 teaching,
1854 2491 54 30 and
1926 2492 61 29 that
2001 2492 46 29 the

1416 2533 99 22 master
1536 2529 56 26 had
1611 2533 47 23 not
1679 2530 52 26 lost
1750 2531 88 31 heart,
1853 2540 29 17 as
1904 2531 35 26 he
1958 2531 90 33 might

1414 2565 61 29 well
1489 2566 66 29 have
1570 2566 78 35 done,
1663 2570 28 25 at
1710 2577 29 19 so
1753 2567 103 29 sudden
1870 2568 54 29 aud
1945 2569 103 28 serious

1414 2615 16 17 a
1448 2605 166 29 diminution
1636 2607 30 27 of
1684 2606 44 28 his
1749 2608 99 36 pupils.
1894 2608 58 27 The
1973 2608 75 28 work

1414 2643 80 36 fairly
1515 2645 70 36 good
1605 2644 37 28 all
1667 2646 104 27 round:
1802 2646 45 28 the
1874 2646 174 33 Arithmetic,

1415 2683 144 36 especially
1573 2683 59 28 that
1646 2684 29 26 of
1685 2684 46 28 the
1745 2694 85 27 upper
1842 2684 108 34 classes,
1965 2684 83 37 being

1415 2722 139 28 excellent.
1592 2722 57 28 The
1673 2723 163 38 Geography
1858 2724 53 28 and
1934 2724 114 37 History

1415 2769 69 18 were
1498 2761 57 26 also
1569 2762 195 34 exceptionally
1786 2763 79 33 good.
1911 2763 58 27 The
1985 2768 63 22 tone

1415 2797 53 28 and
1482 2797 142 39 discipline
1635 2798 30 29 of
1675 2799 45 28 the
1732 2799 93 29 school
1835 2809 45 20 are
1892 2800 156 30 creditable.

1729 2849 44 27 W.
1787 2848 31 28 C.
1832 2849 148 33 Hodgson,

1861 2887 153 36 Inspector.

1459 2975 187 28 HAMPDEN
1668 2977 189 28 TRAINING
1876 2979 131 30 NOTES.

1620 3024 52 16 ,
1672 3024 73 16 +

1489 3052 84 34 (from
1587 3059 55 20 our
1655 3060 61 19 own
1726 3054 254 35 correspondent).

1450 3127 24 27 A
1488 3127 62 28 visit
1564 3132 27 24 to
1605 3128 118 37 Catesby
1734 3137 6 19 :
1761 3129 55 28 this
1838 3129 80 29 horse
1931 3139 23 19 is
1975 3130 57 28 look-

1416 3167 46 34 ing
1475 3166 61 28 well
1559 3167 54 28 and
1626 3168 28 27 in
1674 3168 85 33 grand
1776 3169 79 27 form,
1879 3169 171 37 considering

1416 3205 47 26 the
1486 3205 73 27 work
1580 3205 35 28 he
1636 3206 50 27 has
1709 3207 79 31 done,
1803 3208 53 27 and
1879 3208 76 27 looks
1968 3216 80 27 every

1416 3243 62 28 inch
1493 3252 15 19 a
1521 3252 59 20 race
1595 3244 87 28 horse.
1722 3245 103 28 Should
1838 3245 34 28 he
1886 3255 33 25 go
1933 3247 113 33 straight

1416 3282 54 26 and
1484 3282 68 35 keep
1566 3292 35 17 on
1614 3283 157 35 improving
1786 3284 53 27 like
1853 3285 34 27 he
1902 3285 49 27 has
1972 3285 76 28 these

1417 3324 60 31 past
1490 3320 51 27 few
1560 3320 89 29 weeks
1669 3320 33 29 he
1725 3321 84 35 ought
1825 3326 25 24 to
1873 3322 61 36 give
1947 3332 16 19 a
1985 3332 64 28 very

1416 3358 68 35 good
1498 3362 114 24 account
1625 3359 30 28 of
1665 3360 113 27 himself
1789 3360 64 28 with
1877 3361 47 28 the
1945 3362 105 28 feather

1416 3396 101 35 weight
1531 3396 59 28 that
1603 3397 34 27 he
1652 3397 49 27 has
1715 3402 27 23 to
1755 3407 86 27 carry.

1451 3435 58 27 The
1540 3435 68 28 Jilt:
1646 3436 66 28 This
1742 3437 139 37 generally
1916 3437 133 29 favourite

1417 3473 69 27 little
1500 3483 75 18 mare
1588 3475 23 26 is
1629 3475 55 27 still
1705 3475 108 35 feeding
1835 3485 35 19 on
1893 3477 46 27 the
1961 3478 88 27 Horse

1416 3512 115 29 Terrace
1545 3517 60 25 oats
1618 3513 54 28 and
1686 3513 80 35 chaff,
1780 3513 48 29 hut
1853 3515 14 27 I
1881 3515 167 30 understand

1416 3551 61 28 that
1500 3551 50 28 her
1574 3562 91 18 owner
1687 3554 23 26 is
1735 3553 83 28 about
1844 3558 28 23 to
1899 3555 76 35 place
2001 3555 49 27 her

1416 3588 87 28 under
1516 3589 46 28 the
1576 3589 98 36 charge
1695 3590 30 28 of
1743 3600 15 18 a
1782 3591 173 29 well-known
1978 3592 68 29 local

1416 3627 103 29 trainer
1531 3628 83 28 about
1627 3629 47 28 the
1687 3628 148 38 beginning
1848 3631 26 27 of
1886 3631 160 28 December.

1418 3666 68 26 Now
1505 3666 55 28 this
1578 3676 76 18 mare
1673 3668 66 26 with
1765 3669 50 27 7st.
1837 3668 82 28 121bs.
1941 3678 36 19 on
2001 3669 49 28 her

1415 3703 69 28 back
1498 3704 97 28 should
1610 3704 79 28 make
1704 3704 92 37 things
1810 3715 65 28 very
1887 3708 161 36 interesting

1416 3742 41 28 for
1476 3743 45 28 the
1568 3743 52 36 Big
1639 3743 101 37 Money
1789 3744 27 37 (!)
1850 3755 29 19 as
1905 3745 49 29 her
1977 3746 57 29 well-

1416 3781 100 29 known
1529 3783 108 36 staying
1650 3792 104 27 powers
1767 3784 86 35 ought
1867 3790 27 24 to
1909 3785 47 29 tell
1970 3795 36 28 up
2019 3786 28 27 in

1416 3830 16 17 a
1444 3820 63 27 mile
1521 3821 54 26 and
1589 3830 15 18 a
1618 3821 65 28 half.

1451 3857 121 28 Rosina:
1604 3859 66 27 This
1700 3868 75 19 mare
1800 3859 103 37 having
1927 3860 122 36 changed

1416 3895 89 30 hands
1517 3896 84 38 lately
1615 3897 14 28 I
1643 3897 34 29 do
1690 3901 49 26 not
1760 3898 81 29 know
1853 3899 124 29 whether
2001 3901 48 28 she

1416 3935 56 28 will
1486 3939 48 32 put
1543 3936 30 27 in
1587 3945 34 18 an
1635 3946 176 27 appearance.

1451 3974 117 35 Regret:
1590 3975 253 37 Notwithstanding
1863 3977 127 35 carrying
2002 3977 46 28 the

1416 4014 46 33 top
1488 4012 108 35 weight,
1623 4014 69 28 after
1721 4013 50 29 her
1799 4015 201 36 performances
2022 4019 27 24 at

1417 4050 191 35 Brightwater,
1633 4052 24 28 is
1681 4061 61 20 sure
1768 4058 27 24 to
1819 4053 59 29 find
1902 4054 95 37 plenty
2022 4054 28 29 of

1417 4089 119 26 backers.

1452 4126 86 36 Molly
1550 4134 5 19 :
1576 4127 14 26 I
1604 4127 101 28 believe
1729 4129 22 26 is
1771 4129 57 27 still
1849 4130 109 28 worked
1981 4139 29 19 as
2034 4140 15 18 a

1417 4164 69 28 hack
1511 4165 54 28 and
1590 4166 66 28 with
1685 4167 65 35 only
1775 4167 69 28 hard
1870 4168 60 28 feed
1954 4169 55 28 and
2034 4179 15 17 a

1416 4202 89 36 gallop
1514 4212 29 18 or
1554 4207 53 24 two
1617 4204 54 27 will
1681 4214 82 26 prove
1774 4214 16 18 a
1801 4214 65 28 very
1876 4206 172 36 satisfactory

1418 4241 111 28 method
1542 4243 29 27 of
1579 4242 116 36 keeping
1710 4244 45 27 the
1769 4244 68 28 flesh
1851 4245 40 28 off
1902 4245 57 28 her.

1451 4280 115 28 Gome's
1580 4289 92 19 owner
1684 4282 23 27 is
1719 4282 93 35 giving
1824 4282 50 28 her
1886 4283 46 28 the
1944 4284 89 35 regula-

1416 4318 58 29 tion
1522 4319 89 29 Hoats
1630 4321 56 29 and
1903 4322 49 31 but
1974 4324 15 27 I
2003 4333 44 19 am

1417 4357 85 27 afraid
1516 4358 60 27 that
1589 4359 46 27 the
1649 4360 121 26 distance
1783 4361 23 25 is
1828 4365 44 22 too
1886 4362 41 26 far
1940 4362 40 26 for
2001 4362 48 26 her

1417 4393 71 37 body
1501 4394 105 37 though
1621 4395 48 28 her
1682 4397 78 28 heart
1773 4397 21 27 is
1808 4397 45 36 big
1866 4398 117 37 enough.

1451 4433 58 29 The
1529 4436 158 27 committee
1709 4435 30 28 of
1760 4435 46 29 the
1826 4436 62 29 club
1907 4447 45 18 are
1966 4443 28 23 to
2017 4437 32 29 be

1417 4472 206 36 congratulated
1637 4482 35 19 on
1695 4474 71 28 their
1778 4475 111 29 evident
1908 4475 88 29 desire
2018 4480 28 25 to

1417 4514 44 31 get
1475 4510 118 36 through
1608 4511 66 28 with
1695 4512 47 27 the
1757 4517 172 31 programme
1942 4513 29 28 in
1996 4524 51 19 one

1418 4548 52 34 day
1478 4557 29 17 as
1517 4548 23 27 is
1550 4548 147 28 evidenced
1709 4550 36 34 by
1754 4550 45 27 the
1810 4550 132 36 bye-laws
1953 4553 96 34 passed

1417 4589 28 24 at
1458 4585 52 29 last
1531 4586 131 37 meeting,
1676 4587 63 33 viz.,
1789 4588 72 29 That
1879 4598 56 28 any
1952 4589 97 37 jockey

1417 4628 49 24 not
1489 4625 84 34 ready
1602 4628 28 25 to
1660 4626 89 35 weigh
1779 4626 29 28 in
1834 4627 96 29 within
1956 4628 93 28 fifteen

1418 4661 117 28 minutes
1545 4662 30 27 of
1592 4663 45 28 the
1659 4663 54 28 bell
1733 4664 110 34 ringing
1855 4665 72 28 shall
1939 4666 32 28 be
1997 4666 39 28 dis-

1418 4699 128 36 qualified
1565 4701 41 27 for
1616 4701 60 27 that
1823 4703 14 26 I
1851 4712 65 27 may
1930 4704 58 28 also
2009 4713 27 19 re-

1418 4738 77 27 mind
1507 4738 78 28 those
1596 4739 146 29 interested
1756 4739 60 29 that
1828 4741 110 28 tenders
1949 4743 41 27 for
2003 4743 46 28 the

1418 4775 97 29 booths
1528 4777 72 27 close
1614 4786 35 18 on
1663 4778 46 28 the
1723 4778 54 36 day
1790 4778 89 29 before
1902 4780 47 28 the
1970 4781 79 32 night

1418 4824 23 17 o:
1465 4816 111 33 general
1594 4821 87 30 entry,
1701 4817 89 27 which
1809 4818 24 27 is
1856 4828 35 18 on
1917 4819 45 28 the
1987 4820 62 27 15th

1417 4852 113 28 instant.
1836 4856 74 34 Quid
1925 4858 90 30 JKun.c.

1530 4940 210 29 CORONER'S
1763 4941 174 34 INQUEST.

1451 5017 44 26 An
1525 5017 117 35 enquiry
1672 5026 56 18 was
1761 5018 64 27 held
1858 5028 35 18 on
1923 5020 127 37 Tuesday

1418 5055 51 28 last
1498 5059 29 25 at
1558 5056 46 28 the
1633 5055 190 36 Court-house,
1848 5057 88 38 Lyell,
1961 5059 89 30 before

1418 5094 91 28 Frank
1539 5094 76 33 Bird,
1648 5096 75 34 Esq.,
1756 5096 128 33 Coroner,
1916 5098 55 27 and
2002 5099 46 27 the

1416 5132 138 36 following
1580 5133 82 36 jury:
1695 5132 121 29 William
1846 5134 101 35 Burns,
1975 5136 62 37 (fore-

1416 5171 75 36 man)
1515 5171 95 29 Jaines
1630 5172 86 35 Edge,
1739 5173 83 28 Louis
1847 5174 139 34 Carmine,
2011 5176 37 27 H.

1418 5209 107 33 Pearce,
1540 5209 26 28 J.
1587 5210 89 34 Egan,
1698 5210 131 37 touching
1850 5212 46 28 the
1919 5213 84 28 death
2024 5213 26 29 of

1419 5246 36 30 H.
1470 5247 33 28 E.
1519 5246 143 29 Smithers.

1450 5286 77 27 After
1540 5286 46 27 the
1597 5286 63 36 jury
1673 5287 102 28 viewed
1789 5288 46 27 the
1848 5287 72 38 body
1933 5289 47 29 the
2000 5290 36 28 fol-

1416 5324 101 36 lowing
1531 5324 128 28 evidence
1673 5335 55 18 was
1742 5325 81 28 taken
1836 5334 6 21 :

1451 5363 112 27 Charles
1578 5364 127 26 Preshaw
1716 5372 6 19 :
1743 5365 13 25 I
1770 5374 52 17 am*
1830 5366 176 35 apprenticed
2020 5376 30 18 as

1417 5409 15 20 a
1463 5400 173 37 compositor,
1661 5401 121 37 residing
1811 5405 28 25 at
1864 5404 87 37 Lyell.
2007 5405 42 28 On

1418 5440 113 32 Monda}
1533 5440 3 38 -
1542 5460 6 11 ,
1571 5440 151 28 December
1742 5442 48 26 6th
1816 5442 14 27 I
1855 5452 55 18 saw
1936 5453 16 18 a
1976 5444 73 34 body

1416 5477 113 32 floating
1550 5477 82 26 about
1654 5479 28 24 in
1705 5478 46 26 the
1773 5478 96 28 Buller
1889 5480 72 26 river
1983 5489 67 18 near

1417 5514 78 36 Lyell
1509 5513 86 34 creek,
1616 5514 46 29 the
1676 5525 75 18 same
1764 5525 30 19 as
1817 5517 13 27 I
1853 5517 70 29 have
1943 5518 105 29 viewed

1418 5553 101 35 to-day.
1557 5553 14 26 I
1585 5553 98 35 helped
1702 5553 67 27 with
1792 5555 92 27 others
1904 5558 27 25 to
1945 5557 59 34 pull
2027 5557 22 26 it

1417 5594 47 26 out
1477 5593 25 26 oi
1516 5589 45 30 the
1575 5596 91 24 water.
1704 5591 57 30 The
1782 5591 71 40 body
1866 5604 55 19 was
1942 5594 108 37 beyond

1416 5630 199 27 identification
1651 5631 30 27 in
1717 5640 185 26 consequence
1938 5634 32 26 of
2003 5635 29 26 de-

1416 5668 188 38 composition.

1451 5708 98 34 Henry
1574 5707 147 28 Goddard:
1748 5709 14 25 I
1785 5718 45 18 am
1856 5719 16 17 a
1896 5710 89 27 miner
2008 5720 26 17 re-

1415 5745 90 36 siding
1514 5748 28 24 at
1556 5744 93 36 Upper
1662 5745 102 27 Buller.
1802 5746 14 26 I
1830 5746 126 29 recollect
1978 5746 51 29 Sun-

1416 5783 61 36 day,
1492 5784 47 27 3rd
1554 5783 115 29 October
1681 5784 61 28 last.
1778 5784 15 28 I
1807 5794 55 19 was
1876 5790 28 23 at
1916 5785 132 29 Oxnam's

1415 5822 75 28 hotel
1597 5822 61 28 that
1700 5823 134 30 occasion,
1870 5823 56 28 and
1963 5823 87 30 heard,

2067 197 143 31 Smithers'
2225 197 75 30 voice
2310 206 37 21 on
2360 197 46 28 the
2416 199 141 35 premises,
2569 198 13 28 1
2597 199 101 29 believe

2065 240 28 26 in
2107 239 45 26 the
2166 238 55 27 bar.
2259 237 58 26 The
2331 236 71 35 body
2425 237 14 26 I
2454 238 101 26 viewed
2576 239 94 35 to-day
2684 241 14 25 I

2065 277 102 27 believe
2181 279 27 24 to
2221 274 33 28 be
2273 274 60 27 that
2347 274 29 27 of
2397 274 143 29 Smithers.
2578 276 14 26 I
2615 276 83 28 heard

2066 315 56 27 him
2138 324 48 26 say
2199 313 61 28 that
2272 312 35 28 he
2320 313 89 27 would
2432 322 34 26 go
2479 316 28 24 to
2521 314 45 27 the
2582 318 68 33 punt
2663 325 35 18 on

2066 354 42 27 his
2130 361 60 27 way
2216 351 88 32 home,
2328 360 82 27 cooey
2429 352 42 26 for
2493 352 45 28 the
2560 352 138 37 ferryman

2065 391 54 29 and
2148 392 21 26 it
2193 390 34 28 he
2253 389 46 28 did
2329 394 49 22 not
2402 399 76 18 come
2503 400 64 18 over
2596 393 28 26 in
2654 397 44 23 ten

2067 431 119 27 minutes
2221 427 35 29 he
2286 427 90 28 would
2424 430 76 26 swim
2538 429 45 29 the
2619 431 78 27 river.

2067 467 135 29 Smithers
2233 465 46 30 did
2308 472 49 22 not
2388 466 70 29 have
2495 477 53 27 any
2582 478 54 18 row
2672 473 27 24 at

2067 507 130 28 Oxnam's
2219 508 28 25 to
2272 514 48 26 my
2345 505 167 35 knowledge.
2562 507 70 28 Ido
2654 513 45 23 not

2067 544 79 29 think
2159 543 61 28 that
2233 543 70 27 from
2317 543 134 36 anything
2465 545 60 28 that
2539 545 64 28 took
2624 546 75 37 place

2067 588 28 23 at
2107 583 132 27 Oxnam's
2252 582 61 27 that
2327 582 133 27 Smithers
2474 587 57 23 met
2554 585 66 26 with
2644 585 54 28 foul

2068 621 62 37 play
2144 620 165 36 subsequent
2325 625 27 22 to
2366 620 107 37 leaving
2486 621 46 28 the
2546 621 91 30 house.

2101 660 42 35 By
2173 659 47 27 the
2249 658 140 28 foreman:
2430 660 14 26 I
2470 665 101 24 cannot
2602 672 47 26 say
2680 662 23 27 if

2069 697 132 28 Smithers
2226 706 55 18 was
2305 697 78 27 sober
2403 698 81 27 when
2508 699 14 27 I
2548 700 84 28 heard
2658 700 41 27 his

2068 736 73 28 voice
2166 735 28 27 in
2221 735 142 28 Oxnam's.
2418 736 87 29 There
2528 747 70 19 were
2623 738 75 28 three

2068 775 78 27 other
2159 783 62 18 men
2234 775 29 26 in
2276 775 46 26 the
2337 774 47 27 bar
2403 775 65 27 with
2489 776 67 28 him.
2603 778 14 26 I
2630 779 69 25 have

2068 812 98 28 kuown
2186 811 130 27 deceased
2338 811 41 27 for
2393 813 40 26 six
2455 814 121 33 months,
2589 815 55 26 and
2665 815 35 27 do

2068 858 47 20 not
2127 849 81 28 think
2222 849 60 28 that
2296 849 33 28 he
2343 849 87 29 drank
2449 852 90 28 much.
2585 853 44 28 He
2653 853 47 28 left

2069 889 129 25 Oxnam's
2211 887 83 27 abo'at
2306 889 16 25 8
2335 888 103 26 o'clock
2451 890 28 25 iu
2493 890 45 26 the
2552 893 123 32 evening.

2102 925 105 38 George
2220 923 96 31 Pulilen
2329 933 6 21 :
2355 924 15 30 I
2383 935 45 20 am
2442 936 15 20 a
2472 926 89 30 miner
2581 928 119 36 resid.ng

2068 969 28 23 at
2110 966 94 33 Upper
2218 965 102 27 Builer.
2358 966 13 25 I
2385 967 125 27 recollect
2525 969 112 34 Sunday
2651 969 47 27 3rd

2070 1002 113 28 October
2207 1003 61 26 last.
2317 1002 15 27 I
2351 1011 55 19 was
2425 1008 28 22 at
2473 1004 130 29 Oxnam's
2626 1006 74 28 hotel

2068 1041 59 28 that
2147 1041 143 28 afternoon
2313 1041 53 27 and
2393 1051 53 18 saw
2472 1053 16 17 a
2512 1053 65 19 man
2599 1046 99 26 named

2070 1079 132 27 Smithers
2213 1079 84 28 there.
2334 1079 57 28 The
2404 1080 70 37 body
2490 1082 12 26 1
2518 1082 68 28 have
2598 1084 102 27 viewed

2068 1117 94 37 to-day
2175 1117 15 28 I
2204 1117 103 29 believe
2321 1122 26 24 to
2362 1119 31 28 be
2407 1119 51 29 his.
2507 1121 14 27 I
2536 1121 54 29 had
2609 1132 16 18 a
2638 1133 45 17 con-

2070 1156 134 27 versation
2230 1156 66 26 with
2322 1156 127 27 deceased
2474 1158 61 27 that
2557 1161 143 26 afternoon

2070 1190 48 32 but
2148 1192 105 30 neither
2283 1194 102 33 myself
2412 1204 50 19 nor
2492 1205 108 29 anyone
2626 1198 75 29 there

2068 1231 152 36 quarrelkd
2232 1232 66 28 with
2311 1232 57 28 h'm
2414 1234 89 28 Tli3re
2517 1246 68 17 were
2600 1237 61 28 four
2674 1239 29 25 of

2070 1279 30 18 us
2113 1269 86 34 there,
2213 1270 54 27 and
2283 1280 37 18 we
2334 1281 69 18 were
2416 1272 106 38 talking
2535 1274 55 28 and
2601 1275 101 35 having

2069 1307 102 28 drinks.
2209 1309 13 26 I
2236 1308 47 28 left
2296 1309 84 28 about
2392 1311 62 27 7.30
2474 1311 27 27 in
2517 1312 46 28 the
2586 1315 116 32 evening

2070 1355 27 20 in
2110 1356 136 28 company
2260 1347 67 28 with
2343 1348 134 30 Smithers
2501 1351 53 28 and
2575 1351 125 31 Hanseu.

2069 1385 111 28 X-asked
2194 1385 135 29 Smithers
2341 1387 62 28 how
2418 1389 32 27 he
2461 1399 54 18 was
2528 1400 27 19 io
2566 1397 44 28 get
2619 1392 81 27 home

2070 1432 28 19 as
2112 1425 45 27 the
2171 1424 71 27 river
2256 1433 54 19 was
2325 1433 64 28 very
2408 1426 75 36 high.
2520 1428 45 29 He
2578 1429 57 28 told
2657 1439 43 18 me

2070 1462 59 30 that
2140 1462 21 29 if
2172 1462 65 37 they
2251 1462 45 29 did
2310 1469 47 24 not
2371 1474 76 20 come
2460 1476 63 19 over
2545 1467 115 38 for,kim
2673 1469 29 29 in

2072 1506 43 25 ten
2137 1510 120 20 minutes
2277 1502 34 27 he
2336 1504 91 27 would
2451 1507 77 26 swim
2552 1506 45 28 the
2621 1508 79 27 river.

2071 1540 88 28 When
2176 1549 41 18 we
2237 1540 45 27 left
2302 1540 46 29 the
2366 1540 76 29 hotel
2467 1552 40 19 we
2531 1545 106 28 walked
2662 1549 26 25 to-

2070 1578 93 35 gether
2176 1578 70 27 until
2267 1588 40 18 we
2330 1585 57 23 met
2413 1580 137 35 Peterson,
2564 1584 61 27 who
2647 1594 55 17 was

2070 1617 96 35 riding.
2202 1616 15 27 I
2227 1616 64 28 then
2303 1617 47 28 left
2361 1618 47 28 the
2420 1629 135 28 company
2566 1622 54 27 and
2630 1626 72 24 went

2071 1664 34 19 on
2130 1659 27 25 to
2180 1655 57 28 Mrs
2262 1655 169 36 Husband's,
2453 1659 90 28 where
2570 1660 14 28 I
2604 1662 96 28 reside.

2072 1693 110 35 Shortly
2207 1694 70 27 after
2299 1695 15 26 I
2338 1696 106 27 arrived
2465 1697 81 28 home
2571 1699 130 28 Peterson

2071 1731 51 28 and
2137 1731 114 28 Hansen
2265 1740 77 20 came
2356 1732 28 29 in
2398 1733 55 29 and
2467 1736 139 29 remain-d
2626 1737 76 29 there

2070 1770 40 29 for
2123 1770 93 36 nearly
2230 1779 35 19 an
2279 1770 78 29 hour.
2394 1773 15 27 I
2423 1773 68 29 have
2505 1784 35 19 no
2555 1785 96 20 reason
2674 1780 28 25 to

2071 1808 78 28 think
2173 1808 61 28 that
2254 1809 134 29 Smithers
2411 1820 77 19 cama
2508 1812 35 37 by
2557 1813 43 30 his
2621 1815 81 28 death

2072 1846 116 36 through
2202 1846 56 28 foul
2272 1846 73 37 play.

2105 1886 42 36 By
2160 1887 46 27 the
2219 1885 136 29 Coronor:
2375 1887 15 28 I
2401 1887 83 31 heard
2495 1889 61 30 that
2568 1891 135 30 Smithers

2072 1934 54 18 was
2138 1925 115 34 missiug
2261 1935 34 17 on
2311 1926 46 28 the
2370 1926 140 37 following
2521 1930 125 36 Tuesday
2655 1932 47 27 sth

2071 1963 111 26 instant.
2220 1962 56 28 Not
2287 1962 81 34 being
2378 1964 59 28 able
2448 1968 27 24 to
2487 1967 77 27 swim
2579 1968 15 26 I
2603 1973 100 23 cannot

2072 2000 66 27 form
2150 2008 34 19 an
2191 1999 62 28 idea
2263 2001 30 28 of
2300 2001 46 28 the
2357 2002 145 37 feasibility
2508 2005 30 27 of
2548 2007 155 36 swimming

2072 2038 45 27 the
2130 2038 95 27 Builer
2237 2039 71 27 river
2325 2040 80 27 when
2418 2043 28 26 in
2467 2042 81 29 flood.
2594 2045 15 27 I
2622 2055 81 18 never

2072 2075 83 29 heard
2167 2075 30 29 of
2209 2076 134 30 Smithers
2355 2078 102 38 having
2469 2081 152 36 quarrelled
2636 2083 66 28 with

2065 2116 1 33 i
2072 2124 107 25 anyone
2192 2116 28 26 in
2235 2116 46 26 the
2295 2116 113 28 district.

2105 2152 105 28 Arthur
2234 2152 153 30 Husband:
2417 2155 14 29 I
2452 2165 45 20 am
2519 2166 16 20 a
2554 2159 91 30 miner
2663 2170 26 18 re-

2072 2191 89 36 siding
2174 2196 27 24 at
2216 2191 95 38 Upper
2325 2193 101 30 Buller.
2464 2196 42 29 On
2521 2198 112 38 Sunday
2655 2201 49 28 3rd

2073 2230 115 28 October
2197 2231 14 26 I
2224 2239 56 19 was
2288 2234 28 24 at
2338 2232 89 29 home.
2464 2236 91 28 About
2576 2239 16 27 8
2602 2238 103 29 o'clock

2074 2269 59 28 that
2163 2269 116 36 evening
2309 2273 54 26 two
2392 2281 65 21 men
2489 2274 130 31 Peterson
2650 2278 55 27 and

2074 2307 114 28 Hansen
2203 2316 77 21 came
2293 2311 29 26 to
2335 2319 50 19 our
2397 2311 85 30 house
2499 2315 54 28 and
2565 2316 139 29 remained

2074 2346 82 28 about
2168 2355 36 18 an
2217 2346 78 29 hour.
2333 2348 90 29 While
2446 2351 65 37 they
2525 2363 69 19 were
2617 2355 88 28 inside

2075 2384 134 29 Srnitliers
2222 2393 76 20 came
2311 2389 27 26 to
2352 2387 46 29 the
2411 2388 67 30 door
2491 2391 96 30 looked
2599 2393 30 29 in
2650 2394 54 28 and

2075 2424 95 35 passed
2184 2433 75 19 some
2274 2425 73 35 joke.
2385 2427 44 28 He
2452 2429 63 28 then
2535 2438 73 21 went
2628 2443 77 25 away

2075 2461 116 28 towards
2205 2462 114 29 Smith's
2331 2462 81 39 ferry.
2450 2466 76 39 They
2546 2470 109 29 seemed
2677 2477 27 22 to

2076 2500 29 28 be
2119 2500 70 35 good
2210 2500 112 35 friends,
2336 2506 133 33 appeared
2489 2509 90 35 partly
2601 2519 36 18 on
2659 2511 45 28 the

2075 2547 83 26 spree.
2191 2539 135 27 Smithers
2337 2544 134 33 appeared
2481 2545 45 28 the
2538 2551 71 24 most
2620 2548 84 27 sober.

2075 2576 113 29 Hansen
2202 2577 54 28 and
2269 2577 130 31 Peterson
2418 2584 140 29 remained
2580 2596 34 19 an
2637 2587 70 29 hour

2076 2616 68 27 after
2165 2616 135 29 Smithers
2321 2619 56 33 left,
2391 2621 55 27 and
2467 2623 80 29 when
2570 2626 66 36 they
2660 2627 46 27 did

2076 2654 74 28 leave
2165 2655 63 27 took
2241 2664 16 19 a
2278 2655 126 31 diiierent
2417 2660 65 27 road
2504 2666 26 24 to
2544 2663 60 29 that
2624 2665 82 28 taken

2076 2693 34 36 by
2124 2693 138 28 deceased.
2299 2693 58 30 The
2372 2695 71 38 body
2456 2698 13 28 I
2487 2702 103 28 viewed
2612 2704 94 36 to-day

2076 2732 14 27 I
2103 2732 102 28 believe
2218 2737 27 23 to
2259 2732 33 29 be
2305 2733 60 29 that
2378 2736 30 27 of
2419 2737 141 31 Smithers.

2109 2770 112 27 Charles
2239 2771 137 28 Bowden:
2414 2774 15 26 I
2459 2785 45 19 am
2535 2787 15 18 a
2576 2780 130 29 Mounted

2076 2807 144 29 Constable
2239 2808 31 29 of
2288 2809 97 36 Police,
2410 2815 135 30 stationed
2568 2824 28 22 at
2618 2819 88 38 Lyell.

2076 2848 41 27 On
2131 2847 121 36 Monday
2271 2848 53 28 last
2345 2851 22 26 it
2389 2859 56 21 Was
2467 2858 125 32 reported
2613 2863 28 23 to
2663 2869 44 17 me

2076 2885 59 28 that
2146 2894 15 18 a
2176 2885 70 36 body
2259 2895 57 18 was
2328 2886 113 40 floating
2453 2891 28 28 in
2495 2894 46 27 the
2564 2896 80 29 river.
2694 2898 13 27 I

2076 2923 127 30 searched
2216 2924 46 29 the
2276 2925 79 37 body.
2393 2928 35 28 In
2450 2931 45 29 the
2510 2932 46 31 left
2580 2939 126 25 trousers'

2071 2961 100 49 ipcket
2184 2963 14 26 I
2210 2962 86 29 fouud
2308 2973 15 18 a
2337 2966 60 35 clay
2409 2968 62 36 pipe
2483 2979 5 24 ;
2507 2972 30 27 in
2552 2973 45 28 the
2619 2975 88 28 watch

2076 2999 95 37 jacket
2185 3003 28 24 ot
2234 3001 47 28 the
2303 3007 60 23 vest
2382 3012 16 19 a
2420 3005 66 29 false
2509 3011 75 27 tooth
2599 3020 6 25 ;
2632 3013 76 27 there

2074 3047 57 19 was
2156 3048 15 18 a
2191 3038 54 28 belt
2264 3040 54 27 and
2338 3041 124 30 leathern
2484 3047 98 29 sheath
2605 3059 33 18 on
2662 3050 46 28 the

2075 3076 80 37 body,
2169 3076 90 28 which
2281 3078 14 26 I
2317 3080 147 37 positively
2482 3085 115 38 identify
2615 3097 30 19 as
2665 3088 28 28 be-

2076 3115 110 35 longing
2206 3121 26 21 to
2256 3114 139 32 deceased.
2441 3121 88 30 There
2550 3134 70 20 were
2644 3127 64 31 only

2076 3153 45 29 the
2134 3154 120 28 remaius
2267 3155 30 27 of
2307 3165 16 18 a
2337 3161 58 25 vest
2408 3160 54 27 and
2476 3166 118 27 trousers
2619 3165 89 29 which

2076 3202 104 18 answer
2188 3193 46 27 the
2246 3193 164 36 description
2421 3198 31 27 of
2462 3200 45 27 the
2519 3203 103 28 clothes
2634 3212 73 20 worn

2075 3230 36 36 by
2123 3230 139 29 deceased.
2298 3231 58 29 The
2370 3242 96 22 reason
2488 3239 14 27 I
2524 3240 115 38 identify
2663 3242 46 29 the

2077 3269 53 28 belt
2143 3280 28 18 so
2185 3269 145 37 positively
2351 3272 23 27 is
2396 3273 113 32 because
2530 3279 130 29 deceased
2681 3285 28 24 at

2075 3317 50 18 one
2139 3308 66 27 time
2218 3307 80 28 while
2312 3309 15 26 I
2340 3318 56 20 was
2417 3321 36 19 on
2474 3314 68 38 duty
2554 3318 29 27 in
2601 3318 85 37 Hamp-

2076 3345 52 30 den
2152 3345 105 30 desired
2283 3350 27 25 to
2335 3348 103 38 change
2467 3352 68 31 belts
2559 3357 67 28 with
2655 3367 52 18 me.

2075 3386 107 33 Among
2196 3384 42 28 hi*
2249 3384 83 28 books
2343 3396 15 17 a
2370 3396 82 27 paper
2462 3391 82 30 taken
2556 3397 153 32 possession

2075 3422 29 29 of
2115 3422 36 37 by
2164 3431 44 19 me
2222 3422 14 28 I
2256 3422 85 29 found
2355 3425 60 29 that
2429 3428 32 29 he
2483 3440 56 19 was
2551 3442 16 18 a
2589 3433 118 29 married

2076 3471 64 19 man
2154 3461 54 28 and
2221 3461 55 28 had
2289 3471 15 18 a
2318 3463 60 29 wife
2392 3467 54 27 and
2464 3469 97 37 family
2583 3472 28 27 in
2634 3473 55 35 Eng-

2075 3500 73 28 land.
2185 3499 54 28 His
2252 3500 60 28 wife
2326 3511 55 19 was
2397 3513 34 19 an
2445 3512 109 25 actress.
2603 3511 45 28 He
2661 3511 47 29 left

2076 3550 14 18 a
2104 3539 57 29 will
2173 3539 28 28 in
2211 3539 129 36 England
2351 3542 66 29 with
2427 3555 16 18 a
2453 3547 63 28 firm
2528 3549 29 26 of
2566 3550 141 28 solicitors.

2076 3578 43 27 All
2131 3578 77 27 these
2230 3578 83 27 books
2333 3581 54 26 and
2409 3591 97 28 papers
2528 3586 14 27 I
2564 3587 70 28 have
2657 3591 38 24 tor-

2076 3616 106 29 warded
2222 3620 28 25 to
2292 3616 142 38 Inspector
2471 3622 175 38 Emmerson,
2677 3627 29 27 in

2076 3655 139 28 Hokitika.
2253 3655 58 27 The
2324 3666 48 26 age
2385 3660 30 25 of
2426 3660 130 30 deceased
2569 3665 89 27 would
2673 3665 31 27 bo

2075 3692 83 29 about
2175 3694 33 26 32
2229 3701 30 20 or
2280 3694 43 33 33,
2345 3696 55 27 and
2422 3698 70 29 from
2516 3700 45 29 the
2583 3702 126 36 frequent

2076 3731 78 29 times
2169 3731 15 28 I
2205 3730 71 30 have
2290 3741 62 19 seen
2372 3734 59 29 him
2452 3747 48 19 can
2523 3749 48 27 say
2593 3741 61 29 that
2674 3741 33 28 he

2076 3780 54 18 was
2143 3774 48 24 not
2204 3780 16 18 a
2233 3780 65 18 man
2311 3772 80 35 given
2405 3779 27 24 to
2446 3776 90 30 drink.
2574 3780 83 28 From
2671 3781 36 27 all

2076 3809 132 36 enquiries
2233 3809 15 27 I
2271 3811 81 28 made
2375 3814 73 28 since
2476 3816 154 29 deceased's
2655 3819 39 26 dis-

2076 3856 164 27 appearance
2254 3847 14 26 I
2281 3848 88 28 arrive
2382 3855 28 23 at
2423 3852 46 28 the
2480 3856 156 27 conclusion
2647 3856 59 27 that

2076 3885 33 28 he
2122 3890 56 24 met
2191 3884 43 29 his
2248 3885 82 29 death
2344 3888 36 37 by
2400 3889 143 41 drowning
2563 3893 82 30 while
2668 3899 26 24 at-

2076 3925 135 37 tempting
2235 3929 28 25 to
2288 3926 79 30 swim
2394 3929 45 29 the
2466 3931 94 29 Buller
2584 3934 71 28 river
2679 3934 28 28 in

2075 3968 79 28 flood.
2198 3965 46 39 [At
2257 3967 54 28 this
2324 3974 75 28 stage
2415 3969 30 27 of
2464 3970 45 28 the
2532 3972 176 36 proceedings

2075 4016 16 18 a
2103 4007 131 34 telegram
2248 4014 56 19 was
2320 4005 109 29 handed
2451 4010 27 25 to
2495 4009 46 27 the
2563 4010 144 28 Constable

2076 4045 69 28 from
2170 4043 42 30 Mr
2225 4043 33 29 R.
2283 4044 107 32 M'Nee,
2405 4045 159 38 Hampden,
2582 4049 29 26 in
2631 4047 76 39 reply

2076 4090 26 21 to
2116 4083 123 36 enquiry,
2248 4084 102 34 stating
2361 4085 60 26 that
2431 4095 36 17 on
2481 4086 45 27 the
2537 4086 55 27 2nd
2603 4087 105 28 instant

2076 4120 127 28 deceased
2213 4120 55 27 had
2279 4122 151 34 purchased
2440 4131 15 17 a
2465 4123 59 35 pair
2535 4123 29 28 of
2575 4123 132 28 balmoral

2077 4162 74 26 boots
2164 4158 55 28 and
2232 4169 15 17 a
2262 4158 101 38 striped
2376 4163 91 25 cotton
2478 4161 69 29 shirt
2560 4165 27 24 at
2601 4162 45 28 the
2659 4163 31 27 Co-

2075 4198 135 36 operative
2224 4200 92 35 store.J
2359 4197 145 29 Coustable
2514 4200 122 27 Bowden
2645 4210 47 18 con-

2075 4237 93 28 tinued
2178 4243 6 20 :
2205 4235 57 28 The
2275 4236 68 28 shirt
2356 4245 30 19 or
2399 4238 107 34 portion
2519 4237 30 29 of
2569 4247 75 20 same
2657 4238 22 30 is
2693 4249 15 18 a

2076 4275 100 35 striped
2189 4278 92 23 cotton
2294 4284 60 18 one.
2393 4275 87 28 There
2495 4285 68 19 were
2583 4285 36 19 no
2633 4277 76 28 boots

2076 4323 33 20 on
2122 4314 46 29 the
2180 4311 82 38 body.

2109 4353 57 26 The
2189 4353 63 34 jury
2276 4353 101 27 retired
2397 4353 54 28 and
2473 4354 118 35 brought
2610 4356 28 25 in
2664 4355 45 28 the

2076 4390 137 34 following
2224 4390 118 27 verdict:
2388 4390 73 27 That
2474 4391 37 26 H.
2524 4392 34 26 E.
2570 4391 136 28 Smithers

2078 4438 53 19 was
2144 4426 86 30 found
2251 4428 69 29 dead
2342 4428 29 29 in
2392 4428 47 29 the
2461 4429 97 29 Buller
2579 4430 72 29 river
2674 4440 33 19 on

2076 4467 149 29 December
2237 4468 48 27 6th
2305 4469 52 27 last
2379 4468 48 28 but
2448 4469 59 27 that
2533 4469 75 28 there
2627 4471 24 26 is
2674 4480 35 17 no

2075 4507 127 27 evidence
2215 4510 28 23 to
2257 4507 75 27 show
2345 4506 61 28 how
2420 4516 30 18 or
2462 4516 37 19 on
2509 4509 75 27 what
2596 4508 63 28 date
2676 4509 33 27 he

2076 4549 56 22 met
2144 4544 43 27 his

2130 4628 83 32 THE
2243 4628 189 31 MIDLAND
2457 4629 199 32 RAILWAY.

2115 4725 55 32 We
2181 4725 58 40 clip
2250 4724 50 32 the
2307 4724 165 41 paragraph
2483 4725 96 32 which
2589 4736 122 31 appears

2077 4769 93 33 below
2184 4769 109 40 having
2302 4769 148 31 reference
2465 4771 31 29 to
2511 4769 50 31 the
2577 4770 135 31 Midland

2078 4814 132 40 Railway
2223 4813 76 31 from
2314 4812 50 32 the
2378 4812 153 41 Lyttelton
2557 4814 99 31 Times
2684 4816 28 30 of

2080 4856 145 43 Saturday
2239 4856 67 38 last,
2319 4856 54 31 4th
2384 4856 123 32 instant.
2551 4856 62 33 The
2625 4857 86 32 Press

2078 4901 183 31 Association
2284 4901 145 37 talegram
2453 4901 98 30 which
2572 4912 59 19 was
2654 4902 42 30 for-

2077 4942 116 33 warded
2215 4941 71 32 here
2311 4952 38 21 on
2373 4941 109 42 Friday
2505 4941 86 41 night
2616 4943 96 31 stated

2077 4988 65 31 that
2156 4987 23 31 it
2206 4997 59 21 was
2289 4986 96 40 hoped
2408 4986 66 32 that
2497 4985 39 41 by
2560 4986 151 41 February

2077 5032 70 30 next
2174 5030 168 41 operations
2370 5030 97 31 would
2494 5029 36 32 be
2557 5030 32 30 in
2655 5030 54 31 full

2077 5075 93 39 swing
2193 5074 89 40 along
2295 5074 51 31 the
2528 5073 97 32 which
2650 5075 43 31 evi-

2078 5119 100 40 dently
2205 5118 126 30 referred
2345 5120 31 28 to
2390 5117 67 31 that
2470 5117 115 41 portion
2610 5117 31 31 of
2660 5118 51 31 the

2077 5163 60 32 line
2157 5162 133 33 between
2316 5162 192 32 Brunnerton
2541 5161 58 32 and
2625 5162 68 33 Tere-

2077 5206 119 31 makau.
2239 5206 62 31 The
2317 5206 98 29 Times
2431 5208 160 28 statement
2605 5206 24 30 is
2644 5206 32 31 of
2694 5216 17 20 a

2077 5250 44 32 far
2145 5260 80 20 more
2250 5248 200 41 encouraging
2473 5249 161 37 character,
2660 5249 50 31 the

2079 5293 191 33 substitution
2295 5293 31 31 of
2347 5293 51 31 the
2425 5293 80 31 word
2667 5293 44 31 for

2109 5338 111 32 section
2279 5336 100 41 giving
2403 5347 17 21 a
2444 5336 106 42 totally
2574 5337 135 32 different

2076 5381 121 39 reading
2221 5383 30 28 to
2276 5380 50 31 the
2350 5383 147 28 sentence.
2554 5381 61 30 Our
2642 5392 50 19 con-

2076 5427 167 40 temporary
2267 5435 91 30 says>
2384 5423 48 32 Mr
2456 5423 40 33 H.
2523 5423 76 33 Alen
2626 5424 83 34 Scott

2075 5468 139 30 returned
2228 5468 76 29 from
2325 5468 48 28 his
2397 5468 58 37 trip
2469 5468 76 29 from
2560 5468 50 30 the

2077 5510 87 34 Coast
2180 5521 38 22 on
2234 5509 154 42 Thursday
2402 5509 96 42 night.
2542 5510 45 33 On
2605 5510 84 33 Satur-

2077 5556 55 39 day
2147 5554 66 36 last,
2230 5554 31 29 in
2284 5563 145 31 company
2451 5554 72 30 with
2547 5554 109 31 Messrs
2671 5555 35 30 R.

2078 5597 154 38 Gard'ner,
2258 5597 127 42 Borgen,
2410 5597 58 32 and
2495 5597 109 42 Napier
2631 5598 75 38 Bell,

2075 5643 37 30 he
2126 5642 85 30 made
2227 5651 38 21 an
2279 5641 165 40 inspectian
2458 5642 32 30 of
2501 5642 51 30 the
2566 5646 83 27 route
2664 5643 45 31 for

2076 5689 48 30 tne
2139 5684 112 33 section
2270 5685 32 33 of
2323 5684 60 34 line
2406 5687 30 31 to
2460 5685 36 33 be
2520 5686 187 33 constructed

2074 5730 75 31 from
2177 5729 190 30 Brunnerten
2389 5729 127 31 towards
2541 5729 50 31 the
2620 5730 68 31 Tere-

2074 5772 117 32 makau.
2234 5771 63 33 The
2319 5774 124 40 country
2465 5772 25 32 is
2512 5772 86 43 fairly
2620 5773 85 38 level,

2074 5816 65 33 well
2163 5815 152 37 timbered,
2333 5816 58 30 and
2405 5816 60 32 will
2480 5819 51 29 not
2547 5816 34 32 be
2596 5817 37 40 by
2648 5827 57 30 any

2726 209 103 21 means
2844 197 124 36 difficalt
2984 204 30 29 to
3029 201 78 33 work
3132 201 40 33 in.
3191 197 3 38 '
3216 201 62 34 The
3293 209 53 25 coil-

2727 246 123 27 tractors
2864 244 75 31 have
2954 245 73 30 been
3043 247 102 38 placed
3154 247 31 30 in
3196 247 165 39 possession

2727 285 32 32 of
2770 285 50 32 the
2836 286 71 32 land
2921 288 134 40 required
3072 289 44 31 for
3130 289 50 32 the
3196 289 90 38 track,
3304 289 58 31 and

2727 329 74 31 have
2837 332 136 39 accepted
3008 343 17 21 a
3059 333 104 32 tender
3196 334 44 31 for
3285 335 77 30 2500

2728 372 135 42 sleepers.
2920 375 95 33 These
3043 388 48 21 are
3117 380 30 29 to
3171 378 35 32 be
3232 378 71 31 used
3331 378 30 30 in

2727 418 180 41 completing
2921 430 17 19 a
2964 420 87 31 small
3067 421 169 33 unfinished
3251 422 110 31 section

2727 461 31 31 of
2770 462 59 32 line
2844 464 86 30 made
2945 463 38 42 by
3001 464 46 33 the
3069 465 203 33 Government
3287 466 75 32 from

2726 505 200 33 Brunnerton.
2970 508 62 31 The
3054 511 200 31 construction
3269 511 32 31 of
3312 511 50 30 the

2726 548 94 33 whole
2846 551 120 37 section,
2993 554 180 40 twenty-five
3197 555 95 36 miles,
3308 558 55 27 lias

2727 593 74 30 been
2825 594 116 31 divided
2966 595 37 41 by
3033 595 50 33 the
3104 602 181 27 contractors
3300 602 64 27 into

2726 636 101 32 eleven
2840 637 225 40 sub-contracts,
3074 642 118 31 tenders
3207 642 44 32 for
3266 642 99 31 which

2726 681 61 30 will
2803 681 33 31 be
2851 682 94 31 called
2959 684 163 33 forthwith.
3164 687 29 30 It
3213 687 25 30 is
3260 687 88 30 antici-

2727 725 86 40 pated
2839 725 64 32 that
2928 728 167 39 operations
3114 730 60 30 will
3199 730 35 32 be
3258 731 32 30 in
3309 731 54 30 full

2727 769 96 39 swing
2836 770 41 30 all
2891 770 91 40 along
2996 772 50 31 the
3061 773 60 31 line
3145 774 39 39 by
3211 774 153 42 February

2727 816 80 26 next.
2820 831 19 3 -
2851 812 111 32 Nelson
2978 814 136 43 Evening
3129 817 82 31 Mail.

2816 905 147 32 OPEN
3018 907 246 36 COLUMN.

3039 974 17 19 o

2731 1012 47 28 We
2802 1021 48 19 are
2870 1014 30 26 at
2920 1013 39 27 all
2982 1014 79 28 times
3081 1016 87 37 ready
3189 1019 26 26 to
3237 1018 61 35 give
3319 1028 28 18 ex-

2757 1051 127 35 pression
2899 1054 26 25 to
2938 1062 79 26 every
3029 1054 86 28 shade
3128 1065 30 26 oj
3170 1056 124 35 opinion,
3308 1058 58 26 and

2764 1089 44 28 the
2822 1089 153 30 discussion
2990 1091 34 37 of
3042 1093 39 27 all
3095 1096 114 26 matters
3224 1096 34 35 of
3268 1096 97 35 public

2761 1129 125 31 interest,
2901 1130 48 27 but
2964 1131 29 26 in
3008 1141 33 16 no
3055 1142 60 17 case
3128 1133 35 26 do
3172 1144 39 16 we
3225 1135 66 25 hold
3301 1145 45 17 our-

2762 1167 83 25 selves
2860 1168 165 34 responsible
3037 1169 53 35 for
3104 1170 43 26 the
3160 1172 161 27 sentiments
3335 1174 35 35 of

2763 1214 52 18 our
2827 1207 235 34 correspondents.

2792 1280 175 30 CENTRAL
2985 1280 144 41 BULLER
3153 1280 145 41 FERRY.

2747 1382 43 38 [to
2810 1392 56 19 the
2886 1393 103 20 editor
3008 1396 33 18 of
3060 1395 55 20 the
3135 1397 88 19 lyell
3243 1390 104 37 times.]

2764 1430 131 29 Sis.At
2926 1432 45 28 the
3004 1433 111 29 Central
3145 1435 95 29 Buller
3280 1437 84 37 Ferry

2729 1468 75 30 there
2826 1469 24 29 is
2869 1479 35 19 no
2927 1471 79 29 other
3025 1474 113 28 method
3159 1474 41 29 for
3219 1468 146 45 signifying

2729 1518 68 25 your
2810 1508 134 29 iutentiou
2959 1510 30 28 of
2999 1512 121 35 crossing
3135 1513 45 28 the
3193 1514 72 27 river
3278 1515 87 28 either

2731 1547 33 35 by
2780 1546 63 28 boat
2855 1556 31 19 or
2907 1553 70 30 punt
2989 1549 78 29 other
3081 1550 66 28 than
3161 1552 35 36 by
3218 1552 81 36 being
3321 1554 44 27 the

2730 1594 137 26 possessor
2879 1586 30 27 of
2915 1596 16 18 a
2942 1596 64 27 very
3017 1589 73 36 lusty
3100 1590 59 35 pair
3167 1591 30 27 of
3208 1591 81 35 lungs
3300 1592 64 33 and,

2730 1622 128 38 shouting
2870 1629 47 22 out
2943 1626 65 27 with
3023 1627 35 27 all
3079 1637 70 26 j-our
3171 1629 91 34 might
3287 1639 31 18 or
3338 1631 30 26 of

2729 1661 138 37 thrusting
2876 1672 70 26 your
2958 1664 100 35 fingers
3069 1667 28 27 in
3109 1676 69 27 your
3192 1668 96 28 mouth
3300 1669 64 32 and,

2730 1700 80 35 being
2822 1701 59 27 able
2894 1706 27 23 to
2935 1702 36 27 let
2983 1708 48 23 out
3043 1713 36 18 an
3090 1714 52 18 uue
3153 1705 83 35 irthly
3247 1707 117 31 whistle,

2730 1741 27 25 to
2770 1737 52 29 call
2836 1737 47 29 the
2902 1739 163 37 ferryman's
3090 1743 135 28 attention
3246 1748 27 25 to
3296 1754 70 28 your

2730 1777 95 28 dasire.
2868 1777 30 29 If
2905 1788 55 27 you
2981 1790 46 19 are
3048 1786 49 23 not
3114 1782 46 28 the
3182 1792 140 26 possessor
3340 1785 29 26 of

2730 1815 46 27 the
2789 1816 79 34 lungs
2883 1817 113 28 referred
3011 1823 37 29 to,
3059 1820 55 27 and
3124 1821 77 27 don't
3214 1820 79 29 know
3305 1822 60 28 how

2731 1859 26 23 to
2771 1853 116 35 whistle,
2900 1855 65 28 then
2979 1866 71 26 your
3071 1860 118 35 position
3208 1858 23 28 is
3251 1860 112 29 awkard

2730 1891 105 35 indeed,
2850 1903 69 27 your
2931 1895 65 37 only
3016 1896 161 30 alternative
3189 1898 23 28 is
3228 1898 88 30 either
3338 1908 28 21 to

2730 1931 57 27 risk
2804 1933 108 33 fouling
2929 1934 47 27 the
2995 1935 79 32 river,
3088 1945 30 19 or
3138 1938 62 26 wait
3225 1938 42 26 till
3291 1948 75 18 some

2731 1976 98 27 person
2842 1979 92 18 comes
2947 1971 82 35 along
3046 1973 63 29 who
3122 1975 23 26 is
3164 1975 47 27 the
3229 1975 137 28 fortunate

2731 2016 92 19 owner
2835 2008 29 27 of
2872 2008 46 28 the
2931 2009 86 30 above
3029 2011 159 30 mentioned
3209 2012 90 35 luugs,
3313 2014 54 28 and

2731 2054 51 18 can
2795 2046 116 28 whistle.
2949 2048 57 28 The
3020 2053 101 24 matter
3135 2050 73 28 lam
3222 2051 45 28 led
3281 2057 28 23 to
3323 2052 28 27 be-

2731 2082 68 30 lieve
2812 2084 79 28 could
2902 2084 31 30 be
2947 2095 66 27 very
3024 2088 83 34 easily
3121 2089 139 28 remedied
3274 2089 36 37 by
3321 2090 45 28 the

2731 2122 118 27 erection
2874 2124 29 26 of
2926 2133 16 17 a
2968 2124 62 33 bell,
3044 2126 90 27 which
3153 2128 91 27 would
3264 2128 31 27 be
3321 2129 47 27 the

2731 2159 65 37 only
2818 2160 103 38 outlay,
2941 2171 30 19 as
2990 2172 16 19 a
3025 2162 52 30 bell
3096 2164 61 29 that
3175 2175 56 19 was
3252 2166 69 29 used
3339 2166 29 29 in

2731 2199 101 28 former
2844 2210 80 26 years
2943 2206 28 24 at
2989 2202 47 28 the
3057 2204 164 29 Matakitaki
3240 2206 86 36 Ferry
3345 2206 25 27 is

2731 2246 62 18 now
2824 2238 77 36 lying
2932 2244 28 24 at
2991 2241 107 29 Rowe's
3128 2244 240 28 accommodation

2732 2276 92 32 house,
2837 2277 159 38 Hampden,
3011 2280 54 28 and
3084 2284 28 25 to
3131 2282 37 28 all
3187 2282 104 28 intents
3314 2283 55 27 and

2733 2324 129 27 purposes
2880 2318 114 36 rusting.
3043 2319 28 29 It
3089 2320 23 28 is
3132 2321 47 28 the
3199 2326 129 31 property
3343 2322 29 27 of

2733 2353 45 28 the
2787 2354 165 33 Inangahua
2962 2356 109 37 County
3081 2359 123 33 Council,
3211 2359 55 28 and
3276 2360 92 33 surely

2733 2390 45 30 the
2796 2393 177 36 expenditure
2987 2394 30 29 of
3035 2405 16 19 a
3069 2396 50 29 few
3138 2398 108 36 pounds
3265 2397 100 30 should

2732 2436 48 22 not
2804 2436 113 30 prevent
2937 2434 60 28 thot
3016 2434 72 36 body
3106 2436 71 27 from
3202 2437 96 35 taking
3323 2437 45 27 the

2733 2471 99 26 matter
2844 2470 28 28 in
2888 2469 82 35 hand,
2984 2471 53 29 and
3048 2472 113 38 Adding
3182 2484 15 18 a
3210 2479 76 30 great
3307 2484 46 19 con-

2733 2509 129 28 venience
2884 2513 28 24 to
2937 2510 46 29 the
3010 2521 84 26 many
3114 2523 98 26 perons
3237 2514 62 28 who
3324 2524 46 18 are

2733 2547 155 36 constantly
2902 2548 80 36 using
2996 2549 45 28 the
3055 2550 134 37 ferry.l
3202 2561 56 23 am,
3272 2552 46 27 &c.

3176 2590 160 30 Observer.

2768 2623 160 37 Hampden,
2942 2625 48 28 9th
3004 2626 160 36 December,
3178 2630 77 27 1886.

2852 2713 194 35 REEFTON
3074 2716 177 34 LETTER.

2806 2821 84 36 (FliOtf
2902 2829 56 21 OUR
2971 2830 61 21 OWN
3046 2826 254 36 CORRESPONDENT.)

2938 2869 191 34 Wednesday,
3151 2873 149 27 December
3312 2875 25 26 8.

2770 2914 24 29 A
2805 2918 92 34 report
2921 2916 70 30 from
3020 2918 115 29 Reefton
3158 2929 72 25 now,
3256 2920 116 29 without

2737 2954 172 37 mentioning
2923 2956 45 28 the
2983 2957 95 33 Globe,
3092 2958 91 28 would
3197 2960 31 26 be
3250 2959 54 28 like
3327 2960 45 28 the

2735 2992 63 34 play
2812 2993 30 26 of
2866 2993 116 29 Hamlet
2994 2996 66 26 with
3076 2996 46 27 the
3137 2996 88 28 Ghost
3245 2997 48 27 left
3314 3003 58 23 out.

2737 3029 57 28 The
2809 3040 72 18 news
2904 3031 71 28 from
2998 3033 60 27 that
3080 3038 110 31 quarter
3210 3034 24 28 is
3253 3035 53 27 less
3328 3045 30 19 ox-

2737 3067 83 35 citing
2841 3068 68 28 than
2932 3072 86 32 usual,
3033 3071 47 27 the
3101 3078 109 21 returns
3231 3073 71 27 from
3325 3074 47 27 the

2736 3105 107 37 battery
2864 3106 42 28 for
2931 3107 46 29 the
2997 3109 52 27 last
3071 3114 54 23 two
3147 3110 98 32 weeks,
3269 3111 103 35 though

2735 3144 87 36 really
2834 3146 133 29 excellent
2981 3146 70 30 have
3064 3152 50 25 not
3134 3158 78 19 come
3225 3158 37 25 up
3282 3153 29 25 to
3325 3150 45 29 the

2737 3192 112 26 average
2858 3183 30 29 of
2899 3186 88 35 public
2998 3188 181 34 expectation,
3191 3188 55 27 ami
3259 3198 16 19 a
3287 3189 85 28 check

2737 3221 49 27 has
2800 3221 64 28 thus
2886 3222 67 29 been
2976 3224 81 35 given
3078 3229 28 24 to
3126 3226 46 28 the
3196 3227 174 28 excitement.

2737 3259 57 28 The
2818 3260 126 35 Progress
2958 3263 22 27 is
2993 3264 143 36 gradually
3149 3264 96 38 taking
3266 3275 17 19 a
3295 3267 77 35 place

2736 3297 28 27 in
2777 3298 91 36 public
2881 3299 105 35 favour,
3000 3302 46 26 the
3056 3303 118 34 position
3188 3304 30 26 of
3237 3304 47 27 the
3298 3304 74 28 mine

2736 3335 55 29 and
2803 3335 47 30 the
2863 3336 126 38 bearings
3002 3340 30 28 of
3052 3340 47 28 the
3111 3341 59 28 reef
3191 3341 104 37 having
3309 3353 61 19 now

2737 3379 61 22 torn
2811 3384 77 28 away
2901 3377 48 27 the
2961 3379 53 26 last
3027 3379 96 28 shreds
3137 3380 29 27 of
3176 3380 85 27 doubt
3275 3382 29 27 of
3314 3382 56 27 this

2737 3412 80 35 being
2839 3414 47 28 the
2908 3415 86 29 Globe
3014 3416 64 28 line.
3127 3417 108 37 During
3255 3419 46 27 the
3321 3419 51 28 last

2735 3450 99 36 flutter,
2849 3462 16 19 a
2887 3453 51 29 few
2961 3454 66 36 days
3041 3464 61 28 ago,
3113 3456 95 29 shares
3231 3457 141 30 advanced

2736 3495 27 22 to
2787 3491 58 34 Bs.;
2876 3491 56 29 this
2956 3502 56 19 was
3038 3494 101 29 caused
3165 3495 36 36 by
3226 3505 17 18 a
3267 3495 105 30 sudden

2735 3527 105 38 change
2859 3532 149 35 appearing
3028 3532 30 29 in
3079 3532 46 30 the
3144 3533 69 35 face,
3227 3534 46 29 the
3294 3541 78 23 stone

2735 3567 91 28 which
2841 3568 54 27 had
2908 3578 37 27 up
2957 3574 29 23 to
2999 3571 60 27 that
3070 3572 67 28 time
3150 3572 67 28 been
3234 3577 60 24 sent
3308 3582 64 20 over

2736 3604 44 29 the
2794 3605 124 38 tip-head
2933 3607 103 36 having
3059 3608 37 30 all
3119 3614 28 24 at
3170 3620 67 19 once
3260 3610 112 30 become

2737 3645 96 36 visibly
2852 3646 198 37 gold-bearing,
3064 3648 55 28 and
3141 3649 46 27 the
3210 3651 162 34 impression

2735 3682 98 35 gained
2846 3684 108 34 ground
2968 3685 61 28 that
3041 3686 47 27 the
3106 3687 84 27 strike
3213 3687 30 28 of
3261 3688 94 35 golden-

2736 3725 76 23 stone
2826 3724 56 26 met
2906 3722 66 28 with
2995 3723 29 28 in
3047 3723 47 29 the
3116 3725 87 28 Globe
3224 3726 57 28 had
3302 3726 69 29 been

2736 3760 123 29 reached.
2907 3761 119 30 Further
3046 3764 137 36 enquiries
3202 3766 101 35 proved
3326 3766 46 29 the

2735 3798 105 37 change
2856 3803 27 25 to
2895 3800 33 28 be
2951 3801 70 35 good
3034 3802 49 28 but
3095 3806 50 25 not
3164 3804 81 35 equal
3259 3809 26 23 to
3308 3804 60 29 first

2735 3837 202 35 anticipations.
2951 3859 6 4 .
2988 3839 41 27 Its
3051 3840 96 35 steady
3169 3842 203 34 improvement

2736 3874 53 27 and
2814 3875 128 28 eventual
2969 3876 103 38 rivalry
3096 3878 32 27 of
3154 3878 47 28 the
3229 3879 87 29 Globe
3348 3881 23 27 is

2735 3912 96 29 looked
2843 3923 73 28 upon
2930 3914 36 37 by
2980 3915 46 29 the
3040 3917 133 36 sanguine
3190 3927 30 19 as
3242 3919 100 29 almost
3356 3930 16 18 a

2735 3953 143 35 certainty.

2770 3991 36 27 At
2815 3991 54 27 this
2878 4001 96 18 season
2982 3993 31 27 of
3023 3993 46 28 the
3078 4003 65 27 year
3153 4003 41 19 we
3206 4004 44 19 are
3263 3997 109 36 usually

2736 4028 104 29 blessed
2853 4029 66 28 with
2930 4040 16 18 a
2959 4040 147 19 concourse
3116 4032 30 29 of
3156 4032 116 34 visitors,
3285 4044 16 18 a
3312 4044 44 27 pre-

2736 4067 130 37 liminary
2878 4073 28 24 to
2921 4070 46 27 the
2981 4071 90 28 crowd
3091 4071 98 35 during
3202 4071 46 30 the
3269 4073 89 29 Christ-

2737 4114 59 18 mas
2806 4106 134 35 holidays.
2969 4108 87 27 These
3066 4110 139 34 generally
3215 4119 45 18 are
3273 4111 101 35 horsey

2737 4151 73 24 men,
2824 4151 75 21 more
2923 4153 31 19 or
2975 4144 52 29 less
3048 4146 150 29 connected
3219 4147 67 29 with
3309 4148 63 38 tips,

2737 4181 193 36 bookmaking,
2943 4184 55 27 and
3011 4184 158 35 jockeying.
3216 4186 69 27 This
3307 4197 67 24 year

2737 4220 22 26 is
2772 4228 35 19 no
2833 4221 151 36 exception,
2998 4221 48 29 but
3068 4221 65 38 they
3146 4233 45 19 are
3213 4223 53 30 lost
3278 4224 29 28 in
3327 4225 47 29 the

2737 4258 116 28 number
2866 4260 29 26 of
2912 4260 78 27 other
3008 4261 108 27 visitors
3128 4263 62 26 who
3213 4263 70 28 have
3305 4264 68 27 been

2738 4296 131 29 attracted
2880 4297 35 38 by
2925 4298 46 29 the
2984 4299 99 29 visions
3094 4299 30 28 of
3133 4300 100 30 wealth
3243 4301 131 38 conjured

2739 4345 33 27 up
2781 4336 36 36 by
2827 4337 46 28 the
2892 4339 170 35 unexpected
3075 4349 105 19 success
3191 4341 29 28 of
3231 4341 46 30 the
3288 4343 86 28 Globe

2738 4374 84 26 mine.
2859 4376 58 26 The
2930 4376 127 35 holidays
3071 4378 118 34 promise
3202 4381 28 24 to
3243 4378 33 27 be
3290 4379 83 32 brisk,

2739 4411 21 27 if
2776 4411 47 29 the
2853 4415 184 34 temperature
3060 4414 57 28 will
3142 4415 78 29 allow
3251 4425 16 19 a
3292 4417 82 36 slight

2739 4449 93 38 degree
2846 4451 30 29 of
2886 4451 120 38 hilarity,
3022 4453 48 28 but
3083 4454 46 28 the
3142 4454 65 29 heat
3220 4455 30 28 of
3261 4456 47 28 the
3321 4456 53 29 last

2740 4489 49 28 few
2802 4490 67 36 days
2887 4490 50 28 has
2958 4491 69 27 been
3049 4493 152 29 somewhat
3222 4493 152 35 abnormal,

2739 4527 54 27 and
2817 4537 17 18 a
2856 4528 111 35 copious
2988 4529 108 28 rainfall
3117 4531 90 27 would
3228 4531 33 28 be
3281 4532 93 37 gladly

2739 4565 147 28 welcomed
2900 4569 28 24 to
2941 4567 136 35 replenish
3090 4567 75 30 wells
3179 4568 54 28 and
3246 4570 60 27 cool
3327 4570 47 28 the

2739 4604 182 36 atmosphere.

2773 4642 107 36 During
2894 4644 45 27 the
2949 4644 76 28 week
3038 4644 46 28 the
3093 4644 94 28 Venus
3198 4645 110 37 battery
3317 4658 57 18 was

2740 4679 70 34 idle;
2833 4680 46 28 the
2900 4680 54 29 rise
2977 4685 28 24 to
3022 4681 47 29 the
3091 4687 118 23 western
3222 4684 59 28 reef
3293 4685 81 29 broke

2740 4719 117 36 through
2872 4724 27 22 to
2912 4719 47 28 the
2980 4719 106 29 bottom
3099 4720 29 28 of
3146 4721 46 28 the
3211 4722 96 33 winze,
3320 4724 54 28 and

2740 4766 54 19 was
2817 4761 29 24 at
2866 4766 67 19 once
2946 4767 35 19 on
3000 4761 86 25 stone.
3132 4759 100 29 Hands
3245 4770 46 19 are
3313 4771 61 19 now

2740 4795 120 37 engaged
2885 4795 118 37 opening
3027 4800 47 25 out
3098 4797 83 29 north
3205 4799 55 27 and
3283 4800 91 34 south,

2740 4833 54 27 and
2819 4844 29 17 as
2870 4834 55 27 this
2950 4839 77 23 stone
3053 4844 115 26 appears
3194 4841 28 23 to
3245 4837 32 28 be
3302 4839 27 26 of
3359 4849 15 17 a

2740 4872 121 36 superior
2874 4872 104 38 quality
2998 4872 47 30 the
3059 4873 84 30 result
3156 4874 57 29 will
3234 4874 139 32 doubtless

2739 4919 66 17 soon
2824 4912 33 25 be
2879 4921 61 17 seen
2957 4912 35 34 by
3009 4912 143 34 improved
3173 4918 108 22 returns
3304 4916 69 25 from

2740 4945 45 27 the
2799 4946 68 28 mill.
2904 4946 66 29 This
2984 4947 66 29 with
3071 4948 47 28 the
3131 4952 77 24 stone
3233 4949 71 29 from
3328 4951 46 28 the

2739 4988 107 25 eastern
2858 4988 58 26 reef
2925 4986 21 28 is
2956 4987 129 37 expected
3097 4997 26 19 to
3133 4988 68 37 keep
3211 4988 46 29 the
3267 4990 107 36 battery

2739 5023 114 33 steadily
2880 5025 150 36 employed.
3088 5026 79 27 Good
3197 5036 123 27 progress
3351 5030 23 26 is

2832 5061 80 30 made
2926 5063 65 29 with
3006 5064 47 29 the
3067 5065 52 28 low
3133 5065 67 28 level
3214 5066 105 29 tunnel.

2773 5100 58 27 The
2845 5101 74 26 main
2943 5102 72 28 shaft
3038 5105 28 25 in
3086 5103 47 28 the
3154 5105 46 26 Nil
3222 5105 134 35 Desperan-

2739 5136 64 28 dum
2828 5138 23 28 is
2876 5147 61 20 now
2960 5140 163 38 completed,
3146 5141 55 30 and
3225 5142 23 29 is
3273 5152 16 19 a
3313 5152 44 29 per-

2739 5176 159 36 pendicular
2921 5183 134 25 structure
3079 5182 40 27 6ft
3143 5183 55 26 6in.
3213 5192 17 17 x
3253 5182 39 29 3ft
3317 5185 55 25 Gin.

2739 5214 53 26 and
2806 5223 65 18 over
2892 5216 50 26 200
2959 5216 54 28 feet
3029 5218 77 36 deep.
3154 5220 24 26 A
3191 5219 48 28 flat
3261 5220 76 28 sheet
3351 5221 23 26 is

2738 5251 81 36 being
2831 5252 55 28 laid
2907 5258 28 23 at
2957 5254 46 29 the
3022 5254 78 30 brace
3125 5256 41 29 for
3187 5258 114 36 landing
3327 5260 45 27 the

2739 5291 99 29 trucks,
2858 5292 54 27 and
2930 5292 47 28 the
2997 5302 79 26 cages
3093 5294 77 35 hung
3187 5296 30 28 in
3241 5298 128 35 position.

2737 5329 24 28 A
2785 5332 133 34 tramway
2929 5330 23 28 is
2974 5331 81 35 being
3075 5332 105 30 formed
3203 5338 28 24 to
3256 5342 116 24 connect

2739 5367 44 28 the
2796 5370 75 24 mine
2884 5369 65 27 with
2964 5369 45 28 the
3024 5370 108 27 Wealth
3147 5372 115 35 battery,
3273 5375 54 26 and
3340 5376 28 26 in

2737 5414 15 20 a
2765 5405 76 29 short
2854 5406 64 28 time
2931 5406 162 38 everj'thing
3116 5408 54 29 will
3192 5409 32 29 be
3247 5411 83 37 ready
3344 5418 28 23 to

2737 5444 68 29 raise
2819 5447 85 25 stone.
2941 5445 57 28 The
3012 5453 95 28 quartz
3121 5457 35 18 on
3170 5448 45 27 the
3229 5450 104 28 surface
3349 5461 23 17 is

2737 5481 55 27 still
2819 5481 113 33 broken,
2958 5482 54 27 and
3038 5491 34 18 an
3095 5484 201 36 improvement
3320 5487 52 28 hits

2736 5519 69 29 been
2817 5519 116 29 noticed.

2770 5558 33 26 In
2817 5558 47 26 the
2878 5558 108 27 Wealth
2998 5559 29 26 of
3038 5559 115 28 Nations
3164 5561 46 26 the
3221 5561 89 28 hinds
3322 5572 46 18 are

2736 5595 120 38 engaged
2871 5595 130 38 breaking
3015 5602 47 24 out
3075 5603 78 24 stone
3163 5600 84 36 ready
3260 5601 42 28 for
3323 5602 47 29 the

2737 5636 66 25 mill.
2841 5635 65 26 This
2919 5637 23 24 is
2954 5636 70 26 from
3047 5637 46 26 the
3107 5637 79 26 block
3208 5638 85 36 lately
3316 5641 39 26 dis-

2735 5672 113 31 covered
2861 5673 28 28 in
2904 5672 45 29 the
2963 5672 106 30 Vulcan
3082 5675 107 35 ground
3226 5675 22 30 it
3261 5676 50 30 has
3321 5685 49 22 not

2734 5714 68 26 been
2815 5712 85 27 found
2919 5712 86 27 below
3029 5713 45 27 the
3096 5714 67 26 floor
3186 5715 29 26 of
3234 5716 46 26 the
3301 5718 68 26 level

2734 5750 54 27 and
2801 5749 36 27 its
2847 5748 110 37 upward
2967 5748 71 30 limit
3049 5749 50 29 has
3111 5755 46 32 yet
3168 5756 28 22 to
3207 5751 32 29 be
3251 5753 116 28 defined.

2734 5788 135 35 Crushing
2883 5787 54 28 will
2951 5787 105 37 shortly
3070 5789 30 27 be
3111 5792 187 27 commenced.

2767 5827 57 27 Ten
2838 5826 85 27 heads
2936 5835 45 18 are
2997 5826 65 36 kept
3075 5828 83 34 going
3170 5837 36 19 on
3220 5829 46 27 the
3281 5830 86 28 Globe

3389 207 86 25 stone.
3530 202 61 28 The
3617 204 134 34 tramway
3773 201 23 28 is
3826 198 118 30 finished
3969 198 55 30 and

3389 248 95 29 quartz
3499 243 21 25 is
3543 251 60 17 uow
3629 241 86 33 easily
3739 239 172 34 transported
3933 245 27 20 to
3984 239 47 26 the

3390 279 132 36 paddock.
3572 278 57 27 The
3655 277 87 29 winze
3766 277 22 27 is
3814 276 80 26 down
3922 277 33 25 74
3977 275 55 26 feet

3391 319 68 27 from
3470 317 45 28 the
3525 317 88 30 brace,
3625 326 30 16 or
3666 316 33 27 89
3709 315 53 28 feet
3772 315 71 26 from
3855 314 46 27 the
3913 313 115 30 surface,

3389 355 54 28 and
3458 355 44 28 the
3517 355 72 35 body
3602 355 30 26 of
3652 359 77 22 stone
3745 352 71 29 sunk
3840 352 118 34 through
3983 360 30 27 ap-

3390 404 78 26 pears
3494 398 26 23 to
3547 394 128 27 continue
3702 392 29 27 of
3755 392 72 32 large
3851 390 178 27 dimensions.

3391 432 56 28 The
3468 437 137 31 prospects
3636 430 70 28 from
3734 430 45 27 the
3805 436 77 20 stone
3909 437 44 17 are
3979 433 49 22 not

3390 472 74 35 quite
3478 480 29 18 so
3520 469 69 37 good
3603 479 28 17 as
3643 468 86 28 forme
3745 468 37 37 ly,
3796 469 45 27 but
3856 477 15 17 a
3882 466 94 33 falling
3990 465 40 28 off

3389 509 28 27 in
3432 509 53 27 this
3498 512 105 32 respect
3616 507 66 27 need
3700 510 48 24 not
3769 515 80 18 cause
3863 507 117 33 surprise
3999 513 29 18 as

3390 547 46 27 the
3451 547 92 27 shoots
3557 547 30 26 of
3605 545 63 35 gold
3682 545 72 27 ofteu
3767 544 104 34 change
3896 543 68 27 from
3980 541 45 28 the

3390 586 56 27 foot
3461 590 28 22 to
3503 585 45 28 the
3562 584 121 33 hanging
3706 582 72 33 wall,
3793 583 54 26 and
3870 581 57 27 vice
3942 589 86 19 versa.

3391 624 28 27 It
3436 625 23 26 is
3478 623 131 28 intended
3633 628 26 21 to
3683 621 61 28 sink
3765 620 45 29 the
3834 621 86 26 winze
3946 619 84 27 about

3391 663 51 28 130
3454 662 62 32 feet,
3531 672 30 18 or
3576 666 27 23 to
3617 661 47 28 the
3689 660 67 28 floor
3769 660 31 27 of
3819 660 45 27 the
3884 659 67 27 level
3967 665 62 19 now

3390 701 81 35 being
3496 701 94 26 driven
3615 700 70 26 from
3712 699 46 27 the
3784 698 122 27 Oriental
3932 696 96 26 Creek.

3391 739 57 28 The
3463 744 76 22 stone
3560 740 22 26 is
3604 737 165 36 underlying
3791 735 124 36 strongly
3932 739 26 23 to
3981 733 47 28 the

3391 778 89 30 south,
3495 778 53 26 and
3563 777 45 28 the
3622 776 128 31 footwal!,
3765 774 88 28 which
3869 774 91 31 owing
3970 778 27 22 to
4011 782 16 17 a

3393 820 61 23 turn
3468 814 54 28 had
3539 814 40 27 for
3592 824 15 17 a
3622 814 67 28 time
3713 813 68 27 been
3801 813 61 31 lost,
3877 811 50 27 has
3948 811 81 33 again

3392 854 67 28 been
3473 853 116 28 reached
3603 853 50 28 snd
3667 853 23 27 is
3704 851 81 35 being
3798 848 124 32 followed
3936 848 90 28 down.

3392 892 57 26 The
3463 891 97 26 tunnel
3581 892 24 25 is
3618 892 27 25 in
3659 900 16 16 a
3689 891 69 25 little
3771 898 65 17 over
3849 889 34 25 oO
3905 888 63 28 feet,
3983 886 46 26 the

3392 935 116 31 country
3535 928 80 38 Icing
3643 926 69 31 hard
3739 926 55 30 and
3828 925 66 30 slow
3925 931 28 23 to
3984 927 48 34 get

3393 969 128 33 through.

3429 1007 87 27 When
3547 1006 46 28 the
3625 1006 128 33 Progre-s
3782 1013 58 18 was
3877 1002 66 27 held
3974 1001 54 26 and

3393 1045 108 29 worked
3516 1046 33 35 by
3563 1045 47 27 the
3624 1044 120 28 Oriental
3758 1051 138 26 company
3918 1050 16 18 a
3956 1039 74 36 large

3393 1083 71 37 body
3475 1084 29 26 of
3516 1089 76 22 stone
3606 1092 56 18 was
3675 1081 81 29 taken
3776 1085 48 23 out
3843 1079 54 28 and
3920 1084 59 21 sent
4003 1084 28 21 to

3394 1123 44 27 the
3470 1122 75 28 mill:
3579 1122 54 28 this
3664 1131 29 18 as
3716 1131 15 17 a
3756 1120 87 28 whole
3869 1128 56 18 was
3951 1126 62 19 unre-

3394 1162 169 26 mnnerative
3602 1160 53 26 and
3688 1167 49 19 ran
3776 1159 45 26 the
3857 1156 80 27 affair
3972 1156 59 26 into

3393 1197 164 29 difficulties.
3595 1197 38 28 To
3648 1197 45 28 the
3714 1199 58 25 east
3785 1196 29 27 in
3835 1194 47 29 the
3896 1193 134 27 direction

3394 1237 30 27 of
3434 1237 46 27 the
3495 1237 85 26 Globe
3603 1246 14 17 a
3631 1236 52 26 fair
3701 1234 75 28 sized
3796 1234 58 27 reef
3864 1241 58 18 was
3934 1232 47 26 left
4003 1232 29 26 in

3394 1275 45 27 the
3453 1275 56 28 face
3559 1274 46 28 the
3619 1273 106 31 tunnel,
3733 1273 48 27 but
3791 1281 30 18 as
3833 1270 54 28 this
3895 1269 136 36 appeared

3394 1320 27 20 to
3436 1314 32 26 be
3482 1314 29 26 of
3528 1313 46 28 the
3597 1322 75 18 same
3687 1310 106 38 quality
3807 1319 29 17 as
3849 1309 60 28 that
3922 1312 61 23 sent
4005 1312 29 23 to

3394 1352 46 29 the
3452 1351 108 37 battery
3574 1351 46 29 the
3643 1352 231 33 encouragement
3893 1350 27 25 to
3934 1345 100 30 extend

3393 1392 21 26 it
3438 1401 54 17 was
3505 1396 50 22 not
3567 1396 87 29 great,
3668 1389 54 27 and
3736 1389 46 27 the
3805 1388 117 34 collapse
3936 1386 29 27 of
3984 1386 47 27 the

3394 1437 137 28 company
3577 1427 147 37 prevented
3773 1426 22 27 it
3831 1425 71 26 from
3951 1423 81 34 being

3394 1467 166 36 thoroughly
3591 1465 178 39 prospected;
3802 1463 55 30 this
3889 1462 48 28 has
3970 1470 63 20 now

3395 1507 65 27 been
3475 1507 142 31 extended,
3631 1505 55 28 and
3708 1505 48 27 the
3770 1504 57 27 face
3841 1503 29 27 of
3890 1503 46 26 the
3958 1501 75 27 drive

3394 1544 89 28 shows
3499 1554 15 17 a
3527 1544 57 29 reef
3595 1544 29 27 of
3635 1543 81 28 about
3732 1544 15 25 5
3769 1542 54 27 feet
3845 1541 29 27 in
3897 1539 86 29 width
4006 1539 31 27 of

3396 1583 153 36 promising
3570 1582 111 33 looking
3703 1586 88 23 stone,
3813 1580 29 26 in
3864 1578 123 37 portions
4009 1577 31 28 of

3395 1622 88 27 which
3506 1621 63 32 gold
3591 1622 23 26 is
3635 1620 85 35 easily
3742 1618 132 28 detected.
3926 1616 107 34 During

3395 1660 45 28 the
3454 1660 74 28 week
3542 1670 16 18 a
3572 1660 35 28 he
3615 1660 27 27 id
3659 1668 30 18 or
3703 1658 118 28 division
3842 1657 29 27 of
3888 1655 46 29 the
3956 1663 78 20 stone

3395 1698 49 27 has
3457 1698 67 27 been
3539 1698 108 27 crossed
3669 1697 88 26 which
3782 1704 115 27 appears
3915 1700 26 21 to
3965 1694 70 27 have

3394 1736 98 28 cau.ed
3507 1736 46 28 the
3565 1736 105 32 change
3683 1734 42 29 for
3748 1738 8 23 t
3762 1731 2 37 !
3765 1742 28 19 :.e
3808 1733 95 31 better,
3920 1731 54 28 and
3986 1732 48 27 the

3395 1785 121 25 progress
3548 1777 29 26 of
3605 1775 47 28 the
3681 1772 96 30 tunnel
3808 1773 22 27 is
3861 1780 62 19 now
3953 1770 83 37 being

3395 1814 99 34 closely
3508 1813 134 32 watched,
3657 1822 29 18 as
3709 1813 83 26 much
3807 1811 68 26 faith
3899 1811 20 26 is
3934 1810 101 36 pinned

3395 1857 26 22 to
3449 1851 34 28 its
3514 1851 156 35 eventually
3702 1851 125 30 entering
3856 1849 46 27 the
3935 1848 97 36 golden

3395 1894 115 33 country
3524 1888 182 31 encountered
3720 1888 36 37 by
3765 1888 45 28 the
3824 1888 96 28 Globe.

3429 1930 58 27 The
3508 1930 68 27 Suez
3597 1930 29 26 in
3647 1928 47 28 the
3715 1931 109 25 eastern
3849 1926 143 35 boundary
4009 1926 31 27 cf

3395 1966 46 27 the
3456 1966 86 27 Globe
3563 1968 50 25 has
3633 1976 16 16 a
3671 1966 82 26 small
3777 1964 61 28 reef
3856 1964 83 26 about
3959 1964 77 26 three

3395 2005 53 28 feet
3461 2004 79 33 wide,
3554 2004 55 30 aid
3623 2005 128 34 carrying
3770 2012 15 19 a
3807 2002 70 28 little
3901 2001 63 34 gold
3976 2010 7 25 ;
4002 2001 36 28 its

3396 2051 172 24 counecirn,
3580 2044 17 26 ii
3609 2051 63 26 any,
3684 2042 67 27 with
3764 2041 46 28 the
3824 2041 86 28 Globe
3922 2042 53 25 line
3986 2041 50 26 has

3395 2086 48 23 not
3456 2081 67 28 bjeu
3537 2079 179 30 de:er:nined.

3431 2120 57 26 The
3522 2120 140 26 Welcome
3694 2119 108 33 battery
3838 2117 25 28 is
3890 2117 82 35 again
4007 2117 31 27 in

3395 2158 116 32 motion,
3520 2157 47 28 the
3582 2166 60 18 new
3656 2155 73 30 shaft
3746 2158 39 26 for
3795 2155 45 29 the
3856 2156 85 26 wheel
3956 2155 80 33 being

3396 2196 28 29 in
3439 2196 126 37 position,
3580 2198 53 26 and
3649 2196 129 35 crushing
3791 2205 57 19 wa;
3861 2194 127 28 resumed
4009 2199 29 23 at

3397 2235 46 27 the
3457 2238 53 24 end
3528 2236 30 27 of
3573 2236 53 26 last
3639 2234 76 28 week
3729 2243 6 18 :
3756 2234 77 27 there
3846 2234 81 32 being
3941 2243 14 17 a
3969 2233 71 33 good

3397 2273 98 36 supply
3509 2274 31 28 of
3549 2279 78 22 stone
3643 2283 35 18 on
3693 2272 72 28 hand
3781 2272 131 36 crushing
3925 2272 55 27 will
4009 2272 31 27 be

3396 2312 148 29 continued
3556 2312 68 28 until
3638 2313 46 27 the
3698 2312 126 35 holidays
3835 2318 29 20 at
3873 2312 78 31 least,
3960 2320 77 18 some

3396 2351 71 35 good
3480 2356 78 23 stone
3572 2352 22 26 is
3608 2351 81 33 being
3701 2351 88 27 raised
3804 2350 71 27 from
3884 2350 46 27 the
3941 2351 97 29 winze,

3397 2389 55 28 and
3478 2389 46 28 the
3556 2389 112 35 sinking
3692 2391 30 26 of
3744 2389 47 28 the
3816 2388 78 28 main
3919 2387 74 29 shaft
4017 2389 23 26 is

3398 2428 114 33 making
3524 2429 71 33 good
3607 2438 134 25 progress

3433 2465 57 30 The
3504 2466 110 27 Eureka
3628 2466 70 28 after
3711 2476 16 17 a
3746 2465 115 36 lengthy
3874 2465 117 28 interval
4014 2465 29 27 of

3399 2515 92 26 tepose
3516 2505 51 28 has
3594 2506 81 33 again
3694 2505 101 28 started
3816 2505 85 27 work.
3939 2505 84 35 Opera-

3399 2544 72 26 tions
3495 2548 29 22 at
3543 2549 109 30 present
3678 2553 44 17 are
3742 2543 108 27 confine
3860 2544 8 24 1
3889 2547 27 23 to
3934 2542 107 34 bailing

3399 2581 46 28 the
3454 2586 84 25 water
3546 2588 48 22 out
3605 2582 29 28 of
3645 2582 47 28 the
3704 2581 146 37 workings,
3858 2587 180 30 preparatory

3399 2625 28 23 to
3441 2622 159 35 projecting,
3614 2631 31 17 or
3665 2621 148 36 extending
3826 2631 16 17 a
3861 2620 71 28 level
3946 2625 26 23 to
3995 2625 48 23 cut

3400 2659 46 27 the
3460 2660 139 26 Welcome
3613 2659 65 27 line.

3434 2698 58 28 The
3506 2698 106 36 weekly
3631 2704 108 22 returns
3759 2697 30 29 of
3805 2698 139 35 amalgam
3967 2697 71 28 from

3399 2736 46 28 the
3460 2737 81 35 Fiery
3555 2739 81 26 Cross
3649 2747 44 18 are
3707 2736 177 37 exceedingly
3901 2737 71 34 good
3985 2735 85 40 and

3399 2775 62 27 well
3485 2775 178 28 maintained.
3700 2775 34 26 In
3754 2775 47 27 the
3820 2777 75 25 mine
3914 2778 78 24 stone
4017 2776 24 25 is

3400 2813 127 37 plentiful
3541 2813 55 30 and
3611 2813 46 29 the
3681 2813 61 28 mill
3754 2814 24 28 is
3799 2813 65 38 kept
3884 2813 159 37 constantly

3399 2853 93 34 going.
3541 2853 57 27 The
3614 2855 85 26 winze
3713 2854 24 27 is
3749 2854 82 35 going
3852 2853 81 27 down
3946 2863 36 17 on
3994 2862 30 18 ex-

3401 2891 97 27 cellent
3512 2895 86 23 stone.

3436 2929 115 29 Reefton
3572 2930 55 27 will
3647 2939 67 19 soon
3733 2929 33 29 be
3785 2930 47 27 the
3852 2930 59 28 best
3936 2930 105 31 lighted

3401 2971 73 24 town
3486 2970 29 26 in
3529 2969 68 28 New
3786 2969 118 33 O.vning
3923 2978 36 18 no
3982 2978 45 25 gis-

3401 3007 96 27 works.
3518 3007 53 27 and
3769 3007 76 28 trade

3401 3044 121 28 obstruct
3541 3046 30 31 it,
3597 3046 46 27 the
3662 3046 106 35 facility
3794 3046 30 27 of
3850 3046 120 33 lighting
3994 3051 47 23 the

3401 3086 73 23 town
3488 3083 66 27 with
3569 3083 46 28 the
3629 3084 108 27 electric
3750 3085 71 31 light
3834 3095 55 17 was
3904 3089 95 31 patent
4013 3089 28 24 to

3401 3123 27 24 to
3448 3130 136 26 everyone
3604 3122 61 27 who
3685 3123 131 27 attended
3836 3123 87 27 either
3942 3123 30 28 of
3994 3123 47 28 the

3401 3158 117 29 lectures
3531 3161 81 35 given
3626 3161 35 35 by
3676 3159 45 30 Mr
3733 3160 107 30 Prince.
3881 3163 74 27 With
3982 3172 44 27 per-

3400 3199 93 34 petual
3507 3206 115 21 streams
3634 3200 120 36 running
3764 3209 119 27 pastonr
3893 3202 89 31 door?,
3995 3203 48 25 tho

3401 3245 92 27 power
3524 3237 40 28 for
3588 3248 50 26 gen
3643 3248 43 17 era
3691 3239 56 32 ling
3779 3239 151 35 electricity
3961 3240 81 29 could

3403 3284 65 26 very
3483 3275 116 37 cheaply
3615 3278 31 26 be
3660 3278 107 35 applied
3782 3279 69 26 after
3865 3279 46 27 the
3925 3279 59 27 first
3998 3288 29 18 ex-

3401 3313 143 36 penditure
3565 3315 40 26 for
3617 3318 188 33 constructing
3827 3316 98 28 works.
3975 3316 67 28 This

3401 3352 79 35 being
3495 3352 46 28 the
3554 3354 111 33 general
3678 3354 174 35 impression,
3867 3356 46 27 the
3925 3354 117 34 floating

3400 3390 31 27 of
3446 3399 14 18 a
3480 3400 137 27 company
3638 3397 26 22 to
3683 3401 79 26 carry
3782 3398 46 21 out
3855 3394 46 26 the
3928 3394 112 26 scheme

3400 3438 56 18 was
3474 3428 49 29 but
3541 3429 46 28 the
3606 3429 75 28 work
3695 3429 29 28 of
3739 3440 15 18 a
3774 3430 51 29 few
3843 3431 94 34 hours,
3951 3432 55 28 and
4026 3442 17 18 a

3400 3476 138 26 company
3552 3468 30 27 of
3592 3470 105 29 20,000,
3709 3479 38 17 os.
3763 3470 95 27 shares
3866 3471 22 26 is
3902 3471 29 27 in
3947 3481 95 18 course

3399 3504 31 28 of
3448 3506 183 33 registration.
3682 3510 22 25 A
3723 3516 132 28 manager
3875 3509 44 28 Mr
3944 3510 38 27 11.
4006 3511 35 27 G.

3400 3544 126 33 Haukin,
3540 3547 54 26 aud
3608 3546 129 29 directors
3751 3558 45 17 are
3815 3549 157 35 appointed,
3984 3551 57 26 and

3400 3582 46 27 the
3472 3584 180 35 preliminary
3678 3584 88 29 works
3786 3585 55 28 will
3869 3587 31 26 be
3921 3591 28 23 at
3975 3598 68 17 once

3399 3622 150 34 proceeded
3561 3623 77 28 with.
3676 3623 27 29 It
3723 3624 21 28 is
3759 3624 130 29 intended
3902 3629 28 24 to
3949 3626 92 29 utilise

3399 3660 46 26 the
3464 3660 90 28 whole
3573 3662 32 26 of
3620 3662 47 27 the
3685 3666 85 24 water
3788 3664 28 26 in
3837 3664 47 27 the
3906 3665 137 27 left-hand

3399 3697 103 28 branch
3514 3706 7 25 ;
3552 3699 47 27 the
3624 3699 110 36 surplus
3759 3700 68 28 after
3852 3701 118 36 lighting
3994 3703 49 27 the

3398 3739 76 25 town
3487 3736 54 29 and
3561 3737 115 29 suburbs
3695 3738 55 29 will
3771 3739 32 28 be
3817 3739 117 30 devoted
3953 3746 27 23 to
3995 3742 48 28 the

3399 3775 193 30 transmission
3606 3777 30 28 of
3654 3787 92 26 power
3758 3784 28 22 to
3800 3779 75 28 drive
3899 3780 140 35 batteries,

3399 3814 153 33 saw-mills,
3567 3826 30 17 or
3618 3817 78 26 other
3719 3817 89 28 works
3828 3819 72 26 until
3913 3829 63 18 now
3998 3820 30 27 de-

3399 3851 121 35 pendant
3532 3862 74 26 upon
3621 3859 88 22 steam
3724 3863 30 18 or
3772 3860 200 31 water-power.

3434 3889 58 29 The
3506 3892 118 35 evening
3637 3892 30 28 of
3678 3892 40 29 St.
3744 3892 143 31 Andrew's
3900 3894 63 38 day,
3979 3895 66 31 30th

3400 3928 99 28 ultimo
3514 3939 55 19 was
3582 3931 115 28 marked
3717 3932 34 36 by
3766 3942 15 18 a
3795 3933 125 36 pleasant
3935 3936 93 34 gather-

3400 3968 47 33 ing
3454 3968 153 28 assembled
3617 3975 28 23 to
3656 3970 133 29 celebrate
3805 3972 45 27 the
3862 3974 182 36 anniversary

3401 4005 30 27 of
3446 4005 47 28 the
3508 4007 125 28 Heather
3652 4008 60 28 Bell
3732 4009 104 34 Lodge.
3874 4011 43 27 On
3930 4012 56 27 this
4001 4022 28 18 oc-

3401 4043 93 29 casion
3519 4045 23 28 it
3561 4055 56 19 was
3636 4055 16 19 a
3671 4047 55 28 ball
3744 4048 54 28 and
3819 4058 101 28 supper
3944 4050 29 28 in
3993 4050 49 29 the

3401 4082 179 29 Odd-fellows
3606 4085 68 28 Hall
3702 4086 55 27 and
3781 4097 57 17 was
3864 4098 16 17 a
3906 4090 138 35 complete

3401 4129 114 18 success.
3565 4122 58 27 The
3643 4121 57 28 hall
3728 4132 57 18 was
3804 4125 62 26 well
3891 4126 85 32 filled,
3996 4127 48 27 the

3400 4157 79 36 night
3493 4158 68 34 cool,
3571 4160 47 28 the
3632 4160 84 29 ladies
3730 4161 151 39 charming,
3894 4164 54 28 and
3959 4175 83 26 every

3400 4205 52 17 one
3482 4206 57 18 was
3569 4199 63 26 well
3662 4199 120 35 pleased.
3831 4203 38 26 As
3899 4202 48 28 the
3971 4203 72 28 local

3401 4234 125 29 minstrel
3541 4236 29 28 of
3580 4236 47 29 the
3640 4237 79 36 lodge
3733 4239 86 37 sings,

3436 4281 29 27 If
3475 4282 66 27 thou
3555 4283 116 29 wouldst
3685 4285 68 28 view
3766 4286 77 29 these
3856 4287 54 28 fair
3922 4288 100 34 aright,

3436 4320 98 36 Forget
3545 4328 57 29 not,
3615 4323 77 35 then,
3707 4324 40 30 St.
3763 4326 143 30 Andrew's
3919 4328 89 34 night.

3436 4360 57 26 The
3507 4361 125 34 pleasant
3645 4361 125 35 glamour
3783 4368 56 23 oe'r
3851 4375 55 25 you
3919 4374 68 25 cast,

3436 4396 91 28 You'll
3551 4403 50 23 not
3619 4398 87 36 forget
3725 4401 83 28 while
3827 4403 46 28 life
3892 4404 67 28 doth
3979 4405 62 35 last,

3436 4435 56 29 But
3506 4436 55 29 like
3575 4447 15 19 a
3603 4438 126 37 pleasant
3741 4441 111 36 waking
3864 4442 96 30 dream

3436 4475 41 27 Its
3490 4479 118 34 mein'ry
3622 4487 77 28 carry
3712 4478 83 30 down
3808 4481 71 28 life's
3892 4486 113 24 stream.

3898 4529 110 27 Thady.

3602 4617 236 32 LATEST

3440 4666 175 42 CABLE
3645 4670 354 45 TELEGRAMS.

3642 4776 134 39 London,
3793 4778 166 34 December
3974 4784 28 30 7.
4033 4809 5 1 -

3442 4824 63 32 The
3521 4826 154 41 following
3689 4829 24 30 is
3729 4830 51 32 the
3802 4831 206 36 substaneeof
4026 4847 17 20 a

3402 4866 152 43 despatch,
3579 4870 88 33 dated
3692 4873 73 34 25th
3791 4875 178 41 November,
3994 4880 33 32 ad-

3401 4912 119 29 dressed
3535 4914 39 37 by
3588 4915 51 30 the
3666 4917 155 40 Secretary
3847 4921 32 29 of
3903 4922 84 30 State
4012 4928 31 25 to

3400 4952 52 33 the
3468 4953 168 35 Governors
3659 4957 33 33 of
3713 4958 52 33 the
3787 4960 148 37 Colonies.
3979 4965 63 34 The

3401 4998 141 39 despatch
3566 5001 91 30 refers
3680 5007 31 26 to
3734 5005 52 30 the
3809 5007 130 32 allusion
3953 5012 88 30 made

3400 5039 31 32 in
3457 5041 51 32 the
3524 5042 128 39 Queen's
3669 5045 115 41 Speech
3809 5049 33 32 of
3865 5051 177 42 September

3401 5085 72 31 25th
3499 5089 30 28 to
3554 5087 51 31 the
3627 5089 148 33 Colonies.
3817 5094 30 30 It
3868 5099 92 29 states
3975 5099 67 31 that

3400 5128 50 32 the
3476 5129 141 42 Imperial
3641 5132 206 37 Government
3871 5138 55 33 has
3955 5141 87 42 given

3400 5179 115 27 mature
3531 5177 218 33 consideration
3775 5184 31 28 to
3830 5183 52 31 the
3906 5196 136 23 message

3400 5216 116 32 therein
3540 5220 159 39 promised,
3715 5223 60 30 and
3797 5223 56 33 has
3877 5229 165 34 concluded

3400 5263 30 29 to
3460 5261 99 33 advise
3588 5264 51 32 the
3668 5265 103 39 Queen
3798 5271 30 29 to
3852 5280 157 26 summons
4023 5287 19 20 a

3400 5306 173 32 conference
3588 5308 31 31 in
3634 5308 127 34 London
3777 5311 31 32 in
3823 5313 85 41 April
3923 5328 33 20 or
3970 5318 71 33 Mav

3399 5354 81 32 next,
3495 5354 32 27 to
3541 5351 97 32 which
3654 5358 245 35 representatives
3915 5362 32 29 of
3958 5364 64 38 prin-

3399 5392 77 41 cipal
3501 5393 137 33 Colonies
3662 5406 49 22 aire
3736 5401 30 29 to
3787 5399 36 33 be
3838 5400 122 45 invited,
3977 5416 47 33 spe-

3398 5437 89 40 cially
3501 5443 30 27 to
3546 5440 112 31 discuss
3673 5442 50 31 the
3739 5444 153 39 questions
3906 5450 33 30 of
3960 5463 59 19 com-

3398 5489 71 21 mon
3494 5481 134 31 interest,
3671 5484 29 30 Ig
3724 5485 25 30 is
3774 5492 53 26 not
3851 5489 143 36 intended
4009 5503 30 22 to

3398 5524 126 31 commit
3542 5524 50 32 the
3617 5525 143 42 Imperial
3786 5531 205 38 Government
4006 5550 32 20 or

3398 5565 50 31 the
3464 5567 132 32 Colonial
3614 5569 219 38 Governments
3847 5580 32 29 to
3893 5589 66 23 new
3972 5592 50 31 pro-

3397 5611 98 38 posals
3520 5614 146 40 entailing
3693 5617 96 42 heavy
3817 5632 138 29 expense,
3988 5629 51 30 but

3396 5653 102 33 rather
3513 5658 30 29 to
3558 5666 101 24 secure
3675 5659 50 34 the
3751 5662 102 35 fullest
3868 5668 170 37 utilization

3396 5698 32 30 of
3441 5710 82 20 sums
3538 5701 124 33 devoted
3676 5705 46 31 for
3736 5706 120 35 defence
3875 5712 33 31 in
3922 5715 73 32 time
4010 5719 32 29 of

3397 5751 105 29 peace;
3520 5744 62 32 also
3598 5750 30 27 to
3642 5757 134 31 promote
3790 5752 153 45 telegraph
3953 5760 84 32 cable

3396 5788 155 31 extension
3586 5801 38 20 on
3661 5803 15 20 a
3711 5796 146 38 complete
3894 5800 142 42 Imperial

3396 5832 120 37 system,
3547 5833 172 45 embracing
3742 5837 41 32 all
3807 5846 82 35 parts
3925 5846 32 33 of
3985 5848 51 32 the

1193 56 113 43 THK
1364 60 181 40 LYELL
1600 61 184 44 TIMES,
1845 43 670 61 SATURDAYMECEMBER,
2578 70 53 33 ii,
2684 58 90 40 18S6

261 190 117 31 Public
397 190 150 32 Notices.

93 271 83 31 THE
199 272 205 31 NATIONAL
426 272 108 32 BANK
557 273 50 30 OF
629 273 93 30 NEW

204 325 201 37 ZEALAND,
428 325 186 33 LIMITED.

111 440 9 23 4
158 431 254 32 PERMANENT
435 432 164 32 AGENCY
614 432 31 32 of
664 431 59 33 this

94 464 43 48 A
178 485 109 31 BANK
316 485 23 31 is
374 486 90 31 NOW
501 486 164 32 OPENED
694 492 29 25 at

94 537 145 37 LYELL,
268 538 93 32 under
389 539 50 32 the
466 539 106 40 charge
602 539 31 31 of
661 539 61 32 Mr.

92 591 95 30 James
203 592 121 31 Oliver.

133 698 49 31 All
197 698 133 32 business
355 703 138 28 accounts
515 700 31 31 of
568 699 49 32 the
642 699 80 40 place

93 750 58 31 and
166 750 114 33 district
294 762 49 21 are
358 763 66 21 now
446 752 177 32 transferred
648 753 73 32 from

95 801 123 33 Reefton
234 804 119 31 Branch
369 807 30 28 to
414 805 58 30 this
488 805 128 40 Agency.

134 910 63 33 The
211 910 148 44 following
379 912 168 41 gentlemen
562 912 73 34 have
651 912 72 34 been

91 957 159 38 appointed
266 957 76 31 Gold
357 958 132 39 Buyers:

127 1008 50 32 Mr
193 1008 238 32 RobertM'Nee
456 1035 31 6 ...
512 1009 181 33 Murchison.

127 1052 51 31 Mr
194 1052 134 32 Stephen
343 1053 103 33 Oxnam
459 1052 30 34 ...
515 1054 77 32 Fern
607 1054 78 32 Flat.

134 1149 77 31 Gold
225 1150 108 31 melted
348 1161 38 20 on
401 1152 50 29 the
465 1152 150 38 premises.

134 1240 63 31 The
231 1240 124 32 Reefton
391 1242 141 40 Manager
566 1242 60 32 will
658 1243 65 30 visit

96 1283 171 33 Murchison
282 1295 38 21 on
343 1285 146 41 Saturday
511 1285 50 32 the
588 1285 119 33 11th'in-

96 1328 79 31 stant
190 1329 30 30 to
236 1327 57 42 buy
306 1328 68 41 gold
389 1329 58 31 and
461 1332 131 30 transact
606 1330 118 41 general

94 1371 130 42 banking
237 1372 144 33 business.

356 1425 46 32 W.
426 1425 179 38 DYMOCK,

407 1480 129 32 General
552 1481 152 35 Manager.

98 1566 102 40 New
221 1566 148 41 Goods
390 1569 7 38 !
430 1568 101 41 New
552 1569 171 40 Goods!

154 1677 83 31 THE
260 1677 221 34 WESTPOET
503 1680 166 32 BEANCH

353 1739 33 20 OF
404 1740 56 20 THE

232 1778 113 37 NEW
368 1778 221 39 ZEALAND

97 1830 304 77 Clothing
432 1833 295 76 Factory

173 1916 273 34 PALMERSTON
478 1919 169 38 STREET,

309 1961 212 34 WESTPOET,

94 2007 112 59 AEE
226 2017 61 20 now
305 2007 123 36 showing
446 2019 15 18 a
481 2010 178 36 Magnificent
677 2011 32 28 As-

321 2051 135 24 sortment
468 2048 30 27 of

94 2093 120 41 Men's,
226 2094 140 31 Youths'
378 2094 69 32 and
458 2095 99 38 Boys'

232 2129 311 39 Fashionably-Cut
556 2130 170 41 Clothing,

98 2190 90 37 Every
202 2189 54 30 line
273 2190 30 28 of
312 2190 89 28 which
421 2190 24 28 is
462 2190 114 30 marked
600 2191 29 29 in
651 2192 75 36 plain

267 2228 109 35 figures,
390 2229 53 27 and
457 2229 55 29 sold
528 2233 27 24 at

246 2277 167 29 FACTORY
446 2277 132 30 PRICES

96 2355 24 27 A
150 2354 97 28 Grand
260 2355 54 27 Lot
338 2354 34 36 of
392 2355 97 32 Men's,
517 2356 111 27 Youths'
629 2354 1 36 1
634 2377 6 11 ,
670 2356 59 27 and

96 2393 84 37 Boys'
201 2392 116 37 Mosgiel
340 2393 95 29 Tweed
456 2393 87 34 Suits,
561 2394 166 38 thoroughly

126 2432 107 26 shrunk
246 2432 57 26 aud
315 2433 192 35 Fashionably
520 2434 80 26 made
613 2435 31 25 at
658 2434 43 26 the

96 2595 57 28 The
180 2594 82 29 Stock
286 2594 29 29 of
338 2595 88 29 Men's
436 2596 128 29 Trousers
574 2596 54 29 and
643 2596 66 29 Trou-

96 2642 56 20 sers
164 2633 54 29 and
231 2634 81 28 Vests
331 2634 23 28 is
378 2634 97 36 larger,
488 2634 86 29 better
599 2635 129 34 assorted,

199 2672 55 28 and
267 2672 116 37 cheaper
395 2672 66 28 than
475 2682 63 19 ever
550 2679 28 23 at
591 2674 46 28 the

96 2720 89 40 New
203 2719 164 40 Zealand
381 2721 165 52 Clothing
562 2722 163 52 Factory.

136 2820 63 33 The
227 2820 36 33 N.
294 2820 34 34 Z.
358 2820 141 43 Clothing
526 2822 126 43 Factory
680 2833 48 23 are

96 2864 133 39 showing
244 2875 16 20 a
274 2865 96 39 Large
385 2866 58 30 and
458 2867 107 30 Choice
587 2867 89 31 Stock
700 2867 31 31 of

98 2907 86 38 Hats,
200 2907 86 42 Caps,
300 2908 76 38 Ties,
390 2908 122 39 Collars,
528 2909 97 34 Shirts
639 2910 89 33 white

98 2952 57 31 and
189 2952 145 38 coloured,
370 2953 127 32 Flannel
539 2954 97 32 Shirts
670 2956 59 30 and

98 2996 145 36 Drawers,
268 2996 36 31 L.
329 2997 54 31 VvY
414 2997 98 32 Shirts
540 2999 57 29 and
625 2999 102 36 Pants,

99 3038 90 40 Rugs,
223 3039 152 37 Blankets,
411 3040 151 37 Flannels,
599 3041 129 37 Tweeds,

98 3081 236 38 Portmanteaus,
360 3083 108 40 Carpet
483 3084 58 31 and
566 3084 162 32 Gladstone

98 3125 89 41 Bags,
203 3127 59 36 &c,
279 3127 48 31 &c.
369 3126 98 43 Every
477 3127 101 33 article
590 3128 31 32 of
632 3127 97 33 which

98 3169 24 32 is
137 3170 63 32 sold
214 3172 32 30 at

228 3230 184 34 FACTORY
433 3232 145 33 PRICES
592 3235 5 30 !

99 3323 128 62 Messrs
246 3323 214 62 Hallenstein
484 3324 96 63 Bros.
602 3324 30 63 &
658 3325 70 76 Co.,

246 3409 341 35 MANUFACTURERS,

101 3455 84 38 Civil,
193 3455 141 42 Military,
342 3457 59 31 and
413 3457 124 32 Clerical
549 3457 123 38 Tailors,
681 3460 48 31 &c.

280 3510 136 35 Wcstport
428 3511 135 30 Branch:

136 3558 326 33 PALMERSTON-ST.,
485 3558 211 29 WESTPORT.

191 3634 36 30 T.
244 3633 438 42 BLENNERHASSETT,

551 3680 140 35 Manager.

134 3768 80 41 DR.
242 3768 62 42 W.
336 3768 47 40 H.
412 3768 156 51 GAZE,
600 3770 105 41 M.D.

100 3938 141 28 TTISIT
272 3938 123 28 LYELL
420 3949 36 19 on
481 3939 161 36 SUNDAY,
666 3940 63 30 12th

101 4023 171 36 INSTANT,
286 4024 153 37 remaining
451 4026 70 28 until
533 4026 46 29 the
593 4026 138 38 following

103 4109 254 30 MONDAY,:i3th.
