4120 5920
127 198 131 40 Empire.
301 200 28 30 It
353 200 24 32 is
400 200 96 40 hoped
520 202 51 31 the
586 203 170 32 conference

124 240 60 33 will
198 243 188 32 recommend
402 244 50 31 the
475 244 142 43 principle
633 246 44 32 for
691 256 48 31 pro-

124 287 114 38 moting
252 289 119 38 general
385 290 118 31 defence
515 291 31 31 of
559 292 49 31 the
624 291 131 40 Empire.

124 328 62 32 The
221 331 140 40 despatch
402 332 169 41 deprecates
606 344 58 31 any
698 334 43 31 dis-

124 374 116 33 cussion
256 375 37 41 by
308 376 50 32 the
372 378 171 32 conference
557 378 30 33 of
606 378 50 33 the
672 390 66 29 ques-

123 418 61 31 tion
201 419 31 30 of
251 419 131 40 political
397 421 161 31 federation
574 422 32 31 of
618 422 49 30 the
683 423 47 30 Em-

122 462 71 40 pire.
237 463 62 32 The
322 465 171 31 conference
516 465 60 33 will
600 466 35 32 be
651 466 102 42 purely

121 506 196 33 consultative
332 508 70 31 with
418 509 87 40 equal
520 510 233 41 representation

123 554 29 26 to
167 550 49 31 the
233 552 145 31 Colonies.
420 553 29 30 It
463 553 24 30 is
513 555 154 38 suggested
689 555 66 30 that

122 603 17 20 a
167 593 54 31 few
248 594 118 40 leading
393 595 140 31 colonists
562 596 113 31 besides
703 597 51 31 the

122 637 270 39 Agents-Generals
420 638 106 32 should
554 640 112 37 attend,
695 641 60 30 and

121 679 65 32 that
211 680 50 32 the
287 681 153 41 Secretary
463 682 32 31 of
521 682 83 33 State
632 683 35 32 be
690 694 48 30 pre-

122 724 96 31 sident
233 724 32 31 of
276 724 49 31 the
338 725 181 32 conference.

161 767 129 32 Tenders
305 768 44 32 for
362 767 51 33 the
425 769 163 33 Newcastle
605 769 148 47 (N.S.W.)

121 811 162 41 Municipal
306 813 83 31 Loan
415 814 31 31 of
464 816 131 35 £IG,OOO
610 818 30 28 at
666 818 16 29 5
703 827 52 29 per

120 858 77 29 cent,
214 866 74 22 were
303 857 112 40 opened
426 858 110 42 to-day,
549 858 58 31 and
618 858 50 33 the
680 860 74 31 total

120 902 124 28 amount
285 900 107 32 offered
436 912 60 20 was
529 902 92 31 found
655 905 30 29 to
719 903 34 31 be

120 945 141 35 £48,000.
317 944 129 33 Tenders
471 948 30 29 at
526 947 80 31 £IOB
632 948 52 31 10s
705 947 47 33 6d.

120 987 59 29 will
194 988 110 30 receive
319 990 36 28 81
372 999 51 29 per
440 992 77 28 cent,
533 992 29 29 ol
586 990 166 38 allotment,

119 1030 59 31 and
192 1030 90 33 above
299 1030 65 33 that
379 1032 30 31 in
424 1032 64 38 full,

505 1086 163 31 December
684 1089 27 29 8.

158 1135 24 31 A
206 1136 170 33 conference
402 1137 31 32 of
454 1137 155 32 Unionists
624 1139 58 31 and
703 1138 32 32 Li-

118 1178 96 32 berals
229 1191 59 20 was
308 1181 70 30 held
402 1182 163 40 yesterday,
580 1193 91 30 many
694 1183 42 30 dis-

117 1223 170 39 tinguished
319 1227 160 29 statesmen
507 1225 88 41 being
622 1229 128 37 present.

117 1265 80 32 Lord
221 1267 183 41 Hartington
428 1268 146 32 delivered
589 1279 17 21 a
628 1269 124 42 lengthy

117 1310 104 41 speech
237 1322 38 21 on
291 1311 48 33 the
355 1314 118 40 present
487 1315 99 40 aspect
601 1313 32 33 of
653 1314 83 41 politi-

115 1355 46 30 cal
189 1355 108 32 affairs.
353 1357 47 31 He
434 1357 135 32 declared
602 1358 66 32 that
703 1359 48 31 Mr

116 1398 163 33 Gladstone
301 1400 58 31 and
383 1401 47 32 Sir
454 1401 47 32 W.
528 1402 120 32 Vernon
673 1402 57 31 Har-

114 1444 83 30 court
225 1442 31 32 in
284 1446 100 29 recent
412 1444 138 40 speeches
577 1444 60 33 had
670 1457 59 21 com-

113 1486 110 42 pletely
252 1487 122 41 ignored
407 1489 52 32 the
493 1489 88 32 views
625 1489 33 33 of
698 1489 50 33 the

115 1531 140 32 Unionist
265 1533 143 37 Liberals,
416 1533 66 32 who
494 1535 96 30 would
602 1534 145 32 therefore

113 1575 139 33 continue
279 1579 29 29 to
333 1580 121 37 support
475 1577 49 32 tbe
540 1578 208 33 Conservative

115 1620 94 40 party.
252 1619 47 32 He
314 1620 123 31 foresaw
451 1620 66 32 that
541 1631 18 21 a
581 1622 74 31 final
679 1632 51 22 con-

113 1662 63 32 flict
190 1663 97 32 would
309 1663 68 33 take
400 1664 83 41 place
508 1665 132 33 between
663 1666 84 32 order

112 1707 58 29 and
185 1707 131 31 dirorder
329 1708 99 32 before
442 1709 51 31 the
508 1709 77 31 Irish
611 1711 136 39 question

111 1749 96 33 would
235 1750 35 33 be
295 1750 152 44 definitely
473 1752 116 33 settled.
632 1754 28 32 It
687 1764 60 22 was

110 1794 173 40 imperative
298 1795 66 31 that
385 1796 51 31 the
458 1799 120 37 present
602 1798 145 39 agitation

111 1837 44 32 for
169 1841 231 38 non-payments
425 1839 32 32 of
477 1843 82 29 rents
584 1841 106 32 should
711 1841 35 33 be

110 1881 123 31 resisted
256 1884 29 29 to
310 1882 51 32 the
386 1885 122 31 utmost.
555 1884 190 33 Eesolutions

110 1935 75 21 were
199 1926 106 40 passed
319 1926 31 31 in
361 1926 104 33 favour
475 1927 33 32 of
519 1928 164 42 upholding
694 1928 51 33 the

110 1968 92 32 union
235 1969 133 32 between
403 1971 92 32 Great
529 1972 118 31 Britain
687 1973 59 31 and

110 2013 128 33 Ireland.
295 2014 25 32 A
356 2014 87 33 letter
471 2025 60 23 was
565 2016 70 32 read
669 2016 76 34 from

110 2057 80 31 John
205 2057 117 41 Bright,
335 2058 31 32 in
381 2059 98 32 which
493 2060 66 31 that
574 2061 171 39 gentleman

109 2101 183 32 condemned
313 2102 48 30 Mr
386 2102 190 33 Gladstone's
591 2103 108 33 silence
713 2105 32 31 in

107 2144 72 32 view
194 2144 32 32 of
239 2145 46 31 Mr
296 2145 103 32 Dillon
411 2150 122 37 present
548 2147 144 40 agitation
709 2148 31 31 in

109 2189 128 31 Ireland.

381 2232 96 39 Sofia,
493 2234 165 32 December
672 2237 28 30 7.

148 2286 62 32 The
239 2286 163 41 Bulgarian
426 2287 213 39 Government,
655 2288 32 33 in
701 2300 28 21 re-

106 2330 102 42 plying
236 2334 30 29 to
294 2341 18 22 a
340 2331 126 33 circular
494 2332 98 33 issued
620 2332 39 43 by
692 2333 51 33 the

108 2375 107 30 Sultan
230 2375 172 40 expressing
423 2377 140 38 approval
587 2377 33 31 of
640 2378 105 30 Prince

106 2417 141 33 Nicholas
261 2418 32 32 of
305 2418 158 41 Mingrelia
485 2418 88 42 being
587 2420 158 41 appointed

106 2465 30 30 to
160 2463 51 32 the
237 2462 106 33 throne
368 2464 32 31 of
422 2464 152 41 Bulgaria,
597 2464 75 33 have
696 2465 32 32 de-

105 2507 98 31 clared
217 2506 67 32 that
312 2507 50 31 the
387 2507 163 41 Bulgarian
566 2509 103 40 people
684 2509 61 31 will

105 2562 89 20 never
208 2554 102 38 accept
324 2551 106 32 Prince
445 2552 141 32 Nicholas
610 2563 32 21 as
666 2552 79 33 their

106 2596 89 31 ruler.

298 2639 73 32 New
385 2640 94 36 York,
496 2640 164 32 December
675 2644 28 30 7.

145 2690 62 33 The
223 2690 181 33 President's
419 2691 113 32 annual
555 2702 134 31 message
713 2695 32 30 to

106 2737 145 38 Congress
266 2747 151 29 expresses
432 2740 97 37 regret
536 2740 33 28 at
578 2738 51 31 the
644 2738 98 31 action

104 2780 32 32 of
148 2780 50 31 the
214 2779 154 32 Canadian
393 2780 123 32 officials
540 2780 71 32 with
635 2781 105 40 regard

101 2824 219 41 tothe-fishery
335 2825 146 40 question,
498 2824 97 32 which
610 2825 113 40 imperil-

103 2869 47 31 led
165 2869 49 31 the
230 2868 126 42 friendly
371 2868 142 32 relations
536 2868 132 32 between
693 2869 50 32 the

104 2912 111 32 United
245 2912 98 32 States
371 2912 59 31 and
458 2912 130 37 Canada,
619 2912 52 32 but
705 2913 38 31 he

101 2954 96 44 hoped
213 2956 66 32 that
294 2956 108 42 during
416 2955 50 33 the
482 2958 118 39 present
629 2957 112 32 session

486 3001 141 39 England
646 3001 96 34 would

103 3046 92 30 result
210 3045 30 29 in
266 3053 17 21 a
308 3044 186 40 satisfactory
518 3044 171 30 settlement
714 3045 31 29 of

103 3088 50 33 the
176 3088 125 41 dispute.
345 3087 64 32 The
423 3086 156 33 President
613 3087 24 31 is
653 3087 75 32 confi-

104 3135 70 30 dent
202 3133 66 31 that
293 3144 39 19 an
357 3132 236 40 understanding
620 3132 60 32 will
705 3132 35 32 be

106 3177 113 30 arrived
234 3180 31 26 at
275 3177 73 29 with
364 3177 151 39 Germany
530 3177 58 29 and
604 3177 139 38 England

105 3220 97 33 which
217 3219 60 33 will
291 3230 101 22 secure
419 3219 51 33 the
496 3222 162 39 autonomy
685 3219 59 32 and

103 3265 162 40 neutrality
279 3266 33 29 of
325 3265 119 30 Samoa.
487 3264 142 40 Alluding
644 3267 31 28 to
689 3264 51 31 the

103 3320 100 20 excess
219 3309 30 31 of
270 3319 127 21 revenue
412 3318 68 21 now
494 3307 88 40 being
607 3307 134 37 realised,

105 3353 50 32 the
170 3353 154 31 President
339 3352 206 31 recommends
560 3361 17 21 a
598 3351 128 41 readjust-

105 3400 82 29 ment
202 3398 32 31 of
258 3396 144 37 taxation,
428 3396 54 31 but
505 3396 38 31 he
568 3395 98 32 would
689 3399 52 28 not

105 3441 113 39 change
233 3440 50 31 the
298 3441 119 39 present
442 3439 83 30 fiscal
550 3439 106 40 policy,
683 3440 58 29 and

105 3485 96 31 would
228 3484 140 32 continue
396 3485 30 29 to
454 3482 105 32 collect
586 3481 52 33 the
666 3481 80 32 chief

106 3539 125 22 revenue
272 3528 39 41 by
354 3528 109 40 import
510 3527 106 31 duties.
680 3526 63 32 The

105 3584 132 29 message
252 3572 88 40 again
355 3572 92 39 urged
461 3570 51 32 the
528 3570 175 40 suspension
713 3570 32 31 of

105 3617 86 32 silver
200 3616 131 42 coinage,
343 3615 59 32 and
414 3614 113 32 alludes
542 3614 201 41 significantly

103 3665 29 29 to
147 3662 50 32 the
212 3662 133 31 increase
359 3661 32 31 in
406 3660 50 32 the
472 3659 68 42 gold
555 3661 113 38 export.

141 3706 37 31 In
192 3706 47 31 his
253 3707 99 39 report
367 3707 31 30 to
420 3704 157 40 Congress,
593 3702 51 32 the
660 3702 80 32 Hon.

104 3749 106 32 Daniel
245 3749 158 40 Manning,
440 3748 157 40 Secretary
630 3749 31 29 to
689 3746 51 32 the

106 3794 153 41 Treasury,
274 3791 206 33 recommends
496 3791 50 31 the
561 3789 132 33 removal
713 3789 33 32 of

103 3838 49 31 the
175 3838 109 40 import
311 3836 98 32 duties
433 3845 39 22 on
497 3835 84 36 wool,
606 3834 59 30 and
687 3833 51 31 the

101 3881 152 34 reduction
268 3880 32 34 of
312 3880 84 33 those
412 3889 39 23 on
466 3878 125 33 woollen
612 3877 100 41 goods.

320 3965 204 31 LATEST

118 4015 375 43 AUSTRALIAN
543 4012 177 42 NEWS.

415 4079 15 20 0

279 4123 197 36 Melbourne,
489 4119 166 34 December
669 4121 28 30 6.

143 4170 28 31 It
185 4168 24 33 is
225 4169 87 42 again
326 4167 137 42 reported
476 4166 68 33 that
559 4165 50 33 the
633 4163 108 33 second

103 4213 173 32 instalment
301 4212 178 39 amounting
502 4213 31 28 to
557 4211 184 34 £4,000,000

103 4258 31 32 of
145 4255 287 35 theVictorianloan
444 4255 31 32 of
484 4254 184 38 £8,000,000
679 4250 61 34 will

101 4302 35 30 be
170 4301 98 32 issued
301 4301 33 30 in
368 4299 128 32 London
529 4298 33 30 in
603 4297 135 39 January

102 4348 80 31 next.

493 4384 164 33 December
672 4386 28 30 7.

141 4434 63 33 The
220 4432 150 34 Chamber
395 4431 32 33 of
451 4429 240 34 Mauufacturers
715 4426 25 33 is

102 4478 127 42 opposed
245 4481 30 28 to
290 4478 50 31 the
354 4475 144 42 proposed
512 4473 175 33 exhibition.

142 4523 29 31 It
195 4521 25 32 is
240 4520 142 33 intended
406 4523 31 29 to
458 4518 92 32 invite
575 4516 47 32 his
647 4514 95 42 Royal

103 4565 162 42 Highness,
281 4565 51 31 the
347 4564 106 31 Prince
468 4562 60 32 and
542 4561 50 32 the
604 4560 137 31 Princess

101 4611 35 32 of
157 4610 101 32 Wales
272 4612 31 29 to
327 4608 51 33 the
401 4605 158 43 inaugural
584 4613 158 31 ceremony

100 4655 33 32 in
148 4654 176 33 connection
338 4652 72 32 with
426 4651 50 32 the
489 4648 178 34 Centennial
681 4647 40 32 Ex-

101 4699 129 31 hibition
244 4698 31 31 in
289 4699 86 29 1888.
419 4695 63 32 The
491 4693 193 42 preliminary
696 4702 30 20 ar-

101 4744 193 40 rangements
328 4740 45 32 for
407 4739 51 32 the
493 4737 165 33 exhibition
693 4745 49 21 are

103 4787 89 40 being
210 4785 116 41 rapidly
347 4783 114 43 pushed
489 4781 136 34 forward.
678 4779 63 32 The

105 4828 279 35 area'allotted-will
397 4827 113 40 largely
533 4824 143 33 exceeded
690 4824 52 30 the

104 4874 76 34 total
189 4873 31 33 of
238 4873 50 33 the
303 4871 164 33 exhibition
478 4869 32 34 of
523 4871 86 30 1880.
654 4867 65 32 Com-

103 4918 173 32 missioners
289 4915 61 32 will
363 4914 36 32 be
425 4913 158 42 appointed
608 4913 32 30 in
667 4910 73 32 both

105 4962 174 34 Melbourne
303 4959 59 34 and
382 4958 137 34 London.

145 5007 62 31 The
218 5006 202 31 Government
429 5002 132 33 received
573 5012 16 21 a
597 5001 142 39 telegram

103 5051 75 32 from
202 5048 50 32 the
278 5045 256 43 Agents-General
560 5043 183 40 collectively

103 5094 113 40 stating
227 5092 66 31 that
304 5090 50 31 the
369 5090 79 31 basis
473 5089 32 32 of
526 5088 50 32 the
601 5086 141 41 Imperial

104 5137 142 31 Institute
260 5135 54 30 has
329 5134 74 31 been
418 5132 190 36 remodelled,
635 5130 58 31 and
717 5129 24 31 it

105 5181 60 32 will
190 5180 36 32 be
250 5177 94 33 called
372 5177 50 32 the
437 5175 141 43 Imperial
600 5174 142 32 Institute

101 5226 35 29 of
173 5224 51 31 the
266 5222 111 31 United
427 5221 159 38 Kingdom,
628 5217 114 31 British

105 5266 147 35 Colonies'
264 5264 57 33 and
331 5264 96 32 India.
470 5262 76 33 Half
554 5262 33 32 of
593 5261 51 32 the
656 5270 86 32 space

105 5314 61 31 will
200 5312 36 30 be
270 5309 134 32 reserved
439 5309 44 32 for
518 5308 51 32 the
604 5306 137 32 different

105 5355 131 34 colonies
261 5353 58 32 and
343 5353 96 36 India,
465 5351 72 33 each
562 5349 180 40 controlling

105 5402 40 30 its
180 5409 66 21 own
280 5397 121 31 section.
467 5396 63 30 The
571 5394 171 32 committee

105 5440 200 43 contemplate
338 5438 123 43 holding
501 5437 159 43 periodical
694 5447 32 21 ex-

104 5488 144 33 hibitions
282 5485 32 32 of
345 5485 116 39 specific
495 5483 161 32 industries
684 5481 59 32 and

105 5530 151 44 products.

495 5568 164 33 December
674 5570 27 30 8.

145 5617 64 33 The
239 5615 202 32 Government
466 5614 32 32 of
522 5612 133 33 Victoria
683 5612 59 30 and

105 5664 73 32 New
205 5659 95 33 South
334 5658 100 32 Wales
460 5658 76 31 have
564 5656 120 33 decided
711 5658 31 29 to

103 5707 108 33 reduce
240 5703 51 32 the
319 5702 139 33 terminal
485 5702 124 40 charges
632 5711 39 21 on
695 5709 30 22 or-

103 5752 106 36 dinary
237 5747 158 38 telegrams
422 5746 133 31 between
589 5743 151 31 Australia

104 5794 73 32 New
189 5789 131 34 Zealand
333 5794 29 27 to
373 5789 135 41 sixpence
521 5787 82 36 each,
616 5786 30 31 in
656 5786 83 40 place

103 5839 33 31 of
148 5849 16 20 a
180 5834 123 40 shilling
317 5833 43 32 for
371 5834 50 32 the
431 5834 63 31 first
508 5835 37 29 10
555 5831 95 33 words
662 5841 31 21 as
708 5833 31 28 at

787 208 127 36 present,
930 206 50 31 the
995 207 113 40 change
1124 211 30 29 to
1178 207 67 32 take
1270 208 85 32 effect
1379 219 36 21 on

784 248 133 43 January
934 251 54 30 Ist*

1023 295 125 39 Sydney,
1164 296 164 33 December
1348 298 28 31 8.

827 345 62 33 The
915 346 208 44 Carangamite
1147 348 25 33 is
1197 348 61 32 still
1282 348 133 38 standed,

785 390 58 31 and
858 391 75 33 little
1079 393 183 33 entertained
1277 393 32 33 of
1333 393 69 33 float-

782 432 51 43 ing
846 436 62 32 her.
952 437 62 31 The
1025 437 172 32 insurances
1209 448 39 21 on
1261 437 51 31 the
1324 437 91 32 vessel

782 485 123 27 amount
933 484 30 29 to
991 484 140 35 £25,000.
1187 482 25 31 A
1240 482 116 40 portion
1390 482 25 31 is

782 524 69 32 held
867 524 37 43 by
916 525 50 33 the
980 525 100 34 Union
1093 525 160 34 Insurance
1264 526 151 42 Company

782 569 31 30 of
832 569 70 30 New
918 570 140 30 Zealand.

823 611 62 32 The
913 612 235 32 British-Indian
1164 612 116 33 Steam?
1289 613 108 41 Naviga-

782 654 67 32 tion
877 655 153 42 Company
1060 656 74 31 have
1168 656 164 41 purchased
1366 657 49 31 the

781 698 68 32 fleet
872 700 32 31 of
924 700 51 31 the
1004 700 170 31 Australian
1201 700 102 32 Steam
1327 701 70 31 Navi-

781 741 105 42 gation
901 743 153 42 Company
1067 743 45 32 for
1136 745 160 35 £200,000.

830 787 211 42 Heavy--.rains
1068 787 75 33 have
1171 788 100 38 fallen,
1300 788 59 32 and
1385 787 30 33 in

781 833 81 37 parts
897 832 37 31 of'
956 832 50 31 the
1034 835 124 38 country
1185 833 111 31 serious
1323 833 92 31 floods

781 874 75 33 have
871 874 74 33 been
960 875 115 33 caused.

991 929 162 38 Adelaide,
1170 929 160 32 Decemcer
1345 931 28 31 7.

821 981 62 30 The
894 984 138 29 accounts
1044 982 77 31 from
1128 981 141 40 Teetulpa
1275 981 139 32 continue

780 1023 180 43 conflicting.
1015 1025 29 31 It
1064 1025 25 31 is
1123 1025 107 32 known
1258 1025 66 31 that
1351 1025 60 37 the,

781 1068 131 39 English
959 1069 137 39 English,
1160 1065 140 40 Scottish,
1355 1069 59 31 and

780 1110 172 33 Australian
987 1112 161 31 Chartered
1181 1112 87 31 Bank
1301 1111 112 41 bought

780 1156 57 31 687
853 1166 107 21 ounces
975 1155 31 32 of
1017 1156 69 40 gold
1100 1156 58 31 last
1181 1155 89 38 week,
1296 1155 54 32 but
1375 1166 38 21 on

779 1198 49 31 the
844 1199 83 31 other
941 1199 81 31 hand
1037 1200 50 30 the
1101 1200 115 40 diggers
1243 1199 67 32 who
1336 1199 75 31 have

778 1242 139 32 returned
930 1243 145 31 condemn
1089 1243 51 32 the
1155 1243 78 32 field.

994 1296 156 38 Brisbane,
1166 1295 163 33 December
1343 1297 28 31 7.

817 1348 62 33 The
909 1348 203 34 Government
1138 1350 75 32 have
1235 1350 132 32 received
1397 1361 16 21 a

780 1392 142 41 telegram
937 1394 76 31 from
1037 1394 50 31 the
1116 1394 240 40 Agent-General
1379 1394 32 31 in

779 1436 126 32 London
933 1438 127 41 starting
1086 1438 67 32 that
1180 1438 50 32 the
1260 1437 153 42 Secretary

777 1480 44 32 for
848 1481 52 33 the
929 1481 136 33 Colonies
1088 1482 55 32 has
1167 1482 157 32 intimated
1345 1481 66 33 that

775 1524 51 32 the
860 1526 141 40 Imperial
1035 1527 202 31 Government
1271 1526 84 31 deem
1388 1526 24 31 it

776 1579 198 33 unnecessary
1001 1570 66 32 that
1090 1570 113 32 British
1228 1570 184 42 sovereignty

776 1612 36 32 be
827 1615 180 38 proclaimed
1035 1625 68 21 over
1129 1616 73 30 New
1229 1615 125 36 Guinea,
1378 1625 32 19 as

776 1655 51 34 the
854 1656 120 35 defence
1002 1657 32 34 of
1058 1658 66 33 that
1151 1660 125 40 country
1302 1657 25 33 is
1362 1657 32 32 ad-

776 1702 138 40 equately
941 1703 122 30 secured
1087 1703 38 40 by
1139 1703 51 31 the
1204 1705 204 37 protectorate.

774 1743 63 33 The
854 1745 80 32 Hon.
952 1745 47 32 Mr
1015 1745 151 42 Stanhope
1180 1745 115 33 further
1318 1747 92 30 states

774 1788 65 32 that
866 1789 25 31 if
912 1790 180 32 annexation
1117 1790 58 32 and
1199 1790 163 40 protection
1385 1789 26 31 is

773 1832 135 40 required
937 1833 51 32 the
1012 1834 129 31 colonies
1164 1836 81 29 must
1272 1833 63 31 find
1359 1832 50 32 the

773 1886 155 31 necessary
942 1877 200 40 expenditure.

790 1953 222 34 (Continuation
1025 1954 34 37 of
1074 1956 90 31 News,
1178 1964 41 18 see
1232 1955 49 28 4th
1292 1956 100 35 Page.)

1322 63 115 40 THE
1492 62 185 39 LYELL
1729 62 186 46 TIMES,
1970 58 307 54 SATURDAY,
2334 65 310 41 DECEMBER
2698 78 54 34 :i,
2810 68 102 38 1886.

934 2032 136 41 Mining
1096 2034 152 33 Notices.

772 2111 84 32 THE
882 2112 195 33 LAENAGH
1109 2114 110 33 GOLD
1254 2112 153 35 MINING

881 2164 415 47 COMPANX,;LIMITED.

774 2267 209 37 mENDEES
998 2283 49 22 are
1058 2272 174 33 INVITED
1242 2272 45 33 for
1296 2273 89 33 DEIV-

779 2304 28 47 -1
856 2324 73 33 ING
955 2326 168 32 TUNNEL
1148 2328 57 31 100
1228 2326 120 39 FEET,
1377 2337 32 21 as

771 2389 52 29 per
850 2380 215 39 specifications
1092 2383 32 29 to
1150 2380 36 32 be
1212 2391 69 21 seen
1306 2383 31 29 at
1361 2381 48 31 Mr

773 2430 166 33 Fennell's
955 2431 113 33 Hotel.

812 2537 192 35 TENDEES
1020 2542 30 30 to
1069 2539 36 32 be
1127 2539 157 33 addressed
1308 2542 30 30 to
1361 2539 48 33 Mr

771 2591 43 32 M.
840 2592 183 38 Conradson,
1040 2603 66 21 care
1131 2593 33 31 of
1185 2593 48 31 Mr
1257 2593 149 38 Fennell,

771 2644 95 40 Lyell,
896 2645 59 30 and
983 2648 30 28 to
1042 2645 129 33 CLOSE
1197 2657 39 21 on
1262 2646 120 32 SATUE-

771 2695 92 38 DAY,
882 2695 71 33 18th
969 2696 239 39 DECEMBER-,
1226 2700 30 29 at
1271 2699 17 32 7
1303 2708 72 31 p.m.

995 2755 48 31 W.
1066 2755 261 38 HINDMAESH,

1213 2807 153 43 Manager.

810 2860 135 38 Eeefton,
962 2861 163 32 December
1141 2862 82 36 lOtli,
1240 2864 86 31 1886.

940 2947 294 33 PublicjNotnes.

902 3034 230 32 FENNELL'S
1154 3034 122 32 HALL.

771 3172 416 40 TO-NlGHT!—Saturday,
1216 3172 71 31 Dec.
1322 3173 82 31 11th.

773 3308 167 60 Miss
969 3309 436 61 Chesterfield

803 3398 78 33 Who
895 3398 54 32 has
965 3398 144 42 appeared
1123 3399 184 41 throughout
1321 3400 51 33 the

842 3442 173 31 Australian
1030 3442 136 31 Colonies
1181 3444 58 29 and
1260 3444 73 30 New

910 3485 141 38 Zealand,
1074 3485 60 32 will
1157 3485 110 33 deliver

928 3636 39 33 At
982 3636 50 33 the
1047 3636 91 34 above
1161 3636 82 34 Hall.

973 3774 72 32 New
1074 3775 140 37 Zealand,
1239 3775 73 32 Past
1346 3775 57 31 and

769 3934 186 31 Admission:
978 3935 94 30 Front
1098 3934 95 36 Seats,
1219 3937 65 33 35.;
1319 3935 82 30 Back

1007 3977 95 37 Seats,
1125 3978 43 31 2s.

787 4040 95 31 Doors
898 4051 75 27 open
989 4042 78 30 7.30.
1110 4040 178 31 Commence
1309 4042 29 29 at
1354 4042 27 29 8.

1064 4135 91 38 MA

801 4252 169 35 BULLER
992 4252 163 34 COUNTY
1180 4252 188 33 COUNCIL.

770 4355 81 81 ME
866 4355 36 31 E.
918 4355 48 32 W.
982 4354 123 32 M'COY
1130 4353 26 32 is
1180 4352 170 33 authorised
1373 4355 30 30 to

865 4407 184 33 COLLECT
1065 4405 132 33 EATES
1222 4406 57 32 due
1297 4405 32 33 in
1353 4406 50 31 the

768 4464 104 30 Buller
896 4462 117 40 County
1035 4461 104 31 within
1163 4461 51 31 the
1243 4460 109 40 Biding
1375 4460 32 31 of

770 4515 96 43 Lyell.

808 4612 181 41 Ratepayers
1017 4621 48 21 are
1093 4609 153 33 reminded
1274 4608 65 32 that
1364 4604 40 36 all

769 4666 133 33 EATES
917 4664 155 33 UNPAID
1088 4664 75 32 after
1176 4663 51 31 the
1250 4664 46 30 Ist
1317 4662 65 31 JAN-

769 4720 209 34 UAEYIBB7,
989 4717 60 31 will
1060 4717 35 31 be
1109 4715 109 33 SUED
1227 4716 45 31 for
1281 4715 98 32 WITH-

770 4772 81 35 OUT
868 4769 199 35 FUETHEE
1081 4767 161 35 NOTICE.

901 4824 163 32 EOBEET
1087 4823 34 30 F.
1143 4822 183 36 MULLAN,
1345 4828 5 8 '

1139 4874 117 41 County
1270 4873 96 33 Clerk.

808 4932 161 40 Westport,
985 4929 80 31 22nd
1079 4927 174 36 November,
1271 4928 85 30 1886.

770 5144 246 34 INANGAHUA
1037 5141 163 33 COUNTY
1213 5142 190 33 COUNCIL.

773 5245 99 84 THE
889 5245 117 39 County
1031 5244 75 30 Bate
1131 5243 156 35 Collector,
1303 5244 49 29 Mr
1375 5244 29 29 J.

855 5303 36 33 G.
908 5302 130 37 Heslop,
1054 5300 60 33 will
1128 5299 36 34 be
1178 5299 31 33 in
1229 5299 152 33 ATTEND-

771 5357 106 34 ANCE
912 5358 30 29 at
973 5353 203 33 HAMPDEN
1211 5353 124 32 District
1369 5364 38 21 on

772 5411 81 36 11th,
881 5409 82 35 12th,
988 5407 58 31 and
1072 5407 71 31 18th
1168 5407 134 40 January
1324 5409 80 33 next,

770 5464 45 34 for
825 5463 49 33 the
886 5470 125 34 purpose
1023 5459 31 33 of
1066 5458 228 40 RECEIVING
1305 5458 99 33 Bates.

810 5562 49 33 All
874 5560 132 34 BATES
1022 5558 107 33 LEFT
1150 5557 156 34 UNPAID
1331 5557 58 33 afte
1391 5578 15 21 r

770 5616 60 33 this
844 5615 68 32 visit
924 5613 60 32 will
999 5611 155 42 positively
1167 5611 36 31 be
1218 5611 71 31 sued
1303 5611 54 31 for.

1055 5666 29 31 J.
1102 5664 36 32 G.
1154 5663 173 37 HESLOP,

1118 5708 75 32 Bate
1211 5707 155 34 Collector.

808 5770 124 32 Council
948 5768 173 34 Chambers,
1138 5767 134 35 Reefton,

902 5819 165 35 November
1082 5818 83 34 30th.

1616 2442 119 33 Public
1752 2442 151 32 Notices.

1571 2533 121 31 JOHN
1726 2530 216 32 PENNELL

1517 2592 191 28 ENERAL
1765 2592 39 28 O
1813 2590 263 30 TOREKEEPER.

1530 2670 84 26 Wine
1633 2677 56 18 and
1709 2669 95 27 Spirit
1827 2669 169 26 Merchant.

1479 2773 102 35 Money
1601 2773 102 34 always
1724 2773 30 26 in
1776 2772 75 27 hand
1871 2772 42 27 for
1931 2771 113 34 cashing

1698 2810 126 37 cheques.

1477 2929 109 28 Liberal
1600 2928 136 28 advances
1749 2929 81 27 made
1846 2937 35 19 on
1895 2928 106 36 parcels
2016 2928 30 27 of

1656 2968 119 28 retorted
1789 2966 73 38 gold.

1585 3083 76 39 Cliff
1682 3083 122 47 Street,
1830 3083 108 48 Lyell.

1442 3175 111 53 ALL
1574 3175 242 53 NATIONS
1846 3176 230 53 BAKERY

1581 3323 171 38 HENRY
1782 3322 165 38 YOUNG

1444 3394 156 33 ■nAKER
1632 3394 83 32 AND
1750 3393 315 34 CONFECTIONER

1443 3430 43 44 L>
1622 3460 81 31 Cliff
1722 3461 57 39 St.,
1798 3460 104 38 Lyell.

1441 3567 140 34 Pic-Nics,
1602 3567 89 33 Balls,
1710 3567 58 27 and
1788 3567 121 36 Suppers
1939 3566 137 36 supplied.

1442 3676 200 40 Christening,
1669 3676 156 40 Wedding,
1849 3676 58 31 and
1931 3676 145 41 Birthday

1441 3720 94 32 Cakes
1555 3721 86 30 made
1667 3730 38 21 on
1729 3719 51 32 the
1801 3719 128 32 shortest
1949 3720 127 40 possible

1706 3763 108 32 notice.

1514 3830 40 31 H.
1577 3829 151 37 YOUNG,
1745 3829 71 32 Cliff
1839 3829 56 37 St.,
1910 3829 96 41 Lyell.

1460 3926 128 36 POST
1631 3925 193 38 OFFICE
1867 3925 189 44 HOTEL,

1647 3982 108 27 LYE
1776 3983 23 26 L
1819 3983 22 27 L
1862 4003 6 6 .

1490 4078 224 39 PETER
1745 4079 280 39 MANGOS

1612 4221 86 26 Hotel
1710 4220 24 27 is
1747 4230 62 17 now
1823 4230 80 25 open.

1439 4256 153 30 Travellers
1611 4258 54 27 and
1684 4257 109 30 visitors
1812 4261 28 25 to
1859 4258 56 28 this
1933 4258 128 28 establish-

1473 4301 79 23 ment
1564 4298 56 26 will
1632 4297 58 27 find
1702 4298 72 26 their
1785 4297 117 28 comfort
1910 4298 56 26 and
1978 4308 48 17 con-

1509 4334 130 28 venience
1650 4334 168 37 thoroughly
1827 4334 130 28 attended
1969 4338 38 24 to.

1440 4372 58 28 The
1511 4372 147 28 bedrooms
1680 4383 46 18 are
1736 4373 78 36 lofty,
1828 4372 55 28 and
1896 4374 64 28 well
1973 4374 102 36 lighted

1642 4411 56 28 and
1718 4411 159 28 ventilated.

1475 4489 205 27 Comfortable
1710 4489 128 27 Parlors
1865 4498 55 18 and
1940 4490 86 27 First-

1658 4535 82 19 class
1759 4527 102 28 Table.

1458 4566 58 27 One
1540 4565 31 28 of
1589 4565 128 28 Alcock's
1731 4566 78 27 Prize
1822 4566 117 27 Billiard
1952 4566 107 28 Tables.

1440 4643 59 27 The
1512 4643 57 27 Bar
1581 4643 23 27 is
1618 4642 111 29 stocked
1740 4642 66 28 with
1821 4643 73 30 Ales,
1905 4642 104 34 Wines,
2023 4644 52 28 and

1494 4681 97 36 Spirits
1605 4683 26 25 ot
1650 4681 167 36 guaranteed
1836 4680 101 29 brands
1950 4683 74 35 only.

1475 4720 24 27 A
1517 4719 143 28 first-class
1682 4719 182 29 s!xteen«st;ill
1877 4720 87 27 stable
1977 4721 72 27 iscon-

1442 4757 97 29 nected
1553 4758 67 27 with
1635 4757 55 29 this
1705 4757 84 28 hotel.

1694 4795 124 30 PETER
1843 4796 164 32 MANGOS,

1880 4835 151 30 Proprieor.

2017 189 129 37 Public'
2164 193 151 33 Notices.

1642 304 126 64 W
1815 302 456 67 SPRING
2326 299 413 73 GOODS

2428 673 99 44 AIU
2551 674 64 53 (%

1455 945 160 76 NOW
1686 942 313 76 OPENING
2070 942 201 76 FIRST
2334 942 404 76 SHIPMENTS

1453 1206 292 109 Mu
2001 1206 346 140 Xvmq
2403 1206 86 117 f
2492 1237 247 109 mytty,

1453 1546 125 41 NEW
1610 1546 208 49 Bonnets,
1851 1545 126 48 Hats,
2009 1544 189 40 Flowers
2225 1545 86 38 and
2344 1543 247 40 Feathers!

1550 1632 126 39 NEW
1698 1631 157 48 Prints,
1876 1631 263 48 Camelines,
2160 1630 208 48 Sateens,
2384 1630 85 39 and
2492 1630 218 40 Galateas
2730 1632 7 36 !

1647 1721 126 39 NEW
1796 1721 134 38 Dress
1944 1721 160 47 Goods,
2121 1720 270 48 Trimmings
2410 1721 85 38 and
2520 1721 194 38 Buttons
2730 1724 7 35 !

1745 1812 126 39 NEW
1894 1812 202 49 Ribbons,
2117 1812 155 40 Scarfs
2292 1813 85 38 and
2400 1812 125 40 Ties!

1842 1904 126 40 NEW
1991 1902 194 41 Mantles
2205 1903 85 40 and
2316 1903 210 40 Dolmans
2547 1906 7 37 !

1940 1994 125 40 NEW
2084 1993 172 51 Aprons
2274 1993 86 39 and
2386 1992 253 42 Pinafores!

1855 2344 119 33 CLIFF
1997 2344 169 37 STKEET,
2188 2344 147 34 LYELL.

2276 2444 119 32 Public
2419 2446 151 31 Notices.

2109 2524 161 38 FERN
2318 2525 71 38 FL
2390 2524 4 51 !
2396 2526 77 38 AT
2519 2527 218 48 HOTEL,

2265 2587 125 29 UPPER
2420 2589 164 29 BULLER.

2114 2702 37 18 -*-
2194 2702 88 26 under
2292 2703 45 26 the
2349 2707 195 32 management
2552 2704 29 27 of
2591 2705 45 26 Mr
2647 2705 92 27 Alfred

2108 2738 98 36 Smith,
2217 2739 47 31 the
2277 2740 101 30 former
2390 2742 159 36 proprietor.

2140 2815 91 38 Every
2245 2817 237 30 accommodation
2490 2818 56 29 and
2558 2820 181 28 convenience

2107 2855 39 27 for
2160 2855 139 28 travellers
2311 2856 118 28 between
2445 2858 46 28 the
2504 2859 78 28 West
2594 2859 82 28 Coast
2687 2860 52 26 and

2107 2893 110 34 Nelson,
2238 2895 151 36 Hampden
2412 2896 174 34 Matakitaki,
2609 2898 130 36 Glenroy,

2107 2931 113 33 Maruia,
2236 2933 53 26 and
2302 2933 46 28 the
2363 2935 82 26 Owen
2460 2935 89 28 Reefs.

2107 3008 158 30 Neman's
2279 3010 89 33 Royal
2391 3011 68 28 Mail
2480 3010 69 30 Line
2570 3010 30 31 of
2617 3012 122 29 Coaches

2139 3047 80 27 make
2244 3048 55 27 this
2321 3048 138 37 hostelery
2478 3050 47 27 the
2547 3050 60 28 first
2628 3051 77 34 day's

2173 3088 75 33 stage
2261 3085 71 28 from
2344 3086 75 28 West
2427 3087 83 29 Coast
2519 3089 28 27 to
2558 3088 112 29 Nelson.

2139 3163 103 28 Horses
2256 3164 53 27 and
2328 3165 146 35 equipages
2488 3175 16 17 a
2517 3165 152 37 speciality.

2286 3210 190 37 ALFRED
2499 3212 162 46 SMITH,

2537 3254 167 38 Proprietor.

2358 3340 158 41 WOLF
2561 3340 36 41 &
2641 3340 97 49 CO.,

2420 3441 171 21 WHOLESALE
2621 3443 56 19 AND

2206 3625 114 28 Dealers
2333 3625 30 27 in
2376 3625 37 28 all
2426 3626 180 36 descriptions
2620 3626 30 28 of

2121 3673 104 29 FARM
2262 3673 78 29 AND
2377 3674 120 29 DAIRY
2533 3673 190 31 PRODUCE.

2104 3750 99 29 Hotels
2211 3750 56 29 and
2279 3750 131 29 Families
2417 3750 102 29 waited
2531 3760 36 19 on
2580 3750 42 29 for
2629 3751 109 28 Orders.

2139 3827 99 28 Orders
2257 3827 138 28 delivered
2414 3831 29 24 to
2464 3828 38 27 all
2522 3831 76 33 parts
2611 3838 16 18 o
2657 3829 48 27 the

2361 3866 124 28 District.

2276 3943 73 28 Note
2363 3944 48 27 the
2424 3944 124 28 Address

2123 3988 113 31 ES'W
2255 3989 107 27 OLF
2434 3989 114 27 AND
2630 3990 91 34 CO.,

2156 4028 73 29 Next
2252 4028 47 29 the
2325 4028 190 29 Government
2533 4028 154 38 Buildiugs,

2251 4068 86 26 Cliff
2357 4068 119 30 Street,
2495 4068 104 27 Lyell.

2105 4159 113 41 THE
2276 4159 205 41 EMPIRE
2538 4160 199 51 HOTEL,

2201 4229 111 26 CLIFF
2332 4229 154 33 STKEET,
2505 4230 134 26 LYELL.

2114 4382 36 15 -*-
2188 4377 37 27 all
2236 4376 114 28 modern
2359 4376 217 36 improvements
2587 4377 152 33 regardless

2105 4415 30 27 of
2144 4417 65 26 cost,
2224 4414 54 27 and
2300 4415 196 37 consequently
2516 4415 80 28 offers
2617 4419 122 33 superior

2105 4453 245 29 accommodation.

2253 4552 212 31 FENNELL'S
2485 4554 104 28 HALL

2105 4591 29 28 Is
2159 4601 15 18 a
2194 4591 153 28 well-fitted
2370 4600 86 24 room,
2481 4593 66 27 with
2570 4593 69 34 good
2662 4596 75 32 stage

2140 4630 244 34 accommodation,
2399 4629 54 29 and
2465 4630 134 29 excellent
2611 4633 91 36 piano.

2108 4726 108 35 Sample
2229 4735 99 18 rooms.
2365 4726 128 36 Boohing
2507 4727 82 36 Office
2595 4728 53 35 for
2659 4728 59 28 New-

2206 4766 89 25 mans'
2309 4765 92 35 Royal
2418 4765 74 28 Mail
2507 4766 127 27 Coaches.

2171 4826 105 31 JOHN
2298 4826 206 36 FENNELL,
2517 4827 179 38 Proprietor.

2022 4998 129 40 TRY

1522 5138 1129 69 KIRKPATHIGK'i
2703 5132 34 77 g

1711 5736 73 41 IT
1860 5736 72 43 IS
2010 5740 151 39 THE
2236 5738 243 42 BEST.-

2939 192 119 32 Public
3087 194 151 31 Notices.

3146 390 146 35 LYELL.

2867 531 204 42 JAMES
3122 529 182 48 EDGE,

2866 621 238 28 HOLESALE
3141 621 79 27 AND
3265 621 140 26 RETAIL

2918 697 338 32 BUTCHER.

2770 825 98 29 Hotels
2882 825 54 29 and
2949 825 132 29 Families
3100 825 100 29 waited
3222 835 35 19 on
3271 824 82 38 Daily
3366 825 39 30 for

3034 864 110 28 Orders.

2821 966 75 31 Meat
2909 967 146 30 Delivered
3075 971 26 26 to
3115 967 37 30 all
3171 971 76 35 parts
3259 968 28 29 of
3308 967 45 29 the

3026 1007 125 28 District.

2769 1096 119 32 NEW
2933 1097 156 31 CHUM
3127 1095 277 37 BUTCHERY,

2835 1154 130 36 Opposite
2975 1152 152 30 Alhambra
3137 1153 95 31 Hotel,
3247 1153 87 36 Lyell.

2876 1237 178 40 JAMES
3103 1237 189 48 INGLIS,

2819 1380 263 29 HAREBROKER
3113 1382 21 26 &
3164 1380 238 29 COMMISSION

2982 1540 207 34 AGENT,

2843 1689 115 30 Cliff
2996 1688 159 35 Street,
3191 1688 125 29 Lyell

2848 1785 57 40 E.
2975 1785 59 42 0.
3107 1784 219 50 NASH,

2935 1931 302 33 SHAREBBOKEB,

2835 2065 122 29 INING
2987 2065 80 28 AND
3098 2063 180 30 GENERAL
3310 2063 65 29 COM-

2915 2104 157 29 MISSION
3113 2102 137 32 AGENT,

2826 2234 267 40 BROADWAY,
3117 2232 225 40 REEPTON,

2915 2362 78 38 (Late
3006 2363 33 29 G.
3053 2362 31 30 C.
3097 2362 154 37 Bowman.)

3615 197 118 31 Public
3752 198 150 32 Notices.

3445 275 83 30 THE
3563 276 342 31 THOROUGHBRED
3928 277 117 32 HORSI

3725 655 73 22 WILL

3470 699 127 28 NTAND
3610 701 40 28 for
3664 699 46 30 the
3725 701 140 28 SEASON
3886 703 28 27 in
3928 703 45 28 the
3989 703 71 29 West

3529 743 70 31 port,
3623 739 124 33 Reefton,
3770 740 73 36 Grey
3867 741 106 37 Valley,
3998 743 57 35 Lye

3444 775 54 27 and
3512 776 94 36 Upper
3619 778 94 27 Duller
3731 778 136 27 Districts.

3478 872 145 27 Pedigree
3635 881 6 19 :
3660 873 58 28 The
3734 874 117 27 Grinder
3863 875 36 35 by
3911 875 108 29 Traitor
4026 884 34 19 on

3443 909 31 29 of
3483 909 170 30 Misfortune.
3691 912 57 28 The
3761 912 108 29 Traitor
3890 913 35 37 by
3938 913 116 30 Traduct

3445 948 76 36 (imp)
3533 952 47 24 out
3589 950 30 26 of
3624 950 150 36 Deception
3787 952 87 35 (imp.)
3914 952 136 29 Misfortun-

3442 985 37 38 by
3492 987 113 29 Towton
3620 988 77 37 (imp)
3712 993 47 25 out
3772 989 30 29 of
3812 990 113 36 Regalia
3940 990 75 38 (imp.

3477 1086 95 28 Terras
3593 1108 28 7 ...
3644 1089 37 27 ,£3
3694 1089 38 27 3s.
3776 1089 152 35 Grooinage
3950 1112 28 5 ...
4000 1093 38 25 ss.

3535 1125 39 27 To
3588 1126 32 26 be
3633 1126 64 35 paid
3710 1130 28 23 at
3750 1127 67 27 time
3829 1127 30 27 of
3868 1128 111 27 service.

3444 1205 123 75 Spring
3586 1206 29 60 &
3632 1207 155 61 Summer
3799 1209 180 73 Fashions,
3991 1210 60 60 188

3571 1319 112 39 MISS
3716 1322 235 38 KENNEDY

3505 1379 268 30 ESPECTFULLY
3794 1381 108 36 invites.
3914 1382 99 29 Ladies
4035 1388 22 23 a<

3497 1419 5 18 '
3538 1420 105 26 tention
3657 1424 28 23 to
3697 1420 46 27 the
3763 1420 136 36 following
3912 1421 124 37 descripti
4043 1432 7 12 •■

3442 1454 45 28 list
3517 1456 30 27 of
3573 1456 89 29 NEW
3693 1458 172 29 SEASON'S
3897 1459 122 28 GOODS
4029 1468 26 19 :-

3443 1493 148 38 Millinery,
3604 1494 123 30 Bonnets
3740 1497 54 27 and
3808 1497 79 32 Hats,
3901 1497 29 28 in
3943 1497 45 29 the

3441 1532 47 36 ing
3500 1532 106 39 shapes,
3620 1539 105 24 newest
3735 1536 138 28 materials
3886 1536 53 28 and
3952 1536 93 29 colors.

3442 1570 177 31 Untrimmed
3650 1574 109 33 Straws,
3790 1576 29 26 in
3848 1575 47 27 the
3926 1575 116 36 Mephist

3476 1610 129 34 Katinka,
3653 1613 117 33 Verona,
3819 1613 111 29 Mikado
3977 1614 70 28 Fau^

3476 1649 114 33 Coralie,
3599 1651 177 32 Badminton,
3786 1653 55 26 and
3850 1653 79 26 other
3940 1653 115 26 Fashio:<

3474 1686 60 29 able
3556 1688 104 38 Shapes
3679 1689 67 29 New
3766 1689 83 30 Dress
3872 1690 79 37 Caps,
3965 1690 85 29 Frenc

3474 1726 131 33 Flowers,
3632 1728 144 35 Aigrettes,
3811 1730 116 31 Gauzes,
3956 1730 54 27 and
4034 1740 25 17 in

3475 1764 140 37 Millinery
3627 1765 170 29 Accessories
3810 1766 28 28 in
3852 1768 114 34 variety.

3438 1801 24 29 A
3476 1802 101 29 Choice
3589 1804 173 29 Assortment
3773 1805 30 28 of
3814 1805 127 34 Mantles,
3952 1805 93 29 Jacket

3474 1842 86 35 Capes
3574 1842 54 27 and
3641 1842 99 28 Visites
3759 1844 29 26 in
3808 1844 66 32 Silk,
3888 1844 108 28 Canvas
4017 1846 49 26 ai::'

3472 1879 72 29 Lace
3558 1880 138 36 profusely
3709 1881 137 29 trimmed.

3439 1917 83 29 Dress
3536 1919 140 27 Materials
3688 1920 29 27 in
3739 1921 131 34 Guipure,
3883 1921 80 31 Lace,

3473 1956 109 29 Canvas
3595 1957 102 31 Cloths,
3716 1958 99 36 Buges,
3829 1959 89 28 Nun's
3940 1958 119 37 Veiling-

3473 1995 94 37 Crimp
3581 1996 90 33 Cloth,
3685 1995 85 39 Terry
3783 1997 96 36 Stripe,
3893 1999 45 26 &c.

3439 2032 65 30 Also
3535 2034 47 28 the
3608 2034 67 28 New
3700 2034 85 29 Pekin
3811 2035 106 37 Striped
3943 2035 58 28 Silk
4032 2035 34 28 foi

3472 2072 152 35 trimming.

3439 2110 106 28 Ladies'
3566 2110 96 38 Ready
3686 2111 81 29 Made
3792 2113 153 34 Costumes,
3959 2113 28 27 in
4012 2122 40 18 nc

3474 2149 102 33 Colors,
3591 2150 71 27 from
3674 2152 48 26 20s
3734 2154 28 24 to
3775 2152 56 26 355.

3439 2186 152 29 Childrens'
3603 2188 151 34 Costumes,
3761 2189 28 27 in
3797 2189 167 27 fashionable
3971 2192 69 24 mate
4047 2198 10 18 r-

3472 2225 62 34 ials,
3547 2225 56 28 will
3615 2225 33 29 be
3661 2226 79 29 made
3754 2227 54 28 and
3821 2227 137 28 trimmed.

3439 2263 109 33 Ladies,
3563 2263 217 37 Underclothing
3801 2265 54 27 and
3876 2265 78 36 Baby
3977 2265 83 28 Liner

3474 2310 16 19 a
3503 2301 93 28 varied
3606 2302 85 28 stock.

3439 2340 119 33 Ladies',
3580 2340 98 28 Maids'
3701 2342 55 27 and
3779 2340 153 29 Children's
3954 2342 92 28 Corset

3474 2378 29 29 in
3517 2378 47 30 the
3586 2379 103 34 Bridal,
3704 2380 124 34 Czarina,
3848 2380 150 36 Amethyst
4017 2390 33 19 aii

3474 2417 79 27 other
3572 2418 107 27 Perfect
3701 2418 114 35 Shapes,
3832 2419 72 27 from
3925 2422 29 24 2a
3976 2423 28 25 to
4027 2422 30 25 15

3474 2455 35 27 Gd
3521 2463 49 28 per
3582 2454 67 37 pair.

3439 2493 109 29 Babies'
3575 2493 116 29 Pelisses
3716 2493 54 30 and
3800 2494 133 37 Carrying
3963 2495 83 30 Cloak

3474 2533 70 28 from
3558 2533 31 26 4s
3602 2533 35 26 6d
3650 2537 27 23 to
3690 2534 47 26 45s
3749 2533 77 28 each.

3439 2570 120 34 Hosiery
3582 2570 30 28 in
3632 2571 37 27 all
3692 2571 94 28 Colors
3805 2571 28 28 in
3859 2571 72 29 Lisle
3953 2571 87 30 Threa
4049 2573 8 17 1

3475 2610 85 36 Spun,
3575 2610 59 27 Silk
3646 2610 51 27 and
3707 2610 155 28 Cashmere.

3439 2648 108 28 Ladies'
3561 2648 107 36 Aprons
3681 2648 28 28 in
3722 2653 76 30 great
3812 2649 105 37 variety
3929 2653 28 25 to
3971 2650 68 29 choo

3474 2686 80 33 from,
3567 2697 16 17 a
3605 2688 100 34 special
3725 2688 54 26 line
3801 2693 29 22 at
3843 2689 28 26 Is
3893 2689 76 32 each,
3983 2698 62 19 won

3474 2723 105 28 double.

3439 2761 153 30 Children's
3613 2759 95 40 Ready
3732 2761 81 31 Made
3835 2762 148 35 Pinafores,
4004 2773 31 20 ve

3473 2801 95 35 cheap.

3439 2837 239 30 N.B.—Feathers
3691 2837 120 37 cleaned,
3825 2839 70 35 dyed
3905 2839 53 29 and
3968 2840 72 29 curie
4053 2837 13 37 :.

3472 2878 81 36 equal
3566 2882 28 23 to
3607 2877 76 34 N«jW,
3696 2888 35 18 on
3744 2879 47 27 the
3804 2879 139 35 premises.

2828 2451 123 28 LYELL
2965 2453 21 27 &
2999 2451 174 29 CENTRAL
3187 2450 155 29 13DLLER

2970 2596 35 21 TO
3019 2597 36 20 BE
3069 2596 79 20 HELD
3162 2596 36 20 ON

2784 2639 174 33 MONDAY,
2977 2639 224 28 DECEMBEB
3217 2638 68 29 27th
3288 2659 5 13 }
3307 2638 78 29 ISB6.

3004 2714 161 28 Steioards:

2769 2753 100 30 Messrs
2882 2752 110 31 Lowick
3111 2753 102 29 Messrs
3222 2752 27 30 J.
3259 2750 142 39 Campbell

2820 2812 18 13 „
2883 2792 27 27 J.
2925 2792 69 27 Reid
3163 2811 18 14 „
3223 2791 178 27 J.M'Dowall

2820 2851 17 14 „
2883 2830 34 28 D.
2933 2829 124 29 Sullivan
3163 2850 17 14 „
3224 2829 27 29 J.
3269 2827 66 30 Rait

2820 2890 17 13 „
2883 2870 29 27 C.
2930 2870 111 27 Trower
3163 2888 17 12 „
3224 2869 33 26 A.
3277 2867 90 29 Smith

2912 2908 110 36 Judge:
3045 2907 43 28 Mr
3100 2906 32 29 0.
3146 2906 107 37 Lynch.

2882 2945 128 28 Starter:
3032 2945 44 28 Mr
3088 2945 31 27 T.
3133 2945 155 28 O'Rourke.

2846 2984 81 29 Cleric
2939 2984 35 34 of
2982 2984 119 28 Course:
3123 2983 44 27 Mr
3179 2983 27 28 J.
3219 2983 104 28 James.

2780 3022 82 30 Cleric
2874 3022 35 36 of
2919 3021 112 29 Scales:
3053 3021 44 29 Mr
3109 3021 38 29 H.
3159 3021 33 28 B.
3206 3020 182 29 Huddleston.

2834 3061 77 27 Hon.
2928 3060 153 27 Treasurer
3092 3069 8 17 :
3121 3059 45 27 Mr
3178 3060 32 26 0.
3224 3059 106 36 Lynch.

2768 3156 83 28 Hack
2869 3156 123 28 Hurdle
3012 3154 78 29 Race
3109 3154 30 29 of
3161 3155 33 27 10
3219 3163 69 20 sovs.
3337 3153 46 29 Dis-

2836 3198 88 28 tance,
2938 3195 32 33 l£
2982 3194 88 26 miles.
3107 3194 71 26 Over
3197 3193 41 27 six
3258 3192 94 35 flights
3373 3192 28 28 of

2836 3231 118 28 hurdles.
2992 3231 148 27 Minimum
3165 3230 110 36 weight,
3290 3232 41 26 9st
3345 3229 54 29 71b.

2835 3270 149 33 Entrance,
2999 3270 13 27 1
3026 3279 56 18 sov.

2766 3318 109 28 Jockey
2888 3321 78 24 Club
2979 3318 149 26 Handicap
3139 3316 29 28 of
3179 3318 32 26 25
3222 3326 71 18 sovs.
3314 3316 86 36 (Open

2837 3356 91 35 Race.)
2965 3355 140 32 Distance,
3127 3356 32 33 1|
3182 3354 87 28 miles.
3306 3354 76 28 Nomi-

2836 3394 120 34 nations,
2970 3395 14 27 1
2999 3402 56 20 sov.
3092 3394 194 35 Acceptances,
3300 3392 54 38 30/.

2767 3443 149 26 Handicap
2929 3442 84 27 Hack
3027 3441 77 28 Race
3123 3442 30 27 of
3173 3443 14 25 5
3201 3450 70 19 sovs.
3309 3441 12 33 f
3337 3440 64 28 mile

2836 3480 78 27 heats
2936 3479 116 28 without
3073 3479 196 35 dismounting.
3307 3478 75 28 Nomi-

2835 3518 119 33 nations,
2968 3516 36 38 5/.
3041 3516 195 37 Acceptances,
3250 3516 36 37 5/.

2766 3566 136 28 District
2916 3566 150 27 Handicap
3076 3565 30 27 of
3116 3566 31 26 15
3161 3573 70 19 sovs.
3314 3563 87 29 miles.

2837 3605 201 32 Nominations,
3054 3603 52 36 10/.
3142 3603 193 36 Acceptances,
3354 3603 47 28 Ml.

2836 3643 78 35 Open
2929 3647 26 22 to
2969 3642 106 27 district
3088 3641 92 28 horses
3194 3641 73 36 only.

2768 3692 151 28 Handicap
2940 3690 85 28 Hack
3046 3690 77 28 Race
3146 3690 29 28 of
3194 3692 14 26 5
3232 3699 71 19 sovs.
3340 3688 45 29 Dis-

2836 3734 89 26 tance,
2957 3730 14 26 1
3002 3728 75 28 mile.
3126 3728 207 33 Nominations,
3363 3727 37 36 5/.

2835 3768 192 36 Acceptances,
3042 3766 36 38 5/.

2767 3815 193 29 Consolation
2974 3814 151 28 Handicap
3137 3814 29 28 of
3183 3815 34 26 10
3229 3822 71 19 sovs.
3337 3814 52 27 Dis

2836 3857 89 28 tance,
2952 3854 14 26 1
2992 3852 74 28 mile.
3115 3852 205 33 Nominations,
3347 3852 53 36 10/.

2835 3891 194 36 Acceptances,
3045 3889 52 38 10/.

2768 3941 114 27 Forced
2896 3940 149 27 Handicap
3057 3938 30 29 of
3106 3939 34 28 10
3153 3947 70 20 sovs.
3260 3937 141 33 Distance,

2837 3979 32 33 \\
2892 3978 88 25 miles.
3017 3978 149 30 Entrance,
3187 3979 14 24 1
3226 3986 57 17 sov.
3320 3977 60 26 Com-

2836 4015 111 37 pulsory
2960 4017 27 26 to
3001 4013 127 35 winners,
3139 4014 121 38 optional
3270 4016 27 27 to
3306 4013 94 29 losers.

2890 4114 98 30 Rules
3000 4123 55 20 and
3069 4114 209 29 Regulations.

2801 4162 179 30 Nomination
3006 4162 73 37 day:
3108 4163 136 36 Tuesday,
3266 4162 55 28 2nd
3346 4162 36 28 No-

2766 4203 113 28 vember
2890 4212 5 24 ;
2916 4202 168 29 declaration
3106 4202 30 29 of
3154 4202 133 34 weights:
3308 4201 77 30 Satur-

2766 4242 62 35 day,
2855 4241 64 27 13th
2946 4240 172 32 November;
3137 4241 79 33 night
3241 4241 30 27 of
3291 4240 109 35 general

2766 4285 96 31 entry:
2882 4278 134 38 Tuesday,
3027 4278 65 29 14th
3103 4277 159 29 December.

2801 4327 195 27 Nominations
3008 4327 42 26 for
3063 4326 47 27 the
3123 4325 105 36 Jockey
3236 4325 70 28 Club
3321 4325 58 28 Han-

2773 4364 73 37 licap
2860 4363 56 30 and
2931 4364 112 28 District
3064 4363 146 37 Handicap
3233 4363 55 28 will
3307 4363 33 28 be
3361 4372 26 19 re-

2766 4403 93 28 ceived
2872 4403 35 35 by
2920 4403 47 28 the
2980 4403 141 34 Secretary
3137 4412 36 26 up
3187 4406 28 23 to
3227 4403 17 26 8
3257 4411 66 27 p.m.

2800 4450 45 30 All
2857 4449 188 30 nominations
3058 4454 27 24 to
3106 4449 107 29 enclose
3227 4449 173 37 description,

2766 4499 59 24 age.
2839 4490 135 35 pedigree,
2987 4489 55 27 and
3065 4489 81 27 latest
3164 4489 189 35 performance
3374 4490 27 25 of

2766 4528 104 33 horses,
2893 4536 80 19 name
2999 4527 30 28 of
3050 4536 92 19 owner
3166 4526 53 27 and
3244 4526 105 27 colours
3373 4527 28 26 of

2766 4566 94 33 riders,
2874 4571 127 23 entrauce
3020 4574 111 27 money,
3145 4564 55 29 and
3213 4563 185 37 qualification

2766 4604 64 28 fees.

2828 4651 115 29 District
2956 4650 80 29 horse
3083 4654 29 24 to
3125 4659 82 19 mean
3220 4659 16 19 a
3249 4649 80 29 horse
3340 4649 60 29 that

2766 4690 50 28 has
2837 4690 68 28 been
2928 4689 122 34 running
3070 4689 29 27 in
3121 4689 47 27 the
3187 4689 106 27 district
3314 4689 42 27 for
3372 4694 28 22 at

2766 4729 67 27 least
2846 4729 77 27 three
2935 4727 113 29 months
3060 4727 74 37 prior
3154 4730 27 25 to
3200 4727 46 28 the
3260 4736 70 23 race,
3346 4726 54 28 and

2766 4771 27 23 to
2807 4767 32 27 be
2853 4767 47 26 the
2914 4765 138 37 honafide
3065 4771 127 31 property
3204 4765 30 28 of
3243 4774 16 18 a
3272 4765 127 27 resident.

2767 4805 113 29 District
2898 4807 28 27 to
2947 4804 108 29 include
3075 4803 147 38 Hampden
3250 4802 100 36 Riding
3373 4802 28 28 of

2766 4844 109 34 County
2899 4844 29 27 of
2966 4843 181 34 Inangahua;
3179 4842 125 35 together
3332 4842 68 28 with

2766 4881 80 36 Lyell
2860 4880 110 37 Riding,
2985 4881 108 35 County
3106 4880 103 28 Buller.

2801 4930 42 27 No
2863 4938 99 27 person
2982 4929 57 27 will
3060 4928 32 28 be
3114 4927 115 28 allowed
3251 4930 28 25 to
3295 4929 77 26 enter
3384 4936 16 17 a

2766 4966 79 29 horse
2869 4967 42 28 for
2934 4976 55 27 any
3012 4976 61 18 race
3096 4967 104 35 (except
3222 4965 71 28 hack
3313 4965 85 33 races)

2766 5007 91 28 unless
2871 5006 33 29 he
2918 5006 22 28 is
2954 5016 15 18 a
2984 5004 152 30 subscriber
3149 5004 30 29 of
3189 5005 37 29 4-1
3241 5009 27 24 to
3281 5003 46 29 the
3337 5012 62 19 race

2766 5045 75 26 fund.
2890 5045 44 26 All
2959 5044 72 27 hack
3053 5053 76 18 races
3153 5047 61 31 post
3233 5047 88 31 entry,
3345 5042 55 27 and

2766 5082 105 36 subject
2883 5085 28 25 to
2924 5082 46 28 the
2983 5081 130 36 approval
3126 5082 30 26 of
3166 5080 45 28 the
3225 5079 138 30 stewards.

2800 5128 58 27 The
2880 5127 121 28 decision
3026 5127 30 27 of
3076 5127 46 27 the
3147 5126 130 29 stewards
3302 5134 35 19 on
3363 5125 35 27 all

2767 5166 90 36 points
2883 5165 149 27 connected
3062 5165 68 26 with
3154 5164 47 27 the
3225 5172 173 28 programme

2766 5204 70 27 shall
2850 5203 33 28 be
2897 5204 75 27 final.

2799 5252 115 34 Anyone
2937 5250 125 35 entering
3082 5259 15 18 a
3116 5253 103 32 protest
3233 5252 76 25 must
3321 5247 34 28 do
3369 5257 29 18 so

2765 5288 29 28 in
2815 5289 109 35 writing
2945 5287 98 29 within
3064 5287 92 27 fifteen
3180 5288 120 25 minutes
3312 5286 30 26 of
3352 5285 46 27 the

2766 5329 70 28 close
2850 5327 29 30 of
2897 5338 69 21 race,
2981 5325 194 37 accompanied
3188 5325 36 37 by
3238 5325 45 29 the
3297 5333 60 20 sum
3372 5322 29 29 of

2768 5367 47 33 4-1,
2837 5367 90 26 which
2949 5366 55 27 will
3025 5365 33 27 be
3079 5365 121 26 forftited
3219 5367 28 24 to
3269 5364 46 27 the
3336 5372 62 18 race

2766 5405 66 28 fund
2848 5404 99 29 should
2969 5403 46 29 the
3036 5407 102 33 protest
3158 5411 82 28 prove
3259 5401 139 29 vexatious

2766 5452 30 19 or
2808 5443 139 27 frivolous.

2800 5490 88 29 Three
2901 5491 161 35 acceptance
3075 5487 41 30 for
3126 5487 65 30 each
3203 5491 89 31 event,
3307 5496 28 19 or
3349 5485 47 29 the

2766 5530 90 34 public
2869 5538 99 25 money
2980 5528 55 27 will
3053 5527 32 27 be
3098 5527 139 28 withheld.

2801 5575 97 29 Stakes
2910 5574 62 38 paid
2984 5574 51 28 less
3045 5572 53 29 five
3111 5583 47 27 per
3170 5576 70 24 cent.

2992 5621 127 29 FRANK
3139 5621 189 32 HODGSON,

3121 5659 76 28 Hon.
3212 5659 151 38 Secretary.

2785 5766 9 13 ■
2810 5753 47 29 OB
2879 5750 185 31 PRINTING
3086 5749 30 29 of
3133 5759 80 25 every
3234 5748 164 37 description

2766 5778 28 34 0
2845 5790 129 27 executed
2987 5796 29 20 at
3029 5790 45 26 the
3088 5789 96 26 Lyell
3194 5788 98 30 .Times
3305 5788 93 31 Oirlce,

2766 5828 65 28 Cliff
2848 5828 95 28 Street.

3604 2952 88 30 MISS
3711 2954 195 33 KENNEDY,

3475 2989 212 40 Palmerston
3709 2992 121 45 Street,
3844 2992 184 46 Westport.

3437 3078 306 74 Hardley
3786 3078 52 60 &
3882 3079 182 59 Sons,

3645 3168 221 35 TINSMITHS,

3469 3220 82 37 Iron
3571 3221 98 36 Plate
3689 3221 174 44 Workers,
3885 3220 155 37 Tinware

3611 3264 287 45 Manufacturers,

3574 3321 155 28 Wholesale
3753 3321 55 28 and
3831 3321 99 34 Retail,

3454 3373 268 29 PALMERSTON
3739 3374 66 31 ST.,
3828 3374 221 29 WESTPORT,

3438 3426 111 59 ARE
3563 3436 61 19 now
3645 3425 131 39 prepored
3793 3429 27 25 to
3834 3431 110 24 execute
3965 3436 36 19 on
4023 3426 44 29 tho

3535 3466 118 26 shortest
3678 3466 96 26 Notice
3796 3474 54 26 any
3872 3474 118 18 manner
4010 3469 25 23 oi

3577 3502 73 28 work
3664 3502 29 27 in
3708 3502 45 27 the
3772 3502 84 27 altove
3870 3502 62 27 line.

3438 3549 80 28 Have
3531 3559 35 18 on
3581 3549 69 33 Sale,
3662 3553 28 24 at
3711 3549 112 37 Greatly
3838 3549 125 29 Reduced
3981 3550 66 27 Pric

3438 3587 165 36 Corrugated
3617 3588 54 27 and
3690 3588 79 27 Plain
3783 3588 64 27 Iron
3861 3588 94 27 Water
3969 3588 75 27 Tank
4065 3587 2 36 .

3438 3627 28 26 in
3489 3627 36 26 all
3546 3626 77 33 sizes,
3637 3627 160 34 Chimneys,
3823 3626 221 28 Wash-Furnace
4065 3626 2 35 .

3438 3664 152 29 enamelled
3614 3664 54 29 and
3694 3664 106 38 Copper
3829 3665 114 34 Boilers,
3972 3664 29 28 in
4031 3666 35 26 aii

3438 3705 77 27 sizes.

3609 3742 25 28 A
3646 3742 86 36 Large
3746 3742 112 36 Variety
3871 3742 30 27 of

3438 3780 123 37 Cooking
3589 3780 117 37 Ranges,
3734 3781 104 32 Stoves,
3863 3780 55 28 and
3946 3779 121 38 Register

3438 3819 106 33 Grates,
3565 3819 37 36 hy
3626 3819 47 28 the
3697 3820 66 27 Best
3788 3819 133 34 Makers..
3952 3820 74 31 Also,
4055 3829 12 17 a

3523 3857 87 33 Large
3624 3858 172 27 Assortment
3809 3857 29 27 of
3849 3857 134 27 Tinware.

3473 3895 151 28 Particular
3649 3895 133 28 attention
3803 3895 23 27 is
3847 3895 142 35 requested
4011 3896 30 25 of

3525 3933 109 37 Mining
3646 3934 163 37 Companies
3831 3934 28 27 in
3873 3938 73 23 want
3960 3933 30 28 of

3438 3982 68 25 Iron
3537 3982 172 33 Syphoning,
3738 3982 54 25 Air
3821 3982 92 32 Pijws,
3943 3982 106 25 Sluicir

3540 4017 122 35 Nozzles,
3682 4017 221 37 Copper-Plates,
3922 4018 45 27 dtc.

3454 4104 18 19 A
3497 4104 113 20 SPECIAL
3629 4104 64 20 TRIP
3711 4104 76 20 MADE
3807 4104 35 19 ON
3860 4104 190 19 APPLICATION.

3438 4179 383 56 TEMPERANCE
3871 4179 196 59 HOTEL,

3533 4350 242 31 BOARDING
3810 4351 163 38 HOUSE,

3438 4430 186 31 Palmerston
3650 4430 106 36 Street,
3773 4430 121 31 Central
3908 4429 159 41 Westport.

3498 4599 300 29 CCOMMODATION
3812 4600 41 28 for
3866 4600 200 28 BCURDEItt

3584 4638 53 29 anil
3651 4638 257 29 TRAVELLERS.

3476 4808 98 39 MKS
3608 4808 160 43 POOLE,
3789 4808 238 48 Proprietress.

3436 4894 93 36 YI7E
3557 4905 49 21 are
3633 4905 67 21 now
3728 4895 133 40 showing
3888 4905 18 20 a
3934 4894 131 43 splendi.l

3448 4931 37 45 V\
3641 4943 178 27 assortment
3837 4939 32 32 of

3436 4991 129 43 Ladies
3569 4993 6 15 1
3596 4992 71 40 and
3686 4992 197 40 Children's

3747 5047 179 39 Trimmed
3944 5049 94 37 Hals
4055 5050 10 35 !

3488 5110 136 37 Specially
3637 5110 128 28 trimmed
3780 5110 41 27 for
3838 5111 47 27 the
3899 5110 116 35 Coming

3681 5148 143 36 Holitlaj's.

3435 5199 186 41 Comprising
3643 5198 51 32 the
3718 5209 69 30 very
3812 5198 87 32 latest
3923 5199 110 31 novelti
4055 5211 10 14 -j

3631 5243 32 32 of
3681 5242 51 32 the
3753 5253 114 22 season.

3434 5326 62 33 Our
3517 5324 90 33 Dress
3630 5324 195 42 Department
3850 5324 24 33 is
3897 5336 66 21 now
3987 5335 42 22 eoi

3473 5370 77 40 plete
3578 5370 72 29 with
3678 5369 40 30 all
3742 5374 110 26 newest
3880 5370 101 30 makes
4009 5380 24 20 ai

3474 5414 105 31 shades
3594 5413 32 31 in
3640 5423 85 31 every
3739 5413 113 41 variety
3867 5413 30 31 of
3919 5413 121 32 materi;:
4050 5413 14 41 i.

3474 5458 70 30 with
3560 5457 169 39 trimmings
3743 5460 31 27 to
3787 5458 112 29 match.

3470 5541 49 26 We
3533 5540 70 27 shall
3621 5540 32 26 bo
3667 5540 94 34 happy
3774 5543 27 23 to
3813 5540 114 27 forward
3941 5549 54 25 you
4008 5548 30 27 pn
4059 5558 5 2 -

3436 5581 74 25 terns
3523 5577 32 28 of
3565 5577 123 28 material
3702 5576 54 28 and
3769 5576 165 35 trimmings,
3948 5578 53 27 and
4015 5587 18 17 c.
4060 5576 4 35 i

3435 5622 146 30 guarantee
3595 5627 15 17 a
3624 5616 101 35 perfect
3738 5616 31 28 lit
3781 5620 28 24 at
3824 5622 71 22 most
3908 5616 140 28 reasonab.
4062 5616 4 36 •.

3436 5656 106 35 charge.

3489 5731 44 40 E.
3561 5733 35 39 J.
3625 5730 216 42 WARNER
3866 5733 32 38 &
3925 5731 85 46 CO.,

3436 5787 68 60 The
3530 5787 78 59 Hall
3634 5786 38 60 of
3691 5787 204 61 Gommerce,
3928 5786 126 61 Nelson
