4120 5920
79 190 107 31 LORD
222 189 238 33 DALHOUSIE
496 190 52 32 ON
587 190 117 32 HOME

327 232 123 32 RULE.

264 328 123 39 [LONDON
418 327 108 39 TIMES.]

119 379 148 42 Speaking
275 381 30 29 at
311 381 130 38 meeting
452 378 31 32 of
494 378 50 31 the
558 377 154 42 Broughty

80 422 91 44 Ferry
185 422 118 33 Liberal
318 422 194 38 Association,
537 421 79 33 Lord
640 421 52 33 Dal-

78 468 102 33 housie
196 468 62 31 said
273 468 65 31 that
351 467 32 31 in
398 467 50 31 the
463 468 100 30 recent
573 466 97 33 defeat
681 466 32 32 of

78 513 50 31 the
144 512 133 32 Liberals
292 511 69 43 they
372 510 59 32 had
442 510 51 33 the
504 510 205 33 counsolation

79 558 31 30 of
123 557 137 39 knowing
275 556 64 31 that
354 567 39 19 no
415 555 135 41 question
574 565 68 21 ever
666 565 29 21 es-

80 601 108 41 poused
203 600 37 42 by
264 610 18 21 a
303 598 138 43 majority
467 599 32 32 of
520 598 49 32 the
593 598 117 33 Liberal

78 648 84 38 party
177 645 59 30 had
259 644 89 31 failed
372 646 30 29 to
427 643 58 30 win
510 642 31 31 in
565 642 51 31 the
642 642 66 31 end.

80 689 63 33 The
158 688 206 34 Conservative
379 687 86 33 Press
487 685 118 34 advised
628 685 82 33 them

78 730 30 35 ib
124 737 99 37 accept
238 734 51 30 the
303 733 96 30 defeat
411 732 31 31 of
451 732 57 35 Mr,
522 731 187 31 Gladstone's

81 776 117 33 scheme
226 786 32 22 as
285 775 82 32 final.
423 774 46 32 He
498 774 136 40 accepted
661 773 49 32 the

79 821 111 32 verdict
205 832 32 22 so
250 820 44 32 far
308 819 66 33 that
389 819 49 32 the
463 821 125 38 country
614 817 79 41 disap-

80 866 107 41 proved
202 866 31 31 of
245 865 50 32 the
310 864 126 36 scheme,
453 863 59 31 and
525 862 111 32 wished
660 861 49 33 the

81 910 100 31 Tories
193 911 30 29 to
251 908 85 31 make
358 917 39 20 an
421 909 126 36 attempt
571 908 31 29 to
626 905 79 31 settle

82 953 49 31 the
146 951 78 33 Irish
238 951 145 42 question.
425 950 60 31 But
499 949 24 31 it
534 958 59 22 was
605 948 103 32 absurd

82 997 57 32 and
166 995 159 34 ridiculous
352 998 31 29 to
410 1004 124 31 suppose
568 992 67 33 that
661 991 51 33 the

80 1042 124 31 electors
217 1040 96 32 would
341 1049 89 21 never
453 1042 31 28 at
508 1048 82 22 some
614 1038 98 30 future

80 1085 100 41 period
195 1083 113 42 change
320 1082 77 33 their
407 1081 109 32 minds.
558 1080 47 32 He
617 1080 95 41 hoped

82 1130 50 32 the
160 1128 134 34 Liberals
320 1126 96 34 would
444 1125 69 33 bear
537 1124 176 34 themselves

82 1174 59 30 like
165 1183 79 26 men,
273 1172 59 30 and
355 1170 66 31 that
445 1170 71 40 they
539 1169 98 31 would
659 1173 54 26 not

83 1217 74 32 have
169 1226 132 23 recourse
311 1217 30 30 to
351 1212 155 42 unworthy
518 1211 192 38 obstruction,

84 1260 53 31 but
150 1259 97 32 would
260 1257 148 37 continue,
423 1267 33 20 as
469 1256 59 31 had
543 1256 73 31 been
638 1256 74 31 done

82 1304 60 31 this
157 1303 120 36 session,
293 1304 31 30 to
347 1301 65 40 give
433 1299 52 33 the
510 1299 203 33 Government

83 1347 55 32 fair
165 1346 78 42 play.
299 1346 39 30 At
364 1344 51 32 the
442 1353 81 21 same
557 1343 72 31 time
663 1342 50 31 the

84 1390 117 34 Liberal
215 1392 84 40 party
313 1400 75 23 were
402 1387 78 43 loyal
494 1390 31 31 to
539 1386 77 34 their
630 1389 82 39 great

80 1435 109 36 leader,
205 1435 58 29 and
290 1433 98 31 would
402 1433 37 30 do
452 1432 80 30 what
544 1431 70 40 they
623 1430 87 31 could

84 1482 30 29 to
128 1480 132 40 promote
275 1476 50 33 the
341 1475 134 33 ultimate
490 1484 114 22 success
619 1473 32 32 of
662 1472 51 33 the

84 1533 86 22 cause
184 1522 39 41 by
236 1520 176 42 persuading
437 1518 76 33 their
536 1517 179 42 neighbours

84 1567 66 31 that
164 1566 24 31 it
216 1576 59 21 was
299 1575 18 21 a
340 1564 81 40 right
444 1571 97 24 cause.
592 1561 123 32 Neither

86 1610 49 32 did
150 1610 70 41 they
244 1608 83 33 blink
351 1607 51 32 the
423 1607 59 31 fact
505 1605 67 33 that
595 1604 118 33 Liberal

85 1657 149 38 prospects
248 1663 74 22 were
336 1654 53 30 not
402 1651 110 40 bright.
553 1649 63 33 The
630 1651 85 40 party

86 1708 59 23 was
160 1700 30 30 at
204 1699 118 40 present
344 1695 116 32 divided
484 1705 32 21 as
537 1694 23 31 it
583 1693 59 32 had
664 1695 53 30 not

85 1742 73 30 been
165 1741 79 31 since
251 1741 50 30 the
312 1739 161 40 beginning
484 1738 32 31 of
525 1738 49 31 the
581 1739 132 37 century,

85 1785 81 33 since
181 1784 51 33 the
247 1783 71 33 time
341 1782 87 32 when
452 1781 50 33 the
524 1779 115 33 French
661 1779 36 32 Re-

86 1830 133 32 volution
233 1828 106 33 caused
355 1838 16 20 a
386 1826 69 41 split
468 1826 31 32 in
522 1825 51 32 the
597 1824 120 32 Liberal

85 1875 87 40 party
186 1872 58 31 and
258 1871 69 42 kept
340 1870 82 33 them
444 1872 52 29 out
518 1868 32 33 of
568 1868 82 32 office
673 1868 45 31 for

87 1919 37 33 27
138 1928 84 32 years
258 1915 86 35 Until
358 1914 70 45 they
442 1924 75 24 were
531 1912 102 34 united
642 1913 70 42 they

87 1963 86 30 could
187 1964 52 29 not
253 1966 49 35 get
315 1962 64 30 into
393 1971 105 29 power,
515 1959 57 31 and
599 1958 25 31 if
648 1957 70 40 they

88 2004 117 34 wanted
218 2006 31 32 to
263 2004 57 33 win
334 2003 70 42 they
418 2006 80 28 must
512 2000 147 34 somehow
685 2010 34 22 or

89 2049 85 31 other
197 2052 132 37 promote
353 2047 92 32 union
466 2046 32 31 in
521 2046 77 31 their
618 2044 99 32 ranks.

89 2091 99 34 While
221 2091 70 43 they
324 2100 74 23 were
429 2088 113 33 divided
565 2087 50 33 the
642 2087 57 33 Con-

90 2136 157 31 servatives
261 2146 75 21 were
350 2134 112 32 certain
475 2137 31 28 to
516 2133 36 31 be
566 2138 50 26 too
628 2143 91 29 many

89 2180 45 33 for
148 2179 92 39 them,
256 2178 58 34 and
337 2178 78 33 their
434 2176 96 44 policy
551 2174 93 44 ought
666 2177 53 30 not

92 2231 30 25 to
150 2225 35 31 be
212 2228 32 28 to
266 2223 113 40 malign
404 2223 83 30 those
510 2221 66 32 who
600 2220 119 31 differed

87 2267 77 33 from
178 2267 93 38 them,
296 2270 53 29 not
372 2268 31 30 to
426 2264 86 33 make
536 2263 50 33 the
611 2262 108 33 breach

92 2312 98 36 wider,
207 2312 62 35 but,
285 2322 39 20 on
338 2310 50 31 the
402 2312 146 36 contrary,
577 2310 31 29 to
634 2307 86 31 make

87 2354 24 33 it
125 2364 69 33 easy
208 2353 44 34 for
277 2353 83 34 those
383 2352 66 33 who
473 2351 59 33 had
556 2350 89 33 taken
669 2350 51 32 the

87 2410 102 29 wrong
203 2399 72 40 path
290 2402 32 28 to
335 2401 70 28 turn
419 2397 75 31 back
509 2395 58 32 and
581 2398 49 37 get
654 2395 65 31 into

87 2442 51 33 the
165 2441 81 43 right
270 2451 66 23 one.
389 2439 82 43 They
495 2438 116 33 wanted
633 2438 86 32 those

88 2487 66 32 who
165 2486 96 33 called
275 2485 178 33 themselves
468 2483 156 34 Uuionists
638 2486 31 29 to
684 2482 36 33 be

90 2529 155 32 Unionists
259 2529 115 36 indeed,
389 2530 53 29 not
456 2527 80 31 what
548 2527 70 40 they
628 2526 94 31 called

89 2585 90 29 paper
194 2573 166 33 Unionists.
402 2571 98 33 When
509 2571 38 32 he
557 2569 63 33 said
630 2580 90 31 paper

92 2616 156 34 Unionists
258 2616 38 32 he
304 2618 102 30 meant
416 2615 84 32 those
509 2614 67 32 who
586 2613 137 32 attached

91 2672 81 22 more
186 2661 182 41 importance
383 2662 30 31 to
426 2659 77 33 form
517 2658 74 33 than
605 2660 31 31 to
655 2656 51 34 sub-

92 2708 111 28 stance.
258 2704 48 32 He
339 2703 183 32 maintained
554 2702 67 31 that
654 2701 69 41 they

93 2748 177 34 themselves
298 2759 74 22 were
396 2747 51 33 the
470 2746 62 34 real
557 2745 165 38 Unionists,

93 2794 124 31 because
245 2793 81 31 what
353 2792 69 41 they
456 2791 111 32 wished
600 2801 59 21 was
692 2792 32 30 to

93 2837 87 42 bring
193 2836 91 34 about
298 2847 17 21 a
329 2835 92 33 union
435 2835 31 33 of
478 2834 51 33 the
543 2834 100 33 hearts
666 2834 58 32 and

94 2882 75 30 wills
193 2882 32 31 of
249 2881 51 31 the
320 2880 103 41 people
447 2879 32 31 of
501 2878 141 41 England
666 2878 59 31 and

92 2924 129 35 Ireland,
237 2924 57 30 and
304 2926 52 28 not
371 2922 109 41 merely
492 2932 39 20 an
542 2931 181 31 appearance

94 2966 32 32 of
132 2966 90 33 union
236 2966 96 32 which
342 2968 30 30 at
383 2966 115 32 bottom
509 2965 49 32 did
569 2969 52 28 not
630 2964 94 41 really

94 3009 85 33 exist.
220 3009 154 42 Referring
400 3011 31 30 to
459 3008 108 34 Scotch
590 3010 134 34 matters,

97 3054 51 32 the
174 3053 88 33 noble
291 3054 60 32 earl
376 3054 63 31 said
464 3053 141 33 Scotland
628 3052 97 32 would

89 3100 106 40 accept
209 3108 17 21 a
240 3098 118 33 scheme
381 3097 33 33 of
432 3097 97 32 Home
553 3096 76 33 Rule
652 3096 73 32 such

98 3152 33 22 as
144 3153 60 21 was
218 3145 53 38 put
285 3142 124 33 forward
418 3141 45 33 for
473 3141 128 32 Ireland.
644 3140 82 42 They

99 3185 115 32 wanted
228 3188 31 29 to
273 3185 126 32 exercise
413 3185 78 31 their
504 3184 55 32 full
583 3184 86 31 share
694 3183 33 32 of

96 3240 97 32 power
202 3241 68 22 over
280 3230 51 33 the
341 3229 113 33 British
461 3228 132 42 Empire.
635 3227 90 34 Their

96 3274 90 33 union
214 3274 71 33 with
313 3274 140 41 England
476 3274 60 33 had
562 3276 53 29 not
639 3273 85 31 made

95 3317 82 33 them
191 3317 58 33 less
264 3317 107 33 Scotch
386 3317 73 32 than
484 3317 70 41 they
580 3327 75 22 were
676 3316 32 32 be-

95 3361 70 38 fore,
181 3361 58 33 and
263 3361 24 33 if
311 3361 71 43 they
405 3361 111 32 wished
538 3363 31 30 to
592 3360 74 32 alter
690 3370 33 22 or

97 3406 130 40 regulate
242 3406 75 31 theit
330 3406 141 31 relations
491 3405 71 31 with
585 3404 140 41 England

95 3449 70 42 they
191 3449 97 32 would
315 3449 37 32 do
376 3458 33 23 so
432 3448 39 43 by
492 3448 141 42 practical
656 3458 51 22 con-

96 3493 158 33 sideration
282 3493 32 33 of
343 3492 131 43 political
508 3491 59 33 and
600 3491 107 33 admini-

94 3537 120 33 strative
225 3537 205 33 convenience.
461 3537 150 33 Professor
623 3537 103 32 Stuart

97 3582 88 41 spoke
200 3585 30 30 at
244 3582 102 41 length
361 3593 39 22 on
411 3582 97 33 Home
517 3582 85 36 Rule,
618 3581 106 37 which,

97 3625 37 32 he
149 3625 191 37 maintained,
355 3636 60 21 was
429 3625 51 32 the
494 3625 70 41 only
590 3635 69 21 cure
682 3625 45 31 for

97 3669 77 31 Irish
185 3669 193 33 disaffection.
420 3670 24 30 A
459 3669 114 32 motion
583 3668 144 41 proposed

97 3712 37 42 by
149 3713 56 32 Mr.
222 3712 146 38 Haldane,
385 3713 90 36 M.P.,
500 3712 59 32 and
583 3712 144 32 seconded

97 3756 39 41 by
163 3756 48 33 Mr
245 3756 136 42 Asquith,
410 3757 90 37 M.P.,
529 3766 59 22 was
616 3756 111 33 carried

97 3800 219 42 unanimously,
332 3801 162 40 regretting
514 3799 51 33 the
586 3800 141 41 rejection

96 3844 34 32 of
150 3844 46 32 Mr
211 3844 187 33 Gladstone's
421 3844 165 33 beneficent
611 3843 116 33 scheme

97 3888 44 31 for
155 3888 136 40 securing
304 3898 17 21 a
340 3888 127 40 genuine
482 3888 57 31 and
553 3890 174 38 permanent

98 3931 92 33 union
203 3931 33 33 of
247 3931 119 33 Ireland
380 3931 72 33 with
467 3932 91 32 Great
572 3931 127 33 Britain.

226 4026 220 34 INJURIOUS
473 4026 121 34 HELP.

139 4128 47 32 An
200 4127 160 42 exchange,
375 4128 31 31 in
427 4128 163 40 protesting
614 4129 115 39 against

97 4171 53 33 the
171 4171 85 32 habit
276 4171 32 32 of
328 4171 112 41 unduly
464 4171 100 41 aiding
584 4171 143 37 children,

99 4225 85 33 says:
240 4215 24 32 A
279 4214 57 42 girl
357 4214 66 33 that
446 4214 25 33 is
494 4226 89 21 never
607 4214 122 33 allowed

98 4261 32 31 to
144 4269 67 28 sew,
226 4259 41 32 all
280 4259 33 32 of
323 4259 98 32 whose
434 4259 112 32 clothes
571 4270 48 21 are
643 4260 86 31 made

97 4303 46 33 for
156 4303 53 33 her
224 4303 58 32 and
296 4305 52 40 put
363 4313 39 23 on
415 4302 53 33 her
482 4302 76 33 until
569 4303 51 32 she
631 4303 25 32 is
666 4305 59 36 ten,

100 4348 113 38 twelve,
228 4348 100 33 fifteen
339 4359 32 21 or
381 4347 136 41 eighteen
527 4359 84 31 years
622 4348 32 33 of
665 4359 62 30 age,

99 4391 25 32 is
144 4392 121 40 spoiled.
317 4392 62 31 The
404 4392 116 31 mother
543 4392 54 31 has
619 4392 110 41 spoiled

99 4435 54 33 her
167 4435 38 42 by
218 4435 89 42 doing
321 4435 173 42 everything
506 4435 45 33 for
564 4435 62 33 her.

172 4479 62 33 The
249 4482 64 30 true
327 4480 65 31 idea
411 4480 32 32 of
464 4480 57 32 self
541 4480 139 32 restraint
703 4480 26 32 is

100 4524 31 31 to
149 4522 42 33 let
214 4522 50 33 the
288 4523 79 31 child
389 4527 131 28 venture.
576 4524 25 30 A
625 4524 105 31 child's

99 4566 141 33 mistakes
273 4576 49 23 are
356 4566 80 33 often
469 4566 95 33 better
591 4566 73 32 than
691 4578 40 21 no

99 4610 150 38 mistakes,
264 4610 123 33 because
401 4611 86 32 when
501 4621 17 21 a
532 4611 80 32 child
630 4611 101 32 makes

99 4654 141 33 mistakes
254 4655 59 31 and
326 4655 54 31 has
395 4659 30 28 to
439 4658 111 29 correct
564 4655 92 38 them,
668 4656 24 31 it
706 4656 25 31 is

100 4708 39 23 on
166 4698 51 33 the
244 4708 64 32 way
335 4699 110 31 toward
473 4699 138 41 knowing
637 4710 74 21 some-

99 4741 96 44 thing.

142 4799 18 15 11
172 4795 26 32 A
222 4794 79 33 child
324 4794 66 33 that
410 4795 25 32 is
458 4795 100 32 waked
581 4806 39 31 up
647 4807 85 30 every

101 4839 148 40 morning,
266 4839 57 31 and
337 4850 88 21 never
435 4840 95 31 wakes
538 4839 123 33 himself
672 4851 39 30 up
724 4851 7 26 ;

103 4882 58 34 and
175 4882 25 34 is
213 4882 126 39 dressed,
355 4884 59 32 and
437 4894 88 23 never
538 4883 101 33 makes
663 4884 51 32 mis-

103 4927 81 30 takes
218 4927 31 30 in
283 4927 133 40 dressing
448 4927 138 31 himself:
623 4928 58 30 and
708 4928 24 30 is

103 4969 127 38 washed,
259 4969 58 33 and
350 4981 88 22 never
465 4970 100 32 makes
592 4970 141 33 mistakes

103 5013 90 32 about
206 5014 88 40 being
308 5014 83 31 clean
407 5025 6 20 :
436 5015 58 30 and
508 5014 24 32 is
556 5015 56 36 fed,
626 5015 58 31 and
708 5015 24 30 is

103 5056 141 39 watched,
260 5057 58 32 and
332 5068 88 22 never
444 5057 127 33 watches
593 5057 138 39 himself;

102 5101 59 32 and
174 5100 25 33 is
212 5101 86 32 cared
313 5101 52 37 for,
381 5101 59 32 and
453 5101 69 41 kept
533 5102 40 31 all
586 5102 57 41 day
656 5103 76 31 from

102 5143 89 43 doing
204 5145 214 41 wrongsuch
437 5155 18 22 a
478 5145 79 32 child
581 5145 97 41 might
701 5156 32 21 as

102 5188 66 34 well
201 5188 36 34 be
271 5200 18 21 a
321 5189 99 33 tallow
453 5190 113 37 candle,
593 5190 140 40 perfectly

101 5232 127 43 straight
255 5233 58 32 and
336 5233 83 38 solid,
447 5234 59 31 and
533 5234 122 41 comely,
675 5234 58 31 and

102 5278 75 39 good
190 5278 45 32 for
249 5277 126 42 nothing
388 5277 53 33 but
455 5281 31 30 to
495 5277 36 33 be
544 5277 114 33 burned
672 5289 49 30 up.

142 5371 39 31 At
195 5371 50 32 the
259 5372 107 31 Indian
380 5372 58 31 and
453 5372 134 31 Colonial
607 5373 107 31 Exhibi-

103 5413 62 33 tion
180 5424 38 21 an
232 5414 174 42 interesting
419 5417 76 30 treat
514 5425 59 22 was
587 5415 87 41 given
696 5415 37 42 by

103 5458 49 31 Mr
185 5459 160 31 Alderman
379 5459 105 37 Kitter,
520 5460 32 30 of
582 5460 150 36 Adelaide,

105 5501 94 33 South
215 5502 158 37 Australia,
387 5505 29 30 to
430 5513 68 23 over
514 5504 76 32 1000
600 5503 133 33 children

105 5546 57 31 and
178 5548 37 29 50
230 5546 96 31 adults
337 5548 32 30 of
380 5547 50 32 the
439 5547 132 41 working
584 5548 108 31 classes
704 5548 29 31 of

104 5589 51 33 the
170 5590 131 32 Eastend
324 5590 33 33 of
377 5590 135 38 London,
527 5591 32 32 in
573 5593 102 30 return
689 5591 44 33 for

101 5633 172 41 hospitality
286 5635 130 30 received
430 5635 107 40 during
550 5635 47 31 his
611 5635 69 31 visit
703 5639 30 28 to

103 5677 149 43 England.
275 5677 63 34 The
347 5678 231 34 entertainment
589 5678 144 35 extended

103 5732 68 21 over
185 5722 64 31 four
267 5723 81 37 days,
364 5723 58 30 and
444 5724 146 31 consisted
614 5724 32 31 of
665 5724 53 30 rail-

101 5774 63 31 way
178 5764 85 38 fares,
279 5765 158 33 admission
452 5768 30 30 to
496 5765 51 33 the
559 5766 174 32 Exhibition

102 5810 58 30 and
175 5820 16 20 a
206 5810 104 31 dinner
321 5811 57 30 and
399 5815 57 26 tea.

1237 55 117 40 THE
1412 54 185 42 LYELL
1649 56 186 46 TIMES,
1893 56 304 46 SATURDAY,
2253 54 312 45 DECEMBER
2625 73 55 35 it,
2744 80 11 25 t
2762 62 83 40 BB6.

3404 5724 112 29 Printed
3530 5726 54 30 and
3598 5729 147 35 published
3764 5732 37 37 by
3817 5735 48 29 the
3879 5740 152 35 proprietor

3438 5765 102 25 Walter
3553 5766 93 28 Atkm.
3660 5770 28 24 at
3702 5768 47 28 the
3765 5771 161 35 Registered
3949 5779 82 27 Office

3434 5800 78 29 olthe
3766 5808 159 35 CliffStre-t
3944 5816 78 34 Lyell

3434 5840 110 36 County
3558 5844 29 25 of
3598 5843 102 33 liuller,
3711 5847 107 34 Colouy
3832 5852 29 27 of
3872 5853 65 27 N.Z.

910 178 117 34 Public
1049 179 150 34 Notices.

743 261 108 38 THE
887 261 257 40 RAILWAY
1173 260 193 47 HOTEL,

840 324 221 34 BROADWAY,
1084 322 189 37 REEFTON,

896 371 138 36 (Opposite
1052 371 162 35 Dawson's.)

748 510 37 16 *-
829 504 67 29 been
934 504 115 36 entirely
1084 505 122 36 repaired
1242 503 54 29 and
1329 512 26 19 re-

740 543 116 29 novated
875 542 175 36 throughout,
1070 543 54 27 and
1143 552 61 18 now
1223 542 80 29 offers
1328 552 27 18 ac-

740 581 202 28 commodation
961 585 48 24 not
1033 581 112 27 inferior
1163 585 28 24 to
1210 590 55 27 any
1284 579 85 29 Hotel

741 619 26 28 in
781 619 124 28 Reefton.

773 658 58 28 The
842 658 143 27 bedrooms
998 666 44 18 are
1055 656 73 37 large
1154 655 54 29 and
1230 656 141 28 furnished

741 696 27 30 in
781 697 46 29 the
840 706 65 27 very
919 697 57 28 best
989 696 78 36 style.

774 736 116 33 Elegant
905 734 95 35 dining
1013 743 86 21 room,
1112 734 132 36 provided
1256 734 66 27 with
1335 734 36 26 all

742 772 44 28 the
799 773 203 36 appointments
1015 772 30 28 of
1054 781 15 18 a
1078 771 58 28 first
1149 772 69 28 class
1228 770 127 29 establish-

742 816 82 23 ment.

774 849 58 28 The
842 848 106 29 billiard
955 858 76 19 room
1046 848 48 29 has
1107 848 68 30 been
1186 847 183 34 redecorated,

744 888 50 27 j,nd
807 887 56 28 will
877 887 31 28 be
922 887 83 28 found
1019 897 51 18 one
1084 887 30 27 of
1133 887 46 28 the
1202 891 72 23 most
1296 897 55 18 com-

743 925 68 35 plete
824 924 53 29 and
890 924 174 29 comfortable
1084 929 101 23 resorts
1206 925 29 27 in
1256 925 46 27 the
1328 924 29 28 In-

749 963 127 35 ingahua.

774 1002 106 37 Special
893 1001 134 29 attention
1039 1000 116 30 devoted
1168 1006 27 24 to
1209 1001 47 29 the
1267 1000 105 39 quality

740 1041 27 27 of
783 1041 36 27 all
834 1041 124 36 Liquors.

773 1079 58 28 The
857 1079 124 36 Stabling
1005 1079 23 27 is
1058 1078 170 37 unsupassed
1258 1087 36 19 on
1326 1078 46 28 the

745 1117 71 30 West
839 1117 92 34 Coast,
962 1116 55 30 and
1047 1117 124 29 includes
1200 1117 75 37 eight
1298 1115 73 31 loose

741 1157 89 31 boxes,
854 1156 144 35 especially
1022 1156 78 27 fitted
1131 1166 36 25 up
1192 1157 42 26 for
1258 1157 46 27 the
1329 1166 28 17 ac-

741 1192 197 30 commodation
953 1193 30 28 of
992 1194 95 33 racing
1099 1193 85 28 stock.

775 1232 86 36 Night
873 1237 91 31 porter
976 1232 26 27 in
1016 1231 172 29 attendance.

799 1287 155 38 JAMES
984 1287 331 47 ROXBOROUGH,

972 1341 164 36 Proprietor.

743 1427 127 29 1886.
885 1425 176 31 SUMMER
1082 1425 146 31 GOODS.
1243 1426 129 30 IBB7.

792 1524 277 54 HARBOUR
1126 1523 198 64 HOUSE,

858 1598 82 35 (Next
954 1597 185 37 Temperance
1153 1597 106 35 Hotel),

760 1655 268 28 PALMERSTON
1046 1654 66 32 ST
1134 1654 223 28 WESTPORT.

743 1759 118 60 Latest
870 1757 167 62 Fashions
1044 1756 37 60 in
1089 1757 157 60 Summer
1252 1756 120 62 Goods.

745 1899 56 65 J.
851 1896 246 65 DALY
1135 1896 53 65 &
1232 1896 142 75 CO,

1035 1985 54 18 ARE

745 2023 91 33 NOW
852 2022 193 34 SHOWING
1055 2022 51 33 the
1117 2022 104 32 Latest
1230 2020 147 33 Fashions

861 2068 32 29 in
908 2067 139 30 Summer
1068 2067 109 35 Goods,
1192 2066 45 30 viz
1251 2076 6 19 :

745 2110 132 38 Dresses,
891 2110 110 37 Prints,
1014 2109 138 38 Delanes,
1164 2107 212 43 Pompadours,

783 2154 144 36 Bonnets,
956 2154 88 36 Hats,
1074 2154 121 36 Straws,
1233 2152 143 36 Kibbons,

784 2198 139 39 Flowers,
938 2197 104 39 Laces,
1059 2198 48 32 &c.

746 2243 61 31 Our
820 2243 159 40 purchases
992 2243 118 29 include
1124 2251 90 30 many
1224 2241 153 35 novelties,

785 2285 58 34 and
854 2295 49 23 are
914 2285 32 34 of
957 2284 50 33 the
1021 2284 72 34 Best
1108 2284 120 42 Quality
1240 2283 97 36 made,

746 2330 37 31 In
810 2329 96 32 Men's
931 2329 141 39 Clothing
1093 2339 43 20 we
1158 2338 49 21 are
1232 2328 105 40 selling
1361 2337 18 20 a

786 2371 169 35 First-class
969 2371 125 43 Mosgiel
1110 2371 66 34 Suit
1190 2371 44 33 for
1249 2373 63 31 48s.

748 2417 56 33 See
818 2428 53 20 our
885 2417 134 40 splendid
1033 2416 112 41 variety
1164 2417 33 30 of
1214 2416 93 39 Paget
1321 2415 59 31 and

788 2460 56 35 Sac
854 2460 98 38 Coats,
960 2460 141 33 Trousers
1112 2459 59 33 and
1181 2459 97 39 Vests,
1291 2458 87 39 Hats,

787 2506 77 36 Ties,
882 2505 106 37 Shirts,
1005 2505 152 36 Flannels,
1173 2506 48 30 &c.

801 2611 170 41 Inspection
985 2610 201 41 Kespectfully
1200 2610 127 31 Invited.

749 2711 32 38 J.
802 2711 128 37 DALY
950 2712 28 37 &
1000 2711 74 46 CO.,
1089 2711 160 38 Harbour
1263 2710 117 38 House

847 2764 187 33 Palmerston
1049 2764 56 38 St.,
1121 2764 161 40 Westport.

785 2849 288 39 GALLAGHER
1094 2849 261 47 BROTHERS,

751 2929 288 79 WHOLESALE
1077 2929 100 30 AND
1214 2928 168 31 DETAIL

932 2973 269 38 MERCHANTS,

800 3059 227 40 Auctioneers
1031 3091 7 17 ,
1076 3060 72 39 and
1182 3060 152 39 General

969 3114 199 54 Importers,

751 3212 46 29 AT
826 3212 216 33 CRONABUN,
1062 3213 215 29 CAPLESTON
1304 3212 78 30 AND

964 3252 211 29 WESTPORT.

752 3368 175 37 Up-country
939 3366 91 30 orders
1038 3367 162 37 punctually
1212 3367 129 29 attended
1353 3370 29 26 to

775 3406 54 28 and
843 3406 84 35 poods
940 3406 126 37 supplied
1076 3410 28 24 at
1114 3406 138 36 Westport
1265 3406 95 36 prices.

850 3486 196 38 THOMAS
1079 3486 207 48 WRIGHT,

792 3549 287 30 KTATCHMAKER
1092 3550 55 29 and
1165 3550 219 37 JEWELLER,

844 3603 71 27 Next
927 3603 101 27 Powell
1042 3604 54 26 and
1110 3604 73 27 Co.'s
1198 3608 82 29 store,

801 3657 194 34 Palmerston
1024 3658 124 39 Street,
1171 3659 214 40 Westport,

788 3759 31 28 T.
832 3759 44 28 W.
889 3759 24 28 is
934 3768 63 20 now
1019 3760 131 37 prepared
1172 3765 27 25 to
1219 3765 110 26 execute
1348 3762 37 29 all

753 3797 81 28 kinds
846 3798 31 27 of
892 3799 102 35 repairs
1007 3802 28 23 to
1058 3799 137 33 Watches,
1209 3800 106 33 Clocks,
1329 3801 54 27 and

754 3835 144 37 Jewellery
912 3841 27 24 at
953 3836 47 29 the
1021 3836 118 30 shortest
1160 3839 99 33 notice,
1273 3839 54 29 aud
1349 3849 36 19 on

755 3874 45 28 the
822 3878 73 24 most
918 3875 156 28 reasonable
1098 3880 93 24 terms.
1238 3877 46 27 All
1309 3878 75 27 work

753 3912 166 35 guaranteed
932 3912 40 29 for
993 3913 97 29 twelve
1103 3914 121 35 months,
1237 3924 31 20 or
1287 3915 98 38 failing

754 3951 167 29 satisfaction
935 3952 46 29 the
995 3961 100 28 money
1107 3954 56 28 will
1176 3953 32 29 be
1221 3954 150 29 Returned.

798 4036 52 21 ALL
868 4037 81 20 WORK
967 4038 73 20 DONE
1059 4038 36 20 ON
1113 4039 56 20 THE
1193 4039 145 21 PREMISES.

753 4106 45 28 All
819 4106 75 29 work
913 4107 47 28 left
980 4111 27 24 at
1029 4108 138 28 Fennell's
1186 4109 87 34 Store,
1296 4109 89 36 Lyell,

933 4145 53 27 will
998 4145 33 28 be
1043 4145 161 29 forwarded.

854 4226 44 54 E.
952 4226 49 56 R.
1054 4226 234 65 ISSELL,

756 4299 290 61 WHOLESALE
1065 4301 78 28 AND
1166 4301 139 29 RETAIL
1325 4303 40 28 TO-

881 4339 207 30 BACCONIST
1106 4341 78 28 AND
1203 4341 123 30 FANCY

894 4379 121 27 GOODS
1041 4379 207 35 IMPORTER,

755 4423 64 33 Has
834 4435 38 22 on
887 4424 60 33 sale
962 4425 109 33 Pianos
1089 4437 37 21 on
1152 4426 71 33 time
1246 4430 141 39 payment

1011 4473 119 39 system.

756 4520 70 32 Also
841 4520 187 39 Accordions,
1039 4523 120 40 Banjos,
1173 4524 214 31 Tambourines

808 4564 201 38 Concertinas,
1021 4566 112 38 Flutes,
1148 4567 125 38 Violins,
1289 4569 49 30 &c.

756 4647 92 29 Music
860 4648 92 28 Books
959 4648 53 37 for
1032 4649 41 28 all
1094 4650 81 28 kinds
1195 4651 192 29 instruments.

757 4722 77 33 Gold
849 4724 58 31 and
923 4724 95 33 Silver
1038 4725 155 43 Jewellery
1216 4727 31 32 in
1272 4727 115 34 Newest

790 4767 137 40 Designs.
969 4769 155 42 Jewellery
1138 4771 59 31 and
1216 4772 140 32 Watches

834 4812 134 41 repaired
995 4813 37 41 by
1060 4824 38 21 an
1121 4815 190 40 experienced

994 4857 161 33 workman.

758 4899 89 36 Agent
873 4899 42 30 for
940 4900 98 31 Patent
1068 4902 150 31 Medicines
1244 4913 31 20 as
1300 4905 87 29 usual.

936 4975 38 32 E.
997 4975 35 34 R.
1055 4977 157 39 ISSELL,

771 5028 121 37 HAIR
919 5029 236 39 DRESSING
1186 5032 192 48 SALOON,

825 5081 195 33 Palmerston
1042 5082 115 33 Street
1179 5084 145 39 Central,

971 5135 212 28 WESTPORT.

839 5219 156 37 O'NEIL
1015 5221 69 37 and
1104 5221 210 42 HANSEN,

785 5282 9 9 *
821 5280 148 30 RUSTIC
988 5282 129 29 HOUSE
1145 5283 246 32 DECORATORS

1054 5329 55 19 AND

915 5358 89 29 SIGN
1037 5359 197 35 PAINTERS,

980 5406 150 36 Importers
1142 5406 31 29 of

760 5452 251 41 Paperliangings,
1019 5453 171 38 Varnishes,
1199 5454 72 38 Oils,
1278 5456 113 38 Paints,

852 5496 135 33 Window
1002 5496 97 38 Glass,
1115 5498 187 40 Brushware,

983 5541 111 37 Colors,
1111 5543 59 36 &c,

778 5593 215 41 Palmerston
1030 5595 122 48 Street,
1186 5596 186 48 Westport.

793 5703 93 38 Every
910 5705 134 29 attention
1068 5705 81 38 given
1174 5709 28 27 to
1227 5711 162 34 up-country

759 5742 102 28 orders.

793 5780 25 29 A
842 5780 99 38 special
967 5780 53 38 trip
1042 5780 80 30 made
1143 5783 28 27 to
1193 5782 77 37 Lyell
1290 5792 31 21 or
1333 5792 42 21 sur-

760 5820 134 34 lounding
907 5819 104 29 district
1024 5830 35 18 on
1078 5821 173 33 application.

1567 180 119 32 Public
1704 181 151 33 Notices.

1399 260 335 41 REEFERS'
1797 261 230 51 HOTEL,

1603 343 219 30 BOATMAN'S.

1487 514 235 29 accommodation
1749 515 54 28 and
1835 515 193 35 convenience,

1397 552 139 32 including
1550 553 141 28 first-class
1704 553 108 28 stables.

1433 683 34 29 In
1480 684 161 30 connection
1655 684 67 30 with
1734 684 46 30 the
1794 685 83 30 Hotel
1893 686 75 30 there
1980 686 23 30 is
2017 698 12 19 a

1398 723 73 35 large
1485 722 95 29 Public
1594 723 65 29 Hall
1672 724 78 28 fitted
1775 726 66 27 with
1863 726 38 27 all
1918 726 46 28 the
1986 736 34 19 ne

1399 769 108 28 cessary
1520 765 74 32 stage
1613 762 247 28 accommodation.

1425 900 164 28 First-class
1603 901 126 28 Billiard
1745 902 92 33 Table,
1851 904 59 26 and
1923 905 89 26 Hand

1623 940 68 27 Ball
1712 940 96 28 Court.

1479 1015 229 39 BERNARD
1729 1016 225 47 RODGERS,

1835 1089 163 37 Proprietor.

1449 1172 245 32 JOHNSTON
1722 1172 28 30 &
1775 1171 216 31 WATKINS

1619 1246 107 27 CIVIL
1744 1246 80 27 AND

1490 1322 144 29 INING

1777 1322 259 28 NGINEEfiS.

1592 1407 179 22 AUTHORISED
1793 1408 56 20 AND

1405 1453 280 39 LICENSED
1711 1452 326 39 SURVEYORS

1404 1544 132 36 Working
1560 1545 83 27 Plans
1665 1545 55 27 and
1745 1543 108 29 Details
1877 1544 31 28 of
1931 1543 107 35 Miinnj:

1437 1583 163 36 Machinery
1613 1582 133 37 prepared
1756 1583 55 27 and
1820 1583 46 28 the
1874 1583 132 27 Erection

1490 1622 107 37 Mining
1612 1621 160 38 Machinery
1785 1620 168 38 supervised.

1403 1700 120 36 Purveys
1534 1699 43 28 for
1587 1698 110 36 Mining
1707 1698 166 37 Companies
1883 1698 156 29 contracted

1403 1739 40 27 for
1456 1738 35 36 by
1504 1738 46 29 the
1563 1746 73 27 year.
1674 1738 120 35 Surveys
1804 1738 82 26 made
1895 1737 89 28 under
1993 1736 46 29 the

1575 1774 80 29 Land
1668 1775 129 27 Transfer
1806 1775 61 27 Act.

1651 1853 138 28 Address:

1404 1891 167 34 Broadway,
1592 1890 152 35 Reefton;
1771 1898 56 21 and
1853 1889 186 30 Commercial

1606 1930 111 36 Hotel,
1737 1930 92 29 Lyeli

1438 2007 71 28 N.R.
1510 2007 221 28 Instructions
1744 2007 48 28 left
1804 2011 30 24 at
1846 2007 91 28 Times
1947 2007 92 33 Office,

1404 2054 16 21 I
1428 2046 65 33 yell,
1505 2046 56 28 will
1575 2047 104 28 receive
1687 2046 161 28 immediate
1860 2046 146 29 attention.

1545 2127 349 41 COURTNEY'S

1462 2193 259 37 UNCTION
1786 2193 253 61 JJOTEL,

1556 2275 96 44 (Near
1672 2286 58 22 the
1750 2274 140 43 Bridge.)

1407 2381 150 33 Esg*Good
1565 2380 246 31 Accommodation
1824 2380 44 31 for
1879 2379 161 31 Travellers.

1545 2434 120 27 GRASS
1696 2434 208 27 PADDOCKS.

1408 2486 126 33 Saddle
1554 2486 129 32 Horses
1700 2486 70 31 and
1787 2485 127 40 Handy
1926 2484 116 34 Coach

1650 2522 54 30 for
1719 2522 85 30 hire.

1443 2624 115 32 Miners,
1582 2623 179 31 Theatricals,
1786 2632 32 19 or
1846 2623 132 28 Families
2003 2632 26 18 re-

1408 2663 98 28 moved
1531 2667 28 24 to
1584 2672 55 27 any
1664 2665 62 35 part
1750 2661 30 30 of
1801 2661 48 30 the
1879 2660 108 30 district
2016 2664 25 26 at

1409 2701 129 28 Reduced
1556 2702 93 27 Fares.

1443 2754 24 28 A
1479 2752 191 38 Ferryfacross
1683 2752 48 31 the
1744 2752 97 29 Buller
1853 2762 16 20 a
1890 2754 53 28 few
1961 2752 81 38 yards

1409 2793 89 28 below
1512 2793 46 28 the
1571 2793 135 28 Junction
1720 2793 30 27 of
1759 2793 47 27 the
1819 2797 53 24 two
1884 2792 96 28 rivers.

1477 2903 26 28 A
1524 2901 198 29 Blacksmith's
1743 2902 75 36 Shop
1838 2901 138 28 attached.

1666 2958 110 21 HORSES
1796 2958 85 21 SHOD.

1512 3040 230 43 PATRICK
1775 3040 174 42 KELLY

1410 3110 205 62 WISHES
1628 3112 28 27 to
1668 3110 99 28 inform
1787 3109 46 29 the
1853 3109 92 38 public
1966 3118 64 28 gene-

1552 3149 70 37 rally
1636 3149 59 28 that
1707 3149 35 28 he
1756 3149 49 28 has
1819 3148 83 36 lately

1411 3196 142 37 Imported
1574 3196 58 27 and
1652 3196 120 27 Erected
1791 3196 69 28 New
1871 3196 174 36 Machinery,

1618 3254 158 36 Consisting
1797 3254 43 29 of:

1410 3311 155 46 Drilling,
1579 3310 139 47 Boring,
1732 3309 187 47 Punching,
1940 3311 84 37 Turn-

1488 3354 68 48 ing,
1571 3354 155 47 Planing,
1741 3354 70 37 and
1831 3354 140 48 Cutting

1634 3398 189 45 Machines,

1412 3461 60 27 Aorl
1493 3460 103 35 having
1617 3469 17 19 a
1658 3461 74 35 large
1752 3460 66 28 staff
1838 3460 31 28 of
1885 3461 160 37 Competent

1413 3499 149 29 Workmen
1575 3499 29 28 in
1618 3499 44 28 his
1674 3499 119 36 employ,
1806 3500 24 27 is
1843 3499 28 29 in
1892 3509 16 19 a
1927 3499 118 38 position

1412 3541 27 25 to
1452 3543 112 23 execute
1578 3537 37 29 all
1628 3537 99 29 classes
1749 3537 30 29 of
1797 3537 47 29 the
1867 3537 85 30 above
1973 3538 72 28 work

1411 3576 66 29 with
1491 3576 140 38 despatch,
1640 3575 55 31 and
1703 3581 28 25 at
1740 3575 169 31 Reasonable
1918 3577 127 38 Charges.

1539 3669 197 33 PATRICK
1762 3670 158 41 KELLY,

1413 3715 107 52 Ship,
1535 3716 148 51 Engine
1691 3716 32 39 &
1733 3716 165 39 General
1911 3716 112 39 Black-

1665 3770 127 47 smith,

1481 3832 175 30 Wakefield
1676 3833 119 34 Street,
1813 3833 165 30 Westport.

1411 3915 189 65 Wakefield
1631 3916 115 64 Steam
1779 3918 79 63 Saw
1892 3918 154 78 Planing,

1533 4009 70 61 and
1626 4008 176 77 Moulding
1825 4008 104 63 Mills.

1462 4173 63 42 W.
1569 4174 87 40 and
1702 4173 36 41 J.
1787 4174 212 51 MARRIS,

1611 4256 74 21 HAVE
1706 4256 37 21 ON
1764 4257 70 21 SALE

1415 4311 168 62 DOORS,
1605 4311 108 35 Sashes,
1726 4312 135 39 Turnery,
1883 4313 166 39 Mouldings,

1651 4352 54 33 &c,
1721 4352 54 29 and
1793 4362 17 19 a

1416 4416 98 32 Good
1517 4417 214 32 Assortment
1739 4417 39 32 of
1785 4417 264 35 Well-seasoned

1470 4461 150 31 Dressed
1632 4461 69 32 and
1713 4463 122 39 Rough
1847 4463 147 33 Timber.

1419 4549 173 37 Up-country
1612 4550 101 27 Orders
1731 4551 146 37 Promptly
1902 4553 147 28 Executed.

1432 4654 215 40 Wakefield
1667 4655 137 48 Street,
1825 4657 210 51 Westport.

1447 4746 266 33 FREDERICK
1729 4748 144 33 JONES
1891 4749 28 32 &
1939 4750 79 41 CO.,

1419 4797 196 59 CABINET
1629 4797 155 29 MAKERS
1797 4799 78 27 AND
1887 4799 138 31 UPHOLS-

1656 4835 158 35 TERERS,

1515 4886 186 31 Palmerston
1720 4887 54 35 St.,
1787 4888 166 36 Westport,

1419 4935 66 27 New
1499 4935 148 27 Furniture
1660 4936 55 26 and
1735 4936 126 36 Bedding
1873 4938 174 34 Warehouse.

1487 4971 122 38 opposite
1625 4972 121 37 Hughe's
1759 4974 114 37 Empire
1887 4974 93 31 Hotel.

1419 5019 315 38 Worshop:Opposite
1747 5021 88 29 Bailie
1848 5023 20 27 &
1881 5023 72 29 Co.'s
1964 5024 84 29 Store.

1419 5096 116 29 JONES
1555 5098 21 27 &
1598 5096 57 28 CO.
1669 5097 69 29 have
1759 5099 29 27 in
1808 5099 76 29 stock
1897 5110 16 18 a
1925 5101 70 35 good
2009 5112 26 19 as-

1419 5135 90 27 sorted
1529 5134 40 28 lot
1590 5135 30 27 of
1638 5136 106 28 Double
1766 5138 54 27 and
1842 5138 92 37 Single
1951 5139 99 37 Spring

1422 5173 167 34 Mattrasses,
1603 5173 106 29 Double
1722 5174 54 29 and
1797 5175 91 38 Single
1909 5176 66 30 Iron
1995 5178 54 29 and

1420 5211 87 28 Wood
1520 5212 160 32 Bedsteads,
1687 5213 47 27 the
1745 5214 140 36 Longford
1895 5215 74 29 Wire
1978 5216 72 30 Beds

1421 5249 144 29 Palliasses
1587 5250 68 29 Flax
1677 5250 167 36 Mattrasses,
1861 5253 110 30 Pillows
1995 5256 54 28 and

1421 5288 131 33 Bolsters,
1578 5289 189 35 Washstands,
1792 5291 131 37 Dressing
1943 5293 107 35 Tables,

1420 5326 89 27 Toilet
1524 5326 60 29 Sets
1596 5327 55 27 and
1672 5327 111 29 Glasses
1797 5329 46 37 (all
1856 5331 90 33 sizes),
1959 5332 91 28 Towel

1421 5364 85 34 Rails,
1520 5366 112 28 Cornice
1647 5366 85 34 Poles,
1744 5367 86 35 Rings
1840 5369 55 28 and
1908 5369 141 36 Brackets,

1419 5402 129 28 Austrian
1563 5404 53 26 and
1632 5404 118 27 Kitchen
1766 5406 97 27 Chairs
1875 5408 54 26 and
1943 5408 106 32 Tables,

1420 5440 132 35 Conches,
1576 5442 85 33 Sofas,
1685 5442 96 30 Chests
1800 5444 31 28 of
1847 5444 127 31 Drawers
1996 5446 54 29 and

1420 5479 185 31 Cheffioniers,
1630 5481 144 28 Whatnots
1801 5482 46 35 (all
1871 5484 91 33 sizes),
1988 5486 62 27 Side

1419 5517 56 28 and
1487 5517 87 38 Gipsy
1587 5517 98 31 Tables
1696 5519 30 29 in
1738 5518 80 30 black
1835 5520 54 30 and
1911 5522 72 34 gold,
1997 5522 52 30 and

1419 5556 72 33 gold,
1505 5557 54 27 and
1572 5557 37 28 all
1621 5557 82 28 kinds
1715 5559 31 27 of
1764 5559 93 36 Fancy
1878 5556 79 39 Table
1973 5556 15 39 3
2004 5556 46 39 and

1420 5594 139 29 Brackets.
1590 5595 146 30 American
1746 5596 230 38 Perambulators,
1983 5600 50 29 Bas-

1419 5632 127 34 ketware,
1559 5634 46 28 &c.

1537 5671 45 28 AH
1599 5672 92 28 orders
1712 5673 141 30 entrusted
1865 5676 29 27 to
1906 5683 33 20 us
1951 5675 55 32 will
2018 5676 32 29 be

1419 5710 161 37 punctually
1593 5712 127 29 attended
1738 5716 37 25 to.

1453 5748 151 28 N.B.All
1616 5750 80 27 kinds
1710 5750 30 27 of
1756 5751 124 36 Turnery
1893 5753 74 28 work
1980 5754 70 27 done

1419 5794 35 21 on
1465 5785 46 30 the
1521 5787 140 37 premises.
1698 5787 114 31 Billiard
1824 5788 77 31 Balls
1910 5791 140 31 re-tftrned

1419 5825 54 28 and
1486 5825 137 34 coloured,
1637 5827 82 35 equal
1732 5831 27 25 to
1769 5837 68 23 new,
1853 5829 43 34 15/
1908 5839 48 26 per
1968 5837 50 24 set.

2135 180 146 33 Reefton
2308 181 294 37 Advertisements

2173 262 55 38 W.
2270 261 303 52 HINDMARSH,

2110 383 271 34 HAREBROKER,
2407 385 179 35 MINING,
2611 387 77 27 AND

2149 461 166 40 General
2340 461 261 42 Commission

2309 555 137 52 Agent,

2093 684 289 51 BROADWAY,
2411 686 244 52 REEFTON,

2183 794 141 36 (Opposite
2342 794 34 29 So
2389 794 90 31 ithern
2492 795 81 30 Cross

2325 851 104 36 Hotel.)

2065 936 290 59 Dawson
2373 952 30 43 s
2469 937 223 73 Hotel,

2159 1039 225 35 BROADWAY,
2413 1041 183 30 REEFTON.

2071 1155 83 58 Tbe
2173 1154 237 29 accommodation
2433 1156 125 36 supplied
2579 1157 36 36 by
2641 1157 56 28 this

2154 1193 85 27 house
2252 1197 102 23 cannot
2367 1193 32 28 be
2412 1194 145 35 surpassed
2579 1194 29 28 in
2629 1196 68 27 New

2067 1230 127 30 Zealand.

2069 1333 172 51 Booking
2275 1335 121 39 Office
2431 1335 57 39 for
2523 1336 173 39 Mitchell

2114 1387 75 42 and
2234 1388 233 55 Campbell's
2525 1390 121 54 Royal

2164 1443 94 40 Mail
2290 1446 97 36 Line
2409 1446 43 37 of
2478 1446 97 51 Grey-

2217 1496 132 42 mouth
2366 1498 187 40 Coaches.

2100 1613 66 27 This
2179 1611 86 29 Hotel
2324 1610 60 28 well
2406 1609 101 29 known
2530 1610 167 37 throughout

2068 1651 66 29 New
2147 1649 120 30 Zealand
2279 1648 43 29 for
2340 1649 36 28 its
2395 1648 235 29 accommodation
2644 1650 53 27 and

2066 1690 180 28 convenience
2259 1688 42 28 for
2318 1688 112 28 tourists
2450 1687 54 29 and
2524 1688 173 28 commercial

2067 1728 148 29 travellers.

2262 1773 124 37 JOHN
2408 1772 211 46 DAWSON,

2500 1825 164 37 Proprietor.

2227 1909 308 34 STEVENSON'S

2070 1975 365 60 M'G-affin's
2472 1975 226 71 Hotel,

2170 2076 224 34 BROADWAY,
2414 2077 186 28 REEFTON.

2157 2250 103 34 replete
2273 2248 67 28 with

2163 2323 92 19 EVERY
2274 2322 127 20 COMFORT
2418 2321 56 21 AND
2492 2321 117 21 MODERN

2283 2359 206 21 CONVENIENCE.

2103 2448 133 35 TouristF,
2260 2447 177 29 commercial
2466 2446 152 34 travellers,
2649 2446 54 28 and

2070 2488 92 29 others
2171 2488 55 28 will
2241 2488 63 28 here
2317 2486 58 29 find
2389 2496 81 27 every
2484 2485 137 31 attention
2631 2495 54 20 com-

2070 2526 82 28 bined
2164 2526 66 27 with
2246 2526 82 27 home
2341 2526 138 26 comforts.

2070 2620 157 38 Booking
2244 2620 108 31 Office
2363 2619 54 31 for
2427 2620 172 30 Newman
2610 2618 94 30 Bros*

2097 2664 109 41 Royal
2218 2664 87 33 Mail
2318 2664 86 32 Line
2418 2662 39 34 of
2465 2662 132 33 Nelson
2610 2662 70 33 and

2213 2711 174 38 Westport
2400 2709 163 32 Coaches.

2132 2803 160 39 JAMES
2338 2802 305 46 STEVENSON,

2297 2865 181 20 PROPRIETOR.

2144 2937 36 40 J.
2235 2937 42 39 B.
2341 2937 128 39 BEE
2489 2936 145 47 CHE,

2220 3047 172 37 Broadway,
2414 3045 149 39 Keefton,

2079 3149 339 48 OHAKEBROKEJ,
2454 3150 21 31 &
2514 3147 196 34 GENEEAL

2172 3236 255 34 COMMISSION
2462 3235 150 34 AGENT.

2114 3428 149 41 Enquries
2295 3429 45 31 for
2366 3428 89 31 latest
2482 3427 171 41 quotations
2679 3427 31 30 in

2074 3485 116 43 mining
2204 3485 97 33 stocks
2315 3485 150 44 promptly
2478 3485 111 42 replied
2603 3487 41 30 to.

2101 3637 171 19 TELEGRAMS
2293 3637 201 19 IMMEDIATELY
2514 3636 165 20 ANSWERED.

2075 3712 213 44 IS*BUY
2316 3713 149 39 PURE
2495 3712 211 40 DRUGS!

2162 3832 63 42 W.
2251 3832 37 42 J.
2319 3832 54 41 M.
2406 3832 224 50 HANSBY,

2077 3896 197 82 FAMILY
2301 3896 84 30 AND
2416 3895 293 32 DISPENSING

2295 3939 196 38 CHEMIST,

2225 4008 163 26 BROADWAY,
2417 4008 140 21 REEFTON.

2075 4055 84 29 Eleve
2172 4055 32 29 de
2218 4056 140 27 Vlnstitut
2369 4056 41 27 St.
2419 4055 136 35 Franqois
2568 4055 114 33 Xavier,
2693 4064 17 19 a

2224 4095 117 36 Bruges,
2356 4094 29 29 la
2396 4094 165 38 Belguique.

2168 4146 39 28 M.
2227 4147 31 26 P.
2278 4147 27 27 S.
2326 4147 35 26 N.
2381 4147 40 32 Z.,
2478 4145 39 30 M.
2537 4147 31 27 P.
2587 4146 31 28 C.

2075 4241 109 29 Twelve
2195 4241 89 37 years'
2298 4241 129 28 assistant
2439 4243 28 26 to
2480 4240 53 29 Dr.
2548 4240 123 35 Morice,
2685 4241 25 28 of

2306 4279 180 36 Greyinouth.

2111 4356 170 37 Physicians'
2303 4356 196 38 Prescriptions
2524 4356 54 30 and
2601 4356 109 38 Family

2077 4396 128 34 Receipes
2218 4396 153 35 accurately
2382 4395 188 36 compounded
2584 4395 66 28 with
2664 4396 46 28 the

2077 4433 146 29 PUREST
2242 4433 138 29 DRUGS.

2129 4492 176 21 SPECTACLES
2326 4492 35 19 TO
2382 4492 64 21 SUIT
2470 4492 54 21 ALL
2545 4492 113 21 SIGHTS.

2110 4534 90 29 Toilet
2230 4533 163 37 Requisites,
2419 4535 167 35 Perfumery,
2612 4535 97 28 Patent

2077 4572 150 29 Medicines
2239 4572 55 29 and
2307 4572 154 36 Druggists'
2476 4572 140 35 Sundries,
2629 4573 45 28 &c.

2150 4649 109 32 Teeth
2275 4650 196 38 Extracted,
2489 4650 68 41 <&c,
2576 4650 59 32 &c.

2202 4724 91 34 Drugs
2303 4724 184 29 Guaranteed,
2498 4724 53 29 and
2563 4728 28 25 at
2603 4725 105 37 greatly

2218 4763 185 28 REDUCED
2424 4762 147 29 PRICES.

2137 4842 217 37 FORSYTH
2375 4843 28 37 &
2425 4842 231 47 MASTERS,

2077 4899 291 60 WHOLESALE
2396 4901 21 28 &
2444 4900 141 30 RETAIL
2604 4902 83 29 IRON-

2298 4939 192 32 MONGERS,

2227 4984 169 35 Broadway,
2415 4985 144 35 Reefton,

2077 5032 80 28 Have
2170 5041 36 19 on
2218 5032 75 28 hand
2312 5033 136 36 imported
2468 5034 85 29 direct
2570 5035 70 27 from
2662 5035 47 28 the

2128 5070 93 30 Home
2234 5070 130 35 markets,
2377 5079 15 21 a
2404 5071 89 35 Large
2505 5072 56 29 and
2575 5073 66 29 Well-

2262 5110 122 28 assorted
2404 5111 82 29 Stock
2499 5112 30 28 of

2077 5155 167 39 Builders'
2258 5155 219 51 Furnishing,
2492 5157 137 50 Mining
2641 5159 70 38 and

2182 5209 147 38 General
2351 5211 256 48 Ironmongery,

2077 5270 99 31 Which
2199 5271 66 37 they
2284 5282 46 19 are
2351 5274 132 36 prepared
2506 5277 29 26 to
2556 5274 50 29 sell
2627 5277 29 26 to
2668 5284 26 20 re-

2089 5310 103 28 sidents
2204 5311 31 28 of
2244 5310 77 37 Lyell
2335 5314 29 26 at
2373 5312 151 37 extremely
2536 5313 53 29 low
2601 5314 97 35 prices.

2078 5408 154 29 Bickford's
2246 5409 80 33 Fuse,
2340 5410 92 27 Hall's
2448 5411 127 31 Blasting
2587 5411 123 28 Powder.

2079 5447 121 35 Octagon
2215 5447 82 34 Steel,
2309 5447 93 29 Ames'
2424 5448 125 34 Shovels,
2571 5448 67 29 Pick
2656 5449 53 29 and

2079 5486 137 28 Hammer
2229 5486 134 31 Handles,
2377 5487 55 30 &c,
2443 5491 95 30 agents
2551 5488 41 27 for
2601 5488 110 27 Nobel's

2315 5523 161 38 Dynamite.

2079 5571 158 33 Furniture,
2269 5571 134 33 Bedding.
2434 5572 113 33 Lamps,
2590 5573 121 36 Cutlery,

2079 5609 171 38 Carpenters'
2265 5609 90 33 Tools,
2374 5610 103 33 Paints,
2500 5611 66 33 Oils,
2589 5611 122 34 Colours,

2216 5648 94 36 Fancy
2323 5649 90 32 Ware,
2427 5650 62 32 &c.;
2508 5650 67 32 also,

2083 5693 22 31 A
2119 5694 87 38 Large
2218 5695 175 30 Assortment
2410 5695 30 30 of
2457 5696 166 31 Galvanised
2637 5696 74 32 Iron.

2182 5735 144 27 Bessemer
2338 5736 54 26 and
2412 5736 104 35 Plough
2537 5736 73 29 Steel

2269 5790 103 29 WIRE
2394 5790 127 31 ROPES.

2183 5828 60 28 SSS
2274 5830 176 27 OCTAGON
2478 5832 128 25 STEEL.

2784 188 174 41 Westport
2985 191 304 32 Advertisements.

2756 268 287 62 Thomas
3071 271 243 74 James,

2848 361 264 47 SADDLER,
3142 360 80 50 &c,

2719 424 218 63 IMPORTER
2956 436 56 19 and
3038 428 311 31 MANUFACTURER

3018 476 33 20 OF

2720 504 59 38 All
2812 505 252 53 descriptions
3082 507 42 39 of
3151 508 196 52 Saddlery,

2770 559 183 48 Harness,
2973 562 110 51 Long
3093 562 75 38 and
3188 563 114 38 Short

2820 614 201 52 Leggings,
3093 616 159 52 Plough,

2867 669 31 38 &
2918 669 106 39 Back
3050 669 153 50 Chains,

2916 723 155 48 Traces,
3090 726 64 38 &c.

2725 814 111 38 Repairs
2849 814 100 38 Neatly
2963 816 54 28 ami
3038 817 143 38 Promptly
3203 817 148 30 Executed.

2725 891 172 38 Up-country
2910 893 92 28 orders
3019 894 141 37 promptly
3172 895 130 29 attended
3316 901 38 23 to.

2723 967 49 28 ON
2792 967 205 31 SALESteel
3028 970 136 34 Polished,
3194 970 55 29 and
3280 971 74 29 Solid

2792 1006 89 29 Silver
2909 1007 69 34 Bits,
3010 1008 131 37 Stirrups,
3173 1009 54 29 and
3259 1010 95 37 Spurs,

2792 1045 103 37 Riding
2917 1047 124 34 Saddles,
3061 1048 73 28 Pack
3157 1049 123 32 Saddles,
3301 1050 54 28 and

2792 1084 98 36 Whips
2903 1085 30 27 of
2946 1085 38 28 all
2996 1085 187 37 descriptions.

2872 1168 338 30 NOTICE.

2758 1261 2 32 '
2781 1261 76 27 BEG
2878 1265 27 24 to
2919 1262 98 27 inform
3037 1263 47 27 the
3106 1264 95 27 Public
3222 1265 31 27 of
3269 1265 77 28 West

2798 1303 69 31 port,
2883 1299 78 35 Lyell
2974 1300 53 27 and
3048 1300 46 28 the
3107 1301 183 37 surrounding
3303 1303 39 28 dis-

2725 1336 77 28 tricts
2816 1338 60 27 that
2892 1338 13 26 I
2927 1338 69 27 have
3017 1338 169 30 determined
3200 1350 73 26 upon
3295 1351 46 18 con-

2725 1374 109 37 tinuing
2856 1375 46 29 the
2926 1374 125 31 business
3075 1377 105 28 carried
3198 1386 36 20 on
3254 1378 34 38 by
3311 1388 47 28 my

2725 1413 53 29 late
2804 1414 135 34 husband,
2958 1416 54 28 and
3036 1421 71 24 trust
3133 1417 60 28 that
3217 1428 36 18 an
3278 1419 78 36 equal

2726 1461 125 18 measure
2864 1454 31 26 of
2914 1454 45 26 the
2973 1454 94 27 liberal
3083 1462 148 28 patronage
3244 1458 114 34 enjoyed

2726 1488 35 37 by
2784 1489 58 29 him
2863 1490 42 28 for
2918 1500 29 18 so
2964 1500 85 27 many
3072 1501 79 27 years
3173 1502 65 27 may
3262 1492 33 30 be
3316 1504 28 19 ex-

2726 1528 99 28 tended
2839 1534 27 23 to
2880 1539 54 18 me.
2970 1530 57 28 The
3041 1530 124 29 business
3177 1532 57 28 will
3249 1532 33 28 be
3294 1542 48 18 con-

2726 1566 98 29 ducted
2843 1567 87 28 under
2947 1568 47 28 the
3014 1578 76 19 same
3108 1570 70 36 style
3197 1581 31 17 or
3248 1571 58 29 title
3331 1581 28 18 m>

2726 1604 129 29 hitherto.

2996 1645 105 28 MARY
3119 1647 77 27 ANN
3217 1647 108 29 CORR.

2760 1690 147 37 Westport,
2921 1692 64 28 28th
2999 1692 75 36 July,
3090 1695 75 27 1886.

2857 1771 42 38 A.
2921 1772 314 47 RICHARDSON,

2732 1833 199 33 nHEMIST
2977 1835 94 32 AND
3119 1837 243 38 T\RUGGIST,

2762 1921 328 53 Palmerston-St.,
3117 1925 212 54 Westport.

2727 2015 24 27 A
2763 2014 74 36 large
2856 2016 54 28 and
2932 2016 189 30 well-selected
3143 2018 81 28 Stock
3246 2018 32 29 of
3297 2019 67 28 New

2762 2054 101 33 Drugs,
2876 2054 164 35 Chemicals,
3050 2056 220 37 Homoeopathic,
3282 2058 32 28 Pa-

2797 2096 60 23 tent
2868 2092 53 27 and
2942 2093 174 36 Proprietary
3137 2095 158 33 Medicines,

2835 2130 132 37 Sponges,
2999 2132 90 28 Brash
3094 2143 80 24 ware,
3199 2134 47 28 Per-

2866 2169 117 35 fumery,
3008 2171 87 27 Toilet
3128 2172 82 35 Requi-

2901 2207 73 35 sites,
2984 2207 103 32 Elastic
3098 2209 79 30 Stock-

2935 2249 70 33 ings,
3014 2249 151 35 Kneecaps,

2982 2285 126 34 Anklets,

2937 2324 109 27 Ladies'
3089 2326 52 35 Sup-

2902 2366 86 28 ports,
3029 2362 166 29 Abdominal

2867 2400 94 32 Belts;
2979 2400 122 34 Trusses,
3112 2402 37 29 all
3162 2404 70 28 sizes

2833 2438 110 27 various
2962 2443 132 30 patterns,
3108 2441 54 32 &c,
3176 2440 90 28 Horse

2800 2475 55 30 and
2880 2476 88 30 Cattle
2994 2477 159 36 Medicines,
3178 2479 56 33 &c,
3254 2479 45 29 &c.
3341 2482 17 22 l

2734 2526 125 34 Country
2888 2527 101 26 Orders
3017 2527 139 35 carefully
3182 2529 133 26 attended

2775 2562 79 37 Lyell
2867 2564 111 36 Agency
2991 2564 122 36 :Lyell
3127 2566 93 27 Times
3233 2566 93 29 Office.

2734 2611 34 30 A.
2781 2609 276 38 RICHARDSON,
3068 2611 302 34 Palmerston-street.

2735 2693 334 54 GILMER'S
3123 2694 248 64 HOTEL,

2977 2767 156 27 WESTPORT,

2761 2807 148 39 Corner
2934 2807 43 39 of
3005 2809 240 38 Palmerston
3271 2811 77 38 and

2854 2861 214 41 Wakefield
3095 2863 160 49 Streets,

2778 2924 241 28 lONVENIENT
3041 2929 28 24 to
3088 2926 47 27 the
3149 2926 155 37 Telegraph
3318 2927 53 27 and

2755 2955 32 28 -'
2827 2962 66 28 Post
2908 2962 107 33 Offices,
3029 2962 55 28 and
3097 2964 96 35 nearly
3207 2964 125 37 opposite
3345 2966 28 27 to

2738 3000 32 27 he
2784 2999 77 29 R.M.
2876 3001 88 27 Court
2979 3001 55 27 and
3054 3001 81 28 H.M.
3149 3002 142 28 Customs.

2740 3078 180 39 Gilmer's
2942 3078 175 39 Masonic
3142 3079 131 47 Hotel,

2740 3171 180 40 Gilmer's
2946 3171 130 47 Hotel,

3257 3142 115 21 NELSON.

3191 3234 181 22 GREYMOUTH.

2740 3264 179 39 Gilmer's
2939 3265 122 52 Royal
3081 3265 86 40 Oak
3187 3266 131 48 Hotel,

3177 3328 195 21 WELLINGTON.

2807 3395 78 28 THE
2917 3395 184 30 PRINCESS
3126 3395 179 30 THEATRE

2740 3434 27 27 Is
2782 3435 57 27 70ft
2850 3443 17 18 x
2881 3434 56 28 30ft
2949 3434 98 31 inside,
3061 3435 160 34 containing
3233 3440 75 29 stage
3318 3436 57 27 30ft

2739 3481 15 19 x
2767 3472 66 33 21ft,
2846 3472 66 28 with
2925 3472 135 37 complete
3073 3476 55 25 sets
3147 3473 30 29 of
3195 3482 113 28 scenery
3320 3474 54 28 and

2739 3510 73 34 large
2836 3510 125 37 dressing
2989 3521 101 19 rooms.
3139 3511 59 29 The
3222 3512 95 35 height
3347 3514 31 27 of

2738 3549 78 28 wails
2829 3550 23 27 is
2865 3549 65 34 20ft,
2944 3549 55 27 and
3013 3550 46 28 the
3072 3559 77 19 room
3170 3551 23 27 is
3216 3550 111 38 capable
3348 3552 30 28 of

2910 3589 107 36 seating
3028 3590 52 28 GOO
3098 3589 104 38 people.

2773 3627 128 31 Booking
2920 3627 84 28 Office
3023 3629 42 26 for
3076 3628 47 27 the
3137 3629 169 31 Charleston,
3319 3629 36 27 Ad-

2738 3663 114 36 dison's,
2865 3664 116 29 Reefton
2993 3665 55 28 and
3067 3665 81 37 Lyell
3160 3665 132 30 Coaches.

2945 3716 122 32 JOHN
3086 3717 191 40 GILMER,

3174 3761 165 38 Proprietor.

2795 3836 176 62 THOMAS
3011 3836 126 62 FIELD
3171 3837 32 63 &
3239 3837 76 75 CO,

2739 3923 310 36 tKONMONGEKS
3084 3928 21 31 &
3139 3927 98 33 IKON
3272 3928 76 32 MER-

2741 3959 23 49 -1
2973 3971 172 33 CHANTS.

2739 4054 92 36 Every
2849 4054 179 36 Description
3040 4055 35 36 of
3091 4055 90 28 Mines
3205 4055 90 29 Goods
3316 4055 58 29 and

2905 4093 95 29 House
3012 4094 201 37 Furnishings.

2808 4177 72 30 IS*
2898 4178 245 33 EXPLOSIVES,
3173 4180 55 33 &c,
3259 4180 46 28 &c.

2908 4272 103 32 LOW
3034 4273 170 32 PRICES.

2739 4356 98 30 Orders
2849 4357 144 38 Promptly
3005 4357 55 30 and
3073 4358 138 38 Carefully
3223 4359 150 30 Executed.

2804 4446 197 39 THOMAS
3021 4447 144 38 FIELD
3185 4448 29 40 &
3236 4447 75 48 CO.,

2741 4504 249 29 PALMERSTON
3005 4505 155 32 STREET,
3170 4507 203 29 WESTPOET

2777 4589 39 37 F.
2830 4590 55 37 W.
2901 4589 261 40 HAGEDORN
3183 4593 28 37 &
3234 4592 100 38 CO.'S

2743 4656 252 34 riURNITUEE
3029 4657 263 35 WAREHOUSE
3313 4660 59 32 will

2739 4692 29 45 J;
2808 4701 36 32 be
2855 4701 91 31 found
2956 4702 110 40 replete
3077 4702 32 32 in
3120 4702 40 32 all
3169 4703 38 31 its
3216 4703 156 33 branches.

2856 4817 45 28 All
2914 4817 46 29 the
2974 4817 80 30 latest
3074 4818 133 29 novelties
3223 4819 30 28 in

2737 4877 193 41 Furniture,
2956 4877 107 41 Sofas,
3084 4876 132 44 Chairs,
3239 4878 133 43 Tables,

2785 4923 197 40 Chiffonier,
3000 4923 155 40 Looking
3177 4925 149 41 Glasses,

2875 4976 70 32 and
2962 4976 273 34 Chamberware.

2739 5073 171 38 Up-country
2922 5074 92 29 orders
3030 5075 141 38 promptly
3191 5075 128 29 attended
3336 5080 36 25 to.

2737 5112 99 29 Orders
2849 5113 48 28 left
2918 5117 29 26 at
2965 5114 47 27 the
3024 5114 77 28 office
3115 5115 30 27 of
3155 5115 54 28 this
3222 5124 84 27 paper
3318 5115 54 28 will

2922 5152 104 28 receive
3045 5153 144 28 attention.

2777 5245 215 39 Palmerston
3015 5247 121 46 Street,
3149 5247 185 46 Westport.

2787 5332 44 41 A.
2888 5332 47 42 G.
2996 5334 123 40 FEN
3137 5334 186 51 WICK,

2869 5424 129 32 Princes
3020 5425 60 38 St.,
3096 5426 148 39 Dunedin,

2785 5505 140 29 PINING
2944 5506 79 29 AND
3039 5508 181 29 GENERAL
3234 5510 114 28 SHARE-

2975 5584 163 30 BROKER.

2789 5661 156 35 Telegrams
2965 5663 145 35 promptly
3134 5663 131 27 attended
3290 5665 35 26 to.

2877 5776 176 36 Telegraphic
3065 5776 133 30 Address:

2770 5828 196 33 Fenwick,
2989 5829 131 32 Broker,
3143 5829 147 32 Dunedin*.

3556 195 118 31 Public
3687 195 151 31 Notices.

3513 276 129 40 JOHN
3687 275 189 48 MUNKO,

3435 406 179 29 ENERAL
3646 406 248 29 MERCHANT
3924 405 91 28 AND

3592 485 208 32 IMPORTER,

3479 600 241 40 Palmerston
3773 600 142 46 Street,

3591 722 217 28 WESTPORT.

3596 899 211 28 WESTPORT.

3488 994 77 29 ASM
3570 993 46 30 US
3640 993 64 35 begs
3728 998 29 24 to
3780 992 100 29 inform
3907 991 47 30 the
3975 991 27 30 in-

3440 1044 27 10 -
3507 1033 141 28 habitants
3660 1033 30 28 of
3709 1032 80 36 Lyell
3801 1032 54 28 and
3869 1031 130 28 surround-

3383 1071 48 33 ing
3441 1071 121 28 districts
3575 1071 59 28 that
3647 1071 34 28 he
3693 1071 51 28 has
3765 1070 106 37 opened
3892 1070 126 27 business

3384 1119 29 18 as
3426 1119 16 18 a
3457 1109 113 29 Saddler
3582 1109 53 29 and
3655 1110 123 28 Harness
3803 1108 95 28 Maker
3919 1109 28 27 in
3970 1108 48 28 the

3385 1158 58 19 new
3465 1148 55 29 and
3541 1148 132 37 centrally
3695 1148 117 29 situated
3836 1147 131 38 premises
3987 1148 30 28 in

3386 1188 167 26 Palmerston
3565 1193 90 21 street,
3667 1192 63 22 next
3743 1188 66 26 door
3821 1190 28 23 to
3864 1187 44 25 Mr
3918 1186 81 26 Hasel-

3385 1224 63 34 den,
3472 1224 134 29 Solicitor.
3644 1224 44 29 He
3709 1224 50 28 has
3780 1235 16 17 a
3820 1223 197 29 well-assorted

3385 1265 86 31 stock,
3485 1264 53 26 and
3552 1264 84 34 hopes
3650 1264 35 34 by
3699 1264 80 34 using
3791 1264 47 27 the

3387 1310 94 28 BEST
3502 1310 205 33 MATERIAL,

3455 1349 101 27 GOOD
3577 1348 297 28 WORKMANSHIP.

3568 1386 61 28 And
3646 1385 208 31 MODERATE
3875 1385 145 35 PRICED,

3455 1426 40 28 To
3507 1426 81 28 merit
3601 1437 16 17 a
3629 1426 51 28 fair
3692 1426 79 28 share
3785 1427 30 27 of
3830 1431 119 31 support.

3422 1511 122 35 Country
3558 1510 92 28 orders
3670 1510 55 29 will
3746 1510 104 29 receive
3869 1509 99 37 speciai
3981 1513 27 25 at-

3388 1550 114 31 tention,
3528 1549 54 27 and
3606 1549 137 36 anything
3767 1550 27 26 in
3820 1549 47 27 the
3892 1550 52 26 line
3970 1550 39 26 for-

3389 1588 106 27 warded
3509 1587 42 28 for
3563 1588 89 35 repair
3666 1586 54 29 will
3740 1587 32 27 be
3793 1592 74 23 retnr
3879 1586 39 28 ie<i
3942 1586 64 28 with-

3389 1635 47 18 out
3448 1625 89 36 delay.
3575 1625 98 28 Orders
3685 1626 81 32 given
3777 1628 28 25 to
3815 1626 34 26 1).
3862 1624 161 34 Robertson,

3389 1664 161 32 coachman,
3564 1665 55 26 wili
3634 1663 103 28 receive
3751 1664 144 27 attention.

3469 1712 94 36 Every
3582 1711 106 27 Article
3707 1712 74 35 Kept
3800 1712 28 26 in
3850 1711 92 27 Stuck.

3522 1786 50 37 H.
3622 1786 270 44 ASMUSS,

3392 1839 194 33 SADDLER
3607 1842 21 29 &
3650 1840 192 31 HARNESS
3871 1839 153 37 MAKER,

3486 1884 172 28 Palmerston
3672 1886 98 31 Street,
3784 1884 149 33 Westport.

3521 1968 381 59 Newman's

3465 2081 134 28 OYAL

3732 2084 87 26 AIL
3864 2085 39 24 T
3936 2085 92 26 INE

3594 2173 48 27 OF
3661 2174 177 27 COACHES

3427 2269 253 28 Thrice-Weekly
3705 2271 122 26 Service
3850 2272 144 26 Between

3480 2316 106 33 Lyell,
3600 2316 134 28 Reefton
3746 2326 57 19 and
3817 2318 126 28 Nelson.

3395 2410 91 28 Leave
3508 2410 82 36 Lyell
3607 2411 43 28 for
3669 2412 104 28 Nelson
3789 2422 83 27 every
3895 2413 138 36 Tuesday,

3395 2455 148 39 Thursday
3549 2457 56 28 and
3617 2459 148 36 Saturday,
3775 2464 29 24 at
3814 2462 65 26 2.30
3887 2469 78 28 p.m.,
3977 2459 57 28 and

3398 2506 80 35 Lyell
3491 2506 40 27 for
3545 2507 74 28 West
3624 2513 59 29 port
3696 2508 55 28 and
3765 2509 127 33 Reetton,
3911 2519 36 18 on
3961 2509 53 28 Sun-

3397 2551 64 36 day,
3476 2552 173 37 Wednesday
3664 2554 54 26 and
3733 2555 111 36 Friday,
3853 2560 29 22 at
3893 2556 63 26 9.30
3966 2565 67 17 a.m.

3400 2638 164 34 Passengers
3591 2640 101 27 hooked
3725 2641 42 26 for
3796 2641 150 35 Hampden
3979 2643 55 25 aud

3519 2685 81 29 other
3612 2687 191 29 intermediate
3817 2688 101 37 places.

3572 2763 131 30 Booking
3724 2765 119 29 Offices
3855 2774 5 20 :

3401 2821 139 36 Westport
3803 2822 132 29 Gilmer's
3948 2824 89 28 Hotel

3400 2869 118 29 Reefton
3761 2871 176 28 Stevenson's
3950 2872 87 29 Hotel

3401 2918 103 26 Nelson
3814 2920 123 27 Masonic
3951 2919 85 28 Hotel

3433 3011 45 27 All
3491 3012 108 35 parcels
3613 3017 76 23 must
3700 3013 33 27 be

3533 3059 68 38 they
3614 3059 56 29 will
3683 3060 33 29 be
3729 3060 49 29 left
3791 3060 113 30 behind.

3725 3117 38 28 H.
3784 3118 184 33 NEWMAN,

3836 3156 159 36 Proprietor

3462 3329 197 33 AMPDEN
3692 3331 344 34 CO-OPERATIVE

3538 3373 129 33 STOEE
3700 3375 205 38 COMPANY,

3624 3418 189 32 LIMITED.

3436 3588 58 29 The
3507 3587 98 30 above*
3609 3588 143 39 Company
3765 3591 23 28 is
3796 3590 149 38 supplying
3954 3591 87 35 goods

3401 3647 28 25 at
3443 3654 16 18 a
3472 3643 84 38 slight
3568 3644 122 30 advance
3702 3655 35 19 on
3751 3647 104 28 Nelson
3869 3646 101 30 Prices.

3689 3731 34 29 B.
3744 3732 132 34 M'NEE,
3894 3733 109 29 Lessee.

3422 3819 600 35 GRATEFULCOMPORTING.

3399 3894 292 129 EPPS'S
3770 3896 271 130 COCOA

3555 4096 332 32 BREAKFAST.

3527 4145 17 17 a
3566 4136 136 34 thorough
3716 4137 159 34 knowledge
3888 4140 30 25 of
3930 4138 47 28 the
3989 4148 33 18 na-

3401 4173 71 26 tural
3485 4172 66 28 laws
3563 4173 90 28 which
3667 4183 102 26 govern
3782 4174 47 28 the
3841 4176 157 35 operations
4011 4176 32 28 of

3401 4209 134 36 digestion
3548 4211 53 27 and
3616 4212 143 35 nutrition,
3772 4213 55 27 and
3841 4213 36 36 by
3897 4223 17 19 a
3935 4214 104 29 careful

3401 4249 165 36 application
3579 4250 31 27 of
3627 4250 47 28 the
3693 4251 56 28 fine
3761 4252 150 37 properties
3924 4253 31 27 of
3964 4253 58 28 well-

3401 4287 116 28 selected
3530 4297 91 23 cocoa,
3636 4289 45 27 Mr
3693 4289 76 36 Epps
3781 4289 50 28 has
3843 4291 132 35 provided
3987 4301 52 19 our

3401 4325 136 30 breakfast
3545 4325 86 30 tables
3641 4327 66 28 with
3716 4337 16 19 a
3741 4328 298 37 delicately-flavoured

3400 4364 131 34 beverage
3544 4365 89 29 which
3647 4376 67 26 may
3727 4377 63 20 save
3803 4377 33 20 us
3848 4378 87 25 many
3947 4369 91 37 heavy

3400 4403 118 28 doctor's
3539 4403 71 28 bills.
3646 4404 28 29 It
3694 4405 24 27 is
3732 4405 36 36 by
3781 4406 48 28 the
3837 4407 139 35 judicious
3987 4417 50 19 use

3400 4440 31 29 of
3439 4440 67 29 such
3519 4441 108 30 articles
3639 4442 31 29 of
3686 4443 55 29 diet
3754 4443 62 29 that
3827 4454 16 19 a
3856 4446 181 29 constitution

3400 4489 65 27 may
3485 4480 34 28 be
3546 4490 37 27 jr*
3599 4481 84 36 'ually
3703 4482 69 29 built
3792 4492 38 28 up
3851 4485 71 28 until
3943 4489 98 33 strong

3400 4518 107 33 enough
3518 4523 28 23 to
3556 4524 79 22 resist
3644 4529 82 28 every
3736 4521 137 37 tendency
3882 4527 28 24 to
3922 4524 116 28 disease.

3400 4556 151 29 Hundreds
3563 4558 31 27 of
3603 4557 88 29 subtle
3704 4559 133 28 maladies
3855 4569 47 19 are
3923 4561 116 35 floating

3400 4595 105 28 around
3517 4604 32 19 us
3561 4595 85 37 ready
3658 4601 29 23 to
3699 4597 93 29 attack
3808 4597 140 31 wherever
3959 4599 79 29 there

3400 4634 24 27 is
3434 4642 17 19 a
3460 4633 77 29 weak
3551 4635 85 36 point.
3672 4635 51 29 We
3735 4645 66 28 may
3813 4645 96 30 escape
3920 4647 87 28 many
4020 4648 18 19 a

3400 4672 67 28 fatal
3488 4672 73 29 shaft
3581 4673 36 37 by
3632 4673 118 37 keeping
3761 4675 138 30 ourselves
3911 4677 62 29 well
3984 4677 41 29 for-

3401 4710 75 28 tified
3500 4711 67 27 with
3592 4720 67 27 pure
3683 4712 81 29 blood
3789 4714 56 27 and
3869 4724 17 18 a
3908 4717 130 35 properly

3401 4748 146 29 nourished
3806 4752 94 31 article
3914 4754 44 29 Au
3987 4753 59 32 the

3402 4787 75 27 Civil
3488 4788 109 28 Service
3612 4789 121 28 Gazette.

3399 4833 77 19 MADE
3486 4834 99 19 SIMPLY
3594 4835 77 19 WITH
3681 4836 115 20 BOILING
3804 4838 100 21 WATER
3911 4840 36 19 OR
3956 4840 81 21 MILK.

3418 4864 64 28 Sold
3494 4865 29 27 in
3601 4865 112 36 packets
3723 4866 36 36 by
3769 4868 124 35 Grocers,
3904 4870 115 29 labelled

3656 4903 65 31 thus
3734 4912 44 22 :

3462 4950 148 31 JAMES
3648 4952 109 33 EPPS
3789 4958 71 30 and
3893 4960 60 32 CO

3531 4993 207 25 HOMEOPATHIC
3756 4999 148 28 CHEMISTS,
3956 4985 17 17 "'

3477 5025 206 35 LONDON,
3712 5028 246 36 ENGLAND.

3681 5106 75 30 PER
3766 5109 54 37 day
3830 5115 28 25 to
3867 5112 34 29 be
3911 5117 80 28 made
3999 5116 36 37 by

3654 5163 6 34 I
3698 5154 112 27 persons
3829 5151 31 27 of
3874 5153 89 28 either
3979 5164 54 24 sex,

3654 5180 6 25 1
3698 5183 29 29 in
3740 5185 72 31 their
3824 5198 61 20 own
3896 5191 138 37 localities,

3698 5228 29 23 at
3742 5227 74 27 work
3829 5228 42 28 for
3890 5238 41 21 us.
3968 5233 67 27 New

3401 5257 131 28 business.
3568 5258 44 28 All
3627 5265 75 24 meet
3716 5263 64 28 with
3806 5267 151 31 wonderful
3977 5279 42 21 suc-

3400 5304 65 19 cess.
3502 5296 115 37 Anyone
3631 5308 52 19 can
3697 5300 35 29 do
3745 5302 47 29 the
3805 5306 85 28 work.
3926 5309 110 36 Capital

3401 5336 48 24 not
3458 5334 133 35 required.
3632 5337 46 28 We
3691 5340 54 27 will
3761 5346 70 25 start
3848 5352 63 26 you.
3948 5348 87 28 Outfit

3401 5371 85 29 worth
3500 5373 37 29 Ml
3552 5373 101 31 mailed
3666 5376 65 30 free.
3767 5380 59 29 The
3847 5385 189 36 employment

3400 5419 23 17 is
3436 5411 176 36 particularly
3633 5414 118 37 adapted
3774 5423 28 23 to
3824 5421 47 27 the
3891 5416 93 35 region
4004 5426 29 27 in

3402 5447 88 28 which
3513 5447 55 31 this
3588 5450 168 37 publication
3772 5457 151 32 circulates.
3924 5447 12 13 0
3959 5462 75 38 Boys

3401 5486 54 27 and
3468 5487 64 32 girls
3545 5498 49 18 can
3608 5500 65 18 earn
3686 5494 96 36 nearly
3791 5505 31 18 as
3831 5500 81 27 mnch
3926 5509 30 19 as
3968 5510 65 20 men

3404 5524 58 28 Full
3473 5526 163 36 particulars
3657 5530 54 29 and
3732 5530 178 36 instructions
3932 5539 102 30 mailed

3401 5562 62 28 free.
3501 5564 69 28 Now
3584 5566 23 28 is
3620 5567 47 28 the
3680 5570 180 32 timedon't
3881 5576 91 36 delay,
3985 5579 49 28 but

3400 5605 76 24 write
3488 5605 28 25 to
3529 5611 31 20 us
3574 5608 29 24 at
3615 5614 76 20 once.
3727 5608 121 31 Address
3858 5613 112 31 Stinson
3979 5617 55 29 and

3399 5639 58 33 Co.,
3472 5641 140 35 Portland,
3628 5644 100 30 Maine.
3744 5648 101 29 United
3861 5653 98 28 States.
