2520 4039
1258 1351 2 18 !
1270 1350 33 24 Of
1319 1351 45 23 Act
1381 1352 25 22 of
1421 1352 38 23 the
1478 1353 146 30 Legislature
1644 1355 24 22 of
1685 1354 58 24 New
1763 1355 92 24 Bruns-

1319 1385 66 28 wick,
1399 1386 97 30 relating
1508 1392 21 17 to
1542 1387 106 24 absentee
1660 1389 147 30 proprietors.

1301 1419 33 22 26
1347 1418 59 24 Geo.
1421 1420 23 27 3,
1458 1427 19 15 c.
1493 1422 40 21 40.

1300 1451 40 23 An
1351 1451 47 23 Act
1411 1457 22 17 to
1446 1453 73 30 oblige
1532 1453 81 23 absent
1624 1455 138 31 proprietors
1775 1460 22 19 to
1809 1464 47 23 pay

1268 1492 12 15 a
1291 1486 131 28 proportion
1435 1486 25 22 of
1475 1494 44 22 any
1532 1487 76 30 public
1620 1487 90 31 charge,
1724 1488 42 24 and
1780 1494 22 18 to
1813 1497 40 15 re-

1268 1519 47 29 pair
1327 1518 124 30 highways.

1300 1551 52 23 Sec.
1369 1554 21 20 1.
1411 1552 78 31 Every
1501 1555 125 28 proprietor
1637 1555 26 22 of
1670 1554 54 24 land
1738 1555 57 23 shall
1809 1564 44 23 pay

1267 1584 34 22 his
1314 1590 66 25 quota
1392 1585 25 23 of
1432 1592 83 24 county
1528 1593 67 22 rates,
1609 1588 44 23 and
1665 1588 27 23 do
1705 1588 35 23 his
1757 1596 95 24 propor-

1268 1618 44 22 tion
1326 1618 24 22 of
1366 1623 83 25 county
1461 1620 87 23 labour.

1300 1651 52 23 Sec.
1366 1653 23 21 2.
1409 1651 26 23 If
1450 1660 44 22 any
1507 1653 56 23 such
1582 1655 125 30 proprietor
1719 1655 28 22 be
1761 1655 88 29 absent,

1267 1685 43 22 and
1323 1692 27 15 no
1364 1693 82 22 person
1465 1694 84 22 appear
1569 1688 35 22 for
1616 1688 45 23 him
1679 1689 22 21 in
1715 1689 37 22 six
1763 1689 91 23 months

1266 1717 56 23 after
1332 1718 77 30 public
1421 1720 75 22 notice
1516 1724 22 19 to
1552 1728 51 23 pay,
1618 1729 23 15 or
1663 1722 26 22 do
1702 1721 37 23 his
1752 1729 68 23 quota
1832 1722 25 23 of

1267 1757 57 17 rates
1344 1759 25 15 or
1390 1752 85 29 labour,
1496 1754 44 22 and
1560 1754 28 22 he
1614 1755 55 23 have
1691 1762 29 15 no
1740 1757 113 23 sufficient

1266 1785 100 28 distress,
1380 1793 43 22 any
1434 1786 63 23 three
1505 1787 97 30 justices
1624 1788 24 23 of
1664 1788 37 23 the
1716 1796 67 23 peace
1795 1797 58 22 quo-

1265 1825 51 16 rum
1327 1825 56 16 unus
1395 1819 54 29 &c,
1463 1827 51 22 may
1531 1820 31 22 let
1575 1822 112 22 sufficient
1700 1823 24 21 of
1741 1822 34 22 his
1788 1823 65 23 lands

1265 1852 32 22 for
1310 1852 38 22 the
1357 1860 98 23 purpose
1465 1862 7 19 ;
1492 1861 25 14 or
1533 1854 20 22 if
1568 1862 29 14 no
1618 1855 71 22 lessee
1702 1863 41 15 can
1764 1856 26 22 be
1810 1856 43 24 had

1265 1893 50 22 may
1334 1886 65 22 order
1420 1886 37 23 the
1477 1886 89 24 Sheriff
1587 1892 20 18 to
1629 1888 41 23 sell
1689 1889 39 22 the
1748 1897 62 15 same
1830 1897 23 16 at

1265 1919 96 28 auction,
1375 1919 48 23 who
1434 1927 52 23 may
1498 1926 95 17 execute
1605 1929 80 23 proper
1696 1930 155 22 conveyances

1266 1957 20 17 ij
1298 1960 37 14 vile
1350 1959 120 22 |iUioadsct
1483 1954 44 21 uud
1538 1959 42 24 pnt
1593 1954 44 22 iiiui
1648 1956 22 20 in
1683 1957 139 26 possession.

1297 1991 32 22 26
1341 1989 58 23 Geo.
1414 1991 23 27 3,
1452 1997 18 16 c.
1484 1992 41 27 45,
1538 1992 65 30 gives
1624 1992 86 23 similar
1730 2001 86 22 powers
1831 1999 22 19 to

1264 2022 36 24 the
1313 2022 105 24 Colonial
1428 2023 190 25 Commissioners
1630 2025 24 23 of
1671 2026 97 24 Sewers.

1398 2088 77 23 PIG
1509 2089 205 24 BOILING.

74 1542 48 23 The
135 1541 119 31 subjoined
266 1542 19 22 is
298 1549 27 15 an
339 1547 87 18 extract
438 1542 57 24 from
506 1551 12 15 a
527 1543 95 24 London

45 1584 62 23 paper
108 1587 32 4 —
142 1576 16 22 it
169 1576 20 21 is
201 1575 113 30 supposed
328 1576 37 22 the
376 1575 76 24 Atlas.
478 1577 24 23 It
513 1577 42 23 has
567 1578 55 22 been

47 1608 108 25 furnished
167 1616 27 15 us
207 1608 29 30 by
248 1617 14 14 a
283 1608 130 30 gentleman
435 1609 48 24 who
504 1615 69 18 states
586 1611 36 23 the

45 1643 57 23 letter
116 1643 46 21 into
173 1641 74 23 which
261 1643 17 21 it
286 1641 43 23 had
341 1642 57 23 been
410 1643 78 31 copied
501 1652 44 14 was
559 1644 63 23 dated

46 1674 105 32 England,
165 1674 118 30 February
297 1677 22 25 4,
333 1675 37 23 the
391 1676 68 23 latest
470 1676 51 23 date
537 1683 38 24 yet
587 1686 35 14 re-

46 1709 68 23 ceived
130 1709 23 22 in
174 1707 38 23 the
232 1708 81 30 colony
325 1708 58 23 from
403 1709 75 24 home.
515 1710 50 23 The
577 1711 45 23 flax

45 1743 26 29 by
81 1742 36 23 the
140 1741 86 23 Nelson
247 1749 46 15 was
317 1742 37 22 the
379 1742 49 23 first
452 1750 51 17 ever
527 1749 50 18 sent
602 1751 20 16 to

45 1775 100 31 England
156 1775 59 22 from
226 1775 47 23 this
294 1780 94 25 country
400 1775 86 29 packed
508 1784 26 16 so
546 1786 24 14 as
583 1784 39 17 not

45 1817 17 15 10
74 1809 130 23 deteriorate
223 1809 17 22 it
259 1808 35 23 for
314 1808 37 23 the
369 1809 181 24 manufacturers
562 1819 41 15 use
614 1821 6 19 ;

45 1843 38 23 this
95 1842 112 23 reference
227 1842 20 22 is
269 1841 112 23 therefore
400 1843 147 31 exceedingly
560 1845 59 22 inte-

44 1877 85 29 resting,
143 1875 43 22 and
198 1874 63 24 leads
273 1883 28 15 us
313 1880 22 17 to
342 1875 59 31 hope
411 1876 37 23 the
457 1883 77 24 report
542 1885 28 16 on
584 1878 37 23 the

44 1909 39 23 flax
94 1909 71 23 which
176 1916 53 23 may
243 1916 56 15 soon
318 1908 28 23 be
365 1910 108 30 expected
485 1910 58 24 from
555 1911 66 23 home

44 1942 37 21 will
93 1942 25 21 be
132 1950 24 12 so
168 1942 154 28 encouraging
334 1950 25 13 as
370 1948 22 15 to
405 1950 66 14 cause
484 1943 37 22 the
535 1946 86 21 natives

44 1982 18 15 to
73 1974 82 23 receive
174 1974 115 22 increased
312 1974 42 22 and
375 1975 79 29 steady
468 1976 152 29 employment

43 2010 19 21 in
74 2007 33 23 the
119 2007 142 31 preparation
274 2007 26 22 of
314 2007 45 22 this
371 2008 124 30 important
507 2009 78 23 article
598 2010 24 22 of

44 2047 77 23 export.

69 2080 17 20 It
95 2085 88 21 appears
193 2078 48 21 that
252 2086 14 13 a
280 2078 100 27 quantity
391 2079 24 22 of
428 2079 45 22 flax
489 2087 63 15 came
567 2088 54 14 over

44 2108 16 20 in
71 2106 32 21 the
114 2106 47 26 brig
171 2106 83 24 Nelson,
266 2106 43 21 and
319 2106 46 21 that
376 2106 17 21 it
401 2106 19 21 is
430 2107 71 21 better
511 2109 108 26 prepared

45 2133 44 21 than
100 2141 42 19 any
154 2133 101 27 previous
267 2132 94 28 samples
371 2136 50 18 sent
431 2139 21 16 to
463 2134 43 21 this
517 2139 100 23 country,

44 2160 35 21 and
88 2161 15 20 it
113 2160 17 21 is
141 2160 105 26 expected
258 2164 22 17 to
295 2165 60 16 meet
370 2160 52 21 with
439 2168 12 13 a
462 2161 112 21 favorable
585 2169 34 14 re-

45 2188 81 26 ception.
155 2186 84 22 Should
250 2187 16 20 it
276 2186 27 21 be
311 2186 68 22 found
393 2191 20 17 to
424 2195 91 19 answer,
521 2188 38 21 the
569 2196 49 19 pro-

44 2214 79 21 duction
143 2221 40 14 can
204 2214 27 21 be
250 2213 69 27 easily
337 2214 116 22 increased
473 2219 23 17 to
516 2222 13 14 a
549 2216 69 26 point,

45 2242 60 20 which
116 2240 41 21 will
167 2240 86 27 greatly
264 2241 82 21 reduce
356 2249 40 13 our
406 2242 143 26 dependence
560 2250 58 20 upon

46 2269 67 20 Russia
123 2268 34 21 for
166 2267 102 27 supplies,
281 2268 44 21 and
337 2268 18 21 it
372 2268 44 21 will
426 2269 49 26 give
486 2277 13 13 a
510 2274 57 16 most
577 2271 42 20 im-

44 2299 77 23 poitant
130 2295 94 27 impetus
234 2298 24 18 to
269 2294 37 22 the
318 2302 48 14 new
377 2295 89 27 colony.

74 2329 22 22 In
109 2328 96 23 addition
224 2333 23 18 to
269 2329 38 23 the
328 2329 70 23 above
419 2330 153 29 information,
586 2339 32 15 we

45 2362 40 29 give
96 2362 35 22 the
283 2362 24 23 of
323 2362 95 31 charges
440 2371 59 22 upon
520 2372 13 14 a
545 2370 37 17 ton
596 2365 25 23 of

45 2396 36 21 flax
92 2395 90 31 shipped
193 2401 21 17 to
367 2396 102 24 received
479 2397 68 31 lately
559 2398 58 23 from

44 2437 10 13 a
64 2428 87 24 London
163 2429 70 23 house
243 2438 6 14 :—:
252 2441 34 4 —

471 2462 21 23 £
521 2470 17 14 s.
568 2462 21 22 d.

66 2487 83 26 Freight
158 2495 38 20 per
207 2492 44 22 ton,
263 2495 40 20 say
480 2490 13 20 5
523 2492 14 19 0
563 2494 13 17 0

67 2514 117 27 Insurance,
196 2516 14 20 6
219 2522 40 19 per
269 2519 58 18 cent,
339 2523 28 14 on
378 2516 48 21 £24
443 2532 5 4 .
457 2531 4 5 .
481 2518 11 19 1
523 2519 13 19 8
563 2520 13 18 9

66 2541 95 27 Landing
174 2543 99 26 charges,
481 2546 13 19 0
510 2545 25 20 15
563 2546 14 19 0

66 2567 54 28 Duty
130 2569 44 21 free

65 2596 89 20 Auction
167 2596 52 27 duty
229 2597 10 24 }
249 2600 98 23 percent
479 2599 13 20 0
522 2600 53 20 13

64 2621 120 29 Brokerage,
196 2625 11 19 1
219 2630 38 20 per
266 2627 53 18 cent
479 2626 13 20 0
520 2627 14 20 4
561 2628 13 19 9

64 2649 143 27 Commission,
217 2652 14 19 4
243 2658 41 20 per
294 2656 51 17 cent
479 2654 13 19 0
507 2654 26 20 19
560 2655 14 19 0

461 2706 34 22 £8
523 2709 13 20 8
563 2710 14 19 9

687 1512 24 23 A
723 1513 83 23 benefit
819 1514 54 23 took
887 1515 62 29 place
962 1524 27 15 on
1005 1517 114 31 Tuesday,
1133 1520 36 22 the
1182 1521 58 23 25th

652 1546 61 23 June
725 1546 52 29 last,
789 1552 24 18 at
834 1547 37 23 the
883 1548 105 24 Victoria
1009 1550 107 30 Theatre,
1130 1553 109 25 Manners

653 1579 83 29 Street,
751 1580 23 23 in
786 1580 36 23 aid
835 1581 25 22 of
880 1582 36 23 the
928 1582 68 24 funds
1009 1584 34 23 for
1057 1584 36 24 the
1107 1588 97 22 erection
1217 1587 24 23 of

652 1612 38 23 the
704 1613 141 23 Mechanics'
859 1614 116 31 Institute,
989 1625 28 15 on
1031 1617 113 25 J.ambton
1158 1620 79 31 Quay,

652 1645 51 24 The
722 1647 154 29 performance
896 1651 145 22 commenced
1063 1652 52 22 with
1128 1660 13 15 a
1159 1654 79 31 highly

652 1680 134 29 interesting
814 1681 85 28 drama,
920 1683 25 22 in
967 1688 43 18 two
1034 1689 55 25 acts,
1112 1686 70 23 called
1201 1688 37 22 the

677 1712 108 24 Warlock
796 1714 26 22 of
832 1714 36 23 the
973 1718 44 22 and
1026 1718 57 23 from
1096 1719 36 23 the
1146 1728 91 16 manner

651 1746 24 22 in
698 1746 72 23 which
792 1748 54 22 each
869 1748 24 23 of
914 1749 37 23 the
974 1755 74 19 actors
1067 1753 116 23 sustained
1202 1754 35 23 his

652 1779 122 29 character,
788 1781 43 22 and
845 1781 37 24 the
901 1782 49 23 first
964 1788 47 18 rate
1024 1792 94 16 manner
1130 1787 21 22 in
1165 1787 71 23 which

650 1812 31 23 all
692 1821 58 15 were
763 1814 91 23 dressed
874 1815 34 23 for
928 1816 59 24 their
1005 1824 70 23 parts,
1089 1826 31 15 we
1141 1827 38 16 are
1200 1821 36 22 in-

649 1845 87 24 formed
749 1847 47 23 that
809 1855 27 16 no
850 1849 63 29 piece
924 1856 39 24 yet
980 1850 83 31 played
1074 1860 29 14 on
1124 1853 36 23 the
1173 1858 64 26 stage

650 1879 25 23 of
685 1880 57 23 Port
756 1880 124 25 Nicholson
893 1884 101 22 received
1014 1884 38 23 the
1065 1885 113 30 applause,
1192 1888 43 22 and

649 1920 57 22 gave
719 1914 139 23 satisfaction
871 1920 22 18 to
906 1916 38 23 the
956 1916 116 30 audience,
1085 1918 47 24 like
1150 1920 49 23 that
1214 1921 25 23 of

650 1946 37 21 the
727 1947 108 22 Warlock
849 1949 24 20 of
885 1949 37 21 the
1059 1951 97 31 Singing
1168 1954 44 21 and
1224 1962 13 13 a

649 1978 76 23 Ballet
755 1979 52 22 then
836 1980 112 24 followed.
996 1982 51 23 The
1076 1984 76 24 Ballet
1179 1993 57 23 gave

648 2012 115 23 universal
774 2013 149 25 satisfaction.
960 2015 51 23 The
1019 2018 117 30 evening's
1145 2026 90 16 amuse-

649 2049 74 18 ments
736 2046 123 23 concluded
873 2047 51 24 with
937 2048 39 23 the
994 2049 136 32 interesting
1141 2052 60 23 farce
1214 2054 24 22 of

648 2078 40 23 the
843 2081 44 22 and
912 2081 86 29 Tailor,
1023 2083 38 23 the
1083 2085 88 23 Soldier
1191 2087 44 22 and

761 2113 42 22 and
822 2113 89 32 though
922 2116 17 21 it
952 2115 41 23 has
1005 2116 58 24 been
1080 2118 80 30 played
1174 2127 61 15 more

648 2145 54 23 than
722 2153 44 22 any
778 2146 64 24 other
852 2148 64 30 piece
927 2149 24 23 in
965 2149 45 23 this
1023 2150 71 30 place,
1111 2153 17 21 it
1146 2152 89 24 elicited

648 2179 77 23 bursts
738 2180 25 22 of
772 2179 104 31 laughter
888 2181 57 24 from
958 2183 30 22 all
1000 2189 63 25 parts
1073 2185 26 22 of
1108 2185 36 23 the
1155 2186 79 24 house.

682 2212 50 23 The
751 2214 167 29 performances
937 2223 58 15 were
1015 2224 54 16 over
1089 2224 23 18 at
1131 2227 27 15 an
1171 2220 62 30 early

648 2245 63 28 hour,
725 2247 44 21 and
781 2254 66 24 every
859 2255 42 16 one
911 2255 57 17 went
981 2258 62 22 away
1054 2252 108 23 satisfied.
1182 2253 51 23 The

648 2278 71 24 whole
739 2288 45 14 was
806 2281 71 23 under
889 2282 37 23 the
939 2285 72 21 entire
1024 2283 110 25 direction
1146 2286 24 23 of
1186 2287 47 23 Mr.

648 2311 117 24 Marriott.

681 2346 48 23 Mr.
744 2347 84 29 Fuller,
843 2348 38 23 the
899 2351 134 30 proprietor,
1056 2351 80 32 kindly
1155 2353 78 31 placed

647 2379 35 23 his
695 2379 100 25 Theatre
808 2386 23 18 at
842 2382 38 23 the
893 2382 100 32 disposal
1006 2384 24 23 of
1049 2386 37 23 the
1100 2386 133 25 Committee

647 2414 23 22 of
687 2413 171 32 Management,
873 2424 27 15 on
922 2417 36 23 the
972 2419 99 31 evening
1082 2421 24 21 in
1123 2422 110 28 question,

646 2447 95 23 without
762 2449 89 31 charge.
890 2450 49 23 The
964 2452 80 30 profits
1068 2454 85 30 arising
1176 2455 57 23 from

646 2481 37 22 the
695 2480 100 25 Theatre
806 2483 44 23 will
863 2491 62 15 more
937 2485 54 23 than
1006 2487 112 29 purchase
1130 2489 38 21 the
1181 2489 52 22 tim-

646 2515 37 22 ber
696 2516 105 30 required
821 2516 34 23 for
868 2516 38 24 the
920 2520 99 22 erection
1031 2520 24 23 of
1073 2520 37 23 the
1122 2521 111 32 building,

645 2548 44 22 and
702 2556 32 16 we
747 2555 57 18 trust
818 2550 48 23 that
878 2558 34 16 we
931 2552 67 29 shall,
1011 2561 38 15 ere
1061 2554 61 30 long,
1136 2555 55 24 have
1210 2562 23 17 to

645 2589 117 18 announce
775 2584 47 23 that
836 2591 31 16 we
880 2584 56 25 have
948 2593 14 16 a
971 2586 141 24 Mechanics'
1124 2588 109 25 Institute

645 2616 21 22 in
680 2614 46 24 this
739 2617 70 30 place,
822 2619 86 29 worthy
922 2619 36 23 the
972 2620 84 23 cordial
1066 2628 93 24 support
1170 2623 25 22 of
1204 2623 29 24 all

645 2649 84 24 classes
742 2650 25 23 of
777 2652 36 22 the
826 2654 146 28 community.

88 2756 169 25 SETTLING
273 2758 47 23 AT
338 2758 120 24 ALGOA
476 2759 78 24 BAY.

67 2805 38 24 We
116 2807 41 23 call
168 2809 110 22 attention
300 2814 22 17 to
341 2809 38 23 the
400 2809 119 32 subjoined
539 2810 73 30 letter,

44 2839 25 23 for
80 2840 79 31 though
174 2842 17 23 it
212 2849 51 23 may
276 2844 89 22 contain
385 2851 29 15 an
434 2849 101 18 extreme
553 2852 59 22 case,

43 2872 51 24 there
104 2874 18 22 is
134 2875 111 23 sufficient
255 2877 25 21 in
292 2877 19 22 it
322 2884 33 15 we
367 2876 67 24 think
451 2882 24 18 to
494 2878 67 23 make
575 2878 37 24 the

43 2904 45 25 New
99 2907 95 25 Zealand
206 2909 78 23 settler
297 2911 120 23 contented
434 2911 25 23 in
471 2911 86 30 having
568 2912 44 24 had

43 2937 27 25 his
90 2940 28 24 lot
137 2946 47 19 cast
201 2942 53 23 here
274 2943 78 24 rather
370 2943 56 24 than
448 2945 23 22 in
493 2945 39 24 the
551 2946 61 31 Cape

45 2972 79 31 Colony.

210 3009 151 24 Winterhook
374 3011 78 29 Farm,
465 3012 77 32 Algoa
554 3013 57 31 Bay,

265 3044 89 29 Africa,
367 3044 59 24 June
441 3048 39 25 12,
494 3049 73 21 1843.

175 3075 52 29 Sir,
229 3089 35 4 —
264 3077 53 24 You
335 3085 50 23 may
398 3078 110 31 probably
520 3080 28 23 be
560 3089 51 15 sur-

43 3105 60 29 prised
114 3113 21 18 to
146 3109 46 23 find
204 3109 13 23 I
230 3118 35 15 am
285 3111 48 23 still
353 3113 24 21 in
389 3112 88 29 Africa,
490 3113 42 23 but
545 3113 12 25 I
570 3115 40 23 ob-

43 3139 61 25 tained
115 3150 12 14 a
142 3143 106 24 situation
262 3151 30 16 on
311 3153 13 14 a
344 3145 58 23 farm
421 3153 32 23 up
466 3146 38 23 the
516 3153 96 25 country

43 3172 19 22 of
69 3174 66 27 6,000
147 3184 61 16 acres
221 3177 44 23 and
277 3185 43 15 one
332 3179 26 21 of
367 3178 38 23 the
412 3179 69 23 finest
492 3181 120 30 anywhere

42 3204 55 26 about
97 3221 30 4 —
127 3209 40 23 but
179 3218 32 15 we
223 3215 83 18 cannot
327 3219 45 15 sow
384 3212 44 23 and
441 3221 53 23 reap
507 3213 54 25 here
574 3215 37 23 the

44 3244 50 19 same
104 3249 22 15 as
139 3244 22 22 in
174 3243 115 31 England,
299 3244 36 24 for
344 3252 32 16 we
389 3253 40 15 can
441 3252 40 25 get
493 3255 28 15 no
535 3253 74 25 water,

43 3272 33 23 and
88 3281 28 17 we
127 3283 80 17 cannot
219 3277 88 31 depend
327 3286 59 23 upon
398 3280 90 31 getting
500 3289 14 14 a
525 3289 52 24 crop
589 3282 23 23 of

42 3305 66 31 wheat,
120 3308 32 25 for
164 3310 37 23 the
213 3316 51 18 rust
274 3311 117 31 generally
406 3312 102 32 destroys
520 3315 18 23 it
551 3315 37 24 all.

90 3340 26 24 In
127 3345 84 29 sowing
222 3345 139 30 vegetables,
381 3353 62 16 some
464 3346 78 25 horrid
560 3350 50 22 ani-

40 3371 35 24 mal
88 3381 67 19 comes
168 3378 42 22 and
222 3381 49 20 eats
292 3378 71 25 them.
400 3379 42 23 We
461 3379 44 25 had
523 3390 14 14 a
551 3388 59 17 most

40 3402 92 30 beautiful
150 3409 42 24 bed
211 3411 26 24 of
251 3416 101 26 potatoes
372 3413 44 23 and
436 3421 62 23 peas,
511 3414 42 24 but
572 3416 38 23 the

40 3442 118 30 porcupines
168 3444 42 22 and
218 3445 51 23 wild
278 3446 54 31 pigs
341 3454 71 21 came,
421 3448 117 24 scratched
548 3449 60 24 them

40 3477 10 15 a
51 3470 13 24 N
74 3480 31 23 up,
118 3477 41 22 and
172 3482 34 19 eat
220 3479 70 24 them.

149 3510 55 24 have
227 3514 49 22 300
300 3513 77 32 sheep,
401 3514 44 24 and
469 3514 38 24 the
531 3516 77 30 tigers,

41 3538 75 31 Solves,
129 3543 43 23 and
188 3544 108 32 jackalls,
309 3555 63 16 come
386 3548 57 23 after
455 3548 70 24 them.
562 3549 46 24 Not

41 3571 43 32 '°ng
94 3582 38 24 ago
144 3581 42 19 two
206 3578 70 31 tigers
297 3585 40 25 got
348 3581 47 23 into
418 3590 41 16 our
478 3581 73 30 kraal,
563 3583 45 30 (for

41 3609 14 15 w
57 3612 8 14 e
75 3606 57 26 kraal
153 3610 36 24 the
210 3611 70 31 sheep
301 3613 24 22 in
345 3614 46 23 this
413 3621 103 26 conntry,
528 3616 50 24 that
589 3617 19 22 is

40 3642 95 24 surround
153 3651 13 15 a
186 3644 63 31 place
266 3646 55 23 with
342 3646 53 32 high
408 3649 60 23 bush
488 3649 43 24 and
546 3649 62 24 drive

40 3670 30 24 the
80 3673 63 33 sheep
154 3677 23 22 iv
189 3686 66 22 every
267 3679 87 31 night,)
363 3682 45 23 and
420 3682 54 24 took
483 3687 43 19 two
535 3683 73 24 lambs

40 3705 35 22 and
90 3706 121 33 frightened
231 3711 31 23 all
283 3712 38 24 the
340 3713 70 33 sheep
421 3722 40 17 out
472 3725 6 20 ;
497 3724 33 16 we
550 3725 58 16 were

40 3738 40 22 half
94 3740 34 24 the
139 3744 62 30 night
212 3746 91 30 getting
318 3752 51 26 part
380 3749 26 22 of
420 3749 63 24 them
495 3751 24 22 in
532 3752 75 29 again,

47 3776 22 17 ne
80 3776 118 25 remainder
209 3785 33 17 we
262 3786 48 16 saw
329 3779 38 24 the
386 3788 55 17 next
460 3785 148 29 morningon

49 3834 11 16 j.
60 3811 9 15 c
79 3809 20 19 t0
100 3814 13 23 P
124 3809 23 23 of
156 3818 13 14 a
180 3811 54 31 righ
247 3814 118 23 mountain
376 3815 45 23 and
434 3823 57 16 were
502 3819 71 29 going
585 3823 22 19 to

40 3838 55 23 camb
104 3848 28 24 up
141 3843 55 24 after
205 3845 69 30 them,
284 3846 65 24 when
361 3855 14 16 a
383 3848 88 24 baboon
480 3849 127 32 frightened

47 3872 41 45 Jem
100 3873 68 27 down.
204 3878 138 25 Sometimes
360 3881 39 23 the
414 3882 84 24 wolves
508 3888 40 26 get
560 3884 47 24 into

149 3910 42 24 and
203 3910 43 25 kill
258 3918 85 27 twenty
353 3922 26 16 or
391 3915 79 31 thirty.

85 3938 129 35 Altogether
226 3945 45 24 this
281 3946 23 24 is
315 3955 14 16 a
340 3952 60 21 most
411 3948 77 25 horrid
501 3955 103 27 country,

678 2703 134 24 Baptized
815 2704 72 24 —On
907 2705 102 32 Sunday,
1023 2706 59 24 30th
1094 2707 26 23 of
1129 2707 66 30 June,
1210 2710 19 22 in

645 2737 35 23 St.
706 2737 89 30 Mary's
826 2737 104 25 Catholic
956 2739 96 31 Chapel,
1082 2741 38 23 St.
1145 2742 84 30 Mary's

645 2771 91 29 Mount,
762 2771 27 31 by
814 2770 38 24 the
882 2772 106 24 Catholic
1018 2774 92 29 Pastor,
1137 2775 92 24 Francis

644 2804 119 31 O'Reilly,
788 2812 40 16 son
858 2806 25 22 of
909 2806 96 24 Francis
1036 2808 44 23 and
1111 2809 118 24 Catherine

644 2838 121 31 O'Reilly.

645 2899 28 20 To
680 2899 36 20 the
730 2899 78 20 Editor
822 2900 28 24 of
858 2901 35 18 the
908 2901 51 19 New
974 2901 95 21 Zealand
1083 2904 85 20 Gazette
1182 2904 47 20 and

813 2927 125 26 Wellington
948 2929 118 24 Spectator.

669 2958 47 28 Sir,
719 2959 41 21 —l
772 2960 71 21 would
854 2960 43 26 beg
908 2964 21 17 to
939 2960 71 22 direct
1024 2969 57 19 your
1089 2963 109 22 attention
1210 2967 22 18 to

643 2994 12 13 a
672 2986 88 28 subject
777 2986 25 21 of
818 2987 53 21 vital
887 2988 137 26 importance
1041 2992 22 18 to
1080 2989 42 22 this
1137 2991 93 27 Colony,

643 3013 70 22 which
725 3014 41 21 has
777 3021 68 14 never
859 3019 45 22 yet,
915 3022 24 13 so
949 3015 35 21 far
994 3022 23 15 as
1033 3016 12 21 I
1056 3023 35 14 am
1102 3024 78 20 aware,
1197 3026 34 14 re-

642 3040 78 23 ceived
735 3041 50 22 that
799 3041 84 27 special
900 3042 110 21 attention
1028 3042 72 22 which
1115 3044 18 21 it
1148 3045 82 27 merits,

642 3067 44 22 and
697 3068 73 22 which
786 3068 38 22 the
842 3068 105 22 colonists
957 3068 45 23 will
1019 3076 49 15 now
1080 3070 46 22 find
1141 3072 17 20 it
1174 3072 57 22 their

641 3095 104 22 interests
756 3099 22 17 to
788 3095 83 22 bestow
883 3103 28 14 on
923 3096 24 21 it.
976 3096 48 22 The
1036 3099 97 24 practice
1144 3098 24 22 of
1176 3101 55 19 Sub-

641 3123 74 25 letting
723 3129 93 20 appears
826 3127 23 16 at
859 3122 48 21 first
913 3122 61 28 sight
983 3131 24 14 so
1017 3124 108 22 harmless
1134 3125 21 22 in
1163 3126 66 27 itself,

641 3149 44 22 and
694 3150 24 21 in
730 3148 105 28 England
846 3149 85 26 though
945 3150 87 22 carried
1042 3153 22 19 to
1072 3159 62 15 some
1146 3158 83 23 extent,

640 3183 52 20 may
704 3179 42 19 not
758 3176 59 22 from
833 3176 38 22 the
887 3184 61 14 more
966 3177 81 22 settled
1064 3179 65 22 value
1145 3181 25 21 of
1180 3188 51 21 pro-

640 3207 70 23 perty,
722 3203 29 22 its
768 3210 60 15 more
842 3204 41 21 full
901 3205 138 26 occupation,
1057 3206 44 21 and
1117 3207 36 22 the
1169 3216 61 15 more

640 3230 137 28 respectable
791 3230 117 22 character
918 3231 25 21 of
956 3232 37 20 the
1004 3232 48 22 first
1069 3233 87 27 Lessee,
1172 3235 58 23 have

640 3258 57 21 been
706 3258 130 27 productive
845 3258 25 21 of
878 3258 37 21 the
927 3258 117 22 wholesale
1050 3261 52 21 ruin
1113 3263 44 21 and
1167 3263 63 22 deso-

640 3284 69 22 lation
718 3285 54 21 ■with
780 3285 71 22 which
862 3289 22 17 to
894 3284 37 22 the
942 3293 53 19 poor
1002 3286 41 22 sub
1049 3291 94 19 -tenants
1153 3290 21 20 in
1184 3291 44 21 this

640 3311 80 28 colony
729 3312 17 21 it
753 3312 19 21 is
781 3312 102 27 charged.
914 3312 44 22 But
963 3313 54 22 here
1024 3313 39 23 the
1069 3322 49 15 case
1127 3315 38 23 has
1171 3317 57 22 been

639 3339 74 21 shewn
725 3339 31 26 by
764 3339 29 21 all
804 3339 138 28 experience,
954 3345 22 15 to
988 3340 28 21 be
1027 3341 81 28 utterly
1115 3343 81 22 devoid
1206 3345 26 21 of
1235 3338 2 24 !

640 3373 66 20 every
716 3366 161 22 circumstance
889 3367 152 28 contributing
1050 3373 23 17 to
1084 3370 37 21 the
1132 3372 96 27 aecurity

640 3393 24 21 of
676 3392 38 22 the
728 3394 132 21 sub-tenant
874 3394 24 22 in
916 3395 110 26 England,
1043 3403 25 15 as
1085 3401 21 17 to
1121 3397 79 23 render
1216 3407 13 13 a

639 3420 112 22 sub-lease
762 3428 13 14 a
786 3421 63 27 thing
864 3421 133 27 ridiculous;
1014 3422 76 23 unless
1106 3432 60 15 some
1176 3433 51 20 pro-

640 3447 52 26 viso,
704 3447 96 23 hitherto
815 3447 126 28 unthought
955 3449 29 28 of,
998 3451 26 21 be
1040 3449 90 24 devised
1141 3453 34 20 for
1190 3453 37 21 the

638 3475 151 25 preservation
805 3475 26 21 of
842 3480 104 23 property
956 3480 22 18 to
993 3476 29 22 its
1038 3484 75 15 owner
1129 3480 58 26 here,
1203 3487 25 14 as

638 3501 49 21 well
697 3508 24 15 as
732 3508 14 15 a
755 3509 61 15 more
827 3503 124 25 auspicious
962 3507 57 18 state
1024 3505 26 20 of
1057 3504 75 28 things
1142 3513 52 19 goes
1205 3510 23 18 to

638 3534 103 20 preserve
751 3528 19 22 it
783 3529 23 21 in
816 3529 114 26 England.
959 3530 63 22 Here
1037 3538 14 14 a
1061 3533 92 26 section,
1165 3541 25 14 or
1198 3534 30 27 by

639 3561 42 15 one
692 3555 118 21 ambitious
825 3556 24 21 in
864 3556 37 22 the
916 3564 72 19 game,
1002 3562 43 17 two
1056 3565 25 14 or
1091 3566 56 15 even
1164 3561 63 22 three

639 3582 96 21 sections
746 3589 38 15 are
794 3582 81 26 leased,
887 3583 112 28 affording
1005 3585 52 21 God
1068 3585 82 28 knows,
1161 3594 66 21 scope

639 3609 88 26 enough
735 3609 36 21 for
781 3611 36 20 the
828 3610 113 22 exertions
949 3611 26 21 of
988 3611 34 21 his
1033 3612 72 27 single
1116 3620 53 20 arm,
1182 3615 46 21 and

639 3635 37 22 the
694 3635 76 28 outlay
781 3636 24 21 of
818 3635 34 23 his
861 3637 87 27 capital.
979 3638 45 21 But
1037 3640 55 21 such
1109 3641 18 21 is
1142 3644 37 19 not
1190 3642 37 21 the

638 3669 94 20 purpose
744 3663 25 21 of
782 3663 37 21 the
829 3663 159 28 lease-holder;
1006 3668 22 18 to
1040 3666 59 22 clear
1109 3668 44 21 and
1165 3668 63 22 culti-

639 3694 50 16 vate
699 3696 64 15 more
772 3689 53 23 than
836 3698 13 14 a
858 3691 43 21 few
911 3698 62 15 acres
983 3692 27 21 of
1016 3692 36 22 his
1058 3698 50 17 vast
1116 3695 110 28 territory,

640 3716 36 22 the
692 3723 115 15 resources
817 3717 26 21 of
857 3717 39 22 the
911 3717 70 23 lessee
998 3727 39 14 are
1052 3720 83 28 wholly
1150 3722 76 22 inade-

638 3746 73 23 quate.
740 3743 39 22 All
788 3743 38 22 the
836 3743 53 23 land
899 3745 110 28 anything
1014 3748 137 22 convenient
1157 3753 22 18 to
1189 3749 38 22 the

638 3770 129 22 settlement
777 3769 84 29 having
875 3772 56 22 been
947 3773 24 20 in
986 3773 43 22 this
1040 3781 50 20 way
1098 3776 126 27 engrossed,

638 3797 37 22 the
685 3796 103 26 working
796 3798 77 21 settler
881 3799 50 21 who
939 3802 70 19 wants
1019 3808 13 14 a
1037 3802 43 21 few
1090 3808 61 16 acres
1161 3802 17 22 is
1188 3810 39 15 ex-

638 3824 80 22 cluded
738 3824 30 27 by
779 3823 45 23 him
835 3825 57 21 from
908 3825 38 22 the
956 3826 53 27 only
1019 3834 79 15 secure
1115 3833 78 18 tenure
1203 3835 24 16 to

637 3851 53 22 hold
701 3851 25 22 of
737 3851 39 22 the
787 3853 133 26 proprietor;
939 3853 45 21 and
1000 3853 140 29 thoughtless
1150 3856 25 22 of
1188 3857 38 22 the

636 3879 49 21 ruin
697 3879 50 21 that
762 3879 39 21 lies
810 3879 25 21 in
848 3879 97 22 ambush
960 3885 23 16 to
998 3880 105 23 overtake
1119 3882 47 23 him
1181 3884 46 22 and

637 3905 36 22 the
683 3905 65 22 fruits
758 3905 26 22 of
795 3905 33 22 his
844 3905 80 23 labour
934 3906 57 23 after
1002 3915 65 19 years
1078 3909 25 21 of
1116 3910 46 28 toil,
1173 3918 30 15 on
1212 3919 15 14 a

637 3933 72 22 future
720 3933 56 27 day;
789 3933 61 22 takes
857 3933 26 21 of
890 3941 77 15 course
978 3941 13 16 a
998 3935 112 23 sub-lease
1120 3937 56 23 from
1185 3946 42 15 our

636 3959 70 23 friend
722 3959 38 23 the
770 3960 46 23 first
833 3961 76 27 lessee,
921 3962 48 21 who
984 3962 42 23 has
1040 3962 57 23 been
1104 3964 37 23 for
1155 3973 71 15 aome-

1298 2144 51 23 The
1362 2144 29 23 oil
1413 2146 122 29 expressed
1548 2146 57 23 from
1619 2146 48 24 lard
1680 2148 19 22 is
1713 2149 23 21 in
1749 2149 37 23 the
1799 2157 53 24 pro-

1264 2179 87 29 portion
1373 2179 24 21 of
1419 2179 33 22 62
1470 2184 62 25 parts
1554 2184 22 18 to
1591 2181 32 22 33
1643 2181 25 22 of
1685 2183 107 23 stearine.
1830 2183 22 23 It

1264 2210 53 23 sells
1339 2216 23 18 at
1385 2212 59 22 from
1465 2214 56 22 £44
1545 2217 22 19 to
1590 2214 54 23 £50
1665 2222 40 23 per
1726 2221 40 17 tun
1779 2217 23 22 in
1816 2217 36 23 the

1264 2243 97 25 London
1379 2245 99 24 market.
1515 2246 23 23 A
1558 2246 46 31 hog
1623 2249 106 30 properly
1751 2250 100 23 fattened

1264 2278 43 22 will
1321 2278 97 30 produce
1431 2280 15 21 2
1459 2285 50 17 cwt.
1524 2280 25 22 of
1565 2280 59 29 lard,
1644 2282 71 23 worth
1736 2283 59 23 from
1815 2285 37 23 £4

1264 2316 22 18 to
1299 2312 45 22 £5.

1298 2344 50 24 The
1368 2352 88 17 custom
1468 2346 25 23 of
1510 2347 38 23 the
1567 2348 74 23 North
1654 2349 136 24 Americans
1804 2351 47 23 who

1264 2386 63 23 carry
1341 2386 28 15 on
1382 2379 38 23 the
1433 2379 105 24 business
1558 2381 26 22 of
1598 2383 132 30 converting
1742 2385 49 29 pigs
1804 2385 47 23 into

1265 2419 46 15 wax
1325 2412 100 28 caudles,
1438 2414 19 21 is
1477 2418 22 18 to
1513 2414 62 23 drive
1589 2414 37 24 the
1645 2417 96 23 animals
1754 2419 47 22 into
1814 2419 37 23 the

1264 2453 45 15 woo
1318 2453 26 22 .s,
1359 2446 73 23 where
1452 2447 53 30 they
1517 2448 50 22 feed
1587 2448 34 23 for
1639 2457 62 16 some
1720 2452 89 22 months
1823 2460 28 15 on

1264 2487 87 21 acorns,
1372 2480 52 28 &c,
1445 2480 43 23 and
1509 2482 53 22 then
1584 2482 51 31 they
1648 2491 36 15 are
1703 2484 101 24 fattened
1816 2486 35 23 for

1264 2520 40 15 one
1325 2513 80 23 month
1426 2522 29 15 on
1477 2514 82 23 Indian
1581 2523 60 22 corn,
1664 2518 29 30 by
1706 2518 73 23 which
1798 2520 53 22 time

1263 2546 52 30 they
1328 2555 37 14 are
1386 2548 62 29 quite
1469 2548 67 30 ready
1551 2549 34 22 for
1598 2549 37 23 the
1647 2558 92 23 process
1752 2551 24 23 of
1795 2560 54 16 con-

1264 2581 96 23 version.
1397 2580 66 31 They
1476 2590 38 14 are
1528 2583 53 22 than
1594 2583 80 29 boiled,
1687 2591 27 16 en
1726 2592 73 16 masse
1800 2603 6 11 t
1820 2586 31 23 fat

1263 2613 43 23 and
1329 2613 51 23 lean
1404 2614 111 31 together,
1536 2616 78 23 unless
1634 2617 37 23 the
1691 2623 58 18 state
1767 2619 26 22 of
1812 2620 36 23 the

1263 2648 114 29 provision
1397 2649 91 22 n.arket
1499 2650 68 22 make
1579 2650 19 23 it
1614 2651 118 30 profitable
1750 2658 22 17 to
1785 2661 65 23 spare

1263 2688 62 15 some
1338 2681 25 23 of
1374 2681 36 23 the
1423 2681 74 23 hams.

1297 2714 49 23 The
1369 2713 128 25 Cincinnati
1517 2716 95 24 Gazette
1632 2719 102 22 contains
1747 2728 12 14 a
1777 2725 71 19 state-

1264 2753 59 18 ment
1336 2747 73 23 which
1421 2749 75 23 shows
1510 2750 36 23 the
1568 2751 128 32 increasing
1711 2753 140 31 importance

1264 2782 24 22 of
1297 2781 56 29 lard,
1367 2782 38 28 oil,
1419 2783 150 24 andstear'me
1581 2785 90 23 candles
1684 2791 20 17 to
1716 2795 132 22 commerce,

1262 2815 43 23 and
1317 2821 23 17 to
1352 2815 37 23 the
1404 2815 72 24 West.
1513 2816 94 33 During
1626 2819 37 23 the
1682 2819 52 24 first
1752 2821 62 23 week
1828 2823 21 22 in

1261 2848 75 32 April,
1357 2850 105 30 upwards
1484 2851 26 22 of
1530 2856 37 18 ten
1585 2852 111 24 thousand
1719 2854 89 31 gallons
1828 2856 24 22 of

1262 2882 47 23 lard
1321 2883 30 22 oil
1371 2890 45 16 was
1436 2883 96 32 shipped
1555 2885 59 23 from
1633 2887 47 22 that
1704 2892 59 26 port,
1776 2889 43 22 and
1833 2889 16 22 it

1263 2915 42 24 had
1317 2917 105 30 acquired
1445 2918 114 23 sufficient
1580 2927 154 24 consequence
1747 2922 22 22 in
1783 2922 65 31 Eng-

1261 2949 50 23 land
1325 2957 23 15 to
1360 2950 28 23 be
1406 2950 115 32 regularly
1541 2953 84 30 quoted
1637 2960 22 16 at
1679 2955 56 22 £44
1747 2963 39 23 per
1800 2960 48 25 tun,

1261 2983 71 23 which
1344 2984 20 22 is
1377 2984 66 30 equal
1456 2990 21 17 to
1499 2985 69 23 about
1581 2986 30 26 71
1632 2993 63 17 cents
1707 2996 40 23 per
1762 2989 85 30 gallon.

1249 3009 2 26 I
1261 3016 50 24 The
1329 3017 52 23 best
1399 3017 50 24 lard
1463 3019 29 22 oil
1504 3019 78 23 retails
1595 3024 22 18 at
1630 3020 131 25 Cincinnati
1781 3028 23 17 at
1817 3023 30 26 75

1259 3055 63 18 cents
1341 3058 41 23 per
1401 3051 84 29 gallon,
1500 3052 44 23 and
1564 3052 62 32 eight
1638 3055 91 23 inferior
1742 3056 104 29 qualities

1259 3090 23 16 at
1293 3086 31 22 45
1339 3084 44 23 and
1403 3087 42 21 50.
1482 3085 76 24 There
1577 3094 38 15 are
1627 3087 52 23 nine
1691 3088 31 23 oil
1742 3089 106 24 factories

1258 3118 23 23 in
1292 3118 49 23 that
1353 3118 54 30 city,
1419 3117 44 24 five
1483 3119 24 22 of
1526 3120 74 23 which
1619 3121 98 30 produce
1741 3124 107 26 150,000

1258 3151 88 31 gallons
1358 3159 39 22 per
1410 3160 93 15 annum.
1541 3153 51 23 The
1610 3154 64 23 value
1686 3155 24 23 of
1725 3155 38 24 the
1776 3156 71 23 whole

1259 3186 104 30 quantity
1380 3186 171 23 manufactured
1565 3186 44 24 last
1621 3196 61 22 year,
1695 3189 19 22 is
1727 3190 120 24 estimated

1258 3225 23 17 at
1295 3221 9 21 1
1311 3220 91 26 65,000
1413 3219 91 24 dollars.
1543 3219 51 25 The
1603 3223 103 29 quantity
1715 3223 26 22 of
1751 3225 97 22 stearine

1250 3252 180 24 •manufactured
1441 3258 24 18 at
1483 3261 42 16 one
1538 3254 26 23 of
1582 3255 63 23 these
1664 3256 183 24 establishments

1257 3286 121 23 amounted
1407 3287 24 23 in
1461 3287 78 23 eleven
1569 3289 91 22 months
1685 3294 21 18 to
1739 3292 107 27 123,966

1257 3320 90 28 dollars,
1361 3327 62 16 some
1436 3321 25 22 of
1478 3322 18 22 it
1508 3321 26 23 of
1552 3321 38 24 the
1602 3330 53 22 very
1668 3328 79 25 purest
1760 3325 87 30 quality

1256 3353 34 23 for
1313 3353 102 31 culinary
1426 3362 120 23 purposes,
1560 3355 45 23 and
1623 3364 14 15 a
1649 3362 50 25 part
1711 3357 26 23 of
1746 3358 18 22 it
1776 3360 71 21 suita-

1258 3386 34 24 ble
1314 3386 52 32 only
1379 3388 33 23 for
1434 3388 100 24 candles.
1572 3389 105 24 Stearine
1696 3391 20 22 is
1731 3392 116 31 generally

1256 3421 81 30 passed
1357 3426 24 18 at
1402 3421 58 23 New
1481 3422 100 23 Orleans
1602 3431 24 15 as
1647 3424 82 29 tallow,
1743 3425 43 22 and
1808 3425 39 24 the

1256 3453 58 24 New
1326 3452 98 26 Orleans
1441 3454 72 25 Price
1527 3455 97 24 Current
1635 3457 74 23 shows
1722 3458 50 23 that
1785 3458 62 24 there

1257 3495 44 16 was
1313 3496 27 16 an
1358 3489 103 23 increase
1478 3489 24 23 in
1547 3489 75 24 tallow
1667 3492 104 23 received
1789 3492 58 24 from

1256 3521 38 23 the
1306 3527 55 18 west
1373 3522 44 23 last
1428 3530 54 22 year
1495 3524 134 30 amounting
1642 3529 21 18 to
1678 3526 65 23 1625
1753 3525 92 25 dollars.

1257 3555 51 23 One
1318 3555 174 24 establishment
1504 3556 42 23 has
1556 3558 171 23 manufactured
1740 3561 107 27 150,000

1256 3588 83 24 dollars
1362 3588 26 24 of
1414 3590 100 22 stearine
1538 3591 92 23 candles
1654 3592 37 23 the
1715 3592 45 24 last
1782 3600 63 24 year.

1257 3621 65 31 They
1342 3630 38 16 are
1401 3623 49 23 said
1473 3628 21 18 to
1516 3625 55 22 emit
1591 3632 25 15 as
1633 3625 100 24 brilliant
1745 3635 14 14 a
1780 3626 66 32 light,

1256 3654 59 25 burn
1336 3656 88 31 longer,
1446 3657 45 23 and
1513 3663 71 17 waste
1608 3658 46 24 less
1677 3659 55 24 than
1755 3660 92 24 candles

1256 3688 64 24 made
1330 3689 60 24 from
1402 3697 85 23 sperm.
1525 3691 22 23 It
1565 3692 101 30 requires
1687 3692 59 25 from
1758 3694 89 24 sixteen

1256 3727 21 18 to
1299 3723 105 23 nineteen
1428 3723 95 32 degrees
1546 3732 63 16 more
1633 3726 25 23 of
1677 3726 55 24 heat
1752 3732 22 19 to
1792 3728 55 24 melt

1256 3757 62 22 them
1324 3757 55 22 than
1389 3764 85 23 sperm,
1481 3757 44 24 and
1534 3759 64 23 there
1604 3759 27 29 is,
1640 3760 23 23 in
1669 3767 176 25 consequencce,

1254 3788 45 25 less
1321 3790 168 24 accumulation
1513 3792 24 23 of
1560 3792 84 24 melted
1664 3800 89 24 grease,
1772 3794 75 24 which

1254 3823 82 24 makes
1348 3825 37 22 the
1395 3825 81 22 candle
1487 3826 68 23 much
1568 3833 62 16 more
1644 3826 87 32 cleanly
1739 3828 27 23 in
1778 3827 69 32 being

1254 3857 64 24 used.
1355 3858 76 22 These
1451 3858 93 24 candles
1562 3866 40 16 are
1621 3859 49 23 sold
1689 3865 22 18 at
1733 3862 32 22 25
1783 3866 63 20 cents

1254 3898 40 22 per
1315 3891 92 31 pound;
1428 3891 54 31 they
1501 3900 38 15 are
1560 3893 150 31 superseding
1731 3901 75 24 sperm
1823 3895 24 24 in

1255 3924 37 24 the
1314 3931 63 22 west,
1391 3926 44 22 and
1454 3933 39 15 are
1512 3925 116 32 regularly
1640 3926 96 33 shipped
1748 3933 24 18 to
1790 3928 57 24 New

1255 3957 106 32 Orleans,
1376 3959 96 30 Mobile,
1486 3959 140 31 Havannah,
1638 3960 54 31 &c,
1706 3962 75 25 where
1794 3962 54 31 they

1908 1887 50 21 The
1981 1887 128 21 Auckland
2136 1887 76 22 Prbss.
2214 1899 28 4 —
2245 1890 20 20 A
2291 1891 175 26 correspondent

1884 1914 23 21 of
1920 1914 36 20 the
1967 1914 110 20 Auckland
2089 1914 110 27 Chronicle,
2223 1916 97 26 unjustly
2341 1917 124 23 condemns

1883 1941 36 20 the
1936 1942 28 19 N.
1981 1941 26 20 Z.
2018 1942 89 19 Journal
2119 1942 32 20 for
2166 1949 26 13 an
2210 1944 156 21 unwarranted
2382 1945 77 25 prefer

1884 1974 53 14 erice
1956 1968 25 20 of
2002 1968 37 21 the
2056 1968 55 21 New
2129 1968 97 21 Zealand
2243 1969 131 26 Company's
2392 1972 76 19 settle-

1884 1998 78 19 ments,
1983 1995 34 20 for
2035 2002 40 14 our
2092 1995 52 26 only
2160 1995 73 26 object
2250 1995 39 22 has
2305 1996 56 21 been
2381 2001 21 17 to
2417 1998 50 26 give

1884 2021 176 22 commendation
2090 2022 112 21 wherever
2225 2022 18 21 it
2268 2030 44 13 was
2337 2023 55 26 due;
2422 2026 46 21 and

1884 2048 86 21 neither
1980 2048 36 21 the
2028 2049 126 20 occasional
2164 2048 137 23 dilatorines3
2319 2050 25 21 of
2355 2050 38 22 the
2412 2052 55 21 New

1884 2075 97 21 Zealand
1993 2076 123 26 Company,
2130 2083 39 14 nor
2184 2075 35 22 the
2233 2077 124 21 occasional
2367 2078 101 26 injustice

1882 2102 25 20 of
1918 2102 37 21 the
1976 2102 99 21 Colonial
2093 2102 77 25 Office,
2188 2102 39 22 has
2244 2111 57 16 ever,
2321 2112 24 13 or
2363 2112 52 15 ever
2425 2106 43 21 will

1882 2133 59 16 meet
1959 2129 52 21 with
2027 2130 119 26 apologists
2165 2130 23 20 in
2207 2137 33 14 us.
2280 2131 40 22 We
2338 2131 72 23 blame
2430 2133 38 22 the

1884 2156 98 21 Colonial
1993 2156 71 22 Office
2075 2156 35 22 for
2119 2163 68 19 many
2197 2157 43 22 bad
2256 2158 85 28 things;
2360 2167 33 14 we
2411 2159 57 23 have

1882 2182 89 23 blamed
1982 2183 36 22 the
2035 2184 55 21 New
2106 2184 100 21 Zealand
2220 2185 114 27 Company
2350 2186 34 21 for
2400 2191 39 17 not
2454 2195 14 13 a

1882 2210 40 21 few
1924 2221 27 3 —
1953 2210 32 21 for
2005 2210 58 21 their
2082 2210 64 27 tardy
2166 2210 104 27 adoption
2291 2212 24 21 of
2340 2212 37 22 the
2396 2215 71 26 cheap

1882 2237 64 21 cabin
1963 2242 83 22 system
2047 2249 26 3 —
2074 2237 34 22 for
2127 2238 58 21 their
2204 2238 169 23 backwardness
2388 2240 24 21 in
2428 2248 40 14 en-

1882 2264 118 27 couraging
2011 2265 37 21 the
2059 2265 131 26 emigration
2199 2265 24 21 of
2230 2266 87 27 capital,
2325 2267 29 26 by
2364 2267 104 22 interest-

1880 2291 38 26 ing
1928 2291 132 22 themselves
2070 2292 22 21 in
2104 2293 35 20 the
2150 2292 127 27 adaptation
2286 2294 25 20 of
2317 2294 38 21 the
2366 2294 45 21 flax
2422 2295 46 21 and

1882 2319 61 20 other
1953 2319 80 26 staples
2034 2329 27 5 —
2062 2318 44 22 and
2117 2318 63 22 other
2190 2323 89 18 matters
2290 2320 71 22 which
2369 2329 31 13 we
2407 2322 58 21 need

1882 2349 37 17 not
1938 2345 52 22 here
2011 2346 92 22 discuss.
2145 2346 45 21 But
2209 2354 42 13 one
2273 2346 70 28 thing,
2365 2348 103 22 however

1882 2372 65 21 much
1965 2380 23 14 or
2004 2372 56 23 little
2078 2373 48 21 that
2140 2380 52 20 may
2209 2373 26 22 be
2247 2373 102 28 deemea,
2361 2382 33 14 we
2404 2376 64 21 insist

1880 2406 28 14 on
1918 2400 23 21 in
1953 2400 57 21 their
2026 2400 84 26 favour,
2127 2400 47 21 that
2192 2400 50 26 they
2259 2409 37 13 are
2316 2401 72 22 better
2407 2402 59 22 colo-

1881 2426 71 21 nizers
1964 2428 51 19 than
2026 2434 45 20 any
2083 2434 30 14 we
2125 2427 55 21 have
2192 2432 36 21 yet
2246 2428 43 21 had
2306 2428 36 21 for
2358 2436 45 20 any
2419 2437 49 14 new

1881 2457 98 23 country.
2019 2454 63 25 They
2093 2454 43 21 will
2146 2459 38 22 yet
2194 2454 55 21 have
2261 2456 66 20 much
2339 2459 21 17 to
2372 2459 36 23 do,
2421 2457 44 21 and

1882 2488 30 13 we
1921 2480 58 28 hope
1990 2481 53 27 they
2054 2489 51 19 may
2116 2480 27 22 do
2160 2482 16 20 it
2178 2492 24 4 —
2207 2489 30 13 we
2253 2482 85 22 believe
2354 2483 53 26 they
2423 2484 45 22 will

1883 2507 28 22 do
1921 2509 17 20 it
1941 2519 26 3 —
1969 2508 38 21 but
2018 2509 52 26 they
2082 2508 87 28 require
2172 2509 94 26 jogging.

1908 2535 56 21 New
1983 2536 148 20 Edinburgh.
2133 2546 27 4 —
2162 2536 46 21 The
2233 2543 91 15 reasons
2342 2538 74 21 stated
2435 2539 30 26 by

1880 2561 37 22 the
1938 2562 114 26 Company
2072 2562 34 21 for
2127 2562 36 22 the
2183 2563 115 22 formation
2319 2564 27 22 of
2357 2572 12 13 a
2386 2565 79 22 fourth

1880 2592 60 18 coast
1948 2589 133 26 settlement,
2094 2593 21 17 to
2126 2590 26 21 be
2167 2590 72 21 called
2255 2590 57 22 New
2327 2591 138 28 Edinburgh,

1880 2623 36 13 are
1936 2616 65 27 given
2023 2620 23 17 at
2073 2616 76 27 length
2171 2617 24 21 in
2217 2617 36 22 the
2275 2619 191 26 correspondence

1881 2642 110 28 [between
2003 2643 38 22 the
2061 2643 115 28 Company
2195 2644 43 22 and
2256 2645 63 21 Land
2338 2645 45 22 and
2405 2646 61 22 Emi-

1880 2671 85 25 gration
1986 2670 192 27 Commissioners]
2195 2678 26 14 on
2244 2671 47 22 that
2310 2673 94 26 subject,
2422 2674 46 21 and

1880 2704 37 14 are
1926 2697 115 27 generally
2053 2697 93 23 deemed
2155 2698 140 27 satisfactory
2306 2699 30 27 by
2348 2700 36 21 the
2402 2701 66 21 Com-

1880 2724 135 26 missioners,
2027 2729 24 17 at
2059 2725 38 21 the
2108 2732 61 14 same
2190 2726 53 21 time
2263 2726 49 22 that
2331 2727 80 21 doubts
2431 2734 37 15 are

1880 2751 117 28 expressed
2013 2751 99 22 whether
2127 2752 119 27 dispersion
2265 2760 52 20 may
2326 2758 40 16 not
2382 2754 27 21 be
2430 2755 38 21 the

1881 2786 28 14 un
1913 2786 72 20 nappy
2010 2786 161 19 consequence.
2214 2779 43 23 Let
2281 2781 37 20 the
2342 2781 124 27 Company,

1879 2805 109 27 however,
1999 2806 58 27 keep
2068 2805 37 22 the
2116 2806 73 27 public
2200 2807 56 26 fully
2272 2807 113 22 informed
2402 2816 24 14 as
2444 2812 23 18 to

1880 2833 56 21 their
1954 2833 137 26 operations,
2117 2833 76 27 giving
2219 2834 80 22 official
2323 2834 144 23 information

1880 2860 73 22 before
1972 2860 37 21 the
2025 2860 76 27 public
2119 2861 55 21 have
2190 2861 80 26 gained
2287 2861 37 22 the
2334 2861 133 28 knowledge

1879 2887 115 27 indirectly
2004 2887 45 21 and
2059 2887 150 28 inaccurately
2216 2896 5 12 :
2241 2887 31 21 let
2279 2888 62 22 them
2357 2889 23 21 in
2400 2896 68 22 every-

1880 2922 46 19 way
1938 2921 123 18 encourage
2073 2913 36 22 the
2127 2918 82 23 system
2224 2915 25 21 of
2261 2916 141 21 economical
2417 2924 50 19 pas-

1878 2948 69 20 sages,
1958 2941 124 27 involving,
2094 2948 25 14 as
2130 2941 16 21 it
2156 2942 59 25 does,
2227 2943 38 20 the
2276 2943 156 22 transmission
2442 2944 26 21 of

1878 2975 97 19 yeoman
1992 2968 81 27 capital
2088 2968 46 22 and
2150 2968 78 22 labour
2240 2974 21 16 to
2272 2969 36 22 the
2320 2970 144 27 settlements,

1878 2996 43 21 and
1930 2995 114 28 zealously
2056 2998 33 19 set
2099 2995 56 22 their
2166 2996 48 21 face
2233 2997 86 26 against
2336 3004 68 20 every
2417 2998 50 27 job-

1878 3023 52 27 bing
1941 3026 94 23 attempt
2046 3027 22 16 to
2085 3027 129 17 counteract
2230 3023 30 26 it;
2279 3023 29 22 let
2324 3023 59 22 their
2398 3024 70 22 funds

1877 3049 27 22 be
1916 3049 117 27 expended
2044 3050 22 20 in
2079 3049 71 21 useful
2161 3050 77 21 labour
2248 3054 20 17 to
2280 3051 98 21 increase
2396 3051 70 22 inter-

1877 3077 188 21 communication
2084 3077 22 20 in
2129 3077 36 21 the
2186 3077 86 27 colony,
2294 3078 43 21 and
2359 3078 107 23 facilitate

1876 3103 129 27 production
2019 3103 45 22 and
2075 3103 141 27 intercourse,
2235 3104 44 21 and
2291 3103 36 23 the
2338 3104 94 23 balance
2444 3113 23 14 or

1876 3131 84 26 labour,
1972 3131 45 20 and
2032 3130 54 27 they
2106 3138 51 19 may
2175 3130 70 28 safely
2261 3131 107 22 establish
2385 3139 14 15 a
2415 3140 50 15 new

1899 3158 54 21 New
1989 3164 67 17 every
2066 3157 79 22 twelve
2155 3157 96 22 months.

1910 3193 47 23 Did
1969 3201 32 15 we
2013 3193 67 23 think
2094 3193 38 23 the
2146 3193 118 32 Company
2276 3202 58 16 were
2347 3195 71 31 likely
2442 3202 21 17 to

1877 3227 26 23 be
1915 3228 50 23 able
1978 3233 22 17 to
2012 3228 58 22 form
2082 3235 44 23 any
2136 3235 62 15 more
2211 3235 48 16 new
2268 3228 151 31 settlements,
2433 3237 33 17 we

1877 3261 73 23 would
1962 3261 42 23 call
2025 3268 60 23 upon
2108 3261 37 23 the
2163 3261 90 23 sealers
2273 3267 22 18 to
2315 3263 95 31 petition
2430 3263 37 24 the

1877 3294 155 24 Government
2056 3299 40 18 not
2116 3299 23 18 to
2160 3296 82 29 permit
2261 3295 63 24 them
2345 3301 22 18 to
2389 3296 29 24 do
2430 3305 33 15 so.

1876 3328 62 24 First
1939 3341 33 4 —
1974 3329 96 23 because
2092 3327 37 25 the
2293 3329 25 23 of
2334 3329 37 24 the
2383 3330 83 30 lottery

1875 3367 85 25 system
1973 3369 36 16 are
2030 3361 109 28 delusive,
2159 3362 45 23 and
2221 3363 23 22 in
2266 3362 84 31 having
2371 3364 95 22 enabled

1877 3395 36 23 the
1928 3395 118 31 Company
2059 3400 22 18 to
2092 3395 71 24 found
2176 3396 63 23 other
2251 3396 149 29 settlements,
2410 3397 55 24 have

1876 3429 55 23 been
1945 3434 59 18 most
2016 3429 139 23 destructive
2169 3435 23 17 to
2204 3429 37 23 the
2253 3430 107 23 interests
2373 3430 24 23 of
2418 3430 46 24 this

1876 3463 129 23 settlement
2014 3472 8 19 ;
2061 3462 52 29 and,
2145 3463 106 31 secondly
2251 3475 34 5 —
2287 3463 97 23 because
2413 3464 54 30 they

1877 3496 52 23 tend
1952 3501 24 18 to
2000 3497 102 23 increase
2126 3496 37 24 the
2188 3504 98 22 expense
2298 3496 26 23 of
2338 3498 128 30 governing

1876 3529 62 24 these
1952 3529 100 29 Islands,
2066 3530 44 23 and
2123 3538 25 15 so
2159 3529 43 23 add
2214 3535 22 17 to
2259 3529 39 24 the
2319 3531 102 22 taxation
2443 3536 22 17 to

1877 3564 72 24 which
1959 3564 39 24 the
2009 3564 92 23 settlers
2113 3563 56 23 have
2181 3567 23 18 to
2216 3563 91 23 submit.
2355 3564 49 24 But
2428 3564 37 24 the

1879 3597 118 32 Company
2019 3597 46 23 will
2085 3602 40 17 not
2144 3596 27 23 be
2191 3595 49 24 able
2260 3601 22 18 to
2295 3602 39 25 get
2345 3606 45 22 ony
2403 3606 63 16 more

1876 3631 83 30 buyers
1972 3632 22 22 in
2007 3630 117 31 England,
2138 3637 54 15 even
2206 3629 53 23 with
2271 3630 38 24 the
2330 3633 134 30 temptation

1876 3665 25 23 of
1916 3672 13 15 a
1940 3665 82 30 lottery
2024 3676 32 4 —
2058 3663 51 28 and,
2123 3663 20 23 if
2157 3663 53 30 they
2223 3663 75 29 could,
2310 3672 32 15 we
2360 3665 56 23 have
2437 3672 28 19 no

1875 3698 70 24 doubt
1957 3698 97 31 Captain
2069 3697 93 29 Fitzroy
2174 3696 42 23 has
2227 3698 104 30 reported
2339 3705 26 15 so
2373 3705 92 24 strong-

1875 3732 23 30 ly
1910 3733 90 29 against
2014 3731 38 22 the
2066 3731 124 29 scattering
2202 3730 25 23 of
2242 3731 151 29 settlements,
2416 3732 50 23 that

1875 3766 38 22 the
1934 3765 67 23 Land
2024 3764 44 22 and
2098 3763 144 30 Emigration
2273 3764 191 25 Commissioners

1875 3799 73 23 would
1959 3797 100 32 publicly
2072 3797 116 23 denounce
2200 3805 44 23 any
2256 3802 96 28 attempt
2374 3806 30 17 on
2427 3799 38 24 the

1874 3836 51 27 part
1937 3832 25 23 of
1978 3832 36 23 the
2028 3831 120 30 Company
2161 3835 24 18 to
2195 3830 72 24 found
2286 3832 96 24 another
2402 3837 63 20 coast

1875 3865 139 23 settlement.

1910 3898 76 24 Land
2000 3898 143 26 Question.
2146 3909 33 6 —
2181 3898 42 23 We
2235 3897 58 25 have
2305 3898 108 26 obtained
2425 3898 40 26 the

1875 3932 117 32 following
2014 3936 89 19 extract
2135 3931 58 24 from
2222 3931 38 24 the
2282 3931 59 25 New
2364 3932 104 29 Zealand

1875 3966 100 24 Journal
1986 3965 25 25 of
2019 3965 39 25 the
2072 3967 30 23 25
2106 3965 25 24 th
2138 3965 140 31 November,
2287 3967 19 23 it
2315 3966 87 25 formed
2415 3971 52 27 part

559 36 98 45 JEfj*
681 36 118 41 W*ld
826 37 209 40 Ztaianb
1061 39 189 46 <&vcm
1275 41 92 39 mtt
1392 39 302 50 WltUinqtm
1720 42 250 47 &imtator+

1886 140 37 15 are
1947 134 21 22 in
1989 142 26 14 as
2035 135 58 28 good
2112 140 78 25 repute
2210 143 25 14 as
2258 143 83 23 s^erm.
2346 150 32 3 —
2380 138 85 30 Sydney

1887 163 110 31 Morning
2014 165 100 25 Herald.

2004 227 136 23 NELSON
2160 228 187 24 EXTRACTS.

668 124 34 23 for
713 124 21 23 if
748 133 43 21 you
804 133 46 16 sow
871 126 73 23 wheat
962 126 73 23 either
1047 126 38 23 the
1096 131 48 19 rust
1157 127 53 23 kills
1223 128 24 28 it,

668 164 25 15 or
706 157 36 24 the
755 158 84 24 locusts
852 166 63 15 come
927 157 43 23 and
983 163 36 18 eat
1032 159 37 23 the
1082 168 47 15 ears
1142 160 44 28 off;
1208 160 40 23 In-

666 189 54 24 dian
743 197 60 22 corn,
827 192 43 22 and
893 190 38 23 the
954 190 100 24 baboons
1076 192 46 23 will
1139 200 62 16 come
1219 194 30 28 by

666 222 83 24 dozens
770 223 44 23 and
835 223 52 30 pick
899 224 18 22 it
925 232 7 19 ;
953 231 24 15 or
998 224 20 22 if
1032 231 45 22 you
1097 224 58 31 keep
1171 225 76 31 sheep,

667 256 78 30 tigers,
758 256 91 28 wolves,
859 255 107 31 jackalls,
979 256 44 22 and
1036 257 51 22 wild
1101 257 54 29 dogs
1169 258 79 31 plague

666 296 54 21 you.
756 289 64 22 With
840 288 30 23 all
891 288 63 23 these
975 288 139 29 drawbacks,
1128 290 11 22 I
1160 298 37 16 see
1210 293 39 21 but

665 321 58 23 little
735 321 84 23 chance
831 321 25 22 of
871 328 91 16 success
975 326 39 18 out
1025 321 62 24 here.
1122 323 76 24 There
1212 332 37 15 are

666 354 78 30 people
757 354 47 22 who
818 354 56 22 have
887 354 54 23 been
962 354 54 24 hero
1033 359 82 25 twenty
1126 364 66 21 years
1205 357 44 23 and

666 394 52 22 very
734 386 54 22 little
802 386 71 23 better
887 387 53 23 than
953 387 64 23 when
1031 387 52 30 they
1096 389 48 22 first
1156 397 70 17 came.

724 418 83 23 Would
819 427 45 22 you
882 419 27 23 be
929 419 56 24 kind
1008 422 88 28 enougl:
1112 427 20 16 to
1145 424 55 21 send
1214 432 35 14 me

664 459 62 15 some
739 451 143 23 information
891 453 68 23 about
972 453 57 23 New
1042 453 106 28 Zealand,
1163 456 35 23 for
1211 463 38 16 not

663 485 79 29 seeing
753 492 37 22 my
803 492 49 22 way
864 491 52 23 very
930 485 60 23 clear
1009 486 22 22 in
1053 487 45 22 this
1119 495 102 24 country,
1236 490 10 22 I

664 517 66 23 think
742 517 25 22 of
781 518 91 30 coming
883 525 28 15 on
925 517 71 25 there.

1024 551 91 29 Your's,
1129 554 52 29 &c.,

729 580 109 34 (Signed)
975 584 27 24 C.
1016 585 38 23 W.

661 641 235 24 ADVANTAGES
916 642 44 23 OF
980 643 77 23 NEW
1071 644 170 25 ZEALAND.

1277 124 52 21 time
1346 126 118 27 expecting
1480 135 13 14 a
1503 127 41 22 call
1557 128 55 21 from
1630 128 45 21 him
1692 129 21 20 in
1731 129 37 21 the
1780 136 46 19 way
1838 130 25 20 of

1277 150 105 28 business,
1395 153 49 21 and.
1453 154 104 26 proceeds
1574 159 20 16 to
1609 154 36 26 lay
1656 159 38 17 out
1710 155 56 21 what
1784 163 75 13 means

1277 176 27 23 he
1323 185 51 19 may
1385 178 57 22 have
1459 180 96 26 coupled
1571 181 51 21 with
1633 181 33 21 his
1680 189 49 14 own
1745 182 76 21 labour
1838 182 21 21 in

1277 203 64 22 order
1352 209 22 16 to
1386 205 81 22 realize
1480 206 37 21 the
1528 208 82 24 benefits
1616 208 26 24 of
1646 209 34 19 his
1688 210 106 19 sub-lease.
1817 210 42 19 iJut

1277 230 63 21 mark
1360 231 37 21 the
1419 232 77 25 result,
1498 243 27 4 —
1527 237 23 17 at
1571 233 36 22 the
1627 239 101 17 moment
1743 236 9 21 I
1772 235 58 21 write
1848 243 11 12 a

1276 256 75 21 bailiff
1357 257 39 21 sits
1407 257 22 22 in
1440 265 13 14 a
1463 258 163 28 neighbouring
1636 260 69 22 house
1715 261 22 21 in
1748 262 79 21 chane
1838 262 23 20 of

1277 282 19 20 it
1304 283 52 21 with
1366 284 30 21 all
1407 284 36 21 the
1454 291 50 19 crop
1516 286 44 21 and
1571 286 64 21 other
1644 292 102 22 property
1757 295 27 14 on
1796 295 13 13 a
1819 288 40 21 few

1277 316 60 14 acres
1349 310 25 20 of
1388 310 58 27 land,
1459 311 71 21 which
1548 312 43 21 had
1607 313 54 21 been
1678 314 87 21 cleared
1780 321 27 14 on
1824 314 35 21 the

1277 335 54 22 faith
1341 336 24 21 of
1374 344 12 13 a
1396 337 46 20 sub-
1449 337 66 22 lease.
1545 338 46 22 The
1602 339 29 21 all
1640 340 24 21 of
1673 347 37 19 my
1722 347 51 19 poor
1783 340 76 26 neigh-

1277 361 65 23 bours
1351 363 19 21 is
1387 363 121 22 distrained
1519 364 29 27 by
1561 365 36 21 the
1609 366 122 28 proprietor
1740 367 34 20 for
1790 374 12 14 a
1812 371 48 17 rent

1277 389 24 19 of
1309 388 69 22 which
1398 389 51 27 they
1461 397 67 14 never
1539 391 109 27 dreamed,
1660 394 36 19 tie
1706 394 52 25 first
1774 394 86 21 lessee's.

1276 415 138 21 To-morrow
1430 417 18 20 it
1463 424 52 19 may
1527 418 26 21 be
1568 418 51 27 they
1636 420 41 20 will
1689 420 56 21 have
1761 424 22 17 to
1798 420 61 21 leave

1276 441 56 21 their
1347 442 68 21 house
1430 443 44 20 and
1485 443 56 21 their
1551 444 86 22 cleared
1652 446 52 21 Und
1716 447 36 20 the
1764 446 59 21 work
1835 447 25 20 of

1275 474 72 21 yeais,
1364 475 53 20 crop
1432 469 45 21 and
1492 471 63 20 other
1572 476 101 23 property
1692 481 65 19 every
1776 480 84 20 penny-

1278 495 74 24 worth,
1370 502 14 13 a
1394 502 53 20 prey
1464 500 22 16 to
1503 497 36 20 the
1557 498 109 22 merciless
1683 506 121 20 oppressor,
1815 500 43 21 and

1277 521 78 21 turned
1366 525 39 18 out
1417 521 35 21 the
1463 523 87 21 victims
1561 524 25 21 of
1600 525 54 26 legal
1670 528 99 25 robbery,
1783 526 75 21 home-

1276 546 42 22 less
1329 546 43 22 and
1383 549 123 26 pennyless,
1518 554 21 16 to
1550 551 61 24 goof
1618 558 76 15 course
1704 554 45 20 and
1758 552 49 21 take
1818 560 41 14 an-

1276 573 63 21 other
1352 575 102 20 sub-lease
1464 575 25 21 of
1503 583 60 14 some
1580 578 131 26 monopolist
1727 579 75 24 lessee,
1814 579 45 21 and

1277 599 41 22 live
1336 608 27 13 on
1381 602 163 26 cabbage-tree,
1564 610 24 14 or
1604 604 38 25 air,
1661 612 24 13 or
1703 604 85 28 charity
1804 606 55 21 until

1276 626 52 27 they
1343 627 56 22 *hall
1415 627 55 22 have
1487 629 21 20 in
1526 629 37 21 the
1579 637 74 15 course
1670 631 26 21 of
1708 632 94 21 another
1818 636 41 17 two

1276 659 23 14 or
1313 653 61 22 three
1391 661 72 20 years,
1474 656 107 22 le'r.'eved
1593 657 55 22 their
1663 665 50 14 now
1724 658 55 26 truly
1789 659 70 20 bank-

1276 684 50 22 rupt
1344 682 112 20 condition
1473 681 30 27 by
1513 683 97 26 farming
1626 684 94 21 another
1735 685 125 21 settlement

1276 710 19 16 to
1306 707 91 21 become
1409 708 19 20 in
1440 709 27 19 its
1478 712 49 17 turn
1539 710 36 20 the
1589 710 85 27 subject
1684 712 26 20 of
1723 711 86 21 distress
1821 712 35 21 for

1276 739 85 15 arrears
1372 735 25 19 of
1404 738 47 18 rent
1463 740 38 16 not
1511 735 58 21 their
1579 744 56 14 own.

1302 760 117 22 Awkward
1430 761 18 21 is
1463 761 57 21 their
1536 766 87 23 present
1638 764 113 25 situation,
1762 765 97 20 uninvit-

1275 785 38 26 ing
1324 786 57 22 their
1396 793 119 21 prospects,
1532 789 44 21 and
1591 790 105 21 heartless
1714 791 43 20 and
1775 791 53 21 hard
1838 792 25 20 of

1276 813 194 26 accomplishment
1487 815 36 21 the
1536 816 47 20 task
1600 816 10 21 I
1621 817 56 21 have
1694 818 110 21 mentione
1814 819 12 23 I,
1831 829 27 3 —

1275 845 35 20 my
1320 839 96 26 fi>e!ings
1426 841 70 26 might
1508 842 48 21 lead
1567 850 35 13 mo
1613 846 21 18 to
1644 843 84 21 further
1739 849 118 21 comment,

1276 865 37 21 but
1331 865 9 22 I
1357 867 93 21 abstain.
1490 868 82 22 Names
1589 871 21 19 of
1628 870 50 27 high
1696 872 162 26 respectability

1274 893 43 21 and
1338 893 80 21 olficial
1435 895 104 26 standing
1557 897 22 20 in
1601 896 35 21 the
1653 898 79 25 colony
1747 898 83 21 sustain
1847 906 12 13 a

1274 919 130 22 connection
1417 921 51 21 with
1489 922 35 20 the
1541 924 49 22 ta'e,
1604 923 34 21 the
1656 925 43 20 real
1711 925 114 21 clvuwcter
1837 926 24 20 of

1275 945 69 22 which
1361 947 96 22 remains
1466 949 35 21 for
1511 949 86 22 further
1612 950 162 27 development.
1805 952 54 21 This

1272 972 21 21 in
1304 973 29 21 its
1348 973 97 27 genuine
1464 976 77 25 colors,
1560 976 109 22 whatever
1685 979 61 20 these
1764 985 50 20 may
1824 979 33 25 be,

1272 1006 44 19 you
1334 1008 49 17 may
1394 1001 101 27 peihaps,
1508 1003 64 21 allow
1584 1010 34 14 me
1634 1011 65 18 space
1712 1009 20 16 to
1743 1005 76 21 unfold
1836 1006 20 20 in

1273 1033 26 14 an
1312 1026 60 24 early
1388 1029 94 20 number
1491 1030 25 19 of
1529 1029 36 21 the
1579 1031 90 21 Gazette.
1701 1031 134 21 Meanwhile
1849 1032 7 20 1

1272 1052 54 22 shall
1338 1053 50 26 only
1398 1055 112 21 subscribe
1521 1057 83 24 myself
1611 1064 41 14 one
1663 1057 26 21 of
1701 1065 13 13 a
1725 1059 63 24 class,
1800 1058 55 26 who,

1273 1079 17 21 if
1297 1079 18 21 it
1325 1079 56 22 shall
1398 1085 99 18 turnout
1515 1082 50 27 they
1577 1083 55 21 have
1650 1083 67 22 toiled
1732 1085 21 21 in
1765 1085 51 21 vain
1827 1085 32 21 for

1272 1106 139 27 ■hemselves,
1433 1107 58 22 have
1511 1111 22 18 at
1549 1109 56 21 least
1619 1111 56 21 been
1692 1111 71 21 useful
1783 1116 21 17 to
1821 1111 37 22 the

1271 1133 88 26 colony.

1632 1164 22 21 A
1669 1164 161 22 Sub-Tenant.

1297 1187 59 21 June
1369 1189 34 26 28,
1418 1189 60 21 1844.
1512 1190 6 11 '

1334 1255 184 25 ABSENTEE
1540 1258 253 24 PROPRIETORS.

61 119 77 26 during
153 119 38 21 the
205 120 92 27 coming
311 128 85 15 season.
426 121 48 22 Our
487 121 66 22 latest
562 124 76 24 quota-

60 147 57 22 tions
132 145 57 22 from
205 145 38 22 the
263 147 83 22 United
365 148 72 22 States
454 155 37 14 are
511 147 52 22 such
579 155 24 13 as
617 152 21 16 to

59 172 77 24 render
145 172 18 21 it
177 171 137 28 improbable
325 173 47 22 that
383 181 32 14 we
430 174 56 22 shall
501 174 33 21 for
544 175 37 20 the
591 181 47 20 pre-

60 201 47 21 sent
124 199 87 21 receive
229 206 42 21 any
292 200 73 27 larger
386 201 102 26 quantity
511 201 56 21 from
591 201 47 21 that

59 228 92 25 quarter,
163 225 40 21 but
217 232 14 14 a
246 227 152 21 considerable
413 227 95 21 number
521 226 26 21 of
558 227 80 21 vessels

59 252 81 26 having
149 252 55 21 been
222 252 64 22 fitted
301 257 38 17 out
354 253 62 21 there
431 253 42 21 last
488 260 54 19 year
552 253 35 21 for
602 253 36 21 the

58 279 103 21 southern
172 277 90 28 fishery;
278 279 18 21 it
304 279 18 21 is
337 286 61 14 more
407 279 55 21 than
475 279 106 27 probable
592 279 46 22 that

58 306 36 20 the
114 305 133 21 Americans
266 312 52 20 may
335 306 47 21 find
403 305 132 22 themselves
553 306 51 22 with
624 314 14 14 a

57 332 70 25 larger
135 331 63 22 stock
205 331 25 21 of
238 332 29 21 oil
278 332 52 21 than
339 333 18 20 is
367 331 100 26 required
475 331 34 21 for
516 331 36 23 the
560 333 76 27 supply

57 359 24 21 of
87 357 57 22 their
153 364 49 15 own
209 358 92 26 market,
307 358 44 22 and
361 358 53 21 such
421 357 26 22 of
453 358 37 21 the
500 359 137 21 continental

57 384 94 22 markets
161 391 24 14 as
196 392 36 13 are
248 384 140 22 accustomed
404 387 22 19 to
441 384 51 22 look
502 389 21 18 to
534 385 59 23 them
604 387 32 21 for

56 411 55 21 their
121 410 95 27 supplies
222 418 6 19 ;
246 411 44 21 and
299 411 21 21 if
326 418 23 14 so
362 411 36 21 the
409 412 87 26 surplus
507 412 42 21 will
557 413 79 21 doubt-

56 438 40 20 less
106 437 27 21 be
142 437 93 27 shipped
247 441 22 17 to
278 437 44 21 this
331 441 101 23 country,
444 437 45 22 and
502 438 44 22 will
556 439 51 21 tend
608 450 27 5 —

55 464 99 26 together
172 464 51 20 with
241 464 37 20 the
294 464 59 26 large
369 465 73 20 stocks
457 465 71 21 which
540 472 31 15 we
588 473 47 14 now

55 491 54 21 have
120 490 52 21 here
183 490 25 21 of
215 497 102 15 common
325 491 42 21 oils
375 491 112 28 generally
488 503 27 4 —
516 497 21 16 to
548 492 87 26 depress

55 524 39 14 our
109 516 104 22 southern
231 517 30 21 oil
278 517 86 21 market
377 518 134 27 materially,
528 525 32 14 we
579 519 54 20 fear.

55 544 40 20 For
113 544 36 20 the
165 547 96 23 present,
273 543 107 27 however,
391 551 33 13 we
440 551 50 20 may
509 549 63 23 quote
583 544 17 21 it
610 552 24 14 as

54 570 46 21 firm
120 572 22 19 at
161 570 47 22 £36
229 573 23 19 to
272 571 48 23 £37
338 577 39 21 per
396 574 40 18 tun
455 571 35 21 for
509 571 26 21 oil
552 571 25 21 of
589 571 45 21 first

53 596 88 28 quality.

80 623 32 21 Of
128 623 136 27 whalebone,
275 624 41 21 but
334 624 35 21 for
386 623 37 21 the
440 624 95 27 opening
552 624 25 21 of
595 631 38 14 our

54 650 83 21 market
146 653 22 18 to
179 650 36 21 the
228 651 140 26 Americans,
377 657 33 15 we
421 651 78 21 should
511 651 55 21 have
577 651 54 21 been

52 677 38 21 left
99 676 80 27 duting
196 677 37 21 the
249 682 50 22 past
313 684 54 20 year
382 677 81 21 almost
478 678 92 20 without
582 684 51 20 sup-

52 704 42 26 ply,
114 703 37 21 the
170 704 103 27 quantity
292 704 102 21 received
414 704 55 21 from
491 704 36 21 the
549 704 83 21 United

53 731 69 20 Scutes
137 729 84 28 having
236 730 121 22 amounted
374 735 20 17 to
415 731 38 20 155
470 733 48 18 tons
534 735 38 16 out
583 731 24 20 of
619 737 14 14 a

53 756 49 21 total
117 757 81 25 import
209 757 25 21 of
247 757 52 27 only
307 758 47 22 245,
368 758 36 20 the
414 757 123 27 remaining
548 759 26 19 90
583 760 49 18 tons

53 784 23 21 of
83 782 69 23 which
163 790 56 15 were
230 784 101 21 received
341 784 55 21 from
408 783 37 22 the
455 783 104 22 colonies.
586 784 46 21 Our

53 810 82 21 market
146 810 33 20 for
186 810 129 21 whalebone
325 810 40 21 has
374 810 62 22 ruled
447 810 121 26 extremely
579 810 52 27 high

52 837 78 25 during
147 836 37 21 the
205 836 70 21 whole
295 841 48 21 past
361 843 61 20 year.
463 836 20 21 It
502 837 86 27 opened
610 842 21 16 at

51 864 57 23 £240
118 870 38 20 per
167 867 45 19 ton,
223 863 47 21 and
281 863 106 26 although
402 864 17 21 it
434 862 102 23 declined
553 868 22 17 at
590 871 41 14 one

50 890 72 28 period
142 893 21 17 to
182 890 69 26 £210,
262 889 18 22 it
298 890 158 27 subsequently
476 889 117 23 advanced
610 896 21 16 to

51 918 62 24 £255,
133 916 44 21 and
196 916 38 21 has
254 917 121 22 continued
394 917 49 21 firm
463 921 22 17 at
501 918 67 21 about
584 918 47 22 that

51 944 59 27 point
120 944 33 20 for
163 943 37 21 the
211 943 42 21 last
267 944 49 21 four
325 944 95 22 months.
451 944 47 21 Our
510 945 61 21 stock
582 952 48 14 now

52 978 22 14 on
86 970 57 21 hand
154 970 19 21 is
182 971 26 20 35
220 974 56 22 tons,
289 970 97 28 showing
396 977 38 15 our
443 972 154 25 consumption
609 978 20 15 to

51 999 52 20 have
113 997 55 21 been
180 996 55 21 little
247 1005 60 14 more
318 998 54 21 than
382 999 41 20 200
434 1003 55 21 tons,
502 998 70 21 whilst
584 999 46 21 that

51 1025 21 21 of
78 1024 36 21 the
125 1023 120 27 preceding
255 1023 61 27 eight
325 1032 64 18 years
396 1024 109 26 averaged
516 1026 39 20 290
566 1029 49 17 tons
623 1034 5 18 ;

52 1059 19 13 so
81 1050 46 21 that
137 1050 17 21 it
164 1051 18 20 is
193 1051 61 20 clear
262 1050 47 21 that
318 1051 36 21 the
365 1054 89 24 present
460 1053 98 19 extreme
570 1053 59 26 price

50 1080 15 20 is
74 1078 37 21 the
122 1085 64 13 cause
196 1078 26 19 of
235 1076 38 22 the
284 1077 112 27 declining
410 1078 163 26 consumption,
585 1079 44 21 and

50 1112 28 14 we
88 1104 56 21 shall
153 1107 38 18 not
205 1104 109 21 therefore
333 1105 25 20 be
375 1111 61 19 sorry
446 1106 22 19 to
482 1111 37 14 see
529 1111 13 14 a
552 1105 76 21 mode-

48 1136 42 18 rate
105 1131 98 21 reaction
204 1141 26 4 —
232 1137 23 14 as
273 1137 31 14 we
315 1130 113 26 assuredly
438 1130 56 22 shall
510 1130 27 22 do
554 1132 74 22 when-

48 1166 47 14 ever
114 1165 32 14 we
165 1162 38 22 get
217 1164 29 14 an
261 1158 113 21 accession
388 1158 26 21 of
426 1158 76 26 supply
504 1169 26 4 —
532 1166 24 13 so
571 1166 24 14 as
605 1163 23 18 to

47 1189 88 25 prevent
150 1184 36 21 the
203 1184 45 21 risk
265 1184 24 21 of
301 1184 43 21 this
354 1184 87 21 decline
454 1185 114 27 becoming
579 1194 48 18 per-

48 1216 88 18 manent
150 1211 30 27 by
198 1218 76 14 means
292 1211 26 22 of
330 1211 36 22 the
382 1211 148 23 introduction
541 1213 26 20 of
576 1213 51 22 sub-

48 1239 87 22 stitutes.
164 1238 79 21 Under
259 1245 45 21 any
320 1238 179 25 circumstances,
518 1239 107 27 however,

47 1274 29 13 we
92 1265 55 27 fully
158 1269 80 23 expect
255 1265 47 21 that
313 1273 40 13 our
362 1265 86 21 market
459 1266 43 20 will
513 1266 47 21 rule
574 1274 52 20 very

46 1293 48 26 high
109 1292 33 21 for
157 1299 13 14 a
186 1291 53 27 long
257 1292 52 21 time
320 1295 22 18 to
353 1299 70 17 come,
438 1299 23 14 as
476 1292 54 22 both
542 1293 84 22 France

47 1319 39 23 and
97 1319 114 27 Germany
221 1319 57 21 have
293 1319 56 21 been
360 1319 141 21 accustomed
511 1322 21 18 to
542 1320 53 21 look
606 1325 20 17 to

47 1347 32 21 the
99 1346 83 21 United
201 1346 72 21 States
292 1346 33 21 for
344 1345 57 21 their
418 1346 61 21 chief
491 1347 97 26 supplies
605 1348 24 20 of

46 1372 130 28 whalebone,
188 1372 45 21 and
249 1373 53 26 they
313 1372 43 21 will
372 1373 105 21 continue
494 1377 21 16 to
531 1373 51 21 take
598 1374 32 21 oft'

46 1408 28 13 we
94 1403 83 23 expect,
200 1399 37 21 the
255 1403 87 23 greater
362 1400 86 25 portion
473 1400 26 20 of
521 1400 45 21 that
589 1401 35 21 the

46 1427 124 21 Americans
179 1433 52 19 may
241 1426 58 21 have
309 1430 21 16 to
340 1433 70 19 spare.

696 688 52 24 The
756 689 115 31 following
879 695 87 19 extract
979 692 19 22 is
1008 692 56 22 from
1075 700 13 14 a
1096 692 73 30 letter,
1180 694 67 31 lately

660 722 110 28 received,
784 723 57 22 from
855 731 41 14 our
909 724 85 30 worthy
1006 725 74 22 fellow
1090 726 95 24 colonist
1198 728 47 23 Mr.

661 754 80 23 Frank
752 755 109 29 Johnson,
871 757 49 21 who
932 758 17 21 it
958 765 94 22 appears
1062 759 41 22 had
1113 759 50 30 paid
1172 760 74 24 North

660 787 107 23 America
779 796 14 14 a
803 789 54 22 visit
869 797 28 14 on
909 789 35 22 his
958 797 48 23 way
1019 796 22 17 to
1055 791 115 30 England.
1174 797 3 6 1
1198 795 46 22 Mr.

661 820 80 23 Frank
760 821 102 23 Johnson
875 822 40 23 left
928 822 45 23 this
986 823 53 23 with
1053 824 37 22 the
1103 825 108 25 intention
1224 829 24 21 of

661 855 126 30 returning,
801 855 43 22 and
859 855 37 23 the
917 856 104 29 opinions
1042 859 120 29 expressed
1184 861 61 22 show

661 886 50 23 that
722 886 34 23 his
769 887 139 24 enthusiasm
921 889 23 22 in
957 890 78 22 favour
1049 891 23 22 of
1089 890 43 24 this
1151 900 93 24 country

660 919 40 23 has
713 925 40 18 not
767 921 135 23 diminished
916 922 28 28 by
954 922 104 24 absence.

687 951 37 21 On
744 959 37 20 my
801 953 98 26 journey
918 953 65 22 home
1005 954 9 21 I
1031 958 59 19 went
1105 955 55 24 from
1174 959 69 21 South

661 977 106 22 America
786 983 22 16 to
824 979 37 20 the
882 979 85 22 United
986 982 78 21 States.
1106 982 9 22 I
1135 985 108 21 travelled

658 1006 64 23 3,000
732 1005 61 22 miles
804 1006 20 20 in
836 1006 113 26 America,
968 1008 130 27 examining
1115 1010 35 21 the
1168 1011 76 21 forests

660 1031 55 21 both
726 1032 25 20 of
763 1032 36 21 the
819 1032 84 21 United
920 1034 72 21 States
1009 1036 45 20 and
1071 1036 101 28 Canada;
1190 1039 54 21 New

658 1057 100 22 Zealand
768 1059 17 21 is
796 1059 33 21 far
839 1060 98 26 superior
949 1065 20 16 to
981 1061 71 22 either
1063 1063 32 20 for
1103 1071 12 12 a
1123 1071 52 18 poor
1184 1072 58 18 man,

657 1092 25 13 or
692 1085 35 20 for
738 1092 13 14 a
761 1093 50 13 man
828 1086 26 21 of
865 1087 62 20 small
943 1088 81 26 capital
1035 1096 5 18 ;
1062 1090 44 20 and
1123 1097 13 14 a
1152 1099 52 19 crop
1223 1092 22 21 of

657 1111 72 21 wheat
739 1119 40 14 can
790 1113 27 20 be
832 1112 73 22 raised
921 1121 28 14 on
967 1122 13 14 a
998 1114 55 22 New
1070 1115 99 24 Zealand
1188 1118 54 22 busli

657 1144 51 15 acre
718 1142 23 17 at
752 1146 23 14 as
786 1140 55 21 little
857 1146 96 20 expense
970 1149 23 13 as
1010 1149 28 13 on
1056 1149 13 14 a
1087 1144 89 21 Canada
1194 1152 48 14 one.

655 1164 48 22 The
715 1172 50 14 man
774 1166 48 21 who
834 1174 48 18 says
893 1168 18 20 it
922 1172 83 17 cannot
1016 1169 42 23 lies,
1075 1176 24 13 or
1109 1172 18 18 is
1136 1173 97 24 ignorant

655 1191 47 21 The
725 1192 75 28 injury
821 1193 57 21 done
899 1198 21 17 at
940 1194 66 21 home
1027 1196 28 27 by
1073 1197 37 21 the
1122 1201 121 25 unmeaning

654 1222 120 18 statement
784 1220 25 20 of
821 1220 43 21 Mr.
878 1220 85 27 Duppa,
981 1222 48 21 that
1039 1227 17 17 it
1062 1225 70 21 would
1140 1232 46 16 cost
1192 1227 50 21 £60

655 1250 23 16 to
697 1246 65 27 clear,
782 1247 136 26 interpreted
938 1248 22 20 in
981 1248 104 26 England
1103 1256 20 17 to
1139 1260 57 20 crop,
1214 1261 28 14 an

655 1279 50 14 acre
727 1273 19 21 is
765 1273 152 22 incalculable.
961 1274 81 28 lteally
1061 1279 78 24 parties
1163 1280 79 22 should

655 1299 105 22 consider
769 1307 12 14 a
791 1300 56 21 little
859 1300 75 21 before
945 1300 53 28 they
1006 1303 66 22 write.
1104 1305 55 21 How
1169 1307 74 21 unfair

655 1328 21 18 to
687 1329 66 24 state,
763 1333 24 14 as
803 1334 66 17 many
885 1326 56 22 have
958 1328 66 28 done,
1040 1330 49 22 that
1103 1332 17 21 it
1134 1337 58 18 costs
1207 1335 36 23 £4

655 1357 22 15 to
688 1353 61 21 clear
760 1360 26 14 an
797 1361 50 13 acre
866 1354 21 20 in
904 1354 105 23 America
1024 1357 45 22 and
1085 1359 47 23 £60
1146 1359 23 22 in
1186 1360 55 22 New

655 1379 107 26 Zealand,
784 1380 63 21 when
868 1381 35 19 the
922 1382 59 20 trnth
996 1384 24 24 is,
1041 1384 48 21 that
1103 1386 33 21 £4
1153 1387 43 21 will
1213 1387 28 22 do

654 1405 88 28 equally
753 1413 22 14 as
786 1406 67 22 much
862 1408 36 21 for
909 1408 35 21 the
955 1416 41 15 one
1007 1417 24 14 as
1040 1411 35 21 for
1085 1412 37 21 the
1132 1413 70 21 other.

733 1456 212 25 MECHANICS'
965 1459 197 27 INSTITUTE.

281 1485 101 23 FLAX.

1922 274 80 24 Flax.
2005 288 33 3 —
2039 276 29 22 In
2081 278 92 22 another
2192 279 89 23 column
2303 279 44 22 will
2360 280 27 22 be
2399 281 68 24 found

1888 307 37 23 the
1938 307 70 23 result
2019 309 25 21 of
2060 309 36 22 the
2108 309 47 23 flax
2176 312 98 30 meeting
2288 312 50 22 held
2352 320 28 14 on
2393 313 74 24 Tues-

1887 340 44 30 day
1944 340 49 23 last.
2032 340 50 23 The
2103 342 96 29 samples
2220 344 114 24 exhibited
2348 353 57 15 were
2417 354 49 15 cer-

1887 372 69 31 tainly
1970 380 53 23 very
2036 375 102 28 superior
2150 380 21 17 to
2183 384 43 21 any
2240 385 30 14 we
2284 377 42 23 had
2340 380 128 29 previously

1887 413 52 15 seen
1960 406 91 23 dressed
2073 407 29 30 by
2124 408 137 30 machinery.
2310 411 49 22 The
2381 413 87 22 sixteen

1888 444 49 17 tons
1950 439 34 21 for
1997 439 71 22 which
2081 448 27 14 an
2127 440 63 23 order
2212 449 50 22 may
2274 443 27 21 be
2315 444 47 22 said
2376 449 21 17 to
2410 444 58 23 h.ive

1889 471 54 22 been
1955 472 66 28 given
2042 472 43 23 will
2106 473 135 30 sufficiently
2262 480 44 18 test
2326 476 35 22 the
2385 478 83 23 machi-

1888 511 53 23 nery
1952 513 6 18 ;
1978 504 43 23 and
2034 505 17 22 if
2070 505 45 23 Mr.
2131 505 76 30 Ryder
2219 507 80 24 should
2312 509 97 29 produce
2421 511 48 22 that

1887 538 104 28 quantity
2009 537 65 31 equal
2087 543 22 17 to
2129 538 35 23 his
2183 539 92 31 sample,
2290 548 32 15 we
2335 549 50 22 may
2399 544 69 21 confi-

1887 570 75 29 dently
1974 571 122 29 anticipate
2110 571 47 23 that
2174 571 38 23 the
2224 573 77 23 article
2314 574 44 22 will
2371 582 54 15 soon
2440 577 26 21 be

1887 603 109 29 exported
2009 604 21 21 in
2045 604 61 29 large
2119 605 129 28 quantities.

1921 635 49 23 The
1985 637 97 29 meeting
2095 637 50 23 held
2166 643 21 17 at
2200 638 36 22 the
2256 638 105 31 Literary
2373 639 97 25 Institu-

1889 669 45 21 tion
1948 676 26 14 on
1989 668 107 32 Tuesday
2108 670 50 27 last,
2179 676 20 17 to
2219 678 101 23 promote
2341 673 38 22 the
2391 679 79 25 export

1887 700 25 23 of
1927 700 52 27 flax,
1994 709 48 15 was
2055 702 49 23 well
2120 704 112 22 attended.

1921 733 46 23 Mr.
1992 733 59 29 Fox,
2072 743 28 15 on
2120 735 67 31 being
2206 736 70 23 called
2296 742 23 17 to
2339 738 39 22 the
2398 740 70 27 chair,

1890 767 72 22 stated
1973 766 49 24 that
2035 768 47 23 Mr.
2097 768 77 30 Ryder
2193 769 42 23 had
2249 770 120 23 succeeded
2383 772 21 22 in
2418 780 51 22 pre-

1889 801 78 28 paring
1985 800 45 23 flax
2050 801 30 29 by
2092 802 137 29 machinery,
2251 803 72 22 which
2342 811 45 16 was
2399 813 69 22 gene-

1888 832 55 30 rally
1957 832 99 24 believed
2070 839 21 17 to
2104 834 27 23 be
2148 842 52 23 very
2214 837 101 28 superior
2328 842 22 17 to
2362 845 44 22 any
2418 846 51 22 pre-

1889 866 84 30 viously
1988 866 111 30 produced
2119 873 22 17 at
2154 876 13 14 a
2186 869 111 23 moderate
2315 871 68 29 price.
2421 871 47 24 Mr.

1888 898 97 30 Ryder's
2005 901 130 29 machinery
2148 909 43 14 was
2212 903 21 22 in
2254 910 11 14 a
2287 904 110 29 complete
2411 911 57 16 state

1889 933 31 21 for
1932 933 108 30 working,
2054 933 47 28 but,
2120 935 33 21 for
2172 940 57 17 want
2242 936 24 22 of
2282 937 89 29 cvipital,
2386 937 25 22 he
2424 945 45 14 was

1888 965 79 22 unable
1987 972 22 16 to
2031 966 101 30 proceed,
2158 967 84 30 though
2263 969 61 22 tliete
2347 977 44 14 was
2413 970 55 22 little

1887 998 68 22 doubt
1968 999 39 22 but
2020 1006 12 14 a
2045 999 86 23 market
2144 1001 72 29 might
2225 1001 26 22 be
2263 1001 68 23 found
2345 1003 33 21 for
2390 1011 12 13 a
2416 1010 52 15 con-

1887 1031 109 22 siderable
2007 1032 101 30 quantity
2117 1033 21 22 in
2150 1032 36 23 the
2196 1034 164 30 neighbouring
2372 1035 97 24 colonies

1888 1064 17 22 if
1920 1072 13 14 a
1943 1064 65 23 stock
2022 1065 63 22 could
2108 1065 26 23 be
2154 1065 53 32 kept
2219 1074 28 15 on
2261 1068 66 22 hand.
2365 1068 37 22 An
2414 1069 55 23 ofFer

1887 1097 42 22 had
1943 1097 55 23 been
2011 1098 64 23 made
2088 1099 28 29 by
2127 1099 37 22 the
2178 1106 81 17 master
2270 1101 24 22 of
2305 1109 12 14 a
2329 1101 71 23 vessel
2414 1102 54 23 then

1887 1132 21 21 in
1921 1135 55 26 port,
1991 1132 71 22 which
2083 1132 42 22 had
2139 1133 94 29 brought
2246 1133 68 31 sheep
2326 1133 57 23 from
2399 1135 67 23 New-

1887 1164 76 28 castle,
1986 1169 21 18 to
2030 1165 49 22 load
2101 1166 52 22 with
2172 1166 24 28 it,
2216 1166 43 23 lud
2283 1175 13 14 a
2319 1175 67 22 cargo
2411 1169 57 23 been

1887 1198 74 28 ready.

1921 1231 46 22 Mr.
1988 1230 79 31 Ryder
2089 1231 113 24 exhibited
2223 1233 106 31 samples,
2353 1234 46 23 and
2421 1235 48 23 said

1887 1264 47 22 that
1943 1264 28 22 he
1984 1264 73 28 could,
2070 1264 51 23 with
2132 1265 34 23 his
2178 1271 90 24 present
2281 1267 111 28 machine,
2405 1268 64 23 dress

1887 1302 40 17 two
1941 1302 50 17 tons
2011 1297 86 30 weekly
2107 1307 6 19 ;
2132 1299 41 22 but
2193 1299 48 22 that
2261 1299 26 23 he
2300 1300 44 23 had
2356 1302 113 22 sufficient

1886 1338 74 23 power
1972 1336 21 17 to
2004 1330 61 23 drive
2083 1332 128 30 machinery
2223 1337 21 17 to
2258 1337 51 18 turn
2322 1340 38 17 out
2371 1335 61 30 eight
2445 1342 24 15 or

1886 1368 37 18 ten
1935 1368 50 18 tons
1998 1372 13 14 a
2023 1364 71 23 week.
2120 1364 49 23 The
2179 1366 60 29 price
2253 1371 21 17 at
2286 1366 35 23 his
2334 1368 49 23 mill
2396 1368 73 23 would

1885 1397 27 23 be
1922 1397 53 23 £10
1988 1405 13 14 a
2013 1401 38 19 ton
2065 1398 125 29 unpacked.

1917 1430 66 23 After
1996 1438 62 15 some
2078 1431 132 29 discussion,
2224 1440 13 15 a
2249 1433 123 24 resolution
2386 1438 21 19 to
2421 1434 46 23 this

1885 1464 64 22 effect
1962 1471 43 16 was
2018 1464 80 23 moved
2112 1464 29 30 by
2152 1465 45 23 Mr.
2212 1466 107 29 Stafford,
2333 1468 43 22 and
2389 1475 80 15 secon-

1884 1497 41 23 ded
1947 1497 29 30 by
1997 1497 47 23 Mr.
2064 1497 122 24 Ottersonf
2221 1499 61 22 That
2301 1509 12 13 a
2336 1501 94 23 number
2447 1501 23 23 of

1884 1538 101 22 persons,
1996 1537 40 16 not
2046 1530 46 23 less
2104 1530 53 24 than
2168 1532 69 29 eight,
2248 1540 65 22 agree
2324 1539 22 17 to
2360 1534 52 23 take
2425 1539 36 17 tw<

1884 1568 49 18 tons
1946 1563 61 28 each,
2023 1563 43 23 and
2089 1565 98 22 advance
2207 1565 54 23 cash
2280 1572 23 17 at
2324 1567 38 22 the
2380 1573 48 17 rate
2445 1567 25 24 of

1883 1598 35 22 £1
1932 1605 14 14 a
1958 1602 45 18 ton.
2041 1597 55 23 Two
2115 1602 51 18 tons
2186 1603 21 18 to
2227 1599 27 22 be
2270 1600 113 23 delivered
2396 1606 22 18 at
2432 1601 37 23 the

1884 1631 42 22 end
1939 1630 21 23 of
1978 1631 55 22 each
2045 1631 63 23 week
2129 1636 23 18 to
2164 1639 42 15 one
2224 1632 24 22 of
2265 1633 36 22 the
2314 1634 92 29 parties,
2419 1634 49 23 who

1883 1663 79 23 should
1984 1663 55 23 then
2051 1672 44 22 pay
2109 1664 34 23 his
2164 1666 125 31 remaining
2418 1667 50 23 The

1883 1697 94 23 number
2007 1697 25 23 of
2058 1706 94 22 persons
2181 1700 103 29 required
2312 1700 156 31 immediately

1883 1738 62 15 came
1957 1731 102 27 forward,
2073 1731 44 22 and
2127 1732 37 22 the
2175 1739 159 23 arrangement
2346 1741 45 15 was
2404 1742 62 15 com-

1882 1763 81 30 pleted.
1967 1776 33 4 —
2002 1763 87 24 Nelson
2106 1763 133 30 Exuminer,
2251 1765 59 24 June
2326 1767 37 23 12.

2037 1834 163 25 ZEALAND

1471 1313 179 23 ABSTRACT
