3426 4370
394 40 3022 50 THE

394 90 1209 313 OXFORD
1804 90 1612 313 OBSERVER

1119 430 183 54 AND
1376 422 588 61 CANTERBURY
2035 424 498 68 DEMOCRAT,

1256 540 522 39 OIROXJIi-A.TING
1853 541 520 37 THROTTGKKOTTT

1699 712 228 30 Established
1972 713 90 29 1889.

31 859 137 31 Volumn
189 859 45 31 VI
246 859 102 31 —No.
389 858 107 32 NEW
513 858 156 32 SERIES.

1212 857 108 32 EAST
1343 856 187 36 OXFORD,
1554 854 246 39 SATURDAY,
1821 855 258 32 SEPTEMBER
2096 858 52 35 15,
2173 859 88 29 1894.

2910 861 225 33 Pbioe—ONE
3171 863 155 32 PENNY.

2879 1012 51 37 G.
2956 1013 49 37 E.
3035 1012 347 44 WEYLANDT,

2990 1074 111 27 FAMILY
3118 1075 147 27 BUTCHER.

2899 1120 158 39 EAST
3088 1122 264 40 OXFORD.

2938 1183 119 26 Families
3067 1185 91 24 waited
3166 1193 67 23 upon
3243 1185 76 32 daily.

2964 1301 301 32 ASTOUNDING!

2921 1357 69 26 CAN
3027 1358 82 26 THIS
3137 1359 45 24 BE
3213 1359 113 26 TEUE?

2952 1444 63 24 YES,
3028 1444 20 20 A
3062 1444 135 21 DECIDED
3208 1446 83 20 FACT.

2852 1517 100 30 NEW
2961 1518 140 31 YEAKS
3114 1519 276 31 CONCESSION.

2879 1599 52 77 C.
2975 1600 60 76 I.
3080 1577 284 102 fANMG

2851 1704 81 20 Royal
3116 1709 41 21 j?*S.
3283 1715 2 3 '
3321 1707 63 19 Vice

2851 1764 50 14 AND
2958 1755 16 19 P=
2974 1741 320 49 *Hi^^^^^^^^?-
3312 1760 83 20 BeGAI.

2942 1811 359 33 PHOTOGRAPHEE.

2852 1892 42 21 BY
2931 1892 126 21 SPECIAL
3077 1893 3 4 '
3094 1892 222 21 APPOINTMENT
3353 1893 40 21 TO

2986 1924 81 20 EARL
3071 1924 39 20 OP
3120 1924 133 20 ONSLOW.

2857 1991 38 17 11/
2900 1988 58 23 ILL,
2974 1987 91 26 During
3080 1987 41 21 the
3145 1987 84 21 Month
3247 1987 24 21 of
3288 1988 105 27 Januarj

2861 2008 30 28 VV
2928 2015 60 26 only,
2994 2015 60 20 1894
3062 2015 65 20 Issue
3136 2015 27 20 to
3171 2015 41 20 the
3221 2015 87 20 Public.

2998 2048 87 31 ONE
3105 2048 147 31 DOZEN

2853 2095 30 22 Of
2890 2096 38 21 his
2942 2096 190 27 Widely-known,
3148 2095 248 27 Superiorly-finished,

3046 2128 48 21 and
3111 2128 90 27 Highly

2853 2162 190 21 ENAMELLED
3099 2162 134 20 CABINET
3279 2161 112 22 PHOTO-

2854 2194 121 21 GRAPHS
2988 2194 39 20 AT
3036 2194 64 19 THE
3108 2194 142 20 NOMINAL
3264 2194 138 29 CHARGE^

3108 2230 36 15 OF.
3218 2242 2 2 -
3377 2225 25 20 '■■■&'■

3090 2264 66 30 15s.

2852 2345 172 21 DUPLICATE
3040 2346 119 20 ORDERS
3174 2346 40 20 AT
3231 2346 63 20 THE
3311 2344 87 22 SAMS.

3082 2378 86 22 RATE.

2878 2445 49 20 The
2935 2445 82 20 Public
3026 2451 39 14 are
3080 2445 95 20 advised
3192 2446 25 19 to
3235 2444 61 21 avail
3314 2444 75 21 them-

2851 2477 73 20 selves
2942 2477 24 19 of
2984 2477 48 19 this
3050 2477 147 25 opportunity
3215 2476 25 19 of
3269 2476 122 26 obtaining

2851 2510 124 26 high-class
2984 2510 61 21 work
3054 2511 26 20 at
3088 2510 56 21 such
3151 2517 15 13 a
3174 2509 115 21 moderate
3299 2509 93 26 charge.

2851 2585 175 23 REMEMBER
3035 2585 61 21 FOR
3105 2585 61 21 ONE
3176 2585 111 21 MONTH
3299 2585 92 21 ONLY.

2877 2644 49 21 The
2932 2644 54 21 vast
2994 2644 131 26 experience
3141 2643 108 22 obtained
3261 2643 31 27 by
3306 2643 86 21 C.H.M

2851 2679 24 20 m
2884 2679 40 21 the
2932 2679 156 21 innumerable
3097 2679 112 20 branches
3223 2678 24 21 of
3257 2679 40 20 the
3308 2678 82 26 photo-

2851 2713 95 27 graphic
2954 2714 38 20 art
3001 2713 85 26 during
3097 2713 37 20 his
3142 2712 86 21 Indian
3237 2712 46 21 and
3292 2712 98 21 Austra-

2851 2748 38 20 ian
2907 2747 93 24 travels,
3014 2747 47 21 and
3079 2747 39 20 the
3139 2747 116 24 thorough
3274 2747 117 25 apprecia-

2851 2781 49 20 tion
2909 2780 29 26 by
2946 2781 40 20 the
2995 2780 94 26 general
3106 2780 77 25 public
3196 2779 25 20 of
3235 2780 41 19 the
3288 2785 70 18 same,
3367 2779 22 20 is

2851 2815 110 21 sufficient
2977 2815 124 26 guarantee
3109 2814 54 20 that
3182 2813 32 21 all
3231 2813 62 21 work
3310 2813 82 21 issued;

2851 2849 60 20 from
2916 2849 37 20 his
2963 2849 85 20 Atelier
3055 2848 44 20 will
3106 2848 28 20 be
3143 2848 24 20 of
3174 2848 40 20 the
3220 2847 95 25 highest
3321 2847 70 21 order
3396 2869 4 1 .

2945 2909 38 36 C,
3007 2904 299 44 tt,M*HYiINQ/

2878 2965 80 21 WILL
2970 2964 41 21 DO
3020 2964 53 21 HIS
3084 2964 72 21 OWN
3165 2963 198 22 OPERATIONS.

2852 3029 81 20 Studio
2933 3038 29 5 —
2962 3029 40 19 150
3010 3028 106 20 Colombo
3125 3028 78 23 street,
3223 3025 170 22 Christchurch.

3016 3059 157 27 Telephone—
3171 3059 43 20 No.
3224 3059 46 20 592.

2897 3159 54 32 R.-
2991 3158 56 33 H.
3092 3155 260 36 PARISH,

2983 3218 100 29 Easfe
3106 3213 160 33 Oxford-

2856 3277 46 18 one
2915 3269 28 26 of
2953 3269 41 24 the
3005 3269 94 30 largest
3109 3268 146 27 purchasers
3271 3266 28 23 m
3309 3264 87 26 North

3032 3305 152 31 Canterbury
3201 3304 24 24 of

2855 3347 188 28 EBWABDB,
3066 3344 193 25 BJENtfETTS
3273 3344 19 28 $•
3315 3343 85 24 CO.'S

3057 3386 73 26 Slock
3147 3385 27 25 of

2898 3429 457 41 DBAPBBY

2858 3514 60 25 Will
2939 3513 31 24 he
2993 3512 54 25 sold
3070 3511 79 24 below
3172 3510 132 25 wholesale
3330 3509 66 24 cost.

2887 3597 211 41 BUREELL
3115 3594 245 41 BROTHERS-

2934 3646 376 35 PHOTOGRAPHERS

2854 3702 66 19 Have
2923 3701 107 20 removed
3033 3702 25 18 to
3061 3705 62 14 more
3128 3698 152 20 commodious
3283 3697 116 25 premises

2966 3730 165 29 VICTOKIA
3149 3728 137 28 STREET

2855 3784 118 33 Opposite
2996 3783 129 25 Salvation
3153 3780 79 32 Army
3263 3779 133 25 Barracks.

2888 3818 58 23 And
2956 3825 42 16 are
3010 3816 77 31 doing
3106 3813 151 25 Enamelled
3276 3813 120 24 Cabinets

2854 3857 38 24 for
2902 3856 44 32 8/6
2955 3862 45 25 per
3010 3855 88 24 dozen.
3123 3854 77 24 Great
3210 3851 190 32 Photographic

2855 3893 127 31 Surprise-
3027 3892 54 24 One
3110 3892 24 23 oi
3157 3890 44 24 the
3223 3890 94 28 largest
3340 3895 60 18 ever

2854 3932 155 26 introduced.
3054 3931 76 25 From
3153 3929 63 27 Dec.
3238 3928 71 25 11th.
3330 3927 69 27 until

2854 3973 42 25 the
2907 3972 62 25 New
2981 3972 75 24 Year.
3091 3971 55 24 One
3156 3970 91 24 Dozen
3264 3968 69 32 large
3344 3968 54 25 size

2854 4012 147 25 Enamelled
3017 4012 96 24 Photo?
3125 4011 38 25 for
3178 4010 53 32 15/-
3244 4010 75 24 usual
3328 4008 71 32 price

2855 4052 37 27 £1
2905 4053 55 23 10s.
2996 4052 93 24 Secure
3102 4058 16 17 a
3136 4050 99 31 deposit,
3257 4048 78 26 ticket
3356 4050 44 23 for

2854 4090 43 33 2/6
2908 4097 57 18 now
2979 4090 85 37 ready.
3099 4090 64 24 This
3181 4089 23 25 is
3224 4088 42 25 the
3288 4088 110 30 greatest

2854 4130 100 26 wonder
2964 4131 27 25 of
3008 4130 46 26 the
3076 4139 56 24 age.
3166 4130 79 24 Don't
3261 4128 64 25 miss
3346 4127 54 26 thi»

2854 4172 101 24 chance,

2886 4210 168 26 BURBELL
3068 4210 191 29 BROTHERS

3135 4250 201 33 Photographer*

2975 4299 112 25 Victoria
3103 4299 90 31 Street,
3210 4300 165 26 Cbristcbura

2458 997 116 26 GREAT
2605 998 86 27 SALE

2563 1044 31 16 OF

2312 1069 209 33 TEWELLRY,
2557 1073 179 28 WATCHES,
2770 1075 72 24 DIA-

2290 1098 2 10 '
2304 1105 24 22 O
2470 1105 99 25 MOND
2587 1106 122 31 GOODS,

2307 1140 129 26 SILVER
2453 1142 72 25 AND
2547 1144 286 27 ELECTRO-PLATE

2305 1178 47 26 AT
2370 1179 22 25 A
2410 1179 174 27 DISCOUNT
2608 1183 44 24 OF
2669 1185 29 22 4s
2715 1184 38 25 IN
2770 1184 72 25 THE

2404 1219 126 30 POUND,
2544 1221 68 25 FOR
2624 1221 22 25 A
2664 1223 78 26 FEW

2456 1260 125 26 WEEKS
2591 1261 100 26 ONLY.

2340 1301 115 30 £10,000
2473 1303 74 25 value
2558 1305 27 24 to
2597 1305 76 24 select
2695 1305 67 26 from
2782 1307 26 25 at

2291 1360 82 67 ,M.
2436 1364 34 44 S
2475 1364 366 49 ANDSTEDT

2315 1438 109 22 DIRECT
2438 1440 153 25 IMPOETEE,
2620 1442 207 22 WATCHMAKER

2450 1477 59 19 AND
2525 1477 164 25 JEWELLER,

2302 1510 114 23 CASHEL
2431 1513 40 20 ST.
2492 1514 87 24 WEST,
2603 1514 231 22 OHEISTCHUECa

2443 1614 166 25 Established
2622 1616 74 24 1862.

2325 1685 31 22 M.
2368 1686 162 22 SANDSTEIN
2540 1688 41 21 has
2596 1689 117 26 appointed
2721 1689 45 21 Mb.
2775 1690 25 22 B.
2811 1690 29 22 H.

2296 1718 83 22 Parish
2394 1726 25 15 as
2435 1721 36 20 his
2486 1722 80 21 Oxford
2580 1722 105 26 AGENT,
2699 1724 48 21 who
2763 1725 44 20 will
2816 1726 25 20 at

2297 1757 43 18 any
2349 1752 54 20 time
2412 1759 94 18 procure,
2521 1759 28 14 on
2565 1754 149 27 approbation,
2733 1757 107 24 Watches,

2297 1783 83 26 Clocks,
2390 1785 44 21 and
2443 1787 116 25 Jewellery,
2579 1793 24 14 or
2619 1787 35 21 his
2667 1788 81 21 Oxford
2763 1789 77 21 clients

2299 1818 22 19 to
2331 1818 65 21 select
2409 1819 65 25 from,
2485 1821 23 19 at
2519 1820 36 21 the
2573 1826 60 16 same
2642 1821 58 27 price
2716 1828 24 16 as
2748 1823 92 26 charged

2297 1851 22 19 at
2329 1851 37 19 the
2376 1851 154 22 Christchurch
2539 1853 181 22 Establishment.

2342 1904 58 41 M,
2446 1905 336 40 SANDSTEIN

2446 1962 112 21 OASHEL
2571 1963 119 26 STEEET,

2387 2004 361 30 CHRISTCHURCH.

2318 2098 262 46 WALTEE
2641 2101 179 46 EYDE.

2405 2192 118 21 TIMBER
2547 2194 178 23 MERCHANT.

2379 2258 120 33 WEST
2572 2261 184 42 OXFOKD.

2299 2348 222 60 ROBERT
2605 2352 231 71 FISHER,

2332 2425 178 29 GENERAL
2537 2428 266 28 STOREKEEPER

2297 2473 97 45 Teas,
2434 2473 134 46 Coffees,
2606 2475 131 44 Cocoas,
2770 2475 70 38 and

2402 2520 145 39 General
2569 2521 184 39 Groceries-

2349 2571 147 32 WEST
2560 2572 225 31 OXFORD.

2453 2681 232 45 DRINK

2333 2750 184 39 ETSLOF
2532 2750 123 39 PUBE
2676 2750 102 39 TEA.

2301 2806 71 34 The.
2380 2806 93 31 finest
2486 2806 54 31 the
2554 2806 106 31 World
2677 2807 159 40 produces.

2302 2860 75 31 Sold
2387 2862 45 38 by
2461 2860 51 30 Mr
2526 2860 36 30 F.
2578 2862 39 28 A.
2647 2861 190 35 Waterman,

2341 2905 81 30 East
2434 2905 129 34 Oxford.

2303 2957 52 29 Mr
2374 2957 34 29 R.
2425 2956 120 36 Fisher,
2563 2956 89 31 West
2666 2956 131 30 Oxford.

2301 3001 51 30 Mr
2366 3001 111 30 Alfred
2490 3003 73 34 Lee,
2586 3001 128 30 Oxford.

2302 3049 49 30 Mr
2366 3050 37 29 E.
2419 3049 50 30 W.
2500 3048 129 40 Cooper,
2659 3048 88 37 Oust,
2777 3049 61 30 and

2342 3108 95 29 many
2457 3097 111 30 others.

2305 3184 29 72 g
2359 3184 53 38 Ml
2413 3180 429 76 ANNra&gfjOfflFANY

2504 3267 139 23 LIMITED.

2333 3326 272 26 CHRISTCHURCH
2624 3325 186 25 BREWERY.

2536 3385 63 20 THE

2453 3426 115 33 .a.:l
2586 3425 95 33 jes

2437 3469 131 21 BREWED
2578 3468 41 21 BY
2633 3467 71 21 THIS

2394 3508 310 35 COMI^ISr
2711 3507 53 33 V

2496 3561 84 21 FEOM
2589 3561 63 20 THE

2419 3654 46 21 Are
2474 3654 176 26 acknowledged
2659 3655 25 19 to
2692 3655 29 20 be

2301 3693 150 21 SUPERIOR
2459 3694 37 19 IN
2506 3693 138 21 QUALITY
2653 3693 39 20 TO
2699 3693 66 19 ANY
2770 3693 74 19 PRO-

2368 3723 103 20 DUCED
2484 3723 36 19 IN
2534 3722 75 20 NEW
2622 3722 151 20 ZEALAND.

2328 3759 110 27 Supplied
2443 3760 26 20 to
2472 3759 82 21 Hotels
2560 3758 46 21 and
2613 3758 94 21 Private
2713 3759 129 21 Customers

2300 3787 25 20 m
2333 3786 145 26 Hogsheads,
2489 3786 99 24 Barrels,
2600 3786 140 24 Kilderkins,
2750 3786 46 20 and
2806 3787 36 19 10-

2299 3813 89 27 --gallons
2399 3813 63 26 Kegs
2472 3813 61 26 only.

2300 3864 119 41 PALE
2443 3863 92 41 ALE
2558 3863 95 41 AND
2683 3863 159 41 EXTRA

2494 3914 135 40 STOUT

2384 3965 94 22 Bottled
2500 3966 25 20 m
2535 3965 85 25 Quarts
2630 3965 47 21 and
2685 3965 73 21 Pints.

2332 4024 264 76 SMITH
2624 4023 59 77 &
2709 4024 108 93 Co.,

2309 4121 71 25 THE
2391 4121 158 26 LEADING
2557 4121 120 25 FRAME
2687 4121 141 26 MAKERS

2301 4162 121 21 CORNER
2441 4161 144 22 COLOMBO
2605 4161 18 21 &
2642 4161 200 23 GLOUCESTER

2356 4193 141 22 STREETS.
2543 4194 243 23 CHRISTCHURCH.

2386 4231 53 25 The
2446 4231 118 32 cheapest
2572 4231 62 33 shop
2641 4232 28 25 m
2677 4233 86 25 Town;

2335 4274 138 32 Importers
2485 4274 26 25 of
2521 4274 153 33 Mouldings,
2693 4276 82 30 Glass.
2789 4277 53 25 En-

2401 4314 117 31 gravings
2540 4315 51 25 and
2620 4315 123 26 Pictures.

1737 1032 2 15 ,
1796 992 452 43 SADDLEHY.

1752 1071 81 53 H.
1860 1071 63 55 J.
1941 1072 343 56 LAMING

1847 1150 349 35 SADDLER

1737 1198 1 14 i
1987 1195 64 21 AM)

1753 1231 290 39 HARNESS
2079 1233 205 38 MAKER

1899 1283 72 24 Neap.
1990 1283 150 29 Saleyakds,

1786 1325 47 41 O
1857 1326 66 41 2Z
1947 1326 198 41 FOB,
2169 1327 46 41 D
2242 1355 14 13 .

1736 1407 2 4 ■
1749 1399 88 25 Orders
1850 1400 51 24 and
1917 1400 106 32 Eepairs
2033 1400 127 33 promptly
2172 1402 112 24 executed

1736 1446 2 36 J
1913 1445 27 23 at
1950 1444 87 24 lowest
2049 1446 75 22 rates.

1736 1505 2 39 :
1853 1508 144 40 HORSE
2021 1507 165 41 COVERS

1737 1559 113 54 ;made
1862 1560 37 39 to
1916 1560 102 39 Order
2033 1560 70 40 and
2117 1561 167 50 Repaired

1736 1627 2 18 :
1764 1621 22 23 A
1800 1620 76 25 Stock
1888 1621 27 24 of
1925 1621 82 24 Horse
2020 1621 122 25 Medicine
2155 1630 33 16 on
2197 1622 75 28 hand,

1825 1661 162 23 SOLOMON'S
2004 1662 150 22 SOLUTION
2168 1665 36 19 &c.

1769 1725 55 44 E.
1847 1725 58 44 R.
1922 1726 345 46 ALLPRESS
2283 1729 2 56 ;

1858 1796 135 27 Consulting
2002 1797 45 21 and
2054 1797 91 27 Family
2150 1798 106 25 Chemist,

1938 1830 57 25 239.
2009 1828 91 27 Cashel
2111 1830 82 26 Street
2207 1830 77 30 West,

1736 1867 2 38 J
1916 1888 3 4 .
2006 1868 278 27 GHEISTCHUBCH.

1856 1905 9 33 (
1872 1905 67 25 Next
1948 1906 108 24 Zetland
2067 1907 75 25 Arms
2154 1907 78 26 Hotel
2239 1909 11 32 )

1736 1969 2 11 i
1750 1955 40 27 (34
1799 1961 66 20 years
1880 1955 132 26 experience
2026 1956 25 20 at
2060 1956 73 20 Home
2142 1956 47 21 and
2204 1962 25 15 m
2244 1956 40 21 the

1959 1987 116 28 Colonies)

1774 2019 39 20 Mr
1821 2019 102 25 Allpress
1933 2019 55 26 begs
2004 2020 25 20 to
2037 2020 82 21 tender
2131 2020 37 21 his
2183 2020 101 26 grateful]

1736 2051 2 12 1
1748 2051 83 21 thanks
1840 2052 25 20 to
1873 2051 37 21 his
1923 2057 121 15 numerous
2053 2051 82 22 clients
2144 2052 140 27 throughout

1747 2084 143 25 Canterbury
1898 2084 36 20 for
1943 2084 41 21 the
1993 2086 94 24 support
2094 2085 76 20 -which
2176 2086 42 19 has
2227 2086 57 19 been

1748 2117 138 22 vouchsafed
1902 2118 25 20 to
1947 2117 49 22 him
2011 2117 83 28 during
2114 2119 41 21 the
2178 2118 106 22 nineteeni

1747 2157 66 20 years
1821 2152 30 21 he
1860 2152 42 20 has
1911 2151 105 22 followed
2024 2152 37 21 his
2077 2152 125 27 profession
2211 2152 26 21 m
2245 2153 39 20 the

1748 2185 115 24 Province,
1889 2185 47 19 and
1948 2185 91 26 finding
2060 2187 21 19 it
2104 2186 123 20 incumben
2235 2187 12 19 t
2260 2187 24 19 to

1748 2218 119 21 centralize
1886 2218 37 19 his
1936 2218 104 21 business
2054 2219 26 20 m
2103 2219 65 20 order
2181 2220 25 19 to
2228 2220 56 25 keep

1747 2251 49 21 him
1809 2251 26 21 m
1847 2252 71 20 touch
1932 2252 54 21 with
2002 2253 36 20 his
2058 2253 129 26 supporters
2201 2253 26 20 m
2244 2253 40 21 the

1737 2285 1 27 \
1748 2284 153 28 surrounding
1910 2285 96 27 country
2013 2285 108 25 districts,
2129 2285 30 21 he
2165 2285 42 21 has
2214 2285 70 22 taken

1748 2319 40 21 the
1797 2319 71 21 above
1877 2320 109 25 premises
1997 2320 73 20 where
2087 2320 31 20 he
2126 2320 50 20 will
2183 2321 30 19 be
2230 2320 54 26 glad

1747 2353 25 20 to
1781 2353 86 20 receive
1878 2352 37 21 his
1924 2352 87 21 friends
2020 2354 130 24 personally
2163 2360 25 13 or
2197 2354 87 20 receive

1747 2385 62 20 their
1818 2384 77 20 orders
1910 2390 41 20 per
1962 2385 59 25 post.
2049 2385 43 20 His
2111 2385 62 20 Well
2190 2385 94 23 Known,

1747 2416 68 21 Tried
1839 2416 45 21 and
1906 2416 122 27 Approved
2051 2415 118 22 Remedies
2196 2416 37 21 for
2253 2416 31 21 all

1748 2444 82 21 classes
1840 2443 25 21 of
1881 2443 106 21 Diseases
1997 2449 38 14 are
2044 2449 50 15 now
2103 2450 25 14 so
2138 2444 51 21 well
2202 2444 82 21 known

1748 2477 25 14 as
1791 2472 25 19 to
1829 2470 59 21 need
1908 2477 30 14 no
1955 2470 91 21 further
2068 2470 101 23 mention
2194 2472 26 21 m.
2237 2471 47 21 this

1736 2513 2 3 .
1748 2498 136 25 necessarily
1895 2498 65 19 short
1969 2497 186 20 advertisement.

1774 2524 21 20 A
1804 2523 45 20 full
1856 2524 63 25 price
1928 2524 50 20 List
1987 2524 22 19 of
2018 2524 33 20 all
2059 2524 37 19 his
2105 2524 91 20 various
2214 2524 70 20 Rem-

1748 2550 61 21 edies
1818 2557 43 14 can
1870 2550 28 21 be
1908 2550 47 21 had
1964 2550 56 21 Post
2032 2550 57 21 Free
2098 2556 29 14 on
2140 2551 144 26 application,

1748 2578 46 20 and
1806 2584 83 20 among
1904 2578 64 21 them
1976 2577 90 21 besides
2075 2577 65 21 those
2150 2578 23 20 of
2182 2585 15 13 a
2204 2578 80 26 purely

1749 2604 97 21 Medical
1866 2605 121 20 Character
2005 2604 48 21 will
2069 2605 28 20 be
2115 2604 73 21 found
2203 2605 79 25 Horse,

1748 2632 75 21 Cattle
1838 2632 46 21 and
1900 2632 51 26 Dog
1966 2632 132 23 Medicines,
2114 2632 21 20 of
2153 2631 131 21 undoubted

1737 2676 1 12 L
1749 2659 90 25 efficacy
1847 2659 103 24 together
1964 2659 55 20 with
2033 2659 21 20 A
2070 2659 60 20 Host
2139 2659 23 20 of
2171 2660 113 20 Domestic

1750 2686 103 21 Utilities
1863 2686 74 21 Toilet
1950 2686 160 25 Preparations
2119 2686 18 20 &
2147 2686 137 26 Perfumery.

1776 2713 38 20 Mr
1823 2712 101 26 Allpress
1934 2712 85 21 invites
2034 2713 151 25 applications
2199 2712 37 21 for
2250 2712 34 21 his

1749 2740 51 21 List
1808 2740 46 21 and
1870 2740 46 21 will
1929 2740 57 21 send
1995 2740 57 21 Free
2061 2740 24 20 of
2094 2746 96 20 expence
2199 2746 30 14 on
2238 2746 46 14 rec-

1750 2768 49 24 eipt
1808 2768 22 19 of
1840 2767 56 20 Five
1906 2768 106 24 shillings
2022 2767 46 20 and
2079 2767 102 25 upwards
2193 2767 23 19 m
2227 2768 57 24 post-

1750 2793 23 20 al
1781 2794 66 19 notes
1858 2799 25 14 or
1891 2793 66 20 order
1967 2799 46 19 any
2019 2793 79 20 article
2106 2793 82 20 named
2197 2793 87 20 therein

1750 2820 57 21 sxich
1816 2820 66 21 order
1896 2827 52 20 may
1959 2821 104 20 emanate
2077 2820 57 21 from
2145 2826 42 15 one
2195 2825 89 21 person,

1749 2853 25 15 or
1783 2848 28 21 be
1821 2848 65 21 made
1894 2854 32 20 up
1935 2854 83 20 among
2027 2847 137 27 neighbours
2174 2848 49 20 who
2235 2854 49 19 may

1737 2876 1 13 L
1750 2875 83 26 depute
1852 2881 42 15 one
1907 2875 24 21 of
1946 2875 62 20 their
2020 2876 96 19 nximber
2127 2876 25 19 to
2166 2876 66 19 make
2247 2875 37 20 the

1749 2902 140 24 remittance,
1898 2902 87 20 receive
1989 2902 40 21 the
2038 2901 70 27 goods
2112 2901 45 20 and
2167 2902 117 20 distribute

1749 2929 41 20 the
1800 2935 61 14 same
1870 2935 30 14 on
1910 2929 91 20 arrival.

1748 2962 78 25 Agent
1835 2961 37 21 for
1881 2961 87 21 Oxford
1976 2961 49 21 and'
2025 2961 99 21 District
2131 2961 36 20 Mr
2174 2961 26 21 B.
2209 2961 75 21 Keats.

1798 3021 190 54 Money
2002 3024 54 40 to
2079 3021 153 43 Lend.

1805 3108 18 29 I
1837 3107 80 30 have
1946 3118 113 29 money
2087 3112 33 25 to
2148 3108 72 29 lend
2256 3109 28 28 m

1750 3149 86 39 large
1861 3157 34 21 or
1924 3149 92 29 small
2045 3158 84 20 sums
2167 3159 31 19 to
2227 3149 57 30 suit

1750 3190 179 30 Borrowers
1960 3194 33 26 at
2021 3189 109 31 lowest
2163 3194 121 26 current

1749 3235 92 25 rates.

1830 3269 193 33 WILLIAM
2046 3269 156 39 HOBAN,

1925 3311 190 28 SOLICITOR,

1783 3350 49 23 204
1844 3349 122 24 Hereford
1977 3348 39 24 St.
2030 3348 197 25 Christchukbh
2239 3349 45 24 and

1960 3385 111 25 Kaiapoi.

1737 3459 164 60 ''THE
1924 3482 127 36 RED
2066 3481 206 38 HOUSE
2277 3483 7 16 5

1736 3530 2 30 I
1888 3533 74 20 under
1971 3533 40 20 the
2021 3533 122 20 Verardah

1737 3561 1 35 [
1750 3571 40 19 109
1809 3570 106 21 Colombo
1934 3570 64 20 Sreet
2027 3569 242 22 CHEISTCHUKCH.

1799 3606 157 39 JOHN
1995 3606 236 39 WILSON

1737 3679 1 8 k
1749 3659 99 21 General
1856 3659 89 22 Dealer,
1960 3659 126 20 Furniture
2095 3659 90 26 Broker,
2197 3659 18 20 &
2220 3660 64 21 Hotel

1804 3697 117 20 Valuator.
1960 3697 148 19 Established
2118 3698 29 18 20
2155 3697 79 20 Tears.

1750 3749 61 20 John
1821 3747 88 21 Wilson
1915 3748 114 20 embraces
2039 3747 38 20 the
2088 3748 91 24 present
2185 3749 99 25 opportu-

1752 3775 50 26 nity
1811 3775 24 20 to
1848 3774 76 21 thank
1933 3774 37 20 his
1981 3775 130 25 supporters
2120 3774 37 20 for
2165 3775 62 21 their
2237 3782 47 14 cus-

1751 3802 46 20 tom
1807 3801 49 21 and.
1861 3803 126 25 patronage
1999 3801 47 20 and
2061 3808 90 14 assures
2162 3801 65 22 them
2235 3803 49 19 that

1750 3836 26 14 as
1784 3830 25 20 m
1818 3829 41 20 the
1865 3830 54 23 past
1927 3829 30 20 he
1971 3829 22 19 is
2004 3828 111 25 prepared
2122 3829 25 19 to
2157 3829 82 26 supply
2247 3829 37 20 the

1736 3870 2 3 .
1750 3857 52 19 best
1811 3855 124 19 Furniture
1946 3855 44 23 &c,
2004 3855 37 19 &c
2058 3855 25 19 at
2098 3855 73 25 prices
2185 3856 61 25 fully
2261 3857 23 18 20

1750 3888 41 20 per
1799 3881 54 21 cent
1861 3881 45 20 less
1913 3880 59 21 than
1981 3880 112 20 hitherto.

1805 3919 60 19 John
1887 3918 89 21 Wilson
2003 3918 45 18 will
2072 3917 92 20 furnish
2184 3924 15 13 a
2218 3918 66 20 house

1750 3944 137 26 throughout
1894 3944 37 19 for
1940 3944 53 23 .£2O,
2023 3943 61 21 John
2093 3943 89 21 Wilson
2191 3944 48 21 will
2246 3945 38 20 sell

1750 3979 45 19 you
1809 3979 14 13 a
1846 3971 116 21 Duchesse
1985 3970 71 21 Chest
2064 3970 112 21 Drawsers
2187 3970 36 21 for
2236 3970 48 28 50/-.

1778 3998 59 21 John
1846 3998 88 22 Wilson
1953 3997 47 20 will
2020 3997 42 20 sell
2080 4003 46 20 you
2141 4003 15 14 a
2174 3998 71 21 Chest
2265 3999 19 20 of

1751 4027 103 20 Drawers
1863 4025 35 20 for
1908 4023 51 25 20/-.
1967 4045 2 2 .
2001 4024 60 21 John
2070 4024 90 21 Wilson
2182 4025 46 20 will
2247 4026 37 19 sell

1737 4057 2 5 ■
1750 4059 46 20 you
1824 4052 89 19 Double
1940 4051 54 19 Iron
2018 4050 127 20 Bedsteads
2175 4051 39 20 for
2227 4052 4 3 '
2237 4051 47 27 25/-.

1752 4079 82 26 Spring
1844 4078 132 20 Mattresses
1985 4076 45 28 25/-
2040 4076 122 22 Palliasses
2173 4083 44 20 any
2225 4078 59 25 price

1751 4112 46 21 you
1809 4106 53 19 liice.
1900 4104 145 26 Everything
2059 4104 70 25 cheap
2145 4103 139 29 Everything

1752 4133 57 28 goed
1818 4132 47 21 and
1873 4139 46 19 you
1929 4137 42 15 can
1985 4131 41 27 get
2035 4131 138 26 everything
2181 4132 60 21 from
2249 4132 35 21 the

1752 4160 73 22 useful
1833 4160 63 21 little
1905 4159 80 20 needle
1999 4159 25 20 to
2042 4158 41 21 the
2101 4159 127 25 proverbial
2251 4166 33 15 an-

1750 4189 60 19 ch«r.

1736 4231 2 9 ,
1750 4215 63 21 THE
1830 4214 63 20 BED
1907 4212 111 22 HOUSE.
2040 4212 40 19 109
2090 4211 105 22 Colombo
2205 4212 79 22 Street.

1737 4231 1 24 I
1915 4240 80 21 JOHN
2011 4238 128 21 WILSON.

1776 4268 125 22 Furniture
1909 4266 105 27 Bought,
2037 4265 50 21 sold
2122 4272 25 13 or
2173 4267 91 21 exchaa.

1750 4294 63 24 Sales
1828 4294 110 21 attended
1946 4293 34 21 on'
1985 4292 149 22 commission.

1200 999 176 45 JOHN
1448 997 283 55 INGRAM,

1184 1152 2 8 ,
1202 1129 105 26 LICENCED
1327 1129 58 25 LAND
1396 1128 93 29 BROKER,
1504 1128 126 29 VALUATOR,
1645 1128 86 29 ESTATE;

1215 1161 132 29 INSURANCE,
1359 1161 14 24 &
1384 1161 100 25 GENERAL
1494 1160 139 26 COMMISSION
1644 1160 80 25 AGENT.

1199 1196 67 25 Agent
1271 1197 37 24 for
1318 1197 34 19 the
1360 1196 105 20 National
1473 1196 113 20 Insurance
1598 1195 104 26 Company
1717 1199 14 20 o)

1376 1228 50 19 Neio
1440 1227 103 20 Zealand.

1221 1259 172 31 OXFORD
1415 1261 29 27 &
1468 1258 253 31 SHEFFIELD.

1449 1315 61 21 «*»-_:
1510 1324 36 5 —
1546 1324 14 5 _

1198 1364 149 26 Fortnightly
1357 1364 98 21 Auction
1466 1364 63 21 Sales
1538 1363 56 22 held
1602 1364 24 20 m
1631 1364 41 21 the
1679 1364 52 20 Mar-

1198 1400 41 20 ket
1248 1399 75 20 Yards
1333 1399 129 24 OXFORD,
1474 1405 69 19 every
1552 1398 82 21 second
1653 1399 78 19 Thurs-

1199 1431 50 26 day.
1265 1430 108 26 Monthly
1383 1430 64 21 Sales
1456 1430 56 21 held
1522 1431 24 20 at
1555 1430 91 21 Markeb
1654 1430 77 24 Yards,

1199 1462 180 20 SHEFFIELD.
1441 1462 94 20 Private
1553 1463 101 19 Auction
1673 1462 58 20 Sales

1197 1494 143 20 undertaken
1350 1500 46 19 any
1404 1494 54 25 pai-t
1468 1493 24 20 of
1501 1493 40 21 the
1552 1494 103 25 country.
1682 1493 49 21 Pro-

1197 1526 64 26 perty
1273 1526 100 26 Bought,
1383 1525 59 23 Sold,
1452 1531 26 14 or
1487 1525 48 21 Let.
1548 1525 47 20 and
1602 1525 129 21 Valuations

1197 1560 110 27 carefully
1316 1560 73 21 made.
1420 1559 66 21 Land
1494 1560 106 27 Brought
1609 1560 73 20 under
1695 1560 36 21 the

1197 1595 106 20 Transfer
1312 1594 51 24 let,
1393 1594 127 25 Transfers,
1534 1594 89 26 Leases,
1638 1594 18 20 &
1661 1594 70 20 Deeds

1197 1627 22 19 of
1228 1627 134 25 Mortgages
1377 1627 77 19 dra^n
1463 1632 37 20 up.
1538 1625 85 27 Money
1632 1627 99 19 invested

1183 1664 2 11 i
1197 1657 47 20 and
1252 1658 109 19 obtained
1370 1658 35 19 for
1414 1657 87 20 Clients
1510 1663 29 14 on
1549 1657 129 25 Mortgage.
1698 1656 33 21 In-

1230 1694 95 16 surance
1343 1688 97 21 effected
1456 1694 30 14 on
1495 1688 125 27 Buildings
1630 1688 23 20 of
1662 1694 46 21 any

1273 1721 144 26 description,
1427 1721 46 20 and
1482 1721 63 20 their
1554 1721 111 20 contents.

1197 1759 59 19 HAS
1270 1759 57 19 FOB
1341 1758 72 21 SALE
1430 1757 38 21 BY
1484 1758 125 19 PRIVATE
1623 1758 108 19 TREAT'S

1223 1795 21 20 A
1252 1795 57 25 good
1326 1795 158 26 Agricultural
1493 1794 45 20 and
1547 1794 105 20 Pastoral
1667 1794 64 20 Farm

1197 1827 131 25 containing
1339 1828 39 19 522
1388 1833 63 15 acres
1461 1827 113 21 Freehold
1581 1826 17 20 &
1604 1828 42 19 240
1656 1827 75 21 Lease-

1197 1861 54 21 hold
1259 1863 26 19 at
1293 1861 65 21 View
1367 1861 51 21 Hill
1427 1861 152 21 devidedinto
1590 1863 26 18 12
1621 1861 110 27 paddocks

1197 1896 51 21 well
1256 1896 100 21 watered
1364 1895 80 21 within
1454 1895 28 27 4£
1491 1896 66 21 miles
1566 1895 60 21 from
1634 1896 97 26 Railway

1198 1929 98 24 Station,
1312 1928 140 20 substantial
1472 1929 12 19 5
1494 1928 92 20 roomed
1604 1928 75 20 House
1697 1934 34 14 sur

1183 1971 2 10 i
1197 1961 102 21 rounded
1312 1961 33 26 by.
1351 1968 15 13 a
1374 1961 51 20 nice
1434 1961 138 26 plantation,
1581 1961 65 27 large
1657 1961 74 20 Stable

1197 1995 46 21 and
1252 1996 40 20 out
1303 1995 57 21 heds
1369 1995 96 21 thereon
1465 2006 27 3 —
1492 1995 62 27 price
1563 2001 57 21 very
1627 1994 49 21 low.

1226 2044 40 20 150
1283 2044 70 20 Acres
1371 2044 24 20 at
1413 2044 66 23 View.
1496 2044 50 19 Hill
1564 2043 44 21 and
1626 2043 105 27 complete

1198 2075 110 22 Saw-mill
1315 2076 73 27 plant,
1394 2076 92 25 Horses,
1495 2076 108 20 Bullocks
1610 2077 43 20 etc.

1386 2110 63 21 Price
1471 2110 68 21 .£750.

1225 2145 41 19 308
1276 2144 70 20 Acres
1356 2144 117 27 adjoining
1482 2145 41 19 the
1533 2145 81 24 above.

1359 2178 65 21 Price
1442 2183 56 20 very
1515 2178 51 20 low.

1294 2230 34 20 On
1338 2230 92 21 account
1440 2231 22 19 of
1473 2230 35 21 Mr
1523 2231 123 20 Allpress.

1226 2273 41 21 His
1277 2279 50 21 very
1336 2274 50 21 nice
1396 2274 114 21 residence
1520 2274 98 26 opposite
1629 2274 38 21 the
1680 2274 51 20 Par-

1197 2312 82 20 sonage
1286 2307 57 21 East
1348 2307 85 21 Oxford
1439 2307 34 21 for
1480 2307 47 21 sale
1537 2314 56 20 vary
1599 2307 78 26 cheap,
1687 2306 44 22 half

1198 2345 51 14 acre
1258 2339 24 20 of
1291 2339 61 25 land,
1362 2339 57 25 good
1429 2340 93 26 garden.

1184 2373 1 16 !

1183 2437 2 4 ■
1287 2423 37 21 On
1334 2423 98 21 account
1440 2423 24 21 of
1473 2423 37 21 Mr
1519 2422 35 22 W.
1565 2422 79 22 Munn.

1183 2463 2 30 [
1225 2467 43 20 His
1289 2465 59 28 Shop
1367 2467 46 19 and
1431 2466 128 26 Dewelling
1577 2465 77 22 House
1680 2467 51 21 with

1197 2503 49 20 half
1255 2509 51 15 acre
1315 2504 22 19 of
1346 2503 55 20 land
1411 2509 29 14 on
1459 2503 40 20 the
1509 2503 96 20 Terrace
1614 2503 67 21 West
1692 2503 39 20 Ox-

1184 2537 1 7 '
1198 2540 58 21 ford.
1285 2540 21 21 A
1315 2540 49 21 real
1372 2540 104 26 bargain.

1263 2627 35 19 On
1308 2627 96 20 accotint
1414 2627 25 19 of
1447 2627 38 19 Mr
1494 2627 28 20 D.
1536 2627 136 26 Thompson.

1226 2669 11 20 1
1248 2675 51 15 acre
1309 2669 23 20 of
1341 2669 66 21 Land
1416 2669 56 21 with
1491 2669 98 26 Cottage
1599 2669 95 21 thereon
1712 2669 19 20 m

1199 2706 91 20 Church
1301 2706 73 20 Street
1383 2712 50 14 now
1442 2707 26 19 m
1477 2706 134 27 occupation
1621 2706 22 21 of
1653 2707 37 20 Mr
1700 2707 31 20 W.

1198 2743 107 21 Osborne.

1183 2863 2 28 I
1223 2869 133 21 WANTED
1371 2869 24 20 to
1406 2869 70 21 Lease
1486 2875 15 15 a
1510 2869 66 21 small
1585 2869 73 26 Dairy
1668 2870 63 20 Farm

1197 2902 60 21 from
1266 2902 27 19 40
1302 2902 24 19 to
1340 2902 39 19 100
1384 2907 70 14 acres.

1228 2984 46 21 For
1287 2984 137 27 particulars
1438 2984 71 26 apply
1524 2985 23 19 to

1198 3037 194 32 JOHN
1423 3036 308 33 INGRAM

1254 3207 261 26 CALEDONIAN
1533 3207 147 27 HOUSE.

1196 3268 220 45 JAMES

1278 3325 84 26 BOOT.
1380 3325 85 26 SHOE.
1482 3326 25 25 &
1522 3325 132 26 SLIPPER-

1330 3356 265 30 Manufacturer,

1299 3400 119 31 WEST
1452 3400 181 31 OXFOED.

1197 3452 48 22 Has
1256 3459 29 14 on
1294 3452 63 21 hand
1366 3458 13 14 a
1388 3452 105 27 splendid
1500 3453 133 19 assortment
1640 3452 24 20 of
1669 3452 62 20 Boots

1197 3486 44 20 and
1252 3485 70 20 Shoes
1331 3483 67 21 made
1418 3490 29 14 on
1457 3484 39 20 the
1505 3484 107 25 premises
1632 3484 25 20 at
1666 3483 65 26 prices

1196 3516 53 20 that
1259 3516 53 26 defy
1321 3515 152 26 competition.
1503 3515 61 25 Boys
1572 3515 81 20 School
1660 3515 71 25 Boots,

1196 3548 58 20 back
1264 3554 72 14 seams
1346 3547 46 21 and
1400 3547 65 21 front
1473 3546 64 20 hand
1544 3552 67 18 sewn,
1618 3546 85 21 cannot
1708 3546 23 21 be

1196 3579 127 26 surpassed.
1355 3579 70 20 Men's
1434 3579 50 20 best
1490 3578 150 25 watertights,
1651 3579 80 24 pegged

1197 3610 50 28 15/-.
1286 3610 100 26 Bespoke
1409 3610 143 25 department
1574 3609 106 25 carefully
1704 3609 27 20 at-

1195 3642 70 22 tende
1295 3643 30 21 to.
1355 3642 40 22 Fit
1413 3641 47 21 and
1478 3641 172 28 Workmanship
1668 3641 63 21 Guar-

1183 3669 2 24 I
1195 3674 89 23 anteed.
1312 3675 94 26 Repairs
1414 3674 79 25 neatly
1502 3674 48 20 and
1556 3674 116 27 promptly
1681 3674 50 21 done

1195 3708 26 19 at
1228 3707 133 21 reasonable
1369 3707 74 26 prices

1206 3760 92 21 Branch
1311 3758 195 22 Establishment:
1522 3758 60 20 Near
1600 3757 68 20 Town
1678 3756 53 21 Hall

1183 3786 2 15 l
1385 3785 58 21 East
1452 3784 93 22 Oxford.

1249 3965 76 38 GK
1379 3963 317 46 SMITH,

1200 4027 87 44 ZING,
1312 4026 69 38 TIN,
1406 4026 64 37 AND
1494 4024 117 40 SHEET,
1637 4024 94 38 STEEL

1407 4089 138 23 WOKKER

1184 4137 1 30 ;
1234 4128 88 42 High
1346 4127 113 40 Street,
1482 4127 80 31 East
1585 4127 127 31 Oxford.

1200 4232 42 25 All
1252 4231 73 26 kinds
1338 4231 28 26 of
1379 4232 97 31 Pumps
1487 4230 79 25 Fixed
1577 4232 23 23 &
1616 4231 115 32 Repaired

1315 4276 28 23 at
1353 4274 45 26 the
1411 4274 110 25 shortest
1532 4274 92 25 notice.

87 89 26 32 0
141 90 21 32 B

84 182 24 16 K.
140 176 20 19 P
211 186 6 4 •
255 172 26 22 PS

83 212 23 25 £
139 217 20 18 3
193 223 22 14 <N
255 219 25 20 fe

82 297 75 39 H3
192 311 23 14 *
254 304 25 35 B

197 369 18 11 «
252 348 26 43 a

78 404 25 29 fc
134 409 21 19 o
189 398 23 15 w
252 409 26 24 2°

76 436 79 53 6a
188 456 25 29 a
250 435 28 45 3

75 555 78 28 2*
187 546 25 28 s
249 542 27 22 *

74 572 28 28 2
132 564 22 45 §
185 576 25 15 «
247 579 29 22 e<

73 638 28 37 a
130 632 21 57 1

72 715 27 24 GQ

196 1369 104 82 J.
399 1367 617 89 LOUGH,

162 1491 163 28 BUILDEE,
370 1489 247 30 UNDERTAKER,
666 1487 274 27 WHEELWRIGHT
974 1487 75 24 ETC.

40 1565 66 27 %I&
111 1562 132 25 TISHES
261 1566 25 21 to
309 1562 77 32 notify
409 1564 26 23 to
457 1563 40 23 the
514 1562 81 32 public
610 1562 54 25 that
687 1561 33 24 he
741 1561 20 24 is
773 1560 131 32 appointed
923 1560 82 32 Agent
1022 1560 38 24 for
1078 1559 39 24 the

31 1651 259 43 WALTER
309 1653 55 50 A.
388 1651 228 44 WOOD'S
638 1652 243 43 Reapers
899 1650 33 41 &
952 1649 224 45 Binders

259 1750 217 43 Mowers
508 1750 100 42 and
638 1748 184 44 Rakes.

149 1846 61 21 ALL
236 1844 119 22 EXTRAS
382 1844 59 21 FOR
468 1842 98 22 THESE
593 1841 158 23 MACHINES
779 1840 82 21 KEPT
888 1840 35 21 IN
953 1839 101 22 STOCK.

28 1927 52 23 also
95 1926 37 23 W.
147 1925 29 23 A.
189 1925 102 23 Wood's
303 1924 92 24 Binder
406 1923 84 25 Twine
502 1923 50 24 and
563 1922 42 31 oil,
618 1922 139 28 Valvoline,
770 1920 94 28 Castor,
877 1920 88 24 Boiled
973 1920 21 23 &
1004 1919 61 24 Raw
1073 1917 103 26 Linseed

28 1969 48 29 Oil,
94 1968 120 31 Building
231 1966 128 26 Materials
382 1966 49 24 and
454 1966 189 30 Ironmongery
652 1964 28 25 of
696 1971 72 24 every
786 1962 150 32 description
949 1963 27 24 at
996 1962 96 24 Lowest
1104 1961 72 24 Rates

526 2008 80 31 Agent
623 2007 38 25 for

273 2063 63 21 THE
363 2062 205 22 MANCHESTER
595 2060 175 22 INSURANCE
799 2059 152 22 COMPANY.

121 2198 427 88 Infant's
638 2194 455 87 Powders

231 2323 87 34 FOR
338 2320 229 36 CHILDREN
600 2317 201 36 CUTTING
830 2317 154 34 TEETH

71 2370 91 29 Have
177 2368 115 40 proved
308 2376 57 21 one
380 2367 33 30 of
426 2368 55 28 the
496 2368 138 38 greatest
648 2365 98 29 boons
770 2373 72 20 ever
856 2362 186 30 introduced
1070 2365 32 25 to
1131 2361 45 29 the

29 2421 120 41 public.
195 2420 88 40 They
297 2428 52 20 are
366 2417 137 40 charged
517 2416 96 40 solely
634 2415 75 31 with
725 2424 18 20 a
771 2413 116 41 special
922 2412 202 41 preparation
1153 2411 23 30 oi

29 2472 82 30 mine
127 2482 68 20 own
216 2470 61 30 and
294 2481 52 19 are
362 2469 189 40 guaranteed
567 2467 152 40 perfectly
744 2465 162 30 harmless.
966 2464 129 30 Fathers
1124 2463 52 30 and

28 2523 139 30 Mothers
183 2522 36 30 of
229 2521 157 30 hundreds
401 2521 30 28 of
446 2519 134 30 families
595 2516 194 32 recommend
805 2516 85 29 them
915 2515 77 30 with
1007 2514 169 31 confidence

29 2585 33 19 as
78 2575 92 39 being
185 2573 100 40 ample
296 2575 33 26 to
343 2581 124 20 remove
478 2570 42 29 all
532 2570 51 29 the
595 2568 146 39 ordinary
754 2568 238 37 derangements
1007 2565 71 31 that
1094 2576 82 19 occui

31 2617 114 38 during
158 2615 159 29 dentition.

29 2700 123 40 THEY
168 2699 97 39 COOL
279 2698 90 39 THE
389 2696 128 45 GUMS,

116 2750 196 41 COMPORT
334 2749 89 39 THE
461 2747 140 40 CHILD.
649 2744 143 40 CHECZ
816 2741 283 45 COTVULSOBrS,

357 2806 94 39 AUD
466 2803 185 41 RENDER
673 2800 221 41 TEETHING
908 2799 129 52 QUITE
1051 2797 125 40 EASY.

71 2872 100 30 These
186 2871 143 30 Genuine
345 2869 147 30 Powders
508 2879 52 18 are
574 2867 34 30 m
623 2877 55 20 use
693 2866 42 39 by
750 2865 43 28 all
808 2863 110 30 classes
934 2862 32 30 of
981 2861 125 41 society,
1124 2862 52 29 and

31 2917 31 28 m
78 2915 42 29 all
134 2916 87 36 parts
236 2912 32 29 of
276 2911 76 30 New
369 2909 146 30 Zealand.

330 2959 61 26 Sold
403 2959 27 24 m
442 2959 81 23 Boxes
536 2956 147 31 containing
696 2956 31 22 12
739 2954 111 30 powders
864 2952 37 33 1/-

112 3038 364 26 «GhTJ.A.ie.A.3sra:EEX)
492 3034 308 23 pebpbotly
821 3031 300 21 :hla_:e&:m:xi:e]SS-

27 3076 60 24 Post
99 3076 51 22 free
162 3077 25 21 to
200 3081 48 23 aay
259 3074 55 29 part
326 3071 27 24 of
363 3071 61 23 New
436 3068 110 24 Zealand
553 3075 33 16 on
598 3066 147 24 remittance
755 3064 27 24 of
793 3064 45 31 1/-.
897 3062 124 31 Prepared
1033 3062 47 24 and
1091 3061 53 25 sold
1152 3061 24 32 by

427 3111 116 32 JOHN
567 3109 29 32 S.
622 3108 147 36 COOKE,

378 3161 147 34 Registered
558 3158 212 27 Pharmacentieal
787 3158 121 28 Chemist,

722 3198 111 26 Cashel
859 3198 117 30 Street,

854 3232 279 26 OHRISTCHUECH.

201 3278 614 42 CQIsrGTJT/FATIOISrS
854 3277 195 33 CRISIS

183 3366 119 84 A.
366 3363 89 89 J.
556 3361 481 96 WHITE,

175 3497 393 47 FURNISHING
675 3492 392 47 WAREHOUSE

407 3592 486 47 CHRISTCHURCH.

34 3676 27 26 Is
77 3675 46 26 the
148 3674 81 34 depot
247 3673 88 26 -where
358 3680 55 26 you
438 3679 49 18 can
509 3679 45 18 see
574 3671 47 25 the
642 3669 110 35 Largest
781 3669 83 27 Stock
891 3668 30 25 m
953 3667 70 27 New
1067 3667 109 26 Zealand

440 3716 27 26 of
487 3716 38 26 all
545 3716 79 25 kinds
636 3716 28 25 of
673 3724 5 15 :
680 3729 37 4 —

29 3770 280 56 CARPETS,
360 3765 442 55 FLOORCLOTHS,
824 3761 352 47 LINOLEUMS

120 3862 206 52 CHINA,
360 3860 202 53 GLASS,
603 3858 495 52 EARTHENWARE,

377 3955 358 46 FURNITURE
769 3956 81 44 &c.

28 4057 57 43 at
127 4052 53 45 A.
221 4052 42 44 J.
294 4050 127 45 W/S
480 4062 104 32 YOU
636 4061 102 33 CAN
788 4061 214 33 DEPEND
1052 4059 124 31 UPON

29 4142 105 35 THE
170 4140 129 35 BEST
330 4138 166 36 GOODS
527 4137 68 34 AT
626 4137 108 33 THE
765 4136 216 34 LOWEST
1000 4135 176 35 PRICES

85 4210 169 45 Steam
275 4205 213 45 Cabinet
509 4204 101 44 and
629 4203 307 56 Upholstery
953 4201 193 44 Works

352 4285 77 43 St.
468 4283 179 45 Asaph
676 4283 218 45 Street.
