3530 4550
48 225 70 28 THE
149 219 112 29 CHEAP
286 213 122 28 MONEY
428 211 153 28 SCHEME.

82 315 38 23 Wl
132 314 70 24 ether
212 317 89 23 money
312 308 22 24 is
346 308 26 23 to
390 306 31 24 be
440 306 144 23 considered

48 366 30 18 as
88 356 91 30 having
191 361 32 17 an
233 351 112 26 intrinsic
367 349 83 27 value,
463 354 27 17 or
503 354 27 17 as
541 345 42 26 be-

48 403 43 29 ing
100 408 15 16 a
126 396 157 32 commodity,
292 402 15 16 a
314 390 126 29 standard,
449 398 15 16 a
473 396 111 18 measure

49 451 29 17 or
94 451 15 15 a
120 441 85 31 pledge
213 446 53 16 -as
278 437 22 24 is
311 435 124 30 variously
452 432 133 31 suggested

49 488 34 29 by
94 484 123 26 writers—
219 481 50 24 and
280 478 110 27 -whether
401 477 42 24 the
464 477 56 23 true
530 474 54 24 idea

49 528 27 25 of
86 533 87 24 money
174 539 32 4 —
207 531 28 17 as
247 522 60 25 sueh
309 535 32 4 —
341 521 31 23 be
383 521 46 22 not
449 518 137 30 altogether

50 570 56 25 that
119 569 24 23 of
155 575 15 17 a
181 566 75 26 ticket
265 573 27 16 or
299 562 120 26 counter?

84 610 121 26 Whether
216 609 20 24 it
244 608 62 24 doth
316 607 46 23 not
372 605 64 23 have
448 602 78 25 much
540 602 44 23 im-

50 657 56 31 port
120 656 25 23 to
167 654 64 23 have
254 660 15 15 a
296 649 68 32 right
393 646 146 31 conception
562 644 26 24 of

49 706 92 23 money
148 698 11 23 ?
172 696 51 25 and
231 694 112 26 whether
353 692 33 24 its
398 692 55 23 true
473 688 51 25 and
532 687 54 32 just

50 743 56 25 idea
117 741 31 25 be
159 741 44 23 not
221 738 55 26 that
289 736 26 26 of
324 743 15 18 a
358 734 76 25 ticket
446 740 27 16 or
484 733 102 22 counter

50 785 117 30 entitling
176 785 25 21 to
213 788 88 25 power,
321 778 50 25 and
382 776 73 25 fitted
466 776 25 23 to
503 773 83 25 record

52 829 48 25 and
115 826 104 26 transfer
232 824 91 32 power?

84 870 119 25 Whether
221 874 80 26 power
312 867 26 23 to
350 862 133 26 command
493 860 44 25 the
548 860 37 22 in-

53 915 86 28 dustry
151 912 26 24 of
188 912 83 23 others
294 910 30 23 be
344 909 45 22 not
400 905 52 25 real
474 903 90 25 wealth
574 903 12 23 ?

52 957 51 25 and
114 955 111 26 whether
240 960 87 22 money
350 949 31 24 be
400 949 45 23 not
466 947 28 23 m
516 945 71 24 truth

50 999 91 26 tickets
153 1006 27 17 or
189 997 86 25 tokens
296 994 36 25 for
344 991 134 32 conveying
490 989 48 24 and
549 996 37 16 re-

52 1043 103 30 cording
167 1040 59 25 such
238 1046 82 24 power
329 1037 11 23 ?
363 1036 50 24 and
433 1032 112 26 whether
567 1031 20 24 it

52 1086 32 24 be
97 1085 25 24 of
133 1085 69 30 great
214 1086 167 25 consequence
386 1078 68 24 what
462 1074 125 26 materials

55 1128 45 26 the
111 1128 88 24 tickets
212 1133 39 17 are
263 1123 72 25 made
348 1121 42 25 of?

89 1171 120 25 Whether
221 1168 78 28 trade,
312 1166 79 25 either
402 1163 95 31 foreign
508 1170 28 16 or
547 1161 43 24 do-

54 1215 94 28 mestic,
160 1213 29 24 be
200 1213 27 23 m
240 1211 67 25 truth
320 1217 47 20 any
380 1215 67 17 more
466 1206 63 24 than
540 1204 49 24 this

53 1261 134 18 commerce
200 1251 26 25 of
231 1250 134 29 industry?

89 1297 120 24 Whether
219 1299 25 20 to
263 1293 118 32 promote,
406 1288 111 29 transfer,
541 1286 47 25 and

54 1349 85 17 secure
148 1339 50 24 this
209 1343 136 19 commerce
357 1334 49 24 and
414 1332 50 25 this
473 1331 115 31 property

54 1385 24 23 m
96 1384 95 22 human
203 1380 94 27 labour,
310 1387 35 17 or,
358 1377 25 23 m
405 1375 72 23 other
499 1373 89 34 words,

53 1427 53 25 this
118 1432 80 25 power
210 1424 30 24 ba
250 1425 44 22 not
306 1422 43 24 the
357 1420 51 24 sole
419 1425 87 18 means
513 1417 26 25 of
546 1424 41 17 en-

54 1470 97 29 riching
163 1476 15 15 a
189 1466 85 32 people
294 1464 47 25 and
353 1463 56 25 how
420 1462 39 24 far
470 1462 49 23 this
530 1467 58 23 may

54 1514 30 23 be
97 1512 60 23 done
169 1508 191 31 independently
372 1505 26 25 of
407 1505 58 31 gold
485 1504 48 23 and
546 1502 41 24 sil-

52 1563 41 17 ver
103 1556 12 22 ?

88 1596 121 26 Whether
221 1603 14 15 a
247 1592 111 26 national
377 1598 119 22 currency
509 1588 79 25 would

54 1644 45 23 not
111 1641 30 24 be
155 1647 68 17 more
245 1635 130 27 beneficial
398 1634 62 24 than
482 1639 63 18 even
574 1639 14 16 a

54 1683 143 33 goW-mine,
212 1681 49 24 and
272 1679 112 25 whether
392 1677 55 23 that
456 1676 30 23 be
493 1678 43 21 not
545 1674 43 24 the

52 1731 56 21 true
119 1723 178 34 philosopher's
314 1723 70 23 stone
407 1719 26 24 m
463 1726 14 16 a
501 1718 71 24 State
581 1725 5 21 ;

51 1771 50 25 and
124 1769 109 25 whether
250 1765 102 31 'money
381 1763 82 26 would
486 1770 56 16 ever
560 1762 28 23 be

50 1814 112 30 wanting
174 1815 26 21 to
212 1812 41 23 the
266 1808 117 26 demands
396 1807 26 24 of
440 1806 115 30 Industry
567 1805 21 22 if

50 1865 38 17 we
100 1857 63 23 have
176 1863 14 15 a
202 1853 112 25 national
325 1850 66 24 bank
402 1850 12 22 ?

348 1894 95 24 Bishop
459 1891 126 24 Berkley.

1188 62 174 32 OXFORD
1406 57 226 35 OBSERVER
1677 50 241 38 SATURDAY,
1965 39 252 39 SEPTEMBER
2232 38 52 36 15,
2300 37 90 30 1894.

2940 4267 105 25 Printed
3069 4266 53 25 and
3158 4266 139 25 Published
3325 4267 33 30 Ly
3393 4267 88 25 Lauija

2974 4304 83 24 Annie
3079 4304 103 29 Parish,
3207 4304 28 24 at
3257 4302 47 25 her
3335 4303 147 32 Registered

2973 4346 118 33 Printing
3102 4346 86 30 Office;
3211 4346 69 32 Hig-b
3306 4346 91 26 Street,
3421 4347 64 25 East

2974 4389 102 27 Oxford.
3086 4387 164 35 Canterbury.

2974 4431 130 27 Saturda*
3122 4430 151 27 September
3281 4431 75 29 15th,
3374 4431 74 28 1894,

2987 170 417 67 A.P.TIJTTON,

2963 243 231 32 AUCTIONEER,
3238 244 195 28 VALUATOR,

2932 282 107 26 GRAIN
3078 284 71 25 AND
3184 284 162 26 PRODUCE
3383 283 87 26 MER-

2947 322 124 31 CHANT,
3083 324 71 25 AND
3172 324 135 26 ESTATE
3320 324 128 25 AGENT.

3028 402 192 32 AUCTION
3236 402 131 32 SALES

3190 458 31 17 OP

2930 489 87 24 LIVE
3033 489 110 25 STOCK
3155 489 43 25 AT
3212 489 259 25 THERANGIORA

2965 528 144 25 MARKET
3121 529 119 25 EVERY
3262 529 174 25 TUESDAY.

2932 603 97 25 Private
3040 604 66 25 Sales
3116 607 65 22 most
3189 604 131 33 efficiently
3329 604 143 25 conducted.

2933 681 82 31 Agent
3027 682 40 24 for
3078 682 42 25 the
3138 682 79 27 South
3233 682 92 25 British
3343 683 132 24 Insurance

2933 714 134 33 Company.

3083 755 30 24 A.
3122 755 29 24 P.
3163 755 146 30 TUTTON,

3116 794 153 29 Auctioneer,
3283 796 51 29 <fee,
3342 795 131 33 Rangioia.
3483 800 22 15 '*

2924 830 36 13 ';
3046 825 25 36 '■'
3121 877 2 2 .
3169 865 3 2 ■
3357 823 19 47 '■'
3452 820 53 52 '*

2937 993 57 47 K.
3031 994 52 47 H.
3132 993 310 47 CEBEEHAN

2937 1079 5 4 .
2996 1064 131 21 PAINTEE
3139 1065 58 19 AND
3210 1065 179 25 DECOEATOB,

2937 1095 126 25 WRITER,
3083 1095 135 24 GBAINER,
3238 1096 110 21 GILDER
3367 1098 50 24 &0.,
3428 1098 43 21 &C.

3038 1131 114 32 EAST
3189 1130 181 35 OXFORD.

3084 1317 252 47 JNTOTICB.
3398 1343 5 2 ■

2937 1444 99 45 Job
3054 1440 236 60 Printing
3302 1445 10 43 !

3110 1523 102 43 Job
3231 1522 245 56 Printing

2980 1605 174 31 OXFORD
3212 1604 225 32 OBSERVER

3020 1657 162 38 Machine
3212 1656 181 49 Printing-

3116 1707 169 40 WORKS

3003 1758 91 26 MAIN
3106 1759 144 29 STREET,
3261 1759 149 25 OXFORD.

3004 1838 66 29 T7*
3072 1834 62 25 INE
3186 1836 215 37 T>RINTING

2946 1943 3 3 .
2979 1919 38 30 In
3031 1919 75 41 Any
3133 1919 129 40 Variety
3277 1930 36 19 or
3338 1919 97 40 Style.

3019 2022 165 30 Memorial
3201 2021 108 39 Cards,

3022 2063 52 40 (m
3099 2074 71 21 new
3197 2064 62 30 and
3287 2064 105 31 chaste

3018 2105 126 39 designs
3179 2104 45 41 5/-
3234 2116 58 29 per
3313 2106 67 29 doz.
3391 2104 12 40 )

3020 2152 177 30 Statement
3214 2152 118 35 Heads,

3020 2191 71 31 Ball
3105 2192 227 39 Programmes.

3020 2234 136 35 Posters,
3171 2233 187 36 Handbills,;

2985 2280 18 21 -4
3019 2274 170 37 Billheads,
3213 2270 159 44 Cheques^

3022 2316 107 30 Letter
3143 2316 60 30 and
3214 2315 80 31 Note
3307 2316 107 30 Heads

3021 2356 168 37 Circulars,
3212 2356 120 35 Menus,

3022 2397 195 40 Catalogues,
3233 2398 54 29 &c.
3299 2396 76 40 ,&c,
3400 2398 57 29 &c.

2938 2445 89 39 Hew
3041 2446 122 48 Styles
3177 2445 38 38 m
3229 2445 166 49 Visiting
3407 2444 70 39 and

3055 2535 167 40 Business
3238 2533 117 40 Cards.
3457 2528 26 47 V

2939 2621 42 29 R..
2999 2621 42 29 H.
3063 2620 121 34 Parish,
3243 2620 189 39 Proprietor.

3022 2671 66 30 The
3106 2669 182 33 NEWEST
3314 2669 164 32 STYLES

2939 2723 32 30 m
2983 2722 204 32 TYPESand
3198 2721 280 37 ORNAMENTS,

2939 2764 62 29 and
3022 2765 55 28 the
3110 2765 109 28 Latest
3257 2765 223 37 Typographic

2939 2805 161 29 Novelties
3116 2814 52 20 are
3179 2804 181 39 constantly
3361 2807 6 14 ;
3385 2804 95 39 being

2938 2843 100 32 added
3053 2848 33 27 to
3101 2845 55 31 the
3170 2845 99 40 plant,
3282 2845 103 30 which
3395 2845 28 30 is
3435 2845 43 30 al-

2938 2887 96 38 ready
3050 2897 77 29 very
3142 2887 161 37 complete.

2939 3689 142 66 Iwish'to
3091 3689 87 25 inform
3201 3696 41 24 my
3262 3687 92 25 Oxford
3380 3686 93 25 friends

2993 3723 50 24 and
3065 3723 44 25 the
3129 3722 102 33 general
3247 3720 90 25 Public
3361 3720 58 24 that
3430 3727 43 24 my

2937 3763 127 31 Rangiora
3085 3763 115 25 business
3222 3762 46 24 has
3290 3760 129 26 increased
3446 3762 27 22 to

2938 3803 62 26 such
3011 3812 34 16 an
3056 3805 85 24 extent
3151 3804 54 25 that
3215 3803 16 25 I
3241 3802 67 26 shall
3326 3802 32 25 be
3385 3800 90 26 unable
3485 3802 5 3 '

2937 3845 27 25 to
2986 3844 59 26 visit
3057 3843 89 27 Oxford
3170 3843 77 26 untill
3266 3842 97 26 further
3382 3842 91 25 notice.

2937 3882 43 25 All
2996 3883 69 25 work
3088 3884 56 24 sent
3160 3883 34 31 by
3206 3882 115 24 Griffiths
3334 3881 67 27 Bro.,
3415 3880 59 24 Car-

2937 3922 71 29 riers,
3031 3922 50 26 will
3103 3922 95 26 receive
3219 3922 102 31 prompt
3341 3920 133 25 attention.

2939 3962 22 26 A
2996 3963 70 33 large
3100 3961 77 27 Stock
3216 3961 27 27 of
3262 3960 121 27 Watches
3426 3959 50 26 and

2939 4002 130 32 Jewellery
3097 4009 34 18 on
3160 4001 78 25 hand.
3273 4000 127 26 Traveller
3438 4000 39 24 for

2939 4040 82 24 North
3030 4039 157 32 Canterbury
3199 4039 98 25 district
3308 4038 41 25 Mr
3361 4038 25 25 J.
3400 4038 76 25 Gent.

3055 4077 70 26 GUS
3137 4076 118 30 JONES,
3276 4076 135 32 Rangiora.

2424 170 428 49 EUCALYPTUS

2629 243 24 16 *-
2741 252 2 2 ■

2422 271 60 21 THE
2497 271 72 20 BEST
2583 271 87 21 HOME
2686 268 143 22 BEMEDIE

2482 309 36 15 are
2532 303 36 21 the
2577 302 136 27 preparation
2723 300 25 23 of
2756 300 36 20 the

2367 340 170 22 TASMANIAN
2555 338 187 23 EUCALYPTUS
2756 337 48 21 OIL
2818 336 82 22 COMP.

2396 377 136 26 Universally
2541 377 104 21 admitted
2653 376 37 20 the
2699 375 79 24 BEST,
2790 373 114 21 PUEEST

2368 415 44 21 and
2421 415 57 19 most
2488 414 93 20 effective
2592 412 134 26 Eucalyptus
2749 410 104 21 Glohulus
2869 410 35 21 Oil

2367 446 34 20 for
2420 445 172 25 INFLUENZA,
2613 444 92 25 Coughs,
2725 443 64 20 Colds
2813 443 44 20 and
2873 443 31 19 all

2368 477 65 21 Chest
2449 476 44 21 and
2500 477 64 24 Lung
2580 476 113 21 affections
2707 473 77 27 speedy
2793 474 59 20 relief
2861 473 43 21 and

2368 509 56 20 Cure
2441 509 34 19 for
2490 508 156 24 Rheumatism,
2667 506 122 25 Neuralgia,
2805 506 99 25 Sprains-

2367 535 72 20 Burns
2459 535 34 19 &c.

2394 567 134 26 Eucalyptus
2546 566 104 21 Glohulus
2667 566 93 20 Extr-act
2769 565 90 26 sprayed
2873 565 32 21 in-

2368 599 64 21 haled
2448 599 43 20 and
2504 600 66 19 taken
2579 599 116 24 internally
2713 598 34 19 for
2761 598 37 19 the
2815 597 87 25 Throat,

2369 635 97 26 Catarrh,
2483 634 59 26 Hay,
2566 634 98 26 Typhoid
2680 634 44 21 and
2738 634 82 21 Scarlet
2829 634 77 20 Fevers

2369 667 130 21 MEASLES
2509 667 98 20 themost
2617 667 136 24 satisfactory
2761 666 145 25 preventative

2370 699 43 20 and
2427 699 61 19 Cure.
2515 699 57 19 Send
2584 699 52 19 Post
2652 697 55 21 Card
2717 699 23 19 to
2750 697 36 21 the
2796 697 64 20 Office
2872 697 34 21 for

2369 730 96 20 Circular
2478 729 120 27 describing
2617 729 122 21 treatment.
2766 728 139 27 Eucalyptus,

2368 764 112 23 Ointment
2490 764 36 20 the
2536 765 70 24 Magic
2615 765 80 19 Healer
2707 763 23 19 of
2745 763 69 23 Sores,
2827 763 79 24 Burns,

2370 794 102 25 Wounds,
2488 795 60 20 Boils
2566 796 44 23 &c,
2634 793 134 26 Eucalyptus
2787 793 58 26 Soap
2859 793 42 20 Fra

2369 827 63 25 grant
2441 827 44 20 and
2493 827 125 25 refreshing.
2642 826 133 25 Eucalyptus
2784 825 90 26 Jujubes
2883 832 24 14 or

2368 858 103 20 Pastilles
2480 859 34 19 for
2523 858 37 20 the
2586 859 80 19 Throat
2676 857 44 21 and
2728 857 64 20 Yoioe
2809 863 29 13 an
2852 857 54 20 anti-

2370 889 67 26 septic
2447 890 43 19 and
2500 890 120 19 stimulant.

2370 922 125 25 Veterinary
2512 923 36 19 Oil
2558 923 42 19 and
2610 922 112 20 Ointment
2732 921 33 19 for
2774 921 38 19 the
2820 921 87 19 stables.

2397 956 30 20 Be
2436 961 49 15 sure
2494 961 43 20 you
2547 955 108 21 Purchase
2670 954 39 21 the
2720 954 104 25 Platypus
2840 953 68 21 brand

2370 988 50 25 only
2431 987 21 20 of
2460 987 29 20 all
2499 987 113 25 Chemists,
2617 987 89 20 Grocers
2712 985 43 21 and
2762 985 146 27 Storekeepers

2370 1019 43 21 and
2427 1020 23 19 at
2464 1019 36 20 the
2511 1019 64 20 Office
2585 1021 12 19 9
2606 1018 115 21 Cathedral
2730 1023 77 19 square
2815 1018 93 20 between

2370 1050 101 21 Morten's
2485 1051 113 25 Buildings
2606 1052 41 19 and
2659 1051 42 20 the.
2704 1050 52 19 Post

2535 1084 89 20 Oxford
2634 1084 80 26 Agent

2424 1120 28 22 E.
2459 1120 33 21 H.
2503 1120 123 26 PARISH,
2648 1120 77 21 EAST
2739 1120 120 21 OXFORD

2451 1159 142 27 Eucalyptus
2603 1159 38 21 Oil
2655 1158 30 28 1/-
2699 1165 41 20 per
2748 1158 78 21 bottle.

2370 1242 102 22 RONGO
2484 1248 4 21 ;
2509 1243 54 20 PAI
2584 1243 94 20 TENEI
2692 1241 56 21 KEI
2763 1241 124 21 KOIJTOU

2585 1277 111 22 KATOA.
2805 1284 4 3 -

2413 1315 191 39 MACBEAN
2648 1313 218 40 STEWART'S

2370 1370 75 21 NEW
2459 1370 80 21 CURE
2554 1371 59 20 FOR
2627 1370 127 21 ASTHMA

2424 1405 75 21 NEW
2513 1405 80 21 CURE
2603 1405 61 21 FOR
2679 1405 98 20 CROUP

2484 1441 74 21 NEW
2573 1442 79 20 CURE
2666 1441 59 21 FOR
2737 1440 173 21 DIPHTERIA

2424 1473 75 21 NEW
2513 1473 80 21 CURE
2606 1473 60 21 FOR
2680 1472 133 21 CHRONIC
2860 1492 4 2 .

2548 1509 189 21 BRONCHITIS.

2384 1547 116 27 Prepared
2508 1546 60 21 from
2576 1546 42 21 the
2626 1546 122 21 Mountain
2758 1546 47 21 and
2814 1547 81 20 Forest

2491 1574 81 21 Plants
2586 1574 24 21 of
2623 1574 56 21 New
2694 1573 105 21 Zealand.

2370 1610 29 20 In
2408 1609 98 20 Asthma
2516 1609 42 19 the
2566 1608 56 20 New
2631 1608 60 20 Cure
2699 1607 43 21 has
2751 1607 86 26 proved
2845 1608 65 21 itself

2412 1637 26 20 to
2446 1636 29 21 be
2485 1635 65 21 Head
2559 1635 46 21 and
2615 1635 124 21 Shoulders
2749 1635 71 21 above
2830 1635 32 20 »11

2553 1662 73 21 Other
2640 1662 77 21 Cures.

2397 1702 29 21 In
2435 1707 31 15 no
2474 1701 103 21 instance
2586 1701 41 20 has
2638 1707 14 14 a
2659 1699 69 22 death
2737 1700 106 21 occurred
2850 1700 59 21 from
2911 1701 2 2 '

2371 1728 132 28 diphtheria
2520 1727 67 21 when
2605 1727 41 21 the
2867 1727 42 21 has

2370 1758 58 20 been
2437 1756 74 26 freely
2519 1756 59 20 used
2585 1756 60 20 from
2650 1756 40 20 the
2700 1755 51 21 first
2757 1756 77 20 outset
2839 1755 25 21 of
2869 1756 40 20 the

2371 1784 93 24 disease,
2482 1783 47 20 and
2547 1788 26 15 so
2591 1783 67 26 great
2676 1788 38 14 are
2732 1783 32 19 its
2782 1783 127 25 protective

2369 1816 92 21 powers,
2473 1810 55 19 that
2535 1809 41 20 the
2586 1809 125 26 complaint
2719 1809 43 20 has
2772 1815 70 14 never
2852 1810 56 19 been

2370 1838 82 19 known
2460 1836 25 21 to
2494 1836 83 26 spread
2585 1836 25 20 to
2619 1836 68 20 other
2702 1836 111 20 members
2830 1836 24 20 of
2867 1836 42 21 the

2369 1863 89 25 family.

2398 1897 48 21 The
2453 1897 55 21 New
2518 1897 65 25 Cure,
2593 1898 25 20 3s
2628 1897 39 25 6d;
2680 1896 118 21 Grindelia
2805 1896 104 22 Robusta

2435 1925 135 26 Cigarettes,
2580 1925 25 20 2s
2612 1933 8 16 ;
2629 1924 98 21 Asthma
2739 1924 108 24 Tobacco,

2540 1953 25 19 2s
2579 1951 30 21 6d
2622 1951 47 21 and
2683 1952 30 20 Is.
2730 1972 3 4 .

2394 2061 186 41 HEALTH
2601 2060 308 41 GUARANTEED

2374 2144 184 30 QUFFERERS
2594 2144 58 21 from
2695 2144 212 26 RHEUMATISM,

2373 2175 23 19 U
2426 2172 156 24 LUMBAGO,
2600 2171 187 25 NEURALGIA,
2805 2171 104 21 Nervous

2371 2198 142 25 exhaustion,
2521 2198 99 27 wasting
2627 2198 99 26 dibility,
2735 2198 47 21 lost
2791 2198 81 26 vigour
2884 2198 25 21 of

2371 2226 67 27 body,
2446 2231 159 20 nervousness,
2615 2226 46 21 loss
2670 2220 27 26 of
2711 2225 57 21 flesh
2786 2226 47 20 and
2850 2226 60 20 vital

2371 2259 81 21 power,
2474 2253 93 21 restless
2599 2252 69 28 sleep,
2692 2252 96 25 dreams,
2806 2252 77 28 pimple
2883 2252 26 28 3,

2370 2280 64 21 weak
2444 2280 62 24 back,
2518 2280 62 21 want
2598 2280 24 21 of
2632 2280 162 25 development,
2812 2278 98 23 varicose'

2371 2308 72 23 veins,
2452 2307 135 27 incapacity>
2594 2307 2 2 '
2605 2308 94 24 urinary
2720 2306 118 26 disorders,
2857 2308 53 19 skin

2372 2334 47 21 and
2427 2334 68 21 blood
2505 2334 96 21 diseases
2611 2334 47 21 and
2666 2334 33 20 all
2707 2332 106 22 ailments
2822 2334 88 26 arising

2370 2363 57 19 from
2438 2361 63 25 early
2509 2366 24 14 or
2542 2361 61 20 later
2621 2362 44 24 day
2678 2366 74 14 errors
2761 2362 51 22 etc.,
2836 2360 74 21 CON-

2372 2387 74 22 SULT
2455 2386 80 21 FREE
2559 2386 84 22 PROF.
2665 2386 152 21 NOTMANN
2834 2387 33 21 M.
2877 2386 34 26 E.,

2372 2416 27 19 E.
2429 2414 30 21 M.
2475 2414 27 21 G.
2525 2414 129 21 MARKET
2672 2414 95 21 PLACE
2787 2414 124 21 CHRIST-

2372 2442 126 21 CHURCH
2538 2442 120 26 (Opposite
2700 2441 106 21 Colombo
2834 2442 77 21 Street

2371 2468 86 27 Bride)

2399 2505 49 20 The
2457 2505 54 26 only
2527 2504 88 27 Expert
2634 2505 144 26 advertising
2793 2505 54 21 that
2863 2505 48 20 will

2379 2532 125 28 guarantee
2513 2538 15 15 a
2537 2532 115 27 thorough
2658 2538 62 15 cure.

2398 2574 253 23 MANUFACTURER
2660 2575 23 22 of
2693 2575 40 22 the
2743 2576 54 26 only
2815 2582 96 20 guaran-

2370 2603 56 22 teed
2434 2602 98 22 Electric
2540 2602 49 22 belt
2608 2603 47 20 and
2667 2603 65 21 other
2751 2602 85 26 special
2854 2603 57 21 elec-

2370 2630 69 21 trical
2448 2629 129 26 appliances
2586 2630 25 19 m
2620 2629 40 20 the
2669 2629 110 21 Colonies.
2810 2630 99 20 Medical

2371 2656 115 21 Batteries
2495 2656 44 20 etc.
2566 2656 140 26 Discriptive
2716 2656 134 26 Pamphlets
2859 2656 52 26 post

2371 2684 64 21 Free.

2449 2825 367 47 IMPORTANT

2617 2900 87 12 n»t
2709 2903 36 4 —

2369 2932 84 30 ALL
2483 2932 122 31 WOOL
2630 2932 171 31 KOSLYN
2821 2932 88 31 AND

2406 3007 296 32 WELLINGTON
2726 3008 152 30 TWEED

2516 3074 257 42 SUITS

2411 3141 68 40 35/-
2497 3141 85 33 Suits
2598 3142 145 31 Reduced
2752 3145 34 27 to
2808 3141 68 41 25/-

2410 3202 69 40 --4-
2521 3227 21 14 „
2627 3227 19 12 „
2730 3226 20 13 „
2817 3202 68 40 35/-

2410 3250 149 32 Trousers
2573 3251 63 30 and
2649 3250 76 31 Vest
2790 3249 76 41 13/6

2603 3310 54 23 AT

2395 3363 198 32 PARISH'S
2619 3364 90 30 East
2732 3363 144 30 Oxford.

2417 3519 191 57 Money
2626 3520 54 44 to
2702 3518 156 45 Lend.

2365 3597 8 4 -
2410 3583 19 31 I
2463 3583 80 31 have
2563 3594 115 29 money
2711 3585 35 28 to
2767 3583 74 30 lend
2874 3583 34 30 m

2367 3625 88 38 large
2484 3634 35 19 or
2540 3625 91 28 small
2666 3633 84 20 sums
2776 3627 35 26 to
2846 3624 63 29 suit

2367 3664 178 31 Borrowers
2582 3667 34 27 at
2643 3665 110 30 lowest
2782 3667 127 27 current

2368 3710 92 27 rates.

2427 3746 63 39 W.
2516 3746 45 39 H.
2588 3745 261 42 SPACEMAN.

2544 3790 193 33 SOLICITOB,

2438 3833 192 25 Christchukoh
2641 3833 51 25 and
2703 3833 137 25 Rangioka.

2399 3960 46 46 S.
2485 3960 80 44 W.
2602 3959 278 47 TURPIK

2369 4028 245 39 WATCHMAKER.
2648 4028 176 38 JEWELLER
2850 4029 59 31 &c

2446 4087 89 26 MAIN
2549 4087 137 27 STREET
2704 4088 140 25 OXFOED

2563 4138 63 18 near
2637 4131 84 25 Bank.

2390 4243 74 31 W.
2509 4243 367 33 WOODWARD

2368 4297 155 26 PAINTER
2540 4295 72 26 AND
2628 4296 274 32 PAPERHANGER,

2471 4346 113 32 EAST
2629 4347 183 32 OXFORD.

2419 4442 43 27 AH
2472 4441 82 27 orders
2564 4442 122 32 promptly
2698 4443 115 26 attended
2824 4447 36 27 to,

1301 202 49 55 H
1404 199 62 54 E.
1498 186 445 67 BOARDMAN
1983 183 52 57 &
2066 175 147 63 CO.,

1206 278 141 22 BAILIFFS
1362 276 64 21 AND
1441 271 184 24 COMMISSION
1643 267 128 22 AGENTS.
1817 263 100 23 HOTEL
1932 256 137 25 BEOKEHS
2083 253 64 21 AND
2161 249 148 21 VALUERS.

1305 325 59 29 222
1388 318 233 34 HEREFORD
1646 312 170 36 STREET,
1861 298 341 42 CHRISTCHTJROH.

1493 381 391 23 »♦♦♦♦♦♦♦♦♦»♦»♦♦♦♦♦♦♦♦♦♦♦♦♦♦*
1888 379 23 15 *■*
2029 376 43 13 ***

1251 429 42 24 We
1311 427 150 31 respectfully
1473 425 39 29 beg
1531 427 22 19 to
1566 423 72 23 thank
1647 428 44 17 our
1703 416 145 26 Clientsand
1857 414 36 24 the
1906 411 88 26 Public
2004 407 123 35 generally
2131 406 45 30 for
2185 403 38 25 the
2241 402 98 30 support

1181 472 116 24 accorded
1308 479 36 19 us,
1357 470 49 23 and
1418 476 44 17 can
1474 474 81 16 assure
1567 473 43 15 our
1614 463 99 33 friends
1725 461 52 23 that
1785 467 45 16 our
1839 458 104 24 business
1954 451 158 26 stillremains
2129 448 75 24 under
2223 445 36 23 the
2277 449 62 18 same

1182 519 161 27 management
1362 520 28 15 as
1399 511 106 25 hitherto,
1516 509 49 23 and
1574 508 49 22 that
1633 505 134 30 everything
1778 500 120 25 entrusted
1907 501 22 20 to
1938 505 28 15 us
1978 495 51 23 will
2037 495 26 22 be
2070 493 79 24 under
2160 489 36 25 the
2208 487 131 24 xmmedxate

1182 557 146 28 supervision
1339 556 30 29 of
1376 562 45 15 our

1381 594 124 33 MR.
1536 591 68 33 H.
1629 590 55 32 E.
1710 576 428 44 BOARDMAN

1416 712 268 38 -LOCAL

1300 764 402 49 BARLOV
1746 759 166 42 AND
1959 746 276 49 PRICE

1487 816 192 42 Goveniry
1717 811 114 45 Cycle
1878 804 130 38 Works

1352 876 37 29 88
1413 869 199 34 COLOMBO
1637 865 174 34 STREET,
1856 852 345 40 CHRISTCHURCH.

1183 936 57 30 We
1255 936 119 38 having
1390 933 94 30 taken
1499 941 74 20 over
1586 929 53 29 the
1653 926 71 31 well
1738 926 41 28 kn
1784 933 68 21 own
1862 921 112 33 works,
1990 916 181 36 machinery
2181 911 60 30 and
2251 910 90 30 stock

1182 979 34 29 m
1228 978 91 29 trade
1333 961 77 45 wish
1425 978 33 25 to
1473 972 112 30 inform
1600 969 54 30 the
1676 966 105 41 public
1795 964 70 30 that
1879 971 47 21 we
1941 969 52 20 are
2008 965 112 32 prepar
2121 955 38 30 ed
2173 956 33 26 to

1183 1019 72 30 take
1270 1018 104 30 orders
1388 1016 48 29 for
1449 1024 69 20 new
1532 1010 158 32 machines
1707 1007 60 30 and
1782 1006 128 30 execute
1929 1009 119 31 repairs
2070 1000 33 27 at
2125 996 53 29 the
2204 996 136 27 shortest

1315 1057 103 30 notice
1432 1055 49 29 for
1503 1054 41 29 all
1559 1052 92 29 kinds
1667 1048 34 31 of
1711 1045 214 41 Engineering
1940 1042 61 29 and
2014 1039 93 40 Cycle
2119 1039 96 28 work.

1347 1107 127 24 SPECIAL
1487 1103 178 23 ATTENTION
1680 1100 95 23 GIVjSN
1790 1098 38 21 TO
1842 1094 141 24 COUNTRY
1999 1091 123 23 ORDERS.

1184 1152 121 38 Racing
1319 1147 160 33 Machines
1503 1144 61 31 and
1586 1142 99 40 Light
1707 1138 167 32 Roadsters
1891 1145 19 20 a
1924 1132 156 41 specialty.
2123 1128 49 31 No
2185 1125 156 66 impor^

1183 1194 156 29 machines
1353 1190 77 37 kept
1443 1188 33 29 m
1491 1185 99 32 stock,
1607 1183 42 31 all
1664 1182 86 31 work
1765 1181 79 28 done
1860 1188 40 19 on
1913 1176 54 29 the
1990 1181 147 32 premises
2200 1170 31 29 A
2255 1170 86 36 large

1213 1232 89 32 stock
1317 1231 34 31 of
1361 1231 126 36 Lamps,
1498 1225 95 35 Bells,
1610 1223 62 31 and
1688 1222 128 31 Saddles
1830 1229 41 19 on
1882 1216 87 30 hand
1984 1218 37 26 at.
2030 1222 114 22 reduce
2155 1211 131 38 dpnces.

1317 1303 114 94 B.
1500 1305 132 87 H.
1693 1293 500 94 PARISH

1459 1435 198 61 EAST
1705 1425 328 66 OXFORD

1408 1525 78 29 has
1501 1518 190 36 received
1710 1526 26 22 a
1751 1514 294 40 consignment
2062 1511 43 29 of

1182 1577 302 57 Messrs
1543 1570 419 59 Johnsons
2015 1561 66 57 &
2138 1558 203 59 Sons

1357 1653 268 58 GREAT
1686 1641 451 63 YARMOUTH

1248 1746 227 92 OIL
1557 1735 699 94 CLOTHING

1362 1874 339 52 ENORMOUS
1761 1872 391 46 SEDUCTIONS

1180 1997 81 27 fTHE
1280 1994 116 30 question
1406 1992 22 25 is
1440 1990 134 25 natural—
1598 1988 68 31 Why
1677 1986 61 25 send
1752 1988 28 22 to
1792 1984 177 26 Christcliurch
1989 1984 39 24 for
2044 1990 63 25 your
2124 1983 131 30 Drapery?
2289 1982 52 24 The

1188 2014 19 41 1
1246 2029 102 28 drapery,
1360 2025 54 26 sold
1422 2025 26 23 m
1458 2024 56 24 that
1526 2022 50 31 city
1588 2027 72 24 every
1672 2027 46 18 one
1730 2019 94 29 knows,
1836 2018 23 24 is
1870 2019 45 23 not
1926 2016 73 25 made
2010 2017 77 28 there,
2106 2015 46 25 hut
2162 2014 131 32 imported.
2328 2014 13 24 I

1182 2065 94 27 import
1287 2063 65 23 from
1363 2059 44 26 the
1418 2058 54 24 best
1483 2054 108 33 English
1603 2053 50 26 and
1670 2052 88 26 Scotch
1770 2052 100 24 houses.
1917 2050 71 24 lam
2000 2048 105 26 enabled
2115 2050 27 24 to
2153 2048 122 31 purchase
2293 2047 48 25 low

1181 2098 51 25 and
1241 2095 46 26 sell
1299 2096 27 23 at
1334 2102 16 16 a
1360 2094 54 23 rate
1426 2090 27 24 of
1461 2088 75 33 profit
1548 2088 54 33 (my
1614 2093 119 24 expences
1744 2085 73 31 being
1828 2082 82 33 small)
1922 2083 58 24 that
1991 2082 83 25 would
2084 2081 31 26 be
2134 2080 145 27 considered
2298 2080 42 26 ab-

1182 2130 58 26 surd
1251 2129 33 27 by
1300 2135 48 21 any
1368 2121 180 29 Ghvistchurch
1571 2119 200 26 establishment.
1823 2116 44 32 My
1889 2116 76 26 Stock
1984 2115 21 24 is
2024 2115 44 25 the
2088 2114 94 32 largest
2200 2114 51 25 and
2272 2115 68 24 most

1179 2163 97 25 fcvaried
1286 2161 56 25 that
1352 2160 46 23 has
1409 2165 57 17 ever
1476 2157 64 22 been
1551 2154 88 24 shown
1649 2152 28 23 m
1687 2151 44 25 the
1742 2150 104 29 district,
1860 2148 50 25 and
1921 2149 38 24 for
1969 2148 93 31 quality
2082 2148 50 24 and
2150 2147 73 25 value
2240 2148 59 30 puts
2315 2147 26 24 m

1182 2199 32 24 lie
1226 2195 79 26 shade
1321 2191 77 35 goods
1410 2187 91 27 offered
1512 2187 33 32 by
1557 2186 103 30 visiting
1672 2183 116 25 hawkere
1799 2184 64 23 from
1874 2182 45 24 the
1936 2180 182 26 Christchurch
2129 2187 46 25 rag
2187 2181 88 24 marts.

1214 2250 95 26 Dress
1321 2246 166 29 Materials,
1500 2243 88 24 Plain
1600 2241 60 25 and
1670 2239 104 31 Fancy
1786 2239 81 23 from
1879 2236 50 26 3d.
1941 2241 56 26 per
2004 2234 85 33 yard.

1214 2311 28 24 A
1259 2309 110 28 Strong
1385 2306 88 25 Stout
1489 2303 134 25 Durable
1640 2299 127 31 Kaiapoi
1783 2299 114 24 Tweed
1913 2297 51 32 2/6
1976 2302 55 25 per
2041 2297 78 30 yard

1813 2342 109 24 Makes
1933 2341 157 24 flrst-class
2107 2339 83 31 Boys
2192 2341 5 9 1
2216 2339 91 25 Suits.

1216 2404 57 25 Art
1289 2401 141 29 Muslins,
1450 2397 156 31 Cretones,
1626 2395 79 25 Lace
1723 2393 139 26 Curtains
1881 2392 53 25 &c.

1215 2472 27 29 A
1259 2470 110 25 Choice
1387 2467 168 25 Collection
1573 2466 33 23 of
1620 2463 121 30 Gloves,
1768 2461 78 30 Ties,
1876 2459 130 30 Aprons,
2036 2457 166 26 Insertions
2220 2457 55 25 &c.

1216 2523 120 31 Striped
1354 2521 124 26 Galatea
1494 2518 55 33 4/6
1561 2523 55 26 per
1627 2516 107 30 dozen,
1763 2514 104 25 worth
1877 2513 50 25 9d.
1945 2518 56 25 per
2017 2511 84 31 yard.

1215 2589 104 26 Prints
1331 2588 80 24 from
1422 2586 52 24 4d.
1487 2589 55 26 per
1552 2583 86 31 yard.
1651 2580 139 32 Muslins,
1804 2578 139 31 Selesias,
1957 2576 125 32 Calicos,
2096 2576 56 26 &c.

1802 2623 88 24 With
1907 2622 88 23 other
2011 2620 194 24 Manchester
2221 2621 87 28 lines.

1216 2684 89 31 Hats,
1323 2682 103 31 Fancy
1444 2680 60 25 and
1520 2678 107 31 Sailor,
1645 2678 32 24 m
1693 2675 104 27 White
1814 2674 61 26 and
1892 2673 116 26 Colors.

1287 2721 17 18 •
1760 2720 127 25 Newest
1903 2718 124 31 Shapes.
2062 2716 97 31 Large
2176 2716 132 32 Variety,

1214 2781 150 27 Flowers,
1381 2777 155 28 Feathers,
1555 2774 148 29 Ribbons,
1722 2772 106 29 Laces,
1847 2771 75 30 Jets,
1942 2770 55 24 &c.

1687 2811 89 26 With
1792 2812 42 23 all
1849 2810 185 25 necessaries
2052 2809 48 25 for
2116 2808 191 30 Trimmings.

1213 2870 104 29 Fancy
1333 2868 140 28 Frillings
1491 2866 78 30 3yds
1581 2866 47 24 for
1637 2864 36 32 1/-
1691 2863 103 25 worth
1804 2862 51 31 9d,
1873 2866 55 27 per
1938 2861 85 31 yard,

1750 2905 184 30 Umbrellas,
1952 2904 152 30 Parasols,
2122 2903 185 30 Sunshades,

1329 3010 334 45 SFSCIjkXi
1750 3007 423 43 FTTRCHjLSE

1180 3085 111 32 BOYS
1324 3083 89 31 AND
1443 3080 173 31 YOUTHS
1655 3077 217 32 COLONIAL
1905 3076 155 31 TWEED
2086 3076 253 33 OVERCOATS

1665 3141 77 31 with
1764 3139 97 40 Capes

1457 3203 94 30 From
1574 3203 66 29 17s.
1685 3200 51 30 6d.
1780 3199 102 31 worth
1924 3198 66 31 255.
2039 3198 49 30 6d.

1333 3268 196 34 Men's
1573 3266 227 32 Tweed
1843 3265 350 33 Overcoats

1656 3318 96 31 From
1774 3318 65 30 15s.

1180 3496 133 41 English
1328 3496 128 41 Witney
1465 3495 149 31 Blankets
1629 3497 34 28 to
1679 3494 37 31 be
1731 3494 68 31 sold
1814 3497 32 27 at
1856 3494 59 31 less
1924 3494 78 29 than
2016 3492 181 31 Melbourne
2210 3491 130 32 Whole-

1181 3549 63 30 sale
1265 3550 85 39 price
1351 3566 41 4 —
1392 3548 121 32 Double
1527 3548 69 30 Bed
1613 3547 69 32 Size
1705 3548 64 29 12s.
1795 3547 49 30 6d.
1895 3546 102 30 worth
2013 3547 65 29 16s.
2117 3546 49 30 6d.
2188 3555 56 29 per
2258 3546 77 39 pair.

1348 3621 131 38 cheaper
1493 3619 77 30 than
1586 3616 226 32 Christchurch
1826 3617 114 30 houses
1954 3616 64 31 will
2033 3616 58 30 sell
2105 3617 94 30 them.

1182 3711 300 81 MISSES'
1545 3708 252 82 CAPES
1855 3708 61 82 &
1974 3708 364 82 JACKETS

1239 3823 269 48 HUEmmt
1538 3821 155 59 SUps
1713 3821 108 49 fsm
1842 3819 84 58 3/0
1951 3821 142 48 wortb
2111 3820 169 50 Unhh.

1187 3947 523 94 PRINTS!
1756 3947 490 86 PKINTS
2272 3944 68 92 !!

1264 4085 139 50 Mm
1421 4081 153 51 Imfai
1585 4084 113 52 tmif
1719 4078 184 52 Edward
1924 4080 202 52 Btmastts
2146 4081 117 51 $tsck

1185 4160 330 107 ROLLER
1578 4158 518 104 TOWELLING
2183 4158 157 91 M.

1531 4306 142 47 wortb
1691 4304 63 49 %&
1778 4315 73 49 |>$r
1864 4303 126 60 yard.

1318 4385 21 4 ■■■
1356 4385 1 1 ■
1427 4400 2 1 .
1455 4392 1 1 ■
1560 4383 1 2 ■
1634 4391 6 5 -
1640 4391 36 5 —
1676 4387 11 13 •
1696 4386 46 14 ■>»
1752 4386 10 14 >
1803 4385 2 1 •
1858 4382 2 2 ■
1894 4388 1 2 ■
1955 4389 1 1 ■
2200 4388 2 2 ■

1233 4430 71 34 R.
1332 4430 77 33 H.
1446 4425 314 41 PARISH,
1818 4423 155 35 East
2020 4423 259 37 Oxford.

613 214 268 46 GEORGE
909 214 240 46 .KEATS.

637 291 160 25 BUILDER
805 291 70 25 AND
888 291 240 26 UNDERTAKER

717 345 104 31 EAST
863 346 181 30 OXFORD.

647 436 122 24 Funerals
778 435 151 28 Conducted,
941 435 89 25 Adults
1037 436 67 24 from
1113 435 36 23 £3

615 479 114 24 Children
748 479 65 24 from
832 478 69 32 22/6.

637 653 222 22 oixufozesid
905 651 222 21 :B.A.:K::E:E&3
1127 649 14 14 r

719 698 214 28 Established
958 695 87 29 1862.

664 762 124 29 FLOUR,
800 762 57 25 best
867 761 81 24 brand
958 761 60 31 only
1030 760 68 30 kept.

616 804 144 30 SHARPS,
797 802 207 30 OATMEAL,
1038 801 110 26 BRAN

706 847 293 27 OHICKENWHEAT,
1018 848 42 23 &o.

642 891 41 21 AT
710 890 123 22 LOWEST
862 889 142 21 CURRENT
1031 888 105 24 EATES,

706 994 53 43 F.
792 992 50 44 B.
865 989 190 56 LANE.

722 1067 91 40 (Late
828 1066 39 29 E.
886 1065 161 38 Butcher.)

619 1126 251 34 Watchmaker,
899 1124 183 34 Jeweller,
1099 1116 50 36 &'c.

617 1178 124 30 Importer
775 1176 27 24 of
841 1174 107 26 Musical
983 1174 166 24 Instruments

717 1213 111 26 Victoria
849 1212 38 27 St.
918 1211 134 32 Rangiora.

619 1303 98 32 Special
729 1304 71 24 value
822 1302 28 24 m
873 1301 80 23 Extra
976 1301 87 29 strong
1074 1297 75 27 Cased

618 1347 86 31 highly
713 1345 110 26 finished
835 1344 110 31 English
962 1344 80 24 Lever
1051 1341 98 26 Watch-

617 1398 34 16 es.
698 1387 191 26 Manufactured
906 1388 26 22 to
955 1394 43 22 my
1026 1385 72 24 order
1120 1384 29 30 by

617 1429 56 25 best
684 1428 104 25 London
807 1426 106 25 makers.
948 1424 158 33 Unequalled
1115 1423 34 25 for

617 1472 122 26 excellent
753 1470 178 30 Timekeeping
946 1469 51 24 and
1008 1466 141 32 durability.

649 1516 29 22 F.
697 1516 31 22 B.
740 1514 97 24 LANE
849 1511 141 32 personally
1011 1511 72 24 visits
1103 1510 46 24 Ox-

617 1558 53 24 ford
691 1556 124 31 monthly,
839 1555 115 31 carrying
974 1562 15 16 a
1011 1553 69 32 large
1102 1552 47 25 and

616 1601 85 24 choice
736 1599 69 25 stock
834 1598 27 25 of
892 1597 128 28 Watches,
1048 1596 101 28 Chains,

617 1644 133 27 Brooches,
761 1643 87 31 Rings,
860 1641 85 28 Studs,
964 1640 128 24 Pendants
1104 1640 45 28 etc,

618 1687 141 31 Spectacles
781 1684 123 33 (Pebbles,
917 1683 173 31 .Pantoscopsc
1102 1681 47 25 and

617 1730 108 33 Crystal)
739 1728 96 29 Clocks,
854 1726 108 34 (Marble
982 1726 51 24 and
1051 1725 98 33 Wood,)

716 1771 93 26 Accord
812 1778 61 18 eons
884 1770 50 24 and
945 1770 107 24 Violins.

649 1817 81 23 Exact
741 1817 58 23 date
811 1815 27 24 of
848 1813 62 25 each
922 1813 59 25 visit
1004 1813 22 24 is
1038 1811 106 25 notified

764 1859 27 24 m

616 1903 115 24 Repairs.
733 1918 31 2 —
766 1901 41 25 All
819 1900 94 32 repairs
931 1907 42 17 are
990 1898 119 25 executed
1119 1897 30 32 by

615 1947 92 32 myself
727 1954 28 17 or
771 1945 81 24 under
868 1951 43 24 my
931 1942 218 33 superintendence

616 1998 27 16 so
664 1990 58 24 that
739 1990 104 30 patrons
855 1994 48 17 can
924 1987 53 33 rely
999 1994 33 16 on
1054 1985 95 32 getting

616 2032 154 26 satisfaction
779 2032 27 24 at
818 2031 43 24 the
872 2038 60 23 very
942 2029 87 24 lowest
1038 2028 111 32 charges.

648 2076 105 32 Repairs
764 2083 28 18 or
801 2074 84 26 orders
894 2081 58 24 may
964 2072 30 25 be
1002 2072 45 25 left
1059 2073 26 24 at
1085 2085 35 6 —

614 2125 27 24 J.
659 2124 134 29 Weeber's,
828 2123 66 24 East
917 2121 101 25 Oxford,

615 2170 26 22 at
663 2168 41 24 W.
728 2168 36 23 M.
789 2166 37 28 0.,
850 2166 65 23 East
939 2165 102 24 Oxford.

616 2211 23 25 J.
657 2211 100 29 Brown,
769 2208 161 30 Bootmaker,
955 2207 71 25 West
1049 2205 100 26 Oxford.

615 2254 40 25 W.
669 2253 24 25 J.
707 2253 118 25 Crothers
835 2253 18 23 &
866 2251 45 25 Co.
919 2269 6 7 .
947 2250 71 26 Oust.

649 2297 50 24 and
715 2297 52 24 will
773 2295 31 25 be
815 2294 126 32 promptly
953 2293 119 25 attended
1083 2294 35 24 to.

618 2340 54 30 All
683 2340 99 30 Work
794 2340 78 28 done
884 2349 39 19 on
937 2338 54 29 the
1002 2337 147 29 Premises

740 2390 62 30 and
817 2387 199 42 guaranteed.

656 2509 92 42 W.
795 2506 313 45 STOCKS,

614 2569 343 34 MONUMENTAL
979 2567 170 36 MASON,

736 2624 134 29 Madeas
893 2622 126 33 Steeet,

655 2671 455 36 CHRISTCHURCH.

616 2767 160 60 WISHES
793 2770 27 20 to
837 2767 88 22 inform
936 2772 101 23 persons
1056 2765 24 22 m
1089 2765 60 22 want

703 2801 27 23 of
744 2798 167 26 Monumental
936 2797 76 25 Work
1040 2797 54 22 that
1122 2796 27 22 he

611 2834 96 25 intends
727 2836 26 21 to
776 2830 89 27 SELL
893 2829 62 26 HIS
990 2828 159 27 PRESENT

611 2866 117 26 LARGE
749 2864 119 29 STOCK,
886 2863 133 31 consisting
1037 2862 26 24 of
1075 2862 74 25 Gran-

611 2901 33 22 ite
662 2899 102 29 Marble,
791 2898 47 22 and
865 2897 69 23 other
961 2895 75 25 Stone
1065 2895 84 23 Monu-

612 2934 86 26 ments,
728 2934 26 21 at
783 2929 162 30 considerably
981 2925 168 26 REDUCED

611 2963 133 26 PRICES.
778 2963 57 23 Iron
854 2961 101 29 Fences,
974 2959 114 25 Concrete
1105 2959 44 23 and

614 2998 74 26 Stone
704 2996 127 31 Kerbings,
849 2995 101 24 reduced
960 2994 26 23 m
1004 2993 71 31 price.
1110 2991 39 25 In-

612 3031 127 30 scriptions
757 3029 48 25 and
823 3028 34 25 all
873 3027 68 25 work
957 3027 25 23 m
1011 3025 138 25 connection

612 3064 57 23 with
687 3064 41 23 the
745 3062 69 24 trade
826 3061 61 24 done
898 3059 26 24 m
935 3058 133 25 firit-class
1082 3057 67 31 style.

611 3095 77 31 Early
705 3094 134 31 inspection
858 3092 100 24 invited.
995 3090 97 26 Several
1101 3097 48 17 new

612 3129 61 24 lines
689 3128 76 31 lately
794 3125 102 26 arrived.
931 3124 54 31 Any
1013 3122 136 26 reasonable

612 3162 59 24 offer
687 3162 38 23 for
742 3162 41 22 the
800 3163 95 27 present
912 3158 69 24 stock
998 3157 51 25 will
1074 3155 75 26 result

613 3195 24 24 m
654 3203 14 16 a
687 3195 59 24 sale.
781 3193 78 24 Want
881 3193 27 22 to
924 3191 93 24 realise.

616 3303 90 39 MR
727 3301 65 43 W.
818 3301 50 41 N,
894 3297 255 47 CATHRO,

656 3374 182 22 BARRISTER
852 3372 68 21 AND
936 3370 175 23 SOLICITOR.

765 3412 233 35 RANGIORA.

612 3467 133 31 Attends
761 3464 123 33 Oxford
898 3475 40 19 on
949 3464 98 30 Court
1054 3463 95 40 Days.

612 3541 169 26 Instructions
789 3540 34 32 by
833 3541 57 31 post
901 3538 52 25 ■will
964 3537 94 25 receive
1068 3543 81 26 prom-

778 3579 29 31 pt
835 3576 133 26 attention.

734 3626 109 21 MONEY
871 3625 38 20 TO
936 3624 90 20 .LEND.

664 3736 44 55 S.
743 3737 49 44 B.
816 3732 308 55 SEYMOUR,

813 3802 139 27 DENTIST,

654 3845 42 21 215
711 3844 105 22 Colombo
831 3844 82 24 Street,
936 3841 170 22 Christcliurch.

783 3915 179 22 CHARGES:—

681 3958 94 26 Filling,
790 3957 40 25 sf=j
864 3956 135 21 Extraction
1008 3956 25 19 2s
1047 3953 37 21 6d.

640 4023 95 21 Nitrous
744 4021 61 23 Oxid
814 4021 46 21 Gas
869 4019 170 22 Administered
1043 4018 37 21 for
1087 4017 62 21 Pain-

612 4064 47 21 less
669 4064 134 20 Extraction
812 4063 25 20 of
845 4062 81 20 Teeth.
960 4061 46 20 Pee
1015 4060 37 20 for
1060 4057 89 21 Admin-

612 4102 111 22 istration
733 4102 32 21 ss.
786 4113 6 3 -
862 4110 3 3 •
882 4108 2 8 ;

616 4208 301 41 DAMAGED
929 4205 220 40 CALICO

738 4266 34 26 to
785 4263 39 29 be
840 4261 66 31 sold
921 4260 107 38 cheap.
1108 4284 4 3 .

675 4309 215 44 HOLLAND
925 4305 157 45 FINISH

795 4353 156 44 CALICO

871 4411 34 27 at

727 4462 38 29 K.
784 4460 40 30 H.
847 4456 197 33 PARISH'S

50 2031 62 45 E.
151 2029 79 43 W.
247 2021 339 53 ENGLAND,

48 2096 140 39 Timber
203 2093 70 40 and
295 2091 77 40 Coal
400 2086 186 42 Merchant

280 2152 12 5 —
292 2152 42 4 —
334 2151 14 4 —
509 2144 9 18 I

50 2178 160 68 LARGE
231 2175 107 27 STOCK
356 2173 44 25 OF
412 2170 174 27 BUILDING

225 2206 209 28 MATERIALS.

120 2255 33 24 Of
174 2262 71 22 every
278 2250 157 28 description,
468 2246 118 26 seasoned

152 2292 75 31 ready
234 2291 37 24 for
279 2298 51 21 use,
340 2288 89 31 always
437 2295 32 16 on
475 2285 77 24 hand.

86 2337 68 27 Also,
186 2331 152 28 Galvanised
368 2331 68 28 Iron,
467 2327 117 25 Portland

52 2377 104 24 Cement
165 2374 49 24 and
226 2373 115 24 Builders
344 2373 5 9 1
363 2370 188 29 Ironmongery.

87 2427 109 30 Country
212 2424 90 25 Orders
327 2420 125 31 Carefully
474 2417 110 28 Selected

217 2464 49 24 and
275 2460 143 27 forwarded.

50 2504 97 25 TUAM
157 2501 142 27 STREET,
313 2494 272 30 CHRISTCHURCH

78 2601 218 45 PUBLIC
345 2596 237 45 NOTICE.

80 2673 173 36 Telegraphic
266 2672 130 33 Messages
416 2678 50 18 can
477 2677 61 17 now
549 2668 34 25 be

46 2714 61 23 sent
130 2711 53 26 and
203 2709 118 26 received
342 2710 29 23 at
396 2706 65 26 East
482 2704 100 26 Oxford

46 2747 115 30 Station,
178 2745 53 26 and
249 2742 91 29 Postal
360 2742 86 26 Notes
466 2749 60 25 may
549 2740 34 25 be

46 2781 153 34 purchased.

102 2906 107 24 CHILD
222 2904 108 24 BIRTH
343 2902 95 29 SAFE,
451 2901 74 24 AND

153 2947 137 25 ALMOST
299 2943 173 27 PAINLESS

46 2991 91 67 BY
184 2991 73 31 using
292 2989 49 25 DR
386 2985 196 28 FAWCETT'S

147 3024 132 24 Medicine.

80 3067 71 24 MRS
174 3065 165 25 BURRELL
361 3064 60 30 begs
444 3065 26 22 to
492 3061 90 25 inform

46 3105 44 24 the
102 3104 91 24 Ladies
205 3103 56 24 that
269 3103 44 23 she
322 3102 46 24 has
379 3101 62 24 been
450 3098 131 33 appointed

46 3145 57 25 Sole
124 3146 73 29 agent
219 3144 28 23 m
271 3140 177 27 Christchurch
475 3139 36 25 for
539 3139 44 24 the

46 3182 77 25 above
135 3181 124 24 Medicine
271 3182 26 23 to
313 3179 116 24 facilitate
443 3176 139 25 Accouche-

46 3223 88 22 roents.
168 3220 91 24 Ladies
270 3227 47 16 can
339 3218 31 23 be
391 3217 113 31 supplied
523 3216 60 24 with

46 3260 41 23 the
110 3259 75 24 above
207 3257 33 31 by
264 3256 106 31 sending
392 3262 28 18 or
442 3254 92 31 calling
556 3254 27 23 at

46 3299 41 24 Mr
109 3297 120 26 Burrell's
252 3295 183 33 Photographic
457 3294 70 33 place
558 3294 28 24 of

47 3338 122 25 business,
182 3337 105 24 Gould's
309 3336 132 31 Buildings
444 3353 5 12 $
471 3334 112 25 Victoria

50 3375 87 28 Street,
151 3374 180 28 Christchurch,
351 3373 82 23 where
452 3372 34 24 all
505 3372 77 24 infor-

47 3414 97 24 mation
172 3421 46 17 can
245 3413 31 24 be
303 3412 117 26 obtained
446 3412 57 28 free,
533 3410 51 26 and

48 3451 117 30 perfectly
208 3451 155 29 satisfactory
394 3450 50 23 and
477 3449 106 31 genuine

50 3487 165 26 testimonials
227 3495 47 16 can
284 3487 31 24 be
326 3494 65 17 seen.

50 3652 78 44 W.
150 3650 349 47 JOHNSON&
512 3653 72 46 Co

160 3721 56 27 (late
226 3720 87 21 Hamill
323 3720 18 21 &
350 3721 111 25 Johnson)

104 3763 83 19 LAND
201 3763 64 19 AND
274 3762 115 20 ESTATE
403 3762 126 27 AGENTS,

194 3802 27 22 71
231 3802 122 22 Cathedral
363 3803 91 26 Square,

93 3841 449 32 CHRISTCHURCH.

77 3908 48 19 The
134 3908 103 20 Farmers
243 3908 23 20 of
273 3908 91 25 Oxford,
377 3908 56 21 Oust
441 3908 47 21 and
497 3914 87 15 surrou-

50 3944 72 26 nding
132 3944 106 22 Districts
246 3946 49 20 who
304 3945 56 21 wish
368 3946 25 20 to
399 3945 89 27 dispose
497 3945 24 21 of
524 3946 61 21 their

50 3982 71 21 farms
134 3982 47 21 will
189 3982 49 22 find
253 3982 20 23 it
290 3984 24 21 to
334 3982 61 23 their
413 3982 129 29 advantage
560 3984 25 21 to

50 4021 63 26 place
123 4021 61 20 them
194 4021 25 20 m
228 4028 41 14 our
281 4020 82 22 hands.
398 4021 43 21 We
460 4022 66 21 make
544 4022 40 21 the

50 4057 51 21 Sale
115 4057 24 21 of
156 4058 65 20 Land
239 4058 40 20 the
297 4058 94 25 leading
406 4058 87 20 branch
506 4058 24 21 of
542 4065 43 14 our

50 4094 108 21 Business
168 4095 46 20 and
223 4102 32 14 we
265 4102 65 21 spare
337 4095 91 21 neither
433 4096 55 20 time
495 4096 89 21 trouble

50 4138 42 14 nor
101 4138 95 20 expence
205 4134 25 19 m
235 4134 220 26 bringingproperty
461 4131 76 24 before
543 4134 41 21 the

50 4169 74 20 notice
137 4169 24 20 of
169 4170 40 20 the
222 4170 82 26 public.

144 4205 57 21 FOR
215 4206 75 21 SALE
304 4207 40 20 AT
358 4207 119 21 OXFORD

75 4248 21 20 A
106 4248 68 20 Farm
182 4247 25 21 of
214 4249 28 19 40
252 4254 61 15 acres
318 4248 59 27 good
384 4248 56 21 land
445 4249 55 20 -well
503 4249 82 20 fenced

50 4285 46 20 and
105 4285 140 23 subdivided,
255 4285 52 20 Two
317 4285 107 26 dwelling
441 4285 84 21 houses
538 4285 47 21 and

49 4322 41 21 ont
98 4322 123 26 buildings,
255 4322 64 21 Price
333 4322 54 26 only
396 4323 61 20 <£500
470 4329 46 20 any
525 4329 59 14 reas-

49 4359 80 21 onable
139 4359 69 21 terms
217 4359 76 27 given.

78 4407 47 21 Our
134 4408 50 21 List
199 4407 23 22 of
233 4408 78 21 Farms
320 4407 36 22 for
366 4408 51 22 Sale
433 4410 52 20 sent
492 4408 49 22 free
555 4414 29 15 on

48 4446 143 27 application.
374 4452 3 3 '
