2569 4050
2140 2404 115 12 REMARKS.

1931 2429 12 12 *
1958 2427 22 21 A
1990 2425 86 23 branch
2086 2425 26 23 of
2119 2425 39 23 the
2176 2425 138 23 Mechanics'
2330 2424 110 26 Institute,
2451 2423 39 23 the

1905 2453 99 22 children
2013 2453 85 26 paying
2107 2453 36 22 6d.
2154 2453 45 21 and
2207 2452 36 23 9d.
2252 2459 41 22 per
2304 2451 66 23 week.

1932 2481 13 24 f
1959 2480 23 21 A
1992 2479 85 27 private
2086 2479 77 23 school
2173 2479 36 23 for
2218 2479 38 23 the
2267 2479 98 27 superior
2375 2478 85 22 classes.

1931 2509 12 23 X
1961 2505 134 28 Principally
2110 2506 35 22 for
2160 2506 38 22 the
2213 2505 102 23 children
2331 2505 26 23 of
2370 2504 38 24 the
2422 2505 68 22 lower

1905 2533 85 27 classes,
2001 2533 83 28 paying
2093 2532 71 22 about
2171 2533 36 24 6d.
2218 2533 46 21 and
2273 2533 36 21 9d.
2319 2540 39 20 per
2367 2532 69 26 week,
2444 2530 46 23 and

1905 2560 85 27 private
2000 2559 96 23 schools.

1935 2589 10 24 §
1963 2587 78 21 Infant
2050 2585 85 23 school.

1938 2615 9 25 ||
1965 2613 125 28 European.

1935 2636 17 29 •jf
1965 2640 90 22 Native.

1921 2670 27 13 **
1963 2667 22 23 A
1996 2667 91 27 Sunday
2096 2667 77 24 school
2190 2667 105 23 attached
2310 2670 22 19 to
2346 2666 38 22 tbe
2399 2665 92 25 Meehs^

1908 2695 56 23 nics'
1978 2694 112 23 Institute.

1911 2744 29 20 To
1949 2744 37 20 the
1993 2743 78 21 Editor
2079 2744 29 24 of
2117 2744 37 20 the
2190 2744 54 20 New
2257 2742 94 22 Zealand
2357 2743 87 20 Gaxtttt
2452 2741 43 20 and

2067 2771 128 26 Wellington

1945 2807 54 29 Sir,
2001 2819 33 5 —
2035 2806 30 25 In
2084 2814 58 24 your
2159 2806 46 24 last
2223 2815 72 23 pap.r
2312 2806 20 23 is
2350 2805 119 33 published
2486 2812 14 15 a

1914 2841 66 24 letter
1992 2839 80 32 signed
2083 2840 32 31 by

1947 2874 36 31 By
1995 2881 95 23 persons
2102 2874 26 23 in
2145 2873 117 31 England,
2274 2873 45 23 and
2340 2879 55 17 even
2414 2871 30 31 by
2455 2879 46 23 any

1914 2915 42 16 one
1977 2907 62 29 here,
2058 2906 169 33 unacquainted
2247 2906 53 24 with
2319 2906 38 23 the
2367 2904 46 24 real
2432 2912 69 23 capa-

1914 2941 85 24 bilities
2010 2940 26 24 of
2046 2940 37 24 the
2095 2940 96 29 natives,
2203 2939 46 25 and
2261 2939 39 24 the
2312 2944 72 19 secret
2396 2938 106 30 agencies

1914 2973 75 25 which
2007 2981 39 17 are
2057 2973 106 32 working
2173 2978 107 26 amongst
2297 2973 68 28 them,
2378 2972 45 24 this
2434 2971 68 24 letter

1916 3006 45 25 will
1972 3007 29 23 be
2012 3006 116 33 supposed
2137 3010 26 21 to
2171 3006 29 25 be
2211 3006 39 25 the
2262 3006 97 32 genuine
2368 3005 135 33 production

1917 3041 25 24 of
1951 3040 80 24 Etako
2040 3049 6 21 ;
2065 3041 46 23 and
2122 3040 48 25 will
2180 3040 54 24 thus
2250 3040 67 24 claim
2330 3040 36 23 the
2382 3038 122 32 sympathy

1917 3074 26 24 of
1947 3074 39 24 the
1994 3074 92 32 Society
2093 3074 36 23 for
2138 3074 39 23 the
2184 3074 133 24 Protection
2326 3073 25 24 of
2357 3072 147 30 Aborigines,

1918 3116 25 16 as
1968 3107 38 24 the
2036 3107 81 32 appeal
2140 3107 26 24 of
2185 3115 14 16 a
2222 3106 77 30 frank,
2323 3103 185 35 simple-minded

1919 3148 91 24 savage,
2022 3142 90 30 against
2124 3140 40 25 the
2175 3140 113 25 insidious
2298 3139 142 24 accusations
2453 3137 26 24 of
2492 3146 16 15 a

1920 3174 70 25 white
2000 3182 62 16 man.

1954 3207 134 33 Supposing
2098 3207 47 24 this
2157 3211 23 20 to
2198 3207 29 24 be
2238 3207 39 24 the
2290 3214 58 20 case,
2361 3205 13 24 I
2386 3204 59 25 shall
2455 3205 52 23 first

1921 3241 97 32 proceed
2037 3245 23 19 to
2079 3247 89 18 answer
2189 3240 38 24 the
2246 3239 134 32 categorical
2392 3238 119 33 questions

1923 3273 122 26 addressed
2056 3278 23 20 to
2098 3281 45 22 me,
2156 3273 45 24 and
2218 3273 48 24 will
2275 3297 3 5 ,
2284 3273 53 31 only
2347 3273 45 31 beg
2402 3272 50 24 that
2463 3271 49 24 this

1923 3311 52 29 part
1990 3312 25 20 at
2025 3307 60 25 least
2095 3307 26 25 of
2138 3315 40 23 my
2189 3307 68 24 letter
2274 3314 54 24 may
2338 3306 28 24 be
2385 3305 73 31 fairly,
2467 3304 45 24 and

1923 3340 100 33 literally
2041 3340 126 25 translated
2184 3340 31 32 by
2236 3340 47 29 the,
2291 3347 83 25 person
2392 3339 51 24 who
2458 3345 54 25 pro-

1924 3375 72 24 fesses
2009 3379 23 19 to
2043 3374 58 24 have
2120 3374 126 25 translated
2267 3382 39 23 ray
2317 3374 83 24 former
2419 3379 43 17 one
2477 3371 36 24 for

1925 3408 87 25 Etako.
2049 3408 72 29 First,
2143 3407 50 24 who
2216 3415 59 16 were
2293 3407 38 25 the
2350 3412 142 24 messengers
2502 3405 12 22 ?

1926 3441 23 25 E
1973 3441 81 25 Mare
2079 3441 46 25 and
2147 3441 160 25 Rangitake
2330 3447 56 17 were
2408 3438 39 24 the
2469 3442 45 22 two

1926 3474 83 25 named
2020 3480 24 19 to
2055 3483 37 16 me
2103 3475 32 31 by
2147 3474 142 33 Rauparaha
2296 3483 8 20 ;
2322 3474 37 23 the
2378 3472 84 24 former
2472 3471 42 24 be-

1927 3509 41 30 ing
1987 3508 37 24 the
2036 3508 63 24 chief
2107 3508 61 24 from
2178 3508 40 24 the
2230 3508 114 25 Chatham
2362 3504 90 26 Islands
2464 3504 52 24 who

1927 3541 42 24 has
1985 3542 59 24 been
2061 3542 56 23 here
2136 3542 35 24 for
2193 3550 14 16 a
2227 3539 154 26 considerable
2401 3539 63 28 time,
2476 3537 40 25 the

1928 3575 68 24 latter
2007 3575 119 25 unknown
2137 3580 24 19 to
2172 3583 45 17 me.

1964 3609 123 32 Secondly,
2100 3609 14 24 I
2133 3608 30 25 do
2182 3613 41 20 not
2267 3607 70 24 know
2349 3605 37 25 the
2403 3612 80 18 names
2493 3605 28 24 of

1931 3642 38 24 the
1980 3642 104 33 pakehas
2095 3643 52 24 who
2158 3649 59 17 were
2359 3638 13 25 I
2389 3638 68 26 think
2468 3638 51 24 that

1931 3675 39 25 the
1982 3676 47 25 fact
2060 3676 76 32 might
2145 3675 58 24 have
2214 3675 59 23 been
2281 3673 120 24 concealed
2410 3673 60 24 from
2479 3671 40 24 the

2086 3709 14 24 I
2105 3708 40 25 did
2175 3707 44 25 ask
2224 3706 139 33 Rauparaha
2370 3706 38 24 th
2400 3706 27 24 4

1933 3742 46 25 and
1988 3742 30 25 he
2029 3742 40 25 did
2079 3746 41 20 not
2131 3741 68 24 know
2215 3741 73 24 them.
2323 3740 50 25 The
2390 3746 54 18 men
2451 3739 69 23 'were

1934 3776 110 32 probably
2056 3775 82 25 sailors
2149 3774 50 24 who
2211 3773 46 25 had
2267 3782 45 16 run
2323 3781 61 24 away
2392 3773 60 24 from
2460 3772 61 24 their

1934 3810 102 29 vessels;
2056 3809 45 24 this
2112 3808 22 24 is
2145 3807 39 25 the
2196 3808 60 32 only,
2262 3815 46 25 way.
2322 3808 25 23 in
2363 3806 74 25 which
2448 3804 14 25 I
2477 3812 45 16 can

1935 3847 97 21 account
2043 3842 35 24 for
2098 3841 40 25 the
2145 3866 4 6 ,
2158 3841 56 30 fact,
2225 3842 58 24 that,
2295 3849 31 16 no
2345 3848 42 16 one
2404 3840 44 23 has
2463 3838 59 24 been

1936 3876 94 25 missed.
2086 3884 3 6 '
2394 3884 5 5 ■

1971 3909 57 25 Had
2046 3916 40 24 my
2105 3908 68 24 letter
2191 3908 60 25 been
2270 3908 67 31 fairly
2355 3904 125 31 translated
2500 3909 24 20 to

1938 3942 87 30 Etako,
2036 3942 38 25 His
2084 3934 58 33 h'ext
2153 3949 72 25 query
2231 3941 81 25 would,
2317 3941 57 25 have
2380 3938 94 27 aeemed
2484 3946 42 16 su-

1938 3976 118 31 perfluous
2066 3984 6 21 ;
2092 3975 42 25 but
2146 3975 13 24 I
2171 3975 47 25 will
2231 3979 79 28 repeat
2322 3974 37 24 the
2371 3973 121 25 substance
2505 3971 26 25 of

1322 1745 47 25 Mr.
1383 1744 77 26 Tiffen
1479 1744 40 23 has
1535 1743 107 24 returned
1651 1743 58 23 from
1728 1742 36 23 his
1784 1741 45 31 trip
1849 1745 17 20 to

1287 1778 123 33 Wyderop.
1436 1777 39 26 He
1484 1776 124 33 proceeded
1615 1776 30 30 by
1653 1776 38 23 the
1702 1780 116 19 sea-coast
1827 1774 39 24 and

1288 1820 64 16 came
1369 1812 59 25 back
1449 1811 30 32 by
1491 1810 38 24 the
1548 1810 77 26 Maori
1644 1808 56 33 path
1710 1808 74 25 which
1796 1815 70 17 comes

1288 1850 40 19 out
1338 1845 30 32 by
1378 1846 84 29 Lowry
1473 1844 57 31 Bay,
1543 1843 45 25 and
1600 1844 25 23 of
1634 1843 71 24 which
1717 1850 34 15 we
1764 1840 56 25 have
1831 1841 35 24 be-

1288 1879 48 24 fore
1348 1879 96 33 spoken.
1481 1877 43 24 We
1536 1877 58 30 hope
1611 1882 24 18 to
1655 1877 70 23 insert
1745 1875 39 23 the
1797 1879 69 27 report

1288 1914 24 23 in
1324 1921 41 16 our
1377 1917 55 20 next
1442 1919 77 24 paper.
1556 1910 30 24 In
1599 1910 38 24 the
1649 1909 120 24 meantime
1777 1915 33 16 we
1822 1916 44 22 may

1289 1946 72 25 afford
1372 1946 37 24 the
1421 1945 117 29 following
1548 1943 156 25 information.

1295 2383 19 23 it
1333 2382 21 23 is
1365 2381 25 24 of
1406 2388 80 17 course
1498 2384 23 19 at
1533 2379 30 24 all
1583 2387 67 23 years
1669 2378 68 25 much
1756 2382 90 28 greater
1857 2378 14 23 in

1295 2415 39 24 the
1347 2415 80 24 winter
1438 2413 55 24 than
1504 2413 24 23 in
1539 2412 39 24 the
1590 2419 108 17 summer.

1324 1984 47 25 Mr.
1385 1983 76 26 Tiffen
1473 1982 70 27 found
1550 1981 43 29 ,the
1606 1986 105 22 entrance
1722 1980 27 24 of
1766 1980 37 24 the
1816 1981 54 22 river

1291 2017 134 31 completely
1444 2015 96 24 blocked
1562 2022 40 22 up.
1649 2014 23 22 It
1689 2013 43 24 has
1751 2013 55 28 long
1817 2013 52 21 been

1291 2050 83 23 known
1391 2048 50 23 that
1460 2047 45 23 this
1517 2046 65 23 takes
1602 2045 65 33 place
1684 2046 24 22 in
1726 2044 38 24 the
1775 2051 95 17 summer

1291 2090 80 16 season
1378 2090 7 20 ;
1398 2081 87 30 though
1493 2088 24 16 as
1528 2079 38 24 the
1576 2079 72 23 winds
1655 2083 23 19 at
1688 2078 45 24 this
1742 2085 82 17 season
1837 2084 33 16 are

1293 2114 138 32 continually
1443 2114 35 23 off
1493 2112 38 25 the
1548 2112 76 28 shore,
1637 2112 42 23 and
1701 2110 38 24 the
1760 2110 111 31 southerly

1292 2149 71 23 winds
1375 2155 38 16 are
1425 2154 54 24 very
1489 2146 67 32 light,
1569 2146 47 24 this
1629 2145 65 23 could
1705 2144 81 31 hardly
1797 2144 26 23 be
1836 2151 35 16 ex-

1291 2182 89 31 pected.
1416 2180 98 31 Though
1535 2179 38 24 the
1590 2178 73 24 winds
1675 2179 57 22 from
1753 2177 38 24 the
1810 2177 61 24 south

1293 2223 38 16 are
1351 2214 66 25 much
1436 2221 64 16 more
1512 2213 105 31 frequent
1637 2211 44 24 and
1702 2218 77 16 severe
1798 2211 24 23 in
1840 2211 31 23 the

1294 2249 87 28 winter,
1394 2252 23 19 at
1428 2246 51 25 that
1494 2250 53 28 part
1557 2246 25 23 of
1599 2245 39 24 the
1657 2253 54 23 year
1722 2244 39 23 the
1773 2249 98 19 entrance

1294 2286 23 19 to
1336 2281 37 24 the
1394 2279 116 32 Wyderop
1528 2280 20 23 is
1566 2286 67 25 open.
1679 2278 58 25 This
1755 2278 42 23 has
1821 2278 50 23 been

1294 2323 14 15 a
1330 2322 54 24 very
1408 2314 43 31 dry
1470 2320 101 18 summer
1601 2311 44 25 and
1668 2311 38 24 the
1726 2311 104 32 quantity
1857 2311 14 23 of

1295 2353 69 19 water
1375 2349 24 22 in
1410 2348 39 23 the
1461 2347 59 23 river
1533 2350 62 20 must
1604 2345 59 25 have
1674 2345 57 23 been
1743 2344 68 24 small
1819 2353 6 19 ;
1839 2344 32 24 but

1331 2446 158 32 Immediately
1502 2445 80 25 within
1597 2445 39 24 the
1645 2445 86 24 barrier
1743 2445 48 24 Mr.
1804 2444 70 25 Tiffen

1297 2481 72 24 found
1388 2481 70 30 thirty
1470 2480 46 24 feet
1528 2479 24 23 of
1569 2483 77 24 water,
1659 2478 44 24 and
1720 2478 25 24 in
1765 2478 38 24 the
1823 2478 52 24 river

1298 2515 45 24 and
1355 2523 30 15 on
1395 2514 39 24 the
1446 2513 79 24 shores
1535 2512 24 23 of
1568 2512 40 24 the
1619 2511 60 29 lake,
1689 2519 68 16 never
1769 2511 46 24 less
1829 2511 47 24 than

1300 2549 79 24 eleven
1387 2547 48 25 feet
1444 2547 26 23 of
1480 2550 75 20 water.
1592 2545 51 24 The
1654 2544 53 24 land
1717 2552 30 16 on
1759 2544 38 24 the
1809 2544 68 24 banks

1301 2582 25 24 of
1334 2582 39 24 the
1384 2582 60 23 river
1456 2580 44 23 and
1517 2578 127 31 stretching
1655 2585 62 23 away
1729 2582 23 20 to
1769 2578 39 23 the
1825 2577 52 25 East

1301 2619 70 25 coast,
1390 2615 21 23 is
1432 2612 118 25 described
1568 2620 26 16 as
1609 2619 55 24 very
1675 2611 45 26 fine
1738 2611 139 32 agricultural

1301 2648 63 24 land.
1401 2647 52 25 The
1472 2646 55 25 land
1543 2646 103 23 between
1657 2645 46 24 this
1722 2645 67 24 shore
1807 2645 26 24 of
1848 2645 29 23 the

1302 2682 55 24 lake
1387 2681 46 24 and
1461 2680 39 24 the
1523 2679 54 25 hills
1600 2679 129 31 separating
1756 2678 38 24 the
1813 2678 64 31 valley

1305 2717 59 22 from
1375 2716 59 23 Port
1444 2713 136 29 Nicholson,
1592 2713 21 23 is
1623 2711 73 24 stated
1712 2717 23 18 to
1746 2711 29 24 be
1794 2712 83 23 covered

1304 2749 56 24 with
1369 2747 112 26 beautiful
1493 2746 43 24 and
1547 2745 105 25 valuable
1663 2745 90 25 timber,

1306 2782 113 25 excellent
1429 2780 97 31 grazing
1536 2779 62 24 land.

1341 2815 71 25 From
1434 2814 40 24 the
1495 2813 53 24 lake
1571 2817 24 20 to
1617 2812 50 26 Mr.
1690 2812 93 24 Wade's
1806 2813 77 23 station

1306 2849 74 24 where
1388 2847 88 26 vessels
1486 2854 42 17 can
1539 2846 93 30 anchor,
1644 2845 38 24 the
1691 2851 94 27 portage
1796 2846 20 23 is
1828 2846 57 24 short

1308 2883 45 24 and
1365 2881 67 33 good.
1469 2879 59 25 This
1539 2879 103 25 distance
1653 2879 21 23 is
1683 2879 53 31 only
1745 2879 64 32 eight
1816 2879 69 30 miles,

1311 2916 45 24 and
1368 2924 14 16 a
1392 2914 61 33 good
1463 2913 54 27 road
1530 2921 42 16 can
1584 2913 71 31 easily
1666 2913 28 23 be
1703 2913 73 24 made.

1343 2949 51 24 The
1406 2947 37 25 old
1456 2947 77 25 Maori
1552 2946 56 33 path
1619 2946 30 31 by
1660 2946 73 24 which
1752 2946 49 24 Mr.
1815 2946 71 25 Tiffea

1309 2981 116 31 returned,
1435 2981 44 24 has
1490 2980 59 25 been
1568 2979 116 25 traversed
1695 2987 25 17 so
1738 2979 59 25 little
1809 2981 26 23 of
1849 2980 37 25 late

1310 3016 51 25 that
1369 3017 19 23 it
1399 3015 42 25 has
1452 3014 79 31 nearly
1542 3013 81 25 ceased
1635 3018 22 19 to
1670 3013 73 30 exist,)
1750 3013 44 25 and
1805 3021 46 17 was
1860 3013 26 25 al-

1310 3053 61 21 most
1389 3047 147 33 impassable.
1584 3046 161 25 Nevertheless
1766 3047 60 24 what
1846 3046 40 25 Mr.

1312 3083 76 24 Tifien
1399 3089 46 17 saw
1456 3088 25 18 as
1499 3080 29 24 he
1538 3088 65 17 came
1614 3080 75 31 along,
1700 3080 37 24 led
1754 3080 48 24 him
1820 3085 24 19 to
1855 3080 31 24 be-

1313 3116 59 25 lieve
1392 3115 50 25 that
1454 3123 14 16 a
1484 3114 55 25 road
1559 3122 53 23 may
1623 3114 28 23 be
1664 3113 66 25 made
1742 3114 150 31 commencing

1314 3155 24 19 at
1352 3149 83 31 Lowry
1447 3149 50 30 Bay
1507 3156 6 21 ;
1535 3147 50 25 that
1596 3148 39 23 the
1646 3146 71 24 whole
1728 3147 102 24 distance
1841 3147 51 23 from

1314 3183 144 30 Wellington
1469 3186 23 19 to
1504 3181 38 24 the
1553 3180 117 32 Wyderop
1678 3179 72 32 valley
1760 3179 48 24 will
1819 3185 41 18 not
1868 3180 24 23 be

1314 3224 64 17 more
1397 3216 54 24 than
1470 3213 162 32 twenty-eight
1650 3212 74 31 miles,
1736 3213 46 24 and
1801 3213 50 23 that
1860 3212 32 26 the

1316 3250 55 24 road
1384 3248 46 25 will
1441 3249 25 23 in
1475 3255 29 16 no
1514 3254 97 17 manner
1621 3247 28 24 be
1656 3246 94 24 inferior
1761 3251 23 19 to
1795 3246 40 24 the
1846 3246 46 25 road

1317 3288 22 20 to
1350 3282 94 25 Karori.
1479 3280 44 25 We
1536 3288 37 16 are
1583 3288 54 16 sure
1646 3279 31 26 all
1686 3280 47 24 will
1740 3280 105 24 consider
1855 3280 38 24 this

1317 3320 96 21 account
1424 3323 26 17 as
1461 3318 60 21 most
1531 3313 153 31 satisfactory.

1351 3349 69 24 What
1432 3348 73 32 ought
1520 3352 24 20 to
1555 3347 30 24 be
1595 3346 58 24 done
1672 3351 23 19 to
1706 3346 81 24 render
1797 3346 47 24 this
1855 3346 40 24 fine

1319 3384 89 24 district
1418 3381 104 25 valuable
1534 3385 23 20 to
1569 3381 60 24 Port
1640 3379 126 25 Nicholson
1774 3380 11 24 ?

1354 3416 50 25 The
1413 3415 57 25 road
1487 3422 31 25 up
1530 3414 39 24 the
1582 3413 62 25 Hutt
1655 3413 46 25 will
1717 3413 31 24 be
1766 3412 75 26 useful
1858 3412 40 26 and

1320 3458 43 17 one
1373 3450 66 24 mode
1451 3448 27 25 of
1485 3448 90 32 getting
1585 3447 50 24 into
1646 3447 38 24 the
1693 3447 124 31 Wyderop,
1826 3447 40 24 but
1873 3454 25 17 as

1321 3492 34 16 we
1373 3484 57 24 have
1451 3490 14 16 a
1484 3486 66 20 route
1569 3488 26 16 so
1607 3479 69 25 much
1687 3480 89 24 shorter
1793 3480 20 24 it
1824 3480 76 24 should

1321 3516 116 26 forthwith
1458 3516 27 23 be
1505 3513 110 26 rendered
1634 3513 118 24 available.
1787 3513 45 24 We
1848 3513 52 32 hope

1322 3551 39 24 the
1373 3548 139 33 Company's
1524 3546 118 32 Principal
1653 3542 83 35 Agent'
1743 3546 46 25 will
1799 3546 58 24 have
1867 3547 34 24 tbe

1323 3591 50 18 new
1384 3582 55 26 road
1456 3580 153 31 immediately
1622 3579 108 32 carefully
1742 3580 110 30 surveyed
1863 3579 39 25 and

1324 3617 73 25 made.
1433 3615 27 24 If
1473 3615 39 24 the
1522 3614 60 32 good
1592 3612 64 25 work
1668 3620 46 17 was
1731 3612 70 24 taken
1812 3614 25 23 in
1848 3613 55 25 hand

1324 3648 117 27 forthwith
1458 3648 20 25 it
1495 3647 76 32 might
1588 3646 28 24 be
1634 3645 125 33 completed
1776 3646 77 25 before
1868 3647 35 25 the

1326 3688 43 20 wet
1396 3681 99 26 weather
1528 3679 153 26 commenced.
1733 3679 113 25 Whether
1869 3680 35 24 the

1317 3728 2 13 :
1326 3717 116 32 Wyderop
1460 3716 29 23 be
1508 3714 80 24 settled
1602 3713 83 32 wholly
1696 3721 26 18 or
1738 3713 26 25 in
1782 3718 52 26 part
1852 3713 52 25 from

1328 3749 116 33 England,
1455 3756 25 17 or
1490 3747 97 32 entirely
1595 3747 32 32 by
1636 3747 57 24 Port
1703 3746 127 25 Nicholson
1842 3746 63 26 Colo-

1328 3786 59 24 nists
1406 3783 47 24 this
1468 3781 58 25 Toad
1543 3780 84 25 should
1642 3780 29 24 be
1691 3780 75 28 made,
1777 3788 25 15 so
1820 3788 52 17 soon
1881 3789 26 16 as

1318 3822 2 11 1
1328 3816 109 35 possible.

1453 3848 37 25 the
1509 3848 122 24 Governor
1650 3847 93 29 arrives,
1756 3854 29 17 an
1806 3854 101 26 arrange-

1321 3904 3 9 ,
1330 3881 64 29 mefii
1405 3889 23 19 to
1428 3882 3 15 I
1435 3882 59 25 'take
1505 3890 14 16 a
1536 3881 65 32 large
1618 3881 90 32 portion
1726 3880 26 24 of
1767 3880 46 24 this
1831 3880 78 33 valley,

1331 3916 83 26 should
1424 3916 30 25 be
1474 3915 73 26 made.
1584 3914 95 31 Having
1690 3913 106 25 obtained
1813 3921 16 16 a
1846 3916 64 23 satis-

1322 3956 3 11 ■
1332 3951 87 31 factory
1437 3949 57 30 tide,
1507 3949 18 23 it
1542 3947 76 25 would
1635 3947 29 25 be
1674 3947 55 25 wise
1746 3951 24 21 to
1787 3948 90 32 proceed
1888 3953 23 19 at

1325 3991 71 19 -once'
1401 3988 24 21 to
1432 3984 32 25 it*
1479 3989 89 23 survey,
1582 3988 26 17 to
1629 3986 59 19 mto
1700 3981 58 24 have
1773 3981 19 24 it
1802 3980 67 32 ready
1876 3981 35 25 for

702 978 46 24 We
769 978 45 31 beg
835 981 23 20 to
880 977 73 24 direct
975 976 39 24 the
1036 976 110 24 attention
1171 976 24 23 of
1214 982 41 17 our

668 1011 92 24 readers
783 1016 23 18 to
830 1010 40 24 the
892 1009 149 33 proceedings
1070 1009 27 23 of
1128 1008 40 24 the
1196 1008 56 24 Port

670 1044 127 25 Nicholson
810 1043 157 31 Agricultural
980 1042 154 28 Association,
1147 1049 14 15 a
1181 1046 74 26 report

671 1079 26 23 of
712 1077 73 24 which
807 1077 47 23 will
872 1076 29 24 be
920 1075 72 25 found
1014 1076 23 23 in
1055 1074 96 24 another
1169 1079 49 27 part
1233 1074 25 24 of

671 1112 47 23 this
730 1118 76 24 paper,
819 1109 45 24 and
875 1117 34 16 we
929 1108 54 25 take
1002 1108 45 24 this
1066 1108 146 31 opportunity
1233 1107 25 24 of

672 1145 95 30 offering
776 1152 14 15 a
800 1143 42 24 few
853 1143 154 24 observations
1016 1141 124 24 connected
1150 1141 54 23 with
1217 1140 37 24 the

672 1177 95 32 subject.
797 1176 43 24 We
854 1175 153 32 congratulate
1015 1182 40 17 our
1063 1174 76 24 fellow
1147 1174 107 23 colonists

672 1219 30 15 on
715 1211 37 23 the
764 1210 172 24 establishment
953 1209 27 23 of
1001 1216 29 16 an
1050 1207 136 25 association
1207 1206 46 24 like

673 1244 55 28 this,
741 1243 84 31 having
834 1243 34 24 for
879 1244 30 22 its
920 1242 87 31 objects
1017 1241 38 24 the
1063 1245 190 27 encouragement

673 1278 26 23 of
715 1276 154 32 Agriculture,
888 1275 44 24 and
950 1275 38 23 the
1011 1275 118 24 collection
1152 1274 26 22 of
1198 1274 56 23 facts

674 1310 98 32 relating
793 1315 23 18 to
839 1309 39 24 the
901 1308 91 24 natural
1014 1315 117 16 resources
1161 1306 26 25 of
1209 1307 45 23 this

675 1348 94 26 country
778 1352 7 20 ;
805 1342 45 24 and
861 1342 73 24 which
945 1342 47 23 will
1003 1340 71 25 afford
1093 1345 22 19 to
1137 1339 118 31 intending

674 1377 143 31 immigrants
837 1375 146 24 information
1004 1382 30 16 on
1054 1373 74 24 which
1147 1373 54 31 they
1213 1380 41 16 can

675 1410 87 31 depend
785 1417 26 16 as
833 1417 15 15 a
870 1408 67 31 guide
960 1409 24 23 in
1007 1408 58 24 their
1083 1406 171 31 undertakings,

675 1443 96 24 because
792 1442 57 24 such
867 1449 29 16 an
913 1441 147 24 Association
1079 1439 75 24 .under
1177 1447 79 23 proper

675 1481 161 26 management
847 1479 82 20 cannot
947 1474 41 24 fail
1009 1479 23 19 to
1051 1474 28 22 be
1098 1472 118 24 beneficial
1234 1473 22 23 in

677 1510 38 23 the
727 1510 91 31 highest
836 1509 88 31 degree.
970 1507 51 24 The
1039 1507 55 24 time
1114 1506 48 24 also
1186 1513 70 16 seems

677 1547 24 19 to
713 1543 28 23 be
752 1542 133 25 favourable
896 1547 23 18 to
931 1541 38 24 the
982 1540 93 31 designs
1086 1539 26 25 of
1127 1539 39 23 the
1185 1538 71 25 Asso-

677 1577 92 28 ciation,
792 1576 36 23 for
851 1583 34 16 we
906 1574 58 25 have
988 1581 66 24 every
1082 1572 130 25 confidence
1234 1573 23 23 in

677 1609 115 32 believing
803 1608 50 24 that
862 1608 38 24 the
908 1609 124 30 important
1039 1607 116 31 questions
1163 1605 93 32 relating

679 1648 22 18 to
713 1643 39 23 the
764 1642 68 25 Land
846 1641 87 24 Claims
943 1641 55 23 and-
1007 1641 38 23 the
1062 1639 147 31 Aborigines,
1220 1639 37 23 the

678 1684 46 16 non
736 1676 130 24 settlement
877 1675 25 23 of
911 1674 72 24 which
996 1674 41 24 has
1047 1673 58 23 been
1116 1672 39 24 the
1173 1672 85 24 fruitful

679 1717 68 16 cause
760 1709 24 23 of
799 1716 26 16 so
837 1708 68 23 much
916 1707 77 32 injury
1005 1711 23 19 to
1040 1705 45 24 this
1107 1705 87 31 colony,
1214 1705 44 24 will

680 1747 23 19 at
726 1742 78 33 length
825 1741 71 25 under
914 1740 39 24 the
970 1740 104 31 auspices
1092 1739 25 24 of
1140 1747 41 17 our
1204 1738 54 25 New

680 1776 120 23 Governor
811 1775 29 24 be
852 1782 25 16 so
886 1774 120 32 arranged,
1018 1773 49 24 that
1078 1772 30 24 all
1130 1771 128 32 conflicting

680 1810 107 22 interests
806 1808 45 24 will
872 1808 27 23 be
919 1807 128 32 composed,
1060 1806 45 24 and
1115 1806 58 29 that,
1185 1805 75 32 laying

680 1842 63 24 aside
760 1850 68 22 every
848 1841 155 32 impediment,
1022 1848 32 15 we
1073 1847 53 23 may
1140 1839 64 30 fairly
1218 1846 40 16 run

681 1876 39 24 the
731 1883 52 16 race
795 1875 49 24 that
856 1875 21 23 is
894 1880 36 17 set
949 1874 77 23 before
1045 1881 37 16 us.
1130 1872 48 25 But
1196 1872 63 24 while

680 1917 35 16 we
727 1908 155 31 congratulate
894 1915 40 16 our
955 1907 73 23 fellow
1047 1906 108 24 colonists
1176 1913 36 18 on.
1222 1905 37 24 the

681 1942 173 24 establishment
867 1941 24 24 of
906 1941 46 23 this
961 1941 154 27 Association,
1134 1947 34 15 we
1188 1938 71 25 would

684 1976 45 31 beg
740 1975 60 24 them
814 1974 108 30 carefully
931 1979 22 18 to
966 1974 55 23 bear
1030 1974 23 23 in
1065 1973 62 24 mind
1140 1972 49 24 how
1197 1971 63 27 much

683 2010 30 23 its
736 2009 116 30 efficiency
873 2007 101 32 depends
994 2015 28 15 on
1044 2006 136 24 themselves
1187 2006 20 32 £,
1214 2002 53 30 How.

684 2041 125 30 materially
820 2041 56 23 each
887 2041 79 22 settler
982 2039 50 23 who
1049 2039 66 23 takes
1133 2039 128 31 possession

684 2075 26 23 of
724 2074 35 24 his
771 2077 95 26 country
877 2072 61 28 land,
950 2072 46 23 and
1007 2070 95 32 steadily
1123 2068 98 27 refcolveife
1241 2074 27 19 to-

685 2107 90 24 reclaim
793 2107 39 23 the
853 2105 109 25 stubborn
981 2104 138 28 wilderness,
1140 2104 94 30 making
1246 2098 18 28 it
1263 2103 4 10 1

685 2140 141 24 subservient
839 2144 23 19 to
872 2139 37 24 the
927 2146 54 17 uses
1001 2138 25 25 of

685 2174 56 24 such
764 2182 14 15 a
799 2181 43 16 one
854 2180 41 17 can
915 2172 127 24 contribute
1061 2176 22 18 to
1096 2171 39 23 the
1145 2170 85 31 objects
1242 2170 24 23 of

686 2207 47 24 this
755 2207 144 27 association,
919 2206 45 23 and
987 2210 22 18 to
1030 2204 37 24 the
1084 2204 86 24 benefit
1188 2203 24 24 of
1230 2203 34 23 his

686 2241 73 23 fellow
777 2239 92 25 settlers
887 2246 25 17 as
932 2239 28 23 he
978 2237 91 25 labours
1084 2245 30 16 on
1124 2237 35 23 his
1173 2234 92 34 solitary

686 2274 66 29 farm,
775 2274 20 23 if
817 2272 29 25 he
868 2273 83 23 carries
969 2272 54 24 with
1043 2271 49 24 him
1110 2278 30 16 an
1151 2271 114 30 inquiring

687 2307 45 24 and
743 2315 29 16 an
782 2306 121 24 observant
919 2305 75 33 spirit.
1037 2304 71 24 What
1126 2305 21 23 is
1165 2303 101 32 required

687 2342 21 23 is
720 2344 86 20 correct
818 2339 153 28 information,
973 2351 33 5 —
1008 2347 13 15 a
1033 2337 119 25 collection
1173 2337 25 24 of
1211 2337 56 24 facts

687 2387 34 5 —
722 2374 39 24 the
783 2373 84 24 results
889 2372 24 24 of
936 2371 37 25 the
994 2371 104 25 different
1117 2363 150 41 experiments

688 2408 71 32 going
775 2415 30 16 on
823 2413 68 24 every
910 2405 44 33 day
972 2405 87 24 around
1076 2412 36 22 us,
1133 2403 74 24 which
1216 2411 52 25 may

689 2439 131 26 afterwards
831 2440 29 24 be
878 2439 118 31 analyzed,
1009 2438 125 29 combined,
1154 2437 45 25 and
1216 2443 52 25 pre-

689 2474 80 24 sented
780 2474 24 24 in
816 2481 14 16 a
841 2473 102 31 digested
953 2472 58 24 form
1033 2476 23 20 to
1072 2472 38 23 the
1122 2472 145 30 community.

690 2507 51 25 The
752 2506 54 26 field
816 2507 36 23 for
869 2506 88 32 inquiry
976 2506 21 23 i«
1015 2512 53 24 very
1089 2505 118 23 extensive
1228 2505 42 24 and

690 2541 142 30 interesting.
877 2539 51 25 The
945 2543 133 20 statements
1096 2537 102 25 hitherto
1209 2538 62 25 made

691 2575 58 24 have
769 2574 36 24 for
824 2573 39 25 the
882 2577 59 20 most
952 2577 52 28 part
1014 2573 58 23 been
1082 2579 74 24 vague
1167 2573 104 30 specula-

692 2609 69 28 tions,
772 2607 74 30 these,
865 2606 86 32 though
969 2605 117 25 allowable
1104 2610 24 19 at
1147 2605 83 24 first—
1231 2613 40 23 nay

693 2641 112 25 desirable
816 2641 75 23 where
902 2646 67 26 every
981 2639 66 32 thing
1057 2639 20 23 is
1098 2645 51 17 new
1170 2639 43 25 and
1226 2641 48 23 !un-

693 2674 66 30 trieil,
780 2674 72 31 ought
873 2681 49 18 now
943 2677 23 20 to
990 2673 51 32 give
1061 2672 66 33 place
1150 2676 24 19 to
1204 2672 70 25 better

694 2709 86 30 things,
792 2715 34 16 we
835 2707 44 24 feel
899 2706 49 25 that
967 2705 130 32 something
1111 2713 66 17 more
1195 2707 20 23 is
1228 2709 47 21 'ex-

694 2741 79 34 pected
785 2741 59 24 from
854 2748 37 22 us,
902 2740 50 24 that
964 2740 38 23 the
1026 2740 54 23 time
1098 2739 42 24 has
1159 2744 24 19 at
1201 2739 75 32 length

696 2774 87 25 arrived
794 2773 66 25 when
879 2780 33 17 we
935 2780 38 18 are
992 2772 104 32 required
1119 2777 24 19 to
1162 2775 61 22 state
1239 2773 37 24 the

696 2808 83 24 results
791 2808 25 24 of
840 2815 42 16 oar
900 2806 142 32 experience,
1061 2805 46 25 and
1124 2805 65 26 these
1212 2806 64 32 fairly

697 2841 81 30 stated,
799 2840 55 25 with
880 2839 38 25 the
941 2838 178 26 circumstantial
1141 2839 137 26 minuteness

698 2874 72 25 which
781 2874 96 31 belongs
887 2878 23 19 to
921 2873 141 33 experience,
1074 2873 47 24 will
1141 2879 66 26 carry
1227 2873 53 24 with

698 2909 62 24 them
771 2916 14 16 a
794 2913 75 26 stamp
880 2907 26 24 of
920 2907 150 32 authenticity
1080 2906 51 24 that
1143 2906 47 24 will
1206 2907 74 25 insure

699 2942 60 24 their
769 2941 99 32 implicit
879 2940 123 32 reception.

733 2982 43 24 We
789 2982 57 24 have
854 2988 49 17 now
910 2980 58 25 been
978 2980 56 32 long
1044 2979 90 33 enough
1145 2981 26 23 in
1182 2980 38 25 the
1229 2981 53 25 land

701 3021 23 19 to
734 3015 68 25 know
814 3015 51 24 that
874 3015 19 24 it
903 3014 20 24 is
936 3021 56 25 very
1002 3013 68 32 good,
1082 3013 50 25 that
1142 3014 33 24 its
1185 3014 50 25 best
1246 3022 36 17 re-

701 3048 181 26 commendation
898 3048 21 23 is
930 3055 15 16 a
964 3047 63 33 plain
1043 3051 123 20 statement
1177 3048 25 24 of
1220 3048 63 25 those

701 3083 59 24 facts
780 3081 124 25 connected
913 3080 56 26 with
987 3081 30 24 its
1037 3080 91 24 natural
1147 3077 137 36 capabilities

702 3116 74 24 which
795 3115 59 24 have
872 3123 25 16 so
910 3114 103 32 strongly
1025 3113 125 33 impressed
1168 3122 29 17 us
1208 3115 52 25 with
1271 3123 15 16 a

703 3149 128 24 conviction
842 3148 26 24 of
884 3148 31 24 its
927 3147 147 32 advantages,
1085 3147 46 25 and
1142 3147 74 25 which
1231 3156 54 26 o,an-

705 3188 38 19 oot
753 3182 41 25 fail
811 3187 24 20 to
855 3180 99 34 produce
972 3181 39 24 the
1032 3188 61 18 same
1113 3180 128 29 conviction!
1256 3190 30 18 on

705 3216 85 29 others,
802 3215 51 25 who
864 3222 52 25 may
927 3215 75 25 desire
1020 3219 23 19 to
1054 3215 103 24 increase
1169 3222 42 17 our
1221 3223 66 17 num-

705 3250 53 24 bers
768 3249 30 31 by
809 3249 89 31 casting
909 3248 58 25 their
978 3248 34 25 lot
1023 3248 24 25 in
1056 3247 55 25 with
1122 3255 37 17 us.
1190 3248 42 25 We
1242 3249 46 24 mil

706 3283 52 32 give
768 3290 14 16 a
792 3282 43 24 few
846 3281 109 33 practical
966 3281 149 25 illustrations
1124 3281 27 24 of
1159 3288 43 18 our
1212 3290 76 17 mean-

712 3324 43 23 ing.
757 3328 32 6 —
791 3316 105 31 Suppose
924 3314 66 25 those
1018 3314 116 25 Colonists
1156 3314 51 25 who
1234 3316 55 25 have

708 3349 81 26 turned
814 3349 61 24 their
903 3348 111 24 attention
1042 3352 23 20 to
1094 3347 103 34 keeping
1214 3348 75 31 stock,

708 3382 75 25 would
788 3381 70 26 make
868 3381 79 32 yearly
955 3389 26 16 or
986 3381 51 24 half
1044 3381 78 31 yearly
1131 3386 90 20 returns
1226 3387 22 20 to
1253 3382 38 25 the

710 3416 135 25 association
856 3416 26 23 of
897 3414 39 26 the
947 3419 93 20 amount
1051 3414 25 24 of
1086 3414 59 25 their
1156 3415 74 31 stock,
1242 3417 49 26 dis-

711 3449 143 32 tinguishing
861 3448 38 25 the
907 3448 102 25 kindsof
1014 3448 103 29 animals,
1119 3461 34 4 —
1154 3448 39 24 the
1200 3450 93 24 number

712 3483 24 24 of
745 3484 88 28 horses,
844 3490 84 22 mares,
940 3481 83 30 mules,
1035 3490 25 16 or
1072 3489 71 22 asses,
1145 3494 34 5 —
1180 3482 38 25 the
1227 3490 65 18 num-

711 3516 41 26 ber
769 3516 26 25 of
815 3523 68 22 cows,
898 3514 238 32 .working-bullocks,
1157 3516 46 24 and
1220 3516 73 25 beasts

713 3550 111 30 fattening
831 3549 36 23 for
874 3549 38 23 the
923 3548 93 24 market
1021 3556 9 20 ;
1042 3548 37 24 the
1086 3548 99 24 number
1194 3550 26 24 of
1227 3550 67 32 sheep

713 3582 45 25 and
769 3582 26 24 of
805 3582 64 24 these
880 3581 39 24 the
931 3581 96 24 number
1042 3581 26 24 of
1077 3588 59 17 ewes
1147 3582 47 24 and
1201 3583 93 25 wethers

713 3616 25 24 in
749 3615 55 25 each
812 3615 70 30 flock,
883 3627 34 5 —
917 3614 38 26 the
964 3615 103 23 increase
1077 3614 31 32 by
1110 3614 117 32 purchase
1229 3616 66 32 /torn

713 3647 64 26 stock
787 3647 115 32 imported
910 3647 84 32 during
1003 3643 37 28 iKe
1046 3654 65 25 year,
1111 3660 34 5 —
1147 3648 39 25 the
1198 3650 98 25 increase

716 3682 29 32 by
755 3681 83 30 births,
838 3694 34 5 —
873 3681 39 24 the
927 3681 98 24 number
1036 3681 25 24 of
1079 3681 90 30 deaths,
1178 3685 95 31 stating-
1280 3682 20 26 if

716 3716 53 31 they
780 3715 58 24 have
849 3714 108 25 occurred
966 3714 60 24 from
1037 3714 91 25 natural
1138 3723 32 17 or
1177 3718 120 24 accidental

717 3756 87 22 causes,
816 3748 46 24 and
879 3748 38 24 the
927 3747 98 25 number
1034 3748 50 24 sold
1095 3749 85 32 during
1190 3749 46 26 the.
1246 3756 54 27 jestr

716 3782 36 25 for
763 3782 169 32 consumption.
967 3781 86 31 Again,-
1065 3788 100 26 suppose
1175 3782 124 33 those^rho

718 3816 79 24 devote
804 3815 60 24 their
871 3819 53 24 t;me
932 3819 23 20 to
964 3814 146 32 agricultural
1117 3817 103 30 pursuits
1228 3807 73 36 i&uld

719 3848 67 25 make
797 3848 78 32 yearly
888 3855 25 17 or
923 3847 139 32 half-yearly
1074 3853 92 22 returns
1178 3850 26 27 of
1211 3850 90 33 tbe-.fx-

719 3887 48 21 tent
774 3882 26 24 of
809 3881 90 25 cleared
910 3881 54 25 land
973 3889 30 16 on
1012 3880 62 26 their
1084 3882 80 30 farms,
1176 3883 39 25 the
1226 3886 77 30 extent

720 3915 89 26 cleared
826 3915 31 32 by
869 3915 62 24 them
949 3915 25 23 in
987 3915 38 24 the
1037 3916 109 24 intervals
1157 3916 29 26 of,
1201 3918 104 24 each-re-

720 3955 61 23 turn,
792 3949 40 24 the
840 3950 80 23 nature
933 3948 26 24 of
975 3948 39 24 the
1032 3946 62 34 land,
1105 3948 102 29 whether
1218 3951 87 27 ftro^qr

721 3982 125 30 woodland,
857 3982 21 24 If
893 3980 90 34 titiVily
995 3989 26 16 or
1037 3981 82 33 lightly
1131 3983 118 32 timbered,
1260 3984 45 30 »nd

550 75 94 46 Cfjt
669 75 118 40 sstx&
815 73 209 41 3»ralau&
1051 72 189 47 ffiajtttc
1267 72 89 38 ana
1383 70 301 45 sSKilUttgton
1709 65 246 48 9s#ttmt>x.

687 163 107 21 Schooner
813 162 66 29 Thrge
895 161 110 24 Brothers,
1022 160 27 21 32
1067 161 57 23 tons,
1141 159 102 22 Jackson.

660 191 98 26 Captain,
767 190 78 25 Agent.
851 192 10 20 7
1131 188 3 4 '
1169 189 28 22 ./-
1211 190 3 8 '

687 218 83 26 Barque
788 212 86 31 Tyriari,
891 216 41 21 225
943 217 57 23 tons,
1019 214 112 21 Clarkson:
1151 213 94 22 -Samuel

659 245 44 21 and
712 244 88 26 Joseph,
811 246 88 24 Agents.

836 304 121 17 CUSTOM
971 304 107 17 HOUSE.

811 365 123 23 Inwards,
950 363 150 22 Coastwise.

690 398 29 21 In
733 403 47 15 ths
1081 399 66 15 mom
1159 393 87 23 Queen

662 425 165 22 Charlotte's
846 424 114 21 Sound.—
960 422 89 25 Master,
1069 421 119 26 Agent.—l
1209 423 38 17 tun

661 452 64 21 black
734 451 37 22 oil.

690 479 30 21 In
728 485 47 15 the
966 481 66 16 from
1042 475 99 21 Cloudy
1159 475 88 22 Bat.—

663 507 86 20 Samuel
766 506 43 21 and
816 506 84 26 Joseph,
910 503 157 28 Agents.~2ls
1077 505 51 19 tuns
1136 502 63 22 black
1213 500 34 26 oil,

664 534 23 21 11
699 536 49 19 tons
757 534 129 24 whalebone,
896 534 12 21 I
916 532 79 21 bundle
1004 531 49 21 flax.

655 777 95 85 New
782 777 221 85 Zealand
1035 777 221 85 Gazette

706 865 67 22 AND
788 863 217 24 WELLINGTON
1024 862 188 23 SPECTATOR.

765 920 132 23 Saturday,
913 918 111 23 January
1037 918 35 26 20,
1089 918 61 21 1844.

146 3205 172 26 SHIPPING
335 3205 278 26 INTELLIGENCE.

311 3261 137 16 ARRIVED.

352 3295 71 18 None.

331 3342 118 22 SAILED.

117 3376 94 26 Jttraary
219 3375 37 25 16,
264 3377 68 19 cutter
348 3375 108 25 Finnetta,
468 3376 24 20 12
513 3379 58 23 ton*,
582 3377 96 26 Watson,

90 3403 36 22 for
135 3402 90 22 Nelson.

318 3455 32 17 IN
367 3455 83 17 PORT.

117 3488 87 26 Barque
222 3486 132 26 Indemnity,
372 3486 43 20 312
439 3489 58 22 toni,
517 3487 28 22 R.
566 3488 117 28 Sedgwick.

89 3516 83 26 Agenti
177 3529 6 11 ,
193 3514 115 27 Ridgways
317 3513 43 21 and
370 3513 41 22 Co.
438 3514 96 28 Loading
542 3516 37 21 for
585 3517 99 22 London.

118 3543 114 22 Schooner
252 3542 61 26 Ann,
336 3542 28 20 22
385 3544 60 19 tons.
473 3542 54 21 Laid
539 3550 51 21 -up.

118 3572 112 21 Schooner
255 3570 64 26 Erin,
345 3570 27 21 25
398 3573 60 18 tons.
484 3570 55 21 Laid
549 3578 39 21 up.

119 3600 111 21 Schooner
235 3598 73 21 Maori
315 3598 74 26 Davis,
397 3598 26 21 15
432 3601 58 18 tons.
519 3598 124 29 Repairing.

120 3627 53 26 Brig
192 3626 100 25 Gannett,
303 3626 41 21 322
358 3628 58 22 tons,
423 3647 3 3 .
432 3626 95 21 Nicholl.
558 3627 68 22 Wait:
643 3628 43 21 and

93 3655 75 26 Tyser,
178 3654 92 26 Agents.

122 3682 112 21 Schooner
249 3680 63 27 Lady
332 3681 76 26 Leigh,
430 3681 40 21 109
489 3683 59 25 tons,
574 3682 112 22 Cnthbert.

94 3709 70 23 Waitt
173 3709 42 21 and
225 3708 75 27 Tyter,
311 3708 89 26 Agents.
421 3708 5 8 '

124 3737 109 21 Schooner
238 3735 79 22 Nelton
324 3736 87 27 Packet,
419 3736 27 21 20
452 3739 57 23 tons,
518 3737 62 22 Cole.
608 3738 78 27 Agent,

92 3762 104 30 .Captain.
405 3783 3 10 ,
431 3781 2 4 .
476 3786 3 5 ,
526 3782 5 4 .

124 3793 111 21 Schooner.
244 3791 111 21 Susannah
366 3791 56 28 Ann,
434 3791 35 26 79,
475 3809 3 6 ,
484 3792 86 22 Brown.
599 3794 88 27 Agent*,

98 3820 84 22 Samuel
191 3821 43 20 and
243 3818 91 27 Joseph.
385 3814 92 29 .',.',

125 3848 65 27 Sloop
197 3847 68 26 Royaf
274 3847 101 24 William,
382 3845 29 23 43
421 3848 56 24 toni,
484 3847 85 22 Lovstt.
598 3850 81 28 Agents
683 3864 5 11 ,

98 3875 93 21 Wallace
200 3875 44 20 and
260 3874 41 21 Co.
340 3892 3 5 ,
370 3890 4 4 .
447 3892 2 5 ,
496 3895 3 4 .
514 3894 2 3 ,
546 3894 3 3 .
561 3897 3 4 .

92 3919 4 4 .
125 3902 112 27 S/chobntr
251 3902 39 21 Sir
298 3902 56 27 John
371 3902 111 25 Franklin,
492 3903 33 21 52.
536 3906 58 24 tons,
613 3905 75 27 Camp-

176 3927 60 24 Hort
245 3929 42 22 and
298 3929 48 26 Co.,
355 3930 90 27 Agents.
463 3943 19 12 -^
511 3940 17 8 •■
539 3934 14 18 \
588 3947 3 4 .

127 3957 75 22 Cutter
213 3957 76 25 Letftn,
299 3953 27 28 J24
345 3960 48 19 toat
395 3972 7 12 ,
416 3953 103 32 fieislfy.
550 3958 86 23 Saniuel
649 3961 39 20 and

99 3981 195 38 jQta£j>,:.Aftets.
328 4005 21 11 it
373 4000 29 11 ,
425 3991 4 6 '
445 3982 5 4 '

1873 155 46 23 sale
1930 155 24 23 in
1965 155 152 31 anticipation;
2124 155 26 23 of
2164 154 21 24 a'
2196 154 96 27 demand
2303 155 72 25 which
2387 162 65 18 assu-

1872 188 63 30 redly
1947 186 47 24 will
2004 187 59 26 arise
2084 194 39 17 ere
2142 185 76 34 long/
2240 187 31 25 In
2291 190 121 30 surveying
2427 190 27 28 it,

1873 225 88 27 respect
1972 219 83 25 should
2065 219 30 25 be
2111 219 47 25 had
2178 225 24 21 to
2220 220 38 25 the
2273 221 128 25 distinction
2412 222 41 24 be-

1874 259 71 18 tween
1963 252 147 32 agricultural
2128 253 45 24 and
2183 254 98 31 grazing
2296 254 62 24 land.
2404 254 52 25 The

1875 286 82 24 former
1969 293 53 24 may
2032 287 28 23 be
2079 291 39 19 cut
2136 293 32 24 up
2178 287 50 23 into
2246 286 101 26 hundred
2359 294 50 17 acre
2420 287 35 24 al-

1874 319 115 28 lotments,
2009 319 42 24 but
2069 319 40 26 the
2127 319 67 24 latter
2214 319 82 24 should
2316 324 46 20 not.
2404 320 53 25 One

1876 352 102 24 hundred
1989 360 64 16 acres
2072 360 39 17 are
2123 353 27 22 of
2164 352 58 24 little
2234 360 41 16 use
2287 358 23 18 to
2328 360 14 16 a
2352 353 68 31 sheep
2431 360 27 17 or

1876 384 67 24 cattle
1962 385 103 24 breeder.
2101 385 41 25 He
2159 390 63 21 must
2241 385 59 24 have
2318 393 60 16 more
2396 385 61 29 land,

1876 418 125 31 surveying
2011 419 18 22 it
2040 418 112 24 therefore
2165 419 23 23 in
2199 418 69 24 small
2280 419 120 32 quantities
2411 419 20 23 is
2444 426 16 16 a

1877 455 68 19 waste
1957 451 26 23 of
1998 452 55 23 time
2064 451 45 24 and
2128 451 77 24 funds.
2242 451 25 26 It
2286 451 71 31 might
2368 452 28 23 be
2406 451 53 25 well

1878 487 23 19 to
1912 482 38 32 lay
1961 483 35 24 off
2010 484 37 24 the
2058 483 68 25 latter
2145 486 25 22 in
2191 484 80 24 blocks
2283 484 26 24 of
2323 486 49 22 640
2387 492 71 17 acres.

1879 516 24 24 It
1914 517 42 23 has
1966 517 58 23 been
2044 517 124 30 suggested
2185 522 23 19 to
2229 526 28 15 us
2277 518 50 25 that
2345 518 65 23 when
2422 518 39 23 the

1879 557 82 23 survey
1973 550 20 22 is
2005 550 118 31 complete,
2137 551 19 22 it
2175 550 73 24 would
2269 550 28 24 be
2309 550 48 26 well
2369 555 23 20 to
2403 550 58 24 send

1880 583 18 23 it
1910 587 22 19 to
1944 582 116 31 England,
2073 583 55 23 with
2147 584 86 23 certain
2250 591 101 16 reserves
2369 584 35 23 for
2422 584 39 23 the

1881 624 40 15 use
1932 616 25 23 of
1973 615 57 24 Port
2046 614 128 25 Nicholson
2195 616 91 23 settlers
2297 616 94 26 marked
2401 624 60 23 upon

1882 649 16 23 it
1909 657 7 20 ;
1935 649 45 23 and
1992 648 49 24 that
2061 648 37 24 the
2119 656 103 16 reserves
2242 649 82 23 should
2335 649 27 23 be
2380 654 40 26 put
2431 658 32 23 up

1882 682 34 23 for
1936 682 47 23 sale
2001 681 31 31 by
2044 682 91 23 auction
2156 682 62 28 here,
2230 682 154 31 periodically,
2396 690 25 17 or
2437 691 27 15 as

1883 715 52 31 they
1952 722 52 23 may
2025 715 28 23 be
2073 715 115 31 required.
2235 715 99 24 Further
2355 715 49 24 that
2425 716 40 23 the

1883 748 53 25 land
1947 748 56 31 kept
2014 748 36 23 for
2061 747 47 24 sale
2120 749 23 22 in
2161 748 109 31 England
2281 748 80 26 should
2373 748 52 32 only
2437 749 28 24 be

1884 781 104 32 disposed
2001 781 24 23 of
2041 786 22 19 to
2083 781 87 31 parties
2182 781 77 24 bound
2270 781 31 32 by
2312 790 61 16 some
2384 790 80 24 agree-

1883 820 62 19 ment
1957 819 24 18 to
1992 821 64 17 come
2075 814 46 24 and
2140 822 87 24 occupy
2238 815 27 24 it.
2301 815 42 24 We
2361 824 38 16 are
2410 825 55 16 con-

1884 847 79 25 vinced
1975 847 48 24 that
2041 848 19 22 it
2079 847 73 24 would
2171 847 28 24 be
2210 848 72 25 found
2293 849 59 24 alike
2363 851 101 30 unprofi-

1884 881 59 24 table
1964 886 23 18 to
2008 880 38 24 the
2068 880 120 32 Company
2206 881 44 24 and
2269 881 38 25 the
2328 882 105 25 colonists
2449 884 20 24 if

1884 915 126 28 absentees,
2023 913 84 32 having
2128 922 29 15 no
2170 915 111 23 intention
2293 920 23 19 to
2329 916 88 24 furnish
2428 917 39 24 the

1885 955 77 16 means
1980 947 25 24 of
2028 947 136 31 cultivating
2187 948 59 24 their
2269 948 73 30 lands,
2364 950 102 25 increase

1886 980 57 24 their
1954 980 125 31 purchases
2096 981 25 22 in
2142 981 57 23 New
2220 981 109 25 Zealand.
2363 983 55 25 And
2434 991 33 16 we

1886 1021 38 16 are
1935 1021 53 16 sure
2001 1013 37 24 the
2058 1013 73 31 heavy
2143 1019 65 18 taxes
2219 1015 18 23 it
2248 1015 46 24 will
2308 1016 25 23 be
2349 1023 119 24 necessary

1886 1051 23 19 to
1920 1048 87 29 impose
2019 1053 60 24 upon
2092 1046 31 24 all
2134 1048 128 29 purchased
2273 1048 64 24 lands
2345 1049 44 24 will
2401 1057 67 18 cause

1886 1079 38 24 the
1936 1081 119 22 absentees
2067 1079 50 24 that
2136 1079 39 24 the
2187 1086 94 19 venture
2293 1081 45 24 will
2349 1086 40 19 not
2399 1089 69 25 prove

1886 1121 53 24 very
1957 1113 119 32 profitable
2096 1117 24 19 to
2141 1113 70 25 them.
2255 1114 26 24 If
2295 1115 38 23 the
2351 1115 117 32 Company

1886 1147 45 23 will
1943 1147 53 30 only
2008 1147 68 31 adopt
2096 1145 39 24 the
2156 1147 62 31 right
2236 1148 66 23 mode
2320 1148 25 23 of
2358 1148 111 32 fostering

1887 1180 100 30 existing
2006 1180 151 28 settlements,
2180 1180 54 33 they
2253 1180 47 24 will
2317 1189 54 16 soon
2391 1181 47 24 find
2456 1189 14 16 s

1886 1213 78 31 steady
1985 1213 96 23 demand
2099 1213 36 23 for
2155 1213 53 24 land
2227 1215 81 33 spring
2328 1222 29 23 up
2373 1215 96 27 therein,

1887 1246 74 24 which
1973 1246 46 24 will
2030 1245 73 25 afford
2121 1255 14 14 a
2147 1246 73 24 better
2231 1252 123 26 guarantee
2364 1248 36 23 for
2410 1248 59 31 good

1888 1279 116 24 dividends
2015 1279 54 35 paid
2079 1280 141 34 punctually,
2233 1281 56 25 than
2300 1281 37 23 the
2348 1280 59 24 fitful
2418 1288 52 23 sys-

1888 1319 44 17 tem
1945 1314 25 22 of
1985 1314 89 30 getting
2093 1321 31 23 up
2137 1321 49 15 new
2199 1314 141 26 settlements
2358 1318 23 19 at
2393 1314 76 24 differ-

1888 1351 39 19 ent
1937 1347 76 30 points
2025 1347 26 23 of
2065 1347 38 23 the
2115 1347 95 23 islands.

1270 160 39 25 the
1321 165 48 20 cost
1381 167 39 24 per
1440 166 51 17 acre
1503 158 26 23 of
1547 157 100 31 clearing
1647 167 33 7 —
1682 156 37 24 the
1736 159 80 20 nature
1829 155 24 23 of

1270 186 44 32 the!
1321 200 65 25 crops
1387 205 32 5 —
1420 192 39 24 the
1470 190 104 32 quantity
1585 190 26 23 of
1626 189 53 25 seed
1690 193 24 20 to
1725 188 55 24 each
1792 195 58 21 acre,

1271 226 45 25 and
1328 226 38 25 the
1376 230 79 20 return
1461 231 41 25 per
1512 230 52 17 acre
1575 223 102 24 received
1685 223 57 23 from
1754 221 38 23 the
1798 221 54 24 land

1271 259 67 25 when
1350 258 37 24 the
1399 258 91 24 harvest
1500 263 47 17 was
1557 255 109 32 gathered
1680 256 32 23 in.
1749 254 104 31 Suppose

1272 292 64 23 these
1348 296 89 19 returns
1448 296 59 17 were
1517 288 120 25 furnished
1646 289 35 23 for
1698 296 14 15 a
1723 287 96 23 number
1830 287 23 23 of

1273 333 74 24 years,
1367 333 15 15 a
1399 322 117 25 collection
1537 322 26 24 of
1578 322 109 24 statistics
1699 320 25 24 of
1738 320 39 23 the
1794 324 60 19 most

1274 357 103 25 valuable
1388 355 56 25 kind
1456 354 73 25 would
1539 355 29 24 be
1580 354 112 32 supplied,
1704 353 102 30 shewing
1816 353 39 23 the

1275 391 79 31 steady
1362 390 162 24 advancement
1533 388 24 24 of
1564 388 39 24 the
1613 387 94 30 Colony,
1717 385 46 24 and
1771 385 84 24 afford*

1275 425 40 29 ing
1326 423 66 33 proof
1401 423 26 23 of
1435 421 39 25 the
1486 426 59 18 most
1553 420 135 31 convincing
1699 424 81 19 nature
1791 419 25 23 of
1825 419 30 23 its

1275 462 66 26 great
1359 453 90 27 natural
1467 454 147 31 capabilities.
1660 453 36 24 To
1718 451 65 24 those
1806 452 49 23 who

1277 489 74 24 would
1362 488 73 32 object
1453 492 23 19 to
1493 487 38 23 the
1549 486 89 25 trouble
1648 486 26 24 of
1688 484 94 31 making
1792 484 64 24 these

1277 527 91 20 returns
1380 529 32 16 we
1420 527 94 22 answer,
1523 520 64 24 these
1596 520 100 31 inquires
1706 517 53 26 tend
1766 522 60 19 most
1834 522 22 19 to

1278 555 39 25 the
1328 555 83 24 benefit
1422 554 26 23 of
1457 553 64 24 those
1533 553 49 24 who
1595 553 67 23 make
1674 552 60 23 them
1743 559 7 19 ;
1769 551 87 29 printed

1280 588 87 25 tabular
1378 588 71 23 forms
1469 586 73 31 might
1552 586 49 24 also
1612 586 29 23 be
1657 583 111 33 prepared
1778 583 30 31 by
1820 585 38 22 the

1280 621 141 28 association,
1434 619 74 24 which
1518 619 75 24 would
1604 619 106 24 facilitate
1722 616 39 24 the
1773 617 86 31 objects

1280 663 34 16 we
1322 654 58 25 have
1388 654 25 23 in
1421 653 65 23 view.
1505 653 43 23 We
1555 653 75 24 would
1637 655 88 20 entreat
1733 656 43 17 our
1786 649 72 24 fellow

1282 687 114 25 Colonists
1408 691 22 19 to
1442 690 65 19 exert
1524 685 136 25 themselves
1670 686 24 22 in
1712 683 45 24 this
1770 688 89 24 matter,

1282 722 68 30 using
1361 720 29 24 all
1402 719 110 31 diligence
1522 723 23 19 to
1557 719 78 24 insure
1646 724 109 23 accuracy
1767 717 23 23 in
1802 716 58 24 their

1282 758 139 23 statements,
1434 752 35 24 for
1485 759 29 17 on
1531 752 45 24 this
1594 750 100 34 depends
1712 750 38 23 the
1762 749 65 24 value
1839 749 21 24 of

1282 787 59 24 their
1350 785 153 29 information,
1511 785 43 24 and
1563 790 24 19 to
1594 784 102 24 consider
1703 783 48 24 that
1759 783 31 31 by
1797 782 63 24 these

1283 827 78 17 means
1381 819 54 31 they
1453 826 37 16 are
1507 823 58 20 most
1585 816 127 31 effectually
1733 816 127 31 promoting

1283 853 58 24 their
1354 860 48 17 own
1409 853 115 22 interests.
1560 851 24 24 It
1595 854 61 20 must
1666 849 46 24 also
1724 849 29 24 be
1764 856 96 16 remem-

1282 886 70 24 bered
1363 887 48 23 that
1422 893 15 15 a
1447 889 121 21 statement
1579 884 25 24 of
1617 882 145 26 unsucessful
1773 882 87 31 experi-

1284 924 73 18 ments
1376 921 21 21 is
1417 918 62 24 often
1497 926 25 16 as
1541 917 104 24 valuable
1662 924 24 16 as
1703 924 14 17 a
1733 915 96 25 relation
1841 915 19 23 of

1292 953 56 24 those
1359 952 71 24 which
1439 951 57 24 have
1505 950 123 26 succeeded
1637 959 6 19 ;
1656 950 19 23 it
1682 950 20 23 is
1710 957 25 16 as
1742 955 119 23 necessary

1284 991 22 19 to
1318 985 67 25 know
1397 986 60 23 what
1467 988 22 20 to
1502 985 64 23 avoid
1577 992 26 16 as
1616 983 58 25 what
1686 987 22 19 to
1720 981 82 29 follow,
1816 981 45 23 and

1283 1020 57 23 such
1352 1020 115 22 instances
1478 1018 65 30 fairly
1554 1016 87 26 related
1651 1015 46 24 will
1705 1023 70 24 prove
1786 1023 13 14 a
1810 1014 51 30 gain

1284 1058 22 18 to
1326 1053 39 24 the
1378 1052 96 30 Colony,
1486 1051 86 31 though
1592 1051 38 23 the
1648 1050 152 30 experiments
1813 1055 48 24 may

1283 1086 29 23 be
1322 1085 106 24 attended
1437 1084 54 24 with
1500 1084 47 23 loss
1555 1089 23 19 to
1589 1084 40 24 the
1638 1081 130 26 individual.
1794 1081 67 23 From

1284 1119 61 24 them
1357 1127 31 15 we
1401 1126 53 22 may
1464 1117 63 24 learn
1538 1117 100 23 whether
1658 1116 37 24 the
1707 1114 80 24 failure
1808 1115 21 22 is
1842 1119 20 18 to

1284 1153 27 23 be
1322 1152 122 24 attributed
1453 1155 22 19 to
1486 1150 36 24 the
1531 1158 82 23 person
1623 1149 94 31 making
1724 1148 39 23 the
1773 1147 89 31 experi-

1283 1190 64 19 ment
1362 1194 24 15 or
1404 1190 23 18 to
1438 1185 175 23 circumstances
1626 1190 52 16 over
1688 1181 74 24 which
1777 1181 29 23 he
1820 1180 42 24 had

1284 1218 153 29 nocontroul;
1458 1217 44 24 and
1513 1216 98 25 whether
1630 1216 37 23 the
1684 1215 143 31 experiment
1847 1214 15 23 if

1284 1252 104 32 repeated
1400 1253 24 22 in
1435 1259 14 16 a
1461 1249 103 25 different
1576 1257 100 21 manner,
1689 1256 25 16 or
1725 1253 24 19 at
1761 1255 13 16 a
1785 1247 75 23 differ-

1284 1291 38 18 ent
1342 1286 62 28 time,
1427 1292 25 16 or
1464 1283 53 24 with
1529 1291 14 16 a
1560 1282 151 25 modification
1722 1282 27 23 of
1766 1288 63 16 some
1842 1280 20 23 of

1284 1319 38 23 the
1327 1319 83 23 former
1416 1319 174 23 circumstances
1598 1316 73 31 might
1677 1320 40 19 not
1722 1315 28 23 be
1759 1313 103 25 attended

1284 1352 54 23 with
1350 1360 13 15 a
1375 1352 105 23 different
1489 1349 80 25 result.

1319 1393 38 23 On
1369 1392 38 24 the
1427 1394 91 28 present
1531 1389 103 24 occasion
1652 1397 32 15 we
1696 1389 57 22 have
1765 1387 98 24 endeav-

1285 1425 69 24 oured
1373 1430 22 19 to
1415 1424 62 24 shew
1494 1423 51 24 how
1561 1423 38 23 the
1618 1422 114 24 Colonists
1749 1428 52 23 may
1813 1427 51 24 pro-

1286 1463 59 19 mote
1355 1459 37 23 the
1401 1458 116 30 efficiency
1528 1456 24 24 of
1559 1456 38 23 the
1604 1456 135 23 association
1749 1463 7 20 ;
1769 1462 32 15 we
1811 1461 52 23 may

1285 1492 54 24 take
1358 1491 94 25 another
1463 1490 145 32 opportunity
1622 1489 24 23 of
1663 1488 113 31 reverting
1794 1491 23 20 to
1830 1487 34 23 the

1286 1526 88 31 subject
1389 1529 23 20 to
1425 1524 61 23 shew
1498 1524 48 23 how
1566 1523 38 24 the
1617 1522 104 23 absentee
1739 1521 125 32 proprietor

1285 1567 52 23 may
1345 1559 61 23 unite
1416 1557 54 24 with
1480 1564 27 17 us
1517 1557 25 23 in
1554 1556 46 24 this
1611 1555 110 25 desirable
1733 1554 52 29 end,
1795 1554 69 23 which

1286 1592 65 24 tends
1362 1600 25 15 so
1400 1590 68 25 much
1486 1595 23 19 to
1521 1589 38 24 the
1578 1589 161 24 advancement
1759 1587 44 24 and
1815 1594 49 24 pro-

1286 1626 85 30 sperity
1384 1625 24 23 of
1418 1624 40 24 the
1470 1623 97 31 Colony.

1488 1684 182 24 WYDEROP.

1921 1402 45 23 We
1977 1402 43 23 call
2038 1402 112 23 attention
2170 1407 23 18 to
2212 1411 13 15 a
2243 1403 67 24 letter
2330 1403 23 24 in
2371 1402 99 31 to-day's

1888 1443 70 25 paper
1970 1435 80 31 signed
2203 1443 29 16 on
2244 1436 39 23 the
2295 1435 89 32 subject
2396 1435 24 25 of
2435 1435 39 24 the

1889 1470 94 23 Wairau
2004 1469 127 24 Massacre.
2168 1469 51 24 The
2240 1470 75 23 writer
2332 1470 77 23 insists
2422 1469 50 23 that

1889 1503 89 24 sixteen
1989 1510 26 16 or
2035 1507 121 19 seventeen
2168 1510 59 16 were
2244 1502 119 24 murdered
2382 1502 22 24 in
2424 1502 48 24 cold

1889 1536 75 28 blood,
1977 1535 45 24 and
2034 1535 49 24 that
2103 1535 32 24 all
2153 1535 49 24 who
2221 1536 40 23 fell
2273 1540 23 19 at
2309 1536 90 23 Wairau
2410 1539 64 21 must

1889 1570 28 24 be
1936 1569 140 28 considered,
2095 1568 74 24 under
2189 1568 38 25 the
2247 1569 181 28 circumstances,
2450 1573 24 19 to

1890 1602 57 25 have
1964 1602 59 24 been
2043 1602 139 24 massacred.
2224 1602 31 24 In
2276 1602 153 24 confirmation
2451 1601 26 24 of

1891 1636 53 29 this,
1956 1644 15 15 a
1990 1640 66 27 party
2068 1636 49 23 who
2138 1643 46 16 was
2203 1640 24 19 at
2246 1636 40 23 the
2304 1636 72 23 burial
2396 1635 25 23 of
2436 1634 38 24 the

1892 1669 119 24 murdered
2039 1676 52 16 men
2112 1669 101 23 declares
2238 1669 51 23 that
2309 1669 36 23 the
2366 1668 111 31 gun-shot

1892 1702 93 24 wounds
1997 1702 116 31 generally
2123 1709 59 17 were
2194 1710 25 16 so
2231 1702 96 31 trifling,
2336 1702 47 23 that
2394 1701 28 24 he
2434 1701 40 23 be-

1892 1736 70 24 lieves
1974 1735 43 24 few
2027 1735 76 24 would
2114 1735 57 24 have
2183 1735 53 24 died
2251 1735 26 24 of
2292 1735 67 28 them,
2370 1734 45 24 and
2426 1734 50 25 that

1893 1769 38 24 the
1957 1768 131 24 tomahawk
2106 1768 93 24 wounds
2227 1768 161 31 subsequently
2406 1768 70 30 given

1893 1810 58 16 were
1963 1802 39 23 the
2013 1802 48 25 real
2072 1810 70 15 cause
2154 1802 24 24 of
2194 1802 77 26 death.

2048 1866 280 24 STATISTICS.

1909 1915 43 22 No.
1960 1917 63 20 18.—
2023 1915 252 22 WELLINGTON.—
2276 1914 190 23 EDUCATION.

1923 2017 43 21 No.
1981 2017 27 20 of

1914 2041 99 23 Schools.

2181 1991 44 21 No.
2239 1992 28 20 of
2277 1991 82 26 Pupils.

2088 2042 66 26 Boys.

2239 2042 69 21 Girls.

2387 2040 69 23 Total.

1951 2077 10 20 1

1952 2103 11 21 1

1951 2130 13 20 5

1953 2158 11 20 1

2114 2076 28 21 37

2128 2104 14 20 6

2115 2131 28 21 80

2114 2157 30 20 20

2267 2077 24 20 11

2280 2104 14 20 0

2267 2130 26 20 65

2267 2157 28 20 30

2413 2075 40 21 48*

2401 2129 53 23 i4st

2413 2155 40 25 50§

1952 2189 13 20 8

2044 2188 5 28 I

2103 2190 41 21 143
2196 2188 5 27 |
2255 2190 40 20 106

2345 2188 5 28 I

2402 2188 40 21 249

1954 2260 11 22 1

1953 2288 14 20 2

1955 2314 11 21 I

2084 2234 92 16 SUNDAY
2194 2235 106 15 SCHOOLS.

2117 2260 29 21 50
2268 2261 29 20 50

2106 2287 41 24 no
2270 2288 27 20 so

2118 2315 29 20 30
2268 2315 59 28 26_

2404 2260 52 21 loon

2416 2313 57 21 56«»

2108 2349 41 21 190

2258 2348 41 21 156

2406 2348 41 21 346

759 593 116 21 AGENTS
889 593 59 21 FOR
967 593 71 20 THIS
1053 593 102 19 PAPER.

687 629 37 18 Mr.
734 627 127 19 BURCHAM
953 625 79 19 Petoni.
1236 628 11 11 '

687 657 36 18 Mr.
734 656 22 19 C.
767 655 114 22 ELLIOTT,
891 654 106 19 Examiner
1002 653 66 22 Office,
1075 653 74 18 Nelson
1156 653 76 19 Haven.

687 685 37 18 Mr.
734 684 49 18 J.B.
792 683 93 18 BAINES
949 682 58 18 .New
1011 680 113 24 Plymouth,
1129 680 104 19 Taranaki.

687 713 38 18 Mr.
736 713 26 18 H.
771 712 124 19 CHURTON
959 710 119 24 Wanganui.

687 741 37 17 Mr.
734 740 32 18 W.
776 740 101 18 WILSON
960 740 42 18 Bay
1009 739 22 18 of
1039 738 85 19 Islands.

52 168 168 25 Unreserved
243 169 61 21 Sale
327 163 43 26 of'
379 165 160 23 Household
566 164 66 21 Fur-

199 195 91 22 niture
305 193 54 23 and
372 191 108 23 Effects.

55 230 90 50 MR.
171 226 219 26 FITZHERBERT
412 226 40 22 has
473 223 103 24 received
599 224 34 21 in-

143 256 106 23 struction
268 254 58 23 from
345 253 93 28 Captain
458 251 98 22 William
579 250 53 27 Hay

53 289 23 16 to
87 283 40 23 sell
141 283 30 27 by
186 282 79 22 Public
280 280 105 27 Auction,
399 280 88 21 without
502 283 87 21 reterve,
604 283 28 15 on

52 310 103 27 Tuesday
165 312 61 23 next,
234 308 38 23 the
282 308 53 23 23rd
344 306 90 26 instant,
440 308 23 19 at
473 305 37 22 the
519 304 114 22 residence

52 336 27 24 of
94 334 94 30 Captain
207 335 59 27 Hay,
283 334 32 23 Te
334 334 53 26 Aro,
409 332 28 23 all
454 332 34 21 his
510 330 124 23 household

53 363 114 25 furniture,
179 362 122 26 consisting
309 361 35 23 of;
346 371 27 5 —

76 396 71 23 .Chest
157 396 26 22 of
190 395 101 28 drawers,
302 393 76 25 tables,
390 393 45 22 and
445 392 78 26 chairs,

82 423 69 28 Sofas,
170 422 68 29 piano
253 422 66 25 forte,
336 419 71 24 .cedar
425 418 119 29 cupboard,
560 418 46 21 and
621 423 14 16 a

54 449 106 24 selection
170 449 26 23 of
202 447 84 29 books,.

82 476 103 23 Pedestal
197 473 192 30 lamprrightiday
405 472 70 26 clock,
486 471 45 23 and
542 471 100 26 looking.

50 501 93 30 glasses.

83 530 96 26 Carpets,
189 529 96 26 fenders,
296 527 45 23 and
350 527 40 22 fire
399 526 67 27 irons,

83 555 126 27 Bedsteads,
221 558 132 22 mattresses,
365 553 44 23 and
419 551 106 26 blankets,

82 583 129 25 Decanters,
221 582 91 27 glasses,
323 580 44 22 and
377 580 182 26 crockery-ware;

84 609 97 23 Kitchen
190 607 100 28 utensils,
297 607 44 23 and
348 606 83 28 sundry
437 605 85 28 surplus
531 608 78 18 stores.

263 649 72 15 AFTER
348 648 85 18 WHICH,

80 670 51 23 The
140 670 72 22 Lease
222 669 25 22 of
254 669 37 22 the
303 669 75 21 House
388 674 50 15 now
448 664 106 28 occupied
563 664 30 27 by
599 664 37 21 the

57 696 124 23 Wakefield
196 696 63 26 Glub,
277 695 44 22 and
334 694 78 23 rented
426 694 30 26 by
471 692 61 21 them
547 691 36 21 for
599 690 37 21 the

53 727 60 19 term
122 723 25 22 of
158 730 68 15 seven
241 729 70 21 years,
322 724 23 19 at
357 721 48 24 £90
417 726 39 21 per
470 724 91 17 annum.
588 717 49 22 The

51 750 74 23 •house
134 749 45 23 will
187 750 29 21 be
226 749 48 22 sold
282 748 47 23 free
339 748 27 22 of
371 748 29 21 all
411 745 85 29 ground
502 747 51 19 rent
559 744 78 26 during

58 777 37 22 the
105 776 47 23 said
161 780 64 22 term,
237 776 44 21 and
290 776 37 21 the
336 774 120 28 purchaser
471 773 39 21 has
522 778 16 15 a
546 771 60 27 right
614 771 25 21 of

57 804 114 26 removing
179 802 38 23 the
226 802 70 23 house
306 805 22 18 at
337 801 49 22 that
394 800 60 22 time.

83 830 55 23 This
147 829 81 24 affords
238 836 29 15 an
278 827 120 24 admirable
407 827 141 28 opportunity
558 824 34 22 for
601 824 37 22 the

58 857 47 22 safe
118 856 135 23 investment
266 855 27 22 of
308 854 87 32 capital,
411 858 24 17 at
452 861 14 14 a
480 851 54 28 high
550 854 48 19 rate
616 851 26 21 of

57 884 97 26 interest,
169 883 59 22 from
244 882 38 22 the
297 881 129 23 undoubted
445 882 95 20 security
560 879 26 21 of
601 879 38 21 the

58 914 95 19 tenants.
534 931 5 9 ,

82 937 50 22 The
142 936 89 23 auction
242 936 43 22 will
296 941 129 16 commence
435 937 70 18 atone
518 940 13 14 o
540 933 72 21 clock.

252 969 75 16 TERMS
341 969 29 15 AT
385 968 62 15 SALE.

87 995 100 27 January
198 996 33 24 19,
242 995 61 21 1844.
524 1020 118 7 ________

73 1041 200 22 Horticultural
288 1040 54 21 and
351 1039 143 22 Botanical
509 1038 118 25 Society.

61 1074 92 50 THE
187 1073 151 23 GENERAL
373 1072 146 23 MEETING
548 1070 26 23 of
599 1070 43 21 this

136 1101 87 27 Society
233 1100 45 24 will
288 1101 27 21 be
330 1100 53 22 held
399 1105 22 16 at
440 1098 106 23 Barrett's
568 1096 73 27 Hotel,

61 1135 30 16 on
100 1128 115 27 Thuisday
223 1128 96 26 evening
328 1129 61 24 next,
402 1126 97 27 January
505 1125 34 26 25,
548 1128 22 18 at
576 1131 67 14 seven

61 1155 92 26 o'clock,
165 1158 21 18 to
197 1155 86 21 receive
291 1154 37 22 the
334 1154 85 26 Report
426 1153 26 22 of
458 1153 36 22 the
503 1151 139 25 Committee,

62 1183 46 21 and
117 1185 22 19 to
149 1181 58 22 elect
216 1181 85 21 officers
312 1184 33 18 tor
355 1180 38 21 the
404 1180 92 26 ensuing
506 1185 61 22 year.
621 1197 5 9 v

80 1216 108 26 .January
198 1216 33 25 19,
243 1216 60 22 1844.
564 1241 82 5 _____

91 1262 27 22 In
129 1261 36 22 the
176 1260 88 28 County
268 1260 74 22 .Court
359 1260 25 21 of
396 1259 76 35 Wei-]

116 1288 93 27 lington,
233 1288 25 21 in
282 1286 37 22 the
345 1286 110 22 Southern
468 1282 6 28 I

108 1314 102 23 •District
219 1315 26 21 of
251 1314 55 22 New
312 1313 81 27 Ulster,
402 1314 54 21 New
468 1315 7 33 [

117 1340 108 24 Zealand.
462 1336 11 30 J

62 1375 93 26 Henry
168 1373 166 26 Martineau,
348 1373 132 22 deceased
499 1374 147 21 Intestate.

64 1408 193 51 PURSUANT
271 1411 23 19 to
303 1407 37 23 the
356 1408 58 22 Rule
424 1408 25 22 of
461 1408 44 22 this
520 1406 124 23 honorable

138 1435 74 27 Court,
225 1434 37 23 the
272 1434 104 23 creditors
392 1435 26 21 of
429 1435 36 22 the
481 1435 72 21 above
567 1433 80 22 named

65 1462 107 22 deceased
183 1469 45 19 are,
238 1469 29 15 on
279 1469 24 15 or
310 1461 75 23 before
392 1462 36 22 the
434 1462 39 21 4th
482 1461 26 22 of
514 1460 65 29 April
586 1464 61 22 next,

56 1499 3 3 -
66 1493 23 18 to
99 1496 63 15 come
174 1489 23 21 in
209 1488 44 22 and
263 1496 66 20 prove
341 1488 56 22 their
408 1488 62 22 debts
480 1488 77 22 before
567 1488 82 21 Robert

58 1516 37 22 •R.
111 1517 86 25 Strang,
215 1515 60 27 Esq.,
297 1515 64 22 Clerk
378 1516 27 21 of
419 1515 47 22 said
486 1515 76 26 Court,
574 1518 24 18 at
615 1514 34 22 his

67 1542 70 22 Office
153 1542 24 22 in
193 1542 39 22 the
247 1544 69 20 Court
330 1542 86 22 House.
434 1541 116 28 Mulgrave
569 1542 79 24 Street,

67 1569 147 27 Wellington,
226 1576 31 20 or,
268 1569 23 21 in
302 1567 84 24 default
395 1568 93 27 thereof,
499 1568 54 30 they
566 1568 41 22 will
621 1568 28 21 be

65 1596 159 33 peremptorily
234 1596 109 22 excluded
358 1595 56 23 from
432 1596 29 22 all
475 1596 84 21 benefit
567 1594 82 27 arising

59 1625 65 21 .from
136 1622 36 23 the
183 1623 48 22 said
241 1625 76 20 estate.

230 1657 95 22 Robert
338 1656 29 23 R.
383 1657 100 26 Strand,

240 1684 25 21 of
272 1684 38 21 the
324 1684 89 26 County
423 1684 73 26 Court,
508 1683 47 22 and

122 1710 214 28 Deputy-Registrar
346 1710 26 23 of
383 1710 37 22 the
431 1711 107 27 Supreme
548 1710 75 23 Court.

96 1742 146 28 Wellington,
253 1743 102 27 January
366 1744 33 25 19,
409 1743 61 21 1844.

97 1789 27 22 In
134 1788 38 22 the
183 1789 87 26 County
279 1788 70 22 Court
365 1788 27 22 of
402 1788 77 34 Wei-]

124 1815 92 28 lington,
241 1815 24 22 in
289 1814 38 23 the
349 1815 112 22 Southern
474 1810 6 27 I

124 1842 94 23 District
250 1842 26 21 of
301 1841 54 23 New
380 1842 81 28 Ulster,
474 1846 6 28 |

125 1869 57 23 New
191 1869 108 22 Zealand.
374 1888 3 3 .
389 1869 4 4 '
467 1864 13 33 J

85 1902 73 21 John
174 1900 148 28 Campbell,
338 1901 141 26 deceased,
489 1902 144 21 Intestate.

70 1932 195 53 PURSUANT
278 1935 23 19 to
312 1932 36 23 the
364 1933 60 23 Rule
439 1933 25 23 of
478 1933 43 23 this
531 1932 122 23 honorable

144 1961 75 26 Court,
231 1959 37 23 the
278 1959 107 25 creditors
394 1961 27 21 of
430 1960 38 23 the
484 1961 73 21 above
572 1959 81 23 named

71 1987 110 23 deceased
190 1994 44 19 are,
246 1994 29 15 on
284 1994 26 15 or
319 1987 76 23 before
406 1987 37 23 the
452 1987 39 23 4th
501 1987 44 26 day
554 1987 27 22 of
589 1986 64 27 April

72 2018 60 23 next,
142 2019 24 17 to
176 2021 64 15 come
249 2015 24 21 in
284 2014 45 23 and
336 2022 70 19 prove
424 2014 58 23 their
497 2014 65 22 debts
579 2013 75 22 before

71 2042 86 22 Robert
173 2041 90 26 Rodger
281 2043 86 25 Strang,
388 2041 61 28 Esq.,
474 2040 65 23 Clerk
559 2041 26 21 of
605 2040 48 22 said

74 2069 75 24 Court,
168 2070 24 18 at
211 2067 33 22 his
261 2068 62 21 office
336 2069 24 19 in
376 2068 38 21 the
432 2069 66 21 Court
506 2067 78 21 House
595 2066 59 22 Mul-

61 2110 4 5 .
71 2097 156 26 grave-street,
239 2094 140 27 Wellington,
392 2101 24 15 or
431 2094 23 22 iv
466 2093 85 23 default
558 2092 95 27 thereof,

73 2119 53 29 they
143 2121 46 22 will
208 2121 28 21 be
255 2121 143 28 peremtorily
417 2120 109 23 excluded
543 2119 60 23 from
623 2119 30 22 all

64 2163 2 6 ,
72 2147 83 23 benefit
164 2148 84 27 arising
258 2149 57 21 from
325 2147 37 23 the
371 2147 48 23 said
431 2151 75 19 estate.

237 2182 94 22 Robert
345 2182 27 22 R.
392 2182 100 26 Strang,

184 2208 67 23 Clerk
262 2209 26 22 of
299 2209 37 22 the
347 2209 88 27 County
445 2209 74 27 Court,
531 2208 43 21 and

136 2236 91 28 Deputy
237 2236 102 26 Register
348 2236 26 23 of
386 2236 38 21 the
435 2236 106 27 Supreme
552 2235 76 22 Court

99 2269 148 28 Wellington,
259 2269 52 22 19th
320 2269 108 27 January,
439 2270 61 21 1844.

155 2315 86 22 Fresh
252 2315 105 25 Butter,
367 2315 38 23 Is.
418 2314 46 23 2d.
479 2319 47 22 per
540 2314 38 21 lb.

75 2349 127 52 FRESH
218 2349 122 23 BUTTER
352 2349 84 28 always
451 2356 29 15 on
495 2348 69 27 hand,
583 2352 24 18 at
620 2347 38 23 the

147 2377 64 21 Store
221 2377 26 21 of
254 2376 38 22 the
298 2376 156 28 undersigned,
462 2378 22 20 at
492 2375 33 22 Is.
533 2375 43 23 2d.
583 2382 40 21 per
628 2376 31 23 ft.

294 2408 96 22 George
405 2408 108 26 Waters,

360 2435 76 22 Dixon
445 2436 79 24 Street,
535 2434 33 23 Te
578 2436 54 22 Aro.

99 2463 103 27 'January
216 2463 33 26 19,
261 2463 61 22 1844.

307 2506 41 21 On
362 2506 71 24 Sale,

80 2540 228 25 /CHAMPAGNE
321 2540 24 22 in
360 2547 62 15 cases
435 2539 44 24 and
492 2540 99 23 baskets.

289 2567 134 27 RIDGWAYS,
439 2568 106 26 GIJYTON,
560 2568 21 21 &
595 2567 40 22 Co.

106 2599 141 28 Wellington,
258 2599 101 28 January
369 2601 34 25 19,
415 2601 60 21 1843.

268 2645 40 21 To
318 2644 155 28 Dairymen.

79 2678 184 52 WANTED,
283 2685 87 17 akman
386 2678 130 28 thoroughly
532 2677 133 29 acquainted

176 2705 54 23 with
238 2705 95 28 milking
343 2705 45 23 and
397 2705 38 23 the
445 2706 70 27 dairy,
526 2709 24 18 to
565 2712 30 21 go
604 2709 22 18 to
636 2712 29 15 an

80 2733 140 23 out-station.

110 2760 43 24 For
160 2759 88 23 further
265 2758 137 29 particulars,
416 2759 66 28 apply
492 2763 23 17 at
532 2758 37 24 the
582 2759 85 21 Gazette

74 2787 87 23 .Office.

110 2819 101 27 January
222 2820 32 25 16,
267 2819 60 22 1844.

81 2861 188 52 WANTED,
294 2869 14 15 a
325 2862 69 23 Cook.
432 2862 45 23 For
495 2862 88 23 further
601 2862 67 28 parti-

181 2889 79 27 culars,
272 2888 67 29 apply
350 2892 22 19 to

355 2916 35 22 W.
408 2916 32 23 M.
456 2917 85 27 Smith,

425 2943 105 23 Tinakori
541 2944 102 27 Cottage.

112 2970 102 28 January
225 2972 33 24 16,
268 2971 62 22 1844.

298 3016 164 22 Almanack.

100 3050 59 26 A;N
181 3049 181 24 ALMANACK
381 3050 34 22 for
432 3049 135 28 Wellington
586 3050 19 22 is
623 3057 49 15 now

87 3078 53 22 XjL
156 3076 130 30 publishing
296 3081 23 18 at
327 3076 45 23 this
383 3076 78 24 Office.

319 3118 76 19 price,
411 3111 30 22 Is.

266 3144 77 27 Office,
354 3144 127 23 December
490 3146 20 25 7,
522 3147 63 21 1843.
