2569 4050
1500 1531 166 24 POSTAGE.

1322 1587 32 24 To
1368 1588 162 24 Subscribers,
1548 1593 75 14 other
1638 1586 144 23 Newspaper
1804 1586 71 22 Esta-

1296 1620 150 20 blishments,
1458 1621 45 14 and
1519 1613 158 22 Commanders
1695 1621 26 14 of
1737 1613 109 22 Vessels.
1849 1624 26 4 —

1296 1640 28 22 In
1334 1647 38 15 our
1382 1647 69 22 paper
1460 1640 25 22 of
1496 1639 130 27 September
1639 1641 36 25 30,
1686 1647 33 15 we
1729 1640 99 21 inserted
1837 1640 37 21 the

1295 1667 64 22 latest
1368 1666 137 28 regulations
1514 1667 68 22 about
1591 1666 101 27 Postage.
1722 1666 43 22 For
1775 1667 38 21 the
1823 1673 52 16 con-

1295 1694 105 22 venience
1418 1694 26 21 of
1460 1701 40 14 our
1515 1693 130 24 mercantile
1663 1694 91 26 friends,
1769 1700 34 15 we
1818 1693 56 22 have

1295 1721 85 26 printed
1391 1720 62 22 them
1467 1727 61 21 upon
1542 1728 13 14 a
1571 1719 51 24 half
1632 1720 63 22 sheet
1709 1721 26 21 of
1746 1727 74 25 paper,
1831 1720 43 23 and

1295 1748 52 27 they
1353 1755 40 15 can
1403 1755 50 14 now
1462 1747 27 22 be
1499 1746 156 28 conveniently
1660 1747 78 27 posted
1747 1748 22 20 in
1777 1754 27 14 an
1813 1747 61 22 office

1294 1774 35 23 for
1337 1774 90 26 general
1437 1774 120 22 refevence.

1322 1802 40 21 We
1372 1805 84 18 cannot
1466 1801 110 22 ourselves
1586 1800 77 27 gather
1672 1801 59 22 from
1742 1800 38 21 the
1787 1800 87 27 regula-

1295 1829 57 22 tions
1362 1829 37 22 the
1408 1832 90 24 postage
1509 1827 130 27 chargeable
1651 1835 60 20 upon
1729 1827 96 22 colonial
1835 1835 40 21 pa-

1294 1863 48 24 pers
1352 1855 78 27 posted
1446 1859 22 18 at
1485 1854 143 27 Wellington,
1639 1854 40 22 but
1696 1862 32 14 we
1744 1854 57 22 have
1818 1855 56 23 been

1293 1882 111 22 informed
1414 1882 48 21 that
1472 1881 35 22 the
1519 1889 47 14 sum
1579 1880 130 28 chargeable
1720 1882 18 21 is
1749 1889 43 14 one
1801 1889 73 20 penny

1294 1917 39 19 per
1341 1916 74 21 paper.
1443 1909 53 21 This
1506 1909 18 21 is
1535 1916 13 13 a
1557 1908 72 27 heavy
1638 1912 46 22 tax,
1696 1908 44 22 and
1750 1908 82 22 indeed
1842 1916 32 13 we

1295 1941 85 23 suspect
1389 1936 38 22 the
1437 1936 134 26 regulations
1580 1935 44 21 will
1639 1935 27 21 be
1682 1934 69 23 found
1761 1935 114 27 generally

1294 1966 22 19 to
1326 1964 54 21 bear
1389 1963 99 27 severely
1499 1969 60 20 upon
1569 1962 38 21 the
1618 1962 111 21 colonists.

1322 1990 47 23 One
1378 1997 75 20 penny
1469 1989 53 21 each
1539 1988 45 22 will
1598 1992 91 17 amount
1705 1993 23 16 to
1744 1988 62 26 eight
1822 1988 52 22 shil-

1294 2016 55 27 lings
1359 2016 44 21 and
1414 2015 61 26 eight
1482 2021 68 20 pence
1567 2021 39 19 per
1622 2021 82 14 annum
1716 2021 59 19 upon
1787 2021 39 13 our
1836 2021 38 19 pa-

1294 2050 45 20 per.
1366 2042 56 22 This
1432 2048 47 15 sum
1494 2048 32 14 we
1541 2039 56 22 shall
1613 2040 26 22 be
1655 2040 88 26 obliged
1760 2043 22 18 to
1794 2040 79 26 charge

1295 2068 111 29 quarterly
1415 2068 24 21 in
1455 2068 98 21 advance
1568 2067 34 21 for
1610 2074 78 20 papers
1705 2066 94 23 ordered
1813 2070 23 17 to
1844 2067 29 22 be

1294 2099 47 19 sent
1350 2100 37 18 out
1396 2096 26 21 of
1430 2095 37 22 the
1476 2094 85 27 colony,
1569 2094 29 27 by
1605 2101 91 20 persons
1705 2094 98 21 resident
1811 2094 61 22 here.

1295 2124 61 21 More
1367 2122 53 23 than
1438 2129 41 14 one
1494 2129 53 20 year
1559 2121 62 22 since
1632 2128 31 15 we
1679 2120 134 23 announced
1827 2121 47 21 that

1293 2158 33 13 we
1335 2150 73 22 would
1418 2153 40 18 not
1467 2149 76 27 supply
1554 2154 77 22 papers
1648 2152 23 17 to
1685 2148 82 28 parties
1777 2147 97 27 residing

1295 2181 38 18 out
1348 2177 26 22 of
1384 2176 39 21 tbe
1439 2176 83 26 colony,
1534 2174 74 23 unless
1624 2174 54 23 such
1694 2174 135 22 subscribers
1839 2181 34 15 ar-

1293 2204 83 26 ranged
1385 2203 36 22 for
1435 2202 38 22 the
1488 2206 105 23 payment
1607 2202 33 21 for
1653 2201 63 22 them
1731 2200 95 27 through
1844 2209 28 14 an

1293 2235 65 23 agent
1368 2231 60 21 here.
1457 2229 59 27 Only
1525 2233 42 18 two
1576 2228 86 28 foreign
1672 2228 136 22 subscribers
1817 2228 56 22 have

1294 2257 105 22 attended
1408 2260 22 18 to
1442 2256 42 21 this
1494 2256 80 25 notice,
1587 2255 43 22 and
1640 2255 38 22 the
1692 2255 74 26 heavy
1776 2262 98 20 expence

1293 2285 25 22 of
1329 2287 91 25 postage
1430 2288 23 17 to
1462 2282 71 23 which
1542 2289 34 15 we
1591 2282 56 23 shall
1655 2283 28 21 be
1694 2282 93 27 subject,
1799 2282 76 21 makes

1294 2312 17 21 it
1321 2310 124 28 absolutely
1455 2317 116 19 necessary
1580 2309 35 22 for
1624 2316 25 15 us
1658 2316 49 15 now
1722 2313 23 18 to
1761 2315 63 25 carry
1835 2316 40 15 our

1293 2339 73 21 notice
1375 2338 46 21 into
1432 2337 70 22 effect.
1523 2336 27 22 In
1560 2336 73 22 future
1641 2336 91 27 English
1739 2335 135 22 subscribers

1295 2366 48 21 who
1359 2365 57 22 have
1432 2367 40 19 not
1486 2362 51 29 paid
1547 2362 59 23 their
1620 2363 160 27 subscriptions
1797 2363 24 21 in
1838 2370 36 14 ac-

1295 2392 107 22 cordance
1428 2391 52 22 with
1502 2397 40 14 our
1559 2390 80 26 notice,
1660 2390 45 21 and
1729 2388 50 23 who
1803 2389 71 22 desire

1295 2423 20 17 to
1344 2419 58 21 have
1426 2425 41 14 our
1491 2418 85 20 Gazette
1599 2420 59 18 must
1686 2416 66 28 apply
1782 2419 22 18 to
1836 2423 39 15 our

1295 2446 93 22 London
1413 2445 82 27 Agent,
1521 2444 43 22 Mr.
1589 2443 93 27 Bowler,
1712 2447 24 17 at
1759 2442 37 22 the
1820 2442 55 23 New

1295 2472 99 23 Zealand
1410 2472 133 27 Company's
1560 2470 77 26 Office,
1649 2469 103 26 London,
1768 2474 23 17 to
1802 2469 72 22 whom

1296 2508 31 14 we
1342 2500 56 21 have
1415 2499 58 22 been
1482 2497 134 27 forwarding
1632 2497 33 21 for
1680 2504 61 14 some
1757 2496 54 22 time
1827 2500 49 22 past

1295 2527 43 23 and
1347 2530 22 18 to
1378 2526 73 22 whom
1460 2533 31 14 we
1502 2524 55 23 shall
1574 2524 103 22 continue
1686 2527 23 18 to
1719 2524 97 21 forward
1826 2523 50 27 fifty

1295 2554 72 26 copies
1385 2553 26 22 of
1430 2552 39 22 the
1489 2553 93 20 Gazette.
1619 2550 48 23 The
1684 2550 54 28 only
1756 2550 119 22 difference

1295 2581 43 21 will
1348 2581 27 21 be
1385 2580 52 26 this,
1448 2579 47 22 that
1503 2578 125 23 heretofore
1637 2585 33 14 we
1685 2577 58 22 have
1756 2580 49 19 sent
1816 2576 59 23 them

1295 2607 95 27 through
1401 2606 38 22 the
1448 2610 55 24 post,
1514 2606 45 22 and
1574 2612 50 15 now
1634 2612 33 15 we
1683 2608 59 18 must
1751 2603 55 22 send
1815 2604 59 21 them

1295 2635 29 27 by
1331 2635 86 28 private
1427 2633 147 28 opportunity,
1583 2639 23 14 as
1615 2632 17 21 it
1641 2639 52 19 may
1701 2631 62 25 offer,
1771 2630 27 22 of
1804 2630 72 23 which

1296 2661 37 23 the
1343 2661 94 27 Postage
1447 2660 144 28 Regulations
1601 2658 79 28 permit
1688 2666 6 19 ;
1705 2658 54 26 they
1768 2657 45 22 will
1823 2665 53 14 con-

1295 2687 118 28 sequently
1421 2691 40 19 not
1470 2688 27 21 be
1507 2686 104 23 obtained
1621 2693 22 14 so
1652 2684 135 28 frequently.

1322 2717 32 21 As
1362 2722 32 15 we
1404 2714 58 22 shall
1471 2714 56 22 have
1537 2717 21 18 to
1568 2721 43 20 pay
1620 2715 90 25 postage
1721 2719 28 14 on
1760 2711 36 32 all_
1800 2719 77 20 papers

1295 2750 32 14 we
1343 2741 55 23 send
1415 2745 23 17 to
1453 2748 25 14 or
1490 2740 86 22 receive
1591 2740 56 21 from
1669 2739 37 22 the
1722 2738 105 26 colonies,
1844 2746 32 14 we

1296 2772 58 20 must
1364 2768 88 23 decline
1462 2768 37 21 the
1509 2771 87 24 greater
1611 2769 49 25 part
1674 2766 26 21 of
1710 2773 42 14 our
1761 2764 115 28 exchange

1295 2803 83 22 papers,
1390 2802 26 16 as
1426 2794 37 22 the
1473 2799 41 18 tax
1521 2794 74 22 would
1602 2793 39 22 fall
1652 2800 54 20 very
1712 2792 99 27 severely
1817 2799 59 21 upon

1296 2831 40 15 our
1351 2822 64 24 small
1435 2821 172 23 establishment.
1643 2820 74 22 Those
1736 2818 49 23 who
1806 2827 71 19 cease,

1296 2851 57 21 after
1362 2849 44 23 this
1415 2851 22 19 to
1447 2849 84 21 receive
1542 2855 40 15 our
1587 2854 74 21 paper,
1669 2846 43 22 will
1722 2846 75 28 please
1806 2846 72 22 there-

1296 2878 46 22 fore
1352 2880 23 19 to
1384 2875 139 23 understand
1533 2882 40 14 our
1582 2879 77 17 reason
1670 2881 24 14 as
1704 2880 50 15 now
1763 2873 74 27 given.

1324 2909 40 22 We
1378 2908 59 22 have
1451 2908 55 21 been
1524 2907 23 22 in
1565 2906 38 22 the
1621 2905 62 23 habit
1698 2905 26 22 of
1742 2905 78 28 giving
1839 2913 40 15 our

1295 2943 67 21 paper
1376 2939 22 18 to
1417 2935 39 22 the
1470 2938 92 21 masters
1578 2934 26 21 of
1615 2933 29 22 all
1660 2933 61 28 ships
1735 2932 23 22 in
1772 2931 105 23 harbour.

1296 2964 53 21 This
1358 2962 40 23 has
1408 2962 57 22 been
1475 2968 13 15 a
1497 2961 90 22 heavier
1602 2963 39 19 tax
1656 2959 54 23 than
1726 2966 70 21 many
1804 2959 75 22 would

1294 2997 102 21 suppose,
1408 2989 45 21 and
1462 2988 38 23 the
1510 2992 38 17 tax
1557 2987 40 22 has
1605 2987 57 22 been
1681 2986 36 22 the
1728 2992 59 16 more
1805 2986 40 22 felt
1855 2994 24 14 as

1295 3017 41 22 the
1342 3019 95 20 masters
1452 3015 25 22 of
1487 3015 61 27 ships
1563 3014 58 21 have
1635 3013 74 28 rarely
1717 3013 126 22 forwarded
1852 3020 27 15 us

1295 3051 78 21 papers
1381 3043 25 21 in
1415 3046 83 23 return,
1510 3049 25 14 or
1545 3041 96 22 afforded
1655 3046 27 17 Us
1696 3040 144 22 information
1856 3040 25 22 of

1296 3078 45 20 any
1350 3069 141 28 descriptio.n.
1518 3069 34 22 To
1561 3067 55 23 such
1625 3067 156 23 commanders
1790 3074 25 14 as
1823 3067 56 21 send

1296 3105 25 15 us
1331 3103 85 25 papers,
1427 3103 26 15 or
1461 3096 81 22 render
1547 3103 3 4 •
1557 3102 25 15 us
1588 3102 3 3 •
1598 3095 72 22 useful
1685 3093 150 27 information,
1846 3101 33 15 we

1296 3124 56 23 shall
1362 3126 26 20 be
1397 3123 75 28 happy
1482 3123 46 23 still
1535 3126 22 19 to
1566 3122 51 27 give
1627 3122 37 21 the
1677 3122 87 21 Gazette
1770 3129 6 18 ;
1792 3121 41 21 but
1841 3120 37 22 the

1295 3152 72 27 heavy
1377 3157 95 21 expense
1482 3150 121 28 ofcpostage
1608 3152 23 23 (o
1637 3149 73 22 which
1721 3156 31 14 we
1763 3147 57 24 shall
1830 3154 50 15 now

1295 3179 28 22 be
1333 3176 104 29 exposed,
1448 3176 76 23 makes
1533 3176 17 22 it
1559 3183 117 19 necessary
1685 3175 34 22 for
1728 3182 27 15 us
1764 3178 23 18 to
1799 3181 80 15 econo-

1296 3206 55 21 mise
1361 3204 28 23 all
1404 3203 40 22 the
1457 3210 77 15 means
1547 3203 24 22 in
1587 3209 39 15 our
1640 3209 82 23 power.
1749 3201 42 22 We
1807 3201 73 21 there-

1295 3233 47 22 fore
1357 3237 117 18 announce
1488 3230 49 22 that
1552 3225 168 26 henceforward
1736 3228 44 22 this
1794 3230 85 19 custom

1296 3259 137 22 terminates.

78 148 40 18 are
124 141 99 29 -useless,
233 140 46 25 and
288 140 85 25 bestow
385 140 37 26 the
433 143 77 24 others
520 150 30 16 on
562 150 96 24 persons
664 135 2 13 !

78 174 60 29 who,
150 174 84 31 having
244 181 63 18 some
316 174 67 25 other
393 175 141 33 occupation,
546 175 72 24 would
631 176 29 23 bs

61 217 5 4 -
76 207 104 25 Mtisfied
198 207 54 24 with
271 215 14 16 a
303 208 116 25 moderate
431 209 174 26 remuneration
625 208 35 24 for

61 234 77 29 -'their
154 240 116 24 services?
303 240 52 26 The
371 239 141 34 (Legislative
523 240 97 26 Council
634 241 28 25 of

75 272 65 26 &cv.
153 273 78 24 Sooth
241 272 86 29 Wales,
339 275 78 32 teeing
429 275 41 24 the
477 275 117 29 necessity
605 274 26 24 df
646 282 14 15 a

72 305 124 25 seduction
203 306 28 24 in
248 306 41 24 tbe
309 306 154 25 Government
477 306 147 33 expenditure
632 308 30 25 of

68 338 60 25 .that
150 338 88 32 colony,
252 340 27 23 in
297 347 14 16 a
327 345 77 19 recent
425 341 127 23 discussion
568 341 30 22 oh
616 340 43 24 the

77 370 80 27 Police
167 370 135 31 Estimates,
313 370 80 27 struck
404 373 57 25 from
472 373 40 24 the
529 373 40 24 list
579 374 77 23 fifteen

64 403 93 26 .^Police
333 412 27 17 as
368 407 20 22 it
397 406 131 24 considered
539 406 38 25 the
585 405 73 25 duties

154 437 79 24 'bench
244 438 68 23 could
331 438 28 23 be
371 446 24 17 as
411 440 52 23 'well
482 439 127 32 performed
626 440 32 31 by

77 477 29 17 an
122 471 86 31 unpaid
218 478 25 16 as
253 478 13 16 a
277 471 52 31 paid
343 473 146 31 -magistracy.
526 472 43 24 Dr.
582 471 74 32 Lang,

75 504 26 23 in
108 502 118 33 Jipeaklng
236 504 26 23 of
279 504 38 23 the
336 504 78 26 Police
432 506 156 30 Magistrates,
601 506 56 23 -des-

77 535 75 25 oribed
162 536 63 24 them
234 544 29 16 as
303 544 13 16 a
327 537 54 24 relic
392 539 26 23 of
421 539 42 24 -the
474 539 59 23 dark
545 546 61 24 ages,
620 538 37 24 the

76 569 74 30 feqdal
171 570 73 28 times,
265 577 26 17 io
312 575 22 18 to
351 572 82 30 speais,
452 572 25 24 of
496 572 38 23 the

76 602 90 31 Surely,
178 602 61 29 then,
249 603 23 23 if
289 603 45 24 this
346 603 84 26 branch
440 605 27 24 of
486 605 38 23 the
539 605 115 23 executive

65 642 52 17 -can
127 635 29 24 be
168 635 120 32 dispensed
299 636 55 25 with
369 638 27 23 in
407 638 57 23 New
482 638 75 23 South
567 637 87 28 Wales,

69 668 60 24 'With
141 676 14 16 a
164 668 63 31 large
239 670 87 24 convict
345 671 136 30 population,
495 671 62 23 there
573 678 43 16 can
625 671 31 23 be

66 709 38 18 -*o
114 703 114 30 necessity
237 702 36 25 for
289 703 30 23 its
329 705 150 23 continuance
491 704 22 23 in
527 704 57 24 New
595 702 59 25 Zda-

66 734 69 25 Jand.
171 735 27 23 If
214 743 42 16 our
277 736 77 24 Police
374 737 148 31 Magistrates
539 736 44 24 had
596 736 60 24 Ve'eto

64 768 92 23 -chosen
167 776 29 15 on
207 774 94 19 account
308 769 23 23 of
345 769 56 24 their
410 770 102 32 superior
521 769 133 31 knowledge

66 801 32 23 -of
107 801 38 23 the
156 800 51 30 law,
224 810 25 16 or
261 803 35 23 for
307 810 44 23 any
362 803 99 31 peculiar
477 803 80 23 fitness
566 803 38 23 for
612 803 43 23 the

65 833 81 30 •office,
160 842 14 15 a
191 840 90 26 pretext
291 836 74 30 might
377 836 27 23 be
416 836 70 32 urged
498 836 35 23 for
539 836 118 31 -retaining

73 868 58 24 their
143 870 97 22 services
251 878 7 19 ;
278 868 40 24 but
327 876 34 16 we
373 870 56 22 have
447 873 39 28 yet
497 874 23 19 to
531 870 64 23 learn
606 870 50 23 that

64 900 109 32 •military
192 902 43 23 and
256 902 66 23 naval
346 910 50 16 men
416 910 91 24 possess
531 910 43 23 any
596 903 60 22 such

64 933 169 32 'qualification,
256 935 52 28 and,
338 935 119 32 according
485 941 22 17 to
537 943 41 16 our
606 936 50 22 old-

68 966 122 29 fashioned
212 969 98 26 notions,
331 968 89 31 facility
442 970 22 22 in
488 969 168 31 compounding

65 1000 102 24 -.felonies
176 1002 19 22 is
204 1008 12 16 a
224 1009 55 23 very
287 1002 156 29 questionable
450 1002 206 24 recommendation

71 1033 35 24 for
118 1033 38 24 the
169 1034 64 23 office
244 1035 24 22 in
281 1036 111 29 question.
428 1037 22 22 A
461 1035 105 24 material
574 1035 82 31 saving

66 1074 58 22 -may
136 1066 101 24 likewise
249 1068 29 23 be
287 1068 92 23 effected
385 1069 26 23 in
421 1068 63 24 other
494 1068 162 31 departments,

71 1099 95 24 without
188 1100 39 24 the
249 1101 106 30 slightest
374 1102 76 30 injury
473 1107 23 17 to
520 1101 38 24 the
579 1101 77 31 public

64 1133 99 24 -service.
200 1133 44 24 We
254 1134 67 24 think
331 1135 21 22 it
362 1135 45 23 will
426 1136 27 23 be
465 1143 14 15 a
490 1134 96 24 difficult
604 1134 53 24 task

65 1170 29 20 tto
114 1167 112 30 persuade
247 1167 99 31 Captain
366 1167 92 32 Fitzioy
473 1168 25 23 of
520 1168 36 23 the
577 1175 79 16 neces-

72 1200 44 30 sity
128 1200 25 23 of
168 1201 84 30 paying
271 1209 13 15 a
303 1201 129 30 gentleman
451 1202 73 24 £180
536 1209 13 15 a
567 1209 54 22 year
632 1205 24 19 to

68 1237 40 19 act
117 1240 24 16 as
153 1233 94 28 Sheriff,
259 1233 66 24 when
337 1242 68 22 many
417 1235 100 23 resident
529 1235 127 29 gentlemen

71 1266 74 30 might
164 1266 28 25 be
211 1266 80 25 found-
299 1267 50 23 who
360 1268 72 23 would
451 1268 109 30 willingly
571 1267 84 24 under-

66 1298 59 25 -take
146 1299 39 25 the
204 1300 75 24 duties
296 1301 35 23 for
350 1301 56 23 such
425 1301 114 24 moderate
562 1308 50 16 sum
631 1308 25 15 as

69 1332 77 26 ,would
157 1333 29 24 be
198 1341 13 16 a
221 1332 45 25 fair
276 1335 167 30 compensation
461 1334 35 23 for
508 1334 39 24 the
559 1334 62 23 work
633 1338 23 19 to

72 1365 28 25 be
125 1366 66 24 done.
238 1367 30 24 In
291 1367 37 23 the
353 1367 56 24 Post
435 1368 82 28 Office,
541 1367 56 28 also,
626 1374 30 16 an

71 1404 161 26 arrangement
248 1400 76 31 might
343 1400 115 24 doubtless
477 1402 28 22 be
524 1400 73 24 made-
601 1400 55 23 with

71 1440 64 17 aome
157 1434 139 30 respectable
322 1433 135 30 tradesman,
487 1434 32 30 by
540 1433 74 24 which
642 1441 14 15 a

72 1466 81 31 saving
171 1466 25 23 of
216 1466 129 24 two-thirds
367 1468 25 23 of
408 1467 38 24 the
468 1472 92 26 present
583 1468 73 30 salary

67 1499 78 31 might
155 1499 28 24 be
195 1499 101 25 effected.
331 1499 76 25 These
415 1508 25 16 or
449 1501 65 23 other
526 1501 128 23 reductions

70 1537 63 23 angst
144 1533 28 24 be
183 1533 73 29 made,
268 1541 26 16 or
312 1541 29 16 an
360 1534 129 24 immediate
508 1534 102 23 increase
633 1532 25 24 of

71 1566 103 24 taxation
196 1571 62 19 must
280 1566 52 24 take
355 1567 71 31 place,
449 1574 24 16 as
496 1567 39 24 the
562 1571 94 27 present

73 1598 101 30 salaries,
187 1600 102 31 together
301 1600 53 24 with
365 1600 38 23 the
416 1602 155 23 maintenance
583 1600 25 23 of
618 1599 38 24 tbe

72 1632 80 33 police,
176 1633 81 24 absorb
284 1633 38 23 the
346 1633 70 24 whole
438 1634 25 24 of
483 1633 39 24 the
545 1633 110 23 Customs

71 1673 100 18 revenue
182 1666 26 24 of
216 1666 38 25 the

72 1714 4 7 v
105 1699 45 24 We
161 1700 138 24 understand
317 1699 38 24 the
367 1700 78 24 Police
458 1699 135 33 Magistrate
611 1699 42 23 has

73 1733 102 24 received
193 1741 15 15 a
218 1734 188 23 communication
424 1734 56 23 from
499 1734 39 23 the
551 1732 103 25 Colonial

73 1766 128 31 Secretary,
214 1766 137 31 disavowing
362 1774 28 17 on
407 1767 38 23 the
456 1771 51 26 part
519 1767 26 23 of
553 1766 40 24 the
604 1766 50 24 Go-

73 1805 119 18 vernment
202 1800 30 23 its
242 1800 104 23 sanction
355 1801 37 23 for
411 1801 101 30 erecting
528 1800 38 23 the
578 1800 43 23 fort
631 1800 26 23 in

73 1832 97 30 Nelson,
183 1833 43 23 and
237 1834 86 30 stating
334 1833 50 24 that
403 1835 18 21 it
433 1833 44 24 will
488 1833 55 23 bear
555 1840 29 16 no
602 1836 54 27 part

74 1866 24 25 of
110 1865 39 25 the
160 1874 106 27 expense.
303 1866 78 32 Major
400 1866 139 29 Richmond,
551 1866 19 23 it
581 1865 75 24 would

73 1907 70 21 seem,
152 1899 45 25 had
209 1899 97 25 alarmed
324 1900 38 23 his
372 1905 93 26 patrons
484 1899 32 31 by
527 1904 128 28 represent-

73 1934 40 30 ing
125 1933 49 24 that
185 1933 46 24 this
241 1933 65 31 place
317 1934 26 23 of
359 1933 71 31 safety
440 1932 46 25 had
496 1933 58 23 been
567 1932 87 24 formed

73 1966 73 26 under
164 1967 40 23 the
216 1966 107 26 diiection
336 1967 26 23 of
378 1967 47 23 Mr.
439 1967 77 23 White
527 1975 6 20 ;
552 1966 42 24 but
604 1966 52 24 that

72 1999 130 32 gentleman
219 2000 66 24 knew
298 1999 37 24 the
348 1999 115 25 character
474 2000 25 23 of
513 2000 39 23 the
564 2007 52 16 men
626 1999 30 24 he

74 2033 145 30 represented
238 2037 39 18 too
292 2032 53 23 well
364 2037 23 19 to
407 2033 93 23 commit
518 2032 93 24 himself
625 2032 31 29 by

73 2073 43 23 tny
128 2070 37 19 act
175 2065 74 24 which
259 2065 81 25 should
352 2065 55 24 have
420 2066 33 23 for
464 2066 30 22 its
506 2065 75 32 object
591 2072 64 15 secu-

73 2099 44 30 rity
128 2103 23 19 to
162 2099 40 23 the
212 2099 56 23 lives
280 2099 26 23 of
324 2099 99 28 settlers,
435 2099 19 23 if
472 2099 18 23 it
500 2098 105 31 required
616 2098 40 24 the

75 2132 150 32 expenditure
237 2133 26 22 of
279 2140 13 15 a
305 2132 102 30 farthing
419 2133 25 22 of
460 2139 90 23 money.
597 2131 23 24 It
635 2132 21 22 is

73 2170 23 22 to
107 2165 40 24 the
158 2166 77 23 Home
247 2166 155 23 Government
418 2166 48 23 that
486 2165 41 23 the
538 2164 117 31 Company

71 2203 63 21 must
152 2199 55 24 look
218 2199 34 24 for
270 2204 132 26 repayment
417 2199 34 23 for
472 2198 46 23 this
537 2206 118 22 necessary

74 2232 84 31 outlay.

76 2286 3 5 .
106 2265 25 25 It
141 2267 21 22 is
174 2265 136 24 understood
322 2270 24 19 to
364 2265 27 24 be
403 2265 38 24 the
454 2265 110 24 intention
575 2265 25 24 of
617 2265 38 23 the

73 2298 88 33 Bishop
173 2303 27 19 to.
209 2300 87 31 expend
307 2307 29 15 no
350 2303 50 26 part
411 2299 25 23 of
445 2299 37 24 the
494 2299 98 27 £5,000
603 2297 53 32 paid

72 2334 48 23 into
131 2333 37 25 bis
179 2333 72 23 hands
263 2333 30 30 by
303 2332 37 23 the
350 2332 56 24 New
416 2331 100 24 Zealand
528 2332 125 31 Company,

72 2367 48 28 but,
134 2374 26 16 as
172 2373 55 17 soon
245 2374 25 15 as
281 2366 38 23 the
331 2365 53 23 land
402 2366 60 22 titles
480 2373 39 15 are
531 2365 87 29 settled,
632 2370 23 18 to

72 2400 75 23 invest
165 2400 28 28 it,
212 2400 103 30 together
332 2399 53 23 with
407 2399 38 23 the
464 2399 50 22 like
531 2406 50 15 sum
600 2399 54 22 sub-

73 2433 87 24 scribed
173 2433 30 30 by
215 2432 84 24 friends
311 2432 25 23 of
350 2432 37 24 the
400 2432 91 24 Church
503 2432 24 23 in
539 2431 115 32 England,

73 2467 24 24 in
108 2466 83 24 landed
202 2467 117 22 securities
339 2467 25 22 in
375 2466 38 23 the
431 2465 137 24 settlement.
604 2465 51 24 Tbe

71 2501 96 24 interest
188 2504 23 19 to
221 2500 29 22 be
261 2499 92 24 derived
364 2499 58 23 from
442 2499 45 23 this
500 2506 59 21 sum,
569 2498 86 32 judici-

73 2533 65 31 ously
150 2533 124 31 expended,
287 2533 18 24 it
321 2533 21 23 is
354 2532 134 32 anticipated
503 2531 31 32 by
545 2532 36 23 his
593 2532 63 23 lord-

73 2567 51 31 ship
136 2566 44 24 will
193 2567 77 23 confer
281 2571 88 26 greater
386 2566 84 24 benefit
482 2573 30 16 on
526 2566 38 22 the
576 2565 79 23 settle-

71 2604 63 20 ment
146 2600 54 23 than
210 2600 73 24 would
294 2599 37 24 the
347 2600 127 23 immediate
486 2599 169 23 disbursement

73 2634 25 23 of
106 2634 39 23 the
155 2634 119 31 principal.

106 2667 40 24 On
157 2667 151 31 Wednesday,
321 2675 13 15 a
346 2674 51 16 man
409 2665 82 25 named
501 2665 96 24 Maione
607 2673 47 15 was

73 2700 131 24 committed
216 2705 23 19 to
258 2701 80 36 prison,
347 2700 35 24 for
393 2701 52 22 nine
461 2698 99 30 months,
574 2698 30 31 by
616 2698 38 24 the

73 2733 79 25 Police
171 2733 144 33 Magistrate,
327 2733 36 24 for
374 2733 96 31 stealing
487 2740 14 15 a
513 2731 72 24 watch
597 2731 60 25 front

73 2767 39 23 the
123 2767 86 24 mantel
219 2768 63 31 piece
293 2768 25 22 of
334 2775 14 15 a
359 2766 151 24 coffee-house
532 2765 56 32 kept
599 2766 29 31 by
641 2773 14 15 a

73 2808 82 26 person
167 2800 81 24 named
260 2799 125 26 Crawford.

108 2834 40 24 On
159 2833 93 32 Friday,
264 2839 44 18 two
327 2841 99 24 sawyers
437 2841 57 16 were
513 2832 100 31 brought
625 2840 30 25 up

75 2873 23 18 at
108 2867 38 24 the
163 2867 78 24 Police
254 2867 73 24 Office
339 2867 35 24 for
395 2867 79 31 failing
493 2871 22 19 to
533 2867 97 31 perform
643 2873 15 16 a

75 2905 101 20 contract
193 2901 65 23 made
270 2900 53 24 with
339 2912 35 6 —
386 2900 103 31 Murray,
503 2900 68 31 Esq.,
583 2903 24 20 at
618 2898 38 26 the

75 2934 122 27 Motuaka.
232 2935 40 23 On
283 2934 88 31 finding
387 2933 137 24 themselves
536 2934 23 23 in
571 2933 86 31 danger

75 2968 25 24 of
108 2968 114 30 receiving
233 2968 64 23 three
307 2968 99 23 months'
414 2967 179 32 imprisonment,
602 2966 54 31 they

73 3001 120 31 requested
204 3001 38 24 the
254 3008 52 17 case
323 3001 74 31 might
414 3001 29 23 he
454 3000 124 33 adjourned
596 2999 60 24 until

73 3035 40 24 the
123 3040 57 19 next
191 3035 51 30 day,
254 3040 23 18 to
289 3034 71 24 afford
370 3034 60 24 them
442 3041 28 17 an
480 3034 145 31 opportunity
633 3032 26 24 of

75 3069 123 30 arranging
210 3069 37 23 the
258 3071 92 21 matter.

106 3101 46 25 We
171 3109 52 24 may
242 3102 110 28 mention,
365 3108 25 17 as
411 3109 29 15 an
460 3101 102 23 instance
575 3100 25 23 of
617 3100 39 23 the

73 3135 128 33 prevailing
225 3135 113 24 moderate
361 3135 97 24 weather
480 3135 25 22 in
535 3133 121 24 Tasman's

74 3168 65 29 Gulf,
152 3169 119 30 compared
282 3173 23 19 to
314 3168 60 24 what
385 3169 21 23 is
418 3167 148 32 experienced
576 3175 29 16 on
614 3167 42 24 the

75 3206 62 20 coast
155 3202 25 23 of
201 3202 57 23 New
282 3201 101 24 Zealand
404 3200 124 32 generally,
545 3201 51 23 that
617 3201 39 22 the

76 3234 121 26 Catherine
214 3234 130 30 Johnstone,
357 3235 73 23 which
449 3234 39 23 left
508 3234 90 24 Nelson
609 3234 47 23 this

74 3269 43 31 day
127 3268 113 31 fortnight
251 3268 55 24 with
324 3267 120 31 delightful
458 3267 107 28 weather,
578 3267 76 28 found,

75 3310 28 16 on
114 3302 43 24 her
167 3302 82 24 arrival
261 3306 24 20 at
294 3301 138 30 Wanganui,
445 3301 48 23 that
505 3305 24 19 at
544 3300 38 23 the
593 3307 63 17 same

75 3332 78 36 period
164 3328 23 31 it'
194 3335 44 24 had
247 3335 73 23 blown
331 3334 39 24 the
381 3334 100 23 heaviest
493 3334 51 31 gale
556 3341 51 16 ever
618 3341 37 16 re-

72 3368 138 24 membered.

89 3419 2 6 .
107 3402 93 25 Twelve
218 3402 103 27 wethers,
332 3400 100 32 brought
444 3401 63 22 down
520 3403 57 22 from
593 3399 61 32 Syd-

73 3439 45 28 ney
127 3436 26 23 is
164 3436 40 24 the
215 3433 56 25 Star
289 3434 30 31 of
333 3433 79 29 China,
426 3441 56 16 were
503 3433 152 32 immediately

75 3478 28 15 on
115 3469 44 26 b£F
167 3468 84 25 arrival
268 3467 49 24 sold
337 3467 36 24 for
393 3467 69 31 thirty
473 3466 106 31 shillings
588 3467 64 23 each.

75 3503 35 25 As
120 3502 48 24 this
179 3509 46 17 was
237 3502 38 22 the
287 3500 71 24 whole
378 3500 97 24 number
483 3504 43 27 put
536 3507 30 16 on
576 3499 78 28 board,

75 3536 47 24 and
131 3543 27 16 a*
167 3535 40 24 the
219 3540 47 19 cost
278 3534 42 23 and
339 3533 86 31 freight
435 3533 122 24 amounted
568 3537 22 19 to
603 3533 52 31 only

75 3576 40 18 tew
124 3569 106 31 shillings
242 3568 63 28 each,
315 3567 38 24 the
362 3566 92 32 shipper
463 3570 64 20 must
538 3566 57 23 have
606 3574 49 15 rea-

74 3601 60 26 lised
152 3604 50 23 200
221 3610 38 23 per
278 3606 59 19 tent,
360 3608 29 16 on
408 3600 36 24 his
463 3604 101 19 venture.
601 3599 54 24 Two

73 3636 110 24 beautiful
196 3635 80 24 Timor
293 3635 79 30 ponies
390 3641 58 16 were
467 3632 100 32 brought
578 3633 24 22 in
614 3632 39 24 the

74 3676 62 18 same
155 3669 83 28 vepsel,
259 3668 45 23 and
322 3667 85 24 landed'
424 3668 24 23 in
465 3666 113 24 excellent
601 3673 54 16 con-

75 3703 78 23 dition.
435 3711 4 3 •
459 3705 3 7 '

107 3736 29 24 Ik
141 3735 49 25 -will
200 3735 27 24 be
240 3742 54 17 seen
304 3734 30 31 by
346 3741 42 16 our
399 3728 141 36 advertising
550 3733 105 24 columns

75 3770 48 25 that
135 3770 63 23 there
209 3777 38 15 are
258 3775 50 17 now
328 3772 44 19 two
390 3767 120 24 breweries
522 3767 25 24 In
559 3766 95 24 Nelson.

75 3803 115 24 Attached
201 3807 23 19 to
235 3810 43 15 one
296 3802 21 23 is
327 3801 50 24 also
393 3807 15 17 a
428 3799 96 32 thahing
535 3799 119 25 establish-

75 3831 142 34 ment;'and,
235 3843 33 15 we
286 3835 94 29 believe,
380 3839 3 10 1
400 3834 93 24 another
501 3843 4 4 •
512 3834 148 23 toelt-h&use'

75 3871 21 22 is
106 3867 105 33 building
221 3872 23 20 at
261 3869 40 23 the
312 3869 111 23 Waimes.
459 3867 35 25 Ai
507 3866 46 24 this
566 3866 99 25 climate'

73 3902 178 33 i*j>a#tictd&rty
261 3902 131 24 favourable
404 3906 30 19 to-
437 3900 109 31 brewing,
558 3907 34 16 we
603 3907 60 24 may-

74 3937 59 35 hojb*
143 3941 64 19 dtan
225 3931 64 36 catty
298 3935 43 32 day
350 3938 26 21 to
388 3939 79 27 export
477 3933 58 26 Malt
545 3932 120 39 Hqtio*-'^

73 3959 185 45 a&^fc*Wat.
260 3966 6 19 :
389 3969 34 23 -I
463 3968 59 15 ■''■--•
543 3966 14 12 '•
576 3965 89 17 ■'•■-"'

1929 3561 41 25 Ihie
1981 3567 47 18 New
2038 3569 100 17 Zxaland
2148 3570 89 17 Gazette
2244 3570 36 15 and
2291 3568 136 17 Wellington
2439 3570 59 17 Spec-

1909 3594 66 14 tator
1979 3590 16 16 is
2001 3590 96 21 published
2103 3595 56 16 every
2165 3590 110 20 Wednesday
2285 3589 37 16 and
2333 3589 95 22 Saturday.
2449 3586 47 22 SitU

1907 3611 66 22 joined,
1976 3615 31 13 are
2014 3611 30 18 the
2049 3613 59 17 Jerms
2111 3617 29 10 :—
2219 3615 8 5 '

1931 3632 65 17 Pricx
2001 3636 24 13 op
2030 3637 42 13 thtb
2078 3631 97 19 PAFEb.—
2173 3630 54 21 Torty
2232 3630 85 21 shillings
2324 3634 32 16 per
2366 3635 76 17 annum,
2452 3636 44 17 pay-

1909 3653 43 18 able
1956 3653 24 19 in,
1983 3653 87 20 advance;
2082 3658 21 12 or
2109 3653 85 21 sixpence
2199 3652 27 17 for
2232 3651 59 21 single
2303 3652 93 16 numbers.

1920 3677 3 4 '
1931 3674 155 17 Advertisements
2093 3674 37 16 will
2136 3674 33 16 not
2174 3676 63 17 appear
2246 3672 21 17 in
2277 3672 34 17 the
2320 3676 81 19 ensuing
2409 3675 80 16 number

1910 3697 17 16 if
1934 3695 83 17 received
2023 3696 46 17 later
2074 3693 47 19 than
2130 3693 99 19 10,o'«look,
2236 3697 43 13 avm.
2281 3703 8 9 r
2293 3693 63 17 »n,th'e
2362 3693 96 22 morning*
2464 3695 31 17 ba*

1909 3717 39 17 fore
1961 3716 117 21 publication.
2100 3714 155 17 Advertisements
2268 3714 39 16 will
2316 3714 22 16 be
2349 3715 99 17 continued
2456 3716 37 16 and

1910 3738 78 20 charged
1998 3737 48 17 until
2055 3735 162 20 counter-ordered;
2230 3735 46 16 such
2283 3734 53 17 order
2341 3737 52 15 must
2398 3736 23 16 be
2429 3738 40 15 sent
2476 3737 20 15 to

1910 3760 32 16 tbe
1951 3758 55 17 Office
2018 3760 35 14 two
2071 3757 44 21 days
2135 3754 186 23 rtefqroipiWiwrtion,
2333 3756 37 16 and
2380 3759 51 14 must
2439 3758 24 16 be
2474 3757 20 16 la

1910 3780 79 20 writing.
2013 3778 158 18 Advertisements,
2180 3777 85 18 received.
2275 3777 58 22 Jtfier
2349 3778 22 16 10
2387 3777 67 17 o'clock
2470 3782 25 12 on

1910 3800 84 20 Tuesday
2000 3799 48 19 .and.
2051 3799 68 21 Ftfdoy,
2128 3797 92 22 morning*
2230 3797 41 20 wjll
2277 3799 24 19 .be
2401 3798 99 24 twiq^tlw

1905 3822 59 17 .usraal
1970 3820 53 17 rates.
2048 3827 4 3 -
2154 3817 5 3 '
2249 3824 87 18 ,•>.'.

1905 3853 3 5 ,
1931 3843 32 17 All
1968 3841 65 19 orders,
2043 3839 381 18 adVertasemwitst-Mid-coinmnnications
2434 3842 19 14 to
2464 3839 32 17 the

1905 3862 2 4 '
1911 3864 70 18 Editor,
1986 3866 31 12 are
2023 3860 96 22 requested
2125 3861 19 15 to
2150 3860 22 17 be
2178 3857 98 21 addressed
2281 3862 19 14 to
2307 3860 38 16 this
2351 3860 64 18 Office.
2456 3868 14 11 •,

1911 3882 129 20 Print»d;and-
2047 3880 107 23 pubU.ih.aS-
2161 3878 58 24 every
2231 3877 167 25 WedUeiday^'ana
2408 3880 89 21 Snuraay

1921 3903 139 27 .motning,,^-
2075 3903 85 23 SMttt^
2170 3902 132 28 J^f^^t!
2311 3902 141 28 #»e};.p/pc^.o/
2462 3900 40 22 ft*

1905 3924 3 16 I
1926 3924 55 20 INbW
1994 3921 97 20 ZBAEaVd
2102 3923 92 17 GUzITTE
2197 3924 9 8 r
2204 3927 42 15 *tfD
2260 3921 137 19 WittINOTOK
2413 3924 78 17 SHOT*

1924 3962 4 3 .
1932 3951 50 13 »**,
1987 3945 157 18 Manuwt-rtretC
2148 3944 118 21 .WtUlatffcn;
2272 3947 3 8 '
2278 3943 46 18 Sort
2331 3940 110 24 .Ntettoliiff,
2453 3939 51 30 VH'f

1297 3321 215 22 WHOLESALE
1541 3321 124 22 PRICES
1698 3321 175 22 CURRENT.

574 54 96 55 ®W
694 54 119 43 T&ttP
837 54 206 57 jgfe*iana
1066 56 191 45 <&a^ttc
1281 57 90 39 and
1398 56 293 51 WltUu\#ton
1718 56 253 46 &&uutQt.

1901 157 4 8 ,
1949 156 3 4 .
1983 156 5 6 .
2229 134 70 24 s*:
2315 134 21 23 ar.
2392 134 55 24 y>.
2467 135 14 21 d

1908 161 103 21 Gweese:
2025 160 107 22 Cheahire
2221 162 38 20 .0
2286 161 12 21 1
2326 163 15 19 4
2359 176 17 6 ..
2394 162 15 21 0
2435 161 11 23 I
2475 161 14 21 6

1946 201 11 9 <■
1967 205 8 5 .
2023 186 56 23 Pine
2089 187 74 27 Apple
2183 201 44 7 ...,
2242 189 20 19 €
2287 189 13 19 I
2326 189 50 19 2.»
2394 191 15 19 0
2431 191 17 19 ©
2474 190 16 19 0

1935 232 2 4 ,
1962 229 5 4 ■
1986 221 4 12 t
2018 213 96 23 Dutch..
2205 215 55 21 ,0
2282 216 19 24 jO
2321 215 88 24 .B.^o
2432 217 17 22 0
2463 215 28 21 10

1938 262 3 4 .
1971 234 112 30 -NJS.
2092 236 79 34 perlb.
2181 255 44 6 ....
2242 241 57 25 01,
2323 241 15 21 6
2356 243 53 21 ..,0
2433 244 16 21 a
2473 243 17 21 0

1906 262 108 29 «xWks
2018 259 109 34 VEnglfsh
2130 264 59 30 Wai,
2195 270 40 25 pa

2050 292 30 24 B>.
2103 283 123 32 ...Vw!...
2245 295 14 20 0
2283 292 57 24 *>S
2358 308 18 6 ..
2395 296 14 19 0
2433 295 15 21 3
2475 295 17 21 9

2017 320 75 29 Sperm
2246 323 13 18 0
2288 321 10 21 1
2315 321 26 20 10
2358 335 18 6 ..
2388 322 22 20 =©
2434 321 15 21 8
2476 323 15 19 0

2015 347 80 21 Mould
2242 349 16 19 0
2283 349 17 19 0
2327 348 13 20 6
2357 349 53 20 ..0
2435 349 14 19 0
2475 348 16 20 3

2014 370 58 33 pips
2240 376 18 20 t)
2285 375 14 20 0
2326 374 13 20 5
2357 388 19 6 ..
2393 375 15 20 0
2434 375 15 19 0
2475 375 15 19 0

2012 401 33 21 Ist
2049 400 92 28 quality,
2151 407 39 21 per
2193 403 38 19 ton

2028 426 27 22 of
2064 428 55 20 2000
2128 426 41 22 lbs.
2179 426 76 22 ....20
2282 429 15 19 0
2325 426 13 22 6
2356 424 52 24 ..22
2435 422 14 27 6
2475 429 15 19 0

2007 452 45 23 2nd
2060 453 57 22 ditto
2242 455 16 20 O
2282 456 17 19 O
2327 455 14 20 0
2357 468 19 6 ..
2394 455 16 20 0
2433 454 15 21 0
2475 455 14 20 0

1910 480 75 22 Flax:
2000 479 28 22 N.
2039 480 121 27 Z.perton
2183 481 75 23 ....15
2286 482 13 19 0
2326 482 14 20 0
2358 495 20 6 ..
2394 481 15 21 0
2434 482 14 20 0
2475 482 16 20 0

1937 506 43 22 Do.
1981 517 28 5 —
2010 506 103 23 onboard
2113 516 26 5 —
2140 507 115 26 pressedl7
2282 508 14 22 0
2322 509 16 19 0
2354 520 20 8 ..
2388 508 18 27 ,0
2429 508 17 20 O
2473 508 14 20 C

1910 532 61 24 Gin:
1990 532 52 23 Palis
2058 534 26 20 in
2093 533 60 22 bond
2246 535 13 20 0
2285 534 14 21 3
2327 535 13 20 6
2357 548 19 7 ..
2394 534 14 21 0
2433 534 14 22 5
2475 534 15 21 6

1958 559 61 27 Case,
2026 561 15 20 4
2047 558 37 27 gal
2090 560 40 21 4-s
2138 560 23 21 in
2171 560 57 21 bond
2244 561 11 20 1
2281 562 17 20 0
2326 562 13 19 0
2356 575 18 6 ..
2394 562 10 19 1
2431 560 15 21 5
2474 562 14 19 0

1908 586 82 21 Hams:
2007 585 126 27 Yorkshire,
2147 586 82 28 perlb.
2244 589 14 19 0
2286 588 13 19 0
2326 587 13 20 5
2357 602 18 5 ..
2391 589 17 19 0
2433 587 14 22 0
2473 587 14 21 7

1992 612 64 23 N.Z.
2067 620 41 20 per
2117 612 32 23 lb*
2183 626 45 7 ....
2245 615 14 20 0
2285 614 14 21 0
2327 615 14 20 0
2357 614 64 21 ..0.
2434 612 14 23 0
2475 614 14 20 5

1907 639 126 25 Mustard:
2049 640 43 22 Per
2101 639 71 22 dozen
2183 654 52 8 .....
2245 642 14 19 0
2274 640 27 21 16
2325 641 16 19 0
2357 654 20 6 ..
2394 642 15 20 0
2423 640 25 22 IS
2475 642 15 19 0

1907 665 114 23 Mutton:
2042 666 94 22 Carcase
2143 673 41 21 per
2190 664 24 26 lb
2225 682 5 6 .
2246 668 13 22 0
2286 665 13 22 0
2328 671 12 17 7
2358 680 18 7 ..
2391 668 18 22 .0
2433 668 15 20 0
2475 668 15 19 9

1908 692 120 23 Muskets:
2044 692 93 23 Walnut
2143 690 90 25 stocked
2246 693 13 21 0
2274 692 25 23 15
2327 694 14 20 0
2357 708 19 5 ..
2393 694 14 21 1
2433 695 16 20 0
2477 695 14 18 0

1907 718 79 23 Milk.
2001 719 98 28 Perpint
2244 722 14 19 0
2284 721 15 20 0
2326 720 13 21 2
2357 734 18 6 ..
2392 722 16 19 0
2434 722 14 19 0
2474 720 15 21 3

1906 746 81 23 Maize
1995 755 5 13 :
2014 753 40 21 per
2063 746 80 23 bushel
2244 748 14 20 0
2284 748 14 20 3
2324 748 15 19 O
2358 760 20 7 ..
2394 748 14 20 0
2433 748 15 20 S
2475 747 16 20 6

1907 773 45 22 Oil
1959 781 6 14 :
1980 773 102 26 Linseed,
2092 780 40 21 per
2140 773 73 27 gallon
2223 776 35 19 .0
2284 774 15 21 6
2326 774 13 20 6
2357 788 6 6 .
2369 788 7 6 .
2383 787 2 8 ,
2394 775 15 20 0
2434 773 13 22 7
2475 774 16 20 6

1981 799 104 28 Blacken
2089 800 101 28 cask.per
2193 803 37 18 ton
2233 802 26 21 18
2286 801 14 20 0
2327 801 14 20 0
2358 801 50 22 ..20
2435 802 13 20 0
2475 802 14 19 0

2012 827 81 25 Sperm
2225 827 29 21 50
2281 828 13 18 0
2323 823 13 22 t>
2353 823 51 25 ..Y5
2429 826 15 20 X>
2473 828 14 17 0

1907 853 77 22 Pork:
2000 853 75 27 Fresh,
2092 859 87 16 carcase
2194 859 39 21 per

2021 880 23 21 1b
2242 882 15 19 0
2284 882 14 19 0
2325 882 13 19 0
2356 894 18 5 ..
2393 882 13 19 0
2432 882 15 19 0
2475 882 14 19 4

1906 906 66 23 Pork
1978 914 5 14 :
2000 906 63 28 Irish,
2073 914 42 20 per
2122 906 73 22 barrel
2205 921 6 6 .
2218 921 6 6 .
2243 908 14 21 0
2284 908 14 21 0
2324 908 37 21 0.
2369 921 6 5 .
2393 908 54 22 410
2475 908 14 19 0

1986 933 58 23 N.Z
2240 935 13 20 2
2269 935 26 21 10
2322 936 14 19 0
2353 948 18 5 ..
2389 935 13 20 3
2430 935 14 20 0
2470 935 15 19 0

1905 960 118 23 Potatoes
2030 967 5 15 :
2056 960 57 22 New
2125 960 105 27 Zealand,

2080 994 40 20 per
2128 990 95 18 t0n....
2240 988 16 20 4
2283 988 14 20 0
2324 986 14 22 0
2355 1002 18 5 ..
2392 988 13 20 6
2432 989 13 19 0
2473 990 15 17 O

1906 1014 94 22 Porter
2009 1021 5 14 :
2042 1014 103 26 Dunbar,
2155 1014 24 21 in
2185 1014 45 21 bot.

2070 1047 42 21 per
2120 1040 42 21 doz
2242 1042 14 19 0
2282 1042 15 19 9
2325 1042 13 21 0
2355 1055 5 5 .
2367 1054 6 6 .
2390 1043 16 20 0
2421 1042 25 21 12
2473 1042 14 19 6

2014 1066 84 28 Bryant
2108 1066 44 23 and
2161 1066 67 22 Davis
2242 1068 14 20 0
2284 1068 13 20 9
2325 1068 13 20 0
2355 1082 5 5 .
2367 1080 6 7 .
2393 1068 53 21 012
2475 1069 13 18 0

1905 1094 99 21 Pickles
2014 1102 5 13 :
2031 1104 8 13 *
2051 1093 114 27 Asso^d,
2194 1101 39 21 per

2075 1120 57 26 doz.,
2138 1119 7 28 }
2157 1124 72 24 quarts
2244 1123 13 19 0
2272 1120 26 21 15
2326 1122 13 19 0
2356 1134 18 7 ..
2395 1122 12 19 0
2423 1121 24 22 17
2476 1121 14 19 0

1905 1148 73 21 Pitch
1992 1155 4 14 :
2027 1147 137 27 Stockholm,
2193 1155 39 20 per

2051 1174 71 23 barrel
2242 1176 14 20 2
2283 1176 14 20 0
2325 1176 13 20 0
2355 1188 18 7 ..
2392 1177 14 19 0
2432 1176 14 19 0
2474 1177 14 18 O

1905 1201 80 22 Plank
1994 1209 4 14 :
2026 1202 55 21 Port
2103 1201 127 27 Nicholson,

2052 1236 39 21 per
2101 1230 40 20 100
2150 1228 44 22 feet
2206 1243 5 6 .
2218 1242 6 7 .
2242 1230 14 20 0
2284 1230 14 20 6
2325 1230 13 20 0
2356 1242 5 6 .
2369 1242 5 5 .
2392 1230 14 20 0
2421 1230 25 20 10
2473 1231 14 18 O

1905 1254 69 22 Rice:
1987 1255 107 22 Common
2103 1261 42 22 pcr
2150 1258 47 19 cwt.
2206 1270 19 6 ..
2244 1256 14 21 0
2273 1257 25 20 10
2326 1256 13 20 0
2357 1270 17 5 ..
2393 1257 14 20 0
2433 1257 13 19 0
2474 1257 15 19 0

1986 1282 65 22 Good
2242 1285 14 18 0
2271 1283 25 20 15
2326 1283 13 20 0
2357 1296 17 6 ..
2390 1284 16 19 0
2433 1283 13 20 0
2475 1284 13 18 0

1904 1309 55 22 Rum
1967 1316 5 14 :
1989 1308 24 22 P.
2023 1309 26 22 B.
2060 1309 34 25 P.,
2110 1316 38 19 per
2157 1309 73 27 gallon

2023 1336 24 22 in
2061 1336 62 22 bond
2242 1337 14 21 0
2284 1337 14 20 4
2324 1335 14 22 3
2355 1349 19 6 ..
2393 1337 13 20 0
2432 1338 14 21 0
2473 1337 15 20 0

1904 1362 88 22 Sugar:
2010 1362 119 22 Mauritius
2138 1370 39 20 per
2183 1367 47 17 cwt.
2246 1365 12 19 0
2286 1364 14 19 0
2328 1364 48 19 0..
2409 1369 56 15 none

2013 1390 79 21 Brown
2107 1389 55 22 ditto
2240 1391 13 20 0
2282 1391 14 20 0
2323 1390 81 20 0..0
2430 1391 14 18 0
2473 1391 13 18 0

2013 1416 95 22 Refined
2124 1416 52 27 loaf,
2194 1423 38 21 per

2037 1443 22 21 lb
2242 1445 14 20 0
2284 1445 14 19 0
2325 1443 13 20 5
2357 1457 17 6 ..
2393 1445 13 18 0
2432 1444 14 19 0
2473 1445 15 20 6

2014 1470 94 22 Manilla
2127 1477 39 20 per
2179 1473 46 19 cwt.
2242 1472 10 21 1
2282 1472 14 20 0
2323 1471 13 20 0
2354 1484 5 6 .
2366 1484 7 5 .
2392 1471 9 20 1
2435 1471 53 20 16

1904 1497 73 21 Salt:
1993 1496 126 29 Liverpool,
2127 1504 41 19 per
2177 1500 36 19 t0n
2221 1498 35 21 .15
2284 1499 14 20 0
2325 1498 13 20 0
2355 1498 51 20 ..18
2433 1499 13 19 0
2473 1499 15 19 0

1904 1524 60 21 Soap
1972 1531 6 14 :
2005 1523 100 22 Hawes's
2129 1524 99 27 London,

2027 1558 39 20 per
2073 1555 40 17 ton
2226 1552 28 20 40
2282 1553 14 19 0
2323 1553 13 19 0
2354 1565 19 6 ..
2391 1553 15 19 0
2432 1552 13 19 0
2475 1555 12 16 0

2021 1577 118 28 Liverpool
2227 1578 27 22 35
2283 1579 15 21 0
2324 1579 14 19 0
2355 1591 18 7 ..
2392 1579 14 20 0
2432 1579 13 19 0
2474 1579 13 19 0

1904 1604 104 23 Starch:
2023 1605 73 21 Perlb
2242 1607 16 20 0
2284 1607 14 19 0
2323 1605 15 21 5
2355 1618 18 7 ..
2392 1607 14 19 0
2433 1606 13 20 0
2473 1606 16 19 0

1904 1631 141 23 Scantling:
2062 1631 43 23 Per
2112 1633 40 20 100
2160 1631 65 23 feet..
2243 1633 15 20 0
2284 1633 14 20 6
2326 1633 13 19 0
2356 1646 18 5 ..
2393 1633 14 21 0
2434 1633 12 21 S
2476 1634 13 18 l>

1905 1658 125 22 Shingles:
2046 1658 43 22 Per
2097 1660 61 25 1000,
2166 1658 61 22 N.Z.
2242 1660 14 20 0
2284 1659 14 21 6
2325 1659 13 21 0
2356 1673 18 5 ..
2393 1659 13 20 0
2421 1659 26 21 10
2475 1660 13 18 0

2031 1685 72 27 Ditto,
2124 1684 28 22 V.
2164 1685 28 22 D.
2203 1685 24 23 L.
2242 1687 14 19 0
2284 1687 14 19 0
2325 1686 13 20 0
2355 1699 5 6 .
2368 1699 6 6 .
2392 1686 53 21 012
2473 1688 15 18 O

1903 1713 50 21 Tar
1961 1719 4 15 :
1981 1713 54 21 Coal
2243 1713 10 20 1
2283 1714 14 19 0
2326 1713 48 19 0..
2395 1713 9 19 1
2433 1713 13 19 5
2475 1714 13 19 0

1985 1739 128 23 Stockholm
2244 1741 14 21 2
2284 1741 15 21 0
2326 1740 13 20 0
2357 1753 17 6 ..
2393 1741 14 19 0
2433 1741 13 19 0
2475 1741 14 19 0

1904 1766 47 22 Tea
1961 1774 5 13 :
1976 1766 78 27 Hyson
2059 1765 57 27 skin,
2122 1773 40 21 per
2171 1766 60 22 chest
2244 1767 14 21 4
2285 1767 14 21 0
2326 1767 13 20 0
2355 1781 19 5 ..
2393 1768 13 20 6
2433 1767 13 21 6
2475 1767 13 20 0

1979 1793 91 27 Congou
2243 1795 14 20 8
2285 1794 14 20 0
2326 1793 13 21 0
2356 1793 50 21 ..13
2433 1795 13 19 0
2475 1795 12 18 0

1903 1820 106 22 Tobacco
2016 1828 5 13 :
2035 1819 141 28 Negrohead,
2192 1827 39 19 per

2060 1847 31 22 lb.
2104 1847 24 22 in
2144 1847 58 22 bond
2242 1849 14 19 0
2286 1848 8 21 1
2325 1848 35 20 6.
2368 1861 5 5 .
2393 1849 13 19 0
2435 1848 8 20 1
2473 1848 16 20 9

1903 1873 162 24 Turpentine:
2082 1874 42 22 Per
2129 1874 96 26 gallon..
2244 1877 14 19 0
2286 1874 12 22 7
2326 1875 13 20 6
2357 1888 17 6 ..
2393 1876 14 19 0
2434 1875 12 20 8
2475 1876 14 18 0

1904 1899 160 23 Whalebone:
2081 1901 43 21 Per
2132 1905 39 17 ton
2181 1915 5 6 .
2193 1916 6 5 .
2206 1915 5 7 .
2218 1915 6 6 .
2231 1902 40 20 100
2286 1903 13 20 0
2327 1903 12 19 0
2357 1902 64 21 ..120
2435 1903 12 19 0
2476 1905 12 16 0

1904 1927 82 22 Wine:
2002 1927 87 29 Sherry,
2101 1934 40 22 per
2148 1927 50 28 pipe
2207 1943 18 5 ..
2230 1930 28 20 20
2286 1929 13 21 0
2327 1929 13 19 0
2358 1929 49 20 ..40
2434 1930 13 18 0
2475 1929 14 19 0

2014 1954 69 27 Ditto,
2099 1961 40 20 per
2153 1954 75 22 dozen.
2247 1956 7 20 1
2286 1955 13 21 0
2327 1956 13 18 0
2358 1968 18 6 ..
2394 1955 13 21 2
2435 1956 12 20 0
2477 1957 12 17 0

2012 1981 58 26 Port,
2082 1988 40 20 per
2131 1981 49 26 pipe
2205 1983 49 19 ..25
2283 1983 14 19 0
2324 1983 13 19 0
2354 1983 52 19 ..40
2432 1983 12 19 0
2472 1983 14 18 0

2077 2013 41 19 per
2127 2007 47 19 doz.
2204 2009 48 18 ..1
2282 2009 14 17 O
2323 2007 13 19 0
2354 2019 17 6 ..
2391 2008 13 18 2
2431 2008 13 17 0
2472 2009 14 17 O

2012 2032 149 27 Champagne,
2175 2032 53 21 ditto
2243 2034 13 19 0
2284 2033 13 20 0
2324 2033 14 19 0
2355 2046 5 5 .
2368 2046 5 5 .
2392 2033 14 20 0
2433 2033 12 19 C
2473 2033 15 18 <)

2012 2059 73 22 Claret
2242 2061 14 19 0
2272 2060 26 20 10
2326 2059 81 21 0..0
2434 2058 13 21 0
2475 2062 14 17 O

1905 2087 118 21 Poultry:
2038 2086 80 26 Fowls,
2124 2093 40 20 per
2171 2086 46 27 pair
2223 2102 5 5 .
2244 2087 13 20 0
2285 2087 13 20 3
2326 2086 13 20 6
2357 2099 17 6 ..
2393 2087 14 19 0
2433 2086 13 20 5
2475 2089 14 16 O

2037 2113 85 26 Ducks,
2132 2112 55 22 ditto
2206 2127 5 6 .
2219 2127 5 6 .
2244 2114 12 20 0
2284 2113 13 20 5
2326 2113 12 20 0
2356 2127 5 4 .
2369 2126 5 6 .
2393 2113 13 20 0
2434 2114 12 17 8
2475 2115 14 18 O

2037 2139 82 27 Geese,
2129 2139 54 21 each
2206 2154 17 6 ..
2242 2141 13 19 0
2271 2141 25 20 10
2324 2141 13 19 0
2355 2153 17 6 ..
2391 2140 14 20 0
2420 2139 24 21 12
2475 2142 14 17 0

2037 2167 108 26 Turkeys,
2156 2166 52 22 each
2244 2168 10 19 1
2285 2168 13 19 0
2327 2168 12 18 0
2357 2180 5 5 .
2370 2180 5 5 .
2396 2167 9 19 1
2434 2167 13 19 b
2475 2169 15 16 0

2038 2193 103 27 Pigeons,
2152 2193 75 27 (wild,)

2063 2228 41 20 per
2113 2220 48 28 pair
2244 2223 13 19 0
2285 2221 12 19 0
2326 2221 81 20 0..0
2433 2222 13 20 0
2475 2223 13 17 0

2037 2247 85 26 Ducks,
2130 2247 35 21 do.
2177 2247 34 21 do.
2220 2261 5 7 .
2244 2246 14 22 0
2285 2247 13 21 5
2326 2247 13 19 0
2357 2261 18 5 ..
2393 2248 14 20 0
2435 2249 12 19 0
2475 2249 14 19 0

1905 2277 60 21 Eggs
1972 2284 5 13 :
1995 2275 41 22 Per
2045 2274 72 22 dozen
2245 2276 14 19 0
2287 2275 10 20 1
2327 2275 81 19 6..0
2435 2276 13 19 0
2475 2275 16 18 O

1905 2303 77 22 Cows:
1996 2302 70 23 Milch
2233 2302 26 21 12
2286 2303 14 19 0
2327 2303 13 19 0
2358 2302 51 21 ..20
2435 2303 13 19 0
2477 2303 14 17 O

1905 2330 95 23 Mares:
2016 2328 74 23 Brood
2230 2329 28 20 20
2286 2329 12 20 0
2327 2328 81 21 0..70
2435 2329 12 19 0
2476 2329 13 19 0

1904 2357 116 21 Working
2037 2356 119 22 Bullocks
2164 2362 4 14 :
2191 2355 41 22 Per

1931 2384 49 26 pair
2231 2383 28 21 30
2286 2383 14 19 0
2328 2383 12 19 0
2358 2383 50 20 ..35
2436 2384 12 18 0
2476 2383 15 18 O

1905 2411 64 21 Hire
1979 2417 26 15 op
2016 2416 66 15 ditto
2089 2417 5 13 :
2112 2409 42 21 Per
2161 2409 48 28 day,
2219 2417 12 13 a

1931 2440 59 18 team
2000 2436 45 22 and
2051 2436 74 22 driver
2245 2438 14 21 0
2273 2437 26 21 15
2328 2437 81 20 0..0
2436 2437 13 20 0
2475 2437 15 19 0

1905 2465 87 21 Sheep:
2008 2463 59 21 Each
2244 2465 13 19 0
2272 2464 26 20 15
2327 2464 12 20 0
2357 2476 19 7 ..
2397 2464 8 20 I
2435 2463 12 21 5
2476 2464 15 18 O

1905 2492 63 21 Boat
1979 2490 71 22 Hike:
2066 2489 43 22 Per
2115 2489 49 31 day,
2170 2490 61 22 with-

2093 2520 40 18 out
2142 2516 69 22 hands
2222 2533 5 5 .
2244 2519 12 19 0
2272 2518 26 20 10
2326 2518 13 20 0
2357 2531 19 5 ••
2397 2519 7 18 1
2436 2519 13 19 0
2477 2518 14 19 0

1905 2544 97 22 Wages:
2030 2543 139 26 Mechanics,
2194 2550 38 21 per

2063 2571 43 26 day
2245 2573 14 18 0
2286 2571 15 21 6
2328 2572 13 20 0
2359 2584 18 6 ..
2395 2573 14 19 0
2437 2572 12 20 8
2478 2572 14 18 0

2038 2598 127 22 Labourers
2244 2599 13 20 0
2285 2598 13 21 3
2326 2599 82 19 0..0
2435 2599 12 19 5
2477 2599 14 19 O

1905 2626 68 21 Bark
1981 2633 4 13 :
2002 2625 28 21 N.
2040 2625 27 22 Z.
2077 2632 41 20 per
2126 2628 38 18 ton
2239 2626 13 20 3
2281 2626 13 20 0
2322 2625 14 20 0
2353 2638 6 6 .
2367 2638 6 6 .
2390 2626 14 19 4
2431 2625 13 21 0
2472 2626 14 19 0

1906 2653 78 21 Black
1994 2652 64 22 Dye:
2070 2651 65 22 N.Z.
2142 2659 39 20 per
2188 2656 38 18 ton
2240 2652 13 20 5
2282 2653 13 20 0
2323 2653 13 19 0
2354 2665 18 5 ..
2391 2653 14 19 6
2433 2653 13 20 0
2474 2653 17 19 O

1906 2679 86 22 Wool:
2008 2679 64 22 N.Z.
2083 2679 71 27 perlb
2241 2681 13 19 0
2282 2680 14 20 0
2324 2679 13 20 9
2356 2692 17 6 ..
2392 2680 14 19 0
2436 2680 7 20 1
2474 2680 15 19 O

1905 2706 106 22 Timber:
2035 2706 29 22 N.
2085 2705 27 23 Z.
2123 2705 107 23 furniture

1932 2740 40 19 per
1983 2734 39 20 100
2032 2733 43 22 feet
2244 2734 14 20 2
2286 2734 13 21 0
2327 2734 82 20 0..2
2425 2734 24 21 10
2477 2734 15 20 O

1906 2760 123 21 Cordage:
2038 2759 93 27 English
2138 2767 38 20 per
2182 2764 47 17 cwt.
2245 2761 13 20 3
2286 2760 12 20 5
2327 2761 14 19 0
2359 2774 17 4 ..
2397 2761 14 20 0
2437 2761 13 19 0
2478 2761 15 20 0

2032 2787 61 22 N.Z.
2099 2787 94 22 without
2199 2790 33 18 tar
2246 2788 13 20 3
2287 2787 14 21 0
2329 2787 14 21 0
2361 2801 18 5 ..
2397 2788 14 20 0
2437 2787 14 21 0
2477 2787 17 21 O

1906 2814 117 21 Canvass:
2038 2821 40 19 per
2092 2813 48 22 bolt
2247 2815 10 20 1
2275 2814 25 21 15
2329 2815 13 19 0
2360 2827 19 7 ..
2397 2815 14 20 2
2437 2815 13 19 5
2478 2815 16 20 O

1908 2841 104 22 Copper:
2027 2841 104 26 sheeting
2149 2848 39 20 per
2200 2841 30 21 lb.
2247 2842 14 20 0
2289 2841 10 20 1
2329 2841 14 20 6
2360 2854 19 6 ..
2397 2842 14 19 0
2438 2842 13 20 0
2478 2842 16 19 O

2025 2868 62 21 Bolts
2246 2869 15 20 0
2289 2868 10 20 1
2329 2868 82 20 9..0
2438 2868 13 22 0
2480 2868 17 20 0

2024 2895 63 21 Nails
2246 2896 13 19 0
2287 2893 13 21 5
2329 2895 49 19 0..
2397 2895 14 19 0
2439 2894 13 21 6
2480 2895 15 20 0

1908 2922 79 21 Lkad:
2004 2921 61 22 sheet
2073 2929 42 20 per
2125 2924 39 19 ton
2183 2922 117 22 ....30.0
2328 2921 14 20 0
2360 2921 49 21 ..35
2438 2921 14 21 0
2479 2921 17 21 O

1908 2948 59 23 Iron
1976 2955 5 13 :
1993 2948 93 27 English
2095 2948 42 22 bar
2145 2955 40 21 per
2194 2948 66 21 tonl4
2286 2948 19 20 0'
2329 2948 14 20 0
2360 2961 6 6 .
2374 2961 5 5 .
2397 2948 14 21 0
2438 2948 13 20 0
2479 2948 15 20 0

1988 2975 67 27 Hoop
2063 2983 40 21 per
2110 2979 38 19 ton
2228 2975 27 21 25
2284 2975 13 20 0
2325 2975 13 19 0
2360 2988 19 6 ..
2397 2975 14 21 0
2438 2975 13 20 0
2479 2975 15 20 0

1908 3002 44 22 Oil
1965 3001 75 23 Butts
2049 3009 6 14 :
2078 3001 113 23 Gordon's
2209 3009 24 15 or

2051 3028 71 23 Mills'
2129 3036 40 20 per
2178 3029 52 27 imp.

2051 3059 40 19 tun
2244 3057 14 20 3
2286 3056 13 20 0
2327 3056 13 19 0
2358 3069 18 5 ..
2395 3055 14 21 3
2425 3053 24 23 15
2477 3056 16 19 0

2141 3082 120 23 DUTIES.

1908 3112 99 22 British
2017 3111 91 22 Spirits
2319 3110 33 21 4s.
2362 3115 40 20 per
2410 3108 83 27 gallon.

1908 3138 105 22 Foreign
2024 3136 55 24 ditto
2094 3151 6 6 .
2108 3151 5 6 .
2122 3151 5 6 .
2135 3151 6 9 ,p,
2145 3158 2 8 p
2319 3135 33 22 ss.
2362 3142 11 23 p.
2378 3142 24 21 e$
2409 3135 84 27 gallon^

1908 3164 104 23 TobACCo
2021 3163 168 22 manufactured
2188 3164 4 9 1
2190 3179 6 11 ,
2324 3162 28 21 Is.
2360 3169 42 19 per
2410 3162 30 21 lb.

2021 3189 202 23 Unmanufactured
2366 3193 41 23 per
2414 3187 30 23 lb.

1909 3219 74 22 Snufp
2321 3216 31 21 2s.
2360 3222 41 21 per
2409 3215 30 23 lb.

1909 3246 87 22 Cigars
2321 3243 32 23 2s,
2364 3249 40 21 per
2412 3242 30 23 lb.

1908 3272 83 21 Wines
2297 3270 41 21 -15
2350 3276 42 21 per
2400 3273 57 19 cent.

1908 3298 57 26 Tea,
1979 3298 83 26 Sugar,
2079 3298 87 26 Flour,

1927 3325 49 22 and'
1981 3325 66 22 other
2054 3325 87 27 Grain,
2152 3326 13 20 5
2174 3330 38 22 per
2221 3328 59 19 cent.
2292 3321 5 24 I
2325 3331 20 3 ~-
2339 3338 12 14 A
2363 3328 96 24 „,.;_.,._

1909 3352 39 23 All
1957 3351 64 23 other
2028 3352 106 22 Foreign
2140 3351 141 28 productions
2292 3338 13 47 f
2324 3338 29 22 ad
2363 3338 51 23 valo
2414 3345 17 15 »
2431 3345 20 15 Jn
2451 3346 17 16 »-

1922 3378 45 23 and
1972 3379 167 22 manufactures
2146 3380 25 21 10
2177 3385 37 21 per
2221 3382 59 19 cent.
2288 3399 4 5 .

2111 3405 199 27 EXCHANGE.,
2456 3424 4 8 ,
2490 3424 5 6 ,

1910 3487 36 22 On
1955 3487 87 27 Sydney
2327 3487 73 22 Ditto.

1910 3514 89 22 Private
2008 3514 50 23 bills
2246 3514 4 5 '
2305 3514 113 22 Nominal.

1392 3360 133 16 CORRECTED
1538 3358 30 16 UP
1582 3359 29 14 TO
1624 3358 56 17 LAST
1697 3358 80 15 NIOHT.

1632 3384 15 17 £
1670 3388 15 12 s.
1711 3384 18 16 d.
1785 3383 16 17 £
1866 3384 12 16 d

1306 3417 40 22 ivz
1353 3424 5 14 :
1371 3422 41 23 per
1421 3415 48 22 hhd
1485 3413 9 23 '.
1501 3429 5 7 .
1516 3415 5 20 :
1526 3414 7 20 ',
1634 3415 13 20 0
1675 3415 13 20 0
1716 3415 14 21 0
1748 3427 18 6 ..
1786 3415 14 19 0
1827 3415 14 19 0
1868 3415 12 20 0

1470 3454 39 20 per
1513 3446 100 30 barrel..
1632 3448 13 20 0
1674 3448 13 19 0
1715 3448 15 19 0
1747 3459 19 9 ...
1785 3447 14 22 0
1826 3448 14 18 0
1868 3448 13 19 0

1469 3479 147 26 perdoz..-..
1634 3479 52 20 011
1718 3480 15 19 0
1749 3491 18 6 ..
1786 3479 54 20 013
1868 3480 13 19 0

1375 3512 30 22 N.
1415 3511 26 22 Z.
1453 3518 38 21 per
1499 3510 76 27 gallon
1594 3525 6 5 .
1607 3525 6 5 .
1631 3512 14 20 0
1672 3511 14 20 2
1713 3512 15 19 0
1747 3524 5 5 .
1759 3524 6 5 .
1783 3511 15 20 0
1825 3511 14 20 0
1867 3512 14 20 0

1306 3546 86 21 Lrback
1400 3551 6 14 :
1422 3543 43 22 Per
1473 3542 43 28 gal.
1527 3542 24 22 in
1560 3541 61 23 bond
1634 3543 14 20 0
1676 3542 11 20 1
1716 3542 15 21 6
1749 3556 5 5 .
1761 3556 5 5 .
1785 3542 14 20 0
1826 3542 14 21 2
1867 3546 14 20 0

1306 3577 81 23 Sread:
1398 3574 100 30 ,Per2l|r,
1509 3574 51 22 loaf
1572 3587 47 7 ....
1636 3575 14 20 0
1677 3569 14 28 b
1718 3574 14 20 5
1733 3573 4 4 '
1749 3572 19 22 .'.
1787 3567 14 29 6
1826 3575 15 26 p
1869 3575 14 20 6

1306 3609 61 22 Jeef:
1382 3607 79 27 Fresh,
1479 3612 89 17 carcase
1583 3612 41 22 per

1410 3632 24 29 ib
1632 3640 14 19 o
1673 3639 12 19 o
1714 3640 14 19 8
1747 3652 18 6 ..
1786 3640 13 19 o
1827 3640 14 19 o
1855 3640 24 20 ii

1401 3671 55 28 Salt,
1465 3678 40 21 per
1517 3671 70 26 tietse
1599 3684 19 8 .*
1636 3671 10 21 1
1664 3671 27 23 10
1718 3672 14 20 0
1749 3684 18 8 ..
1786 3670 22 22 3.
1827 3671 14 21 0
1856 3672 29 20 -Oj

1306 3702 94 26 s'utteb:
1417 3702 66 28 Irish,
1493 3702 88 28 peril*.-
1596 3716 19 7 ..
1634 3704 14 20 0
1672 3704 26 20 4-
1717 3704 15 19 9
1749 3716 17 6 ..
1786 3704 15 19 0
1829 3704 10 19 1
1869 3704 14 19 0

1414 3735 71 25 Fresh
1636 3736 14 20 0
1679 3736 9 20 1
1718 3736 17 20 6
1750 3748 18 10 ...
1787 3736 14 19 0
1828 3731 15 25 6
1869 3736 16 20 Q

1306 3772 99 22 Jranuy:
1421 3767 204 29 Firttu|daUfejr.f.per

1443 3800 78 31 gallop
1527 3800 24 23 in
1561 3800 61 22 bond
1636 3801 18 21 0:
1677 3800 56 26 5;,0
1735 3805 3 8 '
1750 3801 51 23 .<-,f>
1822 3800 27 22 -7.
1870 3801 14 20 6

1306 3838 73 25 JiaowJ
1508 3840 42 24 P9l:
1563 3830 54 24 hhd.
1632 3832 13 21 5
1664 3833 24 22 ,0
1705 3833 24 22 ,0
1741 3845 24 10 ...
1786 3833 15 24 §
1815 3833 27 24 1Q
1870 3834 19 21 0'

1306 3864 75 31 W»»
1389 3875 10 14 :•
1407 3864 103 33 Manilla,
1517 3871 40 22 per
1563 3864 61 27 1000,
1644 3887 4 7 ,
1718 3886 24 5 
1799 3887 18 4 ..
1872 3886 3 3 

1443 3892 93 31 in,b0iid
1545 3910 74 13 .......
1636 3897 13 21 2
1677 3897 13 20 0
1718 3897 166 28 O^3OQ

1403 3925 246 32 CoinsiirabperlOOOJ
1679 3930 14 21 Q
1720 3931 15 22 Q
1745 3922 26 27 >'..
1788 3931 19 24 0,
1829 3931 15 20 O
1845 3944 3 11 t
1862 3932 23 23 ,Q

1306 3962 77 27 :6tiss
1391 3972 5 14 :
1408 3963 65 27 Java,
1482 3956 78 34 peirlb.
1574 3976 6 7 .
1587 3975 5 8 .
1599 3960 7 22 '.
1614 3976 6 6 .
1627 3955 42 27 V
1679 3963 13 19 0
1720 3962 37 20 3.
1763 3975 7 7 .
1789 3963 14 21 Q
1829 3963 14 20 0
1871 3964 14 23 7

1300 142 122 26 Country
1437 142 124 22 Sections
1582 142 41 21 for
1642 143 61 22 Sale
1727 149 35 16 on
1782 144 98 21 Xiibcra

1538 169 103 21 Terms.

1300 194 163 49 SEVERAL
1496 195 101 22 Sections
1623 196 26 21 of
1677 197 103 26 Country
1809 196 71 27 Land,

1362 221 91 28 already
1462 221 81 25 chosen
1553 222 24 22 in
1587 221 36 22 the
1632 222 98 23 Porirua
1740 222 96 27 district,
1844 222 41 23 for:

1299 248 56 28 Sale,
1366 255 75 17 teem*
1448 255 107 16 ijbera*.
1581 248 78 30 Apply
1668 252 23 20 to
1884 264 2 3 -

1289 282 2 30 j
1390 278 27 24 V.
1433 277 29 25 A.
1475 280 169 28 Mols3Worth,
1660 281 186 29 Murphy-street,
1857 285 28 21 dr.

1443 311 28 22 V.
1485 311 106 27 Beswer,
1601 312 196 23 Manners-street.

1521 362 54 22 For
1589 363 68 25 Sale,

1299 396 91 49 THE
1403 396 145 23 COTTAGE
1562 396 93 23 situated
1666 398 23 22 in
1707 396 100 23 Oriental
1823 396 56 28 Bay,

1369 422 48 23 and
1429 422 70 28 lately
1507 423 106 27 occupied
1626 424 30 27 by
1667 424 37 22 the
1721 423 158 27 undersigned.
1884 426 2 7 '

1298 449 22 23 A
1335 448 52 28 long
1404 449 59 23 lease
1481 448 26 24 of
1522 448 38 23 the
1573 450 83 23 section
1672 457 59 21 upon
1752 450 71 23 which
1843 450 36 22 the

1299 475 67 23 house
1376 476 75 22 stands
1462 475 42 24 will
1514 475 27 22 be
1549 476 102 27 granted.
1677 498 5 10 ;
1700 495 3 10 ,

1324 501 67 24 Town
1402 502 54 23 land
1465 501 44 22 will
1516 502 29 22 be
1554 502 66 23 taken
1629 504 24 21 in
1663 504 122 26 exchange.

1324 529 43 22 For
1375 529 86 22 further
1468 529 134 27 particulars,
1613 530 66 28 apply
1688 533 24 19 to
1722 536 4 5 '

1613 563 97 23 George
1724 563 90 26 Dcppa,
1830 571 23 15 or

1613 589 35 22 W.
1665 590 29 22 V.
1709 591 102 21 Brewer

1298 632 90 50 THE
1411 634 78 20 Nelson
1512 633 113 21 Examiner
1648 635 43 21 and
1712 635 52 19 New
1788 634 93 20 Zealand

1370 660 110 22 Chronicle
1495 659 123 30 (published
1627 663 24 19 at
1660 660 102 27 Nelson,)
1778 660 19 21 is
1815 664 65 23 regu-

1296 685 57 29 larly
1369 687 141 22 transmitted
1510 684 4 3 1
1525 690 24 18 to
1563 686 144 29 Wellington,
1726 687 45 22 and
1787 693 50 21 may
1853 687 26 21 be

1297 712 43 23 had
1349 716 24 20 at
1380 713 39 23 the
1430 713 61 23 office
1501 713 25 21 of
1537 713 44 23 this
1589 721 74 20 paper.

1323 739 46 23 The
1379 741 79 19 Nelson
1467 741 114 20 Examiner
1595 741 44 22 will
1648 741 27 22 be
1685 739 71 24 found
1765 747 29 15 an
1806 741 73 21 excel-

1296 765 47 23 lent
1348 767 102 22 medium
1460 767 33 22 for
1503 766 136 23 advertisers.

1321 798 78 23 Terms
1409 798 35 23 for
1452 798 37 21 the
1498 805 73 21 paper,
1582 802 35 18 ten
1626 798 102 28 shillings
1740 805 40 20 per
1790 801 89 25 quarter

1295 826 93 27 payable
1396 826 26 21 in
1432 825 106 22 advance.

1323 857 82 21 Orders
1425 857 37 21 for
1479 856 38 22 the
1538 863 67 22 paper
1626 857 45 22 and
1695 857 183 21 advertisements

1296 883 101 23 received
1408 887 22 17 at
1440 883 36 22 the
1486 882 70 23 Office
1568 884 24 21 of
1604 884 42 21 this
1654 890 78 21 paper.

1455 929 76 21 Meat
1564 929 149 27 Company.

1522 962 126 23 CHEESE.
1884 963 2 19 i

1297 988 90 50 THE
1402 989 89 22 MEAT
1510 989 151 23 COMPANY
1681 992 92 24 expects
1794 989 83 27 shortly

1370 1020 22 18 to
1403 1016 85 22 receive
1496 1016 89 26 regular
1590 1017 95 26 supplies
1691 1017 25 21 of
1725 1016 85 22 Cheese
1822 1015 54 22 from

1297 1042 36 22 the
1345 1043 139 27 Cowpasture
1493 1043 45 21 and
1548 1042 118 23 Terawitte
1672 1043 96 22 Dairies.

1564 1076 35 22 W.
1614 1077 102 26 Flyger,
1729 1077 119 26 Manager.

1322 1103 131 27 September
1460 1104 33 25 29,
1505 1104 61 21 1843.

1466 1149 76 21 Meat
1557 1149 145 27 Company.

1295 1183 183 50 WANTED,
1494 1190 13 15 a
1515 1183 69 22 vessel
1595 1183 25 22 of
1632 1184 68 21 about
1709 1185 28 20 30
1746 1186 58 22 tons,
1815 1186 22 18 to
1848 1183 28 21 be

1388 1210 56 27 kept
1460 1209 125 28 constantly
1601 1210 115 28 employed
1729 1210 25 22 in
1773 1209 104 27 bringing

1295 1237 54 28 pigs,
1361 1241 21 18 at
1392 1244 15 15 a
1416 1237 60 22 fixed
1485 1237 58 27 price
1553 1244 39 20 per
1602 1237 80 27 pound,
1690 1238 59 21 from
1759 1237 38 20 the
1807 1242 67 21 coast,

1295 1264 34 22 for
1337 1264 44 23 this
1391 1263 175 23 establishment.

1563 1296 35 21 W.
1614 1296 102 27 Flyger,
1731 1296 116 28 Manager.

1322 1324 129 27 September
1459 1325 33 24 29,
1504 1324 60 21 1843.

1297 1369 173 49 CHARTER
1479 1368 171 27 PARTIES,for
1659 1368 46 23 sale
1715 1372 65 19 attne
1791 1369 84 21 Gazette

1352 1396 78 22 Office.

1296 1445 126 48 PLANS
1444 1444 27 22 of
1490 1444 38 24 the
1549 1444 69 26 Town
1637 1444 26 22 of
1680 1444 168 22 Wellington.

1367 1471 56 22 Plan
1445 1471 26 21 of
1477 1470 36 22 the
1524 1470 106 23 Harbour
1640 1471 25 21 of
1679 1471 56 21 Port
1750 1470 124 22 Nicholson

686 135 41 26 fro
743 140 162 22 Gentlem'eti
919 142 145 26 intending
1077 143 30 19 to
1122 144 76 21 enter
1211 143 59 20 into

691 174 3 3 '
712 166 47 23 the
786 168 68 26 proU
855 168 74 21 table
956 168 109 26 ptrrsuit
1093 168 32 21 of
1148 169 123 27 Orazing

715 194 54 22 and
788 194 137 28 Breeding
943 195 91 24 Stock,
1056 194 43 23 for
1117 195 109 27 which,,
1224 195 51 22 the!

715 221 89 24 fertile
820 217 112 34 island^
953 222 31 26 qf
999 221 68 22 New
1084 222 122 21 Zealand
1223 226 47 19 are
1274 240 2 4 .

713 253 32 16 so
761 247 149 28 peculiarly
924 248 126 27 adapted.
1077 246 5 4 '
1260 254 1 8 >
1274 268 2 7 ,

687 273 93 49 THE
791 271 152 30 undersigned
950 274 44 27 beg
1001 278 24 18 to
1031 273 84 24 inform
1124 273 57 22 their
1187 273 83 25 friends

758 301 45 22 and
820 300 36 22 the
960 300 122 28 generally,
1098 300 49 22 that
1163 301 52 27 they
1225 297 50 26 will'

686 330 102 21 contract
811 327 35 24 for
858 322 43 27 the
925 327 100 28 delivery
1048 327 27 22 of
1093 327 40 22 the
1155 327 116 29 following

687 352 135 29 description
835 353 25 22 of
866 353 74 28 Stock,
948 354 24 22 in
980 361 44 21 any
1034 353 52 23 Port
1096 353 26 23 of
1134 353 38 23 the
1183 354 87 24 JUltndß

687 379 27 23 of
718 380 57 22 New
784 378 114 25 Zealand:
900 391 28 5 —

714 405 95 24 Horned
825 407 65 22 cattle
908 407 124 28 (improved
1045 406 89 27 breeds)
1150 407 26 22 of
1187 406 29 23 all
1230 407 39 22 de-

686 433 125 28 scriptions,
905 438 1 6 '
1274 433 2 7 '

713 461 93 26 Horses,
827 460 56 23 ftom
905 459 39 23 the
966 461 50 21 best
1033 459 95 28 English
1147 460 45 22 and
1202 460 67 23 -Arab

684 487 72 26 studs,
773 487 92 23 suitable
880 486 37 23 for
934 487 85 27 racing,
1033 486 84 27 saddle,
1124 494 30 15 -or
1164 486 91 25 harness
1261 495 6 19 ;

685 513 46 23 and
740 513 109 28 breeding
855 520 81 20 mares,

714 539 57 23 Pure
779 540 75 22 Saxon
865 539 45 24 and
919 540 87 22 merino
1015 546 65 21 ewes,

713 566 120 23 Half-bred
848 566 114 22 Leicester
975 565 45 23 and
1029 566 92 22 merino
1141 572 61 21 ewes,
1219 574 50 21 par-

686 593 102 28 ticularly
796 593 95 27 adapted
904 593 37 22 for
948 593 46 22 this
999 596 104 24 -country,
1114 600 25 15 as
1147 593 53 28 they
1206 594 62 22 unite

687 619 79 28 weight
776 620 27 22 of
808 626 85 16 carcasß
903 620 54 22 with
967 619 95 23 fineness
1072 619 26 24 of
1105 620 64 22 wool.

711 647 49 21 The
783 646 150 28 undersigned
953 654 44 15 can
1025 646 166 23 accommodate
1216 654 52 22 pur-

686 672 88 23 chasers
788 673 28 22 of
828 671 57 23 their
894 673 69 22 Stock
980 672 52 23 with
1048 673 115 23 extensive
1177 674 92 26 grazing

684 706 61 17 runs,
756 699 78 23 within
844 701 40 21 100
892 699 66 23 miles
968 700 26 22 of
999 699 43 22 this
1053 699 59 22 Port.

726 737 5 11 c
759 746 3 3 .
910 744 3 3 .
945 725 35 23 W.
995 727 26 22 B.
1035 726 97 22 Rhodes
1145 727 44 21 and
1202 727 38 21 Co.

712 771 40 22 To
769 771 161 27 Capitalists
946 772 54 21 and
1014 772 76 21 Store
1105 772 126 26 Keepers.

898 806 59 21 FOR
971 806 82 25 SALE,

685 833 75 49 AN
774 832 186 23 EXCELLENT
968 832 95 22 weather
1068 832 101 22 boarded
1175 831 92 28 general

764 864 66 22 store,
840 859 52 23 with
909 859 185 27 dwelling-house
1111 859 46 22 and
1173 859 91 22 kitchen

685 886 110 27 attached,
813 886 67 28 doing
898 894 14 14 a
924 887 61 28 gopd
999 886 106 26 business,
1123 886 45 23 and
1183 886 25 22 in
1227 885 39 24 the

684 912 51 24 best
743 917 50 25 part
802 913 26 22 of
839 913 77 24 Town.

712 939 68 23 Stock
794 941 27 20 of
833 939 72 27 goods
920 943 23 18 to
961 940 29 22 be
1007 939 66 23 taken
1083 942 23 19 at
1118 946 16 15 -a
1144 939 122 22 valuation.

684 965 56 23 This
743 966 19 22 is
767 974 13 14 a
785 967 94 21 firstrate
884 966 142 28 opportunity
1031 965 34 23 for
1068 973 14 14 a
1087 965 65 23 small
1159 965 109 28 capitalist

685 995 22 19 to
713 1000 130 15 commence
849 993 110 22 business.
979 993 43 22 For
1027 993 137 26 particulars,
1173 993 94 26 applyto

995 1023 84 22 Waitt
1095 1031 46 16 and
1155 1024 84 22 Tyser.

715 1051 143 29 Wellington,
874 1051 103 27 January
985 1052 21 26 5,
1018 1052 60 21 1844.

687 1097 72 49 ON
774 1097 78 22 SALE
866 1100 24 18 at
908 1097 39 21 the
967 1096 70 22 Office
1056 1096 23 22 of
1098 1097 44 21 this
1159 1103 109 22 paper:—

765 1124 62 26 Keys
837 1124 23 22 of
868 1124 39 22 the
915 1124 71 22 Town
995 1124 26 22 of
1027 1123 55 22 New
1092 1123 125 27 Plymouth,

713 1150 67 23 Plans
790 1151 26 22 of
824 1151 98 27 Country
934 1151 64 23 Land
1007 1150 71 24 round
1091 1150 139 27 Wellington,
1242 1150 23 22 in

686 1184 58 20 case,

713 1204 68 22 Plans
791 1204 27 22 of
824 1204 91 26 Nelson,
927 1205 23 22 in
961 1211 57 19 case,

712 1231 79 26 Copies
808 1231 26 21 of
846 1231 36 22 the
901 1231 54 21 New
976 1230 97 23 Zealand
1088 1230 100 26 Journal,
1206 1230 59 27 184$,

685 1258 117 26 complete,
813 1257 81 27 bound,

712 1284 134 29 Chapman's
854 1284 117 27 Portfolio,
981 1283 84 27 bound,

713 1311 73 23 Prints
792 1312 26 21 of
824 1311 91 28 Nelson,

712 1337 74 27 Prints
797 1339 26 21 of
827 1337 142 28 Wellington,

712 1365 67 22 Plans
788 1365 27 22 of
822 1364 83 23 Nelson
917 1365 23 22 in*
950 1365 85 26 Sheets,

710 1392 71 23 Planß
790 1393 27 21 of
823 1392 99 27 Country
931 1391 65 23 Land
1006 1396 24 18 at
1042 1391 143 28 Wellington,

712 1419 68 25 Plans
788 1419 26 22 of
823 1418 35 24 the
867 1419 69 22 Town
947 1419 26 24 of
979 1419 56 23 New
1045 1419 126 26 Plymouth.

712 1445 130 28 September
851 1447 32 24 19,
894 1447 63 21 1843,

912 1492 42 20 On
969 1492 68 24 Sale,

684 1525 92 49 THE
806 1525 71 21 NEW
901 1524 152 23 ZEALAND
1081 1525 184 26 PORTFOLIO,

758 1551 126 23 conducted
902 1552 29 27 by
951 1551 32 23 H.
999 1552 22 22 S.
1038 1552 123 26 Chapman,
1181 1552 35 26 (of
1228 1552 38 22 the

686 1578 85 22 Middle
779 1578 108 27 Temple,)
898 1578 215 23 Barrister-at-Law.

711 1604 44 23 No.
768 1605 19 21 I.
788 1616 28 4 —
818 1605 21 21 A
854 1605 77 21 Letter
946 1608 23 18 to
987 1605 37 21 the
1041 1605 69 27 Right
1128 1605 61 22 Hon.
1207 1605 60 23 Lord

684 1632 98 27 Stanley,
802 1633 117 25 Secretary
938 1632 26 21 of
980 1633 58 21 State
1058 1632 35 22 for
1110 1632 38 22 the
1168 1632 99 23 Colonial

684 1659 155 26 Department,
915 1658 38 22 the
959 1658 187 22 Administration
1152 1659 26 21 of
1181 1659 85 23 Justice

685 1685 21 23 in
719 1685 54 23 New

711 1712 44 24 No.
768 1712 34 24 II.
804 1723 28 5 —
833 1713 75 24 Letter
923 1716 23 18 to
962 1712 59 22 John
1035 1712 60 23 Abel
1110 1713 83 26 Smith,.
1205 1713 60 28 Esq.,

682 1739 72 27 M.P.,
787 1739 36 23 On
833 1739 36 21 the
877 1739 144 27 Advantages
1028 1739 71 22 which
1105 1739 75 23 would
1188 1746 78 16 accrue

683 1769 23 19 to
717 1766 94 27 English
823 1766 124 27 Capitalists
954 1766 58 22 from
1023 1765 37 22 the
1070 1766 166 22 establishment
1244 1767 25 22 of

683 1800 15 16 a
706 1795 60 19 Loan
777 1795 101 24 Company
887 1793 36 22 for
931 1794 53 20 New
994 1793 95 26 Zealand,
1102 1793 84 23 similar
1198 1797 21 17 to
1228 1793 38 23 the

684 1821 129 22 Australian
823 1820 64 22 Trust

711 1847 44 23 No.
767 1847 46 23 111.
815 1858 27 5 —
915 1847 96 23 Address
1022 1850 22 18 to
1054 1847 37 23 the
1101 1847 57 23 New
1168 1847 97 23 Zealand

684 1874 66 22 Land
760 1874 136 30 Proprietors
907 1874 97 22 resident
1017 1874 22 22 in
1049 1874 37 22 the
1097 1873 84 25 United
1197 1873 69 28 King-

684 1901 59 26 dom,
755 1909 28 14 on
800 1901 83 22 several
898 1905 92 18 matters
1000 1901 26 21 of
1032 1901 136 29 importance
1179 1906 22 17 to
1210 1901 56 22 their

711 1955 44 25 No.
773 1955 40 23 IV.
814 1966 29 6 —
870 1955 35 23 On
926 1954 38 24 the
984 1955 114 26 Financial
1117 1955 110 24 condition
1244 1955 25 21 of

684 1982 56 22 New
882 1982 30 27 by
924 1982 90 22 Charles
1023 1982 75 27 Terry,
1110 1981 59 28 Esq.,
1180 1981 85 25 F.R.S.,

685 2008 80 22 F.S.A.

711 2035 44 22 No.
771 2035 28 21 V.
801 2046 28 5 —
832 2037 17 19 1.
900 2033 158 23 Observations
1079 2041 31 15 on
1136 2033 130 28 facilitating

684 2061 139 28 Emigration
849 2065 20 17 to
893 2061 57 22 New
974 2061 105 26 Zealand,
1099 2061 29 27 by
1149 2068 76 14 means

683 2089 117 23 Moderate
822 2088 96 27 Charges
929 2088 39 27 for
987 2088 66 22 Chief
1068 2087 44 23 and
1129 2087 136 23 Fore-Cabin

845 2115 26 22 In
881 2123 13 14 a
906 2115 76 22 Letter
992 2119 21 18 to
1025 2115 82 28 Joseph
1118 2115 83 26 Somes,
1213 2114 50 28 Esq.

683 2143 41 22 &c.
735 2143 39 21 &c.
806 2143 34 26 By
851 2143 28 22 H.
891 2143 23 21 S.
926 2142 120 27 Chapman.

710 2171 21 21 2.
772 2170 21 22 A
805 2171 74 21 Letter
888 2176 29 14 on
929 2169 103 26 Banking
1041 2169 26 23 in.
1075 2169 56 21 New

684 2197 34 27 By
729 2197 86 22 Arthur
825 2197 24 21 T.
863 2196 107 27 Holroyd,
981 2197 52 26 Esq.

678 2235 3 5 •
710 2224 45 22 No.
771 2224 42 22 VI.
814 2235 28 5 —
864 2223 159 23 Observations
1037 2230 27 14 on
1074 2223 37 21 the
1124 2223 141 26 Advantage*

683 2251 25 22 of
722 2258 14 14 a
752 2251 183 28 Representative
951 2250 119 27 Assembly
1084 2250 36 22 for
1140 2250 54 22 New
1209 2249 55 23 Zea-

712 2305 99 22 General
821 2305 46 22 title
877 2305 47 22 and
932 2305 149 21 introduction
1093 2308 23 18 to
1126 2304 36 21 the
1173 2304 78 22 Series.

872 2340 69 14 PRICE
959 2339 118 14 SIXPENCE.

713 2367 87 20 Gazette
811 2366 76 27 Office,
900 2367 69 27 Sept.,
981 2367 60 21 1843.

846 2413 77 20 Meat
955 2412 148 26 Company.

915 2446 124 22 BUTTER

684 2474 161 49 ALWAYS
858 2480 29 15 on
897 2473 70 27 hand,
983 2472 45 23 and
1042 2476 23 18 to
1078 2473 30 21 be
1122 2472 52 27 had,
1185 2472 82 22 whole-

763 2501 46 22 sale
828 2500 42 22 and
890 2500 72 27 retail,
982 2503 23 19 at
1023 2498 38 23 the
1083 2500 79 21 lowest
1181 2499 86 22 market

682 2528 68 28 price,
767 2536 13 14 a
797 2528 61 26 large
876 2527 81 28 supply
973 2527 25 22 of
1011 2527 38 22 the
1063 2527 127 21 celebrated
1206 2526 61 22 Cow-

683 2559 89 24 pasture
782 2555 46 22 and
836 2555 119 22 Terawitte
968 2555 69 26 Dairy
1048 2554 85 22 Butter.

955 2581 35 23 W.
1004 2581 104 26 Flyger,
1124 2581 114 26 Manager.

711 2609 99 22 October
818 2609 33 26 27,
861 2610 62 21 1843.

853 2655 77 22 Meat
952 2655 148 26 Company.

684 2688 92 50 THE
797 2687 235 27 UNDERSIGNED,
1050 2687 85 28 having
1154 2688 55 22 been
1229 2694 38 20 ap-

758 2715 91 29 pointed
863 2715 110 27 Manager
983 2715 24 21 of
1021 2714 38 22 the
1072 2714 63 22 Meat
1145 2714 121 27 Company,

683 2743 55 26 begs
747 2745 22 19 to
779 2749 116 15 announce
906 2741 49 23 that
969 2748 14 15 a
992 2741 87 27 regular
1087 2740 78 28 supply
1175 2741 26 22 of
1209 2740 57 26 beef,

684 2773 94 24 mutton,
799 2769 45 22 and
860 2768 57 29 pork
933 2776 53 19 may
1004 2768 81 27 always
1103 2768 28 22 be
1152 2768 116 27 depended

684 2804 61 20 upon
755 2801 24 17 at
788 2796 45 22 this
843 2795 171 22 establishment.

712 2825 41 27 As;
768 2823 44 23 this
835 2823 115 28 Company
969 2828 105 27 purposes
1093 2821 78 27 selling
1190 2824 23 20 at
1230 2821 37 23 the

769 2850 72 29 prices
851 2853 22 19 at
887 2849 75 23 which
970 2853 18 18 it
1002 2849 19 22 in
1029 2848 71 23 found
1108 2849 39 21 the
1156 2851 58 19 meat
1228 2855 40 15 can

683 2877 29 22 be
723 2877 107 28 afforded,
841 2876 36 22 the
886 2875 151 28 undersigned
1045 2876 18 21 is
1077 2875 54 28 only
1141 2875 126 23 authorized

684 2908 23 18 to
717 2905 51 27 give
774 2912 54 19 very
834 2902 86 26 limited
929 2904 77 25 credit,
1013 2902 46 22 and
1065 2902 40 22 has
1111 2903 57 21 been
1176 2902 93 23 ordered

684 2935 23 18 to
724 2935 48 24 stop
787 2931 31 23 all
832 2933 103 21 accounts
950 2930 73 23 which
1036 2936 38 15 are
1088 2933 42 19 not
1143 2929 52 28 paid
1210 2936 58 22 upon

684 2958 103 22 demand.
985 2962 5 8 '

711 2985 48 22 The
769 2985 99 23 business
878 2984 25 22 of
912 2984 37 22 the
960 2984 113 26 Company
1081 2982 20 22 is
1111 2983 86 23 carried
1206 2990 28 16 on
1243 2983 24 22 in

684 3011 58 26 the«
757 3019 49 17 ne.w
821 3011 108 28 building,
940 3010 89 24 erected
1045 3010 103 23 hetween
1165 3010 103 24 France's

684 3039 70 23 Hotel
773 3039 43 23 and
833 3038 40 23 the
891 3037 60 23 head
967 3037 27 22 of
1006 3037 37 22 the
1059 3037 56 28 Bay,
1133 3037 44 22 and
1192 3037 76 28 nearly

685 3066 98 28 opposite
793 3070 25 18 to
827 3065 45 23 Mr.
882 3065 85 28 Lyon's
977 3065 67 21 Store.

957 3091 35 22 W.
1007 3091 101 26 Flyoer,
1126 3091 113 27 Manager.

711 3119 131 25 •November
851 3121 33 25 23,
896 3121 63 21 1842.

854 3166 78 21 Meat
948 3166 147 25 Company.

811 3192 334 23 VEGETABLES.

686 3219 175 52 SHIPPING
875 3219 47 23 and
936 3219 105 22 Families
1053 3225 45 16 can
1111 3219 29 22 be
1156 3218 111 28 regularly

740 3246 101 29 supplied
851 3246 52 22 with
912 3246 29 22 all
950 3246 145 27 descriptions
1103 3246 27 21 of
1135 3246 132 28 vegetables.

965 3279 34 22 W.
1011 3279 100 27 Flyger,
1124 3277 115 29 Manager.

711 3308 131 28 September
851 3307 33 26 29,
895 3308 62 21 1843.

855 3354 77 20 Meat
946 3353 149 25 Company,

684 3389 73 49 AN
787 3387 200 23 APPRENTICE
1013 3389 24 16 to
1063 3385 38 24 the
1124 3386 101 22 business
1248 3385 19 23 is

764 3414 95 24 wanted.
887 3413 46 23 For
950 3413 136 28 particulars,
1103 3413 66 28 apply
1186 3420 27 15 on
1229 3413 37 23 the

684 3442 114 30 premises.

955 3467 37 23 W.
1006 3467 112 28 Feygee,.
1124 3467 115 28 Manager.

711 3497 131 25 September
852 3496 32 25 29,
896 3496 61 21 1843.

888 3540 31 27 by
935 3539 38 22 the
990 3538 159 27 undersigned,
1168 3540 97 24 Tenders

697 3566 41 25 VY
780 3568 36 22 for
831 3567 44 22 the.
884 3566 97 27 delivery
1001 3566 24 22 of
1041 3566 64 26 Flax,
1114 3566 49 23 leaf
1181 3570 23 18 at
1221 3566 44 22 Kai

686 3595 95 27 Warra;.
791 3594 20 23 it
820 3597 57 19 must
885 3594 30 21 be
925 3593 22 22 in
957 3593 134 24 convenient
1096 3592 62 26 sized
1167 3593 100 27 bundles,,

684 3622 38 24 the
739 3622 75 22 leaves
830 3620 78 27 sound,
926 3620 45 22 and
976 3619 87 23 -within
1077 3619 63 22 three
1152 3620 78 24 inches
1242 3618 27 24 of

684 3649 73 28 equal,
764 3647 90 29 lengths
867 3648 22 21 in
896 3656 5 13 :
906 3647 58 23 eacSh
978 3646 90 23 bundle.
1094 3646 99 25 Tenders
1206 3645 64 25 must

684 3676 85 30 specify
779 3676 38 25 the
826 3674 101 29 quantity
940 3681 41 22 ppr
995 3673 61 24 week
1070 3672 51 23 that
1134 3673 44 22 the.
1185 3675 81 28 parses

684 3709 43 17 can
737 3702 91 23 deliver.
971 3715 3 6 -
987 3723 3 6 ,
1014 3724 2 4 
1028 3726 3 3 .
1041 3722 8 7 ,
1064 3726 3 6 _
1147 3722 3 3 .
1194 3718 23 15 t,
1234 3700 3 22 '.

932 3728 14 25 ,'
955 3726 282 26 Ken,neth.'Mathiesoh.

712 3756 45 22 Kai
766 3756 87 26 Warra,
863 3755 57 22 Dfeei
931 3755 106 27 12/1843.

886 3797 39 26 £S
940 3800 124 23 Reward.

701 3838 17 20 A
750 3832 134 28 REWARD,
901 3834 27 23 of
943 3834 35 26 £5
997 3834 44 23 will
1060 3834 29 24 be
1105 3834 67 27 given
1187 3829 80 29 fbV'the

686 3862 64 24 *£jL~
762 3863 121 27 discovery''
888 3862 27 22 of
924 3862 40 22 the
979 3867 77 22 person
1059 3862 15 21 £
1079 3860 54 23 who
1145 3868 40 15 are
1192 3860 24 23 in
1227 3861 40 22 th'i

683 3883 65 38 fabit
756 3891 38 23 .of.
800 3890 94 27 stealing
903 3890 64 22 from,
978 3888 43 23 the-
1030 3888 63 23 back,
1097 3889 29 21 of
1137 3887 40 23 the
1182 3888 86 27 garden,

683 3911 26 33 if
719 3918 40 25 the.
769 3916 155 30 undefsigweA
934 3917 25 24 in
973 3915 194 29 MwpbVfStreeft,
1183 3929 26 13 ...
1225 3935 3 7 L

764 3943 21 5 '"
809 3958 11 17 fl
888 3946 32 24 -.;„
943 3964 5 8 ,
1007 3940 32 31 %<
1048 3943 34 26 M,
1095 3942 147 27 JRarteUjcus,.

687 3982 4 22 I
709 3964 248 34 W6v«mlierls;t&tfr
1050 3971 4 6 '
1154 3970 12 26 ,'.
1225 3979 3 5 '
1240 3971 2 4 '
