2559 4010
540 606 134 32 PORT
700 605 290 37 NICHOLSON,
1013 602 307 35 WEDNESDAY
1340 602 244 40 MORNING,
1607 603 270 33 NOVEMBER
1900 607 30 33 3,
1955 607 90 28 1841.

60 34 322 201 THE
489 34 322 201 NEW
918 34 750 201 ZEALAND
1775 34 751 201 GAZETTE

60 235 2466 111 AND

60 346 1233 111 WELLINGTON
1416 346 1110 111 SPECTATOR

600 490 223 39 PUBLISHED
863 490 140 37 IVERY
1048 470 260 55 WEDNESDAY
1349 486 89 38 AND
1484 486 232 37 SATURDAY
1761 485 207 38 MORNING.

939 548 3 3 •
1305 546 4 12 \

80 610 65 32 No.
168 609 66 39 86.]

2304 604 99 39 [Vol.
2426 605 47 30 11.

49 702 162 52 MESSRS.
221 701 87 23 JOHN
323 701 69 22 AND
408 699 130 23 GEORGE
548 699 96 23 WADE

127 737 39 15 are
180 728 125 23 instructed
318 731 23 19 to
358 727 44 23 sell
411 727 31 28 by
449 726 79 29 public
544 726 98 27 auction,

47 758 35 22 for
97 757 39 22 the
152 756 86 22 benefit
253 755 27 22 of
290 754 74 23 whom
380 754 20 22 it
416 761 54 19 may
484 760 106 20 concern,
599 752 45 22 this

47 784 53 28 day,
126 783 153 27 Wednesday,
298 781 133 24 November
449 780 39 22 the
506 779 48 28 3rd,
575 782 23 20 at
616 781 27 21 12

235 804 88 27 o'clock
333 807 113 29 precisely
453 815 6 20 ;

46 844 65 24 THE
120 843 116 23 WRECK
247 843 40 21 OF
301 842 65 22 THE
381 841 80 23 BRIG
477 840 165 25 TRANSFER,

46 882 34 22 As
88 881 19 22 it
115 887 52 16 now
176 880 41 23 lie*
227 886 31 15 on
268 878 38 22 the
320 877 74 22 beach
409 880 25 18 at
449 877 19 21 E
483 876 97 22 Kclaika
587 884 6 19 ;
609 878 35 19 to-

247 904 82 28 gether
338 903 55 24 with
402 903 44 22 her

73 939 192 27 LONG-BOAT,
281 937 135 28 TACKLE,
432 935 184 24 FURNITURE

46 967 132 28 TACKLE,
218 965 154 28 APPAREL,
413 964 70 22 AND
521 963 121 23 STORES.

260 1007 75 16 TERMS
336 1010 28 5 —
364 1005 68 16 CASH.

72 1036 65 27 Also,
148 1043 29 16 ex
185 1035 109 26 Adelaide,
304 1034 60 23 from
373 1033 92 23 Hobart
473 1032 108 27 Town,—

70 1064 81 26 50,000
166 1063 52 22 Van
236 1061 117 24 Dieman's
368 1059 67 24 Land
452 1059 107 28 shingles,
569 1058 47 24 and
629 1065 14 15 a

46 1091 104 30 quantity
166 1091 27 21 of
202 1090 54 22 Van
271 1088 119 24 Dieman's
408 1086 67 23 Land
490 1086 87 27 timber,
589 1092 55 16 con-

46 1118 78 27 sisting
141 1117 26 23 of
177 1117 83 22 boards
274 1115 57 23 and.
334 1114 122 28 scantling,
472 1113 26 23 fit
512 1113 37 23 for
557 1113 85 28 -plates,

46 1145 87 27 rafters,
141 1145 73 27 joiits,
225 1151 26 15 or
260 1142 110 29 uprights.

72 1171 50 22 The
131 1171 116 22 character
258 1171 27 22 of
289 1169 52 22 Van
351 1167 122 24 Dieman's
482 1167 68 23 Land
561 1167 83 22 timber

46 1200 19 21 is
79 1202 38 19 too
134 1198 51 23 well
203 1198 86 22 known
308 1199 23 19 to
349 1195 92 28 require
461 1197 121 19 comment.
621 1193 23 22 It

46 1233 52 23 may
116 1225 29 22 be
164 1225 51 22 well
234 1228 23 19 to
275 1225 59 20 state
353 1222 52 22 that
423 1221 40 23 the
482 1220 99 28 shingles
604 1227 38 15 are

47 1252 89 23 Hobart
151 1251 79 27 Town,
241 1258 46 15 not
303 1249 147 23 Launceston
467 1247 111 28 shingles;
597 1246 47 23 and

47 1280 49 22 that
105 1279 59 22 their
173 1278 121 27 durability
303 1277 19 22 it
339 1276 64 29 quite
416 1275 68 28 equal
498 1277 23 19 to
536 1273 69 23 metal
619 1281 26 15 or

47 1306 73 26 slates,
131 1306 45 22 and
186 1313 37 15 are
238 1303 70 24 much
315 1310 65 15 more
390 1306 56 19 neat
454 1302 24 22 in
489 1308 139 22 appearance
636 1309 6 20 ;

47 1334 44 23 and
105 1333 50 22 that
172 1332 37 23 the
230 1331 82 24 boards
329 1330 46 22 and
390 1329 133 30 quartering
543 1335 37 15 are
601 1335 44 15 un-

46 1360 94 24 rivalled
147 1360 31 27 by
188 1367 46 25 any
244 1358 66 23 other
318 1357 84 22 timber
411 1356 51 22 that
468 1362 43 16 can
520 1355 30 23 be
558 1355 88 27 bought

49 1392 23 19 at
80 1387 45 22 this
134 1386 79 28 period
221 1386 26 22 in
257 1385 37 23 the
305 1385 96 27 Colony.

72 1414 109 23 Terms—
181 1413 80 23 Under
279 1412 56 27 £20,
359 1410 69 27 cash;
454 1409 73 23 above
548 1408 56 28 £20,
630 1409 15 21 3

48 1441 106 28 months',
166 1448 29 15 on
206 1439 115 29 approved
331 1437 113 23 endorsed
454 1439 153 25 acceptances.

74 1475 149 26 Wellington,
235 1473 131 23 November
374 1473 22 25 2,
408 1472 62 20 1841.

82 1521 176 28 Wellington
270 1518 209 23 Horticultural
489 1517 122 26 Society.

65 1558 17 20 A
112 1554 149 24 MEETING
270 1553 27 23 of
307 1553 39 22 the
355 1552 140 22 subscribers
505 1551 46 21 and
561 1550 85 22 friends

49 1585 51 22 XX
127 1583 27 21 of
165 1581 44 23 this
221 1581 98 27 Society,
331 1579 46 23 will
392 1579 29 22 be
430 1578 56 22 held
501 1585 31 15 on
543 1577 103 29 Monday

48 1614 60 23 next,
120 1609 131 23 November
261 1607 39 23 the
316 1607 46 27 Bth,
374 1609 25 19 at
412 1605 109 23 Barrett's
533 1604 78 28 Hotel,
622 1607 24 19 at

180 1637 14 21 7
203 1634 88 24 o'clock
300 1635 26 21 in
336 1633 38 23 the
385 1633 99 26 evening
486 1643 28 5 —

75 1670 68 23 COL.
159 1667 201 28 WAKEFIELD,
376 1666 38 23 IN
428 1665 66 23 THE
508 1665 110 22 CHAIR.

49 1705 101 22 Amount
159 1703 28 23 of
197 1702 120 24 donations
328 1705 22 18 to
360 1700 46 23 this
416 1699 52 23 date
492 1715 5 6 .
504 1714 6 6 .
525 1699 48 23 £26
601 1699 45 21 10s.

49 1733 102 22 Amount
160 1731 27 21 of
197 1729 162 28 subscriptions
522 1726 49 23 £20
599 1727 46 21 10s.

77 1757 166 29 Subscriptions
258 1755 105 24 received
377 1755 33 28 by
425 1754 42 22 Dr.
485 1753 161 23 Feathentone

50 1785 44 23 and
104 1786 28 21 R.
143 1784 87 27 Stokes,
242 1784 54 27 Esq.

76 1811 130 23 November
215 1813 21 25 1,
247 1811 63 22 1841.

172 1856 175 26 Wellington
366 1854 162 28 Exchange.

65 1893 17 20 A
112 1890 113 24 PUBLIC
235 1888 126 24 DINNER
370 1891 24 19 to
404 1887 113 23 celebrate
529 1887 118 30 theopen-

49 1921 51 21 XjL
126 1919 40 26 ing
192 1917 26 23 of
243 1916 39 23 the
301 1915 142 27 Wellington
463 1915 131 28 Exchange,
614 1916 32 22 Te

51 1947 52 26 Aro,
114 1945 46 23 will
168 1945 52 22 take
229 1943 65 29 place
301 1943 26 22 in
337 1941 39 24 the
386 1943 82 26 Room,
481 1949 29 15 on
520 1942 126 28 Thursday,

48 1974 38 22 4th
95 1971 138 26 November,
246 1992 5 10 ;1841..;
250 1971 71 23 1841..
339 1969 306 28 Dr.JEvansin.the-chair,

24 2011 5 5 •
133 1999 45 21 the'
189 1997 77 30 public
285 2002 40 15 are
326 2001 8 6 1^
347 1994 149 28 respectfully
500 1994 100 21 'invited

51 2025 82 24 attend.
172 2023 92 23 Tickets
283 2023 47 21 30s.
344 2021 57 23 each
416 2024 24 19 to
456 2021 29 21 be
500 2020 48 22 had
563 2020 27 22 of
607 2020 39 22 the

51 2051 116 25 SteWardS>
260 2075 177 23 STEWARDS.

267 2110 37 23 W.
318 2110 76 28 Lton,

267 2138 30 21 A.
314 2136 108 29 LUDLAM,

268 2164 23 23 J.
307 2164 83 27 Wade,

267 2192 30 22 A.
314 2192 78 26 Hort,

266 2219 27 22 T.
308 2220 33 21 M.
356 2218 146 27 Partridge,

267 2246 38 23 W.
321 2247 109 26 Guyton,

269 2274 23 22 S.
308 2274 103 27 Revans,

268 2301 30 22 R.
314 2300 92 22 Waitt.

78 2338 88 23 Dinner
176 2343 29 16 on
215 2335 39 23 the
264 2335 60 22 table
334 2338 23 19 at
367 2336 14 20 6
391 2333 97 24 o'clock.
515 2332 133 23 Admission

52 2366 28 27 by
89 2365 80 23 tickets
179 2363 62 28 only.

228 2409 95 26 Sperm
338 2406 129 22 Candles.

57 2443 68 50 ON
143 2442 86 27 SALE,
246 2449 15 14 a
274 2441 111 34 quantity^
394 2440 28 22 of
439 2447 57 20 very
510 2439 47 22 fine
572 2446 76 21 sperm

117 2470 46 23 and
171 2468 148 29 composition
331 2467 103 23 caaales.

390 2494 31 22 D.
430 2494 23 21 S.
465 2493 79 22 Durie
554 2493 45 22 and
608 2494 40 22 Co.

155 2543 55 21 For
224 2541 72 24 Sale,
311 2546 37 15 ex
389 2538 148 26 Matilda/

57 2576 89 50 ONE
159 2575 106 24 hundred
274 2574 45 23 and
328 2573 80 28 eighty
415 2573 57 28 bags
481 2579 74 22 sugar,

130 2604 13 22 7
152 2603 55 27 bags
215 2602 88 28 ginger,

80 2632 27 21 36
117 2630 54 23 coils
179 2637 63 21 rope,

81 2659 27 20 12
116 2665 62 15 cases
187 2656 120 28 furniture,

80 2686 27 21 13
115 2684 56 28 bagi
179 2691 61 21 sago,

81 2712 116 27 Nutmegs,
209 2717 68 21 sugar
285 2709 83 29 candy,

82 2739 85 27 Gunny
173 2738 62 28 bags,
242 2736 105 28 oatmeal,

80 2765 44 23 Tin
132 2766 79 27 plates,
222 2767 12 20 1
242 2773 13 14 c
265 2764 47 23 and
320 2766 12 21 1
340 2771 24 21 x,

82 2792 90 23 Bottled
180 2792 86 28 sherry,

82 2819 122 24 Preserved
212 2822 81 21 meats.

387 2844 85 23 Waitt
483 2844 46 23 and
538 2843 85 22 Tesee.

229 2891 99 22 Places
341 2889 125 23 wanted.

59 2926 48 49 A
129 2926 74 23 MAN
221 2924 47 23 and
285 2924 36 23 his
340 2924 85 22 WIFE
444 2925 61 20 want
523 2923 128 22 situations.

147 2953 48 22 The
213 2959 55 16 man
287 2955 25 18 to
332 2950 69 23 make
420 2950 95 22 himself
535 2950 117 27 generally

60 2979 76 28 useful,
143 2980 47 22 and
196 2979 39 22 the
246 2985 89 17 woman
345 2985 24 15 as
378 2985 16 14 a
402 2976 61 28 good
472 2976 71 23 house
553 2980 98 24 servant,

61 3012 23 15 or
98 3007 61 27 plain
176 3006 66 23 cook.
270 3004 103 30 Enquire
388 3008 26 19 at
429 3004 39 22 the
484 3004 66 22 office
564 3003 26 22 of
607 3003 46 23 this

60 3039 71 24 paper.

86 3060 144 27 Wellington,
241 3058 130 23 November
380 3059 22 25 2,
414 3058 63 21 1841.

242 3103 83 21 Place
340 3102 123 25 wanted,

62 3139 65 50 BY
145 3148 15 15 a
177 3147 80 21 young
272 3146 95 20 woman,
386 3145 26 15 as
425 3138 72 22 house
514 3145 26 15 or
548 3144 107 20 nursery-

133 3168 69 22 maid.
231 3166 79 28 Apply
323 3169 25 19 to
364 3166 58 21 Mrs.
434 3165 79 27 Hunt,
530 3164 125 23 Thorndon

62 3192 52 30 Flat,
122 3203 56 14 near
184 3195 39 21 the
234 3192 158 29 Immigration
403 3192 98 23 Houses.

86 3222 97 22 October
191 3223 34 25 28,
237 3222 62 21 1841.

63 3265 60 49 FF
138 3265 210 28 GUNPOWDER,
357 3265 26 23 in
394 3266 27 20 12
430 3264 31 23 lb.
472 3264 63 27 kegs.

492 3291 22 23 S.
524 3291 103 23 Rsvans.

273 3347 69 22 Seed
360 3347 81 21 Peas.

66 3380 88 50 THE
168 3380 154 28 undersigned
330 3380 42 23 has
382 3387 15 15 a
406 3379 106 29 quantity
522 3379 28 22 of
554 3379 102 28 superior

143 3408 54 23 blue
213 3408 54 23 seed
281 3415 55 20 peas
350 3407 37 22 for
406 3406 54 27 sale,
477 3414 78 20 grown
573 3406 25 23 in
618 3406 38 23 the

65 3434 69 28 valley
141 3436 27 22 of
174 3435 37 22 the
221 3435 61 22 Hutt
291 3435 31 27 by
329 3434 40 22 the
378 3434 47 22 late
435 3434 47 22 Mr.
492 3434 83 22 Eaton.
599 3433 57 23 Also

65 3467 12 16 a
86 3463 100 27 quantity
195 3462 26 22 of
230 3461 78 23 radish
316 3460 61 23 seed.

439 3486 28 23 E.
482 3487 146 22 Catchpool.

90 3515 187 23 Dickson-street.

199 3567 42 21 To
256 3564 256 30 Agriculturalists.

67 3597 85 50 FOR
160 3600 86 27 SALE,
254 3607 14 15 a
275 3599 67 23 small
349 3598 107 29 quantity
462 3597 27 23 of
494 3605 56 20 very
556 3598 102 26 superior

136 3627 52 22 seed
197 3627 80 27 wheat,
288 3627 48 21 also
347 3633 14 15 a
369 3625 68 23 small
452 3625 105 27 quantity
567 3624 27 22 of
603 3624 55 22 seed

66 3650 72 31 barley
148 3653 94 23 without
249 3653 67 27 husk,
326 3652 56 23 both
392 3658 80 21 grown
488 3651 24 22 in
529 3651 39 22 the
582 3651 74 28 valley

67 3679 22 20 of
101 3679 36 23 the
146 3680 66 27 Hutt,
223 3680 47 22 and
279 3682 128 20 warranted
416 3679 28 22 of
454 3678 39 22 the
501 3678 51 22 first
562 3678 94 28 quality,

68 3704 40 23 for
116 3707 138 28 particulars,
266 3707 68 28 apply
343 3710 24 18 to

67 3760 5 2 _
225 3735 25 21 C.
261 3734 26 22 E.
303 3741 47 14 yon
361 3733 121 26 Alzdorf,
498 3731 88 23 Petoni.

255 3775 59 25 £20
329 3777 129 22 Re-ward.

164 3812 152 27 undersigned
324 3811 46 23 will
379 3811 53 27 give
443 3810 38 22 the
493 3810 71 22 above
571 3808 86 23 reward

74 3834 28 24 J-
138 3841 22 19 to
171 3846 44 20 any
227 3846 82 19 person
325 3846 25 14 or
366 3845 95 20 persons
477 3837 51 22 who
544 3836 46 22 will
605 3836 52 27 give

68 3863 50 22 auch
126 3865 145 22 information
281 3873 25 14 as
316 3865 45 22 will
370 3864 52 22 lead
436 3867 24 19 to
475 3864 38 22 the
528 3863 128 22 conviction

68 3890 24 20 of
101 3897 44 22 any
154 3899 81 20 person
245 3899 25 15 or
278 3899 94 21 persons
381 3890 138 28 feloniously
526 3890 78 27 taking
611 3889 45 23 and

68 3914 75 31 killing
152 3926 45 21 any
206 3919 38 28 pig
254 3926 25 15 or
287 3919 51 28 pigs
348 3918 103 23 branded
461 3918 23 21 G
494 3917 28 22 D.

429 3945 98 21 George
538 3944 90 22 Duffa.

675 697 183 49 NOTICE.—
858 697 44 22 Mn
922 697 86 22 Robert
1021 696 50 22 Tod
1086 695 86 27 having
1189 694 87 23 adver-'

756 724 59 22 tised
882 726 66 23 store,
963 724 45 20 and
1020 724 52 20 land
1085 723 100 21 attached
1199 724 21 19 to

674 755 24 18 to
706 751 29 22 be
744 751 40 27 let,
795 751 37 22 the
847 751 153 27 undersigned
1013 750 103 22 cautions
1132 757 45 20 any
1187 755 80 21 person

674 784 26 16 or
707 785 95 20 persons
809 777 59 23 from
878 778 79 27 taking
966 777 38 23 the
1015 784 71 21 same;
1102 776 39 22 the
1150 776 85 22 section
1243 783 26 14 or

674 804 120 22 allotment
801 811 61 21 upon
872 805 75 22 which
956 804 38 22 the
1006 804 71 22 house
1087 804 19 21 is
1123 802 95 28 erected,
1229 802 40 22 be-

672 831 41 26 ing
729 831 146 28 represented
891 831 33 26 by
938 831 55 26 him,
1010 830 45 22 and
1074 829 99 23 selected
1186 830 24 21 in
1229 829 39 22 the

674 857 66 22 order
759 858 29 21 of
806 857 76 22 choice
906 858 37 21 for
960 864 15 15 a
994 859 60 19 town
1072 864 61 20 acre,
1154 856 26 22 of
1194 855 74 23 which

672 884 45 21 Mr.
727 884 88 21 Robert
823 883 50 23 Tod
881 884 20 21 is
910 882 52 23 well
972 890 79 15 aware.

1015 909 87 22 Henry
1116 908 38 23 St.
1169 908 70 23 Hill.

700 935 146 29 Wellington,
857 936 100 22 October
965 935 35 27 25,
1012 937 63 21 1841.

819 983 54 21 Mr.
888 982 97 26 Henry
999 982 37 21 St.
1050 981 68 22 Hill.

672 1016 54 50 IN
739 1015 105 23 REPLY
851 1018 25 20 to
884 1016 46 22 this
940 1015 145 23 individual's
1095 1014 139 23 notification
1243 1013 25 23 in

729 1042 40 23 the
778 1044 53 20 New
841 1044 95 20 Zealand
947 1044 87 20 Gazette
1049 1042 28 22 of
1088 1042 38 22 the
1141 1041 54 23 27th
1207 1042 61 26 inst.,

673 1070 50 22 that
731 1077 40 21 my
779 1070 56 22 land
844 1077 29 15 on
882 1070 41 22 the
931 1070 73 22 beach
1013 1069 47 23 had
1069 1070 59 21 been
1135 1068 99 23 selected
1238 1068 32 27 by

673 1097 55 27 him,
753 1097 46 22 and
818 1096 111 23 therefore
950 1096 132 27 cautioning
1100 1103 93 20 persons
1210 1095 60 22 from

673 1123 79 28 taking
760 1124 26 27 it,
798 1124 11 22 I
818 1124 89 22 remind
916 1124 48 22 him
974 1124 49 22 that
1032 1123 35 22 his
1076 1122 108 22 selection
1194 1122 27 22 of
1230 1128 40 20 my

672 1154 107 26 property
789 1150 53 23 does
851 1153 41 19 not
901 1150 122 22 constitute
1032 1157 15 15 a
1055 1149 62 27 right
1126 1152 23 19 to
1158 1149 24 22 it.

700 1177 59 23 Title
769 1178 46 22 and
824 1178 126 27 possession
959 1177 47 22 will
1014 1177 28 21 be
1049 1176 140 27 guaranteed
1195 1178 23 19 to
1224 1182 47 20 any

672 1204 140 27 respectable
830 1207 65 29 party
912 1204 103 22 desirous
1033 1204 28 21 of
1080 1203 97 27 treating
1193 1202 36 22 for
1244 1201 26 22 it.

674 1230 29 28 If,
714 1238 111 20 nowever,
832 1238 24 14 in
868 1238 156 21 consequence
1032 1230 28 22 of
1071 1229 38 23 the
1117 1230 72 21 above
1195 1228 76 28 public

674 1261 43 24 act,
726 1265 46 20 any
782 1265 43 15 one
834 1257 40 22 has
882 1258 60 22 been
953 1256 103 23 deterred
1065 1256 59 22 from
1132 1257 89 26 coming
1226 1256 46 22 for-

674 1284 68 28 ward,
768 1284 12 22 I
804 1284 58 22 shall
886 1284 57 22 hold
961 1284 48 22 Mr.
1032 1284 33 22 St.
1088 1282 50 23 Hill
1159 1282 68 23 liable
1246 1282 24 23 in

676 1311 116 27 damages.

1082 1336 95 24 Robert
1187 1336 56 23 Tod.

702 1364 147 28 Wellington,
858 1364 56 22 28th
924 1365 59 27 Oct.,
994 1365 62 21 1841.

778 1409 160 28 Wanganui
952 1409 78 21 Land
1044 1409 126 26 Agency.

677 1442 101 23 rfIHE
802 1442 154 28 undersigned
983 1442 86 27 having
1095 1441 88 23 resided
1210 1448 62 15 some

683 1464 31 28 X
743 1469 93 23 months
851 1472 24 19 at
888 1469 137 27 Wanganui,
1044 1468 42 23 has
1100 1468 60 23 been
1176 1468 107 22 enabled*

675 1499 25 20 to
709 1496 67 23 make
786 1496 93 22 himself
890 1496 138 28 acquainted
1037 1494 56 23 with
1105 1495 39 22 the
1161 1495 50 22 best
1220 1496 53 21 sites

675 1524 35 22 for
720 1524 39 21 the
769 1523 106 22 selection
884 1523 28 22 of
919 1526 96 29 country
1023 1522 74 28 lands,
1107 1522 47 23 and
1163 1522 116 30 therefore;

675 1550 54 22 with
745 1550 132 22 confidence
885 1550 93 22 tenders
987 1549 36 23 his
1032 1549 98 23 services
1140 1553 24 18 to
1175 1549 99 28 proprie-

676 1580 53 24 tors,
747 1584 26 15 as
789 1584 28 15 an
832 1578 78 26 Agent
924 1577 35 22 for
976 1576 39 23 the
1030 1576 116 33 selection^
1157 1576 53 27 sale,
1220 1583 54 21 pur-

677 1604 75 28 chase,
763 1604 46 22 and
818 1604 87 27 leasing
914 1606 108 26 property
1030 1604 25 21 in
1065 1603 49 23 that
1124 1603 92 22 district.

705 1637 89 23 Letters
802 1638 35 22 for
848 1638 36 22 the
895 1638 127 22 subscriber
1034 1641 23 18 to
1071 1639 29 20 be
1115 1637 121 23 addressed
1249 1640 23 19 to

677 1665 39 24 the
726 1672 52 15 care
789 1665 26 22 of
825 1666 93 21 Messrs.
928 1665 81 27 Wade,
1020 1664 148 28 Wellington.

926 1699 31 22 H.
976 1699 121 27 Churton,
1109 1698 135 28 Wanganui.

677 1745 148 49 LAND
848 1744 262 23 AGENCIES.—
1109 1744 42 22 TO
1174 1744 99 22 LAND-

755 1771 186 22 HOLDERS.—
940 1771 49 22 The
1007 1771 159 28 Undersigned
1183 1771 44 27 beg
1250 1773 23 20 to

678 1799 55 21 offer
742 1798 136 23 themselves
887 1802 23 18 to
921 1798 59 22 their
988 1798 87 22 friends
1084 1798 47 22 and
1143 1797 40 23 the
1197 1797 76 28 public

677 1833 25 15 as
712 1825 89 28 Agents
809 1825 36 22 for
853 1825 38 22 the
902 1825 97 28 disposal
1008 1825 25 22 of
1039 1825 71 22 Town
1120 1825 46 22 and
1173 1825 100 27 Country

678 1852 84 28 Lands,
773 1853 47 22 and
828 1855 58 20 trust
895 1852 59 22 their
963 1852 99 22 colonial
1072 1852 134 27 experience
1220 1859 62 20 may-

677 1887 28 15 en
707 1879 50 22 title
767 1879 62 22 them
839 1882 23 19 to
872 1887 13 14 a
897 1879 66 22 share
974 1879 26 22 of
1010 1879 38 22 the
1056 1876 78 30 public
1142 1882 130 25 patronage.

705 1906 65 28 They
779 1907 46 22 will
833 1907 29 22 be
870 1907 78 27 happy
956 1909 24 19 to
989 1913 95 20 arrange
1098 1906 36 22 for
1141 1905 47 22 and
1196 1913 78 21 super-

676 1933 81 23 intend
767 1933 39 22 the
815 1940 93 21 surveys
914 1933 47 22 and
967 1933 162 22 sub-divisions
1136 1933 27 21 of
1168 1932 37 22 the
1210 1932 62 22 land.
1277 1938 7 24 \

678 1960 92 23 Liberal
778 1960 112 23 advances
900 1960 48 21 will
958 1960 36 24 be.
1003 1959 66 22 made
1080 1967 30 14 on
1118 1960 66 24 lands
1193 1959 92 26 placed*

677 2013 24 20 to
710 2010 67 22 assist
787 2009 136 28 proprietors
932 2009 24 21 in
962 2008 92 27 leasing
1064 2007 60 23 their
1131 2007 73 23 lands.

962 2042 64 23 John
1037 2041 47 23 and
1095 2040 59 23 Geo.
1164 2040 80 23 Wade.

755 2088 133 27 Building
902 2088 175 20 Allotments
1091 2088 30 19 to
1136 2087 60 21 Let,

679 2121 94 33 rpHE
792 2121 202 22 ADVERTISER
1009 2120 67 22 offers
1090 2126 62 21 upon
1168 2118 107 27 Building

686 2142 30 29 X
755 2148 91 26 Leases,
856 2155 14 15 a
879 2148 97 22 number
987 2147 26 22 of
1022 2147 73 22 Town
1102 2146 137 22 Allotments
1249 2146 24 21 in

679 2176 38 23 the
726 2179 62 18 most
797 2174 108 23 desirable
914 2178 62 24 parts
986 2174 27 22 of
1022 2173 45 22 this
1078 2173 140 22 Settlement.

705 2203 50 22 The
774 2202 110 23 attention
902 2202 27 22 of
946 2201 39 22 the
1000 2201 78 27 public
1094 2201 19 21 is
1129 2199 145 33 particularly

679 2230 74 23 called
771 2233 24 18 to
814 2229 37 22 the
869 2228 127 28 advantage
1016 2228 26 21 of
1059 2227 109 28 Building
1183 2227 89 27 Leases,

678 2257 75 22 which
762 2256 39 23 the
809 2255 155 28 undersigned
971 2263 20 14 is
1002 2254 97 23 enabled
1107 2258 24 19 to
1140 2257 73 25 grant,
1221 2254 52 27 viz.,

678 2284 59 23 from
747 2291 70 16 seven
827 2287 22 18 to
867 2286 141 24 twenty-one
1023 2289 74 20 years,
1115 2281 121 27 according
1250 2284 24 18 to

678 2312 39 22 the
735 2311 68 22 value
822 2310 26 22 of
867 2310 39 23 the
928 2309 116 27 buildings
1066 2308 112 29 proposed
1199 2311 23 19 to
1245 2308 29 22 he

679 2338 99 23 erected.
807 2336 75 30 Apply
893 2340 25 19 to

844 2372 23 22 J.
881 2371 27 23 T.
924 2371 149 26 Wicksteed,
1084 2377 26 15 or

844 2405 35 23 W.
894 2405 31 23 V.
940 2406 108 26 Brewer,
1065 2404 193 23 Manners-street.

895 2458 40 20 To
950 2457 35 21 be
999 2458 59 24 Let,

682 2491 166 52 SEVERAL
862 2491 94 23 TOWN
966 2491 107 26 ACRES,
1082 2490 24 22 in
1116 2489 89 23 various
1213 2492 61 25 parts

747 2519 27 23 of
785 2519 148 28 Wellington.
961 2518 45 22 For
1015 2517 139 28 particulars,
1170 2518 67 27 apply
1250 2520 23 18 to

859 2552 27 23 E.
902 2553 145 25 Catchfool,
1058 2551 188 22 Dickson-street.

893 2598 42 21 To
949 2598 34 20 be
998 2597 60 25 Let,

682 2632 93 32 fpHE
789 2634 60 20 town
867 2638 51 15 acre
935 2630 44 23 No.
996 2632 41 20 680
1051 2637 30 14 on
1097 2629 39 22 the
1152 2630 123 26 Surveyor-

688 2653 31 29 JL
757 2658 119 23 General's
883 2658 64 28 plan,
957 2656 124 28 belonging
1090 2660 23 18 to
1130 2656 39 23 the
1185 2655 89 24 Church

681 2687 26 22 of
719 2686 115 27 Scotland.
862 2686 45 21 For
916 2688 76 24 terms,
1003 2684 68 28 apply
1081 2686 23 19 to

873 2719 96 23 Robert
980 2719 29 21 R.
1020 2719 103 26 Strano,
1136 2717 110 23 Solicitor.

701 2774 89 21 Town
804 2773 55 21 and
874 2773 125 26 Country
1014 2772 79 21 Land
1106 2773 30 19 to
1151 2771 34 21 be
1201 2772 57 20 Let.

684 2806 169 51 SECTIONS
869 2805 47 23 and
931 2805 102 27 portions
1049 2805 28 22 of
1090 2804 102 23 Sections
1206 2804 25 23 in
1245 2803 30 22 all

752 2837 63 25 parts
832 2833 26 22 of
872 2833 38 22 the
929 2832 71 23 Town
1020 2832 26 22 of
1062 2832 146 27 Wellington,
1229 2831 45 22 also

682 2862 103 27 Country
794 2860 101 23 Sections
908 2860 27 22 in
945 2860 38 21 the
999 2859 98 22 districts
1114 2859 26 22 of
1153 2859 38 22 the
1208 2858 65 27 Hutt,

682 2889 39 21 the
733 2888 88 28 Kaiori,
831 2888 39 21 the
879 2886 78 28 Ohiro,
971 2886 46 23 and
1028 2886 39 22 the
1082 2886 100 22 Porirua.
1210 2885 66 27 Long

681 2916 72 22 leases
763 2916 28 21 of
797 2915 37 21 the
851 2917 97 24 country
956 2914 55 22 land
1027 2912 47 23 will
1088 2913 29 22 be
1132 2912 95 28 granted
1244 2919 30 15 on

681 2942 133 23 reasonable
825 2945 74 19 terms.
929 2940 46 23 For
983 2940 133 29 particulars
1125 2940 67 28 apply
1201 2942 24 19 to

876 2975 101 22 Hanson
988 2973 46 23 and
1048 2974 115 22 Alzdort

910 3007 125 23 Thorndon
1044 3008 75 27 Quay,
1130 3006 145 28 Wellington.

684 3056 124 25 Country
822 3053 127 23 Sections
967 3051 44 22 for
1030 3052 62 22 Sale
1112 3058 38 16 on
1168 3051 114 23 Liberal'

931 3079 104 21 Terms.

686 3114 177 51 SEVERAL.
887 3113 103 22 Sections
1018 3112 26 23 of
1076 3113 102 27 Country
1204 3111 72 27 Land,

750 3141 94 27 already
852 3140 84 23 chosen
946 3140 25 22 in
980 3140 39 22 the
1032 3140 96 23 Porirua
1141 3140 92 27 district,
1244 3139 34 22 for

686 3169 58 28 Sale,
755 3176 76 15 terms
841 3175 107 15 liberal.
976 3167 78 29 Apply
1063 3170 25 19 to

782 3203 26 22 F.
823 3203 29 22 A.
867 3202 174 27 Molesworth,
1057 3200 187 29 Murphy-street,
1255 3207 23 15 or

782 3237 37 22 W.
833 3237 29 22 V.
877 3237 110 27 Brewer,
996 3236 198 22 Manners-street.

736 3289 70 22 AND
822 3288 61 22 IOR
897 3288 118 22 SALE.—
1015 3287 48 22 The
1077 3286 71 23 Town
1157 3287 67 27 Acre,
1239 3288 40 20 884

747 3323 49 17 .on
805 3315 39 23 the
852 3314 244 29 Surveyor-General's
1103 3314 55 28 plan
1165 3321 6 20 ;
1187 3313 45 22 and
1241 3313 38 22 the

687 3344 103 26 Country
800 3342 76 22 Lands
889 3343 25 21 in
929 3342 39 22 the
984 3341 60 28 right
1059 3341 27 22 of
1099 3340 77 23 choice
1190 3340 26 22 of
1225 3339 54 23 land

687 3370 78 23 orders
783 3370 56 22 Nos.
854 3369 48 28 687,
921 3368 47 28 726,
990 3370 61 25 1084,
1071 3367 27 23 of
1112 3367 39 22 the
1170 3367 48 22 first
1235 3366 44 23 and

687 3396 112 29 principal
808 3396 137 23 settlement.
975 3396 44 22 For
1028 3398 70 19 terms
1107 3394 68 28 apply
1185 3397 23 19 to

942 3429 29 22 R.
987 3429 28 22 R.
1030 3429 102 27 Strang,
1143 3427 110 23 Solicitor.

713 3464 147 27 Wellington,
870 3464 92 27 August
970 3463 33 27 27,
1016 3464 61 20 *841.

687 3509 120 49 LAND
827 3509 41 21 TO
891 3507 97 23 LET.—
989 3507 70 22 Town
1083 3514 62 14 acres
1170 3506 43 22 No.
1233 3506 46 25 168,

766 3537 48 26 156,
823 3537 49 25 423,
888 3535 36 26 47,
935 3536 49 25 561,
996 3535 49 26 559,
1064 3533 46 22 and
1122 3540 70 21 many
1206 3532 74 22 others

686 3563 25 22 in
721 3563 39 22 the
770 3565 60 19 most
838 3561 110 23 desirable
961 3561 126 21 situations.
1116 3560 57 22 Also
1186 3562 93 23 country

687 3589 55 22 land
749 3596 31 15 on
790 3589 37 21 the
836 3588 73 22 banks
919 3587 28 22 of
952 3587 39 22 the
1001 3587 140 27 River^Hutt
1150 3586 46 22 and
1204 3593 30 15 on
1243 3585 37 22 the

688 3617 95 21 Porirua
792 3615 61 23 road.
882 3614 77 28 Apply
971 3617 23 19 to

1081 3640 22 22 J.
1119 3640 37 22 W.
1171 3640 80 22 Child.

916 3686 54 21 For
985 3685 70 26 Sale,

687 3721 75 51 AN
780 3719 66 23 order
854 3719 35 21 for
898 3726 14 14 a
928 3723 97 23 country
1034 3718 88 22 section
1137 3718 25 22 in
1171 3718 38 22 the
1222 3717 59 23 third

768 3747 74 26 series,
852 3745 97 23 number
957 3753 31 15 on
996 3746 38 22 the
1044 3745 94 28 register
1147 3745 34 23 78.

1105 3772 24 22 J.
1143 3772 111 22 Jackson.

715 3802 192 26 Lambton-quay,
919 3800 99 22 October
1027 3800 35 27 21,
1074 3801 62 20 1841.

688 3853 163 52 BARLEY,
870 3853 46 23 and
928 3852 79 27 barley
1016 3852 47 22 and
1078 3851 75 22 wheat
1168 3853 65 20 straw
1248 3850 35 21 for

766 3881 54 22 sale.

1082 3905 77 22 James
1173 3905 80 21 Watt.

714 3935 153 28 Berhampore
878 3934 76 27 Farm,
966 3933 51 22 Oct.
1027 3933 35 27 28,
1074 3933 61 21 1841.

1293 693 18 32 'j!
1397 694 4 3 *
1431 708 3 5 .
1448 694 69 21 New
1526 694 124 21 Zealand
1658 694 78 20 Flax.

1296 727 88 49 FOR
1390 727 87 27 SALE,
1485 734 14 14 a
1507 727 110 26 machine,
1628 734 24 14 or
1660 727 53 27 plan
1723 726 26 22 of
1756 734 12 14 a
1775 725 111 28 machine,

1354 754 36 22 for
1400 754 102 27 dressing
1517 753 57 22 New
1588 753 101 22 Zealand
1702 753 57 28 flax;
1776 760 13 15 a
1803 753 84 27 sample

1290 779 32 35 jof
1333 781 73 22 which
1413 788 54 20 may
1476 781 29 21 be
1515 787 53 15 seen
1579 783 24 19 at
1617 780 43 22 this
1676 779 78 23 Office.
1783 780 48 22 The
1840 787 48 14 ma-

1296 807 65 23 chine
1373 807 77 22 driven
1461 808 30 27 by
1501 814 44 15 one
1554 814 61 19 man,
1624 807 18 21 is
1650 807 91 27 capable
1753 807 25 21 of
1785 807 103 26 dressing

1290 836 46 20 1100
1345 833 88 28 pounds
1447 834 24 21 in
1486 837 40 19 ten
1535 833 76 27 hours,
1622 833 45 21 and
1676 840 43 14 can
1734 834 26 20 of
1771 840 79 15 course
1858 833 29 21 be

1286 860 125 22 increased
1422 863 23 19 to
1462 867 45 20 any
1516 863 101 24 amount,
1627 860 30 27 by
1668 859 37 22 the
1723 859 37 22 aid
1775 860 26 20 of
1812 862 74 23 water,

1286 893 36 15 tor
1331 889 71 19 steam
1410 892 83 21 power.

1293 925 21 13 t-.
1323 912 86 22 Should
1424 912 44 22 this
1484 915 63 19 meet
1562 911 38 23 the
1617 911 67 23 views
1701 912 27 21 of
1743 919 44 20 any
1807 911 27 22 of
1851 911 37 21 the

1286 943 4 24 [
1297 939 149 28 enterprising
1461 938 106 23 colonists
1584 939 27 21 of
1622 939 52 21 Port
1689 938 131 27 Nicholson,
1835 938 54 27 they

1286 983 2 7 ,
1297 973 52 22 may
1357 973 79 15 secure
1452 974 14 14 a
1481 966 99 22 fortune.
1610 966 54 26 Any
1673 965 108 28 inquiries
1798 965 91 22 address

1297 995 24 19 to
1331 993 28 21 R.
1370 993 30 22 A.
1462 995 22 20 to
1495 993 39 21 the
1545 1000 50 14 care
1605 993 27 21 of
1642 992 100 22 William
1754 992 134 26 Robertson,

1297 1019 161 22 Chronometer
1491 1019 89 27 Maker,
1610 1019 143 26 Kororarika,
1784 1019 47 28 Bay
1867 1019 26 21 of

1297 1045 96 28 Islands,
1399 1044 15 24 '
1414 1044 47 24 New
1471 1046 108 22 Zealand.

1293 1094 6 28 I
1407 1091 71 20 New
1491 1091 125 20 Zealand
1631 1090 149 25 Company.

1298 1124 93 48 THE
1408 1124 103 22 COURT
1526 1124 39 21 OF
1586 1123 176 22 DIRECTORS
1773 1123 40 22 OF
1825 1122 65 23 THE

1374 1150 74 22 NEW
1467 1150 152 22 ZEALAND
1634 1150 154 22 COMPANY
1805 1150 85 27 hereby

1298 1178 51 26 give
1359 1178 84 31 noticej
1453 1178 50 21 that
1513 1178 53 26 they
1576 1178 58 20 have
1643 1176 106 22 reserved
1758 1176 35 22 for
1806 1176 46 22 sale
1866 1179 24 19 to

1298 1211 93 21 persons
1400 1204 101 22 resident
1509 1205 24 21 in
1544 1204 56 22 New
1617 1204 101 21 Zealand
1736 1211 25 14 or
1775 1203 38 22 the
1831 1205 61 20 Aus-

1290 1230 116 33 tralasian
1416 1232 113 26 Colonies,
1540 1234 44 18 two
1590 1230 103 22 hundred
1700 1230 26 22 of
1733 1230 37 22 the
1778 1230 113 22 thousand

1290 1252 4 36 I
1300 1258 128 22 allotments
1442 1258 133 22 mentioned
1589 1258 26 21 in
1630 1257 37 22 the
1684 1257 91 28 printed
1813 1257 78 21 Terms

1293 1284 42 28 ,for
1357 1284 114 22 Purchase
1489 1285 28 21 of
1656 1284 25 22 in
1700 1284 38 21 the
1756 1284 135 26 Company's

1291 1313 4 32 j
1301 1311 84 22 second
1394 1312 137 26 settlement,
1545 1312 93 26 bearing
1648 1311 52 22 date
1716 1310 57 22 New
1790 1310 102 22 Zealand

1302 1338 84 27 House,
1403 1338 52 23 15.th
1471 1338 116 27 February
1603 1339 61 25 1841,
1679 1338 75 27 copies
1773 1338 27 21 of
1818 1337 74 22 which

1292 1377 2 5 ■
1301 1372 53 20 may
1370 1365 28 22 be
1417 1365 108 24 Qbtained
1548 1369 23 18 at
1589 1365 40 22 the
1647 1364 245 28 Surveyor-General's

1303 1392 70 27 office,
1384 1392 148 27 Wellington.

1290 1421 2 7 '
1329 1418 72 23 These
1410 1420 43 20 200
1462 1419 138 25 allqttments
1609 1418 58 22 have
1682 1418 59 22 been
1759 1417 93 22 entered
1867 1417 25 22 in

1302 1445 37 22 the
1347 1445 97 28 registry
1453 1445 27 22 of
1490 1445 148 32 applications
1648 1445 72 21 under
1729 1444 39 22 the
1785 1445 107 21 numbers

1290 1473 50 21 '401
1352 1475 23 19 to
1391 1473 50 25 600,
1451 1472 56 22 both
1519 1472 117 26 inclusive,
1657 1472 45 21 and
1721 1472 38 21 the
1778 1471 71 27 rights
1869 1472 26 20 of

1302 1499 76 22 choice
1385 1499 24 21 in
1418 1502 89 25 respect
1516 1499 26 21 of
1556 1499 38 21 the
1612 1498 48 22 said
1677 1498 107 22 numbers
1800 1498 45 22 will
1864 1498 28 22 be

1302 1526 141 22 determined
1451 1526 30 27 by
1488 1526 35 21 lot
1533 1526 24 21 in
1570 1525 106 27 England
1686 1532 24 15 as
1719 1526 24 20 in
1754 1524 39 22 the
1801 1532 51 14 case
1868 1526 27 20 of

1302 1552 31 23 all
1341 1553 39 21 the
1390 1553 65 22 other
1464 1552 137 22 allotments.

1339 1579 126 28 Intending
1481 1578 139 29 .purchasers
1638 1579 26 21 of
1678 1578 66 22 these
1763 1578 129 22 allotments

1302 1609 61 19 must
1372 1606 88 27 deposit
1468 1606 39 22 the
1516 1606 73 22 whole
1604 1605 202 28 purchase-money
1821 1606 71 26 (.€3OO

1302 1633 35 22 for
1345 1632 65 27 each)
1421 1634 49 21 into
1480 1640 46 21 any
1536 1633 25 21 of
1573 1632 38 22 the
1622 1632 58 22 local
1690 1632 111 22 branches
1817 1632 26 22 of
1853 1632 39 22 the

1302 1660 78 22 Union
1389 1660 66 22 Bank
1465 1660 26 22 of
1509 1659 117 22 Australia
1632 1667 4 19 ;
1654 1659 45 22 and
1716 1666 29 14 on
1761 1659 131 27 presenting

1302 1694 26 15 or
1337 1687 153 27 transmitting
1499 1690 23 18 to
1537 1686 37 22 the
1590 1687 135 26 Company's
1740 1686 76 27 acting
1832 1686 61 27 prin-

1302 1714 58 28 cipal
1370 1718 68 23 agent
1446 1714 24 22 in
1481 1713 57 22 New
1548 1713 107 27 Zealand,
1665 1716 25 19 at
1698 1713 54 22 Port
1760 1712 131 27 Nicholson,

1303 1748 30 14 an
1342 1741 196 27 acknowlegment
1545 1740 24 22 of
1577 1740 38 22 the
1622 1740 84 27 receipt
1711 1740 26 22 of
1743 1740 55 21 such
1806 1740 87 27 deposit

1302 1768 31 27 by
1342 1767 38 23 the
1390 1767 73 28 Bank,
1479 1767 39 22 the
1533 1767 119 28 depositor,
1667 1774 26 15 or
1707 1767 34 22 his
1756 1770 75 23 agent,
1848 1767 45 21 will

1302 1795 88 22 receive
1400 1795 60 22 from
1469 1794 38 22 the
1513 1794 135 27 Company's
1655 1794 47 22 said
1711 1793 107 28 principal
1825 1797 68 24 agent

1303 1829 14 15 a
1335 1822 89 22 written
1444 1821 136 23 declaration
1600 1821 27 21 of
1643 1821 38 21 the
1698 1821 96 22 number
1810 1821 23 21 in
1854 1820 38 22 the

1302 1849 96 27 registry
1408 1849 26 21 of
1445 1848 147 28 applications
1601 1848 104 22 awarded
1714 1852 21 17 to
1751 1847 55 22 such
1823 1847 69 28 depo-

1302 1875 60 28 sitor,
1374 1875 54 25 with
1437 1883 30 14 an
1474 1875 152 27 undertaking
1632 1878 23 18 to
1662 1875 84 22 deliver
1751 1874 38 22 the
1796 1875 96 21 sections

1302 1903 74 21 which
1385 1902 56 23 such
1450 1902 112 28 depositor
1572 1909 26 15 or
1607 1901 34 23 his
1651 1905 67 24 agent
1727 1909 51 20 may
1789 1901 69 22 select
1867 1901 25 21 in

1302 1933 88 24 respect
1399 1930 26 21 of
1437 1929 39 22 the
1484 1929 62 27 right
1555 1929 25 21 of
1592 1929 77 21 choice
1679 1929 79 26 falling
1773 1929 31 26 by
1819 1928 33 22 lot
1869 1931 23 19 to

1282 1957 75 24 SEiucn
1367 1956 97 22 number
1472 1956 25 22 in
1507 1956 38 21 the
1554 1956 101 27 registry.

1303 2004 87 27 strictly
1399 2004 24 22 in
1433 2004 39 21 the
1483 2004 66 21 order
1558 2004 26 21 of
1595 2002 37 23 the
1642 2004 153 26 presentation
1806 2004 26 20 of
1838 2001 55 24 such

1304 2030 86 28 deposit
1399 2031 95 28 receipts
1505 2034 23 19 to
1538 2030 38 22 the
1586 2030 135 28 Company's
1729 2030 49 22 said
1784 2030 110 27 principal

1303 2061 75 24 agent.

1333 2085 26 21 In
1370 2092 50 15 case
1430 2084 99 27 deposits
1538 2084 81 22 should
1629 2084 27 21 be
1665 2084 66 21 made
1740 2084 35 21 for
1785 2091 14 13 a
1806 2086 89 24 greater

1303 2112 97 21 number
1410 2112 26 21 of
1450 2111 130 22 allotments
1593 2110 55 23 than
1664 2111 38 22 the
1718 2112 42 21 200
1776 2110 80 28 placed
1871 2114 24 18 at

1304 2138 38 23 the
1352 2138 98 28 disposal
1465 2138 26 22 of
1510 2138 38 22 the
1563 2138 136 28 Company's
1716 2141 69 23 agent
1799 2138 23 21 in
1838 2137 55 22 New

1304 2166 107 26 Zealand,
1430 2165 38 22 the
1479 2164 87 28 deposit
1575 2165 95 27 receipts
1679 2165 25 21 in
1714 2167 87 25 respect
1811 2164 26 21 of
1848 2171 46 20 any

1305 2192 55 22 such
1370 2195 64 19 extra
1443 2192 128 22 allotments
1582 2192 45 21 will
1636 2195 42 18 not
1686 2192 28 21 be
1724 2191 112 27 accepted,
1850 2191 44 21 and

1305 2220 37 21 the
1351 2219 73 23 whole
1434 2222 95 19 amount
1538 2219 26 21 of
1575 2218 38 22 the
1622 2218 86 28 deposit
1717 2218 45 22 will
1770 2218 28 21 be
1806 2221 89 18 return-

1305 2247 28 21 ed
1341 2250 24 18 to
1375 2246 38 22 the
1424 2246 120 28 depositor,
1559 2246 54 21 with
1622 2246 93 21 interest
1724 2248 23 19 at
1756 2244 38 22 the
1804 2248 92 18 current

1303 2276 48 20 rate
1371 2274 26 21 of
1416 2273 96 21 interest
1530 2280 29 14 on
1578 2272 97 28 deposits
1693 2272 95 22 allowed
1806 2272 30 27 by
1857 2272 37 21 the

1304 2300 77 22 Union
1391 2300 66 22 Bank
1466 2300 27 22 of
1504 2300 123 21 Australia.

1333 2328 37 21 No
1379 2327 88 28 deposit
1476 2327 95 27 receipts
1580 2326 47 22 will
1634 2326 28 22 be
1672 2325 106 27 accepted
1789 2325 57 22 after
1857 2325 37 22 the

1305 2354 137 28 Company's
1464 2354 110 27 principal
1592 2356 68 23 agent
1676 2353 25 22 in
1719 2353 57 21 New
1795 2352 100 22 Zealand

1304 2381 58 22 shall
1371 2381 58 22 have
1437 2380 96 22 learned
1542 2380 48 22 that
1599 2380 37 21 the
1646 2380 101 27 drawing
1765 2379 26 22 of
1801 2379 43 22 Jots
1860 2379 36 21 for

1304 2408 93 28 priority
1408 2408 26 22 of
1444 2408 85 27 choice,
1540 2407 40 22 has
1590 2407 67 21 taken
1670 2407 63 27 place
1747 2406 24 22 in
1784 2406 110 26 England.

1333 2435 23 22 It
1363 2436 20 21 is
1400 2434 116 28 expressly
1535 2434 126 27 stipulated,
1681 2434 49 21 that
1748 2432 30 23 all
1798 2433 97 27 deposits

1304 2462 46 22 and
1359 2462 148 27 applications
1513 2461 58 21 shall
1579 2461 29 21 be
1617 2460 66 22 made
1699 2460 87 26 subject
1801 2463 23 18 to
1839 2459 56 22 such

1303 2489 139 27 regulations
1451 2496 25 14 as
1484 2488 60 22 have
1552 2488 65 27 been,
1632 2495 25 13 or
1670 2495 53 20 may
1735 2486 113 22 hereafter
1858 2486 35 26 be,

1305 2515 66 23 made
1380 2516 31 27 by
1420 2515 40 22 the
1480 2515 124 27 Company,
1624 2514 35 22 for
1677 2514 39 22 the
1735 2514 97 26 disposal
1850 2513 46 22 and

1304 2543 55 22 final
1369 2542 100 27 delivery
1477 2542 25 22 of
1507 2542 147 27 preliminary
1662 2541 66 21 lands
1733 2541 24 21 in
1766 2541 37 21 the
1811 2540 84 22 second

1303 2570 137 22 settlement.

1412 2597 36 26 By
1458 2595 65 23 order
1533 2595 26 21 of
1570 2594 38 22 the
1619 2595 74 25 Court,

1551 2622 24 22 F.
1591 2622 91 22 Dillon
1698 2622 70 26 Bell,

1636 2649 118 26 Secretary
1763 2655 40 20 pro
1813 2651 53 19 tern.

1303 2677 57 23 New
1375 2676 101 24 Zealand
1485 2676 86 27 House,

1359 2704 105 27 London,
1474 2703 61 22 22nd
1544 2703 73 26 April,
1629 2703 61 21 1841.

1399 2748 94 21 Union
1507 2749 80 20 Bank
1601 2748 31 21 of
1649 2747 150 21 Australia.

1305 2776 96 22 London
1418 2776 95 25 Office,
1530 2775 44 21 No.
1589 2776 36 25 33,
1643 2775 51 21 Old
1710 2775 187 22 Broad-street.

1359 2803 96 28 Capital,
1465 2803 122 27 £800,000;
1609 2801 51 28 paid
1669 2809 38 20 up,
1722 2802 120 27 £500,000.

1543 2833 110 13 DIRECTORS
1658 2834 5 12 :

1411 2851 70 20 George
1487 2850 40 17 Fife
1535 2850 67 21 Angas,
1610 2850 49 20 Esq.,

1411 2872 70 16 Robert
1486 2871 76 19 Brooks,
1572 2871 50 20 Esq.,
1639 2879 4 2 -

1410 2893 64 16 James
1481 2892 49 17 John
1538 2892 99 18 Cummins,
1646 2891 49 20 Esq.,

1411 2914 70 17 Robert
1487 2913 97 19 Gardener,
1597 2913 48 20 Esq.,
1657 2912 122 20 Manchester,

1410 2935 51 16 John
1468 2935 47 15 Goie
1531 2934 49 20 Esq.,

1411 2956 50 16 John
1467 2955 82 16 William
1556 2954 75 19 Buckle,
1637 2954 49 21 Esq.,

1411 2976 98 20 Benjamin
1516 2976 22 16 E.
1545 2975 64 19 Lindo,
1617 2975 48 19 Esq.,

1411 2997 74 17 Charles
1494 2996 76 17 Edward
1578 2996 88 20 Mangles,
1675 2996 48 19 Esq.,

1411 3018 118 20 Christopher
1537 3017 83 19 Rawson,
1629 3016 48 20 Esq.,
1689 3015 81 21 Halifax,

1411 3039 80 17 Thomas
1498 3038 65 19 Sands,
1571 3037 49 20 Esq.,
1628 3037 100 20 Liverpool,

1281 3056 2 7 '
1411 3060 64 16 James
1482 3058 56 21 Bogle
1546 3058 65 19 Smith,
1617 3058 48 19 Esq.,

1411 3081 64 16 James
1483 3079 80 17 Ruddell
1569 3078 57 19 Todd,
1634 3078 42 20 Esq.

1307 3101 86 18 Trustees
1398 3106 6 12 :
1418 3102 84 15 George
1513 3100 57 16 Caiui
1581 3099 61 19 Glyn,
1655 3100 48 19 Esq.,
1714 3098 53 17 John
1778 3098 63 19 Goks,
1850 3097 50 20 Esq.,

1456 3121 36 17 and
1499 3121 67 16 James
1573 3120 18 17 J.
1598 3120 100 19 Cummins,
1709 3119 43 20 Esq.

1335 3143 82 17 Banker*
1423 3147 4 12 :
1439 3142 77 17 Messrs.
1523 3142 61 18 Glyn,
1597 3141 81 16 Hallif
1679 3145 32 15 ax,
1719 3140 71 19 Mills,
1798 3139 37 17 and
1842 3139 30 17 Co.

1429 3164 103 19 Secretary:
1544 3163 84 15 Samuel
1634 3162 94 18 Jackson,
1736 3161 43 20 Esq.

1399 3184 83 17 Colonial
1487 3183 105 21 Inspector:
1604 3183 18 16 J.
1629 3183 19 16 C.
1655 3183 103 18 M'Lahen,
1766 3182 44 20 Esq.

1431 3232 71 21 New
1519 3230 124 21 Zealand
1662 3230 115 21 Branch.

1309 3259 54 17 Local
1371 3259 102 17 Directors:
1488 3258 49 17 Gso.
1548 3258 17 16 S.
1577 3258 73 18 Evans,
1663 3257 48 20 Esq.,
1724 3257 70 18 D.C.L.,
1806 3255 37 17 and
1855 3255 47 17 Geo.

1533 3279 92 18 Hunter,
1637 3278 43 20 Esq.

1309 3301 87 21 Manager
1395 3302 2 7 1
1402 3306 4 11 :
1418 3300 49 17 John
1476 3300 73 19 Smith,
1557 3300 48 19 Esq.,
1614 3299 36 16 late
1657 3299 20 16 of
1686 3299 30 15 the
1724 3297 119 17 Commercial
1850 3297 53 16 Bank

1281 3323 2 4 1
1480 3321 21 16 of
1509 3320 90 20 England,
1611 3319 122 17 Manchester.

1421 3341 116 23 Branches
1547 3344 24 19 at
1585 3340 98 28 Sydney,

1586 3367 90 22 llobart
1683 3366 77 28 Town,

1588 3394 10 21 1
1605 3396 131 24 .aunceston,
1748 3392 47 23 and

1587 3421 12 21 1
1607 3424 34 18 ort
1651 3420 80 28 Philip.

1312 3450 54 22 Port
1375 3449 132 27 Nicholson,
1518 3447 81 24 March
1610 3448 33 26 24,
1654 3448 62 21 1840.

1314 3503 91 22 rnHE
1421 3503 117 21 Directors
1554 3501 26 22 of
1596 3500 38 23 the
1651 3500 57 23 New
1723 3499 102 23 Zealand
1839 3498 66 23 Land

1281 3540 2 12 1
1320 3523 30 29 JL
1388 3531 117 27 Company
1519 3528 83 28 hereby
1620 3528 51 26 give
1688 3528 81 25 notice,
1787 3526 49 22 that
1852 3526 53 27 they

1311 3556 59 23 have
1377 3564 113 15 effected
1501 3563 30 15 an
1542 3561 172 16 arrangement
1722 3553 54 23 with
1783 3553 37 22 the
1829 3553 75 22 Union

1281 3594 2 11 i
1311 3584 66 22 Bank
1391 3584 32 21 of-
1434 3582 122 27 Australia,
1572 3582 45 21 No.
1634 3583 33 25 38,
1683 3580 44 23 Old
1744 3580 160 26 Broad-street,

1312 3610 103 27 London,
1425 3610 37 22 for
1470 3610 38 21 the
1521 3608 170 23 establishment
1703 3608 27 21 of
1743 3615 14 14 a
1773 3606 132 23 BRANCH

1312 3637 89 22 BANK
1415 3637 36 22 IN
1466 3636 72 22 NEW
1553 3634 158 28 ZEALAND,
1719 3633 103 28 'through
1832 3633 73 22 which

1281 3670 2 4 •
1312 3664 38 22 the
1358 3664 104 22 business
1474 3663 28 22 of
1514 3662 38 23 the
1569 3662 58 22 New
1642 3661 102 22 Zealand
1756 3660 66 23 Land
1838 3660 67 21 Com-

1312 3698 61 20 pany
1382 3691 45 21 will
1435 3691 29 21 be
1473 3688 137 23 transacted.
1636 3688 49 22 The
1700 3688 115 21 Directors
1831 3686 74 23 there-

1281 3718 2 21 l
1311 3718 48 22 fore
1369 3716 147 23 recommend
1523 3719 24 19 to
1564 3715 111 23 Colonists
1691 3714 38 22 the
1747 3714 82 23 Union,
1839 3714 66 21 Bank

1312 3744 27 22 of
1356 3744 116 22 Australia
1489 3751 25 14 as
1533 3750 28 15 an
1587 3741 170 23 establishment
1778 3741 128 27 possessing

1312 3771 58 22 their
1386 3771 72 22 entire
1481 3770 138 26 confidence,
1638 3768 46 22 and
1702 3768 51 22 able
1771 3770 23 19 to
1812 3767 93 27 provide

1312 3798 128 27 effectually
1455 3797 34 21 for
1505 3796 39 22 the
1558 3795 107 23 financial
1678 3798 71 19 wants
1766 3794 26 22 of
1803 3795 38 21 the
1858 3794 49 22 first

1281 3828 2 4 '
1312 3825 137 22 settlement.

1282 3857 1 14 :
1482 3850 35 26 By
1528 3849 65 23 order
1602 3849 28 22 of
1638 3848 38 23 the
1687 3848 79 27 Board,

1559 3875 85 22 JOHN
1659 3875 105 27 WARD,
1780 3874 125 28 Secretary.

1314 3905 56 23 New
1380 3904 101 22 Zealand
1489 3903 67 22 Land
1564 3902 137 28 Company's
1711 3902 78 26 Office,

1341 3934 20 25 1,
1372 3932 161 26 Adam-street,
1545 3930 105 28 Adelphi,
1660 3929 53 23 27th
1722 3929 69 27 Aug.,
1802 3930 62 21 1839.

2165 695 104 20 Bricks.

1920 725 142 48 BRICKS
2074 734 28 14 on
2113 727 45 22 sale
2168 728 30 27 by
2208 727 37 23 the
2256 729 156 26 undersigned,
2429 736 23 15 at
2466 732 45 19 CDs.

1998 760 39 19 per
2047 754 62 21 1000.

1946 779 79 22 Terms
2026 791 27 4 —
2055 781 59 21 Cash
2125 788 29 14 on
2163 781 99 28 delivery
2273 784 24 20 at
2305 782 38 22 the
2353 782 55 22 kiln.

2330 810 28 20 A.
2378 810 105 21 LUDLAM.

1948 832 158 28 Willig-street,
2117 833 52 23 29th
2180 835 105 22 October.
2509 842 18 18 ■;..

2091 878 68 20 Port
2174 878 31 21 of
2220 879 124 20 London.
2427 900 3 3 .
2445 877 6 7 '

1976 911 87 23 Notice
2083 920 28 14 to
2132 921 45 15 the
2199 914 93 22 Public.
2293 927 28 4 —
2321 916 125 23 Trav-JLr.-;
2467 918 44 21 p.vA

1923 937 73 23 others
2007 939 48 22 who
2066 940 56 22 send
2131 941 107 27 baggage,
2249 943 72 21 works
2332 943 24 21 of
2368 948 40 21 .'ut,
2417 952 19 13 oi
2450 945 63 20 uth>T

1922 965 65 21 value
1997 971 104 22 property
2112 971 23 17 to
2145 967 112 27 England,
2275 969 81 22 should
2372 971 140 25 cons^-the

1922 992 110 27 packages
2042 997 23 17 to
2076 993 37 21 the
2125 1001 49 15 care
2181 995 25 21 of
2213 1002 13 14 a
2233 995 99 22 licensed
2340 997 170 22 Cust^ni-uouat.

1922 1023 74 22 agent,
2012 1027 24 13 as
2053 1020 89 22 articles
2157 1028 37 14 are
2210 1021 127 28 frequently
2352 1023 96 27 ijjjuvtrl,
2467 1032 20 13 a;
2499 1025 14 21 d

1922 1045 102 23 needless
2034 1053 98 20 expense
2147 1047 110 28 incurred,
2275 1049 35 21 for
2325 1049 38 22 the
2380 1057 58 14 want
2456 1058 21 14 oi
2500 1059 13 14 a

1922 1079 81 20 proper
2012 1080 80 19 person
2104 1077 23 18 to
2138 1074 51 22 take
2199 1075 80 27 charge
2290 1076 26 21 of
2333 1076 60 22 them
2410 1084 27 14 or.
2455 1078 57 21 their

1923 1099 87 26 arrival,
2020 1099 46 22 and
2076 1107 36 15 see
2128 1101 60 21 them
2206 1102 98 27 entered,
2323 1104 127 27 examined,
2468 1105 45 22 v.nd

1923 1125 107 28 carefully
2045 1127 118 27 repacked.
2198 1128 47 22 The
2266 1129 80 27 charge
2363 1131 19 20 is
2398 1130 37 22 the
2452 1139 61 14 samo

1923 1152 99 22 whether
2031 1160 24 14 so
2066 1154 122 27 consigned
2198 1162 26 14 or

1973 1186 172 23 Custom-house
2156 1188 117 28 Chamber,
2285 1190 103 28 London,

1923 1246 141 48 DEVOY
2074 1247 45 23 and
2129 1249 53 26 CO.,
2197 1251 45 19 who
2257 1258 37 13 are
2311 1252 34 20 the
2360 1253 154 21 LICENSED

2005 1275 125 21 AGENTS
2139 1277 26 24 of
2173 1277 49 20 Her
2228 1278 112 26 Majesty's
2347 1280 166 21 Comrn.issU.ners

1923 1301 27 24 of
1962 1301 100 26 Customs,
2073 1303 43 20 and
2129 1304 66 20 under
2205 1306 64 25 heavy
2276 1307 64 20 bonds
2347 1308 42 23 for
2398 1308 36 19 the
2443 1309 70 25 safety

1923 1328 27 25 of
1955 1331 104 24 property
2076 1331 110 25 consigned
2200 1334 21 18 to
2238 1334 62 24 them,
2320 1334 43 26 beg
2383 1334 62 22 those
2464 1335 49 21 who

1923 1355 56 21 send
1989 1356 111 27 packages
2109 1360 23 19 to
2142 1358 59 22 their
2210 1367 57 19 care,
2283 1364 23 18 to
2316 1367 37 15 see
2363 1360 49 22 that
2422 1361 53 22 each
2486 1362 27 21 be

1923 1381 115 30 distinctly
2056 1384 95 22 marked
2297 1388 45 20 and
2361 1388 47 26 Co.,
2431 1388 83 22 Lowl*

1923 1408 202 29 TiiAMEs-STnEET,
2266 1414 131 22 andthebil]
2406 1415 27 21 of
2438 1415 77 25 ladincc

1924 1442 25 14 or
1963 1437 84 27 receipt
2061 1437 126 23 forwarded
2205 1443 22 18 to
2246 1440 62 22 them
2326 1440 70 23 direct
2411 1442 30 26 by
2456 1450 57 19 posi,

1923 1462 54 22 with
1987 1463 144 23 instructions
2141 1465 49 22 how
2201 1466 54 22 such
2266 1468 69 26 goods
2345 1475 37 14 are
2393 1472 22 17 to
2428 1470 27 20 be
2471 1469 43 22 dis-

1924 1489 69 25 posed
2003 1491 26 20 of
2039 1498 30 14 on
2079 1492 79 21 arrival
2167 1500 5 19 ;
2189 1492 44 22 and
2241 1501 25 14 as
2274 1501 66 20 every
2347 1495 100 27 package
2455 1500 60 17 must

1928 1516 23 20 be
1969 1517 86 26 opened
2077 1521 23 18 at
2118 1518 38 21 the
2173 1519 180 29 Custom-house,
2372 1522 21 21 if
2413 1529 44 20 any
2476 1531 38 13 21,3

1923 1541 87 30 locked,
2022 1543 38 23 the
2071 1544 55 28 keys
2135 1545 80 23 should
2224 1547 28 22 be
2262 1547 131 23 forwarded.

2039 1577 46 22 and
2093 1579 110 27 packages
2213 1588 37 14 are
2260 1581 125 22 forwarded
2394 1582 30 27 by
2434 1583 78 26 Devoy

1924 1602 45 22 and
1980 1604 37 21 Co.
2029 1607 22 19 to
2062 1605 30 21 all
2106 1610 60 22 parts
2180 1607 26 21 of
2219 1607 37 22 the
2273 1608 128 27 Continent,
2413 1609 37 21 the
2462 1610 54 22 Kast

1924 1630 46 21 and
1980 1630 62 23 West
2050 1631 83 27 Indies,
2143 1633 109 28 Colonies,
2265 1635 39 21 &c.
2316 1636 40 21 &c.
2366 1644 6 18 ;
2384 1636 51 25 and,
2450 1637 17 21 if
2479 1644 36 15 re-

1924 1657 86 27 quired,
2021 1662 51 18 sent
2086 1662 23 18 to
2119 1658 38 23 the
2169 1667 51 15 care
2236 1661 25 21 of
2273 1663 135 26 responsible
2426 1663 87 28 huuseu,

1925 1683 49 22 who
1989 1684 45 22 will
2050 1693 36 14 see
2104 1686 38 22 the
2158 1686 144 24 instructions
2318 1694 51 16 sent
2385 1690 51 21 with
2453 1690 61 22 them

1925 1712 131 27 punctually
2068 1713 106 22 attended
2184 1717 30 19 to.

1951 1745 40 21 All
2001 1746 70 26 goods
2080 1746 45 22 and
2134 1748 109 27 packages
2253 1749 35 22 for
2297 1749 113 28 shipment
2417 1754 60 19 must
2487 1752 27 21 he

1924 1773 161 26 accompanied
2094 1774 31 27 by
2141 1774 86 23 written
2243 1776 151 28 instructions,
2406 1778 53 21 with
2477 1778 37 22 the

1924 1804 67 16 name
2001 1800 44 21 and
2055 1800 91 23 address
2156 1802 26 21 of
2194 1802 38 21 the
2241 1804 82 26 parties
2333 1804 28 26 by
2373 1806 72 20 whom
2463 1805 51 28 they

1923 1832 37 15 are
1975 1830 56 23 sent,
2048 1827 45 22 and
2111 1828 36 21 the
2162 1833 104 18 contents
2278 1830 44 21 and
2339 1831 65 22 value
2422 1832 25 21 of
2460 1833 56 21 each

1923 1853 99 27 package
2033 1854 80 22 stated.
2142 1855 47 22 The
2205 1856 55 28 duty
2271 1858 109 21 outwards
2394 1858 19 22 is
2425 1860 41 20 IDs.
2475 1867 41 20 per

1924 1879 62 22 £100
2001 1880 73 23 value.
2112 1881 47 22 The
2176 1887 47 17 rate
2239 1884 27 21 of
2278 1884 118 23 insurance
2415 1885 101 28 depends

1924 1913 60 20 upon
1996 1907 181 24 circumstances.
2206 1910 44 21 For
2260 1910 93 23 'further
2369 1912 146 23 information

1924 1933 67 27 apply
2016 1937 23 18 to
2063 1935 44 22 Mr.
2128 1936 93 23 Samuel
2247 1938 100 28 Revans,
2370 1939 144 27 Wellington,

1925 1960 53 21 Port
1988 1960 131 23 Nicholson.

1914 2001 172 47 XONDON
2268 2006 48 20 The
2327 2009 36 18 oia
2370 2009 5 4 '
2381 1997 156 31 estaDTisKei-

1988 2028 50 21 fivm
2055 2029 26 20 of
2094 2028 36 22 W.
2147 2029 103 23 Hickson
2267 2032 44 21 and
2328 2032 63 27 Sons,
2401 2034 34 26 20,
2455 2033 61 22 West

1925 2054 132 28 Smithfield,
2071 2056 101 28 London,
2182 2059 137 26 transacting
2329 2066 13 13 a
2351 2059 61 27 large
2423 2064 93 18 amount

1925 2080 26 22 of
1958 2082 95 26 Foreign
2071 2082 108 28 business,
2193 2084 45 22 will
2252 2086 86 21 receive
2348 2086 168 27 consignments

1925 2108 26 21 of
1968 2109 56 22 New
2043 2109 101 22 Zealand
2162 2111 105 27 produce,
2288 2112 45 21 and
2351 2114 123 21 undertake
2493 2119 22 17 t>

1925 2134 66 23 effect
2001 2136 56 21 sales
2067 2144 60 18 upon
2139 2137 37 22 the
2192 2141 58 18 most
2266 2139 167 28 advantageous
2448 2145 69 17 term's

1925 2162 49 21 that
1984 2170 40 14 can
2041 2163 29 22 be
2088 2164 104 22 obtained
2201 2165 25 21 in
2241 2165 102 28 London,
2355 2167 121 27 according
2493 2171 23 18 to

1925 2189 38 22 the
1982 2194 55 17 state
2055 2190 24 21 of
2093 2190 39 23 the
2151 2192 92 22 market.
2274 2193 32 21 As
2325 2193 152 23 land-owners
2492 2195 31 24 in.

1925 2216 55 21 Port
1989 2216 131 28 Nicholson,
2132 2218 52 27 they
2194 2218 58 23 have
2269 2227 29 14 an
2315 2220 93 22 interest
2424 2221 25 21 in
2465 2229 53 20 pro-

1925 2244 87 27 moting
2025 2244 37 21 the
2078 2246 124 26 prosperity
2213 2246 25 21 of
2250 2246 38 22 the
2305 2247 93 27 Colony,
2410 2248 47 22 and
2473 2249 45 21 will

1925 2270 59 21 have
1994 2275 62 22 great
2066 2271 101 27 pleasure
2177 2272 24 22 in
2212 2272 141 29 discharging
2363 2274 38 22 the
2412 2275 72 22 duties
2496 2276 25 21 of

1925 2298 145 26 Consignees.

1952 2331 63 28 They
2026 2332 59 22 refer
2093 2332 25 22 in
2136 2333 56 21 New
2209 2333 102 22 Zealand
2326 2338 21 18 to
2363 2335 45 22 Mr.
2426 2335 91 23 Revans

1925 2359 46 21 and
1982 2359 43 21 Mr.
2036 2359 32 21 St.
2079 2359 56 22 Hill.
2171 2360 27 21 In
2209 2360 94 22 London
2313 2365 23 18 to
2346 2362 58 21 thuir
2413 2362 104 29 bankers,

1925 2385 91 22 Messrs.
2029 2386 107 27 Prescott,
2147 2387 77 25 Grote,
2236 2388 45 21 and
2292 2389 38 20 Co.

2139 2432 163 22 Education.

1928 2465 107 49 MRS.
2055 2465 46 22 and
2121 2465 71 23 MISS
2217 2466 190 23 WAKEFIELD
2431 2469 88 22 receive

2017 2492 75 27 pupils
2102 2500 29 14 on
2142 2492 37 22 the
2189 2493 115 28 following
2313 2498 68 18 terms
2388 2503 4 14 :
2393 2506 30 5 —

1954 2526 45 21 For
2015 2526 77 26 board,
2113 2527 53 21 with
2186 2528 100 26 washing
2300 2528 46 22 and
2361 2529 34 21 in-

1982 2553 107 22 struction
2094 2554 24 21 in
2123 2554 92 26 general
2222 2555 92 27 English
2320 2555 74 22 litera-

1982 2583 56 24 ture,
2055 2580 96 28 writing,
2165 2581 45 22 and
2222 2582 117 27 aritmetic,
2356 2590 40 20 per

1983 2610 90 24 quarter
2396 2612 12 20 8
2438 2612 13 20 8
2479 2613 14 20 0

1954 2634 79 22 Under
2042 2635 13 21 7
2064 2641 65 20 years
2140 2635 25 21 of
2177 2642 41 20 age
2396 2637 14 22 7
2438 2639 14 21 7
2479 2640 14 20 0

1954 2661 54 27 Day
2016 2661 106 21 boarders
2396 2665 14 21 4
2438 2666 14 20 4
2479 2667 15 19 0

1956 2688 52 27 Day
2016 2688 74 27 pupils
2396 2692 14 20 2
2438 2693 14 19 2
2479 2694 14 19 0

1954 2714 82 22 Junior
2046 2715 56 21 ditto
2398 2719 10 20 1
2426 2719 24 21 11
2480 2720 13 20 6

1928 2742 96 27 French,
2040 2742 90 28 Italian,
2146 2742 44 22 and
2206 2743 113 28 Drawing,
2331 2744 30 22 £1
2380 2746 44 20 lls.
2435 2745 36 22 6'd.
2482 2753 40 20 per

2175 2773 98 24 quarter.

1956 2796 90 21 Private
2055 2796 87 22 lessons
2151 2796 22 22 in
2187 2797 75 26 music,
2276 2804 24 14 or
2310 2804 45 21 any
2366 2798 26 21 of
2401 2799 39 21 the
2451 2799 70 22 above

1928 2823 111 21 branches
2050 2823 26 21 of
2087 2823 126 27 education,
2229 2831 44 15 one
2286 2823 76 23 hour's
2379 2825 141 29 instruction,

1928 2850 52 21 four
1988 2849 86 22 lessons
2092 2850 36 21 for
2137 2857 43 15 one
2189 2851 90 26 guinea.

1956 2877 137 21 References
2103 2881 23 17 to
2135 2877 37 21 the
2182 2877 115 27 following
2303 2878 130 27 gentlemen
2443 2879 80 28 kindly

1928 2903 122 28 permitted
2057 2912 5 13 :
2064 2915 29 4 —

1958 2931 62 26 Capt.
2033 2931 34 21 W.
2079 2931 33 21 M.
2125 2930 78 27 Smith,
2215 2931 67 28 R.A.,
2292 2932 230 28 Surveyor-General,

1957 2954 27 25 T.
1998 2958 30 21 M.
2040 2957 123 28 Partridge,
2175 2958 53 27 Esq.

1958 2985 22 21 S.
1991 2984 98 27 Revans,
2101 2985 53 27 Esq.

1928 3017 185 27 Tinakore-road,
2126 3018 89 26 August
2222 3019 34 26 24,
2269 3020 62 20 1841.

1932 3062 74 49 ON
2020 3062 86 28 SALE,
2119 3065 23 18 at
2151 3062 38 21 the
2200 3062 72 22 Office
2283 3063 26 21 of
2316 3063 45 21 this
2372 3064 72 27 Paper
2451 3072 36 14 :—

2012 3089 89 21 Double
2120 3088 112 28 elephant,
2247 3090 151 28 antiquarian,
2410 3091 111 28 imperial,

1932 3116 46 22 and
1987 3116 64 33 royal
2062 3116 101 27 drawing
2172 3123 76 20 paper,

1959 3138 72 26 Black
2050 3142 56 28 edge
2125 3143 44 21 and
2184 3143 111 22 bordered
2313 3143 67 23 letter
2402 3145 48 21 and
2468 3149 54 18 note

1930 3177 78 22 paper,

1960 3194 72 24 Black
2040 3196 52 22 lead
2101 3196 86 28 pencils
2199 3196 65 28 (very
2272 3197 118 28 superior),

1960 3224 142 27 Carpenters'
2113 3223 63 27 ditto,

1961 3250 91 27 Oblong
2062 3250 91 31 clasped
2162 3250 173 22 memorandum
2346 3251 80 28 books,

1961 3276 89 22 French
2060 3279 88 24 tracing
2157 3283 69 21 paper
2237 3277 76 25 (black
2321 3278 45 22 and
2378 3279 84 28 white),

1961 3303 90 22 Ladies'
2061 3303 46 21 and
2116 3303 149 27 gentlemen's
2275 3305 53 21 card
2343 3312 69 20 cases,

1961 3330 65 22 Ditto
2091 3330 37 22 do.
2184 3330 72 22 tinted
2266 3331 46 22 and
2321 3332 120 22 embossed
2451 3333 71 26 cards,

1961 3357 70 22 Sheet
2038 3356 131 22 almanacks
2176 3357 34 21 for
2216 3358 49 21 1841
2270 3374 6 11 ,

1963 3384 93 22 Invoice
2065 3383 79 27 books,
2156 3383 53 22 with
2219 3384 100 27 indexes,
2331 3386 91 22 various
2432 3385 64 28 sizes,

1963 3411 58 21 Cash
2032 3410 77 27 books,
2120 3410 65 22 ruled
2194 3410 89 28 double,
2295 3412 90 22 various
2394 3413 65 27 sizes,

1963 3437 128 28 Envelopes
2104 3439 70 25 (note,
2185 3437 74 28 letter,
2270 3439 46 21 and
2326 3438 83 23 official
2420 3440 76 27 sizes),

1964 3464 72 28 Large
2046 3468 86 24 pewter
2140 3464 126 27 inkstands,
2277 3465 54 22 with
2340 3466 79 27 plates,

1965 3491 81 27 Ebony
2055 3490 127 28 inkstands,
2193 3491 54 22 with
2258 3492 102 27 drawers,

1963 3518 75 22 Broad
2048 3517 45 23 and
2102 3524 89 16 narrow
2199 3525 71 20 green
2279 3519 43 21 silk
2332 3520 89 27 ribbon,

1963 3545 65 23 Ditto
2084 3544 56 22 ditto
2194 3545 42 21 red
2245 3549 59 24 tape,

1963 3573 66 21 Brief
2036 3571 46 23 and
2092 3571 57 22 deed
2158 3578 76 21 paper,

1964 3599 75 22 Ruled
2048 3606 70 20 paper
2127 3599 35 21 for
2171 3597 42 23 bill
2222 3599 77 27 heads,

1963 3625 109 23 Nautical
2080 3625 131 23 almanacks
2221 3626 34 22 for
2266 3627 60 26 1542,

1965 3653 73 27 Royal
2052 3652 70 27 hand,
2139 3652 81 22 double
2235 3653 62 21 hand
2310 3653 84 27 brown,
2409 3652 46 23 and
2464 3653 64 28 royal

1935 3680 64 22 hand
2008 3680 77 22 brown
2094 3679 117 28 wrapping
2219 3686 76 21 paper,

1965 3707 99 26 Ledgers
2074 3705 45 23 and
2126 3710 97 18 account
2229 3706 77 27 books,
2317 3705 89 23 various
2416 3706 64 28 sizes,

1965 3733 85 23 Pocket
2057 3732 89 27 ledgers
2156 3733 44 21 and
2210 3732 171 22 memorandum
2394 3733 77 26 books,

1964 3760 110 27 Foolscap
2083 3759 46 22 and
2138 3759 89 27 writing
2235 3767 76 20 paper,
2320 3759 88 22 various
2413 3761 117 28 qualitiey.

1965 3786 121 28 Engraved
2095 3794 58 19 copy
2163 3786 52 27 slips
2225 3788 45 19 and
2279 3786 77 26 books,

1965 3815 54 21 Best
2028 3813 81 22 Welch
2119 3813 72 27 slates,
2203 3813 61 26 large
2274 3812 127 27 and'small,

1966 3841 96 27 Sponge,
2074 3840 79 22 wafers
2161 3839 25 22 in
2194 3841 14 19 2
2219 3846 33 15 oz.
2267 3839 77 27 boxes,
2361 3840 68 21 India
2440 3841 89 28 rubber,

1938 3868 84 22 Albata
2031 3866 153 28 pen-holders,
2194 3872 54 21 very
2259 3866 100 27 superior
2370 3867 87 28 sealing
2473 3876 55 19 wax,

1938 3895 97 26 blotting
2044 3901 76 21 paper,
2130 3893 40 22 &c.
2181 3893 41 22 Sec.

2081 3933 139 17 WHOLESALE
2238 3935 42 14 IND
2295 3935 91 15 KETAIL.
