3310 4300
218 110 435 352 The
798 110 726 352 Lakes
1669 110 1307 352 chronicle

720 424 495 39 TOTJBISTS'

2093 423 483 38 j-ottie^in-^zl.

468 537 449 86 Circulating
937 537 454 85 throughout
1413 536 126 67 the
1563 533 287 69 Tourist
1897 533 303 69 Resorts
2248 536 80 67 of
2362 536 127 68 the
2534 536 269 71 World.

95 694 50 21 VOL.
159 695 17 16 4.
206 692 40 19 No.
263 692 35 18 174

1294 687 140 20 EOTORUA,
1450 686 58 20 N.Z.,
1526 683 187 23 WEDSESDaY,
1730 683 87 20 APKIL
1833 685 15 21 I,
1869 685 47 16 1890

2856 689 239 25 PEICE—THKEEPE
3098 696 14 18 N
3117 695 34 19 CE.

93 779 20 25 BY
125 775 81 25 SPECIAL
232 775 74 41 ||g§
318 773 149 25 APPOINTMENT

118 824 54 27 ASK
197 822 144 27 GROCERS
367 822 56 25 FOR

120 1089 157 26 CEYLON

122 1125 128 24 INDIAN
283 1124 29 25 &

120 1159 179 26 BLENDED

194 1198 152 19 AWARDED

100 1226 62 25 GOLD
172 1226 56 23 AND
238 1225 96 23 SILVER
346 1225 109 23 MEDALS

111 1267 54 25 Why
179 1267 46 25 buy
240 1266 96 19 Inferior
351 1265 54 20 Teas
419 1266 65 19 when

78 1301 30 21 you
120 1299 39 14 can
173 1294 37 25 get
224 1292 24 21 N.
265 1292 27 20 M.
309 1292 16 19 &
341 1292 54 20 Co.'s
409 1294 24 18 at
447 1292 37 20 the

78 1326 44 16 same
136 1319 64 26 price.
234 1319 35 19 All
284 1318 76 20 others
379 1324 38 14 are
432 1318 52 25 only

78 1348 56 24 copies
150 1346 22 19 in
193 1350 72 18 name,
280 1345 45 19 and
346 1350 38 14 are
399 1344 84 25 pushed

78 1376 23 18 (or
112 1373 59 20 extra
185 1371 74 26 profit.

113 1407 10 12 A
132 1405 42 18 proof
185 1405 16 13 of
213 1405 27 13 the
252 1405 93 16 superiority
357 1404 16 12 of
381 1404 19 12 N.
413 1403 20 15 It.
442 1404 11 13 .t

100 1423 34 14 Co.'s
143 1423 36 12 Tom
186 1422 12 13 is
209 1422 26 13 tho
245 1422 31 13 fact
287 1421 33 14 that
329 1419 73 17 although
410 1420 43 13 th.iro

99 1444 21 8 ire
129 1439 75 12 hundreds
216 1439 15 12 of
242 1438 55 16 jacket
307 1439 32 11 teas
350 1440 19 9 on
381 1437 26 12 tins
417 1440 28 9 mar-

100 1456 26 15 ket,
143 1454 17 15 N.
172 1454 21 14 SI.
207 1454 12 13 &
289 1454 38 12 Teas
342 1457 26 9 nro
383 1453 15 13 ill
417 1453 37 13 such

101 1472 56 13 demand
166 1471 34 13 that
213 1471 36 15 they
262 1470 28 14 sell
302 1470 52 14 uearly
366 1469 88 13 one-fourth

100 1489 13 12 of
127 1488 25 13 the
168 1487 49 13 whole
235 1487 16 13 of
267 1487 27 12 the
313 1489 24 10 tea
354 1486 86 12 consumed.

77 1508 87 26 SOLD
201 1505 269 25 EVERYWHERE
502 1505 2 29 |

77 1562 140 23 m<mmzm

150 1621 47 25 Do
210 1621 56 25 not
279 1619 118 30 Forget

150 1665 247 51 CRAIG'S

117 1731 161 21 CURIOSITY
298 1730 79 20 SHOP
395 1729 45 19 and

205 1758 141 22 MUSEUM,

137 1799 112 24 Opposite
257 1798 78 18 Grand
343 1797 75 21 Hotel,

111 1839 114 27 'RINCES
235 1838 45 29 ST,
291 1836 169 28 AUCKLAND.
466 1837 10 30 |

151 1961 139 17 INSURS
316 1960 91 16 iMITH

80 1997 117 17 lIIESOniI
209 1994 95 18 BRITISH
313 1994 76 17 FIRE&
398 1993 98 16 MARINE

138 2018 41 16 Coy.
189 2017 30 16 OF
231 2016 55 16 NEW
295 2014 120 18 ZEALAND.

80 2040 57 17 Jahtal
393 2039 9 14 f
407 2037 52 16 1,000,
463 2038 30 15 (103

112 2051 88 26 Unlimited
216 2058 75 21 liability
299 2058 19 16 of
324 2057 127 17 Shnieholdors.

80 2082 42 19 Being
129 2088 8 10 u
146 2081 76 17 Colonial
236 2080 102 18 Institution
353 2079 61 16 Profits
428 2084 28 10 are
470 2079 16 15 in-

211 2101 57 17 vested
278 2100 66 22 loeally.

80 2124 36 17 Head
131 2124 50 16 Office
405 2121 89 16 Auckland

80 2145 38 16 Local
126 2148 48 13 anent
353 2142 11 17 J
383 2141 26 18 VW.
417 2142 78 19 Wiwley

78 2205 13 16 I
101 2205 9 16 I
129 2204 63 18 OFF
202 2203 47 18 MA
258 2202 18 19 N
298 2202 68 17 ANT)
386 2203 14 20 (-
406 2202 5 12 <
425 2202 1 21 <

138 2249 134 21 OJJREN-ST.,
303 2247 64 17 UCKL
386 2246 39 17 NJ).

121 2270 137 19 WJLLISSI'.,
270 2268 168 18 WELLINGTON.

93 2314 31 16 The
142 2314 63 17 larjresr.
221 2312 32 16 and
270 2312 36 16 best
322 2311 70 17 selected
411 2310 50 17 Stock
478 2310 18 15 of

78 2335 61 20 Fnirlish
152 2335 30 15 BnH
193 2333 73 17 German
277 2333 67 19 Pianos,
356 2332 32 16 and
404 2332 90 16 Amerioan

78 2355 55 21 Orpins
141 2357 16 14 in
166 2355 43 17 New
221 2354 81 17 Zealand.

94 2399 8 14 S
109 2398 16 17 >le
135 2400 58 19 agents
202 2398 26 15 for
237 2398 47 16 John
294 2396 97 17 BrinFtnend
402 2396 32 15 and
447 2395 11 16 S
466 2395 28 16 'lis'

77 2420 55 16 Collatd
150 2420 33 15 and
198 2418 69 17 Collard
284 2418 71 16 En-li-h
374 2416 66 21 Pianos,
458 2416 37 16 Carl

77 2441 36 16 Ecke
130 2441 56 16 Berlin
213 2440 67 18 Pianos,
307 2438 109 18 Sobwcchten
438 2437 57 16 Berlin

77 2462 55 20 Pianos,
149 2462 74 16 Itenardi
240 2461 55 16 Berlin
310 2461 68 17 Pianos,
396 2459 51 21 Story
463 2458 32 16 and

78 2483 42 16 Clark
127 2483 87 17 American
225 2482 73 21 Organs.
310 2482 18 16 F.
339 2481 61 16 Be-con
417 2482 33 14 and
459 2481 36 18 Co.,

78 2504 65 20 Loudon,
153 2504 50 17 Brass
214 2504 45 16 Band
270 2503 120 17 Instiummts.

113 2526 47 16 Come
167 2528 33 14 an<t
209 2530 28 12 gee
245 2530 32 11 our
284 2529 37 11 new
334 2523 89 21 Shipment
437 2522 17 16 of

187 2546 100 16 Brinsmead
301 2545 66 16 Pianos.

94 2568 28 15 Fae
133 2568 53 16 simile
200 2568 18 16 of
231 2568 30 15 lbo
276 2566 115 18 Ins'ruments
407 2564 89 18 exhibited

78 2592 12 13 at
99 2589 180 19 Hobart-Exhibition,
289 2588 86 17 receiving
388 2586 42 16 Gold
441 2585 55 17 Medal

79 2611 24 16 nod
113 2611 72 19 IlijL'hci-t
204 2611 66 14 awards
284 2610 26 15 f'ir
328 2608 66 19 Beauty
409 2608 18 15 of
443 2608 52 17 Tone,

78 2631 54 18 Touch,
143 2632 30 16 nnd
181 2632 82 19 Superior
271 2630 127 17 Construction.

97 2653 84 19 VIOLIN
189 2651 107 20 STRINGS
303 2653 15 16 A
327 2650 146 19 SPECIALTY.

78 2675 68 23 Tuuiugd
155 2677 31 14 and
196 2676 65 20 repairs
270 2674 80 17 etteuded
360 2674 44 21 toby
414 2674 28 15 tho
451 2677 46 17 year.

80 2721 47 21 THE
138 2722 144 20 NATIONAL
296 2719 136 22 CARBOLIC
443 2719 56 21 DIS-

80 2790 37 19 The
134 2791 51 18 best
206 2790 46 19 and
269 2790 110 22 cheapest
395 2788 104 19 Carbolic

80 2813 144 19 Disinfectant
245 2812 96 20 Powder
361 2812 78 18 before
459 2812 40 18 the

240 2836 87 19 Public.

97 2869 81 24 Strong
191 2869 24 18 in
224 2868 83 22 action,
318 2867 120 24 agreeable
452 2867 24 17 in

80 2892 61 19 smell.
174 2892 97 18 Purifies
284 2891 40 18 the
339 2890 33 19 air
389 2890 46 19 and
451 2895 37 18 pre-

193 2916 70 19 vents
274 2914 95 19 disease.

110 2946 212 27 CARBOLIC
341 2945 117 26 SOAP.

136 2987 188 26 WARNOCK
346 2987 87 29 Bros.,

88 3026 91 23 Works:
190 3029 62 19 Coxs
261 3027 79 22 Creek,
353 3026 134 19 Richmond.

80 3059 134 20 Warehouse
221 3059 148 21 Durham-St,
378 3058 123 18 Auckland

80 3204 420 37 CAB.PEKTER,

174 3247 104 18 FENTON
296 3246 101 21 STREET,

163 3281 99 17 OrrosiTE
290 3285 11 4 ••
311 3279 79 19 Quasi*.

99 3308 61 20 Sashes
169 3309 54 19 made
232 3310 20 16 to
261 3309 60 17 order.

164 3368 29 41 F,
237 3367 172 44 GOODSON,

82 3464 73 33 COAL
171 3465 27 32 &
217 3462 169 35 FIREWOOD
405 3462 98 37 YARD,

158 3510 141 18 PUKUATUA
313 3509 99 21 STREET,

101 3589 57 20 Goods
167 3590 94 19 delivered
269 3590 49 18 after
331 3589 67 17 arrival
413 3590 20 16 of
446 3589 59 17 trains

82 3613 15 16 to
105 3613 23 18 all
136 3616 50 20 parts
195 3614 20 18 of
224 3614 32 17 the
264 3615 53 15 town
325 3612 45 18 with
379 3614 125 21 promptness.

83 3643 52 25 Large
143 3646 56 17 Stock
212 3646 21 16 of
250 3645 45 18 Coal
311 3645 37 17 and
365 3644 98 18 Firewood
477 3644 21 16 til-

142 3674 50 17 ways
202 3675 25 11 on
235 3668 52 17 hand
296 3668 37 17 and
343 3667 94 18 delivered

211 3693 21 16 at
240 3691 32 18 the
285 3691 81 17 shortest

254 3714 68 18 notice.

101 3742 61 19 RATA
167 3748 42 12 axi>
215 3743 55 18 TAW
272 3744 16 15 A
295 3747 25 13 at
326 3746 79 13 lowest
414 3745 68 14 hates.

97 3785 9 18 I
121 3785 15 18 U
143 3785 14 19 C
164 3786 18 17 K
189 3786 38 18 LA
233 3785 18 18 N
258 3786 17 17 D
289 3786 14 16 A
312 3785 16 16 D
336 3785 16 17 V
360 3784 16 18 E
384 3784 101 18 lITISIN
491 3784 13 17 0

84 3802 36 25 J\.
230 3808 111 20 AGENCY,

103 3838 92 20 VicToniA
207 3840 89 20 Akcabe,
311 3839 72 19 Qi-ekx
399 3838 84 18 Street.

130 3871 121 23 Advertising
256 3871 19 17 in
285 3871 25 17 all
322 3871 24 16 its
355 3869 97 18 brunches.

84 3891 44 23 New,
141 3895 75 22 Unique
233 3894 37 17 and
284 3893 84 18 Tasteful
385 3892 121 23 Advertising

245 3916 91 19 Medium.

103 3938 62 20 Orders
174 3941 48 17 from
231 3940 27 18 all
265 3941 53 21 parts
327 3939 91 17 attended
426 3939 20 16 to
461 3938 45 17 with

84 3965 34 14 cure
127 3964 33 16 and
171 3963 114 20 expedition.

98 4086 40 35 H,
150 4088 55 33 W.
222 4085 269 36 MITCHELL,

172 4146 117 21 SUithorisco
299 4145 112 24 jetrcbefior,

218 4198 144 23 ROTORUfI.

1172 776 75 82 IT
1298 771 269 87 RSWJT

801 948 279 49 ROTORUJI,
1126 946 126 47 .NEW
1289 945 271 46 ZEJILJIJID.

511 1035 37 43 1}
556 1035 178 19 OTORUA.—This
743 1036 104 18 wonderful
856 1037 73 19 district
938 1038 15 16 is
962 1037 128 22 unparalleled
1098 1037 20 17 in
1126 1037 32 17 the
1167 1037 69 17 known
1246 1035 60 20 world
1315 1036 29 16 for
1352 1035 31 17 the
1392 1035 80 17 number
1479 1035 38 16 and
1526 1035 73 21 variety
1608 1033 20 18 of
1636 1033 24 18 its
1668 1032 87 19 Thermal
1765 1032 84 23 Springs.

537 1059 17 19 \_.
579 1059 26 18 As
614 1065 11 11 a
632 1058 67 18 health
706 1059 61 17 resort
774 1059 26 18 its
807 1061 111 22 popularity
925 1061 16 18 is
949 1059 76 23 rapidly
1032 1059 111 24 increasing,
1152 1059 40 19 and
1204 1059 43 18 that
1261 1058 80 23 entirely
1358 1064 24 11 on
1395 1059 24 16 its
1437 1064 41 11 own
1496 1058 70 21 merits,
1584 1063 20 11 as
1620 1056 84 17 hitherto
1720 1056 82 22 nothing
1818 1055 34 17 has

510 1082 47 17 been
566 1082 48 17 'lone
623 1082 19 16 in
652 1082 32 16 the
693 1087 41 16 way
743 1082 20 16 of
771 1082 122 24 advertising;

533 1105 85 17 Patients
628 1104 91 23 suffering
726 1105 49 18 from
785 1105 86 22 Chronic,
881 1102 101 24 Articulari
993 1106 37 17 and
1038 1105 97 19 Muscular
1141 1105 130 21 rheumatism,
1282 1105 56 20 Gout,
1348 1103 101 19 Rhumatic
1454 1104 58 21 Gout,
1526 1103 46 18 Skin
1581 1103 91 19 Diseases,
1689 1101 85 21 Sciatica,
1792 1101 45 18 Lum-

509 1127 57 23 bago.
587 1127 109 23 Neuralgia,
715 1128 84 17 Nervous
815 1129 126 18 Exhaustion.
959 1129 78 18 Uterine
1056 1129 96 21 Ailments,
1170 1129 37 16 and
1225 1128 55 22 tardy
1296 1127 139 18 eonvalcscense
1452 1128 49 16 from
1518 1128 54 16 acute
1589 1126 80 17 diseases
1685 1131 44 16 may
1745 1124 40 23 rely
1801 1130 51 16 upon

510 1151 100 23 obtaining
619 1150 90 18 immense
718 1151 58 21 relief,
786 1152 38 17 and
833 1153 19 16 in
859 1152 33 18 the
901 1153 90 23 majority
999 1152 20 17 of
1028 1158 49 11 eases
1085 1159 12 10 a
1106 1152 93 22 complete
1207 1157 50 12 cure.

534 1211 53 18 THE
602 1210 111 19 PRIEST'S
722 1211 145 19 BATH.—This
876 1212 16 18 is
901 1212 88 24 strongly
995 1212 48 18 acid,
1058 1213 111 18 aluminous,
1186 1212 79 22 sulphur

525 1235 24 16 nd
559 1234 41 18 cold
610 1234 87 18 showers,
708 1234 36 17 and
753 1234 82 18 douches
844 1242 31 10 are
884 1236 90 22 provided
983 1235 36 18 and
1029 1235 124 22 comfortably
1162 1235 87 17 enclosed
1257 1235 18 16 di

1304 1213 41 15 iter,
1363 1211 64 22 acting
1443 1217 20 11 as
1480 1217 11 10 a
1507 1210 93 23 powerful
1617 1209 42 17 skin
1675 1208 105 18 stimulant.
1781 1207 4 26 1
1812 1207 42 18 Hot

535 1257 114 18 MADAME
671 1257 124 18 RACHEL'S
816 1258 146 19 BATH.—This
970 1258 105 19 celebrated
1084 1258 71 23 Spring
1161 1258 17 17 is
1186 1263 11 12 a
1212 1258 63 17 Saline
1289 1259 59 15 water
1361 1257 45 16 with
1423 1257 90 20 Silicates,
1527 1256 39 17 and
1578 1256 35 17 has
1630 1261 24 11 an
1667 1254 81 18 alkaline
1765 1254 88 18 reaction.

511 1280 40 18 The
561 1284 58 14 water
627 1280 15 16 is
651 1280 40 16 also
700 1286 22 10 us
729 1280 16 18 >d
754 1280 101 23 internally
864 1282 31 17 for
903 1282 24 17 its
936 1282 95 18 beneficial
1040 1282 62 17 action
1112 1287 24 12 on
1145 1282 31 16 the
1186 1280 83 22 kidneys.

536 1303 52 18 THE
610 1303 68 18 BLUE
699 1303 99 17 HATH.—
800 1305 43 16 This
860 1305 16 17 is
892 1305 32 17 the
941 1305 71 22 largest
1028 1305 75 17 natural
1120 1304 107 23 swimming
1244 1304 45 16 bath
1305 1304 19 16 in
1339 1303 31 17 the
1387 1303 93 17 Southern
1489 1303 131 22 Hemisphere.
1646 1301 18 17 It
1673 1301 68 17 affords
1750 1300 104 17 rheumatic

512 1326 81 17 invalids
602 1334 8 9 a
623 1332 62 11 means
694 1326 20 17 of
724 1326 66 23 taking
798 1325 81 22 painless
889 1329 86 17 exercise,
986 1327 59 18 which
1055 1327 45 23 they
1108 1327 68 24 highly
1185 1327 113 23 appreciate.

536 1349 53 18 THE
598 1348 123 19 SULPHUR
730 1349 103 19 VAPOUR
844 1348 146 21 BATH.—This
995 1351 17 17 is
1017 1357 12 11 a
1033 1350 77 18 natural
1115 1350 35 18 hot
1153 1355 80 18 -vapour,
1238 1349 70 24 highly
1313 1348 82 24 charged
1399 1349 45 18 with
1453 1349 78 22 sulphur
1540 1354 60 17 gases,
1613 1347 104 18 conducted
1730 1347 41 17 into
1785 1353 11 11 a
1809 1352 34 17 pro-

513 1373 54 22 perly
577 1371 118 19 constructed
704 1372 57 20 chest,
772 1373 18 17 in
800 1373 59 19 which
868 1373 31 19 the
907 1374 32 18 the
943 1374 73 22 patient
1026 1373 39 21 sits,
1075 1374 55 16 while
1139 1379 11 11 a
1157 1375 68 15 stream
1232 1373 20 17 of
1257 1373 86 22 palpable
1353 1372 79 22 sulphur
1436 1372 17 18 is
1457 1372 59 23 being
1520 1371 109 22 constantly
1633 1369 99 24 deposited
1736 1375 24 13 on
1767 1370 33 16 the
1807 1370 47 16 skin.

537 1396 53 17 THE
611 1395 59 18 NEW
691 1394 121 24 SULPHUR
834 1397 145 21 BATH.—This
991 1397 16 16 is
1020 1402 11 12 a
1042 1402 45 16 very
1099 1397 66 22 strong
1178 1397 57 16 acidic
1250 1400 57 12 water
1319 1396 20 16 of
1352 1395 45 23 high
1410 1396 131 22 temperature,
1555 1395 38 17 and
1610 1393 86 22 strongly
1713 1392 141 19 recommended

513 1419 18 17 in
550 1424 50 12 cases
617 1418 20 17 of
652 1418 124 19 rheumatism
784 1419 39 18 and
830 1419 57 18 allied
896 1419 86 20 diseases.
1007 1420 38 17 The
1054 1419 46 18 bath
1115 1420 57 17 house
1190 1420 15 16 is
1223 1418 74 18 divided
1313 1418 40 18 into
1369 1418 68 17 Ladies
1453 1418 38 17 and
1506 1418 122 17 Gentlcmens
1644 1416 129 23 departments
1787 1416 38 17 and
1840 1416 14 16 is

513 1441 77 24 capable
600 1441 19 18 of
628 1441 163 22 accommodating
799 1444 34 15 ■!()()
842 1442 76 19 bathers
928 1443 57 18 dailv.

537 1465 54 17 THE
600 1464 162 18 ELECTRICAL
771 1465 252 19 DEPARTMENT.—This
1033 1466 119 23 department
1167 1466 15 16 is
1200 1465 70 24 replete
1287 1465 46 18 with
1347 1465 32 17 the
1395 1466 49 16 most
1458 1465 76 17 modern
1552 1464 107 23 appliances
1675 1464 30 16 for
1721 1462 88 23 carrying
1824 1465 30 14 out

515 1489 75 15 various
599 1489 57 15 forms
666 1488 20 16 of
694 1487 77 19 medical
782 1488 92 18 electrical
884 1490 101 17 treatment
993 1490 19 16 in
1022 1489 48 17 their
1081 1489 87 23 entirety.

539 1511 54 18 THE
599 1510 189 19 HYDROPATHIC
795 1512 116 19 PACKING
918 1513 53 16 AND
979 1512 117 18 MASSAGE
1102 1511 225 19 DEPARTMENT.—A
1333 1512 54 16 series
1393 1512 20 16 of
1419 1517 61 12 rooms
1487 1517 31 11 are
1527 1510 98 18 furnished
1634 1510 37 16 and
1680 1510 27 17 set
1714 1510 54 21 apart
1776 1510 30 16 for
1812 1509 42 17 each

516 1541 38 11 sex.
562 1534 19 16 ill
588 1533 54 17 order
647 1535 19 15 to
676 1540 53 16 carry
735 1536 33 15 out
777 1535 37 17 this
820 1536 67 22 import
892 1538 32 14 ant
931 1535 80 24 adjunct
1014 1536 19 17 to
1040 1537 107 16 treatment.
1155 1536 38 16 The
1199 1535 78 17 services
1284 1534 21 18 of
1308 1540 12 12 a
1324 1534 87 23 qualified
1419 1535 95 17 Masseuse
1519 1534 37 17 and
1563 1534 84 17 Masseur
1656 1539 31 11 are
1696 1533 113 16 obtainable.

517 1590 88 17 Resident
616 1589 106 22 Engineer:

586 1613 117 18 CAMTLLE
717 1613 130 19 MALFROT,
858 1614 45 18 Esq.

1406 1590 90 17 Resident
1505 1589 80 19 Medical
1595 1588 168 23 Superintendent:

1484 1613 102 18 ALFRED
1600 1611 119 21 GINDERS,
1734 1612 53 17 M.D.

724 1881 57 23 Two
795 1882 70 23 miles
879 1883 75 30 from
973 1882 120 27 Rolorua,
1115 1883 135 30 adjoining
1264 1882 149 30 interesting
1423 1883 82 22 native
1517 1882 143 23 settlement.

1487 1945 194 54 TEL.

1040 2046 116 23 PAT
1171 2046 24 24 R
1216 2046 22 23 0
1256 2046 32 23 N
1305 2046 21 23 S
1337 2055 8 15 ;

661 2077 53 18 Earl
740 2077 26 18 of
788 2077 105 23 Kintore,
920 2078 54 19 Earl
999 2078 26 19 of
1047 2078 100 22 unslow,
1170 2078 104 23 Marquis
1296 2078 26 18 of
1340 2077 127 24 Drogheda,
1491 2079 61 18 Lord
1573 2076 145 25 Garrington.

520 2100 89 24 HpTHS
623 2100 93 20 HOTEL
726 2101 36 18 lias
773 2101 89 24 recently
873 2102 51 19 been
934 2101 140 25 considerably
1084 2102 103 23 enlarged,
1199 2102 116 24 renovated,
1327 2102 37 18 and
1376 2102 129 19 refurnished
1515 2101 114 26 regardless
1639 2104 19 15 of
1675 2107 93 19 expanse,
1789 2102 40 18 and
1845 2102 17 18 is

588 2126 71 26 widely
670 2127 73 18 known
755 2128 31 18 for
797 2127 25 19 its
833 2127 98 20 excellent
941 2127 176 22 accommodation,
1130 2128 88 22 Cuisine,
1232 2128 33 18 &c.

894 2163 73 22 Here
980 2170 44 15 are
1037 2163 40 22 the
1086 2162 86 31 -Chief
1180 2163 90 29 Sights
1281 2163 33 30 of
1321 2163 40 22 the
1373 2163 118 23 District.

649 2202 47 18 The
705 2201 139 19 Wonderful
854 2203 80 17 Steam
944 2202 46 18 and
999 2202 49 18 Hot
1056 2202 82 18 Water
1148 2202 129 23 Petrifying
1287 2202 98 23 Geysers
1399 2202 80 23 playing
1490 2203 67 22 nearly
1575 2203 33 16 100
1625 2203 38 16 foot
1679 2202 52 23 high.

519 2225 132 24 Petrifying
660 2225 105 23 Geysers,
777 2225 128 19 Cauldrons
915 2226 26 17 of
948 2225 90 23 Boiling
1046 2225 57 18 Mud
1112 2225 46 18 and
1168 2225 41 18 Oil.
1237 2225 75 23 Spout
1321 2224 64 23 Bath,
1397 2225 35 19 Oil
1442 2225 65 23 Bath,
1517 2225 72 19 Alum
1599 2225 59 18 Bath
1667 2225 20 18 &
1702 2225 78 18 Jack's
1794 2225 66 19 Bath.

520 2250 80 18 Known
613 2250 31 18 for
653 2248 34 19 the
694 2248 153 25 extraordinary
858 2255 56 13 cures
920 2251 21 17 of
952 2249 147 24 Rheumatism,
1110 2248 120 26 ISeuralgia,
1240 2248 112 26 Lumbago,
1361 2248 90 25 Sciatica,
1461 2250 87 23 Kidney,
1562 2249 60 19 Liver
1631 2248 41 20 and
1676 2248 59 20 other
1742 2248 120 26 complaints

636 2282 42 47 C.
706 2283 39 45 E.
768 2282 236 48 -NELSOJI
1117 2309 17 5 -
1223 2309 18 5 -
1328 2309 17 5 -
1467 2282 278 56 Proprietor.

931 2340 103 26 Guide
1137 2355 10 4 -
1217 2354 12 5 -
1331 2340 123 31 Sophia.

943 2556 38 24 On
1005 2556 39 24 the
1068 2556 91 23 Direct
1181 2556 82 23 Route
1283 2559 23 20 to
1326 2556 117 24 Rotorua-

757 2597 45 18 For
819 2597 107 23 Scenery,
942 2596 109 19 Curative
1063 2596 132 23 Properties
1204 2596 26 18 of
1237 2596 39 18 the
1286 2596 72 18 Baths
1367 2597 46 18 and
1421 2596 208 22 accommodation,

665 2629 122 25 EXCEL
818 2629 71 24 ALL
923 2628 138 25 PLACES
1093 2628 47 24 OF
1170 2628 74 25 THE
1279 2628 85 25 KIND
1398 2629 31 24 IN
1462 2629 73 24 THE
1568 2628 160 25 COLONY.

548 2693 65 19 These
625 2693 10 10 c
639 2692 78 26 prings,
729 2692 65 19 which
806 2692 31 18 for
848 2692 53 18 their
920 2691 95 18 Curative
1026 2690 61 26 Prop*

522 2720 52 18 have
595 2719 72 18 visited
688 2718 54 19 them
760 2723 75 14 second
854 2723 23 13 to
896 2723 53 14 xoxe
967 2723 21 12 i.v
1004 2716 51 19 New
1072 2716 106 19 Zealand.
1207 2716 42 19 The
1263 2722 109 13 numerous
1381 2717 136 20 testimonials
1526 2717 92 20 received
1628 2723 22 14 as
1661 2719 21 18 to
1691 2718 55 20 their
1755 2725 58 14 cures
1822 2719 42 20 and

521 2747 86 17 comfort
619 2744 74 19 should
713 2744 25 19 be
755 2744 99 19 suilieient
873 2747 20 15 to
910 2743 72 19 induce
997 2742 90 19 Tourists
1104 2743 41 18 and
1158 2745 68 16 others
1243 2745 20 16 to
1274 2743 47 18 visit
1332 2742 60 19 them.
1421 2743 32 19 No
1464 2747 58 16 extra
1531 2744 54 24 char]

522 2772 35 19 the
567 2772 61 18 baths
639 2774 19 15 to
669 2777 83 18 persons
762 2770 82 26 staying
854 2772 21 17 at
886 2770 33 18 the
929 2768 62 20 hotel.

842 2817 82 25 THE
951 2803 529 40 OKOR^mE^SANATORIUM

549 2860 22 19 Is
580 2859 109 19 connected
700 2859 49 18 with
760 2858 35 18 the
805 2857 135 25 Telegraphic
950 2860 74 21 system
1034 2857 21 19 of
1065 2857 34 18 the
1110 2857 82 24 Colony,
1204 2857 33 18 the
1245 2857 114 24 Telegraph
1371 2857 61 19 Office
1442 2857 108 26 adjoining
1561 2858 33 18 the
1606 2858 69 18 Hotel.
1704 2859 34 18 All
1747 2859 119 25 Telegrams

524 2886 101 25 promptly
636 2885 77 24 replied
724 2887 26 20 to,

551 2911 95 22 Coaches,
657 2910 99 25 Buggies,
767 2909 41 19 and
818 2909 143 25 Conveyances
969 2908 22 20 of
1000 2907 28 21 all
1036 2907 61 20 kinds
1115 2908 58 19 leave
1192 2909 40 17 this
1250 2908 62 18 Hotel
1329 2914 24 13 on
1373 2909 109 24 Tuesdays,
1504 2910 124 24 Thursdays,
1647 2910 40 18 and
1706 2910 118 25 Saturdays,
1844 2918 23 12 or

523 2938 55 23 daily
589 2938 16 18 if
617 2937 102 25 required.
760 2936 88 19 Persons
867 2942 24 12 en
910 2938 58 16 route
987 2935 31 18 for
1036 2934 91 20 Rotorua
1142 2941 34 12 are
1195 2934 103 19 therefore
1318 2934 84 19 enabled
1424 2938 18 16 to
1463 2937 44 17 visit
1520 2935 34 20 the
1571 2936 90 18 wonders
1672 2936 20 19 of
1706 2936 103 25 Okoroire,
1826 2937 40 19 and

524 2965 61 24 enjoy
596 2964 34 18 the
640 2963 90 19 Natural
740 2962 43 18 Hot
793 2962 65 18 Baths
868 2961 40 19 and
916 2968 12 12 a
938 2960 56 25 day's
1005 2966 40 13 rest
1054 2961 94 24 previous
1159 2964 19 15 to
1191 2960 138 25 undertaking
1339 2967 11 12 a
1360 2961 86 25 journey
1457 2965 20 15 to
1488 2962 34 18 tho
1534 2961 73 19 Lakes.

1082 3009 84 15 THIS
1191 3008 120 16 HOTEL

696 3038 45 19 Has
750 3038 89 24 recently
851 3038 49 18 loon
912 3036 84 23 erected,
1006 3036 38 19 and
1059 3037 16 18 is
1086 3037 77 25 replete
1173 3037 49 18 with
1239 3044 60 16 every
1309 3038 85 17 comfort
1404 3038 31 18 for
1445 3038 91 19 Tourists
1547 3038 39 19 and
1597 3038 98 19 Invalids.

554 3065 186 20 Note.—Tourists
749 3067 20 16 to
780 3064 103 19 Rotorua!
912 3063 29 19 Be
951 3069 46 13 sure
1009 3064 21 17 to
1047 3062 47 18 take
1113 3069 51 18 your
1183 3063 29 19 rai
1223 3069 43 18 way
1286 3063 71 18 tickets
1375 3064 33 18 for
1423 3063 114 20 Okoboibe.
1576 3064 140 25 Conveyances
1731 3068 53 16 meet
1804 3066 63 19 trains

650 3373 61 52 E.
782 3368 477 57 ROBERTSON
1325 3369 163 53 AND
1535 3370 207 56 CO.'S

787 3431 244 42 EXPRESS
1065 3430 136 38 LINE
1237 3430 69 41 OF
1343 3431 264 40 COACHES.

529 3485 229 57 Carrying
777 3486 96 44 .Her
899 3482 252 56 .Majesty's
1188 3482 135 46 .Mails
1356 3495 51 34 as
1445 3496 82 43 per
1558 3483 312 61 Time-tables,

692 3553 274 20 TAUHAXGA-ItOTORUA
979 3552 63 18 LINE

685 3595 65 19 ieuart
797 3593 87 21 Tuesday
893 3593 37 17 unci
940 3590 93 23 Saturday

900 3593 30 17 aid
940 3590 93 23 Saturday
1089 3592 10 14 8
1108 3596 43 12 a.m.

1047 3615 52 16 10.30
1108 3620 43 11 a.m.

1047 3638 51 15 10.40
1107 3643 44 12 ii.m.

1089 3661 10 16 6
1105 3666 46 16 p.m.

901 3685 33 17 i.nd
951 3684 69 22 Fridny
1088 3683 11 17 7
1106 3689 45 11 a.m.

1045 3707 52 16 12.30
1106 3711 45 17 p.m.

983 3743 12 7 ~
1045 3730 44 16 I'ZA-
1090 3730 3 21 r
1094 3730 2 21 )
1105 3734 46 17 p.m.

981 3766 12 7 ~
1056 3753 40 15 0.10
1105 3757 46 17 p.m.

1201 3591 49 18 Roto
1251 3597 34 11 run

1201 3614 97 18 Atoamuri

1200 3637 94 18 Wairakei

1200 3660 71 23 Taupo,

1200 3683 70 23 Taupo,

1200 3706 93 18 Wairakei

1200 3729 103 21 Ateamuri,

1200 3753 90 18 Rotorun,

1377 3553 217 18 ROTORUA-TAUPO
1612 3554 62 17 LINE

1456 3685 99 22 Thursday

699 3812 125 32 Special
838 3811 228 30 Conveyances
1080 3808 158 32 arranged
1251 3807 48 27 for
1312 3808 33 25 at
1357 3808 53 25 the
1424 3809 147 26 Shortest
1583 3809 120 26 Notice.

856 3845 200 29 STABLES:
1074 3844 169 26 Tutanekai
1272 3845 109 30 Street,
1405 3846 143 25 Rotorua.

695 3889 112 34 Buggies,
826 3888 119 27 Geaef-ies
962 3887 51 31 ai?d
1031 3885 94 28 Saddle
1253 3894 31 24 ei?
1302 3886 50 31 tyre
1370 3895 31 23 er?
1419 3887 45 24 tl-ie
1482 3887 119 32 Shortest
1620 3887 94 32 %>tice.

1016 3928 129 16 TERMS
1174 3928 215 16 MODERKTS.

882 3959 144 31 Telegrams
1037 3957 53 23 and
1100 3958 100 22 Letters
1208 3956 149 32 punctually
1371 3958 116 23 attended
1496 3961 29 21 to.

533 4029 76 26 NB.
646 4026 114 27 Please
772 4026 75 24 note
860 4024 132 26 address

652 4067 61 64 C.
763 4062 461 69 ROBeRTSON
1271 4062 48 69 8
1350 4062 130 68 m,
1520 4071 232 47 Rotorua.

863 4142 306 44 contractors
1192 4136 78 46 for
1284 4136 181 47 .Messrs
1485 4137 46 45 T.
1554 4136 126 47 Cook
1700 4137 47 47 &
1769 4139 103 47 Son.

2073 778 59 26 Hot
2160 779 97 25 Lakes
2277 779 32 25 of
2326 779 71 25 New
2415 779 144 26 Zealand.

1883 862 174 43 mm*

2014 929 27 18 IS
2055 929 22 17 A
2090 929 192 18 FIRST-CLASS
2295 928 207 19 TEMPERANCE
2515 929 107 19 HOTEL.

1963 967 237 23 HIN6MOH
2218 967 198 23 STREET.
2436 967 239 23 ROTORUH.

1876 1032 83 17 rriHTS
1971 1031 59 18 NEW
2043 1032 54 16 AND
2110 1030 192 19 COMFORTABLE
2314 1030 217 18 ESTABLISHMENT
2539 1031 15 16 is
2565 1030 80 19 situated
2653 1031 20 16 in
2683 1031 32 17 the
2723 1036 42 11 new

1884 1049 19 25 _i_
2069 1054 90 21 Rotorua,
2170 1054 48 18 close
2227 1054 21 17 to
2257 1054 32 16 tlio
2298 1052 126 19 Government
2439 1053 121 19 Sanatorium
2573 1054 38 17 and
2624 1054 65 20 Butlis,
2704 1054 61 17 which

2197 1076 90 23 comprise
2296 1073 32 21 the
2337 1075 104 19 celebrated

1876 1106 92 20 Priest's
1977 1106 66 22 Bath,
2054 1106 109 18 Madame
2171 1105 87 18 Rachel
2267 1105 78 21 Baths,
2357 1105 140 18 Chameleon
2506 1105 95 18 Douche
2610 1105 66 21 Bath,
2692 1105 74 23 Large

1946 1130 55 18 Blue
2011 1129 138 23 Swimming
2158 1128 66 22 Bath,
2241 1127 103 23 Sulphur
2356 1127 95 23 Vapour
2460 1128 61 18 Bath
2530 1128 45 18 and
2585 1128 110 18 Galvanic

2233 1151 97 19 Battery
2338 1151 66 21 Bath,

1876 1177 69 18 OVER
1958 1175 90 18 WHICH
2064 1175 87 17 LARGE
2168 1174 118 18 BATHING
2304 1174 139 17 PAVILIONS
2464 1174 72 18 HAVE
2558 1174 69 18 BEEN
2647 1174 119 18 ERECTED

1981 1199 44 17 with
2036 1204 101 12 numerous
2145 1197 92 23 Dressing
2253 1197 75 21 Rooms,
2338 1197 35 17 etc.
2399 1197 75 18 Besides
2484 1198 51 18 these
2544 1197 52 18 (here
2605 1198 15 16 is
2629 1198 32 17 the

1877 1221 133 21 Pain-killer
2022 1221 66 22 Bath,
2104 1221 134 22 Coffee-pot,
2253 1219 132 19 Cameron's
2399 1220 45 18 and
2459 1220 129 19 Hineinaru
2601 1221 73 18 Baths
2688 1220 24 19 in
2726 1221 40 18 the

2181 1243 149 19 Sanatorium
2348 1243 113 19 Grounds.

1877 1291 113 19 Bathgate
2008 1289 73 19 House
2098 1288 38 19 has
2152 1289 53 18 been
2224 1287 80 26 greatly
2321 1287 96 26 enlarged
2432 1288 33 18 for
2481 1288 92 18 Tourists
2590 1294 22 12 as
2631 1288 46 19 well
2693 1294 23 13 as
2736 1289 32 18 for

2113 1314 72 26 people
2199 1314 73 24 taking
2283 1320 11 13 a
2304 1320 69 12 course
2384 1313 20 20 of
2414 1314 34 19 tho
2459 1314 72 19 Baths.

2132 1348 132 19 TERMS
2285 1348 231 20 MODERATE.

2157 1395 52 33 T.
2264 1395 41 31 B
2332 1395 180 34 ReN
2537 1395 51 37 T,

1879 1465 125 19 N.B.—Most
2013 1467 19 16 of
2041 1467 54 18 those
2103 1468 43 17 who
2156 1468 43 16 visit
2208 1468 75 17 Brent's
2291 1468 24 18 do
2324 1474 20 12 so
2353 1470 84 23 through
2447 1470 32 18 the
2494 1471 45 16 kind
2554 1471 179 19 recommendations
2751 1473 19 16 of

2220 1492 86 21 previous
2315 1493 108 18 customers.

2389 2188 36 24 m

2371 2213 28 9 B.-
2418 2210 103 13 :--£■■■■■

2615 2210 40 13 ■lll

2536 2253 54 13 i-~
2593 2257 7 10 :
2604 2247 71 20 :^^.:

1912 2298 324 60 STAR
2321 2299 428 69 HOTEL,

2054 2383 146 25 ALBERT
2219 2383 150 30 STREET,
2396 2383 213 25 AUCKLAND.

2008 2491 156 47 LOUIS
2200 2490 183 50 DOYLE,
2413 2491 237 52 .Manager.

1988 2711 166 36 QXJKEN
2182 2711 203 37 STREET,
2404 2712 275 33 AUCKLAND,

2117 2752 108 18 UNDER
2238 2752 74 18 NEW
2324 2753 226 18 MANAGEMENT.

2105 2784 457 63 JOSEPH'JAekJiE,

2015 2862 61 19 fLate
2086 2863 21 18 of
2117 2863 35 18 the
2162 2862 57 20 Lake
2229 2862 71 19 House
2315 2862 41 19 and
2370 2863 74 18 Palace
2455 2863 78 22 Hotels,
2545 2863 108 25 Rotorua,)

2136 2894 49 18 Has
2191 2894 52 22 just
2251 2894 72 18 taken
2335 2899 56 14 over
2399 2894 47 18 this
2457 2894 76 19 Hotel.

1889 2916 128 18 Travellers
2026 2916 46 19 will
2081 2917 49 18 find
2139 2923 71 17 every
2218 2918 97 17 Modern
2325 2917 161 18 Convenience
2496 2918 122 18 combined
2623 2918 58 18 with
2687 2918 92 24 Civility

2194 2940 46 18 and
2247 2940 97 23 Prompt
2351 2940 123 20 attention.

1916 2984 42 19 The
1970 2984 97 21 situation
2077 2986 22 18 of
2114 2986 35 18 the
2165 2986 125 18 Wavekley
2309 2986 82 18 renders
2411 2986 16 17 it,
2446 2985 97 25 specially
2561 2986 120 19 convenient
2699 2987 32 18 for
2746 2987 33 18 the

1891 3010 116 25 Travelling
2018 3010 73 20 Public
2101 3012 41 18 and
2161 3011 87 20 Visitors
2264 3015 20 15 to
2302 3012 34 18 the
2354 3011 45 25 City
2415 3013 53 18 from
2484 3012 34 18 the
2536 3011 89 25 Country
2641 3012 28 24 by
2690 3013 52 18 train
2759 3020 20 12 or

1891 3040 14 14 si
1910 3043 72 12 earner.

1892 3062 102 30 Special
2004 3062 207 30 Arrangements
2222 3064 74 22 made
2307 3064 38 22 for
2359 3064 45 22 the
2420 3064 176 23 convenience
2610 3064 28 23 of
2650 3064 129 24 Families.

2084 3102 201 16 NIGHT
2330 3102 262 16 PORTER.

1895 3142 174 27 First-ciass
2085 3144 116 24 Billiard
2220 3144 118 25 Rooms.
2375 3144 101 26 Wines
2489 3145 60 25 and
2566 3144 108 31 Spirits
2688 3146 33 24 of
2727 3145 52 25 the

1971 3176 69 25 best
2056 3177 126 24 Brands.
2227 3177 170 25 Hancock's
2420 3178 83 25 Prize
2518 3177 102 26 XXXX
2635 3178 69 25 Ales

2166 3209 112 33 always
2297 3217 38 18 on
2362 3211 140 31 draught.

2792 755 211 44 .MPERffIL
3060 760 123 44 HOTEI

2827 811 123 22 FORT
2975 813 197 26 STREET.

2919 841 161 22 AUCKLAND.

2812 899 96 25 Splendid
2923 903 167 21 accommodation
3103 906 31 18 for
3146 906 52 19 Tour-

2785 925 37 18 ists
2831 926 40 18 and
2881 926 117 22 Travellers,

2802 959 183 33 High-class
3004 963 109 26 Wines
3135 967 62 25 and

2898 994 114 32 Spirits
3024 996 83 32 kept.

2833 1064 40 25 W.
2907 1066 30 24 H.
2967 1066 49 25 PE
3031 1067 21 25 A
3069 1068 18 25 R
3103 1069 21 25 C
3144 1070 27 30 E,

2914 1103 176 31 Proprietor.

2869 1151 102 16 LEX
3003 1153 14 17 A.
3049 1154 15 15 L
3096 1155 16 15 V
3146 1157 14 16 O
3193 1157 22 18 X,

2893 1193 110 17 SYMOXDS
3017 1195 96 21 STREET,

2791 1221 93 21 (Formerly
2893 1223 27 15 .Sir
2931 1223 49 17 Fied.
2994 1224 104 18 Whitaket's
3109 1227 106 20 Residence,)

2932 1252 95 21 Telephone
3041 1255 37 16 541.

2812 1281 16 15 A
2836 1281 40 15 Few
2885 1280 61 17 Ladies
2954 1282 33 16 and
2997 1282 99 18 Oentlemen
3109 1291 32 10 nan
3154 1286 20 16 be
3188 1291 19 11 ac-

2790 1303 117 15 commodated
2912 1303 40 15 whh
2956 1305 75 19 .superior
3034 1305 56 16 Bourd
3097 1305 13 17 &
3116 1307 99 16 Residence.

2812 1331 36 16 Tiie
2857 1331 52 16 house
2917 1333 14 14 is
2939 1333 73 15 situated
3020 1334 16 14 in
3042 1334 48 20 larfre
3095 1336 81 19 grounds,
3184 1337 33 15 and

2791 1353 97 15 commands
2897 1354 108 20 magnificent
3015 1355 50 16 views
3073 1357 17 14 of
3100 1357 30 16 the
3137 1357 80 16 harbour.

2813 1382 63 16 Tennis
2885 1382 60 17 Lawn.

2813 1411 37 16 Ten
2858 1412 80 16 minutes'
2948 1413 45 15 walk
3002 1413 43 16 from
3054 1414 29 16 the
3090 1414 43 17 Post
3141 1415 58 17 Office.

2814 1441 41 15 Cars
2866 1442 32 15 and
2907 1442 61 16 Busses
2977 1447 38 16 pass
3024 1443 29 17 the
3059 1446 81 14 entrance
3151 1447 45 15 2ate,

2812 1514 226 28 CLARENDON
3074 1519 133 33 HOTEL,

2822 1555 82 18 Junction
2913 1557 57 18 Queen
2979 1559 33 15 and
3028 1559 93 18 Wakefield
3132 1562 61 16 Street.

2900 1586 138 35 /?<aekksd,
3057 1591 61 32 IvJ.Z.

2794 1642 146 25 First-class
2958 1648 200 24 accommodation
3176 1651 51 30 for

2942 1677 148 26 Travellers.

2877 1717 48 18 Hot
2933 1718 46 18 and
2994 1719 56 18 Cold
3063 1721 79 19 Baths.

2816 1748 42 16 Best
2866 1748 59 16 Wines
2932 1750 34 15 and
2974 1750 61 20 Spirits
3046 1752 65 21 always
3120 1754 17 15 in
3146 1754 55 17 Stock.

2888 1778 38 16 Hot
2933 1778 60 17 Lunch
3003 1781 19 15 12
3034 1783 18 13 to
3060 1782 9 15 2
3078 1781 54 23 daily.

2795 1807 38 18 W.
2853 1808 109 22 LYNCH,
3000 1820 7 3 -
3043 1820 8 3 -
3087 1812 139 23 Proprietor.

2918 1845 37 9 r.AD
2967 1841 62 20 JvIILXP.
3041 1842 14 21 f
3061 1848 73 10 rwLTHE.

2796 1885 48 25 W.
2858 1885 37 25 H.
2915 1884 29 26 &
2963 1885 37 25 H.
3028 1887 31 25 C.
3090 1888 137 33 Wright,

2842 2004 121 24 (Successors
2973 2006 20 17 to
3005 2005 24 18 A.
3041 2005 23 19 L.
3083 2006 100 27 Wright.)

2824 2037 73 24 Notify
2904 2038 45 18 that
2960 2038 46 25 they
3017 2045 33 14 are
3060 2041 121 26 continuing
3193 2042 34 20 the

2797 2063 97 19 Business
2904 2065 21 17 at
2933 2064 33 18 the
2977 2064 99 21 Premises
3087 2068 34 25 top
3129 2068 21 18 of
3157 2067 59 21 Short-

2797 2089 127 20 land-street.
2953 2090 40 19 The
3003 2090 113 27 high-class
3135 2095 54 18 work
3208 2095 21 19 of

2797 2116 35 18 the
2841 2115 42 20 late
2893 2116 32 18 Mr
2934 2116 25 18 A.
2969 2116 22 19 L.
3003 2116 85 27 Wright
3099 2119 41 19 will
3150 2120 25 19 be
3193 2121 24 19 ad-

2798 2141 61 20 hered,
2870 2143 25 22 to,
2907 2142 40 18 and
2958 2149 38 17 any
3012 2143 38 19 left
3067 2145 117 21 unfinished
3201 2147 28 25 by

2798 2168 45 19 that
2853 2168 115 24 gentleman
2981 2168 39 19 will
3031 2169 25 20 bo
3071 2172 113 24 completed
3202 2173 27 24 hy

2892 2193 34 19 the
2933 2200 43 13 new
2986 2200 148 20 management.

2798 2227 115 25 Telephone
2923 2229 43 17 057.

2834 2282 22 24 J.
2878 2282 31 25 H.
2930 2282 265 35 BUCHANAN,

2873 2323 95 26 Stone
2982 2324 173 28 Merchant.

2824 2413 116 23 Statuary,
2968 2414 161 21 Monumental
3161 2419 46 18 and

2917 2437 95 19 General
3022 2438 89 20 Mason.

2801 2468 106 17 MARBLE
2916 2469 15 17 &
2938 2469 100 17 FREEST!
3044 2471 42 17 )XE
3095 2472 118 19 CHIMNEY-

2824 2491 95 21 PIECES,
2937 2492 126 23 MANTELS,
3078 2495 79 17 VASES
3174 2497 26 17 &c

2829 2520 137 26 VICTORIA
2984 2522 118 27 STREET
3120 2524 81 30 EAST,

2803 2553 426 40 HUCKLKND,

2829 2615 87 26 Designs
2934 2616 39 19 and
2991 2617 67 19 Prices
3077 2618 115 21 forwarded
3210 2623 21 16 to

2802 2648 40 17 any
2852 2644 45 22 part
2906 2642 21 18 of
2937 2642 33 19 the
2980 2642 98 22 Province
3088 2651 23 13 or
3118 2644 77 26 Colony
3205 2653 25 12 on

2802 2667 128 25 application.

2853 2724 161 46 Steele
3037 2726 138 48 Bros.

2817 2793 403 60 HARAEROJTiSAWMILL

2804 2862 133 43 DESIRE
2946 2863 24 17 to
2979 2863 74 18 thank
3062 2864 40 18 the
3112 2865 77 22 public
3198 2866 35 18 for

2872 2886 53 22 past
2939 2885 76 19 favors
3031 2887 46 18 and
3092 2887 45 24 beg
3155 2890 25 17 to
3195 2895 26 12 an-

2804 2914 89 12 nounce
2904 2909 50 18 that
2963 2909 86 24 having
3057 2916 14 12 a
3085 2911 63 23 large
3165 2913 69 17 stock

2804 2931 26 18 of
2839 2931 173 20 well-seasoned
3020 2933 122 19 first-class
3150 2935 84 19 timber

2791 2955 1 25 i
2804 2960 30 13 on
2843 2955 62 18 hand
2914 2955 56 23 they
2978 2961 37 12 are
3024 2958 113 22 prepared
3144 2958 24 18 to
3176 2958 57 19 fulfil

2792 2978 1 21 i
2804 2978 79 18 orders
2892 2980 24 16 at
2925 2978 98 19 reduced
3032 2981 68 18 rates.

2808 3039 49 45 T.
2896 3039 64 45 M.
2999 3041 66 43 IP
3066 3042 9 16 1

3055 3043 112 20 VRRISOX',
3181 3043 53 22 8.A.,

2839 3095 142 18 BARRISTER
2994 3096 53 16 AND
3057 3097 141 21 SOLICITOR,

2819 3128 37 17 lis,
2878 3127 96 17 Victoria
2994 3127 87 22 Arcade,
3105 3128 117 19 Aucklaxd.

2984 3158 62 18 ALSO

2806 3190 91 16 Barrister
2910 3189 36 17 and
2961 3190 85 17 Solicitor
3061 3191 20 16 of
3097 3191 33 18 the
3146 3192 89 22 Supremo

2899 3213 62 19 Court,
2969 3213 83 19 Ontario,
3060 3214 82 17 Canada.

2808 3417 72 17 Losses
2890 3417 51 16 Paid
3116 3417 120 22 £20,000,000

2808 3448 51 17 Eire
2871 3448 97 17 Premium
2985 3448 102 19 Exceeds.
3096 3448 15 23 ..
3120 3448 116 23 .£1,500,000

2807 3478 222 19 AcotiiulatedFunds
3034 3479 84 18 Exceed
3128 3479 108 23 £1,000,000

2878 3509 36 21 W.
2937 3509 94 19 WARD
3050 3511 111 22 BAKER,

2841 3541 96 18 District
2945 3541 117 24 Manager,
3072 3542 129 19 Auckland.

2893 3572 37 19 W.
2945 3573 27 18 A.
2986 3573 166 23 WILLIAMS,

2866 3604 69 18 Local
2956 3605 83 22 Agent,
3067 3606 110 18 Rotorua.

2808 3666 162 41 ROTORUA
2995 3667 164 40 SAWMILL
3183 3667 50 43 CO,

2847 3761 88 19 THTTE
2948 3761 53 19 AND
3019 3762 52 17 RED
3089 3762 62 17 PIXE
3170 3762 19 17 of
3205 3761 29 17 the

2847 3788 6 15 1
2896 3786 54 16 finest
2959 3785 72 22 quality
3040 3785 38 17 and
3092 3785 90 22 carefully
3198 3785 36 16 cut.

2808 3860 90 27 Matai,
2930 3860 124 28 Pukatea,
3083 3860 50 22 and
3159 3859 75 22 Tawa

2849 3904 128 29 Shingles,
2988 3904 115 29 Palings,
3116 3902 91 23 Blocks

2953 3942 50 23 and
3011 3942 81 23 Posts-

2834 3976 20 19 A
2867 3976 52 25 good
2930 3975 40 19 aud
2980 3975 89 19 assorted
3080 3974 71 25 supply
3160 3972 73 24 always

2810 4008 25 13 on
2845 4002 54 19 hand
2908 4005 21 16 at
2939 4002 34 18 the
2982 4001 82 19 Timber
3073 4000 60 22 Yard,

2932 4035 177 17 ROTGRUK.

2810 4094 160 26 N.P.—Special
2979 4101 44 12 caro
3033 4094 62 18 taken
3104 4092 19 19 in
3142 4090 32 18 the
3191 4095 33 13 sea-

2982 4120 78 24 soning.

2810 4152 106 18 PRICES
2928 4151 39 18 AT
2979 4148 141 22 CURRENT
3132 4146 102 21 RATES,

2845 4189 37 19 W.
2902 4186 163 23 HEITSHAW,
3085 4185 115 22 Manager.

1895 3333 79 18 Under
1981 3333 40 19 the
2027 3333 173 24 distinguished
2205 3336 128 22 patronage
2341 3335 26 18 of
2370 3335 43 18 His
2420 3335 139 23 Excellency
2568 3335 61 18 Lord
2638 3336 141 23 Carrington,

1919 3364 118 20 Governor
2046 3366 26 18 of
2079 3366 101 22 N.S.W.,
2190 3366 47 18 and
2246 3366 60 18 Lord
2323 3366 95 19 Onslow
2427 3366 120 19 Governor
2556 3367 26 18 of
2587 3367 59 18 New
2655 3367 104 20 Zealand.

1896 3501 323 97 STAR
2346 3498 433 105 HOTeb,

1896 3718 9 15 r
2022 3718 86 24 STAR
2140 3720 17 18 is
2168 3721 129 23 pronounced
2307 3721 28 24 by
2351 3721 25 18 its
2387 3721 87 19 Patrons
2492 3723 20 17 to
2526 3721 26 18 be
2568 3720 34 19 the
2619 3720 45 19 best
2677 3719 53 21 built
2745 3720 34 18 and

1902 3740 21 21 J-
1963 3745 44 18 best,
2016 3744 108 21 furnished
2135 3745 64 20 Hotel
2209 3745 21 20 in
2239 3746 35 19 the
2284 3746 67 19 North
2361 3747 77 19 Island.

1929 3775 135 26 Private
2078 3776 107 27 SlliteS
2194 3778 21 18 of
2225 3777 132 26 Apartments
2367 3778 32 19 for
2410 3778 101 19 Families.

2211 3810 102 29 Sample
2328 3811 94 23 ROOIXIS
2444 3812 32 19 for
2491 3810 131 21 Commercial
2632 3810 126 20 Gentlemen.

1896 3842 87 19 Coaches
1992 3842 57 19 leave
2059 3843 35 19 the
2104 3843 63 19 Hotel
2176 3843 32 19 for
2224 3845 34 18 the
2271 3845 67 19 Lakes
2357 3852 26 12 on
2398 3845 76 19 arrival
2489 3846 21 18 of
2527 3845 25 19 all
2571 3846 103 18 steamers.
2703 3844 76 27 Special

1982 3872 5 10 :
2003 3868 92 26 Buggies
2112 3869 40 19 and
2163 3869 75 19 Saddle
2248 3870 78 20 Horses
2336 3878 37 12 can
2389 3871 26 19 be
2431 3871 97 19 obtained
2545 3871 31 18 for
2586 3871 27 18 all
2625 3874 56 21 parts

2252 3897 22 18 of
2284 3897 35 18 the
2335 3897 96 24 Country.

1898 3927 184 27 First-class
2096 3928 126 33 Sailing
2235 3930 63 25 and
2310 3931 137 32 Rowing
2460 3931 99 26 Boats
2571 3930 48 26 for
2631 3930 148 26 Pleasure

2160 3963 63 24 and
2241 3963 135 32 Fishing
2388 3964 135 25 Parties.

1898 4001 63 28 The
1993 4001 164 26 Saltwater
2187 4003 128 33 Bathing
2351 4005 141 26 Pavilion,
2514 4005 21 24 is
2571 4005 100 25 within
2697 4005 82 24 three

2100 4035 139 25 minutes'
2262 4036 75 26 walk
2357 4038 34 24 of
2405 4038 55 25 the

2116 4076 120 24 Telegrams
2255 4078 79 18 receive
2360 4080 81 24 prompt
2460 4078 106 19 attention.

2207 4177 281 28 PROPRIETOR.
