3268 4334
1627 557 88 16 DEATH.

1482 603 214 18 NEIGHBOUR.—At
1704 602 29 17 his
1742 602 93 17 brother's
1847 602 36 17 resi-

1458 627 64 20 dence,
1533 626 105 23 Tauranga,
1649 631 24 11 on
1682 625 32 17 the
1722 626 45 16 2orh
1776 626 42 18 ult..
1827 626 65 21 Henry

1458 650 82 16 William
1550 649 116 22 Neighbour,
1673 649 49 22 aged
1729 649 22 17 54
1757 654 59 16 years.
1830 649 62 21 Deep*

1458 673 19 22 ly
1486 672 102 23 regretted.

1460 740 57 22 THE
1538 738 56 24 HOT
1613 738 93 24 LAKES
1725 738 167 24 CHRONICLE

1646 778 56 12 AND

1562 809 107 20 Tourists'
1687 811 100 23 Journal.

1500 867 172 21 WEDNESDAY,
1682 868 79 16 APRIL
1774 867 15 21 1,
1801 869 51 15 1896.

1462 924 103 23 LOCAL
1578 924 96 23 NEWS
1697 924 70 22 AND
1782 923 110 24 NOTES.

1482 985 84 18 Tourists
1587 985 102 22 travelling
1704 985 86 17 between
1809 986 85 16 Rotorua

1459 1009 37 16 and
1506 1008 100 17 Auckland
1615 1014 34 11 can
1662 1009 39 21 rely
1715 1014 51 16 upon
1781 1009 76 21 getting
1870 1012 23 13 an

1459 1032 93 17 excellent
1561 1031 35 17 hot
1607 1031 93 17 luncheon
1714 1034 19 14 at
1750 1031 32 17 the
1797 1031 96 17 Frankton

1459 1055 65 20 Hotel,
1547 1054 96 17 Frankton
1657 1054 98 21 Junction,
1776 1054 63 17 where
1861 1054 33 17 the

1460 1078 50 17 train
1517 1080 52 20 stops
1579 1078 22 16 20
1611 1078 97 16 minutes.*

1482 1110 40 17 Mrs
1531 1110 82 21 Wright,
1629 1110 20 16 of
1663 1110 106 22 Tauranga.
1788 1110 38 16 will
1844 1115 47 16 open

1459 1135 112 15 to-morrow
1580 1133 20 17 at
1616 1132 33 18 the
1665 1132 68 17 Palace
1750 1132 57 18 Hotel
1823 1131 71 24 sample

1459 1162 51 11 room
1520 1162 11 11 a
1547 1156 62 16 choice
1626 1157 113 15 assortment
1755 1155 20 18 of
1790 1155 102 22 Millinery,

1459 1179 88 18 Mantles,
1557 1179 36 16 Jac
1606 1180 33 19 els,
1646 1179 64 21 Fancy
1719 1179 68 19 Goods,
1797 1180 32 16 &<;.
1853 1179 41 16 Mrs

1460 1203 76 21 Wright
1546 1202 40 17 will
1595 1202 22 17 be
1625 1202 43 17 hei'e
1678 1202 29 17 for
1714 1208 34 10 one
1757 1202 69 17 week.*

1482 1235 40 16 The
1538 1234 45 17 Rev.
1598 1233 31 17 Mr
1642 1234 58 21 Perry
1718 1233 93 25 preached
1825 1233 20 17 in
1862 1233 32 17 the

1459 1257 133 23 Presbyterian
1608 1257 74 16 Church
1700 1259 6 20 [
1712 1256 123 19 Schoolroom
1842 1256 6 23 )
1856 1256 39 18 last

1459 1281 82 22 Sunday,
1558 1280 88 22 morning
1661 1280 37 16 and
1712 1280 86 22 evening.

1482 1308 101 19 Constable
1591 1309 83 21 Murray,
1683 1313 65 13 census
1760 1309 121 16 sub-enumer-

1458 1334 42 16 ator
1505 1333 29 16 for
1541 1332 37 17 this
1590 1334 69 20 county
1665 1332 15 16 is
1693 1331 102 23 now-busy
1802 1331 81 18 dislr.lu-

1458 1355 43 24 ting
1507 1355 33 18 the
1543 1360 99 18 necessary
1651 1355 103 17 schedules.
1779 1352 39 20 The
1827 1360 66 17 papers

1458 1385 31 10 arc
1498 1381 20 15 to
1526 1379 23 16 be
1558 1378 51 17 Idled
1618 1384 25 16 up
1652 1384 24 11 on
1685 1378 77 22 Sunday
1771 1378 54 22 April
1843 1379 26 16 12.

1484 1411 31 16 Mr
1525 1409 18 19 S.
1550 1409 68 17 Dando
1633 1409 74 17 notifies
1721 1409 19 17 in
1757 1409 80 19 another
1854 1409 30 18 col-

1458 1439 46 12 umn
1512 1433 42 17 that
1561 1433 23 16 lie
1593 1433 33 16 has
1635 1432 118 19 commenced
1761 1439 11 10 a
1782 1433 66 22 special
1856 1433 37 16 sale

1458 1458 20 15 of
1488 1457 57 22 cheap
1554 1456 85 23 clothing
1656 1458 18 15 at
1692 1456 29 17 his
1738 1458 50 15 store
1799 1462 46 11 near
1861 1456 32 17 the

1459 1480 86 17 Catholic
1553 1479 81 17 Church.

1482 1512 39 17 The
1530 1512 112 24 permanent
1655 1511 114 18 reservation
1787 1511 19 17 of
1823 1511 71 17 section

1460 1536 15 17 IS,
1487 1535 54 17 block
1552 1534 28 21 23,
1588 1536 52 15 town
1647 1534 20 17 of
1674 1534 89 20 Rotorua,
1773 1541 21 11 as
1801 1541 11 10 a
1821 1534 34 17 site
1865 1534 29 17 for

1460 1558 68 17 Public;
1536 1558 80 21 Library
1625 1557 38 18 and
1672 1557 58 17 Town
1739 1557 63 18 Board
1811 1557 61 17 offices
1878 1557 15 17 is

1458 1581 96 22 gazetted.-

1481 1613 82 17 Tenders
1572 1617 32 12 arc
1612 1613 71 17 invited
1691 1613 25 22 by
1726 1613 32 17 the
1766 1613 58 17 Town
1831 1611 62 19 Board

1458 1637 30 16 for
1496 1636 32 17 the
1537 1636 49 17 lease
1595 1636 20 17 of
1623 1637 32 16 the
1664 1633 86 25 paddock
1757 1636 100 22 adjoining
1863 1636 31 16 Mr

1457 1660 18 17 J.
1486 1659 22 18 L.
1518 1660 63 16 Reid's
1590 1660 51 16 rural
1650 1660 69 16 section
1729 1660 30 16 for
1767 1666 11 10 a
1787 1662 48 14 term
1849 1659 21 16 of
1882 1660 11 15 3

1458 1689 21 11 or
1488 1684 10 16 5
1507 1689 59 16 years.
1576 1682 81 18 Tenders
1666 1683 48 17 close
1720 1688 24 12 on
1753 1682 32 18 the
1797 1682 42 18 14th
1848 1682 44 16 inst.

1482 1715 39 16 The
1530 1714 69 17 Native
1609 1713 54 18 Land
1672 1713 57 19 Court
1740 1714 60 17 which
1818 1720 38 10 was
1874 1715 19 15 to

1459 1743 48 16 open
1516 1740 20 14 at
1545 1737 65 23 Taupo
1619 1743 23 10 on
1652 1737 32 17 the
1695 1736 41 19 13th
1747 1737 37 18 inst
1796 1737 33 16 has
1846 1737 47 16 been

1458 1761 75 17 further
1542 1760 106 23 adjourned
1656 1761 19 17 to
1685 1767 11 10 a
1708 1760 44 18 date
1769 1761 20 17 to
1807 1760 23 17 be
1847 1760 46 22 duly

1456 1783 84 19 notified.

1482 1816 70 17 Messrs
1561 1816 22 16 A.
1594 1815 37 17 and
1648 1815 22 17 G.
1688 1815 69 20 Brook,
1773 1814 120 18 bootmakers

1458 1839 73 17 Fenton
1542 1840 62 16 Street
1613 1839 35 16 call
1665 1839 94 16 attention
1776 1840 20 15 to
1812 1846 11 9 :*
1841 1838 48 16 fresh

1458 1863 52 16 stock
1520 1862 19 18 of
1548 1861 80 18 football
1634 1862 53 17 boots
1696 1861 40 23 just
1745 1861 79 18 arrived.
1834 1861 59 18 There

1458 1886 38 17 will
1506 1886 23 17 be
1547 1886 57 21 lively
1614 1886 53 16 times
1684 1891 24 10 on
1717 1885 87 17 Pukeroa
1820 1884 73 22 shortly

1458 1909 55 17 when
1522 1908 33 18 the
1564 1908 64 23 gentle
1637 1907 99 18 footballer
1754 1910 42 21 gets
1805 1910 20 15 to
1834 1907 58 18 work.

1481 1941 16 16 A
1506 1940 58 17 dance
1574 1940 38 17 will
1623 1940 23 17 lie
1660 1940 43 17 held
1722 1940 21 17 in-
1759 1940 134 18 the.Pukeroa

1457 1964 46 17 Hall
1524 1969 24 11 on
1563 1963 68 18 Easter
1647 1964 63 21 night.
1735 1964 31 16 Mr
1783 1964 54 22 Ryan
1854 1963 39 17 will

1456 1987 74 22 preside
1538 1988 21 16 at
1566 1986 34 18 the
1604 1986 106 23 pianoforte
1718 1986 62 18 which
1797 1987 16 17 is
1827 1993 12 10 a
1851 1987 30 16 suf-

1457 2011 63 17 ficient
1529 2013 104 19 guarantee
1642 2009 30 19 fo*
1679 2010 32 17 the
1720 2010 105 17 excellence
1834 2010 20 17 of
1860 2009 33 18 the

1456 2034 65 17 music.

1481 2064 81 19 Tenders
1571 2070 31 11 are
1611 2065 70 16 invited
1691 2065 29 16 for
1728 2065 33 16 the
1775 2065 83 17 removal
1873 2065 20 16 of

1456 2088 33 17 the
1498 2088 63 17 native
1574 2087 63 18 school
1650 2087 88 22 building
1754 2088 49 17 from
1820 2088 71 17 Rotoiti

1456 2113 20 15 to
1485 2112 25 17 Te
1519 2112 61 22 Ngae.
1606 2111 139 22 Specifications
1755 2117 42 16 may
1813 2112 22 16 be
1849 2117 42 11 seen

1456 2137 21 14 at
1486 2135 31 17 the
1526 2134 48 17 local
1583 2134 45 17 Post
1638 2134 57 17 Office
1703 2134 37 17 and
1749 2131 76 21 tenders
1841 2136 51 15 must

1456 2158 23 16 bo
1489 2157 70 23 lodged
1567 2157 26 22 by
1601 2157 33 17 the
1644 2157 42 17 Kith
1694 2157 43 17 inst.

1480 2190 23 16 In
1513 2188 85 18 addition
1613 2190 19 16 to
1647 2188 103 24 supplying
1766 2189 89 17 firewood
1872 2190 20 16 at

1456 2213 32 17 the
1498 2213 65 16 lowest
1576 2214 75 15 current
1664 2214 49 15 rates
1730 2209 69 20 Messrs
1816 2213 75 16 Kusabs

1456 2236 53 17 Bros,
1524 2241 31 11 are
1573 2235 90 23 prepared
1680 2237 20 16 to
1716 2235 71 18 deliver
1801 2236 33 17 the
1850 2235 41 19 best

1456 2258 105 18 household
1570 2259 41 16 coal
1619 2259 19 16 in
1647 2265 36 16 any
1692 2260 44 21 part
1748 2260 20 16 of
1783 2259 33 17 the
1829 2261 49 15 town-

1455 2282 52 23 ship.-

1479 2314 39 17 The
1527 2315 61 21 report
1599 2314 19 15 of
1627 2314 31 17 Mr
1666 2314 22 16 R.
1697 2314 22 17 J.-
1735 2314 37 17 Gill
1787 2314 19 17 in
1823 2314 68 22 regard

1455 2338 20 16 to
1485 2338 32 16 the
1534 2336 44 18 land
1587 2336 132 23 appropriated
1728 2343 20 11 as
1757 2344 11 10 a
1776 2337 64 17 school
1856 2338 35 17 site

1455 2361 29 22 by
1489 2361 33 17 the
1530 2361 73 16 natives
1611 2362 19 15 at
1639 2361 25 16 Te
1679 2360 70 18 Whaiti
1762 2361 20 16 in
1796 2361 33 17 the
1842 2361 36 17 Ure-

1456 2389 52 12 wertv
1515 2383 74 18 district
1595 2383 16 17 is
1620 2383 92 23 gazetted.
1737 2384 39 17 The
1785 2384 45 17 land
1839 2390 38 11 com-

1456 2408 59 21 prises
1540 2407 36 16 five
1601 2412 50 11 acres
1667 2407 82 17 situated
1762 2408 20 16 in
1796 2408 55 17 block
1863 2409 26 19 10,

1457 2430 105 17 Ahikcreru
1571 2435 68 17 survey
1649 2430 82 18 district.-

1479 2463 32 16 Mr
1517 2463 23 16 R.
1550 2462 24 17 D.
1585 2462 80 22 Dansey,
1681 2463 119 20 postmaster,
1816 2462 74 17 notifies

1454 2486 44 17 that
1507 2485 54 18 Good
1569 2485 70 22 Friday
1648 2486 38 16 will
1695 2485 22 18 bo
1724 2486 91 17 observed
1823 2488 21 14 at
1858 2486 32 17 the

1454 2509 49 17 local
1512 2509 52 17 office
1573 2514 20 11 as
1602 2515 11 10 a
1619 2509 48 17 close
1676 2509 82 22 holiday.
1785 2509 28 17 On
1823 2509 68 17 Easter

1454 2532 86 22 Monday
1549 2532 32 17 the
1591 2531 56 18 Office
1655 2532 38 17 will
1702 2537 50 18 open-
1759 2532 49 17 from
1815 2534 15 15 tr
1835 2533 20 17 to
1869 2533 21 16 10

1454 2555 72 18 o'clock
1534 2555 20 17 in
1564 2555 31 17 the
1604 2555 88 22 morning
1701 2555 51 23 only.
1778 2556 56 17 Mails
1851 2556 39 17 will

1454 2578 49 18 close
1512 2585 21 10 as
1539 2578 64 17 usual.-

1479 2610 81 22 Captain
1573 2609 94 21 Lecomte;
1684 2610 31 17 the
1733 2611 121 17 commander
1870 2612 20 16 of

1454 2634 34 16 the
1497 2633 72 18 French
1579 2635 82 15 corvette
1670 2634 65 19 Scorff,
1745 2640 43 11 now
1797 2635 19 16 in
1826 2635 51 17 Auck-

1454 2656 46 18 land
1517 2656 88 20 harbour,
1626 2656 132 23 accompanied
1780 2658 26 21 by
1827 2658 62 18 Count

1453 2680 88 23 Jouffray
1556 2679 102 21 d'Abbans,
1681 2680 160 18 Consul-General
1860 2682 30 16 for

1454 2703 32 18 the
1495 2703 78 22 Colony,
1583 2703 37 17 and
1629 2703 28 17 Br
1665 2703 83 23 Rougicr
1761 2705 21 16 of
1795 2704 36 17 the'
1842 2705 35 16 Pas-

1454 2728 42 15 teur
1505 2726 90 17 Institute
1602 2726 73 17 arrived
1683 2726 25 23 by
1724 2727 100 22 Monday's
1839 2728 50 17 train

1454 2756 24 10 on
1488 2756 11 10 a
1508 2750 53 17 short
1569 2750 44 16 visit
1622 2751 19 16 to
1650 2750 38 17 this
1696 2750 81 18 district.

1477 2781 46 18 Last
1531 2781 72 22 night's
1608 2782 85 17 Waikato
1700 2780 61 19 Times

1453 2804 117 18 understand
1578 2804 42 18 that
1630 2806 31 16 Mr
1669 2805 73 17 French
1752 2806 42 16 who
1811 2806 34 16 has
1859 2806 30 17 for

1453 2834 57 15 many
1519 2834 54 15 years
1582 2828 47 16 been
1638 2828 104 17 associated
1750 2829 45 16 with
1806 2829 32 17 the
1846 2829 42 17 firm

1448 2851 1 23 ,
1453 2851 20 16 of
1482 2851 69 17 Messrs
1559 2851 80 17 Nathan-
1646 2851 37 17 and
1692 2851 32 18 Co.
1734 2851 20 18 in
1762 2852 33 17 the
1802 2852 86 22 capacity

1453 2874 20 17 of
1481 2874 103 22 travelling
1597 2875 146 21 representative
1759 2875 39 17 will
1815 2875 71 23 shortly

1453 2903 73 11 assume
1534 2898 36 16 the-
1575 2898 148 22 proprietorship
1740 2898 20 17 of
1776 2898 32 17 the
1824 2898 64 18 Grand

1453 2921 65 21 Hotel,
1657 2921 64 17 As-far
1729 2928 20 10 as
1758 2928 28 10 we
1795 2928 33 10 can
1836 2922 52 16 learn

1452 2943 69 23 locally
1527 2944 37 17 this
1573 2950 77 11 rumour
1658 2944 33 17 has
1700 2950 24 12 no
1733 2943 119 19 foundation.

1475 2975 40 17 The
1524 2975 57 17 Giles'
1590 2976 121 17 Testimonial
1722 2976 62 20 Fund,
1792 2976 85 23 subscrip-

1452 2999 50 17 tions
1511 3000 20 15 to
1540 2998 61 17 which
1610 3004 31 12 are
1649 2999 73 17 limited
1731 3001 21 16 to
1760 3005 35 12 one
1801 2999 83 23 shilling,

1451 3027 43 11 now
1505 3023 87 16 amounts
1601 3023 20 16 to
1630 3022 26 17 £2
1675 3023 35 16 12s.
1744 3020 41 20 The
1799 3023 32 17 list
1848 3021 40 19 will

1452 3045 74 22 shortly
1535 3045 50 17 close
1593 3045 37 17 atid
1639 3046 52 16 those
1700 3046 84 17 desirous
1796 3046 20 17 of
1825 3046 49 17 show-

1451 3068 35 22 ing
1494 3068 49 17 their
1552 3069 127 21 appreciation
1688 3070 20 16 of
1716 3069 32 17 the
1757 3069 47 17 lad's
1822 3070 29 16 act
1867 3070 20 16 of

1452 3091 36 17 self
1496 3091 88 17 devotion
1594 3091 66 18 should
1669 3092 38 17 lose
1715 3098 25 11 no
1755 3093 46 16 time
1814 3093 20 16 in
1847 3093 30 17 for-

1451 3114 87 23 warding
1553 3114 50 17 their
1616 3115 140 22 subscriptions.
1790 3113 39 19 The
1843 3121 33 16 pre-

1451 3138 95 16 sentation
1552 3138 139 21 will'probably
1699 3139 46 17 take-
1756 3138 37 18 the'
1803 3139 48 17 form
1867 3139 21 17 of

1451 3167 11 10 a
1471 3167 46 11 case
1521 3161 20 17 of
1549 3160 140 19 mathematical
1690 3158 2 22 1
1696 3161 131 19 instruments.

1475 3192 40 17 Our
1524 3192 145 21 correspondent,
1678 3194 20 16 at
1706 3193 25 17 Te
1736 3193 72 17 Whaiti
1818 3193 68 17 writes:

1451 3215 60 17 There
1520 3221 30 11 are
1559 3212 45 25 only
1618 3216 59 16 about
1691 3217 19 15 12
1727 3216 110 23 Europeans
1852 3222 26 11 eir-

1451 3238 63 22 gaged
1523 3244 23 11 on
1556 3239 32 16 the
1597 3238 47 17 road'
1651 3239 61 17 works
1721 3239 43 17 here
1776 3242 21 15 at
1811 3241 75 21 present

1451 3261 35 18 but
1495 3262 59 17 about
1562 3262 23 17 50
1594 3262 69 17 Maoris
1673 3263 38 16 will
1718 3263 24 16 be
1750 3265 34 19 put
1796 3269 24 10 on
1836 3269 50 10 some

1451 3285 45 17 time
1506 3285 70 20 during
1585 3285 31 17 the
1625 3286 76 20 coming
1710 3286 56 16 week.
1793 3286 31 16 Mr
1838 3283 36 19 Tur-

1451 3312 33 12 ner
1493 3308 33 16 has
1534 3308 42 23 just;
1583 3308 86 18 returned
1681 3309 47 17 from
1743 3314 24 12 an
1785 3309 100 22 exploring

1451 3331 38 22 trip
1498 3337 62 11 across
1576 3331 32 17 the
1621 3331 84 18 Haiarau
1720 3332 70 21 Range-
1800 3335 20 14 to
1835 3332 51 17 Lake

1450 3354 161 17 Wai-aremoana.
1636 3355 30 16 He
1675 3356 72 21 reports
1755 3356 44 16 that
1807 3355 53 17 there
1871 3356 15 16 is

1451 3381 45 18 Very
1505 3377 61 22 rough
1576 3379 79 20 country
1666 3378 66 17 ahead.

1474 3409 40 16 The
1530 3408 86 22 Railway
1632 3409 125 22 Bepartment
1778 3410 73 16 notifies
1866 3410 20 16 in

1451 3432 80 16 another
1552 3431 75 17 column
1644 3432 42 18 that
1703 3432 98 18 excursion
1818 3432 68 18 tickets

1451 3455 39 16 will
1498 3455 23 16 be
1529 3455 63 16 issued
1601 3454 68 24 during
1678 3455 32 17 the
1718 3455 68 17 Easter
1800 3456 89 22 holidays?

1451 3478 84 17 between
1556 3478 25 16 all
1599 3479 78 16 stations
1693 3481 17 14 at
1730 3479 81 17 reduced
1827 3480 55 18 rates,

1451 3501 49 17 from
1509 3501 53 22 April
1573 3502 28 16 Ist
1609 3502 19 16 to
1638 3501 53 22 April
1700 3501 31 18 6th
1750 3502 92 17 available
1856 3502 30 17 for

1451 3526 64 14 return
1525 3530 25 15 up
1561 3526 19 14 to
1595 3525 52 21 April
1665 3525 47 17 21st.
1742 3523 58 20 These
1818 3525 67 17 tickets

1451 3552 44 16 may
1503 3547 23 16 be
1535 3547 93 17 extended
1640 3548 29 16 for
1678 3554 10 10 a
1697 3547 96 25 fortnight
1808 3554 22 11 on
1845 3554 28 11 cer-

1451 3570 40 16 tain
1508 3570 110 17 conditions.
1656 3570 30 17 Oh
1710 3571 53 17 Good
1786 3570 70 23 Friday
1874 3577 11 10 a

1451 3593 67 22 special
1536 3593 49 17 train
1600 3594 38 16 will
1655 3594 51 16 leave
1723 3594 98 18 Auckland
1840 3596 20 15 at
1875 3594 9 17 7

1450 3622 44 10 a.m.
1508 3616 76 22 joining
1596 3616 19 16 in
1632 3618 23 15 at
1668 3617 126 17 Morrinsville
1811 3617 46 17 With
1874 3623 11 11 a

1451 3639 49 17 train
1509 3639 48 17 from
1567 3639 71 18 Paeroa
1646 3639 37 18 and
1692 3640 25 17 Te
1726 3640 64 17 Aroha
1803 3640 38 17 and
1853 3646 21 11 ar-

1451 3662 63 22 riving
1521 3662 19 16 in
1550 3662 84 17 Rotorua
1643 3663 59 17 about
1708 3664 11 15 4
1728 3667 46 18 p.m.

1474 3693 17 17 A
1511 3693 71 17 lecture
1599 3693 41 18 will
1653 3693 22 18 be
1692 3694 94 17 delivered
1805 3694 26 22 by
1852 3694 32 17 the

1451 3716 91 17 Countess
1559 3714 143 19 Wachtmcister
1715 3718 20 15 in
1749 3718 33 16 the
1798 3717 86 17 Pukeroa

1450 3738 46 18 Hall
1512 3745 23 11 on
1551 3739 77 22 Sunday
1644 3738 85 24 evening,
1748 3742 46 16 next
1810 3742 20 15 at
1843 3741 20 16 N.
1863 3741 21 16 30

1450 3762 81 20 (•/'clock,-
1548 3762 33 17 the
1597 3763 74 22 subject
1690 3763 58 22 being
1788 3763 47 17 Man
1851 3763 33 18 the

1450 3785 72 17 Master
1531 3785 19 17 of
1559 3785 35 17 His
1603 3791 43 12 own
1788 3786 40 17 The
1846 3786 28 17 lec-

1449 3809 53 16 turer
1510 3808 16 17 is
1538 3814 11 11 a
1566 3808 82 17 member
1664 3809 20 17 of
1700 3809 33 17 the
1748 3809 136 22 Theosophical

1450 3831 80 22 Society,
1544 3831 34 17 has
1598 3831 47 17 been
1665 3832 103 17 connected
1788 3832 46 17 with
1851 3832 33 17 the

1449 3855 108 16 movement
1569 3854 50 17 since
1630 3855 24 16 its
1666 3855 101 22 inception,
1782 3855 38 17 and
1834 3855 49 17 lived

1450 3878 46 16 with
1503 3877 87 17 Madame
1607 3877 108 23 Bl'avatsky,
1730 3879 32 16 the
1771 3878 112 17 wollki.own

1449 3902 96 20 exponent
1551 3900 20 17 of
1576 3900 25 17 its
1609 3901 103 22 teachings,
1720 3902 30 16 for
1755 3907 57 16 many
1821 3907 60 16 years.

1449 3923 23 16 In
1482 3923 32 17 the
1523 3929 64 11 course
1595 3924 288 17 ofthclecturenowannounced

1448 3951 26 12 an
1481 3946 73 18 outline
1560 3946 21 17 of
1588 3946 111 24 Theosophy
1714 3947 48 17 from
1774 3948 25 17 its
1813 3947 58 17 found-

1449 3969 52 17 ation
1509 3970 20 16 in
1536 3970 44 16 1.575
1590 3970 38 16 will
1635 3970 23 17 be
1667 3970 62 22 given.

1575 4006 26 17 IT
1609 4006 25 18 IS
1642 4006 96 18 KNOWN

1658 4038 12 12 ♦

1449 4059 51 18 That
1506 4059 55 18 those
1577 4059 42 18 who
1634 4060 48 17 have
1697 4060 49 17 been
1761 4060 119 18 accustomed

1449 4084 20 15 to
1490 4082 33 17 the
1544 4081 103 19 beneficent
1674 4084 62 17 effects
1761 4086 20 14 of
1803 4082 77 19 Wolfo's

1449 4105 98 22 Schni'jip.s
1564 4105 63 17 would
1636 4108 33 15 not
1678 4106 97 23 exchange
1784 4107 14 17 it
1808 4108 29 16 for
1844 4113 37 16 any

1448 4128 55 15 other
1511 4129 56 14 tonic.

1940 115 40 17 One
1997 116 20 16 of
2033 115 32 17 the
2086 117 50 15 most
2150 115 99 22 favorably
2268 116 81 18 situated

1916 139 45 16 .sites
1968 139 20 16 in
1997 138 85 17 Rotorua
2090 139 16 16 is
2119 137 131 23 undoubtedly
2266 139 42 17 that
2324 146 25 10 on

1917 162 61 16 which
2054 161 109 21 Parsonage
2193 162 63 16 stands
2265 162 38 16 and
2316 163 33 16 the

1916 185 94 22 traveling
2018 184 65 21 public
2092 184 38 16 will
2139 183 51 18 learn
2208 184 45 17 with
2263 185 76 17 satisfac-

1916 207 40 17 tion
1965 208 43 16 that
2019 207 110 19 henceforth
2141 207 15 16 it
2165 208 15 15 is
2186 208 20 15 to
2215 206 22 18 be
2246 208 103 17 conducted

1916 235 20 12 as
1952 236 12 9 a
1976 229 73 23 private
2066 229 95 22 boarding
2173 229 58 16 house
2245 229 58 18 under
2317 231 32 17 the

1916 253 86 21 personal
2011 252 115 22 supervision
2136 254 20 15 of
2173 252 39 17 Mrs
2219 253 23 16 D.
2258 253 90 18 Griffiths.

1938 276 68 17 Arawa
2013 276 71 20 House,
2115 282 20 11 as
2143 276 16 16 it
2169 276 37 16 will
2214 276 18 16 in
2248 276 61 17 future
2326 277 23 16 be

1916 298 74 18 known,
2011 298 110 18 commands
2137 304 11 11 a
2164 299 121 21 magnificent
2302 300 47 16 view

1916 322 20 16 of
1944 322 32 17 the
1982 322 51 16 Lake
2042 322 38 17 and
2089 321 128 22 surrounding
2222 322 85 22 country,
2311 322 39 18 and

1915 350 21 12 as
1944 346 33 16 the
1985 345 87 21 previous
2081 346 94 21 occupant
2188 344 44 21 paid
2246 344 31 16 the
2286 347 53 19 great-

1915 368 29 16 est
1960 368 93 16 attention
2070 369 19 16 to
2107 369 33 15 the
2157 367 84 21 sanitary
2256 371 77 19 arrange-

1916 391 61 17 ments
1983 391 16 16 it
2006 391 16 16 is
2031 390 100 23 especially
2140 390 82 22 adapted
2231 392 20 15 to
2259 390 53 17 those
2328 391 21 17 in

1916 413 64 18 search
1986 413 22 18 of
2015 414 87 17 renewed
2115 414 71 17 health.
2211 413 40 17 The
2263 413 58 17 house
2333 414 16 17 is

1917 436 40 16 well
1968 436 104 22 appointed
2076 437 20 17 in
2107 443 56 16 every
2172 435 102 24 particular
2284 436 37 17 and
2335 438 15 16 is

1916 459 116 17 surrounded
2043 460 26 22 by
2086 460 42 17 well
2144 459 39 18 laid
2195 461 33 15 out
2244 459 106 23 grounds—

1917 482 109 21 shrubbery,
2037 482 47 18 froit
2091 482 72 24 garden
2176 483 35 16 etc.
2232 482 21 16 It
2260 482 16 16 is
2284 482 66 17 within

1916 510 43 16 easy
1968 506 55 16 reach
2033 506 20 16 of
2063 506 32 16 the
2110 505 119 18 Sanatorium
2241 504 38 17 and
2293 504 55 18 baths

1915 527 38 17 and
1962 533 55 17 every
2027 529 72 21 facility
2107 529 38 16 will
2162 529 25 16 be
2198 527 69 19 offered
2277 528 30 16 for
2318 529 32 16 the.

1915 556 117 18 conveyance
2040 551 22 18 of
2064 551 82 18 inmates
2153 552 22 17 to
2189 551 37 17 and
2245 551 34 16 fro.

1940 579 86 18 Pukeroa
2034 579 47 18 Hall
2091 586 38 11 was
2138 580 32 17 the
2178 586 54 11 scene
2241 579 36 17 last
2291 579 56 20 night

1916 602 20 17 of
1945 609 11 9 a
1961 608 44 16 very
2015 602 113 24 interesting
2137 603 85 17 function
2229 603 54 16 when
2292 609 10 9 a
2310 602 39 17 ball

1917 631 37 11 was
1959 626 56 21 given
2022 625 26 22 by
2056 626 32 18 the
2097 631 102 13 numerous
2208 625 71 17 friends
2284 625 20 17 of
2310 625 40 17 Mrs

1916 648 23 16 R.
1949 648 82 17 Graham
2041 654 24 11 on
2074 650 33 16 the
2123 649 85 17 occasion
2214 649 20 16 of
2248 649 33 16 her
2294 647 47 19 relin-

1915 670 89 26 quishing
2013 671 33 17 the
2055 673 134 23 management
2197 672 19 17 of
2223 671 51 17 Lake
2280 671 70 18 House.

1915 694 39 17 The
1970 694 39 17 hall
2018 700 38 11 was
2073 696 99 21 tastefully
2189 694 99 17 decorated
2301 694 46 17 with

1915 717 52 17 ferns
1983 718 38 16 and
2034 718 54 21 flaps,
2099 719 107 22 prominent
2227 723 70 17 among
2318 717 32 17 the

1914 740 57 17 latter
1979 740 57 22 being
2042 741 34 18 tie
2083 741 64 23 ensign
2153 748 37 15 pit-•■
2197 746 9 12 e
2215 743 12 15 it
2240 737 42 25 <2by
2289 741 31 16 Mr
2328 741 24 16 K.-

1916 763 82 17 Graham
2005 765 20 16 to
2034 764 33 17 the
2074 764 150 24 Ngatiwhakaue
2230 764 53 19 tribe,
2291 764 59 17 which

1915 786 33 17 the
1956 787 73 17 natives
2034 787 40 17 lent
2083 790 20 14 to
2112 788 24 16 do
2145 788 60 16 honor
2218 789 20 15 to
2247 787 32 17 the
2296 792 44 12 occa-

1916 809 47 17 sion.
1990 809 49 17 Over
2048 812 33 15 200
2090 817 78 16 persons
2177 816 45 11 wets
2231 811 74 21 present
2314 810 37 16 and

1916 833 33 16 the
1959 833 97 17 festivities
2065 839 49 13 were
2123 834 45 22 kept
2177 839 26 16 up
2220 833 29 17 till
2262 839 24 11 an
2300 833 51 22 early

1916 856 49 16 hour
1979 856 37 16 this
2036 857 95 23 morning.
2157 858 70 15 Messrs
2249 856 46 17 Reid
2314 856 37 17 and

1917 878 63 23 Brady
1988 879 89 23 supplied
2083 880 32 18 the
2131 880 59 16 music
2204 880 37 16 and
2250 885 24 11 an
2289 879 51 17 excel-

1916 902 40 16 lent
1964 908 69 16 supper
2044 909 37 10 was
2090 902 97 23 provided.
2214 903 22 16 In
2246 903 32 16 the
2287 908 64 11 couiso

1915 925 21 17 of
1945 925 31 17 the
1985 925 82 21 evening
2076 926 33 17 the
2115 925 93 19 members
2220 926 20 16 of
2251 925 32 17 the
2294 925 42 18 Com-

1915 948 65 17 mittee
1994 948 75 17 handed
2077 951 19 15 to
2109 950 39 16 Mrs
2164 949 82 16 Graham
2260 955 11 10 a
2288 954 61 16 purse,

1915 972 33 16 the
1956 973 86 15 contents
2049 973 20 16 of
2082 972 59 18 which
2152 978 48 10 were
2213 972 105 16 subscribed
2325 972 25 21 by

1915 1001 12 10 a
1934 995 35 16 few
1977 994 76 22 friends,
2060 995 30 17 for
2094 995 33 17 the
2134 1002 80 16 purpose
2225 996 19 16 of
2250 995 100 22 procuring

1915 1024 12 10 a
1936 1017 79 18 suitable
2025 1020 93 16 memento
2124 1019 20 18 of
2152 1019 32 16 the
2196 1019 90 16 occasion.
2312 1018 38 17 The

1916 1041 63 17 choice
1986 1041 20 17 of
2015 1042 45 16 such
2078 1044 94 15 memento
2187 1047 38 12 was
2239 1042 61 16 left-to
2314 1041 33 17 the

1917 1064 95 21 recipient.

1940 1091 106 23 According
2062 1093 20 15 to
2096 1098 24 11 an
2135 1092 178 17 Ordcr-in-Cou-neil
2331 1092 19 16 of

1916 1115 66 16 March
1994 1115 42 16 12th
2045 1115 15 17 it
2069 1115 34 17 has
2112 1115 45 17 been
2168 1113 76 19 deemed
2250 1114 100 24 expedient

1916 1137 25 23 by
1962 1138 32 17 the
2015 1138 128 18 Government
2168 1138 42 18 that
2234 1138 116 22 regulations

1917 1161 67 17 should
1993 1160 23 19 be
2026 1161 53 18 made
2089 1162 29 17 for
2128 1162 107 21 conferring
2248 1168 10 10 a
2272 1161 68 17 distinc-

1916 1185 41 16 tion
1977 1190 51 16 upon
2056 1190 79 17 persons
2159 1185 43 16 who
2227 1190 43 16 may
2295 1185 55 16 merit

1916 1207 15 17 it
1963 1207 25 23 by
2022 1208 72 21 saving,
2129 1212 21 13 <vr
2185 1207 115 23 attempting
2330 1209 20 16 to

1916 1237 48 12 save,
1975 1230 70 18 human
2053 1231 38 19 life,
2102 1237 21 10 or
2131 1232 25 20 by
2166 1237 49 10 sonic
2225 1232 53 15 other
2289 1232 30 15 act
2330 1231 20 16 of

1916 1253 85 23 bravery.
2027 1254 38 17 The
2075 1254 112 18 dostinction
2197 1254 15 16 is
2221 1256 19 14 to
2250 1254 69 16 consist
2330 1254 20 16 of

1915 1282 11 12 a
1934 1277 61 17 medal
2004 1277 45 17 with
2059 1278 32 16 the
2100 1284 55 10 name
2164 1277 19 18 of
2192 1277 31 17 the
2232 1277 71 21 Colony
2312 1277 37 17 and

1916 1301 41 16 that
1967 1301 19 16 of
1995 1301 33 17 the
2034 1301 87 21 recipient
2133 1300 94 22 engraved
2236 1306 50 16 upon
2292 1301 15 15 it
2312 1300 37 17 and

1915 1324 16 15 is
1940 1324 32 17 not
1981 1325 20 15 to
2016 1323 23 18 be
2053 1324 78 17 claimed
2146 1324 25 22 by
2189 1323 33 18 the
2222 1323 1 23 l
2237 1323 112 16 individuals

1915 1346 104 18 concerned
2021 1346 35 18 but
2061 1346 27 23 by
2091 1346 179 23 someindepchdent
2276 1346 73 17 witness

1915 1370 21 16 of
1943 1370 49 16 their
2000 1369 86 23 bravery.
2112 1371 41 16 The
2160 1371 77 16 Gazette
2246 1370 60 16 notice
2319 1369 20 17 in-

1917 1393 88 21 stituting
2015 1393 31 16 the
2056 1393 109 18 distinction
2179 1399 37 10 was
2229 1393 43 16 read
2286 1393 21 16 at
2317 1393 32 16 the

1915 1416 37 17 last
1961 1416 83 21 meeting
2053 1417 20 16 of
2081 1417 32 16 the
2127 1417 57 16 Town
2202 1414 63 18 board
2280 1416 37 16 and
2334 1416 16 16 it

1915 1445 38 11 was
1962 1439 76 17 decided
2048 1441 20 15 to
2077 1440 70 17 submit
2156 1440 33 16 the
2197 1439 55 18 claim
2258 1439 21 17 of
2283 1439 66 22 Henry

1915 1463 51 16 Giles
1975 1463 41 16 who
2025 1463 107 22 performed
2141 1468 25 11 an
2172 1463 30 17 act
2211 1462 21 18 o4
2239 1462 79 17 heroism
2330 1461 19 18 in

1915 1486 67 21 saving
1988 1486 32 17 the
2029 1486 32 17 life
2070 1487 20 16 of
2098 1493 11 10 a
2118 1486 50 17 child
2177 1487 19 15 at
2206 1485 31 18 the
2247 1487 60 14 recent
2317 1486 34 15 iiie

1916 1511 17 15 at
1945 1509 108 18 Maunder's
2067 1508 169 25 boasding-houso.
2267 1509 38 16 The
2319 1508 20 18 in-

1915 1532 74 18 tention
1994 1533 21 17 of
2023 1533 32 17 the
2065 1532 129 19 Government
2198 1533 20 17 to
2227 1533 64 15 confer
2304 1531 45 17 such

1915 1555 119 18 distinctions
2043 1562 38 11 was
2095 1557 34 17 not
2142 1556 70 17 known
2226 1557 20 15 at
2260 1555 32 16 the
2306 1560 32 16 pre
2345 1555 3 21 -

1915 1579 53 16 vious
1982 1579 85 21 meeting
2079 1579 21 17 of
2116 1579 32 17 the
2165 1578 68 20 Board,
2251 1578 98 17 otherwise

1916 1602 32 16 the
1957 1602 54 17 claim
2022 1602 54 17 made
2084 1609 25 11 on
2117 1602 29 17 his
2155 1602 65 17 behalf
2227 1603 19 15 to
2251 1601 33 17 the
2290 1601 59 22 Royal

1916 1625 88 17 Humane
2020 1625 74 23 Society
2111 1626 20 16 of
2142 1625 84 17 Victoria
2241 1624 61 17 would
2316 1627 33 14 not

1915 1648 47 17 have
1971 1649 47 16 been
2029 1648 114 18 forwarded..

1938 1677 38 19 The
1985 1677 54 23 plans
2049 1678 20 16 of
2077 1678 32 17 the
2118 1677 61 18 wharf
2189 1677 59 16 which
2258 1677 14 16 it
2281 1677 15 16 is
2305 1682 33 18 pro-

1915 1701 58 23 posed
1982 1703 20 15 to
2011 1702 97 16 construct
2117 1706 24 11 on
2150 1701 33 16 the
2261 1700 54 17 shore
2330 1702 20 15 at

1916 1726 32 15 the
1957 1725 40 16 foot
2006 1725 20 16 of
2039 1724 104 18 Tutanekai
2159 1724 67 19 Street,
2242 1720 48 21 have
2302 1723 47 17 been

1915 1747 92 24 prepared
2022 1748 20 16 at
2055 1747 33 19 the
2105 1747 53 17 Road
2175 1747 109 21 Surveyor's
2297 1747 52 17 office

1915 1772 43 17 here
1967 1771 37 17 and
2013 1771 15 17 it
2036 1771 16 17 is
2065 1770 115 22 anticipated
2195 1769 42 18 that
2251 1770 32 17 the
2298 1770 51 17 -work

1915 1795 38 17 will
1964 1792 20 21 bo
1994 1800 45 11 soon
2051 1793 125 18 commenced.
2203 1793 68 21 Owing
2284 1794 19 16 to
2317 1793 32 17 the

1915 1819 39 16 fact
1962 1818 40 17 thai
2014 1824 11 10 a
2034 1818 54 16 small
2097 1818 79 16 amount
2190 1816 20 16 of
2223 1822 67 16 money
2305 1816 44 23 only

1915 1842 16 16 is
1940 1841 91 17 available
2045 1840 36 17 and
2099 1847 11 9 a
2124 1839 127 19 considerable
2267 1839 82 17 distance

1915 1865 34 16 has
1957 1867 19 14 to
1983 1865 26 16 be
2016 1863 94 19 traversed
2119 1863 66 17 before
2201 1861 10 19 d
2225 1866 23 18 op
2262 1864 58 15 Water
2334 1863 15 17 is

1915 1887 79 18 reached
2008 1887 32 18 the
2057 1887 88 21 designer
2159 1886 38 17 had
2210 1887 20 15 to
2246 1886 56 22 study
2317 1887 32 16 the

1916 1912 47 15 must
1973 1910 113 19 economical
2096 1907 78 20 method
2189 1909 19 17 of
2222 1910 127 16 construction

1915 1934 81 18 ■possible
2009 1935 20 16 in
2044 1940 10 10 a
2072 1933 52 17 work
2141 1933 20 17 of
2175 1932 38 17 this
2229 1931 121 24 description..

1915 1958 59 16 There
1987 1958 15 16 is
2016 1963 25 11 no
2055 1957 66 19 doubt,
2137 1955 92 21 however,
2246 1955 42 17 that
2303 1962 46 11 once

1915 1981 32 17 the
1956 1981 60 17 wharf
2025 1981 14 16 is
2049 1980 72 18 erected
2131 1980 15 16 it
2154 1979 41 16 will
2202 1979 23 16 be
2234 1984 19 11 so
2270 1981 54 19 groat
2338 1985 12 11 a

1914 2004 49 17 boon
1973 2006 19 15 to
2001 2004 80 17 tourists
2088 2003 39 17 and
2135 2002 104 22 the'public
2253 2002 96 25 generally

1914 2027 43 17 that
1973 2027 15 17 it
2004 2028 16 16 is
2036 2027 65 17 bound
2118 2028 20 15 to
2154 2026 23 16 be
2199 2025 95 17 extended'
2312 2026 37 16 and

1914 2050 84 17 widened
2007 2052 20 16 at
2036 2056 24 11 no
2073 2050 72 17 distant
2158 2049 49 17 date.
2241 2046 38 19 The
2295 2049 54 21 plans

1914 2079 42 12 now
1964 2074 91 22 prepared
2065 2074 43 21 give
2116 2073 66 22 plenty
2192 2072 19 16 of
2220 2077 54 16 scope
2287 2072 29 16 for
2329 2078 20 11 ho

1914 2096 64 23 doing.
2003 2098 39 16 The
2051 2096 66 24 length
2128 2096 19 17 of
2156 2096 32 16 the
2201 2094 61 18 wharf
2275 2094 38 18 will
2326 2095 23 17 be

1914 2120 34 17 646
1957 2120 38 18 feet
2003 2121 38 16 and
2050 2119 38 18 this
2096 2120 53 21 gives
2158 2120 10 15 2
2177 2119 38 16 feet
2229 2119 15 15 9-
2253 2118 63 17 inches
2330 2119 19 16 of

1914 2145 59 15 water
1989 2145 20 15 at
2026 2143 32 18 the
2075 2143 75 22 present
2173 2141 118 23 abnormally
2312 2141 36 18 low

1914 2166 47 17 level
1970 2167 20 16 of
1998 2167 33 16 the
2044 2164 49 20 Jake'.
2123 2165 39 18 For
2176 2166 33 15 514
2223 2164 39 17 feet
2276 2165 19 16 of
2311 2165 38 17 this

1915 2190 83 17 distance
2011 2190 54 17 there
2081 2189 39 17 will
2136 2188 24 18 be
2176 2194 25 10 an
2217 2188 67 16 cinhan
2297 2191 51 14 ment

1914 2213 71 21 having
1993 2219 13 10 a
2013 2219 42 11 core
2072 2213 20 17 of
2105 2213 35 21 dry
2154 2211 73 18 rubble,
2235 2211 75 22 pitched
2324 2218 24 10 on

1914 2235 31 18 the
1955 2236 73 17 outside
2037 2237 46 16 with
2093 2235 52 24 large
2156 2237 62 15 stones
2227 2241 50 10 more
2284 2241 21 10 or
2314 2235 35 17 less

1914 2259 50 17 hand
1975 2260 94 21 wrought.
2095 2259 38 17 For
2147 2258 33 17 the
2193 2258 105 22 remaining
2317 2258 31 17 132

1914 2282 37 17 feet
1960 2282 47 23 piles
2022 2283 38 17 will
2075 2282 23 18 be
2112 2282 54 19 sunk,
2179 2281 32 17 the
2225 2281 66 17 rubble
2307 2288 42 12 core

1914 2303 57 25 being
1980 2305 101 19 continued
2090 2307 34 15 but
2135 2305 45 22 kept
2189 2305 17 16 in
2214 2305 23 16 its
2244 2305 52 21 place
2302 2305 45 17 with

1913 2328 46 17 hard
1980 2329 54 17 wood
2055 2329 102 21 sheathing
2176 2328 38 16 and
2235 2328 82 22 forming
2338 2335 11 10 a

1914 2352 91 21 berthage
2006 2351 2 22 l
2017 2353 45 16 with
2079 2352 65 18 fender
2158 2352 30 16 for
2201 2351 94 20 launches,
2311 2352 37 17 and

1914 2375 144 22 landing-stage
2068 2376 28 17 for
2105 2376 64 17 boats.-
2192 2375 39 16 The
2236 2375 64 17 rubble
2307 2381 41 11 core

1914 2399 37 16 will
1962 2396 23 20 be
1990 2399 77 23 pitched
2077 2405 23 13 on
2110 2400 34 21 top
2149 2397 46 18 with
2203 2397 49 18 hand
2261 2399 87 19 wrought

1913 2423 62 16 stones
1984 2422 37 17 and
2030 2423 33 16 the
2072 2423 59 16 width
2141 2421 37 17 will
2189 2421 22 16 be
2221 2423 9 15 (i
2241 2422 42 16 feet.
2309 2422 39 17 The

1913 2445 61 17 wharf
1994 2446 40 16 will
2049 2452 35 11 run
2102 2448 34 15 out
2157 2445 107 20 something
2280 2445 19 17 in
2316 2445 32 17 the

1913 2465 56 24 shape
1978 2468 20 17 of
2007 2475 11 11 a
2027 2470 83 17 crescent
2119 2469 37 17 and
2173 2467 38 18 will
2228 2468 44 17 thus
2289 2468 58 17 afford

1913 2490 69 19 shelter
1990 2491 75 22 against
2075 2493 32 16 the
2115 2491 106 22 prevailing
2234 2491 65 18 winds.

1948 2539 103 17 ROTOITI
2066 2540 122 17 SAWMILL
2198 2540 106 16 BURNED.

1936 2584 31 19 Mr
1976 2586 81 16 William
2073 2587 27 16 M.
2121 2586 69 16 Morris
2206 2586 87 22 reported
2309 2585 38 19 this

1912 2609 88 21 morning
2007 2609 41 17 that
2056 2609 31 17 Mr
2096 2610 28 17 W.
2132 2609 72 22 Kelly's
2211 2609 80 17 sawmill
2299 2609 49 17 situ-»

1912 2632 42 17 ated
1964 2639 23 10 on
1994 2630 52 19 Lake
2051 2633 72 17 Rotoiti
2131 2638 38 11 was
2175 2632 68 22 totally
2248 2632 99 23 destroyed

1912 2656 24 21 by
1945 2655 33 19 ffre
1988 2656 20 18 at
2018 2656 19 16 11
2048 2656 69 18 o'clock
2127 2656 37 17 Inst
2171 2653 63 25 night.
2259 2653 39 19 Hie
2307 2654 41 20 mill

1912 2679 37 17 had
1958 2679 46 17 been
2015 2679 86 21 working
2109 2679 26 17 all
2144 2679 37 22 day
2190 2679 100 23 yesterday
2293 2684 27 18 up
2326 2681 21 17 to

1912 2703 10 16 6
1931 2709 45 15 p.m.
2001 2703 27 16 At
2036 2703 45 17 B.3@>
2088 2703 74 19 Morris,
2176 2703 43 16 who
2226 2702 15 17 is
2250 2707 95 17 nmnager,

1912 2727 50 15 went
1971 2727 19 15 to
1999 2726 36 16 bed
2046 2726 37 17 and
2093 2733 38 10 was
2145 2726 68 17 roused
2229 2726 25 22 by
2268 2726 79 21 hearing

1911 2755 24 10 an
1944 2754 69 17 escape'
2020 2749 20 17 of
2049 2751 65 16 steam.
2140 2749 29 17 On
2185 2749 76 22 looking
2276 2750 33 16 out
2323 2750 24 16 he

1911 2778 39 11 saw
1973 2772 33 17 the
2030 2773 61 17 whole
2116 2770 88 24 buil'ding
2230 2772 20 17 in
2275 2772 70 18 flames.

1911 2795 38 17 The
1965 2796 33 16 fire
2015 2796 38 17 had
2070 2796 59 17 raised
2196 2797 59 15 steam
2277 2796 20 16 in
2314 2796 32 17 the

1911 2818 59 17 boiler
1978 2819 38 17 and
2024 2819 74 23 forcing
2106 2820 33 17 out
2148 2825 12 11 a-
2168 2819 47 17 rivet
2230 2818 67 18 caused
2314 2819 31 17 the

1911 2842 57 16 noise.
1995 2841 37 17 The
2056 2843 55 21 plant
2135 2843 37 16 and
2196 2842 87 21 building
2298 2848 48 11 were

1911 2865 60 18 worth
1980 2865 59 17 about
2053 2866 50 17 .£BOO
2112 2865 37 18 and
2156 2870 21 13 as
2187 2865 28 17 far
2223 2872 21 10 as
2253 2865 15 18 is
2276 2863 69 20 known

1911 2893 32 11 are
1958 2888 109 16 uninsured.

2056 2930 88 17 BOARD
2160 2928 119 19 MEETING.

1933 2974 39 20 'flic
1988 2977 55 16 usual
2064 2977 87 22 monthly
2168 2977 84 21 nieetinp;
2273 2977 20 17 of
2314 2977 31 17 flic

1911 3000 55 17 Town
1977 3000 62 17 Board
2049 3000 45 17 took
2103 3000 53 22 place
2165 3001 19 16 in
2193 3000 32 17 the
2234 3001 111 17 Courtroom

1911 3029 23 11 on
1949 3022 69 23 Friday
2034 3024 106 16 afternoon.
2173 3024 79 16 Present
2253 3024 92 17 —Messrs

1911 3046 20 18 C.
1941 3046 84 23 Malfroy
2034 3046 73 23 (chair),
2118 3047 19 17 S.
2152 3047 20 17 T.
2187 3047 65 20 Brent,
2269 3047 38 17 and
2321 3047 23 17 R.

1909 3069 25 18 D.
1944 3069 81 23 Dansey.

2035 3093 192 17 CoRIVESrOXPF.XCfi.

1934 3116 57 17 From
1997 3116 31 16 Mr
2037 3116 21 17 F.
2068 3116 52 21 Earl,
2135 3116 87 20 solicitor,
2239 3113 104 25 Auckland,

1909 3139 20 17 in
1940 3138 68 24 regard
2022 3141 19 15 to
2058 3139 32 17 Mr
2104 3140 85 21 Taylor's
2202 3143 107 18 occupancy
2325 3141 20 17 of

1909 3163 33 16 the
1951 3162 57 17 house
2022 3168 25 11 on
2062 3163 92 20 Pukeroa,
2173 3162 73 23 stating
2262 3163 43 16 that
2321 3163 23 18 he

1910 3191 38 11 whs
1956 3186 19 16 in
1984 3186 160 17 communication
2153 3186 46 16 with
2212 3186 33 16 the
2258 3186 87 17 Minister

1911 3209 20 16 of
1939 3208 63 18 Lands
2012 3208 58 18 about
2085 3210 20 19 it,
2122 3209 38 17 and
2175 3208 63 23 hoped
2253 3209 43 17 that
2312 3210 33 17 the'

1910 3232 61 16 Board
1981 3232 62 16 would
2052 3234 33 15 not
2095 3233 43 16 take
2151 3234 51 20 steps
2210 3233 20 15 to
2244 3231 101 23 dispossess

1910 3254 31 18 Mr
1949 3255 35 22 Taj
1989 3254 29 19 lor
2025 3252 32 21 till
2063 3255 25 18 he
2104 3255 37 18 had
2154 3255 47 18 been
2218 3255 58 17 hoard
2290 3256 53 17 from.

1909 3278 24 16 In
1942 3278 31 17 the
1983 3278 101 18 meantime
2093 3279 23 16 he
2125 3278 62 24 might
2196 3280 49 15 state
2259 3279 42 16 that
2316 3280 28 16 his

1910 3301 56 17 client
1979 3301 55 17 could
2051 3308 58 15 prove
2123 3303 22 15 20
2159 3302 59 22 years'
2235 3302 109 17 continuous

1909 3324 103 22 possession
2022 3325 37 16 and
2068 3325 39 17 also
2116 3325 32 17 the
2157 3325 93 17 existence
2256 3325 20 17 of
2281 3331 11 11 a
2298 3325 46 17 deed

1909 3348 21 16 of
1945 3353 117 16 conveyance
2078 3349 50 16 from
2141 3348 33 17 the
2187 3348 64 17 native
2265 3354 78 12 owners.

1910 3370 44 18 Also
1972 3370 69 23 asking
2056 3371 16 17 if
2088 3371 33 17 the
2137 3370 63 18 Board
2217 3372 62 16 Would
2296 3374 48 15 state

1909 3394 52 16 what
1984 3395 96 21 statutory
2105 3400 64 16 power
2195 3394 46 22 they
2265 3400 79 17 propose

1909 3417 20 16 to
1944 3417 81 17 exercise
2041 3419 20 15 to
2078 3416 53 19 effect
2149 3417 49 18 their
2214 3417 93 18 intention
2323 3420 21 15 to

1909 3442 40 14 oust
1959 3440 32 17 Mr
1999 3440 69 22 Taylor
2077 3442 48 15 from
2134 3440 111 24 possession.
2270 3441 20 17 It
2305 3445 40 14 was

1909 3460 77 21 decided
1995 3464 20 16 to
2025 3464 49 16 refer
2081 3464 33 16 the
2127 3464 65 16 letters
2206 3465 19 15 to
2239 3464 32 16 the
2287 3463 44 19 Com-

1909 3486 96 17 missioner
2014 3486 20 17 of
2043 3486 66 17 Crown
2119 3487 73 17 Lands.'

1932 3509 56 17 From
1998 3509 20 17 F.
2029 3509 22 17 B.
2062 3509 53 18 Scott
2120 3509 98 23 resigning
2227 3509 28 18 his
2262 3511 80 21 position

1908 3538 21 11 as
1948 3532 100 17 attendant
2064 3534 21 15 at
2104 3533 33 17 the
2154 3533 116 17 Postmaster
2286 3534 56 17 Bath.

1908 3555 39 17 The
1963 3556 94 21 secretary
2073 3556 62 17 stated
2152 3556 23 17 he
2192 3556 37 16 had
2239 3557 91 16 communi-

1909 3578 53 17 cated
1971 3579 46 16 with
2026 3579 28 16 Dr
2063 3578 79 18 Grinders
2151 3585 24 11 on
2185 3579 32 17 the
2225 3581 69 15 matter
2300 3580 42 16 who

1907 3601 38 17 had
1954 3602 75 16 advised
2044 3602 43 17 that
2103 3602 33 17 the

1908 3625 20 16 of
1936 3624 98 23 Hospitals
2043 3625 22 17 bo
2078 3625 149 17 communicated
2241 3626 52 16 with.
2323 3626 20 17 It

1908 3654 38 10 was
1954 3647 77 17 decided
2040 3648 43 17 that
2091 3648 29 16 Dr
2128 3649 114 21 Maegrcgor
2253 3649 23 16 be
2291 3655 38 11 com-

1908 3671 106 17 municated
2024 3671 45 16 with
2078 3671 26 22 by
2112 3671 101 23 telegram^

1931 3694 56 17 From
2001 3694 33 17 the
2050 3694 126 22 Department
2192 3695 20 16 of
2225 3693 63 18 Lands
2304 3695 37 17 and

1907 3716 71 23 Survey
1982 3717 117 22 forwarding
2105 3717 57 19 levels
2167 3718 20 16 of
2192 3718 70 17 certain
2268 3719 72 16 sfrreets.

1908 3740 19 16 It
1935 3746 38 11 was
1982 3740 62 16 stated
2052 3741 43 16 that
2104 3741 52 17 these
2165 3746 48 11 were
2222 3741 20 16 of
2250 3741 48 17 little
2308 3747 32 11 use

1907 3769 21 10 as
1936 3763 45 22 they
1990 3763 32 17 did
2027 3765 34 15 not
2068 3763 52 17 show
2126 3763 32 18 the
2165 3763 83 18 distance
2257 3763 84 18 between

1907 3786 33 17 the
1949 3786 75 17 various
2032 3792 66 11 comer
2105 3792 54 17 pegs.
2185 3787 19 16 It
2217 3793 38 10 was
2264 3787 76 16 decided

1907 3810 20 16 to
1936 3809 135 17 communicate
2079 3810 48 17 with
2139 3810 32 16 the
2189 3810 124 22 Department
2320 3810 20 17 in

1907 3832 31 17 the
1948 3833 74 16 matter.

1930 3855 55 17 From
2001 3856 31 15 Mr
2049 3856 61 16 Lakin
2128 3856 128 22 complaining
2272 3856 21 17 of
2307 3856 33 17 the

1906 3879 48 16 state
1963 3879 19 16 in
1991 3878 61 17 which
2061 3885 11 10 a
2081 3879 57 17 closet
2147 3879 37 17 had
2198 3878 47 18 been
2252 3879 36 17 left
2295 3885 45 11 near

1906 3901 29 17 his
1944 3901 94 22 premises,
2049 3902 32 16 the
2090 3902 125 17 householder
2222 3902 72 22 having
2302 3902 37 17 had

1905 3925 21 16 to
1935 3930 24 16 go
1968 3930 54 16 away
2035 3925 139 22 unexpectedly
2191 3925 83 22 through
2291 3925 39 17 sick-

1905 3953 42 10 ness
1971 3948 20 16 It
1999 3953 39 11 was
2046 3948 85 17 resolved
2138 3948 44 17 that
2191 3948 31 17 the
2240 3949 68 16 matter
2316 3948 23 17 be

1905 3972 21 14 at
1934 3975 45 12 once
1987 3970 91 18 attended
2090 3972 26 16 to.

1930 3993 54 17 From
1992 3993 33 17 the
2033 3993 152 23 Depnrtnicntof
2191 3994 71 16 Justice
2269 3995 58 16 thank-

1905 4016 33 21 ing
1945 4016 32 17 the
1985 4016 101 17 Chairman
2094 4017 30 16 for
2128 4017 30 17 his
2165 4019 63 20 report
2233 4017 20 16 of
2257 4017 31 17 the
2294 4023 33 15 pro-

1905 4038 87 23 ceedings
2000 4040 20 16 at
2029 4040 33 16 the
2073 4040 74 17 funeral
2164 4040 20 17 of
2199 4040 28 17 Wi
2244 4040 60 17 Maihi
2319 4042 20 15 to

1905 4061 141 23 Rangikaheke;
2056 4063 38 17 and
2103 4063 72 22 stating
2190 4063 42 17 that
2246 4063 33 17 the
2288 4063 49 17 Gov-
2344 4061 1 24 I

1905 4085 85 17 eminent
1998 4085 38 17 had
2045 4085 69 22 agreed
2131 4087 20 16 to
2168 4085 69 18 donate
2253 4085 38 18 £'l'i
2308 4088 20 15 to-

1904 4108 60 16 wards
1973 4108 31 16 the
2013 4109 82 16 erection
2104 4108 20 17 of
2131 4115 11 10 a
2155 4110 110 15 monument
2281 4110 19 16 to
2309 4110 29 16 his
2344 4108 1 23 |

1904 4136 88 15 memory.
2018 4131 98 18 Received.

2396 119 56 17 From
2467 119 33 17 the
2516 119 63 19 Lands
2593 118 124 22 Department
2734 121 73 21 stating

2372 142 42 17 that
2424 143 31 16 the
2465 149 41 10 sum
2520 144 20 16 of
2554 143 37 18 £77
2612 145 29 16 17s
2658 144 23 16 (id
2698 147 72 14 arrears
2787 144 20 17 of

2372 166 59 17 water
2439 166 49 17 rates
2498 171 30 12 arc
2537 171 42 12 now
2589 166 40 21 due,
2638 167 36 16 and
2681 167 68 22 asking
2756 168 49 15 what

2373 191 50 19 steps
2432 189 67 16 should
2509 192 20 13 he
2538 189 56 17 taken
2603 192 20 14 to
2632 190 47 16 have
2693 190 32 16 the
2739 196 68 11 money

2372 211 97 17 collected.
2499 212 32 17 Mr
2547 212 83 21 Malfroy
2646 213 63 17 stated
2726 214 41 16 that
2787 214 16 16 at

2372 235 74 21 present
2472 234 33 18 the
2530 232 56 21 town
2612 236 60 17 Board
2695 236 54 18 eonld
2773 237 31 16 nol

2372 263 33 11 sue
2413 257 30 17 for
2453 257 33 17 the
2493 260 85 15 amount.
2598 259 39 17 The
2644 260 44 21 only
2695 265 41 17 way
2745 258 61 19 would

2372 281 23 17 be
2403 282 21 15 to
2432 283 33 14 cut
2474 281 26 16 off
2507 281 32 16 the
2554 283 58 15 water
2625 288 21 10 or
2662 284 20 14 to
2698 283 23 17 be
2736 282 71 22 legally

2372 303 104 23 appointed
2483 303 89 18 collector
2588 305 38 16 mid
2642 305 81 18 receiver
2739 305 20 18 of
2775 305 32 17 the

2372 329 59 14 water
2439 328 46 15 rate.
2511 327 52 22 They
2571 328 55 16 could
2639 328 44 18 then
2702 329 41 16 deal
2761 329 46 16 with

2372 350 22 16 it.
2420 350 19 17 It
2447 355 39 12 was
2494 349 77 17 deeided
2580 350 42 17 that
2635 351 33 17 the
2682 351 125 23 Department

2372 373 67 17 should
2449 373 22 17 he
2481 373 139 18 recommended
2636 377 20 13 to
2673 378 94 19 empower
2775 375 34 16 the

2373 396 61 17 Board
2443 403 21 10 as
2477 396 107 22 suggested,
2602 394 90 23 allowing
2709 403 10 12 a
2737 398 70 16 certain

2372 420 113 21 percentage
2494 418 30 18 for
2532 424 80 17 expense
2626 420 20 17 of
2654 420 105 18 collection.

2397 443 55 16 From
2463 443 22 16 It.
2495 442 24 16 I).
2530 442 75 22 Dansey
2614 443 67 21 asking
2690 444 30 16 for
2729 443 67 23 permis-

2373 464 39 19 sion
2422 467 19 14 to
2450 465 61 17 divert
2521 471 51 10 some
2580 466 20 16 of
2606 466 33 16 the
2653 467 58 16 water
2728 470 20 14 at
2764 472 33 14 pre-

2373 490 40 15 sent
2422 488 78 22 flowing
2509 488 54 16 down
2570 488 32 16 the
2609 489 128 17 Tarawa.load
2747 490 60 16 which

2373 516 37 12 was
2420 517 42 10 now
2471 511 83 22 running
2563 513 19 15 to
2592 513 63 15 waste.
2682 512 17 16 It
2713 512 62 17 would
2785 512 23 18 bo

2373 534 44 17 used
2427 535 30 16 for
2465 535 91 16 domestic
2565 539 90 18 purposes
2664 535 35 17 and
2707 535 101 22 irrigating

2373 556 32 17 the
2413 556 35 24 dry
2457 557 60 22 sandy
2526 557 33 16 soil
2569 563 24 10 on
2601 563 36 12 one
2645 558 21 16 of
2679 558 33 17 the
2728 559 80 16 sections

2373 579 58 18 there.
2457 580 112 17 Permission
2579 580 79 21 granted
2671 587 25 10 on
2713 582 94 16 condition

2373 603 42 16 that
2425 603 52 22 pipes
2486 609 47 11 were
2550 603 38 17 laid
2604 604 20 16 in
2641 603 45 18 such
2703 611 11 10 a
2730 610 79 11 manner

2373 631 21 11 as
2406 627 63 16 would
2485 627 61 17 admit
2562 627 20 16 of
2598 627 49 16 their
2662 624 59 25 being
2737 627 71 23 readily

2373 649 77 17 cleaned
2463 651 41 16 otiU

2479 677 98 17 General
2596 677 106 18 Business.

2374 704 39 17 The
2422 705 100 17 Chairman
2532 705 61 18 stated
2603 706 42 17 that
2653 706 24 17 he
2691 712 38 11 saw
2742 706 26 17 bv
2777 706 32 17 the

2375 727 77 17 Gazette
2462 729 40 16 that
2513 734 35 13 sec
2562 730 16 17 :(,
2596 729 56 17 block
2669 726 22 20 03
2707 729 37 17 had
2756 724 52 21 'been

2374 748 130 26 permanently
2521 752 84 16 reserved
2622 752 30 17 for
2671 752 57 17 Town
2747 752 61 17 Board

2375 773 56 18 Office
2446 775 38 16 and
2499 775 86 21 Beading
2601 775 65 17 Boom.
2692 775 31 17 He
2738 782 38 10 was
2789 775 20 18 of

2374 796 32 17 the
2415 797 76 22 opinion
2506 798 43 17 that
2562 798 32 17 the
2607 798 92 22 proposed
2714 805 43 10 area
2771 805 38 10 was

2374 822 32 14 too
2415 820 54 17 small
2478 821 37 17 and
2529 821 25 17 he
2566 820 101 24 suggested
2685 822 42 16 that
2744 822 35 16 No.
2800 824 8 13 N

2374 843 69 17 section
2453 845 19 15 at
2481 843 33 19 the
2522 844 45 18 bacx
2577 844 22 16 he
2608 844 75 23 applied
2693 845 29 16 for
2730 851 21 10 as
2760 845 48 17 well.

2373 865 45 18 This
2427 867 62 16 would
2499 867 41 22 give
2549 867 50 17 them
2610 874 9 9 a
2629 868 88 22 frontage
2726 869 20 16 to
2762 867 46 18 both

2373 890 69 16 streets
2460 890 37 17 and
2514 890 63 17 would
2593 890 23 17 he
2633 891 61 16 useful
2711 891 30 16 for
2755 891 53 21 yard,

2374 912 123 21 storehouses,
2507 913 32 18 &c.
2565 914 19 16 It
2593 919 37 11 was
2639 914 84 17 resolred
2732 914 66 17 accord-

2373 934 60 23 ingly.

2398 958 22 17 In
2429 959 94 17 reference
2537 961 19 15 to
2570 959 33 17 the
2621 966 55 16 gums
2693 960 60 17 which
2772 960 36 17 had

2373 980 47 18 been
2430 982 98 22 destroyed
2537 982 25 23 by
2572 983 55 22 sheep
2636 984 19 15 in
2665 984 72 16 Fenton
2748 982 61 19 Street

2373 1004 33 17 the
2415 1005 101 17 Chairman
2526 1006 39 16 said
2573 1006 43 16 that
2626 1006 24 17 he
2663 1006 60 17 found
2737 1006 43 17 that
2794 1006 14 17 it

2373 1033 38 11 was
2420 1029 106 21 competent
2535 1029 30 17 for
2573 1029 52 17 them
2633 1031 20 15 to
2662 1029 49 17 close
2720 1036 36 15 any
2764 1029 44 17 road

2373 1051 75 20 against
2457 1052 52 16 stock
2518 1059 20 10 so
2546 1052 43 17 that
2596 1052 45 22 they
2651 1052 55 17 could
2718 1054 34 15 not
2766 1059 43 15 pam

2373 1071 59 26 along
2446 1074 81 18 without
2545 1076 115 21 permission.
2694 1076 29 16 He
2741 1075 66 18 moved

2373 1097 42 17 that
2438 1095 71 20 Fenton
2532 1099 61 16 Street
2612 1099 23 16 he
2653 1099 61 16 closed
2733 1099 74 22 against

2375 1120 52 17 stock
2436 1119 76 25 driving
2521 1121 47 18 from
2577 1122 32 16 the
2621 1121 107 23 Esplanade
2742 1126 19 13 to
2777 1123 31 16 the

2374 1142 85 19 Rotorua
2467 1144 56 17 Town
2534 1145 103 16 Extension
2646 1145 38 16 and
2693 1145 43 16 that
2747 1145 62 17 notice?

2373 1168 19 15 to
2401 1166 44 17 that
2453 1167 53 17 effect
2516 1168 23 16 he
2547 1168 105 16 advertised
2662 1168 36 17 and
2708 1168 65 23 posted
2785 1175 22 9 on

2373 1190 32 16 the
2413 1189 63 19 notice
2485 1190 66 17 hoards
2566 1192 21 16 at
2604 1191 32 17 the
2653 1192 58 16 street
2727 1197 81 11 corners.

2373 1213 83 17 Carried.

2397 1236 18 16 It
2425 1242 37 10 was
2472 1236 75 18 decided
2562 1238 19 15 to
2596 1236 36 18 call
2647 1238 29 16 for
2691 1238 75 16 tenders
2780 1238 29 16 for

2373 1259 32 17 the
2413 1259 50 17 lease
2472 1260 20 16 of
2500 1260 32 16 the
2547 1260 77 17 Board's
2639 1260 86 23 paddock
2739 1267 23 10 on
2777 1261 32 16 the

2373 1282 31 17 old
2413 1282 65 23 Taupo
2487 1283 45 17 road
2542 1284 28 16 for
2579 1290 11 10 a
2598 1285 49 15 term
2656 1284 19 16 of
2685 1284 53 16 three
2747 1290 21 11 or
2773 1284 36 16 five

2372 1311 60 16 years.

2484 1328 70 18 BoAiui
2567 1334 24 12 ov
2603 1328 94 19 Health.

2396 1357 38 16 The
2451 1356 84 17 Colonial
2554 1357 112 22 Secretary's
2684 1358 122 21 Department

2373 1379 106 19 forwarded
2502 1380 68 16 certain
2592 1380 110 18 documents
2725 1380 29 18 for
2777 1381 31 16 the

2373 1403 93 21 guidance
2476 1403 19 16 of
2504 1403 32 16 the
2545 1403 47 17 local
2598 1403 62 17 Board
2666 1404 20 16 of
2693 1403 70 18 Health
2771 1404 36 16 and

2372 1426 15 17 it
2397 1433 38 10 was
2444 1426 77 18 decided
2530 1428 19 15 to
2559 1427 42 16 hold
2615 1433 10 10 a
2639 1426 68 24 special
2725 1427 83 23 meeting

2372 1456 24 10 on
2417 1449 118 23 Wednesday
2552 1452 44 14 next
2613 1450 31 17 for
2657 1450 32 17 the
2702 1450 78 23 passing
2789 1451 20 16 of

2372 1473 88 22 byelaws,
2471 1474 34 16 &c-

2395 1524 39 16 The
2443 1523 87 17 financial
2540 1524 99 17 statement
2649 1523 76 17 showed
2735 1530 20 11 as
2770 1523 29 17 fol-

2373 1547 46 16 lows
2427 1546 116 23 :--Receipts
2550 1546 3 23 :
2570 1547 78 16 Balance
2664 1547 48 18 from
2725 1546 36 19 last
2777 1554 20 9 ac-

2372 1572 64 17 count,
2448 1569 50 18 £i;W
2509 1571 30 15 Hi,,
2548 1570 33 19 i)d;
2601 1570 45 17 bath
2662 1572 26 15 ret
2694 1576 49 13 finis,
2758 1570 37 17 Feb-

2373 1599 62 12 ruary,
2448 1593 35 17 £Bl
2496 1597 8 11 f-
2504 1593 2 19 ;
2508 1600 7 8 s
2530 1593 33 19 (id;
2585 1593 121 18 auctioneers'
2723 1594 84 18 licenses,

2373 1615 37 18 £29
2417 1611 32 25 Ys;
2465 1616 89 17 sundries.
2569 1615 21 18 £1
2599 1617 30 20 ss;
2645 1616 54 21 total,
2709 1615 50 19 £245
2777 1617 30 17 17s

2372 1639 32 18 3d.-
2427 1640 141 21 Expenditure:
2584 1639 71 23 Wages,
2665 1637 40 21 &c.
2715 1638 39 19 £.66
2770 1641 39 16 175.-

2373 1662 47 18 Cash
2439 1663 18 17 in
2475 1662 51 17 hand
2544 1662 36 17 and
2598 1663 55 18 bank,
2673 1662 50 18 £l9tt
2740 1665 20 14 ()s
2777 1663 30 17 ;id.

2372 1687 54 15 Total
2436 1685 50 19 £245
2499 1687 29 16 17s
2537 1685 29 18 3d.

2395 1709 38 17 The
2443 1709 99 21 following
2550 1711 87 15 accounts
2646 1715 47 11 were
2702 1709 68 23 passed
2779 1709 29 17 foF

2372 1733 193 21 payment:—Porter
2583 1732 36 17 and
2636 1732 31 18 Co.
2686 1731 27 18 £(>
2731 1734 30 15 10s
2777 1732 31 21 7d,-

2372 1755 29 19 W.
2410 1756 23 16 A.
2444 1756 92 16 Williams
2546 1754 22 20 £1
2580 1757 19 15 -Is
2609 1755 28 19 6d.
2648 1755 21 19 C.
2679 1756 51 18 Birss
2740 1754 23 19 £1
2780 1757 27 19 (*-,

2372 1779 45 17 Hot
2426 1776 68 20 Lakes
2504 1779 115 17 Cni;oxiri.i:
2628 1779 25 17 £-1

2395 1802 39 17 The
2443 1802 84 20 meeting
2536 1802 44 17 then
2591 1803 65 16 closed.

2373 1854 87 19 DEATH
2472 1854 33 17 OF
2518 1855 39 16 MB
2570 1855 25 16 H.
2605 1855 28 18 W.
2643 1854 163 19 NEIGHBOUR.

2395 1902 18 17 It
2423 1902 15 16 is
2448 1902 44 17 with
2503 1902 86 17 extreme'
2599 1903 61 21 regret
2677 1902 42 18 that
2735 1909 27 10 wo
2776 1908 20 11 ro-

2372 1924 43 19 eord
2425 1924 97 18 thcdcatli
2533 1925 19 17 of
2561 1925 31 16 Mr
2604 1925 25 17 IT.
2644 1926 27 16 \V.
2687 1925 117 22 Neighbour,

2372 1946 59 20 winch
2442 1949 42 15 tool;
2493 1947 52 24 placo
2552 1949 20 16 at
2579 1945 98 26 Tauranga
2685 1955 24 11 on
2716 1949 77 17 Wednes-

2371 1971 37 23 day
2423 1972 42 16 List.
2500 1971 64 18 About
2582 1971 51 18 three
2647 1972 60 17 weeks
2721 1978 36 18 ago
2775 1973 31 16 Mr

2372 1994 116 24 Neighbour,
2495 1994 45 18 then
2547 1994 57 23 being
2609 1994 29 17 far
2642 1995 47 18 from
2697 1996 48 18 well,
2756 1997 41 15 went-

2371 2017 56 19 down
2435 2019 21 17 to
2464 2017 36 18 the?
2506 2018 53 17 coast
2566 2017 89 24 thinking
2670 2018 42 18 that
2726 2019 32 17 the.
2775 2023 31 13 sea

2370 2039 75 19 breezes
2453 2041 64 17 would
2524 2039 71 19 restore
2602 2041 39 17 him
2655 2043 19 15 to
2688 2042 29 16 !iis
2730 2042 76 17 wonte.il

2371 2063 71 19 health.
2468 2063 60 18 There
2536 2065 15 16 is
2558 2070 24 10 no
2592 2063 64 23 doubt,
2664 2065 92 18 however,
2763 2065 43 17 that

2371 2087 23 17 lie
2403 2086 71 19 carried
2483 2088 34 16 the
2524 2093 62 15 germs
2595 2088 20 16 of
2627 2088 69 16 disease
2705 2088 45 17 with
2766 2088 39 17 him

2371 2111 36 16 and
2417 2111 18 16 in
2446 2111 47 21 spite
2503 2111 19 16 of
2531 2110 31 17 the
2571 2112 49 15 most
2629 2110 95 19 assiduous
2742 2112 53 16 atten-

2373 2134 38 16 tion
2420 2134 37 16 and
2467 2133 69 17 careful
2550 2133 80 24 nursing
2643 2140 23 10 on
2682 2135 31 16 the
2728 2136 43 20 part
2786 2135 20 16 of

2371 2157 28 16 his
2409 2157 86 16 relatives
2504 2156 24 18 he
2528 2156 3 19 1
2536 2156 42 18 died
2590 2162 20 11 as
2619 2157 67 18 Stated.
2712 2157 92 17 Deceased

2371 2186 52 11 camp
2432 2180 49 17 from
2490 2178 79 19 London
2582 2180 58 17 about
2657 2182 20 15 10
2691 2187 54 16 years
2761 2187 46 16 ago,-

2371 2203 84 23 arriving
2464 2203 18 17 in
2493 2203 105 22 Tauranga,
2613 2203 37 17 and
2665 2204 49 16 after
2728 2210 8 11 a
2754 2203 50 19 short

2371 2228 42 20 stay
2422 2226 19 17 in
2450 2226 42 18 that
2502 2228 50 15 town
2561 2226 19 17 in
2591 2227 119 23 partnership
2720 2227 44 17 with
2775 2227 31 17 Mr

2370 2250 18 17 J.
2399 2250 76 17 Turner,
2486 2250 61 19 tailor,
2557 2250 23 16 lie
2590 2255 51 12 came
2650 2250 109 18 toitotorua
2768 2250 36 17 and

2371 2273 76 17 entered
2456 2273 40 17 info
2505 2272 84 18 business
2598 2278 24 12 on
2632 2273 28 17 his
2670 2279 41 11 own
2719 2276 85 15 account.

2371 2296 75 21 During
2471 2296 28 16 his
2524 2295 52 23 eight
2597 2296 59 21 years'
2674 2296 94 18 residence
2784 2303 10 11 a-

2371 2321 75 19 mongst
2457 2325 21 10 us
2488 2319 31 17 Mr
2527 2318 112 23 Neighbour
2643 2319 70 23 gained
2717 2319 37 18 and
2762 2320 43 17 held

2371 2343 31 16 the
2411 2344 73 20 respect
2493 2343 20 16 of
2527 2342 25 17 all
2566 2342 42 17 who
2625 2343 55 16 knew
2697 2343 44 17 him.
2775 2343 30 16 He

2370 2366 45 17 took
2425 2372 23 10 an
2458 2366 60 16 active
2526 2365 77 18 interest
2616 2366 18 16 in
2649 2366 65 22 public
2728 2367 77 17 matters

2370 2389 37 17 and
2419 2395 36 10 was
2465 2394 42 11 ever
2515 2389 56 21 ready
2581 2390 20 15 to
2611 2389 73 22 expend
2697 2390 46 16 both
2759 2390 48 16 time'

2370 2413 36 16 and
2424 2412 74 17 trouble
2514 2412 28 17 for
2550 2412 32 16 the
2595 2412 137 18 advancement
2745 2413 19 17 of
2773 2413 32 17 the

2370 2436 57 16 town.
2454 2435 30 16 He
2493 2434 95 18 identified
2597 2435 75 17 himself
2682 2436 68 22 closely
2759 2436 45 17 with

2370 2458 32 18 the
2411 2458 77 22 Sunday
2498 2458 66 17 School
2577 2458 37 17 and
2627 2458 83 22 juvenile
2723 2461 72 20 teiiiper-

2369 2483 171 17 ancMiioveJuents,
2547 2481 122 22 and,though
2677 2482 76 23 latterly
2761 2489 33 10 con-

2369 2505 67 17 nected
2446 2505 44 16 with
2508 2505 32 16 the
2555 2504 131 23 Presbyterian
2701 2506 56 22 body,
2767 2512 38 11 was

2369 2528 30 17 for
2408 2535 50 10 some
2473 2533 53 15 years
2542 2528 83 21 People's
2641 2528 81 17 Warden
2737 2529 20 17 of
2773 2529 32 17 She

2369 2551 93 23 Anglican
2479 2551 80 17 Church.
2590 2552 26 16 As
2630 2552 92 22 secretary
2736 2552 20 18 of
2773 2552 32 18 the

2369 2574 68 17 School
2447 2575 112 17 Committee
2567 2575 36 16 and
2618 2575 79 22 Library
2713 2575 78 17 Commit-

2369 2599 29 15 tee
2407 2598 23 17 he
2439 2604 38 11 was
2487 2599 48 16 most
2543 2597 136 22 indefatigable
2688 2599 37 16 anil
2738 2599 54 22 pains-

2369 2620 73 24 taking.
2468 2621 36 16 His
2518 2620 55 17 death
2589 2620 60 18 leaves
2664 2628 11 10 a
2690 2627 38 17 gup
2742 2622 20 17 in
2779 2622 26 17 all

2368 2644 53 17 these
2437 2644 138 21 organisations
2592 2644 59 17 which
2669 2645 38 17 will
2728 2646 34 16 not
2782 2645 25 17 le'

2369 2667 71 23 readily
2455 2667 58 17 tilled.
2538 2667 93 17 Deceased
2651 2673 38 11 was
2707 2668 59 17 about
2782 2669 21 17 54

2369 2697 53 15 years
2432 2691 20 16 of
2460 2697 36 14 age
2506 2691 36 16 and
2551 2691 33 16 has
2593 2697 10 10 a
2612 2691 77 16 brother
2698 2691 37 17 and
2750 2691 54 17 other

2369 2714 86 17 relatives
2467 2714 19 16 in
2500 2714 33 16 the
2548 2714 39 21 Bay
2604 2714 19 16 of
2640 2714 69 22 Plenty
2723 2714 80 17 district.

2368 2737 38 17 The
2416 2737 74 17 funeral
2500 2737 45 17 took
2561 2737 52 22 place
2626 2738 19 16 at
2661 2735 101 24 Tauranga
2779 2744 24 10 on

2369 2759 69 23 Friday
2448 2759 36 19 last
2494 2761 32 16 the
2535 2760 76 18 services
2626 2761 57 20 being
2698 2758 105 20 conducted

2368 2783 26 22 by
2410 2784 36 17 the-
2457 2783 46 18 Rev.
2518 2783 32 18 Mr
2565 2783 43 17 Bull
2623 2784 19 16 of
2656 2784 32 16 the
2703 2784 100 22 Wosleyan

2368 2806 81 18 Clrarch.

2415 2850 53 16 THE
2483 2851 125 15 BRUNNER
2625 2850 122 16 DISASTER.

2439 2895 18 19 A
2469 2897 77 17 Relief
2562 2897 58 17 Fuxd
2633 2897 98 18 Started.

2391 2927 38 19 The
2439 2929 100 22 appalling
2547 2928 84 18 accident
2640 2930 19 15 at
2668 2928 32 18 the
2716 2929 87 17 Brunner

2368 2953 40 16 coal
2422 2953 28 21 pit
2460 2952 34 16 has
2511 2952 67 16 caused
2595 2952 32 16 the
2645 2954 48 14 most
2706 2953 96 20 profound

2368 2979 69 14 sorrow
2452 2975 118 23 throughout
2584 2975 31 17 the
2630 2975 71 22 Colony
2714 2975 38 17 and
2768 2975 35 18 has'

2367 2998 79 17 aroused
2461 3004 11 11 a
2488 2998 94 17 universal
2596 2998 56 17 throb
2665 2999 23 16 of
2701 2999 101 21 sympathy

2368 3022 45 17 with
2427 3022 32 16 the
2476 3022 90 21 suffering
2580 3027 72 12 women
2667 3022 37 16 and
2718 3022 83 16 children

2367 3045 42 17 who
2417 3051 31 11 are
2457 3045 92 21 suddenly
2560 3043 87 24 deprived
2653 3045 20 17 of
2680 3045 48 16 their
2734 3045 56 17 bread-

2367 3069 86 16 winners.
2480 3066 39 19 The
2528 3069 89 16 accounts
2625 3068 18 17 in
2650 3068 32 17 the
2691 3068 50 22 daily
2750 3074 51 16 press

2367 3097 31 11 are
2407 3092 19 17 of
2434 3091 33 17 the
2476 3092 51 15 most
2535 3091 145 22 heart-rending
2688 3092 112 21 description

2367 3114 37 18 and
2413 3115 52 17 show
2474 3114 43 18 that
2527 3115 33 16 out
2568 3114 20 17 of
2600 3120 12 11 a
2626 3114 48 17 total
2690 3115 79 17 number
2782 3115 20 17 of

2367 3139 116 21 sixty-seven
2494 3143 41 11 men
2546 3137 41 17 who
2601 3137 51 18 went
2666 3137 134 24 underground

2367 3167 22 11 on
2400 3161 42 18 that
2451 3161 68 16 fateful
2525 3160 97 19 Thursday
2633 3161 87 23 morning
2725 3162 35 17 not
2765 3166 36 13 one

2367 3185 41 16 soul
2420 3185 16 16 is
2450 3184 36 17 left
2499 3185 20 16 to
2532 3184 34 16 tell
2579 3184 33 16 the
2620 3184 43 17 tale.
2690 3184 18 17 It
2724 3185 15 16 is
2756 3184 44 21 idle,

2367 3208 95 18 however,-
2469 3208 19 16 to
2497 3207 56 16 dwell
2562 3212 50 17 upon
2621 3207 33 18 the
2662 3207 75 17 horrors
2744 3208 20 16 of
2768 3208 33 16 the

2367 3230 119 23 catastrophe
2494 3230 55 17 when
2558 3229 52 18 there
2618 3230 16 17 is
2642 3232 50 15 work
2699 3233 20 14 to
2724 3231 23 16 be
2753 3231 50 17 done

2366 3254 18 17 in
2394 3253 101 23 providing
2504 3253 53 16 relief
2570 3253 30 16 for
2614 3253 32 16 the
2660 3253 140 23 grief-stricken

2367 3283 72 11 women
2448 3276 37 17 and
2495 3276 89 18 children,
2600 3276 36 16 and
2645 3277 16 16 it
2674 3277 15 16 is
2704 3279 48 15 meet
2758 3278 43 16 that

2367 3300 37 18 this
2413 3300 54 18 small
2476 3299 117 22 community
2600 3299 67 17 should
2673 3300 47 17 offer
2724 3300 25 18 its
2756 3300 45 18 mite

2366 3325 20 16 to
2394 3323 91 18 the'fund
2492 3322 61 17 which
2562 3322 15 16 is
2587 3322 58 22 being
2654 3323 66 17 raised.
2752 3323 19 18 ft;
2785 3324 15 16 is

2366 3347 68 17 useh'ss
2444 3348 20 15 to
2474 3347 43 20 stop
2532 3346 48 16 from
2593 3345 38 16 this
2645 3346 50 21 good
2713 3347 50 17 work
2780 3348 20 15 to

2366 3370 72 23 inquire
2447 3370 40 16 into
2492 3369 33 17 the
2531 3367 74 24 alleged
2615 3368 96 24 frittering
2720 3375 54 17 away
2781 3370 20 17 of

2365 3394 33 17 the
2406 3393 47 17 fund
2462 3391 60 19 raised
2531 3394 19 14 at
2560 3391 31 17 the
2600 3391 45 17 time
2654 3393 20 15 of
2682 3392 32 18 the
2729 3393 72 17 similar

2365 3417 79 17 disaster
2457 3418 19 15 at
2492 3414 122 22 Kaitangata.
2648 3415 61 18 Relief
2721 3417 31 16 for
2767 3415 33 18 tlie

2365 3441 75 21 present
2449 3439 85 17 sufferers
2540 3438 15 16 is
2562 3437 88 23 urgently
2653 3438 91 23 'required
2749 3445 49 14 now;

2366 3464 30 16 the
2407 3461 168 24 mismanagement
2588 3461 21 16 of
2620 3460 33 18 the
2666 3461 75 18 former'
2752 3462 48 18 fund

2365 3492 35 12 ean
2408 3487 23 17 be
2440 3484 86 23 inquired
2535 3484 40 17 into
2582 3483 47 17 later
2638 3490 30 11 on.

2389 3509 32 18 Oir
2435 3508 94 21 Saturday
2548 3507 88 21 niorlring
2657 3507 31 16 Mr
2708 3508 90 22 Malfroy,

2365 3534 49 16 after
2425 3530 126 19 consultation
2566 3530 46 16 with
2626 3530 31 16 the
2673 3532 92 16 members
2779 3532 21 17 of

2364 3556 32 17 the
2417 3554 64 19 Board
2498 3552 41 18 and'
2553 3553 68 17 others,
2638 3553 124 23 telegraphed
2779 3561 20 11 as

2364 3579 74 17 follows
2447 3580 20 15 to
2479 3577 34 17 tin?
2520 3577 67 21 Mayor
2601 3576 20 16 of
2641 3575 121 20 Brunnerton
2770 3583 7 11 :■
2777 3588 23 2 —

2508 3600 19 17 of
2542 3600 84 15 Rotorua
2640 3599 68 22 deeply
2721 3606 65 16 sympa-

2363 3626 49 16 thise
2425 3624 47 17 with
2488 3624 33 16 the
2535 3622 86 17 relatives
2637 3622 37 17 and
2692 3623 70 17 friends
2779 3624 20 17 of

2363 3648 105 18 those'wbo
2477 3645 86 24 perished
2570 3645 20 16 in
2598 3645 115 17 the'terriblc
2719 3646 80 18 disaster

2363 3673 19 15 at
2392 3672 34 16 the>
2433 3671 87 17 Brunner
2528 3669 54 16 mine:
2608 3668 68 22 Owing
2685 3670 19 16 to
2714 3675 34 11 our
2753 3675 33 17 pos-

2363 3695 27 16 tal
2414 3693 143 23 arrangements
2581 3690 111 20 particulars
2719 3693 20 16 of
2765 3693 33 16 the

2363 3718 89 21 calamity
2460 3716 46 21 only
2516 3711 77 21 reached
2604 3714 44 17 her'e
2661 3721 24 10 on
2702 3715 95 23 Saturday

2363 3741 86 22 evening.
2474 3739 45 17 Will
2528 3738 23 17 do
2561 3742 33 11 our
2602 3737 42 17 best
2653 3739 18 16 to
2680 3738 66 17 collect
2751 3739 34 17 sub-

2362 3764 99 22 scriptions
2471 3763 29 16 for
2508 3761 33 18 the
2549 3760 61 17 Relief
2724 3761 24 17 In
2764 3768 21 11 \e-

2363 3787 91 16 cordance
2462 3786 47 16 with
2518 3784 38 17 this
2565 3780 123 25 subscription
2698 3784 41 17 lists
2748 3784 48 18 have

2361 3810 47 17 been
2418 3808 72 24 opened
2499 3809 20 16 tit
2527 3808 32 16 the
2567 3807 74 16 various
2650 3807 60 17 hotels
2720 3808 37 16 and
2763 3808 32 16 the

2361 3832 93 23 principal
2463 3833 59 16 stores
2532 3829 36 18 and
2577 3831 41 15 sent
2631 3836 24 11 on
2672 3832 20 15 to
2709 3830 85 22 Galatea,

2361 3856 25 17 To
2398 3855 75 19 Whaiti,
2483 3855 38 17 and
2530 3852 87 21 outlying
2625 3854 123 17 settlements.

2384 3880 26 16 At
2420 3880 32 16 the
2469 3878 83 22 meeting
2560 3875 19 18 of
2583 3875 41 27 _the
2641 3876 80 18 Concert
2737 3877 44 17 Com-

2361 3902 65 17 mittee
2440 3908 24 10 on
2473 3901 85 21 Monday
2569 3898 56 22 night
2641 3900 15 16 it,
2672 3906 37 10 was
2726 3901 56 16 unani-

2361 3926 74 21 mously
2444 3925 84 17 resolved
2534 3924 38 17 that
2585 3922 18 17 in
2608 3922 54 23 place
2666 3923 21 18 of
2691 3923 33 17 the
2730 3924 53 17 enter-

2361 3948 93 18 tainment
2472 3946 106 24 previously
2596 3946 94 23 arranged
2709 3948 20 15 to
2749 3946 45 17 take

2360 3972 53 20 place
2422 3977 24 11 on
2455 3971 65 17 behalf
2527 3971 19 17 of
2559 3970 32 17 the
2605 3969 81 22 Library
2702 3969 92 22 Building

2360 3994 62 20 Fund,
2443 4000 12 11 a
2471 3993 65 18 sacred
2551 3994 75 16 concert
2638 3992 67 17 should
2713 3993 24 16 be
2750 3993 12 16 h
2766 3992 28 18 aid

2360 4022 25 12 on
2394 4017 54 18 Good
2457 4017 70 22 Friday
2535 4016 54 21 night
2604 4016 29 16 for
2641 4015 32 17 the
2687 4015 71 18 benefit
2774 4016 21 17 of

2360 4040 33 17 the
2409 4041 86 16 sufferers
2509 4040 26 21 by
2549 4040 33 16 the
2590 4039 40 16 coal
2645 4039 49 16 mine
2708 4038 86 18 accident

2360 4063 33 17 We
2401 4063 49 17 have
2456 4069 25 11 no
2487 4063 59 17 doubt
2560 4062 41 17 that,
2614 4062 37 16 this
2667 4062 39 16 will
2723 4062 59 18 mater-

2360 4085 45 23 ially
2414 4086 50 17 swell
2476 4086 33 16 the
2527 4085 123 22 subscription
2668 4085 37 16 list.

2384 4109 139 22 Subscriptions
2532 4114 15 11 w
2551 4108 3 23 :
2556 4108 14 17 ll
2579 4108 38 17 also
2633 4108 24 16 be
2673 4108 84 17 received
2774 4109 20 16 at

2360 4132 32 17 the
2401 4133 52 16 office
2462 4133 20 16 of
2490 4132 38 17 this
2537 4137 63 15 paper.

2828 116 52 17 THE
2902 116 102 19 GEYSER
3028 116 33 21 HOTEL
3068 116 46 21 ROBBERY

2854 164 20 14 At
2887 163 12 15 tl
2909 171 9 4 -■
2927 163 120 18 PoliceConrl
3058 171 21 11 on
3091 166 8 17 1

2829 185 69 18 Messrs
2906 186 78 17 .M..!;'.-.>\
2998 187 113 23 aadHymaij

2830 208 81 22 Panapa,
2923 214 8 11 a
2942 209 58 18 Maori
3007 211 65 21 youth,
3080 208 45 24 wai-1
3135 220 13 7 ■.-
3158 208 2 24 ■
3172 223 7 6 ..

2829 231 82 21 stealing
2917 232 39 17 two
2966 238 49 13 sums
3022 234 87 22 ofmonej

2830 255 31 16 25s
2867 251 40 20 and
2914 254 33 18 21s
2954 255 49 18 from
3017 256 32 18 the
3064 257 33 17 bar
3112 260 15 16 oi
3164 251 1 25 .

2830 277 56 16 Hotel
2900 277 178 24 Whakarewarewa,
3097 285 15 13 oi

2829 300 37 16 and
2875 300 55 17 22noL
2956 302 82 17 Accused
3065 303 64 23 pleadc
3138 300 3 26 :
3159 300 35 24 -..;'-

2829 323 45 17 both
2892 323 84 24 charges.
3002 324 100 20 Constable
3121 327 67 22 Murray

2829 345 106 19 conducted
2941 347 34 18 the
2981 349 126 21 prosecution,
3119 352 32 16 stal
3161 347 30 24 ~\-\

2831 370 36 15 had
2877 370 61 21 ample
2955 371 87 18 evidence
3059 373 19 17 to
3096 375 36 15 snsl
3141 374 22 18 iin

2830 392 68 23 charge
2907 393 20 17 of
2935 392 91 25 breaking
3035 395 37 16 and
3081 397 64 16 entcru
3155 404 10 16 g
3173 401 18 15 •;.

2830 415 51 22 place
2899 421 23 11 on
2933 417 30 15 the
2977 417 54 22 night
3048 418 21 18 oi
3085 418 32 18 the
3134 421 40 17 24th
3186 415 9 22 ';•

2830 437 48 18 their
2893 439 89 23 worships
3000 440 80 24 thought
3100 443 11 15 it
3130 443 68 22 advisal:

2829 461 78 22 proceed
2917 462 44 17 with
2971 463 20 16 it.
3007 464 15 15 A
3029 465 45 16 senti
3083 471 32 10 nee
3125 465 18 18 of
3152 472 39 14 onei

2830 490 18 10 in
2858 484 42 18 each
2909 490 9 12 c
2926 490 30 14 ise,
2968 485 30 18 the
3006 487 56 18 terms
3073 488 19 17 to
3103 488 20 17 be
3141 493 58 18 cumnL.

2831 512 36 12 was
2876 507 89 23 imposed.
2993 509 76 23 Panapa
3083 511 18 17 te
3127 507 2 25 ■

2831 531 61 16 father
2909 531 19 17 of
2942 531 31 18 the
2990 531 36 21 lad,
3045 533 56 18 asked
3118 534 13 17 if
3153 535 27 19 the
3190 527 12 25 V

2834 560 16 7 ■■••
2862 553 28 17 old
2900 559 35 12 acci
2944 555 16 22 pi
2974 557 88 20 payment
3073 556 40 18 inst
3127 557 15 18 u3
3154 559 17 17 of
3179 566 17 13 so

2832 577 35 17 him
2879 581 18 11 to
2907 582 11 17 g
2927 580 29 14 iol.
2982 578 38 18 The
3033 579 94 18 chairman
3146 583 59 22 stated]

2831 599 52 18 there
2892 599 44 18 us«?d
2946 603 20 14 to
2975 601 23 16 he
3007 608 10 10 a
3025 605 71 14 custom
3107 604 34 16 v.]..

2831 622 83 23 demnity
2925 627 17 12 ->;
2954 627 41 13 lour
3004 625 54 17 times
3069 626 33 17 the
3111 632 21 11 an

2831 646 60 21 might
2901 646 22 15 he
2932 647 87 22 accepted
3030 648 46 18 from
3091 650 55 17 nativi

2831 669 20 17 of
2858 669 108 17 restitution
2972 670 37 18 but
3016 671 38 18 this
3069 678 37 10 was
3123 674 71 19 omitted
3201 669 4 26 i

2831 692 31 16 tin-
2871 698 40 10 neu-
2922 692 84 19 criminal
3016 695 45 16 code
3069 695 38 17 and
3116 696 52 17 could
3178 702 27 16 not]

2831 714 22 18 be
2867 715 93 22 accepted.
2994 716 48 18 Hint
3057 718 132 24 Eangimafini,
3200 730 8 11 -,.

2832 738 20 17 of
2859 738 33 17 the
2900 738 75 23 culprit,
2993 740 47 18 then
3047 740 100 19 addressed
3164 744 41 17 tia-r

2831 766 16 11 at
2857 761 64 23 Length
2930 763 74 21 Mating
3010 763 42 17 that
3059 764 26 17 all
3098 765 110 22 assembled,

2831 784 21 17 of
2859 784 33 17 the
2909 784 121 25 Tuhourahgi
3047 787 49 17 tribe
3113 788 37 17 and
3167 789 43 24 they]

2832 808 54 16 Jnueh
2894 807 34 18 the
2936 809 81 20 position
3024 809 22 18 in
3051 810 63 18 which
3128 817 34 11 one
3178 810 32 19 i,!'V

2831 830 79 18 number
2923 831 36 17 had
2976 832 66 22 placed
3057 833 82 18 himself.
3164 836 42 19 Huh

2832 854 32 15 the
2874 853 58 18 bench
2948 855 62 17 would
3019 858 64 20 accept
3090 857 32 17 the
3131 859 79 21 usualini

2832 876 41 23 nity
2880 877 39 17 and
2926 877 16 17 if
2947 883 44 12 ever
3006 879 32 17 the
3052 879 32 17 lad
3097 886 52 12 came
3165 887 23 18 up
3200 890 10 11 »,

2831 900 44 21 they
2886 901 60 16 would
2953 901 31 17 ask
2993 906 29 12 lor
3030 909 25 10 no
3061 903 91 23 leniency,
3158 910 32 12 nor

2831 923 44 21 they
2885 924 42 20 give
2936 924 38 17 him
2991 925 50 17 their
3052 927 127 18 countenance
3192 933 13 13 at

2831 946 38 16 The
2876 946 95 19 chairman
2980 949 77 21 pointed
3067 951 32 15 out
3109 951 41 15 that
3159 951 15 16 it
3182 958 26 11 \v„-

2831 968 32 18 the
2872 970 39 16 first
2928 970 46 18 time
2988 972 32 16 the
3036 972 32 17 lad
3084 973 37 17 had
3138 973 45 18 been
3196 975 14 19 he

2831 992 32 16 the
2881 992 58 18 bench
2956 994 91 23 similarly
3062 996 88 21 charged.
3175 998 17 16 I{
3193 1005 7 10 e
3211 992 2 26 j

2831 1015 45 17 then
2893 1016 46 18 been
2954 1017 91 23 leniently
3058 1018 49 18 dealt
3119 1020 44 16 with
3180 1022 27 17 and

2831 1039 59 16 bench
2900 1039 54 17 could
2963 1043 32 14 not
3006 1043 83 15 .-auction
3099 1049 10 10 a
3116 1043 55 16 lesser
3186 1039 4 23 i
3193 1052 14 10 M
3208 1039 1 23 .

2831 1062 47 16 than
2902 1068 42 11 now
2965 1064 90 22 imposed.
3081 1065 48 17 Hira
3146 1065 42 18 then
3201 1074 9 12 »

2832 1085 42 22 why
2892 1086 82 16 children
2983 1086 58 19 under
3050 1093 35 18 age
3094 1093 48 13 were
3155 1095 58 15 comtmi

2832 1109 19 17 to
2860 1108 43 23 gaol
2912 1109 81 18 whereas
3003 1111 18 15 in
3031 1111 68 21 selling
3107 1111 49 19 their
3166 1112 48 21 landti

2833 1137 45 12 were
2893 1133 32 16 not
2944 1133 79 17 allowed
3040 1135 19 17 to
3076 1133 64 19 decide
3157 1135 28 18 for
3198 1138 15 16 tl

2831 1154 66 19 selves?
2911 1156 38 16 The
2963 1156 96 19 chairman
3066 1157 73 23 replied
3146 1158 32 18 the
3184 1163 31 16 mat]

2831 1184 47 10 wen?
2895 1179 67 22 totally
2978 1180 83 17 distinct.
3087 1181 19 17 It
3123 1187 37 11 was
3169 1183 26 17 noi

2831 1201 80 23 possible
2920 1203 19 16 to
2949 1202 60 18 admit
3014 1203 34 18 the
3054 1203 31 18 lad
3096 1205 20 17 to
3125 1204 86 23 probation

2831 1224 37 18 this
2876 1230 40 12 was
2922 1226 34 17 not
2974 1225 29 19 his
3010 1226 40 18 first
3065 1228 76 16 offence.
3166 1228 44 19 Thes

2831 1246 106 25 youth'was
2952 1249 43 17 then
3012 1249 82 24 charged
3110 1250 44 18 with
3175 1251 13 18 bi

2831 1270 38 18 and
2876 1271 88 23 entering
2968 1272 34 18 the
3008 1272 35 18 bar
3061 1272 130 22 GfthoGeysci
3203 1276 9 16 ];

2831 1299 23 12 on
2864 1293 32 18 the
2905 1294 53 23 night
2967 1297 19 15 of
2993 1296 32 16 the
3038 1296 44 17 24th
3091 1297 37 16 inst
3137 1299 36 15 and
3184 1303 16 11 ■•„

2831 1318 31 16 the
2872 1323 40 10 sum
2930 1319 20 15 of
2958 1320 20 14 (is
2987 1319 23 16 (id
3020 1319 32 16 the
3061 1321 89 21 property
3160 1321 19 16 of
3194 1321 16 18 Mi

2831 1341 23 17 L,
2862 1341 25 16 D.
2896 1340 77 18 Nathan
2982 1342 37 16 and
3025 1342 32 17 Co.
3076 1342 88 19 ConstaH

2831 1369 47 18 gave
2893 1368 13 13 a
2912 1363 49 18 brief
2968 1365 76 18 outline*
3049 1365 21 18 of
3084 1365 33 19 the
3130 1365 66 24 charge
3208 1376 9 9 -..■

2832 1386 58 19 which
2921 1386 32 19 the
2980 1389 98 21 following
3107 1389 85 18 evidence,

2831 1410 87 17 heard;—
2920 1410 78 19 Charles
3003 1411 83 18 Edward
3100 1412 75 22 Nekon,
3186 1413 29 18 Ho:

2831 1433 19 17 of
2859 1433 31 18 the
2900 1434 69 21 Geyser
2979 1434 64 19 Hotel,
3053 1435 61 17 stated
3123 1435 41 18 that
3181 1437 36 22 prior

2831 1457 31 17 the
2872 1457 43 17 24th
2925 1457 38 16 inst
2979 1457 24 17 he
3019 1458 38 16 had
3073 1464 25 11 on
3115 1462 38 14 two
3169 1461 47 17 occasi

2831 1480 35 16 lost
2876 1480 53 16 small
2939 1485 50 13 sums
2998 1480 20 19 of
3033 1486 65 18 money
3117 1482 48 17 from
3182 1482 26 18 the

2831 1503 36 17 and
2877 1503 63 21 seeing
2954 1504 61 16 marks
3025 1504 20 17 of
3061 1505 101 22 footprints
3179 1506 39 19 there-:

2831 1524 103 20 instructed
2947 1526 31 18 Mr
2995 1528 73 16 Burton
3085 1529 19 16 to
3119 1533 75 18 prepare
3208 1535 10 13 so

2831 1550 46 16 stutt'
2892 1549 54 17 made
2963 1550 19 18 of
3000 1547 88 21 indelible
3104 1551 33 17 ink
3153 1553 35 15 and
3203 1558 13 17 gi

2830 1573 69 16 aniline
2908 1573 76 21 powder
2993 1573 61 18 which
3067 1580 37 11 was
3122 1575 81 18 smeared
3212 1582 6 12 oi

2830 1596 103 16 cardboard
2946 1596 37 17 and
3003 1598 35 21 put
3055 1597 56 17 down
3132 1603 24 12 on
3170 1598 30 18 the
3211 1599 6 18 i

2830 1619 84 17 between
2924 1619 31 17 the
2972 1620 36 16 end
3017 1620 20 17 of
3045 1620 33 18 the
3091 1624 77 14 counter
3177 1621 31 18 and
3217 1619 1 21 :

2831 1642 41 17 wall
2890 1647 23 12 on
2923 1643 93 21 flieuight
3026 1645 19 15 of
3054 1643 32 17 the
3095 1644 51 17 24th.
3170 1644 48 19 When

2831 1664 71 24 opened
2910 1665 33 18 the
2951 1665 90 19 bar'nes-t
3048 1667 90 21 morning
3158 1668 23 16 he
3196 1673 22 13 sa»

2830 1688 49 23 right
2891 1689 91 22 footprint;
3000 1695 23 11 on
3041 1690 32 17 the
3090 1691 68 16 aniline
3174 1690 31 23 dye

2832 1712 63 16 traced
2904 1713 15 15 it
2929 1713 81 16 towards
3017 1713 32 17 the
3058 1714 36 16 till.
3120 1714 29 16 He
3158 1714 59 18 missed

2830 1735 87 21 together
2924 1737 19 15 (is
2953 1736 23 16 (id
2986 1736 60 17 which
3055 1737 38 16 had
3106 1734 47 20 bees
3170 1737 45 19 there

2829 1759 32 16 the
2877 1758 86 23 previous
2983 1760 62 20 night.
3071 1760 30 17 Ho
3122 1760 85 18 followed
3217 1758 1 23 I

2829 1784 58 15 stains
2896 1781 53 17 made
2965 1782 26 22 by
3000 1782 32 18 the
3041 1782 35 23 dye
3092 1785 33 15 out
3133 1784 20 16 of
3169 1784 31 16 the
3212 1784 6 18 di

2829 1811 60 11 across
2899 1805 31 16 the
2939 1806 51 18 road,
3003 1812 26 16 up
3043 1808 19 15 to
3071 1805 32 18 the
3112 1807 65 22 bridge
3184 1808 31 16 ami

2829 1828 31 17 the
2869 1828 66 21 bridge
2944 1829 77 21 leading
3029 1831 20 15 to
3066 1830 33 17 the-
3115 1835 29 17 pa.
3170 1831 29 16 He
3212 1831 6 17 t!

2829 1851 148 18 communicated
2984 1852 45 17 with
3037 1853 32 16 the
3078 1854 65 21 police'.
3168 1854 48 17 After

2829 1874 59 23 police
2897 1880 51 11 came
2957 1876 78 17 accused
3045 1882 38 11 was
3092 1876 97 17 examined
3196 1877 14 17 in

2829 1903 87 15 presence
2941 1898 19 17 of
2981 1899 76 17 witness
3073 1899 38 17 and
3132 1899 31 18 Mr
3183 1901 35 16 Bun

2829 1921 62 16 Stains
2907 1921 21 17 of
2940 1921 32 18 the
2980 1927 58 18 green
3047 1921 35 24 dye
3101 1929 46 10 were
3165 1923 52 18 found

2829 1941 29 20 his
2874 1944 53 21 right
2943 1945 40 16 foot
3001 1946 147 22 corresponding
3167 1947 43 16 with

2829 1967 77 22 imprint
2916 1973 24 12 on
2957 1968 31 16 the
3005 1968 109 18 cardboard.
3141 1967 39 19 The
3195 1975 23 13 mo:

2829 1990 94 24 belonged
2928 1992 19 16 to
2957 1991 22 17 L.
2989 1992 24 16 D.
3022 1992 77 17 Nathan
3108 1992 38 18 and
3160 1993 31 17 Co.

2852 2014 69 17 Gerald
2936 2014 70 17 Parker
3024 2015 79 19 Burton,
3123 2016 51 17 clerk
3189 2017 17 17 at

2831 2037 69 24 Geyser
2909 2037 58 18 Hotel
2980 2042 47 17 gave
3043 2038 86 17 evidence
3146 2045 19 10 as
3182 2037 19 20 to
3215 2037 3 25 ]

2829 2061 67 23 paring
2909 2061 32 17 the
2951 2061 112 17 cardboards
3074 2062 94 21 produced
3177 2062 33 18 and

2829 2090 73 11 reasons
2913 2084 28 17 for
2949 2084 59 22 doing
3017 2091 20 11 so
3054 2085 37 17 and
3108 2086 94 22 generally
3217 2084 1 24 c

2829 2106 98 19 roborated
2937 2107 32 18 the
2978 2108 102 23 testimony
3089 2108 20 18 of
3126 2109 32 16 the
3175 2109 43 22 previ

2829 2131 80 16 witness.
2942 2127 39 21 tue
2987 2131 80 18 accused
3078 2130 39 19 had
3135 2132 56 16 admit
3196 2133 22 16 Id!

2829 2155 74 15 witness
2913 2153 41 17 that
2961 2154 23 16 he
2993 2155 37 16 had
3037 2155 48 16 been
3101 2155 19 17 in
3137 2155 32 17 the
3188 2155 27 17 bar

2828 2177 52 17 throe
2895 2176 93 19 occasions
3005 2177 40 18 arid'
3056 2179 57 17 taken
3130 2183 67 17 money
3212 2184 6 11 n

2828 2200 20 21 it,
2871 2200 37 17 and
2930 2200 43 17 that
2992 2200 24 17 lie
3036 2201 38 17 had
3094 2201 74 18 entered
3189 2202 21 22 by

2828 2223 80 19 window
2923 2222 37 18 and
2975 2229 49 17 gone
3033 2226 33 16 out
3076 2228 24 19 by
3111 2224 32 18 the
3156 2224 49 18 door,

2829 2248 59 20 eoing
2896 2247 40 17 into
2945 2247 32 17 the
2991 2247 35 17 bar
3040 2248 20 16 in
3074 2248 32 17 the
3120 2247 87 24 morning
3215 2247 3 24 t

2828 2276 45 11 nesvr
2880 2270 58 17 found
2947 2270 32 17 the
2991 2271 33 22 top
3037 2271 41 17 sash
3097 2272 19 16 of
3132 2272 33 16 the
3183 2271 35 17 wine

2828 2294 55 16 down
2893 2294 37 16 and
2939 2293 33 18 the
2986 2294 47 17 door
3045 2294 78 22 leading
3139 2294 70 19 outside

2828 2316 72 18 locked.
2927 2317 18 17 It
2954 2316 37 18 had
3001 2317 46 17 been
3056 2318 83 22 securely
3154 2318 61 17 locked

2829 2346 23 11 on
2862 2340 36 16 the
2908 2340 86 22 previous
3011 2341 62 21 night.

2853 2361 101 19 Constable
2964 2363 77 23 Murray
3051 2370 47 15 gave
3108 2364 87 18 cxidenco
3210 2370 8 11 ai

2829 2386 31 17 the
2869 2388 59 15 arrest
2938 2387 19 16 of
2966 2387 32 16 the
3007 2388 84 19 accused,
3102 2388 37 17 and
3149 2389 19 15 to
3179 2384 29 21 the

2829 2410 75 16 mission
2914 2410 20 16 of
2947 2410 49 21 guilt
3012 2410 55 17 made
3083 2410 26 23 by
3125 2411 37 17 him
3179 2411 39 18 throi

2828 2433 32 16 the
2868 2433 81 16 licensed
2955 2433 112 22 interpreter
3075 2434 32 17 Mr
3111 2434 82 22 Dansey.
3203 2435 15 16 Tl

2829 2462 37 11 was
2876 2456 44 22 only
2931 2456 22 17 7d
2963 2457 57 16 found
3030 2463 24 10 on
3071 2457 77 18 accused
3162 2457 51 18 when

2828 2479 67 17 rested.
2921 2476 30 20 He
2960 2480 40 17 said
3008 2480 24 17 he
3041 2480 38 17 had
3095 2480 37 17 lost
3147 2480 33 17 the
3196 2487 22 10 res

2829 2502 81 23 '•Nap."

2852 2525 83 17 Accused
2944 2526 42 16 who
2995 2527 38 16 had
3042 2527 82 21 nothing
3132 2529 20 14 to
3161 2533 32 11 say
3202 2527 15 16 in

2827 2553 33 18 pry
2867 2552 19 13 to
2892 2548 32 18 the
2930 2551 68 20 charge
3005 2555 38 12 was
3045 2550 109 18 committed
3161 2550 20 17 to
3186 2550 24 17 rak-

2828 2572 42 17 trial
2888 2574 19 14 at
2925 2572 31 17 the
2975 2574 46 15 next
3039 2569 91 22 Criminal
3147 2573 71 18 Sessions

2828 2595 105 17 Auckland,
2943 2602 24 10 on
2975 2596 51 16 June
3037 2594 37 18 l'sf.-

2898 2645 163 19 PROMENADE
3068 2647 126 17 CONCERT.

2851 2692 39 17 Tim
2906 2692 65 17 fourth
2986 2699 49 16 open
3052 2693 28 17 air
3097 2694 74 17 concert
3188 2694 17 16 in
3225 2693 9 16 tl

2815 2711 2 29 |
2828 2716 119 16 Sanatorium
2956 2716 88 17 Grounds
3053 2716 75 18 showed
3137 2723 25 10 no
3179 2711 70 23 dirnimi-l

2814 2734 2 31 j
2826 2739 40 17 tion
2875 2739 20 17 of
2906 2739 78 17 interest
2993 2745 24 11 on
3026 2740 32 16 the
3067 2740 43 22 pwrt
3118 2740 21 17 of
3147 2740 32 17 the
3188 2734 77 24 visitotsM

2828 2768 20 11 or
2857 2761 91 18 residents
2965 2763 19 16 in
2993 2763 52 16 these
3055 2763 94 17 functions
3166 2763 37 18 and
3211 2763 54 21 tli.yj.';.

2826 2791 43 16 may
2878 2785 110 17 henceforth
3003 2785 23 17 he
3040 2785 92 27 regarded
3146 2792 20 11 as
3182 2780 83 24 fixturcsM

2827 2808 69 21 during
2910 2808 32 17 the
2958 2815 70 11 season.
3054 2810 40 16 The
3108 2810 104 17 committee
3224 2804 25 30 art]

2826 2832 99 20 deserving
2939 2832 20 16 of
2972 2832 33 17 the
3021 2833 73 17 utmost
3110 2833 59 17 credit
3185 2833 28 17 for
3224 2832 19 17 the

2826 2855 96 21 improved
2940 2856 142 22 arrangements
3097 2856 21 16 in
3142 2857 70 21 respect
3232 2856 11 16 to

2826 2878 84 23 lighting
2919 2878 39 21 &c.-,
2968 2878 38 18 and
3014 2884 21 12 as
3044 2879 22 17 10
3082 2881 34 19 per
3132 2881 43 16 cent
3191 2879 19 18 of
3224 2878 20 18 the

2825 2901 89 22 peoceeds
2930 2901 16 17 is
2952 2902 97 22 regularly
3057 2904 29 15 set
3094 2902 55 23 apart'
3167 2903 30 16 for
3212 2901 31 18 Such

2826 2930 90 17 expenses
2933 2925 38 16 this
2979 2925 137 22 improvement
3133 2926 15 16 is
3165 2925 59 18 bound
3233 2926 10 16 to

2826 2948 94 17 continue.
2946 2948 28 17 On
2984 2947 69 23 Friday
3070 2949 36 17 last
3121 2949 32 17 the
3170 2947 73 23 proceed*

2825 2972 20 15 of
2854 2971 31 16 the
2901 2972 75 15 concert
2984 2977 48 11 were
3041 2972 79 17 devoted
3130 2974 19 15 to
3161 2972 32 17 the
3209 2977 26 16 aug-

2824 2994 105 18 mentation
2938 2994 20 17 of
2963 2994 32 17 the
3012 2995 63 17 school
3085 2996 99 16 children's
3201 3000 32 18 gym-

2824 3017 73 17 nasiura
2907 3017 53 17 fund,
2970 3024 11 10 a
2995 3018 119 22 satisfactory
3128 3020 75 15 amount
3219 3022 25 12 was

2824 3040 85 17 realised.
2934 3041 39 16 The
2998 3041 52 17 vocal
3070 3043 44 21 part
3130 3042 20 17 of
3165 3042 31 16 the
3212 3045 24 19 pro-

2824 3069 84 17 gramme
2926 3069 37 11 was
2981 3064 72 22 opened
3074 3065 46 16 with
3145 3064 32 17 the
3194 3062 49 19 ballad

2825 3086 71 18 '•Little
2982 3087 26 22 by
3024 3087 52 17 Miss-
3088 3088 66 17 Patfie'
3171 3085 72 21 Griffiths

2823 3110 60 16 which
2895 3111 39 15 met
2951 3110 45 17 with
3006 3116 54 16 great
3076 3111 123 22 acceptation,
3209 3110 35 17 Mi~-

2824 3133 56 21 Solby
2889 3133 79 21 playing
2977 3133 208 23 the'accompaniment.
3196 3134 28 17 Mr
3231 3133 12 16 J.

2823 3156 55 17 Cross
2904 3154 94 21 followed,
3022 3157 67 21 giving:
3101 3158 87 16 evidence
3204 3157 18 16 of
3238 3161 6 11 a

2814 3177 1 28 j
2822 3179 66 17 robust
2896 3179 38 17 and
2944 3177 90 25 carefully
3043 3180 74 17 trained
3130 3180 52 18 voice
3190 3180 19 17 in
3222 3180 19 16 11k

2814 3200 1 26 j
2823 3208 48 16 song
2915 3203 77 22 Sailing.
3038 3203 58 17 Later
3120 3209 24 11 on
3167 3204 19 16 in
3210 3208 26 12 con-

2814 3221 1 26 -1
2822 3226 86 21 junction
2918 3226 45 17 with
2974 3226 46 17 Miss
3026 3226 148 17 Cross-the'duet
3184 3226 61 17 "Life's
3251 3221 14 22 E

2814 3244 1 27 j
2822 3248 69 18 Dream
2908 3248 16 17 is
2933 3249 38 17 o'er
3000 3255 38 11 was
3047 3250 96 17 rendered,
3154 3250 31 17 the
3200 3244 65 22 num-B

2823 3273 32 15 her
2863 3272 83 21 evoking
2954 3278 11 10 a
2974 3273 60 16 round
3040 3273 20 16 of
3076 3273 67 21 hearty
3160 3273 37 17 and
3213 3269 52 20 willH

2822 3295 88 16 deserved
2930 3295 96 23 applause.
3052 3296 40 17 Mrs
3116 3296 71 17 Wilson
3208 3300 37 14 sans
3252 3295 2 23 ;

2822 3318 45 17 with
2885 3320 53 20 great
2955 3320 48 15 taste
3020 3319 37 16 and
3073 3320 107 22 expression
3217 3318 28 17 Ihe

2822 3341 56 17 Blind
2895 3341 40 17 Girl
2944 3342 20 16 to
2977 3342 42 16 Her
3035 3342 59 22 Harp.
3133 3342 32 18 the
3182 3347 53 13 accom-

2822 3364 97 23 paniment
2929 3364 58 21 being:
3004 3367 50 15 most
3069 3366 102 21 efficiently
3187 3363 58 24 played

2822 3388 25 22 by
2864 3388 39 16 Mrs
2920 3387 85 18 Gimlets.
3032 3389 46 16 Miss
3095 3388 53 21 Lucy
3163 3387 82 23 Dansey's

2822 3411 101 20 rendering
2931 3411 20 16 of
2981 3411 41 21 Thy
3031 3412 58 17 Voice
3097 3412 15 17 is
3121 3412 51 17 Near
3216 3415 29 13 was

2822 3433 82 18 received
2915 3434 43 16 with
2969 3434 122 19 enthusiasm,
3108 3435 36 17 and
3160 3434 85 21 narrowly

2822 3457 77 22 escaped
2908 3462 24 11 an
2942 3462 72 12 encore.
3047 3459 17 15 A
3081 3458 87 18 selection
3184 3464 21 10 on
3221 3457 24 17 the

2821 3481 57 16 violin
2887 3479 37 18 and
2934 3480 106 24 pianoforte
3049 3481 18 16 in
3077 3481 60 17 which
3147 3481 32 16 the
3188 3481 26 16 air
3229 3480 14 17 of

2880 3503 35 17 hist
2920 3503 48 17 Rose
2974 3504 19 16 of
3104 3502 139 25 predominated!,

2822 3533 37 10 was
2868 3525 67 24 played
2944 3527 26 20 by
2979 3527 31 16 Mr
3019 3527 36 17 and
3071 3528 40 16 Mrs
3120 3527 79 18 Grinders
3216 3525 29 19 and

2821 3549 79 18 listened
2909 3549 20 18 to
2939 3549 44 18 with
2993 3551 43 21 rapt
3045 3551 100 16 attention.
3159 3551 31 16 Mr
3199 3551 34 16 Sam-

2821 3579 40 14 son,
2879 3573 132 21 accompanied
3025 3573 26 21 by
3068 3574 40 17 Mrs
3117 3574 45 17 Keir
3179 3579 37 10 was
3230 3572 14 17 at

2821 3596 28 17 his
2858 3596 40 16 best
2908 3596 19 16 in
2958 3593 111 21 Remember
3086 3597 32 17 Me
3131 3597 30 17 No

2821 3619 36 17 and
2875 3619 31 17 Mr
2915 3619 21 16 B.
2954 3619 79 17 Cinders
3048 3620 79 17 enlisted
3144 3620 32 16 the
3194 3619 51 18 entire

2821 3642 114 21 sympathies
2944 3642 19 17 of
2972 3643 32 16 the
3019 3643 89 17 audience
3122 3643 25 18 bv
3163 3643 30 16 his
3209 3647 26 12 ren-

2821 3664 67 23 dering
2893 3665 22 17 of
2978 3665 51 18 Ever
3045 3666 37 17 and
3092 3667 29 16 for
3220 3665 24 16 Mr

2821 3688 21 17 G.
2859 3688 65 21 Mayes
2937 3694 38 11 was
2989 3695 20 10 as
3028 3689 55 17 usual
3097 3695 44 16 very
3160 3689 53 17 much
3229 3690 14 14 at

2819 3711 55 17 homo
2890 3711 19 17 in
2918 3711 33 17 the
3050 3713 43 16 vein
3122 3713 19 16 in
3151 3712 59 16 which
3226 3711 18 17 lie

2819 3734 92 22 indulges,
2929 3734 37 17 and
2982 3741 21 10 as
3019 3735 33 17 the
3068 3735 57 23 lungs
3149 3735 20 17 of
3193 3734 51 18 comic

2819 3758 71 21 singers
2904 3763 31 11 are
2952 3758 93 22 supposed
3062 3760 20 15 to
3099 3759 22 15 he
3137 3758 61 17 Indict
3212 3756 32 18 and

2819 3780 83 18 weather
2909 3781 58 22 proof
2972 3781 25 17 he
3005 3781 38 18 had
3060 3783 20 15 to
3097 3781 70 19 submit
3181 3782 26 21 to.
3217 3780 26 18 the

2817 3803 101 18 inevitable
2942 3810 72 11 encore.
3044 3805 39 16 The
3108 3805 55 16 Brass
3196 3802 47 19 Baud

2817 3826 69 22 played
2892 3827 73 16 various
2974 3828 97 16 selections
3081 3828 68 22 during
3159 3828 31 16 the
3206 3833 27 10 eve-

2817 3850 47 20 ning;
2873 3850 49 16 their
2930 3850 52 21 rapid
2992 3850 37 17 and
3038 3851 66 22 steady
3113 3850 129 23 improvement

2816 3872 59 23 being
2880 3873 111 22 favourably
3000 3873 117 19 commented
3132 3880 29 12 on.
3188 3873 22 18 So
3219 3878 16 12 se-

2816 3895 81 21 ductive,
2906 3896 20 17 in
2935 3896 45 18 fact,
2991 3902 47 11 were
3047 3897 32 16 the
3089 3897 67 18 strains
3165 3897 19 16 of
3200 3895 43 18 their

2816 3918 59 19 dance
2883 3919 59 17 music
2951 3919 42 17 that
3002 3923 31 14 not
3044 3927 9 9 a
3066 3920 34 16 few
3111 3921 19 16 of
3139 3921 32 16 the
3179 3918 64 24 youths

2816 3942 36 17 and
2862 3942 83 17 maidens
2954 3948 48 11 were
3008 3946 26 14 set
3067 3943 108 22 a-tripping
3183 3948 23 12 on
3215 3942 28 16 the

2815 3966 53 16 eirrht
2882 3965 89 17 fantastic
2988 3968 30 14 toe
3059 3969 19 13 to
3096 3967 31 15 the
3151 3964 92 25 agreeable

2815 3988 86 16 ctdence.

1267 51 59 20 TIIE
1354 52 58 19 HOT
1439 51 93 20 LAKES
1561 50 172 26 OHEONIOLB,
1761 52 190 24 WEDNESDAY,
1980 52 89 19 APRIL
2098 55 16 21 1,
2133 55 49 16 1896

363 282 349 35 ROTORUH.

301 384 31 54 I
363 384 31 54 4
425 384 31 54 m
482 388 38 48 4
574 386 87 50 p
690 386 32 40 8
748 385 32 40 b
807 384 29 38 s
837 413 8 9 a

358 444 128 23 (Eornierly
502 444 41 18 the
564 443 147 22 Parsonage.)

232 536 132 22 PRIVATE
377 537 103 18 BOARD
493 537 66 18 AND
573 535 178 20 RESIDENCE.

450 581 166 20 SITUATION
630 579 210 19 UNRIVALLED.-

359 676 61 24 Mrs
438 677 33 23 D.
495 675 216 25 GRIFFITHS.

550 899 294 45 Ehrenfried
857 898 122 45 Bros

692 954 143 24 BREWERS,

629 986 107 21 ALBERT
751 986 150 23 BREWERY,

570 1018 218 24 QUEEN-bTKEET,
803 1016 157 21 AUCKLAND

569 1071 68 16 WINE
650 1071 49 15 AND
711 1070 80 18 SPIRIT
802 1068 156 19 MERCHANTS,

590 1098 122 16 BOTTLERS
724 1098 51 15 AND
791 1096 145 19 IMPORTERS,

633 1121 27 18 •13,
675 1124 132 12 QUEEN-fcTHEET
823 1122 70 12 'WHARF.

640 1171 50 11 PKIZ-K
702 1171 59 11 MEDAL
772 1171 35 10 AND
819 1170 72 11 AWATCDS

548 1194 24 15 At
581 1193 28 16 the
624 1192 89 17 following
730 1192 112 16 Exhibitions
857 1191 27 15 for
893 1196 32 10 our
933 1191 37 15 well-

643 1214 61 16 known
718 1213 45 16 Bulk
772 1212 33 17 and
815 1209 69 20 Bottled

659 1235 48 16 ALE
719 1234 50 17 AND
781 1233 87 18 STOUT:

547 1263 70 19 Sydney
626 1261 124 17 International
760 1261 107 18 Exhibition,
879 1261 47 16 IS7O.

547 1284 101 15 Melbourne
657 1282 128 17 International
790 1282 109 19 Exhibition,
910 1282 69 15 ISSO-81

547 1305 43 15 New
597 1304 74 17 Zealand
680 1304 94 16 Industrial
777 1303 110 21 Exhibition,
891 1303 78 21 Welling-

591 1329 35 16 ton,
638 1327 47 15 1885.

546 1347 44 16 New
610 1346 74 17 Zealand
699 1347 33 15 and
746 1348 54 14 South
813 1347 41 15 Seas
871 1346 108 16 Exhibition.

590 1369 87 16 Dunediu.
689 1369 78 16 1880-90.

547 1390 21 16 In
577 1390 76 16 addition
663 1392 17 14 to
690 1390 53 16 above
751 1390 44 16 have
812 1390 43 15 been
870 1388 80 16 awarded
964 1389 16 15 at

590 1412 104 15 Tasinanian
726 1411 109 19 Exhibition,
863 1410 116 19 Lauuceston,

591 1433 79 16 1891-92.

633 1462 57 18 FIVE
702 1464 70 16 FIRST
790 1462 104 18 AWARDS

747 1490 33 11 roit

556 1506 68 17 BULK
635 1506 110 16 BOTTLED
760 1506 57 16 ALES
836 1506 51 16 AND
906 1505 74 17 STOUT

741 1528 47 17 Also.

635 1550 250 31 CHAMPIONSHIP

577 1587 64 24 Gold
654 1587 86 24 Medal
751 1588 27 23 of
788 1587 167 23 Australasia

652 1623 73 11 AOAINST
736 1623 98 10 AI.I.CoMEItS
845 1623 32 11 roll

549 1645 90 23 BULK
653 1645 69 23 AND
741 1645 146 23 BOTTLED
902 1645 65 22 ALE

639 1698 72 16 Hayir.>r
720 1703 9 11 a
739 1697 58 20 Larjre
805 1696 52 16 Stock
866 1697 17 15 of

658 1721 48 18 ALE
718 1723 51 16 AND
781 1722 83 19 STOUT,

548 1749 68 16 Rottled
624 1748 16 17 in
650 1753 51 15 quart
710 1750 33 15 and
759 1750 38 19 pint
811 1749 68 17 bottle'",
896 1748 83 21 specially

546 1771 67 15 brewed
621 1771 28 15 for
657 1771 28 15 the
694 1775 73 12 Rummer
776 1771 54 16 trade,
842 1770 54 15 which
905 1774 29 11 arc
941 1774 38 11 now

546 1791 104 21 thoroughly
659 1792 84 16 matured,
756 1797 31 10 can
802 1791 42 16 with
859 1797 51 14 every
924 1791 45 15 confi-

545 1813 52 15 dence
609 1813 106 16 recommend
730 1818 46 10 same
792 1816 17 12 to
824 1817 120 12 cwraoittoeurv
960 1818 19 9 as

545 1835 61 15 second
615 1837 18 12 to
641 1839 44 10 none
694 1834 16 16 in
722 1834 27 15 the
758 1834 72 18 Colony.

569 1883 88 23 (Under
665 1883 129 23 Vice-regal
809 1882 146 24 Patronage.)

546 1915 38 28 rp
597 1916 15 17 O
637 1915 209 18 TOURIST
865 1915 18 21 S,
908 1915 17 18 E
939 1920 10 12 r
961 1921 17 10 <.

551 1932 22 26 JL
600 1943 115 13 JSEAI7TIITI,
724 1943 99 12 3'KKSKNTS
837 1943 37 12 Foil
883 1940 63 16 IfOJIE,

567 1962 50 22 Very
634 1961 109 19 Handsome
758 1962 62 16 Inlaid
841 1962 72 20 Tables;
929 1962 37 17 Cab-

543 1985 55 20 inets,
612 1985 59 17 Jewel
685 1985 60 19 Cases,
761 1987 42 17 etc.,
819 1985 26 17 nil
859 1984 54 18 made
930 1985 48 17 from

544 2008 32 18 the
584 2009 55 16 finest
645 2008 20 17 of
671 2008 46 17 New
724 2008 99 17 Zealand's
831 2009 66 16 Forest
902 2008 76 17 Woods.

544 2032 110 17 Patronised
663 2031 26 22 by
699 2032 35 16 His
743 2031 114 23 Excellency
866 2031 32 18 the
907 2031 46 18 Earl
958 2031 21 18 of

544 2054 94 24 Glasgow,
649 2054 54 19 K.C.,
718 2055 82 19 8.M.G.,
818 2054 38 18 and
870 2054 66 22 nearly
953 2054 25 17 till

543 2078 32 17 the
584 2078 86 22 nobility,
682 2077 70 19 British
761 2078 37 17 and
805 2077 81 24 Foreign
894 2078 82 20 Officers,

543 2101 37 17 and
590 2103 68 21 gentry
668 2101 42 17 who
725 2101 46 17 have
786 2101 67 17 visited
868 2101 47 17 New
930 2101 36 17 Zea-

543 2124 51 17 land.

576 2148 27 16 W.
617 2146 108 21 NORRIE,
732 2148 40 20 Top
781 2148 20 16 of
810 2147 138 18 Snortland-st.

122 997 71 22 fNION
207 995 137 18 STEAMSHIP
360 995 115 16 COMPANY
494 995 29 16 OF

175 1018 58 17 NEW
245 1018 113 16 ZEALAND
367 1016 81 16 Limited.

153 1054 124 16 I'KOi'OSED
289 1053 168 16 DEPABIURES.

224 1085 49 16 FOR
285 1083 100 18 SYDNEY.

89 1115 231 18 anamßmnmsmm

165 1159 49 15 ■KOli
225 1157 133 17 SUU'fHEkN
367 1157 57 14 fOKI
430 1157 17 14 8.

89 1194 98 16 Takai'uxa
195 1199 52 16 every
256 1193 76 20 Monday

90 1215 129 18 Mahixapua
229 1220 56 17 every
291 1214 104 21 Thursday.

89 1237 116 23 Demjadee,
218 1238 93 23 Tuesday,
318 1237 55 23 April
384 1237 26 21 14,
419 1237 54 22 sp.m

140 1415 112 20 TDDART,
277 1414 111 19 PARKER,
410 1411 53 19 AN'D
485 1411 38 19 CO.

112 1485 96 22 Splendid,
219 1482 162 25 Well-appointed
386 1482 93 19 Steamers
485 1481 39 18 will

88 1508 23 18 be
120 1507 114 24 despatched
244 1509 48 16 from
301 1509 118 17 Auckland,
430 1511 19 11 as
464 1505 61 17 under

87 1531 91 24 (weather
194 1531 38 18 and
251 1531 54 17 other
322 1529 142 19 circumstances
480 1533 33 18 per-

88 1554 84 22 mitting)
180 1559 29 13 :~-

88 1578 41 18 FOB
136 1577 136 20 GIKBORNE,
279 1574 104 23 NAPIER,
391 1575 116 17 WELLING-

110 1601 57 21 TON,
178 1600 158 19 LYTTELTON,
347 1600 15 17 &
370 1598 129 20 DUNEDIN,

87 1624 101 21 Anglian,
198 1625 103 18 Tuesday,
318 1623 54 22 April
385 1623 16 19 7,
413 1623 20 16 12
442 1627 57 12 noon.

87 1647 106 18 Tasmania
235 1648 101 19 Tuesday,
345 1645 55 24 April
405 1645 57 21 21,12
473 1650 51 12 noon

216 1693 50 18 FOR
282 1692 111 20 SYDNEY,

134 1716 115 24 (Returning
261 1719 20 15 to
290 1715 99 18 Auckland
397 1714 79 23 Direct.)

88 1740 93 23 Carrying
202 1740 113 23 Passengers
336 1739 29 18 for
387 1738 135 21 Melbourne,

99 1764 54 16 other
159 1764 131 18 Australian
298 1763 71 19 Ports,
376 1761 37 17 and
419 1761 91 21 Hobaut,

89 1791 107 17 Tasmania
243 1790 103 21 Tuesday,
360 1789 52 22 April
426 1789 36 20 7,4
475 1794 47 17 p.m.

89 1814 102 18 Anglian.
200 1814 106 20 .Monday,
316 1813 88 22 April2o,
415 1813 9 17 7
433 1817 45 18 p.m.

111 1841 30 17 All
151 1841 74 17 Tickets
233 1848 31 10 are
273 1841 92 17 available
374 1840 38 16 also
427 1840 29 16 for
466 1840 45 22 Stop-

87 1870 45 11 over
139 1870 21 12 or
169 1865 73 17 Return
256 1864 26 23 by
294 1864 54 17 ANY
365 1863 84 17 UNION
463 1863 60 17 CO.'S

87 1886 141 23 STEAMERS,
239 1889 37 15 and
284 1887 74 17 holders
368 1887 20 16 of
396 1886 66 17 U.S.S.
480 1886 43 17 Co's

88 1910 74 18 Tickets
183 1917 44 16 may
244 1910 60 18 travel
320 1910 25 23 by
367 1909 116 17 ANGLIAN
501 1915 22 11 or

87 1934 141 17 TASMANIA.

186 1963 22 17 L.
222 1963 24 17 D.
256 1963 107 17 NATHAN
377 1963 15 15 &
405 1961 45 21 CO.,

417 1985 79 23 Agents.

283 2029 147 19 STEAMSHIP
456 2029 48 17 COM-

85 2046 37 28 _L>
195 2053 78 21 PANY,
291 2053 118 17 LIMITED.

219 2099 167 18 TIME-TABLE.

84 2131 84 17 Weather
176 2132 34 15 and
217 2131 48 17 Other
272 2131 131 16 circumstances
408 2131 109 20 permitting.

85 2198 71 16 Leave
165 2197 143 18 AUCKLAND
322 2201 14 13 Fi

372 2197 146 16 TAURANGA.

85 2230 94 18 Waiotahi
228 2230 62 22 Every
299 2229 85 22 Tue»iday
393 2229 19 17 at
422 2231 9 14 0
437 2234 45 17 p.m.

85 2253 118 18 Chelmsford
252 2266 11 8 ~
297 2252 69 22 Friday
376 2253 19 16 at
404 2253 10 16 3
425 2258 45 16 p.m.

298 2276 119 21 passengers,
420 2274 50 23 only.

88 2310 68 16 Leave
168 2309 140 16 TAUKANGA
319 2312 35 13 fob
369 2309 148 15 AUCKLAND.

173 2415 248 45 NOTICE.

87 2507 196 32 FRANKTON
309 2505 206 34 JUNCTION

250 2541 112 31 HOTEL.

83 2599 205 46 PASSENGERS
303 2599 27 24 by
346 2599 52 19 train
414 2601 21 17 to
450 2599 52 19 Auck-

275 2625 54 19 land.

87 2675 156 27 TRAINS
253 2676 27 24 st
285 2681 38 26 op
329 2674 42 26 20
377 2674 140 26 minutes

96 2711 21 17 at
124 2709 34 19 the
167 2709 106 18 Plankton
280 2708 97 18 Junction
386 2708 31 18 for
424 2707 79 19 dinner.

108 2735 43 19 The
175 2734 137 24 undersigned
340 2733 37 19 lias
407 2733 110 19 first-class

83 2761 65 19 Meals
161 2761 61 24 ready
233 2761 42 18 and
284 2760 70 19 served
364 2766 26 12 on
405 2760 73 19 arrival
496 2761 22 18 of

82 2787 27 18 iill
122 2787 69 19 trains.

84 2813 220 46 William
337 2812 176 55 Geaeh,

139 2869 318 24 PROPRIETOR.

85 2922 148 23 Hancock's
241 2921 97 23 XXXX
344 2921 63 23 Ales
416 2921 100 30 always

214 2955 33 15 on
258 2947 126 28 Draught.

120 3080 68 12 THAUE
416 3078 58 13 MARK

236 3194 55 19 ASK
307 3194 53 20 FOR

84 3257 48 35 11
145 3260 44 31 A
202 3259 36 31 IN
259 3247 33 43 C
309 3247 37 42 O
362 3247 33 42 C
411 3262 45 27 IV
471 3247 28 43 S

206 3318 184 21 CELEBRATED

262 3371 86 31 XXXX

193 3428 214 52 ALES,

213 3487 58 12 MADE
280 3486 54 14 FROM
344 3486 41 13 THE

88 3512 115 32 FINEST
229 3511 87 31 WALT
338 3511 63 31 AND
419 3511 96 36 HOPS,

122 3594 52 14 FREE
187 3594 55 13 PROM
255 3594 39 13 AEL
307 3593 127 14 ANTISEPTICS
447 3594 24 13 OR

188 3621 140 12 DELETERIOUS
346 3619 64 14 ACIDS.

85 3676 139 32 CAPTAIN
247 3676 82 32 COOK
347 3676 166 37 BREWERY,

187 3714 191 20 NEWMARKET.

88 3770 228 47 Blooker's
365 3770 148 54 DuteL}

220 3843 158 46 Coeoa.

82 3925 140 33 Highest
231 3927 125 24 awards
369 3926 33 25 at
415 3932 101 26 every

205 3966 194 26 Exhibition.

116 4017 65 25 The
193 4015 99 27 latest
304 4015 28 25 is
344 4015 54 25 the
419 4016 96 26 Cross

85 4050 33 25 of
123 4050 111 25 Honor
248 4050 34 24 at
297 4048 54 25 the
372 4048 123 26 Amster-

83 4083 73 25 dam
165 4081 188 27 Exhibition
362 4080 90 31 1895,
461 4081 54 25 the

82 4115 128 32 highest
218 4114 138 33 possible
366 4114 116 25 award.

1027 115 43 43 G
1084 116 44 17 EO
1132 115 160 43 'M°A

1223 117 14 17 C
1260 117 16 20 A
1303 115 75 17 ULE
1387 115 24 19 Y,

1003 185 124 23 Plumber
1143 185 22 22 &
1175 184 113 24 General
1300 183 137 24 Mechanic

1001 389 114 20 BARBER
1138 391 61 19 AND
1227 391 208 24 HAIRDRESSER,

1001 423 92 43 BEGS
1103 427 21 17 to
1135 432 106 13 announce
1251 426 44 19 that
1302 426 26 19 ho
1339 426 37 19 has
1383 433 53 12 00111-

1068 452 84 18 mencod
1164 452 92 18 business
1267 452 21 18 in
1299 452 34 19 the
1349 452 51 25 shop
1416 452 20 19 in

1002 478 33 19 the
1051 476 33 19 oH
1100 480 61 21 town,
1182 478 95 24 formerly
1297 478 95 25 occupied
1409 478 27 25 hy

1001 504 33 18 Mr
1044 503 124 24 MoFftdyen,
1178 503 85 24 saddler,
1281 504 42 18 and
1338 504 63 25 hopes
1416 506 20 17 to

1001 530 59 19 merit
1072 536 11 12 a
1093 531 59 17 share
1164 530 21 18 of
1195 529 34 20 the
1241 530 68 25 public
1319 535 89 20 support.

1084 562 159 21 RAZORS
1272 564 76 19 SET.

1024 613 22 18 A
1055 613 84 18 Choice
1150 613 152 18 Assortment
1315 613 27 18 of
1352 613 84 18 Tobao

1001 641 46 17 cos,
1058 636 86 27 Cigars,
1155 636 130 23 Cigarettes
1293 635 19 19 &
1319 636 117 18 Smoker's

1002 659 139 23 Requisites.

1050 854 45 19 EW
1121 854 134 19 ZEALAND
1276 854 158 19 RAILWAYS.

1107 903 115 16 Auckland
1238 903 92 16 Section.

567 2204 37 40 3,
649 2204 43 49 9.
736 2204 212 49 WpTL©^,

545 2273 154 26 IMPORTER
712 2274 60 24 AND
786 2274 188 25 COMMISSION

702 2300 108 26 AGENT.

556 2349 13 17 A
598 2349 86 17 LARGE
692 2350 37 16 ami
739 2349 139 19 well-assorted
886 2350 53 17 stock
957 2350 17 16 of

541 2404 122 23 Crockery,
691 2404 135 21 Glassware,

598 2427 174 24 Ironmongery,
783 2428 105 23 Drapery
897 2427 20 19 &

697 2451 135 18 Household
842 2451 132 19 Furniture.

575 2479 76 21 Always
661 2484 23 12 on
694 2479 50 18 hand
753 2480 20 17 at
783 2480 74 17 Lowest
870 2479 69 18 Prices.

539 2510 58 18 Also
619 2510 84 18 Totara
729 2511 70 18 Posts
823 2511 47 17 and
895 2511 79 17 House

552 2533 85 18 Blocks
646 2535 25 16 at
680 2534 99 18 reduced
788 2535 63 17 rates
860 2537 25 15 to
895 2536 66 16 clear.

563 2597 32 16 All
604 2597 132 18 Commissions
745 2597 71 18 receive
824 2599 77 21 prompt
910 2599 53 16 atten-

539 2619 47 18 tion.

541 2667 51 44 M
592 2668 17 18 E
638 2667 54 45 B.
731 2668 55 44 P.
825 2668 42 44 G
871 2669 96 18 IXDEES
969 2667 4 45 '

630 2720 249 22 SURGEOX-DENTIST,

680 2749 25 17 Of
720 2750 112 18 Masterton.

541 2780 38 43 IS
590 2780 77 24 making
677 2787 10 11 a
696 2781 52 17 short
757 2782 43 17 visit
809 2784 20 14 to
837 2782 89 21 Rotorua,
936 2782 37 17 and

590 2810 44 16 may
651 2805 23 16 be
691 2805 97 17 consulted
804 2806 21 16 at
844 2805 28 17 Dr
888 2805 85 17 Ginders'

541 2827 92 18 residence
642 2827 30 18 for
680 2834 11 10 a
697 2828 35 16 few
741 2829 65 16 weeks.

564 2850 103 22 Intending
676 2851 81 21 patients
772 2851 67 23 kindly
852 2851 53 18 make
922 2851 51 23 early

541 2876 139 17 encasements.

540 2930 210 19 BRUNNERTQN
757 2930 108 19 RELIES
865 2930 4 20 1
879 2931 93 19 FUND.

574 2980 200 26 Promenade
794 2981 145 26 Concert.

628 3021 108 25 (Weather
747 3022 138 26 permitting.)

540 3073 234 20 SANATORIUM
795 3074 177 20 GROUNDS.

601 3125 90 24 FiudaT,
706 3130 66 16 Apkil
784 3128 47 22 3rd,
848 3128 57 18 1896.

564 3161 26 18 In
600 3161 33 18 aid
644 3161 20 18 of
675 3161 34 18 the
725 3161 80 19 widows
823 3161 41 19 and
882 3161 91 19 children

540 3187 20 18 of
568 3187 36 19 tho
614 3193 45 12 men
670 3187 45 18 who
724 3187 94 25 perished
830 3188 21 18 in
861 3188 35 18 the
906 3187 52 19 Brun-

540 3215 71 17 uerton
623 3213 42 18 eoal
676 3213 60 18 mine.

565 3240 18 18 A
595 3245 129 18 programme
734 3239 21 18 of
763 3239 69 19 sacred
840 3239 63 19 music
908 3239 65 24 (vocal

540 3266 39 18 and
590 3266 151 23 instrumental)
755 3266 41 17 will
807 3266 24 17 he
841 3266 98 18 rendered
947 3272 25 11 on

540 3292 34 18 the
596 3295 65 15 above
678 3292 96 18 occasion.
814 3292 44 18 The
882 3292 91 18 Rotorua

540 3318 97 18 Amateur
645 3316 62 20 Brass
717 3316 61 20 Band
785 3318 43 18 will-
834 3318 77 18 attend.

604 3368 125 21 COLLECTION
738 3375 27 13 AT
779 3375 40 13 Tl£'£
832 3369 73 20 GATES.

604 3403 31 24 By
649 3403 64 20 Order
724 3403 83 19 Concert
819 3404 126 19 Committee.

563 3462 177 18 URUNNEKTON
757 3462 95 18 RELIEF
870 3461 78 19 FUNDI

541 3511 80 29 fpilE
646 3511 109 20 Chairman
778 3512 21 18 of
823 3512 36 18 the
881 3511 92 19 Rotorua

546 3533 23 20 -A
607 3537 59 19 Town
673 3537 66 19 Board
745 3537 40 19 will
790 3538 24 18 be
818 3538 48 25 glad
872 3541 19 15 to
896 3538 77 18 receive

539 3563 148 26 subscriptions
698 3564 20 18 in
728 3564 34 18 aid
771 3565 21 17 of
799 3564 33 18 the
840 3564 64 18 above
914 3563 57 19 fund.

567 3589 139 25 Subscription
721 3589 54 19 Lists
790 3590 52 18 have
859 3590 42 18 also
921 3589 52 19 been

539 3615 67 19 issued
618 3615 39 18 and
668 3621 33 12 are
709 3622 44 12 now
763 3615 58 25 lying
832 3619 20 15 at
869 3615 34 19 the
919 3615 44 19 vari-

540 3648 36 12 ous
586 3641 66 19 hotels
661 3641 40 19 and
709 3641 93 19 business
810 3641 74 25 places.

729 3667 21 18 C.
768 3667 133 21 MALFSOY,

703 3690 101 17 Chairman
812 3691 59 16 Town
880 3689 68 19 Board'.

618 3829 113 19 Education
741 3829 141 25 Department,

593 3855 135 25 Wellington.
739 3856 49 18 20th
798 3855 77 23 March,
888 3857 34 17 189
922 3857 23 17 C.

705 3887 41 19 will
760 3887 26 19 be
802 3887 92 19 received
909 3893 28 18 up
951 3888 22 18 to

546 3907 25 24 JL
607 3919 52 12 noon
670 3913 21 18 of
706 3913 35 19 the
757 3913 48 20 13th
821 3913 58 25 April
893 3913 33 19 for
938 3913 34 18 tho

539 3938 90 19 removal
646 3939 22 19 of
685 3938 74 21 Native
776 3939 72 19 School
864 3939 108 24 Buildings

539 3965 51 17 from
597 3964 209 26 Eoto.-ititoTeNgae,
815 3965 155 19 Lakeßotorua.

565 3990 151 25 Specifications
726 3997 46 18 may
783 3991 24 19 be
816 3997 47 13 seen
874 3991 40 19 and
926 3993 34 16 ten-

539 4016 44 19 ders
593 4015 74 25 lodged
677 4018 21 16 at
708 4016 35 19 the
753 4017 73 18 Public
842 4017 77 19 Works
935 4017 24 18 Of-

539 4042 41 23 fice,
592 4041 111 23 Auckland,
719 4043 40 18 and
775 4043 34 18 tho
825 4043 50 19 Post
892 4043 77 23 Offices,

539 4068 89 19 Kotoraa
640 4068 40 18 and
690 4069 112 24 Tauranga.

643 4094 50 19 Wir.
709 4094 44 21 Jas,
770 4094 121 19 HABENS.

669 4119 103 24 Secretary
782 4121 31 18 for
823 4120 120 19 Education.

1088 950 99 18 EASTER
1206 949 134 19 HOLIDAYS.

1029 999 90 26 Holiday
1130 1000 112 19 Excursion
1251 1000 80 18 Tickets
1338 1003 21 16 at
1366 1000 26 18 2<3
1400 1007 36 18 per

1003 1026 47 18 mile
1060 1025 122 24 First-class,
1196 1027 24 17 Id
1235 1032 35 19 per
1286 1026 47 18 mile
1350 1027 74 18 Second-

1003 1052 51 18 class
1065 1052 114 23 (miuimum
1189 1054 23 16 4s
1219 1052 40 19 and
1266 1053 22 17 2s
1297 1053 138 24 respectively,

1003 1078 87 24 mileage
1099 1078 86 18 counted
1196 1085 37 12 one
1251 1085 44 17 way
1311 1078 65 25 only),
1396 1079 41 18 will

1003 1103 26 20 bo
1039 1104 67 19 issued
1116 1105 52 18 from
1178 1111 40 18 any
1229 1104 74 19 station
1316 1107 20 16 to
1346 1111 39 17 any
1396 1108 31 15 sta-

1004 1130 41 18 tion
1055 1130 51 19 from
1116 1130 57 24 April
1185 1132 7 17 1
1206 1133 19 15 to
1237 1130 56 23 April
1305 1132 17 20 G,
1335 1130 101 20 available

1004 1155 31 20 for
1042 1157 68 18 return
1119 1162 28 18 up
1154 1159 20 16 to
1181 1156 39 19 and
1227 1156 106 24 including
1341 1157 56 23 April
1405 1159 21 16 '2l
1432 1155 4 25 .

1029 1182 43 19 The
1082 1182 88 25 journey
1180 1186 54 15 must
1244 1182 25 19 be
1275 1183 126 18 commenced
1411 1189 25 13 on

1003 1208 47 19 date
1061 1208 21 18 of
1091 1208 61 23 issue,
1164 1208 40 19 and
1219 1209 53 18 after
1288 1209 109 24 travelling
1413 1211 23 16 25

1004 1234 57 19 miles
1071 1241 46 17 may
1128 1234 27 18 bo
1164 1234 78 19 broken
1253 1237 21 16 at
1284 1241 40 17 any
1334 1236 74 17 station
1417 1239 20 14 at

1004 1260 65 19 which
1079 1260 35 19 the
1125 1260 54 19 train
1188 1260 17 19 is
1215 1260 62 19 timed
1287 1263 21 16 to
1318 1263 50 22 stop.

1029 1286 65 18 These
1103 1286 73 19 tickets
1187 1293 46 17 may
1248 1286 25 19 be
1290 1287 100 18 extended
1406 1287 31 18 for

1004 1318 11 12 a
1026 1312 101 25 fortnight
1137 1319 26 12 on
1172 1316 97 21 payment
1279 1313 22 18 of
1317 1313 33 18 the
1367 1313 60 19 differ-

1004 1344 47 12 ence
1066 1338 20 19 in
1103 1338 61 19 valuo
1185 1338 89 19 between
1294 1345 25 12 an
1337 1338 100 26 Ordinary

1004 1364 70 25 >ingle
1092 1364 51 19 Faro
1163 1364 40 19 and
1216 1364 44 19 half
1275 1365 34 19 the
1324 1364 112 20 Excursion

1003 1389 59 20 Fare.
1090 1390 124 25 Passengers
1225 1390 90 25 desiring
1324 1397 27 13 an
1366 1396 59 14 exten-

1004 1415 43 19 sion
1057 1417 21 18 of
1086 1417 49 18 time
1147 1419 53 16 must
1210 1417 62 24 apply
1282 1421 20 15 at
1312 1417 34 19 the
1362 1417 74 19 station

1003 1444 20 16 to
1033 1443 65 18 which
1109 1442 35 19 the
1154 1443 63 19 ticket
1233 1450 40 11 was
1289 1443 67 19 issued
1373 1450 24 12 on
1415 1450 22 12 or

1004 1467 69 19 before
1083 1469 34 18 the
1128 1469 47 18 date
1185 1468 21 20 of
1217 1469 76 24 expiry,
1305 1469 40 19 and
1361 1469 76 19 deliver

1004 1500 26 19 up
1041 1495 34 17 the
1086 1495 79 18 unused
1177 1495 45 18 half
1232 1495 20 19 of
1262 1495 35 19 the
1307 1495 67 19 ticket.

1031 1524 85 15 M'F.ci.vn
1123 1520 47 19 Day
1179 1521 119 19 Excursion
1305 1523 20 17 to
1331 1520 26 20 To
1362 1520 73 25 Arolia,

1004 1546 82 21 Paeroa,
1110 1547 41 18 and
1172 1547 97 19 Waikato
1295 1547 90 19 Stations
1411 1554 26 12 on

1004 1573 56 18 Good
1076 1573 154 19 Friday.—Seo
1242 1573 78 24 Special
1331 1573 77 19 Poster.

1030 1599 68 18 Goods
1107 1599 41 18 and
1158 1599 50 18 Live
1218 1599 59 19 Stock
1286 1600 69 18 Traffic
1363 1599 40 19 will
1412 1599 24 19 be

1003 1625 113 25 suspended
1141 1628 20 16 at
1181 1625 27 19 all
1227 1626 85 18 stations
1330 1632 26 12 on
1378 1625 58 19 Good

1004 1651 82 19 Friday
1097 1651 39 18 ai:d
1148 1651 80 19 Faster
1241 1651 98 20 Monday.

1029 1676 40 20 For
1092 1678 118 18 alterations
1227 1678 21 18 in
1266 1677 118 20 Time-table
1403 1684 33 13 see

1003 1706 73 21 poster.

1257 1730 33 18 By
1303 1729 80 19 Order,

1054 1878 115 23 Rotorua
1186 1878 80 23 Town
1284 1878 91 24 Board.

1002 1929 142 20 HPENDERS
1157 1936 31 12 are
1196 1930 72 17 invited
1276 1930 26 22 by
1310 1931 32 16 the
1350 1931 84 18 Rotorua

1007 1948 23 25 J.
1065 1954 61 17 Hoard
1135 1954 30 17 for
1173 1954 33 17 the
1214 1954 73 22 lousing
1296 1954 19 16 of
1324 1954 58 17 Rural
1391 1955 33 16 Sec-

1001 1976 41 18 tion
1051 1976 38 19 No.
1101 1978 24 18 39
1136 1977 108 25 adjoining
1255 1977 33 18 Mr
1300 1976 19 20 J.
1333 1977 22 19 L.
1374 1976 60 26 Eeid,

1000 2003 39 17 and
1051 2002 96 27 abutting
1162 2010 25 12 on
1201 2003 35 19 the
1253 2003 94 19 Utuhina
1362 2003 71 20 Creek,

1000 2029 117 24 containing
1146 2031 22 17 10
1191 2035 55 13 acres
1274 2029 41 19 and
1344 2030 90 24 securely

1000 2055 76 22 fenced,
1087 2055 32 20 for
1129 2062 12 12 a
1158 2060 51 14 term
1228 2055 21 19 of
1270 2056 11 18 3
1303 2062 22 12 or
1339 2057 10 17 5
1368 2063 64 18 years,

1000 2083 92 22 separate
1103 2082 82 18 tenders
1195 2081 31 19 for
1236 2081 49 19 each
1295 2084 58 16 term.

1025 2107 90 19 Tenders
1132 2108 53 18 close
1202 2114 26 12 on
1244 2107 34 19 the
1298 2108 47 18 14th
1368 2108 65 25 April.

999 2133 41 18 Ten
1051 2140 35 17 per
1099 2137 46 15 cent
1160 2140 26 12 on
1202 2133 45 19 half
1266 2134 66 24 year's
1350 2137 45 15 rent
1415 2137 19 16 to

1000 2164 121 19 accompany
1131 2160 78 18 tender.

1025 2184 54 20 Kent
1093 2185 87 25 payable
1201 2185 20 19 in
1235 2185 94 19 advance.
1358 2185 74 19 Lessee

999 2213 21 16 to
1029 2218 40 18 pay
1079 2215 42 15 cost
1132 2212 21 18 of
1162 2213 124 24 agreement.

1281 2236 33 20 By
1327 2237 79 20 O'kdeh.

1024 2263 92 19 Eotorua
1126 2264 62 19 Town
1201 2263 73 24 Board,

1051 2291 10 16 a
1067 2291 28 17 Ist
1105 2290 78 24 March,
1197 2291 55 18 1896.

1088 2337 151 19 PUKBROA
1251 2338 91 19 HALL.

1044 2384 100 17 EASTER
1162 2385 114 17 MONDAY
1296 2385 89 17 NIGHT.

997 2431 44 41 A
1054 2431 88 17 DANCE
1156 2431 38 17 will
1203 2431 23 17 be
1235 2431 44 17 held
1289 2431 19 17 in
1324 2431 31 17 the
1373 2431 59 18 above

1067 2454 45 17 Hall
1119 2460 24 12 on
1150 2455 67 16 Easter
1223 2454 84 22 Monday
1316 2455 93 23 Evening.

1128 2483 129 20 Gentlemen
1272 2484 28 18 2s.

1138 2509 78 20 Ladies
1230 2509 65 19 Free.

1113 2544 89 22 Dancing
1211 2544 21 17 at
1244 2544 12 17 8-
1268 2549 45 17 p.m.

997 2591 37 20 rp
1066 2591 19 17 H
1117 2592 17 16 E
1167 2592 18 17 O
1216 2592 12 17 S
1262 2591 16 18 O
1312 2592 15 17 P
1357 2592 19 18 H
1407 2592 24 18 Y.

996 2683 53 18 THE
1068 2683 131 20 COUNTESS
1218 2685 212 22 WACHTMEISTER,

1181 2712 22 13 IX-
1211 2712 42 13 THE

1105 2732 125 16 TUKEKOA
1247 2732 77 20 HALL,

1019 2754 35 17 ON
1061 2753 106 19 SUNDAY
1174 2754 124 21 EVENING,
1306 2755 79 17 APRIL
1390 2756 17 17 5.

1082 2780 22 12 At
1114 2778 85 20 hulf-pxßt
1213 2777 50 17 eitfht
1270 2778 75 16 o'ol'iolf.■

995 2797 99 19 Subject:
1204 2799 52 17 THE
1275 2799 103 18 MASTER
1399 2800 32 17 OF

1077 2822 45 17 HIS
1140 2822 59 17 OWN

1164 2845 99 17 Collection.

1114 2901 123 17 VISITORS'
1251 2900 63 18 LIST.

1133 2947 74 18 Grand
1216 2947 81 18 Hotel..

993 2978 106 18 Mesdames
1109 2979 83 20 Calvert,
1202 2979 73 22 Riplev,
1284 2979 90 23 Delnney,
1382 2980 47 21 Fox,

993 3002 58 20 Mills,
1071 3002 80 20 Russell,
1181 3003 96 21 Courtney
1300 3003 43 19 Dix,
1371 3003 58 18 Reed.

994 3024 66 19 Masses
1069 3026 93 21 Simpson,
1172 3026 59 22 Haig,
1241 3026 120 17 MoKinnon..
1383 3027 46 17 Rev.

993 3048 55 17 Prior
1070 3048 101 23 Vaughan,
1193 3049 28 17 Dr
1242 3049 89 22 Rougier,
1360 3049 70 18 Messrs

994 3071 97 20 Franklin,
1119 3071 90 22 Bldimen,
1234 3071 85 22 Browne,
1342 3073 86 20 Stewart,

994 3094 81 21 Culvert,
1086 3095 73 22 Ripley,
1169 3095 91 23 Delaney,
1273 3095 79 21 Furton,
1369 3096 59 21 Mills,

995 3118 79 20 Saulter,
1092 3115 48 24 T&ent,
1148 3118 111 20 Johnstone,
1270 3118 95 21 Lambert,
1380 3120 36 17 Rus-

994 3141 38 20 sell,
1055 3141 46 20 Fox,
1120 3141 77 24 Hagon,
1216 3141 98 23 (Sydney),
1337 3142 90 23 Spraguc,

994 3164 80 20 Daniell,
1085 3164 73 23 Pysuit,
1169 3165 92 21 Payneut,
1272 3165 123 17 Commodore
1402 3166 26 16 Le

1078 3188 64 17 Count
1150 3187 94 20 d'Abban,
1254 3188 65 22 Major
1327 3188 58 21 Reed,
1400 3189 28 17 M.

995 3210 113 21 Hestreaux,
1119 3210 22 17 E.
1152 3211 23 16 de
1184 3212 96 21 Brossery.

1124 3257 82 17 &EYBEH
1223 3257 77 17 Hotel.

1017 3288 105 17 Mesdames
1127 3289 84 19 Perkins,
1217 3288 96 20 Brisbane;
1324 3290 107 23 Amutage,.

994 3311 54 20 Bold,
1071 3311 108 23 Finlayson,
1206 3312 109 20 Auckland;
1342 3313 85 21 Bamett',

993 3334 112 17 Melbourne
1113 3334 3 22 :
1131 3335 85 18 Jenkins,
1223 3334 115 22 Weliinpfton
1346 3334 4 22 :
1365 3336 62 18 Eudd,

993 3358 55 21 Tilly,
1065 3357 117 18 Witherford
1199 3358 37 16 and
1253 3358 56 19 child,
1327 3359 100 22 England;

994 3381 65 20 Gibbs,
1081 3381 133 18 Christchurch
1223 3381 3 22 ;
1253 3381 86 22 Murriot,
1362 3381 65 22 India;

994 3404 83 20 Casfner,
1096 3404 69 21 Little,'
1183 3403 86 23 Sydney;
1289 3405 37 16 Bar
1338 3409 26 15 ei\
1386 3406 32 17 Gis-

993 3426 65 18 borne.
1091 3427 67 17 Misses
1175 3427 78 17 Perkins
1272 3427 31 23 ('J),
1326 3426 101 24 Brisbane;

994 3450 78 22 Philips,
1082 3450 55 20 Bold,
1148 3451 54 16 Brett
1212 3450 32 23 (2),
1258 3450 108 21 Auckland;
1381 3452 36 17 Bar-

994 3473 32 17 ker
1036 3473 33 22 (15),
1077 3473 101 21 Gisborne;:
1185 3474 68 21 Avery,
1258 3474 95 20 America;'
1360 3474 67 21 FockV,

994 3496 100 22 Germany.
1120 3497 70 16 Messrs
1199 3496 122 22 Richardson,
1329 3497 87 18 Swansea
1423 3496 4 23 ;

994 3519 201 22 Chaaipioiijßarnett,
1204 3520 106 18 Nanldvell,
1318 3520 111 18 Melbourne

993 3542 70 19 Abbot,
1082 3542 88 23 Opotiki;
1192 3542 19 18 J.
1229 3544 25 16 C-
1267 3543 64 20 Davis,
1349 3544 78 22 Philips-,

994 3565 54 21 Bold,
1058 3565 61 21 Brett,
1129 3566 108 22 Finlayson,
1252 3566 99 17 Auckland
1359 3565 4 23 ;
1383 3567 34 17 Per-

993 3588 49 20 kins,
1064 3588 102 23 Brisbane;
1193 3589 61 19 Budd,
1277 3589 77 22 Fubert,
1373 3591 54 20 Burt,

994 3611 86 22 Pynsuit,
1108 3612 91 23 Paynter,
1226 3612 90 23 England
1328 3611 4 24 ;
1362 3613 65 21 Gibbs,

994 3634 133 18 Chriatchurch
1136 3634 3 21 ;
1154 3635 86 20 Marriot,
1251 3635 54 17 India
1313 3634 4 21 ;
1332 3636 84 17 Hutchin-

994 3663 39 15 son,
1052 3657 83 21 Castuer,
1153 3659 65 19 Little,
1240 3658 84 20 Stutter,.
1341 3659 90 22 Sydney;..

993 3680 77 21 Barker,
1080 3681 101 17 Gisborne.-

1059 3727 89 17 Biiext*s
1160 3728 116 16 Bathgate.
1284 3728 77 17 Hokse.

1025 3758 107 17 Mesdames
1166 3758 115 19 Hammond,
1318 3759 109 20 Stevenson,

994 3781 123 21 Melbourne;
1144 3782 70 21 Symes.
1237 3782 101 21 Gisborne;
1365 3782 62 21 Kndl,

993 3803 120 25 Wanganui;
1128 3805 121 21 Clappcrton,
1262 3805 100 22 England;
1376 3805 51 23 Sare,

994 3826 99 17 Hamilton
1101 3826 4 24 ;
1127 3828 95 22 Norbury,
1244 3828 115 22 Dargaville,
1374 3829 40 18 Mac-

993 3848 83 22 kechnie,
1087 3850 109 20 Buchanan,
1209 3851 110 20 Auckland;
1334 3851 75 23 Hyman
1423 3848 3 26 ,

993 3872 99 23 Dunedin;
1115 3873 85 22 Kirkley,
1223 3874 101 21 Donnelly,
1340 3875 86 22 Sydney;

993 3895 102 21 Collinson,
1105 3895 104 24 Hastings;
1224 3896 83 23 Stanley,
1317 3897 25 18 To
1351 3899 64 16 Aroha
1422 3895 3 24 ;

993 3918 81 24 Wright,
1096 3920 106 22 Tauranga.
1239 3920 66 17 Misses
1329 3920 96 22 Cameron,

1113 3941 4 24 ;
1137 3943 110 17 Hammond
1271 3942 32 23 (2),
1327 3944 99 21 Hepburn,

992 3964 118 21 Melbourne.
1136 3966 28 16 Dr
1176 3967 60 21 Barry
1250 3966 21 16 T.
1289 3966 79 19 Russell,
1386 3967 31 17 Ire-

993 3988 45 16 land
1046 3994 5 15 ;
1065 3988 69 17 Messrs
1151 3989 65 20 Leslie,
1236 3988 129 22 Queensland;
1386 3990 27 17 En-

993 4010 65 23 derby,
1071 4012 112 17 Melbourne
1190 4010 4 25 ;
1208 4012 98 20 Hfdstead,
1322 4012 90 23 England
1421 4010 4 25 ;

993 4034 93 22 Ilymans,
1094 4035 49 20 Joel,
1158 4035 98 20 Duneuin;
1275 4035 67 20 Smith,
1358 4036 68 22 Kemp,

992 4056 75 22 Hague,
1077 4058 26 16 11.
1113 4058 26 17 11.
1149 4058 57 22 Holy,
1216 4057 86 23 Sydney;
1316 4059 109 19 Buchanan,

993 4080 62 22 Kelly,
1077 4080 129 20 Mackeclmie,
1225 4080 109 22 Auckland;
1357 4082 68 20 Cobbe,

992 4102 140 23 Montgomery,
1151 4102 98 27 Fielding;
1272 4104 57 19 Blair,
1351 4102 74 27 Otago;

992 4126 102 21 Collinso:.,
1103 4127 94 21 Hastings
1205 4126 4 22 ;
1224 4127 82 21 Stanley,
1317 4127 24 17 Te
1357 4128 68 16 Aroha.

1594 115 43 16 The
1649 115 111 17 Laxguam.

1483 141 106 17 Mcsdames
1598 142 78 20 Gilbert,
1693 142 115 21 Gippsland;
1829 142 54 17 Peter-

1460 170 40 11 son.
1513 165 109 20 Auckland;
1637 165 70 18 Lester,
1714 165 87 22 Sydney;
1815 165 79 17 Jenkins

1460 188 37 15 and
1507 188 10 15 2
1526 187 90 20 children,
1787 188 47 17 Miss
1847 188 35 17 Jen-

1460 210 47 17 kins.
1517 210 115 22 Wellington
1641 210 3 23 ;
1655 210 69 20 Lester,
1733 210 82 23 Sydney.
1825 211 69 17 Messrs

1460 231 68 23 Smith,
1537 233 81 22 Itapier;
1632 233 53 20 Reid,
1694 231 107 25 Westport;
1815 234 78 20 Wilson,

1459 256 101 20 Deuholm,
1571 256 84 20 Pretsell,
1672 256 101 24 England;
1796 257 97 23 Stranger,

1459 279 100 22 Taur.uiga
1567 279 4 23 ;
1586 280 66 19 Steele,
1660 279 119 23 Cambridge.

1593 325 84 17 Mokoia
1688 325 64 18 View.

1482 354 70 16 Messrs
1560 353 124 21 Moonhouse,
1700 354 88 20 Costollo,
1804 351 88 23 N.S.W.;

1458 376 64 21 Elkin,
1536 376 58 21 Read,
1612 377 46 16 New
1674 377 114 21 Plymouth;
1810 377 82 17 Carrick.

1458 399 119 22 Canterbury
1585 399 3 23 ;
1608 400 113 22 McCrystol.
1733 399 110 23 Auckland;
1870 400 23 17 A.

1458 423 89 21 Mackay,
1566 423 125 21 Helensville;
1713 423 100 20 Roseman,
1829 423 52 17 Auck-

1458 445 45 18 land
1512 445 3 21 ;
1530 446 76 20 Parker,
1617 446 98 17 Hamilton
1724 445 4 21 ;
1743 447 77 18 Sattler,
1835 446 47 17 Tara-

1458 470 56 19 naki;
1528 469 76 17 Munro.
1615 468 74 23 Napier;
1704 469 62 17 Clark.
1774 465 116 25 Melbourne;

1458 490 122 24 Shanflghan,
1595 492 86 17 Newton.

1013 4215 100 39 Ask
1140 4216 72 39 for
1245 4216 263 39 Hancock's
1542 4217 275 40 Celebrated
1849 4217 187 39 XXXX
2061 4218 113 40 Ales
2205 4221 93 38 and
2323 4221 150 39 Stout.

2838 4040 39 16 The
2890 4045 65 13 season
2969 4041 30 16 fuv
3011 4040 89 23 shooting
3113 4041 64 17 native
3192 4044 48 19 game

2814 4069 58 16 opens
2881 4069 24 10 on
2915 4062 93 23 Saturday
3018 4064 53 21 April
3088 4062 4 23 I
3105 4063 36 18 arid
3153 4063 56 18 closes
3221 4067 19 12 on

2814 4086 50 17 Juno
2877 4087 28 15 3<>.
2931 4086 18 17 Ii
2961 4084 40 20 will
3009 4086 23 18 be
3044 4086 41 19 well
3099 4087 28 18 for
3142 4087 98 22 sportsmen

2815 4110 19 16 to
2844 4109 45 17 bear
2910 4109 19 17 in
2944 4109 51 17 mind
3007 4111 32 15 the
3053 4110 106 21 regulation
3171 4107 69 26 against

2814 4132 89 22 shooting
2925 4133 63 17 native
3007 4133 91 21 pigeons.-
