3310 4300
78 128 40 50 IN
138 128 141 50 ANCIENT
299 128 201 50 MAORILAND.

82 220 59 16 Votes
157 217 111 15 collected
291 216 54 15 fbom
362 213 44 15 Tiiic
420 213 85 15 DESCEir.-

102 242 58 16 dvxts
177 242 23 12 of
211 240 41 13 the
260 239 125 13 aliorkhxal
395 237 74 14 I'eoplk
482 236 24 12 of

99 266 39 16 the
143 262 14 16 1!
160 263 107 15 anc.itaiki
270 259 85 16 Valley
359 261 41 14 a>-d
406 256 88 17 tiiellre-

99 289 56 14 vkii.v
162 284 103 18 country,
272 285 42 13 and
321 285 55 13 fkojt
385 284 41 13 the
434 278 57 17 mata-

100 312 50 15 ,VTUA
159 307 78 16 TItIBES.

176 338 31 17 BY
216 336 104 17 ELSDON
331 334 69 17 BEST.

99 399 56 18 Given
164 397 24 21 by
198 395 93 17 members
298 395 21 17 of
327 393 33 18 the
365 391 128 23 Ngati-Mana-

79 430 30 12 v,-m,
130 418 143 25 Ngati-Whare,
293 417 70 18 Tulioo,

79 435 116 30 jfJati-Awa,
217 440 149 24 NgatL-Hairiua
388 438 39 17 and
446 437 48 17 Patu-

79 468 68 19 lioulicu
155 465 69 18 Tribes.

79 546 9 8 .-
99 539 115 18 EornEomA
226 538 41 14 nga
281 536 116 14 makamaka
409 536 12 12 o
435 531 71 16 Mata-

115 621 117 21 CHAPTER
250 616 218 24 Vlll.—(Continued.)

176 668 149 16 IXTEU-TltlllAL
338 664 66 16 WAHS.

157 699 60 18 Wahs
230 701 24 12 of
268 697 157 18 Noatieukekq.

105 733 55 19 Then
173 729 88 25 lighting
275 727 75 24 began.
385 724 84 21 Tannihi
487 724 19 18 of

82 756 141 25 Nuatipukeko
233 760 41 12 was
285 752 64 19 killed
356 752 30 25 by
400 751 70 19 Tuhoe
486 753 20 16 nt

82 786 133 20 Hororuanga.
243 779 159 25 Ngatimanawtt
413 777 64 18 heard
487 777 19 17 of

83 814 13 18 it
109 810 38 19 and
162 809 52 18 went
231 806 58 19 there
307 804 40 19 and
367 804 42 24 dug
427 809 27 18 up
473 802 33 20 the

82 837 49 23 body
142 834 38 19 and
191 835 31 16 ate
233 833 22 17 it.
286 830 67 20 When
360 828 146 27 Ngatipukeko

81 861 59 23 heard
152 861 20 18 of
181 859 40 20 this
233 858 49 24 they
295 863 57 12 arose
363 856 39 18 and
416 854 90 25 avenged

82 891 30 19 the
122 886 60 20 death
192 886 20 17 of
225 877 92 25 Tan'iahi.
351 882 42 18 The
411 880 84 19 descend-

82 919 41 15 ants
145 913 19 18 of
185 911 94 18 Manawa
305 914 50 12 were
374 906 94 20 defeated
486 909 20 16 at

82 937 142 25 Parakakariki
241 938 40 16 and
299 934 35 18 the
350 934 102 18 survivors
467 933 39 17 fled

82 962 141 25 toTeWhahi
237 961 66 19 where
321 960 48 24 they
384 959 70 24 joined
472 958 34 19 the

82 990 134 23 N-ratiwhare.
244 987 56 19 Then
311 986 35 18 the
356 992 46 12 men
412 985 21 17 of
441 984 52 19 Puke-

82 1016 104 25 ko'fought
196 1013 77 24 fiercely
282 1012 37 20 .the
329 1018 45 12 men
386 1011 20 19 of
415 1011 91 18 Manawa

83 1045 34 19 ~iid
129 1040 145 26 Wharepakau
286 1038 38 18 and
336 1037 61 19 drove
415 1037 55 17 them
486 1039 20 15 to

80 1072 102 22 Buricmga.
223 1066 55 18 Then
303 1064 35 18 the
359 1062 147 25 Ngatipukeko

80 1095 68 22 turned
157 1100 24 13 on
190 1093 34 21 the
231 1091 70 19 Tuhoe
310 1090 36 18 but
354 1095 50 13 were
412 1087 94 25 defeated

81 1124 23 23 by
114 1122 52 18 them
178 1122 20 16 at
207 1119 28 17 To
247 1117 118 24 Hiliapa.at
374 1114 131 19 Jtuatahunsi.

81 1145 140 27 Ngatipukeko
237 1143 40 19 fled
294 1145 21 16 to
332 1140 124 20 Oromailaki
480 1147 25 11 on

80 1176 32 19 the
124 1173 78 21 Okahu,
222 1169 65 19 which
303 1174 42 12 was
361 1173 38 12 one
413 1166 21 19 of
453 1166 53 19 their

82 1207 37 18 pas.
147 1199 64 17 There
220 1196 48 24 they
279 1200 51 13 were
341 1194 61 23 again
412 1192 94 19 defeated

81 1228 24 23 by
122 1225 73 21 Tuhoe,
213 1222 56 18 when
289 1220 47 24 they
354 1219 36 19 fell
409 1218 51 19 back
480 1224 25 13 on

81 1251 115 21 Umurakau
206 1255 32 19 pa,
250 1246 66 20 which
326 1246 17 18 is
353 1246 35 17 the
399 1247 57 22 great
465 1244 40 19 fort

81 1285 35 18 you
126 1283 45 18 may
181 1282 32 12 see
224 1281 25 12 on
260 1272 77 26 yonder
343 1270 42 20 hid
389 1270 45 26 just
441 1270 64 19 above

80 1305 31 19 the
120 1308 56 19 camp
183 1301 25 20 .of
218 1300 34 19 the
267 1298 90 21 soldiers.
385 1297 60 18 After
460 1296 45 18 that

81 1327 151 27 >'<inti-pukeko
242 1325 36 19 fell
295 1324 51 19 back
363 1330 25 11 on
404 1322 89 19 Para-ka-

81 1355 62 21 kariki
164 1354 40 19 and
225 1350 117 24 eventually
364 1348 101 19 retreated
484 1350 21 16 to

81 1379 144 23 Awa-tarariki.
254 1378 46 18 And
310 1377 20 18 in
342 1376 52 18 after
403 1381 58 18 years
471 1374 34 18 the

79 1402 67 30 'people
156 1407 20 18 of
192 1406 95 18 Manawa
301 1402 40 19 and
359 1399 146 28 Wharepakau

80 1432 89 23 returned
178 1435 21 16 to
213 1431 27 18 To
254 1427 195 22 Whaitiaiui-a-Toi
466 1426 37 18 and

79 1460 52 19 there
141 1458 59 19 dwelt
207 1457 23 18 in
240 1462 68 19 peace.

103 1486 43 18 And
162 1485 51 18 from
229 1483 28 18 To
273 1478 197 27 Rangi-ka-whatui
484 1477 22 19 of

81 1512 65 21 Tuhoe
155 1510 44 19 who
208 1508 75 25 fought
301 1507 35 19 the
353 1505 86 20 Euk.ko
454 1510 39 13 war-

82 1540 45 19 ijors
137 1540 20 16 at
166 1536 27 19 Te
204 1533 143 21 Hika—there
357 1538 34 12 are
401 1532 46 18 four
455 1536 36 19 gen-

82 1564 82 19 erations
181 1562 20 18 of
219 1568 52 12 men.
296 1556 196 26 Tejßangi'ka-wha-

82 1594 49 15 lui
133 1590 26 18 Te
181 1585 195 21 l'orewheiuia—To
395 1583 110 21 Akuj—Te

80 1614 149 22 JViienuauui—
232 1611 116 25 Taraipine.

80 1684 55 17 Wars
150 1684 95 15 between
264 1683 40 13 the
321 1678 124 18 Ngati-awa
462 1679 41 13 an/>

250 1703 77 16 TrnoK.

209 1735 64 22 (From
285 1732 78 23 Tuhoo.)

101 1770 37 17 Wo
149 1768 39 18 will
200 1773 44 12 now
255 1765 62 25 speak
329 1765 20 17 of
360 1764 35 18 the
413 1768 52 13 wars
484 1762 20 18 of

80 1802 31 13 our
120 1794 76 19 fathers
206 1792 40 19 and
256 1792 21 18 of
287 1791 34 20 tha
332 1790 33 19 old
376 1789 49 24 days
446 1789 57 17 when

78 1822 44 18 land
132 1827 39 12 was
181 1819 46 18 held
239 1818 26 24 by
278 1823 53 16 man,
344 1816 40 18 and
400 1818 34 15 not
449 1820 23 13 as
488 1814 16 18 it

80 1849 13 17 is
104 1848 16 17 in
130 1847 54 18 these
267 1844 26 23 by
313 1843 56 18 those
388 1841 45 19 who
452 1841 52 17 have

77 1874 31 19 ,the
117 1874 78 23 longest
209 1874 87 21 tongues
315 1869 20 18 in
353 1874 51 19 your
423 1866 81 25 pakeha

78 1899 51 20 Land
136 1899 76 18 Courts.

104 1926 7 18 1
122 1926 49 17 have
181 1923 83 24 already
278 1921 44 19 told
342 1926 41 18 you
400 1925 63 19 many
484 1919 20 17 of

80 1952 30 18 the
120 1951 77 18 ancient
214 1948 90 25 legends.
335 1947 53 18 How
407 1945 34 18 tho
458 1951 45 12 men

79 1977 18 19 of
111 1977 103 19 Mataatua
235 1976 83 18 became
335 1971 100 20 scattered
455 1977 46 12 over

80 2003 29 19 the
119 2003 45 18 land
174 2002 40 18 and
223 1999 92 26 brought
332 1999 38 18 evil
381 2004 73 18 among
470 1997 33 18 the

81 2029 62 26 people
153 2029 19 19 of
183 2028 33 18 the
226 2027 44 19 soil.
295 2025 47 19 And
354 2025 21 18 of
385 2025 34 18 the
430 2023 61 25 migra-

79 2055 36 19 tion
134 2055 19 18 of
168 2054 110 23 Mahanga,
291 2058 35 12 son
346 2051 21 18 of
381 2050 120 22 T.ane-atua,

80 2085 15 15 to
104 2082 31 18 the
145 2080 71 23 North;
224 2079 82 21 whence
315 2084 65 12 comes
386 2076 35 19 the
431 2075 73 24 saying

80 2102 3 30 '
93 2107 105 25 Mahanga,
208 2105 118 20 whakarere
338 2103 32 19 kai
385 2102 118 19 whakarere

80 2140 24 13 wa
287 2130 21 19 of
315 2129 45 19 food
371 2128 38 19 and

79 2159 39 19 And
129 2159 43 18 how
183 2156 150 26 Tuhoe-potiki
345 2153 94 20 followed
455 2152 31 19 Ma-

78 2186 62 25 lianga
151 2185 39 18 and
200 2184 47 19 died
257 2183 32 18 far
310 2188 54 18 away
378 2185 18 14 at
407 2179 94 22 Kawbia,

80 2213 33 17 and
133 2209 147 21 Mur.a-kareke
300 2211 51 16 wont
376 2210 20 15 to
415 2205 87 20 Ahuahu

80 2238 34 19 and
125 2237 55 20 there
188 2234 101 28 perished.
318 2233 52 19 How
380 2232 48 19 Turi
448 2238 54 12 came

80 2264 16 18 in
106 2264 31 19 the
147 2262 106 20 lvukutero
262 2267 67 15 canuo,
343 2260 62 18 which
415 2264 39 19 you
465 2257 36 18 call

79 2290 64 18 Aotoa.
171 2288 46 20 And
230 2289 24 18 .of
275 2287 35 18 the
329 2286 80 19 descent
428 2284 20 18 of
463 2290 40 12 .our

78 2316 40 20 tribi
127 2322 8 13 s
144 2316 61 18 from'!
214 2314 17 19 ui
242 2313 38 19 and
292 2313 21 18 of
323 2312 34 19 the
372 2311 60 19 West
443 2309 59 20 Coast

79 2342 64 19 Tribes
155 2344 49 16 from
221 2340 78 21 Rauru,
319 2338 39 19 and
377 2337 124 24 Whatonga.

79 2368 43 19 Also
131 2368 43 19 how
188 2368 33 17 the
233 2365 146 20 Whnkatohea
389 2363 47 19 held
447 2362 45 21 E.ua-

78 2394 47 23 toke,
136 2394 39 19 and
194 2392 98 20 Tawhaki
312 2398 33 11 son
367 2390 20 20 of
405 2391 98 22 Awatopo

80 2420 33 18 and
137 2420 63 25 origin
228 2420 21 17 of
275 2418 36 18 the
338 2417 56 25 Ngai
398 2414 104 22 -Tawhaki

80 2446 46 19 tribe
153 2447 20 18 of
199 2445 132 21 Puatahuna,
351 2443 80 23 coming
450 2442 52 17 from

80 2471 122 20 AVliakatane
212 2471 39 19 and
263 2470 104 25 defeating
373 2469 34 19 tho
424 2467 79 19 ancient

81 2497 55 20 tribes
154 2497 112 27 Ngapotiki
280 2495 40 21 and
340 2494 103 27 Kgati-lm
458 2494 44 18 who

80 2523 35 21 Lad
127 2525 53 19 these
190 2524 59 19 lands
261 2530 21 11 as
296 2523 31 17 far
344 2532 21 10 as
377 2523 112 23 Maungapo-

80 2549 43 20 liotu
134 2551 17 17 in
164 2551 32 17 the
206 2550 62 18 bravo
286 2549 49 24 days
355 2551 20 18 of
388 2549 39 18 old.
456 2546 47 19 And

82 2575 38 20 how
131 2577 67 18 Tuhoe
208 2579 53 15 went
271 2575 82 24 against
362 2577 36 18 the
407 2573 64 20 tribes
482 2572 21 19 of

82 2601 29 19 the
127 2603 56 18 south
203 2602 39 18 and
263 2602 92 20 attacked
376 2603 33 19 the
427 2606 27 19 pa
482 2598 21 19 of

81 2627 176 26 Purako'tangihia
266 2629 23 17 at
296 2627 29 20 Te
344 2629 68 19 Tutirn
437 2625 62 20 which

82 2660 35 12 was
135 2655 44 18 held
199 2655 27 24 by
247 2654 35 18 tho
305 2653 137 26 Whatuiapiii
463 2653 38 18 and

80 2678 182 26 Ngoti-Kurumold
273 2679 67 28 hapus
350 2682 64 18 under
430 2679 57 18 Tama-

80 2706 77 19 -i-runa.
185 2707 45 18 And
249 2707 45 18 how
314 2708 33 18 the
367 2708 50 18 Sons
428 2707 20 18 of
462 2706 30 19 K.a-

78 2731 94 27 liungunu
191 2733 94 18 defeated
312 2734 34 18 tho
367 2732 135 26 Ngai-Tu'hoe

80 2762 17 13 at
111 2759 41 18 that
171 2759 54 25 place
245 2759 41 18 and
304 2760 54 19 shew
376 2759 53 20 their
438 2758 64 20 chiefs

80 2783 70 20 Koroki
159 2785 38 19 and
205 2785 27 18 Te
240 2784 195 27 Kanjri-pumamao.
455 2785 45 18 And

78 2809 40 20 how
137 2812 33 18 the
189 2812 46 18 wife
255 2812 20 17 of
297 2813 79 18 Koroki
387 2812 62 19 found
470 2811 31 18 his

80 2838 73 19 severed
165 2837 52 20 head
227 2838 40 18 and
277 2839 107 24 preserved
395 2839 16 18 it
421 2838 67 19 hvdrv-

79 2862 31 25 ing
134 2871 45 11 over
198 2871 12 11 a
235 2865 63 23 iiangi
319 2866 38 18 and
380 2864 88 24 brought
485 2864 17 18 it

78 2887 53 20 home
141 2893 19 15 to
170 2890 129 21 Puatahuna,
312 2892 82 24 placing
405 2891 17 18 it
433 2891 20 18 in
467 2890 34 18 the

79 2915 60 19 sacred
150 2923 46 12 cavo
206 2917 65 19 where
283 2918 35 19 the
332 2917 64 18 heads
411 2917 20 18 of
447 2916 41 19 Mai-

77 2942 73 18 taranui
168 2943 39 18 and
225 2949 62 19 many
304 2944 86 19 another
409 2942 92 19 old-time

78 2968 73 18 warrior
164 2975 32 12 are
207 2969 63 24 lying.

101 2993 57 26 Kali!
182 2995 34 18 All
235 2996 57 19 these
309 2996 39 19 and
365 3001 61 18 many
444 2994 58 19 other

78 3018 62 26 things
150 3020 49 22 b.ave
209 3021 11 19 I
230 3022 74 19 recited
317 3024 20 17 to
353 3027 40 19 you
409 3021 39 19 and
467 3023 34 21 yet

77 3050 34 18 you
122 3046 33 19 ask
165 3047 32 19 for
207 3054 55 12 more
270 3046 3 25 !
291 3048 15 19 0
324 3047 52 20 Son!
398 3047 35 24 My
450 3046 49 23 fear,

77 3070 33 19 lest
119 3072 15 18 it
144 3072 25 20 be
176 3074 43 19 said
227 3073 27 26 by
261 3081 40 18 you
310 3074 45 19 that
362 3074 35 18 the
405 3073 84 19 descend-

78 3100 39 16 ants
127 3099 19 17 of
155 3099 33 19 Toi
198 3100 61 19 know
276 3104 35 16 not
329 3100 36 19 tho
384 3100 76 24 history
480 3099 21 18 of

78 3122 46 20 their
132 3124 52 20 land.
212 3125 83 21 Listen'!

99 3149 45 20 This
157 3151 90 26 explains
258 3154 34 18 the
302 3152 117 25 expedition
430 3151 21 18 of
459 3151 28 18 Tu-

77 3174 32 19 hoo
120 3179 17 15 to
148 3176 171 27 Maungatautari.
350 3179 42 18 The
406 3184 59 11 cause
481 3177 20 17 of

79 3200 46 20 their
135 3203 65 25 going,
212 3205 15 17 it
238 3212 41 12 was
292 3205 47 22 Ibis,
357 3204 35 19 the
409 3204 54 18 fame
480 3203 21 18 of

80 3226 3 29 I
86 3226 22 20 he
117 3229 77 24 pakeha
202 3236 52 19 guns
268 3231 41 19 had
322 3229 169 20 reached-Kuata

78 3252 54 21 huna.
159 3256 43 18 that
224 3264 42 12 was
290 3258 45 23 why
355 3255 70 20 Tuhoe
443 3257 57 16 went.

79 3276 47 23 Each
137 3288 39 18 gun
186 3282 48 25 they
249 3283 97 19 obtained
360 3283 49 23 they
425 3281 48 25 paid
491 3287 12 12 a

80 3304 47 21 slave
145 3307 34 19 for.
216 3309 65 19 Thus*-
295 3309 48 24 they
362 3307 95 20 obtained
478 3308 23 18 20

79 3337 46 17 guns
134 3334 37 17 and
182 3336 10 17 G
202 3336 57 18 casks
270 3337 21 17 of
299 3335 87 25 powder.
415 3334 86 19 Havin<r

80 3355 71 22 hecome
161 3361 103 23 possessed
277 3355 29 25 of'
318 3368 53 18 guns
385 3360 68 19 Tuhoe
473 3365 26 12 re'

79 3384 64 19 turned
154 3388 18 16 to

101 3408 8 18 1
117 3410 48 21 ikitu
175 3413 20 18 of
205 3413 127 25 Ngati-Awa
341 3419 55 12 came
412 3414 21 15 to
444 3412 44 17 Pua-

79 3435 74 21 tahuna.
180 3439 32 18 He
223 3446 54 12 came
289 3442 19 16 to
319 3439 74 18 inform
404 3438 34 18 the
448 3437 41 19 Ure-

80 3466 45 15 wera
143 3464 43 20 that
205 3465 127 26 Ngati-Awa
350 3464 40 19 had
408 3464 52 19 risen
482 3463 19 18 in

80 3492 45 14 arms
134 3491 38 18 and
182 3498 51 12 were
244 3498 26 13 on
279 3492 53 18 their
344 3497 44 16 way
398 3492 20 16 to
425 3489 65 19 Puata-

80 3511 53 23 huna.
160 3516 53 21 Here
223 3518 68 23 began
301 3518 41 18 this
352 3516 40 19 evil
409 3515 54 19 work
482 3515 21 18 of

82 3538 27 19 'ln;
118 3548 41 13 men
171 3544 20 17 of
200 3544 113 18 Mataatua.
342 3542 65 19 There
422 3548 38 12 was
477 3548 25 11 no

81 3569 50 17 cause
137 3568 30 20 for
177 3570 21 18 it,.
224 3570 44 18 The
279 3569 47 24 only
337 3575 71 12 reason
419 3574 40 12 was
468 3567 34 18 the

79 3592 57 20 «esire
146 3595 19 18 of
174 3595 125 24 Ngati-Awa
308 3598 21 16 to
340 3594 59 19 make
417 3600 12 12 a
444 3600 59 12 name

80 3615 26 20 for
118 3619 121 21 themselves.

104 3644 117 26 Ngati-Awa
240 3654 61 15 came,
323 3648 35 17 150
379 3645 56 19 twice
453 3645 48 23 told,

82 3668 40 26 'hoy
131 3673 76 19 arrived
217 3672 205 27 atMaungapohatu;
436 3671 66 19 There

82 3694 38 26 they
139 3699 44 18 took
202 3699 113 25 possession
336 3699 20 17 of
374 3697 34 19 the
426 3697 32 18 old
477 3703 26 19 pa

145 3724 167 25 lline-kai-tarigi
322 3724 66 18 where
397 3723 47 25 they
451 3729 52 12 were

82 3753 11 10 s,
94 3754 26 12 ''u
137 3749 25 25 by
181 3751 33 18 the
233 3751 195 18 Tama-kni-nioniia
448 3749 53 24 hnpu

82 3773 50 22 ('lan.
158 3777 109 23 sub-tribe)
287 3777 20 18 of
324 3776 78 19 Tuhoo.
435 3774 68 19 These

82 3803 61 22 peoplf,
153 3805 42 16 sent
204 3803 54 18 word
268 3805 21 16 to
296 3803 34 18 the
337 3802 70 19 Tuhoo
416 3801 86 23 villages

82 3823 38 22 'hat
128 3827 121 25 Ngati-Awa
268 3836 51 11 wore
336 3832 21 15 at.
374 3826 115 25 Mnungnpo-

82 3848 48 23 hatu.
156 3855 133 25 Xgai-Tuhoo
301 3853 121 20 assembled.
442 3852 61 19 Their

83 3876 54 22 chiefs
145 3884 50 16 were
204 3881 27 19 Te
246 3880 79 23 Paehu,
349 3880 29 18 To
398 3878 103 25 Ikn-poto,

82 3901 104 29 IVmnrehe,
197 3906 134 25 Kai-hapuku
346 3904 155 22 Euru.Ta'ur'ua

82 3930 31 19 nnd
134 3931 70 21 others.
241 3933 65 19 Thnso
325 3932 64 18 chiefs
407 3929 94 20 marched

82 3956 31 18 'IOO
122 3956 65 21 Tuhoo
195 3962 19 15 to
224 3959 28 20 Te
261 3959 75 18 Kauim
344 3957 39 19 and
391 3955 109 25 encamped

82 3979 54 22 there.
162 3984 55 26 They,
224 3987 47 18 sent
279 3984 58 19 forth
346 3985 33 17 ten
398 3983 67 18 scouts
482 3983 19 15 to

82 4006 27 17 '!"•
120 4014 21 19 pa
153 4010 19 18 of
185 4010 130 26 Kgali-Awc.
344 4009 30 19 On
390 4006 100 27 approach-

84 4030 27 27 i»g
120 4035 31 17 the
161 4036 38 19 fort
209 4037 46 24 they
266 4036 62 19 heard
341 4034 45 19 loud
404 4033 49 18 cries
466 4032 24 18 be-

82 4057 35 21 i'oro
127 4060 56 22 them,
212 4064 18 18 it
242 4069 40 12 was
290 4062 27 18 Te
325 4061 69 19 Hema
402 4059 21 18 of
429 4057 60 25 Ngati-

82 4082 41 22 ■Awn
134 4088 70 24 calling
214 4091 19 15 to
244 4089 26 18 Te
280 4087 54 20 Woo
346 4087 44 17 who
405 4089 40 14 was
455 4089 35 19 pur-

81 4110 52 27 fling
156 4113 26 19 To
200 4112 191 21 Pnn.n.Kahukura
416 4112 20 16 of
460 4109 28 20 Tu-

82 4142 8 13 '''
106 4136 1 23 i
130 4146 21 10 an
162 4136 3 23 1
176 4141 25 18 To
211 4141 65 18 llemu
287 4138 61 21 tried,
388 4136 85 20 Ilaehae
490 4141 11 13 a

527 125 58 23 tutia,
610 124 17 18 E
643 124 54 18 Wao
777 124 41 19 But
837 125 27 18 Te
882 126 65 17 Run-a-

528 150 114 19 lC.ihukura
652 150 37 17 fled
702 150 41 19 and
761 150 85 24 escaped
862 150 33 19 his
910 156 37 19 pur-

529 183 50 12 suer.
607 176 55 19 Then
672 176 125 24 Ngati-Awa
805 176 72 19 turned
887 177 20 17 to
925 176 34 19 the

528 202 52 19 little
588 202 56 18 band
654 202 21 17 of
684 204 73 15 scouts.
787 202 47 18 And
844 202 35 18 the
896 201 63 19 chiefs

528 230 21 16 of
558 228 34 18 the
603 233 45 12 men
657 226 21 19 of
686 226 50 19 Awa
745 233 51 12 were
804 226 154 26 six—Ngaurei,

527 252 92 24 Titiralii,
628 253 28 18 Te
668 252 59 23 Wao,
736 253 28 18 Te
775 252 66 24 Taiki,
849 253 28 18 Te
886 252 72 25 Hema,

527 278 84 23 Tauhei,
623 278 49 20 with
679 277 69 20 others
755 278 21 19 of
781 278 40 20 less
827 280 53 18 note.
891 278 68 20 When

527 305 57 18 those
594 304 64 20 chiefs
668 310 41 12 saw
728 305 36 17 the
783 307 141 22 encampment
938 305 21 18 of

528 331 34 19 the
573 334 65 15 scouts
649 330 49 23 they
707 330 80 18 uttered
797 330 40 18 this
848 331 73 23 saying
928 338 31 10 :

555 357 30 18 Ko
594 359 20 15 te
625 356 65 25 potiki
701 362 11 12 a
722 355 117 22 Tamatea,'?"
849 356 82 18 mahoki
941 358 18 17 to

528 383 34 17 nui
576 388 11 12 a
605 385 20 15 to
643 381 116 23 nahoanga.
787 381 34 19 Me
839 383 63 23 tango
921 383 38 18 mai

529 415 41 18 nga
580 409 33 17 toa
631 407 22 19 ki
773 407 43 18 The
835 407 124 25 Ngati-Awa

529 435 48 17 then
587 433 88 26 charged
684 439 27 12 ou
727 432 35 19 the
779 432 84 20 Tuhoe.'
891 433 68 19 Tuhoe

529 466 51 12 were
592 458 106 26 prepared,
718 458 34 19 the
770 465 53 17 guns
840 460 119 23 resounded,

529 485 40 20 and
586 485 61 19 death
664 491 62 12 came.
761 480 42 23 The
817 485 106 19 command
940 486 19 19 of

529 512 123 23 Ngati-Awa
662 517 41 12 was
722 510 63 18 heard
822 510 82 24 Napihi,
925 518 23 12 na-

529 538 49 22 pihi,
586 536 84 26 napihia
722 536 28 18 Te
760 536 96 24 Ika-poto
865 537 21 18 of
891 537 68 20 Tuhoe

529 563 59 22 cried,
621 562 72 19 Iloatu
703 562 21 18 ki
734 564 50 20 roto,
802 557 18 22 E
828 557 3 28 !
853 562 70 19 Hoatu
940 564 19 18 ki

529 588 78 24 roto,''|
623 588 69 24 Again
702 594 41 13 was
750 587 66 22 heard
823 587 34 20 the
867 589 64 20 sound
941 590 18 18 of

529 614 35 19 the
571 621 42 12 new
620 620 101 19 weapons,
729 613 35 19 the
773 619 51 18 guns
832 614 21 18 of
860 614 33 19 the
901 616 58 18 white

529 647 53 12 man.
611 640 40 19 The
661 639 89 25 Ngati-A
757 645 30 13 wa
796 639 43 19 fell.
867 640 41 19 The

529 666 66 19 vivors
605 666 39 18 fled
654 668 20 16 to
688 664 117 27 Kangitaiki
821 666 40 18 and
878 666 44 20 said
940 670 19 16 to

530 692 34 18 the
574 691 71 25 people
656 691 21 19 of
686 691 45 20 that
742 691 62 24 place,
837 692 61 21 Alas.!
912 692 47 20 This

529 718 18 18 is
556 718 28 18 all
594 717 45 19 that
648 718 95 17 lemains.
771 716 39 20 We
820 717 36 19 fell
863 724 55 18 upon
927 719 32 19 the

531 743 61 19 hattle
602 743 47 18 field
660 743 21 18 of
690 743 29 18 Te
863 744 46 18 And
927 745 32 18 tho

531 769 80 19 widows
620 769 21 18 of
653 770 50 17 Awa
714 769 71 18 wailed
795 769 61 19 aloud
870 770 20 18 in
908 771 51 18 their

530 795 53 25 grief
600 795 39 18 and
656 795 89 18 relieved
762 795 54 18 their
834 795 87 25 feelings
934 797 25 24 by

530 821 116 25 composing
658 828 12 11 a
676 823 51 16 most
735 820 102 19 elaborate
844 822 40 18 and
893 823 54 18 blood-

529 847 73 24 thirsty
612 846 112 20 kaioraora.

556 873 46 18 And
620 872 78 23 Ilatua,
719 879 11 11 a
757 872 82 26 leading
862 874 53 19 chief
940 875 19 18 of

529 899 129 24 Ngati-Awa,
682 898 50 23 said,
835 899 40 20 will
901 901 58 18 make

529 929 59 17 peace
599 924 47 19 with
760 925 37 18 and
809 926 34 17 the
859 927 100 18 survivors

529 951 21 18 of
559 950 50 19 Awa
619 950 81 25 agreed.
728 950 48 19 And
787 951 71 19 Hatua
874 955 52 16 went
940 955 19 16 to

529 977 34 18 the
585 976 58 19 home
667 976 20 18 of
706 976 28 19 Te
757 976 98 26 lka-poto
881 978 78 25 beyond

529 1002 124 19 h'uatahuna
673 1002 41 18 and
733 1002 50 23 said,
882 1011 39 15 you
940 1006 19 17 to

529 1028 123 25 Ngati-Awa
668 1032 21 14 at
867 1032 26 17 Te
911 1030 36 19 lka-

528 1058 47 19 poto
585 1056 52 16 went
646 1057 20 16 to
677 1054 125 24 Rangitaiki,
815 1058 20 15 to
849 1056 34 17 tho
898 1062 26 19 pa
940 1056 19 18 of

529 1080 77 21 Ilatua,
627 1082 19 17 to
663 1080 28 19 Te
716 1079 109 26 Kuponga.
863 1082 33 19 He
920 1088 39 13 saw

529 1107 56 17 there
595 1106 34 18 the
640 1106 81 19 widows
731 1106 21 18 of
762 1107 33 17 the
806 1107 51 19 slain
868 1108 39 19 and
926 1108 33 18 the

529 1132 66 18 hearts
603 1133 20 17 of
630 1132 56 19 these
696 1138 50 12 were
753 1132 35 18 hot
794 1134 80 23 against
879 1134 26 19 To
912 1133 36 24 Jka-

528 1159 53 24 poto.
620 1158 46 21 And
685 1159 36 18 tho
763 1160 57 18 tatau
835 1166 103 18 pounamu

529 1190 38 12 was
580 1184 66 18 raised
664 1187 20 16 at
696 1184 61 20 Ohui.
791 1185 20 18 It
827 1185 40 19 still
883 1187 75 22 stands,

528 1210 37 18 has
574 1216 61 12 never
645 1210 69 24 failon,
726 1216 50 13 even
787 1213 48 17 unto
856 1212 41 18 this
914 1212 45 24 day.

529 1239 25 15 So
565 1236 49 18 ends
624 1236 41 18 this
674 1239 54 21 story
740 1237 21 18 of
770 1237 39 18 old.

554 1263 43 17 And
609 1262 33 19 the
653 1262 96 25 rtohunga
759 1263 21 18 of
789 1263 69 19 Tuhoe
878 1266 22 16 at
915 1264 44 18 that

528 1289 48 18 time
595 1294 42 13 was
731 1289 45 19 who
794 1289 41 19 had
854 1289 105 26 Riparata,

528 1315 44 18 who
581 1314 40 19 had
627 1314 104 23 Kere-kai,
740 1315 44 18 who
794 1316 41 18 had
847 1315 112 19 Hine-hou.

597 1385 99 13 between
720 1382 72 17 TtrnoE
816 1387 41 14 a>-d
882 1382 77 17 Ngati-

579 1404 93 17 ItUAI'AXI
687 1409 26 12 AT
725 1404 179 19 WAIKAREJIOAXA.

553 1436 155 25 Kokotangi-ao
719 1437 21 18 of
750 1436 69 20 Tuhoe
838 1443 42 12 was
896 1437 63 18 killed

527 1462 26 24 by
564 1461 168 26 Ngati-Buapani
743 1465 21 16 at
779 1462 178 20 Waikaremoana.

527 1489 55 23 They
592 1490 34 17 cut
635 1488 34 18 the
682 1488 52 24 body
746 1495 26 18 up
784 1488 38 19 and
833 1489 68 24 jeered
912 1495 47 13 over

527 1515 15 18 it
553 1521 73 17 among
637 1514 52 18 their
700 1521 82 15 women,
792 1514 40 19 and
841 1517 34 16 the
882 1515 77 18 friends

527 1541 21 18 of
556 1541 34 18 the
600 1546 47 12 man
659 1540 44 18 who
713 1547 40 12 was
769 1540 71 25 peered
859 1543 21 16 at
896 1541 63 18 heard

527 1567 21 18 of
557 1566 41 19 this
609 1566 38 18 evil
658 1566 61 24 thing
729 1566 40 19 and
785 1566 47 25 they
848 1573 56 12 arose
920 1567 39 18 and

527 1599 54 12 eame
591 1596 20 14 to
621 1592 129 20 Euatahuna.
779 1592 45 19 And
835 1593 48 24 they
897 1592 62 26 spoke

527 1619 21 18 of
558 1618 44 18 that
612 1618 40 18 evil
662 1618 51 18 deed
724 1620 20 16 to
754 1618 34 18 the
798 1625 46 12 men
851 1619 21 18 of
879 1619 67 18 Tuhoe-

528 1644 63 25 potiki
603 1644 39 18 and
653 1644 34 18 the
698 1651 45 11 men
752 1645 20 17 of
780 1644 69 19 Tuhoe
858 1645 100 24 pondered

527 1677 47 13 over
587 1670 55 18 what
657 1670 67 26 might
745 1670 24 19 bo
779 1670 58 20 done.
865 1671 55 18 Then
931 1670 28 20 Te

527 1696 94 20 Arohana
637 1696 21 18 of
673 1696 69 18 Tuhoe
760 1703 56 12 aiose
834 1696 39 19 and
890 1696 69 19 said—

550 1723 38 18 Ijet
595 1728 23 12 us
630 1722 33 18 lift
673 1728 25 12 on
710 1723 51 24 high
771 1729 36 12 our
816 1729 94 18 weapons
929 1723 30 18 for

527 1748 40 20 this
577 1749 16 19 is
600 1747 2 26 :
604 1754 25 13 an
640 1747 40 20 evil
691 1748 66 25 thing,
774 1755 11 11 a
802 1749 80 24 jeering
897 1751 20 16 at
926 1749 33 18 the

527 1775 57 18 dead.
612 1775 40 18 Wo
662 1775 40 17 will
714 1775 46 23 give
771 1775 55 17 them
843 1781 11 12 a
863 1775 40 18 live
913 1781 46 12 man

526 1803 20 15 to
555 1800 43 25 jeer
694 1801 45 17 And
759 1801 27 17 all
805 1801 34 18 the
858 1801 64 18 chiefs
939 1801 20 18 of

526 1826 69 20 Tuhoe
607 1826 98 19 assented.
749 1827 61 17 Their
829 1833 69 12 names
908 1833 51 12 were

526 1853 88 23 Tuirina,
626 1852 80 22 Taitua,
722 1852 85 24 Koroki,
825 1852 95 25 Tipihau,
931 1853 28 18 To

527 1878 110 19 Hiko-o-te
665 1879 66 24 rungi,
760 1878 197 25 Mokonui-U'rnngi,

525 1905 27 18 Te
576 1905 143 19 Wharekotua
740 1904 40 19 and
797 1907 73 16 others.
905 1905 54 24 They

526 1935 57 14 arose
599 1931 39 18 and
657 1937 56 12 came
732 1931 81 22 against
832 1931 115 25 Ngati-Rua-

526 1957 48 24 pani
587 1957 22 23 (a
626 1957 56 25 hap.u
702 1957 20 17 of
740 1956 218 26 Ngati-Kahiingunu)

527 1984 44 18 who
579 1983 54 19 lived
644 1986 21 15 at
677 1983 34 18 the
722 1982 108 19 Pukehuia
846 1989 25 18 pa
887 1986 20 15 at
926 1983 33 18 the

527 2016 33 11 sea
579 2011 20 17 (if
619 2008 105 20 Waikare.
764 2008 25 19 So
814 2009 57 18 these
895 2009 64 18 tribes

526 2036 73 24 fought
613 2042 25 11 on
649 2035 34 18 the
694 2035 70 18 shores
773 2034 21 19 of
804 2034 45 19 that
866 2041 39 17 sea,
918 2035 40 18 and

525 2062 35 18 the
579 2062 35 24 pa?
625 2061 36 18 fell,
682 2060 40 19 and
750 2067 60 17 many
829 2067 52 12 were
900 2060 58 19 slain.

526 2088 212 24 Ngati-Kahungunu
748 2086 63 19 heard
826 2087 21 18 of
863 2087 41 18 this
914 2086 33 19 bat-

526 2111 33 22 tle.
588 2114 55 23 They
651 2112 145 26 guthered.aud
807 2119 54 12 came
872 2116 19 15 to
900 2112 45 21 Wai-

525 2137 55 27 hare,
598 2143 21 16 to
637 2138 118 23 Whaknari,
772 2145 14 12 a
805 2145 26 18 pa
849 2138 21 19 of
888 2138 69 19 No-atb

525 2166 100 26 Euapani.
654 2166 55 23 They
725 2171 50 12 were
791 2171 47 12 seen
854 2164 26 25 liy
891 2163 68 20 Tuhoe

525 2193 46 18 who
581 2199 52 18 gave
643 2191 64 19 battle
719 2193 20 16 to
749 2191 53 17 them
814 2191 39 18 and
865 2191 92 18 defeated

525 2220 61 19 them.
616 2218 40 20 The
676 2217 102 19 survivors
795 2216 40 18 fled
854 2218 20 17 to
889 2216 56 19 Puke-

525 2246 49 19 huia
584 2253 26 18 pa
620 2250 65 13 across
697 2243 34 19 the
747 2242 47 19 lake
834 2243 55 23 They
906 2246 53 16 went

525 2273 27 22 by
562 2272 49 18 land
620 2277 22 12 as
652 2271 48 23 they
714 2268 58 20 could
793 2270 34 16 not
846 2269 41 18 find
906 2270 53 18 their

523 2304 79 14 •Cannes.
631 2297 54 23 They
696 2295 49 19 then
766 2297 29 15 set
806 2299 19 13 to
846 2295 53 18 work
919 2295 38 19 and

525 2325 70 19 hewed
605 2325 85 18 out'two
696 2327 82 13 .canoes.
806 2321 41 17 The
869 2328 59 12 name
938 2322 21 18 of

525 2358 37 12 one
572 2357 61 13 canoe
653 2356 41 11 was
715 2347 143 23 Roimata-nui,
879 2348 38 18 and
939 2347 20 19 of

525 2378 33 17 the
570 2377 63 21 other,
645 2373 113 20 Euha-nui.
786 2373 55 18 Then
851 2373 108 18 thoTuhoa

523 2403 65 22 .chiefs
708 2399 38 18 Pot
767 2405 23 12 us
815 2399 67 19 attack
902 2400 56 18 these

524 2429 71 25 people
602 2427 239 26 atnightthatnonemny
850 2426 87 18 survive.

524 2455 48 19 This
583 2462 40 12 was
633 2453 75 24 agreed
719 2454 26 16 to.
762 2451 26 18 In
807 2452 34 18 the
860 2452 99 18 darkness

525 2482 21 17 of
555 2481 60 23 night
635 2481 33 17 the
684 2484 73 14 canoes
777 2478 21 17 of
817 2478 69 18 Tuhoe
907 2484 52 12 were

525 2507 100 19 launched
635 2512 54 12 imoii
706 2505 34 17 the
760 2509 34 12 sea
813 2504 21 18 of
852 2503 105 23 Waikare,

525 2534 21 18 in
557 2533 33 19 the
602 2532 98 20 darkness
711 2531 20 18 of
742 2529 59 24 night
811 2530 48 24 they
871 2530 86 24 paddled

525 2563 21 14 to
565 2559 115 23 Pukehuia,
701 2561 21 16 to
741 2556 34 19 the
793 2556 72 24 refuge
884 2556 21 18 of
924 2556 34 19 the

524 2584 167 26 Ngati-Euapani
712 2583 40 18 and
776 2582 21 18 of
816 2582 141 24 Kahungunu.

525 2610 28 19 As
564 2612 48 21 they
621 2610 89 26 paddled
721 2614 48 13 over
779 2608 33 18 the
821 2608 49 18 dark
879 2612 78 18 waters,

523 2636 27 21 Te
562 2638 55 18 Iliko
629 2635 111 26 o-to-rangi
752 2634 49 21 said,
814 2636 12 8 '■
836 2634 77 18 Behold
926 2634 33 18 the

525 2663 56 19 birds
591 2664 67 18 whose
668 2669 52 18 song
731 2660 40 19 will
781 2660 83 18 awaken
880 2667 40 16 you
938 2662 21 16 at

524 2689 63 18 bieak
605 2689 20 19 of
640 2690 39 23 day
730 2688 27 18 Te
773 2686 185 25 Rangi-pumairiao

525 2716 80 18 uttered
615 2716 40 18 this
666 2714 79 25 saying,
781 2712 19 18 It
818 2712 17 18 is
851 2712 17 23 I,
887 2712 9 18 I
913 2711 45 20 who

525 2748 41 12 was
576 2742 97 22 begotten
684 2735 32 24 for
725 2740 35 19 the
773 2739 96 24 dawning

524 2768 63 18 These
598 2768 94 19 wairiors
702 2766 49 19 then
764 2765 92 19 attacked
873 2764 35 18 the
926 2770 31 18 pa,

524 2793 34 20 the
569 2801 24 18 pa
612 2794 21 18 of
647 2792 116 22 Pukehuia..
800 2791 21 17 It
840 2790 41 19 fell.
917 2789 41 20 The

524 2820 169 24 Xgati-h'uapani
712 2825 52 12 were
779 2817 62 24 again
858 2816 99 18 defeated.

524 2843 54 27 They
588 2846 40 19 fled
639 2846 19 18 in
670 2851 72 13 canoes
752 2847 20 15 to
783 2845 26 17 To
815 2842 142 22 Am-vo-Tawa,

524 2879 12 12 a
547 2878 48 13 ca-ve
605 2871 21 19 in
637 2879 11 11 a
658 2871 52 25 high
727 2870 44 19 cliff
786 2869 39 18 and
841 2868 65 19 which
922 2874 35 12 can

524 2898 47 24 only
583 2898 25 18 be
618 2897 128 26 approached
758 2896 28 25 by
800 2897 68 16 water.
903 2894 55 17 Then

524 2923 113 26 Rangaika,
651 2924 33 18 the
702 2923 54 19 chief
769 2922 24 18 of
808 2921 34 18 the
858 2919 99 25 Ruapani,

524 2950 47 18 took
588 2956 54 12 some
658 2951 63 18 water
736 2949 52 17 from
802 2947 36 18 the
854 2946 47 18 lake
919 2946 40 18 and

524 2976 63 18 drank
599 2977 21 17 of
637 2977 22 17 it.
697 2975 41 18 The
757 2973 96 24 meaning
874 2972 21 18 of
913 2972 46 18 that

524 3008 41 13 was
576 3009 11 11 a
619 3002 43 18 miti
765 3000 55 23 They
830 3004 52 13 were
897 2998 61 23 again

523 3028 96 19 Attacked
629 3028 20 18 in
657 3027 35 19 the
703 3033 47 13 cave
759 3026 39 19 and
806 3025 46 23 fifty
859 3023 21 20 of
887 3023 71 25 Ngati-

525 3055 93 25 Ruapani
630 3060 50 13 were
691 3053 64 19 killed
765 3052 39 19 and
819 3050 53 19 their
888 3047 70 20 bodies

523 3080 58 25 flung
600 3081 43 18 into
654 3080 34 18 the
706 3079 54 18 lake.
793 3078 42 18 But
852 3075 107 25 Rangaika

524 3107 90 24 escaped.
642 3106 66 19 Peace
722 3111 41 12 was
778 3104 48 18 then
842 3102 59 19 made
917 3101 39 19 and

524 3132 89 26 fighting
623 3132 71 19 ceased
704 3131 31 20 for
746 3137 13 12 a
771 3130 54 18 time.

553 3158 106 22 Rang-aika
669 3156 103 26 pondered
782 3162 48 12 over
847 3154 40 18 this
905 3154 40 18 mat-

524 3187 30 16 ter
555 3186 40 12 —«
603 3184 51 19 How
666 3190 33 12 am
710 3183 41 19 Ito
764 3187 77 18 avenge
852 3180 34 18 the
896 3179 61 19 death

525 3212 21 17 of
555 3218 33 18 my
597 3209 85 27 people?
731 3208 48 19 And
791 3207 74 19 Mokoa
878 3205 80 19 uttered

525 3238 40 17 this
576 3235 85 27 proverb
671 3231 3 31 :
766 3234 17 18 ai
795 3234 21 18 ki
835 3235 19 16 to
865 3231 41 19 hua
917 3237 12 16 p
939 3233 19 16 te

525 3267 136 21 rengarenga;
685 3268 33 12 mo
738 3255 145 28 whakapakari
901 3257 57 18 kite

525 3290 41 17 hua
582 3295 10 12 o
613 3292 20 14 to
797 3285 41 18 The
857 3283 63 19 chiefs
938 3283 21 18 of

524 3315 70 19 Tuhoe
605 3320 52 12 were
666 3313 92 25 jubilant
777 3311 39 19 and
833 3309 124 26 aggressive.

524 3341 43 19 The
586 3339 168 26 Ngati'Kuapani
771 3339 44 17 sent
833 3343 12 12 a
860 3335 63 19 token
938 3339 21 14 to

524 3366 210 25 Ngati-Kahungunu
746 3368 20 15 to
776 3363 62 19 invite
859 3361 57 19 them
936 3362 21 17 to

524 3392 44 24 join
585 3393 20 18 in
627 3398 25 13 an
679 3391 68 19 attack
769 3396 25 12 on
815 3387 142 26 Ngai-Tuhoe.

525 3419 56 24 They
592 3424 64 16 came,
667 3417 41 19 and
719 3417 34 18 the
769 3414 106 20 combined
894 3412 65 19 forces

525 3444 94 19 marched
639 3450 25 12 on
683 3443 124 18 Kuatahuna
826 3440 66 19 where
911 3438 48 24 they

526 3477 51 12 were
588 3469 94 19 defeated
692 3469 39 19 and
743 3468 71 19 driven
825 3465 57 20 back.
903 3464 56 18 Thus

527 3503 50 12 were
587 3496 57 19 these
654 3495 71 25 people
736 3494 50 19 slain
796 3490 4 30 ;
818 3499 25 12 on
859 3491 35 18 the
911 3490 48 18 field

525 3523 21 18 of
556 3522 45 19 batt
611 3528 10 13 e
632 3521 39 19 and
689 3521 21 19 in
727 3520 52 19 their
795 3525 45 12 own
856 3523 37 19 pas
908 3522 51 12 wero

525 3548 35 20 the
569 3546 169 28 Ngati-Euapani
749 3545 39 19 and
809 3542 138 27 Ngati-Kflhu-

526 3574 57 19 huhu
593 3573 108 24 destroyed
720 3572 26 24 by
767 3572 34 18 the
824 3568 133 20 descendants

525 3601 21 18 of
556 3600 35 19 Toi
602 3600 40 19 and
652 3598 75 23 Potiki,
745 3596 99 20 Paewhiti
863 3594 38 20 and
918 3593 27 19 Tu-

526 3626 44 19 hoe.
584 3626 46 19 And
641 3626 35 18 the
686 3624 89 24 thought
790 3628 56 13 came
856 3623 19 17 to
886 3619 59 19 Kahu-

526 3652 57 20 hunu
600 3652 44 19 that
665 3650 54 19 their
729 3650 53 19 tribe
800 3654 41 13 was
852 3647 44 18 lost.
934 3647 25 17 So

526 3685 60 17 peace
602 3684 40 13 was
659 3676 60 20 ma.de
739 3675 41 22 and
796 3674 69 19 Tuhoo
875 3673 39 18 and
926 3671 33 19 tho

526 3704 102 18 survivors
637 3703 22 19 of
679 3699 167 28 Ngati-R'uapani
863 3698 61 19 dwelt
939 3697 20 18 in

525 3736 60 18 peace
596 3736 26 12 on
637 3729 35 19 the
691 3729 69 18 shores
779 3727 21 19 of
823 3725 34 19 the
879 3724 38 19 Sea
939 3723 20 19 of

527 3756 103 17 Waikare.

583 3805 56 19 These
648 3810 31 12 arc
687 3805 34 16 tlic
729 3803 87 18 ChildroTi
827 3802 21 17 of
852 3802 90 17 Tarotttea

526 3829 66 18 —that
601 3829 21 17 is.
633 3828 20 17 of
661 3824 246 21 Tanmtea-M-te-huataM.

550 3852 41 20 fi.o.
623 3850 50 25 T.ajte
682 3850 46 17 hold
736 3847 4 28 !
754 3849 58 22 Hang
821 3854 23 12 on

549 3875 40 22 :]i.o.
620 3874 50 17 Dash

645 3905 34 20 [To
691 3908 23 12 BE
727 3901 113 21 CnNTIVUTI).]

1234 62 58 19 THE
1320 62 58 19 HOT
1405 62 91 20 LAKES
1525 61 172 24 CHRONICLE,
1725 62 189 23 WEDNESDAY,
1942 61 90 20 APRIL
2061 64 16 21 1,
2094 64 49 17 1806

524 3934 435 214 hgfhgfd

981 126 53 17 THE
1047 126 54 17 TWO

1074 148 119 18 GENUINE
1209 146 132 19 ABTICLES:

1028 171 136 19 CLEMENTS
1172 170 77 18 TONIC

1075 193 154 18 FLETCHER'S
1238 193 80 20 PILLS,

981 217 133 17 IMITATED!

1051 240 50 18 BUT
1113 239 169 18 UNRIVALLED

1121 263 53 16 AND
1181 261 183 19 UNEQUALLED.

1005 294 135 18 CLEMENTS
1157 294 77 17 TONIC
1252 293 16 17 is
1293 299 10 10 a
1324 293 89 17 scientific

982 317 90 18 chemical
1081 317 44 17 food
1131 317 37 16 imd
1174 318 79 15 restores
1262 316 32 17 the
1300 316 57 16 tissue
1364 321 36 13 was-

981 340 33 17 ted
1030 341 25 21 by
1063 341 32 16 the
1105 340 95 17 vocations
1209 340 20 16 of
1242 345 55 15 every
1307 338 36 22 day
1352 338 38 20 life,
1397 339 16 16 is

982 369 11 11 a
1001 365 77 20 prompt
1086 363 36 17 and
1139 363 39 17 safe
1185 362 76 21 remedy
1270 362 29 16 for
1315 362 98 21 neuralgia

981 392 127 12 nervousness,
1132 385 84 22 debility,
1239 385 47 16 liver
1302 381 109 25 eomplami;

983 409 76 22 dropsy,
1070 409 37 16 and
1121 409 76 16 chronic
1213 407 121 23 indigestion.

1006 431 155 18 FLETCHER'S
1169 431 74 17 PILLS
1252 435 43 13 cure
1301 430 110 21 heartburn,

981 454 101 20 backache,
1090 454 100 20 headache,
1201 454 46 16 liver
1254 453 98 22 torpid'ty,
1368 453 33 21 dys-

980 478 66 22 •pepsia
1054 477 37 17 and
1098 477 26 17 all
1133 477 111 22 complaints
1253 477 20 16 of
1279 477 33 16 the
1329 475 84 18 stomach

982 501 38 17 and
1028 500 75 17 bowels.

1006 524 59 16 These
1080 524 38 16 two
1138 522 89 18 remedies
1244 522 47 17 have
1307 522 47 16 been
1369 521 33 17 tho-

982 547 82 22 roughly
1073 546 60 16 tested
1140 546 20 16 in
1169 546 26 16 all
1203 545 32 17 the
1244 545 33 17 hot
1291 544 94 18 countries
1394 545 19 16 of

982 569 32 17 the
1023 569 64 17 world.
1098 569 51 21 They
1158 574 31 11 are
1198 568 41 17 sold
1247 569 20 16 at
1276 574 12 10 a
1296 567 50 22 price
1355 567 45 19 with-

982 592 20 17 in
1008 593 55 16 reach
1072 592 20 17 of
1100 592 26 17 all
1134 592 72 21 people.
1231 591 94 16 Evidence
1341 590 16 17 is
1373 590 30 17 for-

982 615 76 17 warded
1066 616 37 16 free
1116 620 24 11 on
1148 614 70 22 receipt
1227 614 20 17 of
1259 620 55 10 name
1328 613 37 17 and
1379 613 22 16 ad-

983 638 51 17 dress
1048 639 42 15 that
1096 637 38 17 will
1150 637 67 21 satisfy
1225 637 33 17 the
1267 637 49 17 most
1325 636 88 22 sceptical

982 667 20 10 as
1011 662 20 15 to
1039 661 49 16 their
1096 661 76 16 virtues.
1197 660 52 21 They
1258 666 31 10 are
1298 659 40 17 sold
1347 664 55 17 every-

982 684 67 21 where,
1060 684 34 17 but
1103 689 41 11 care
1153 684 51 16 must
1220 683 22 17 bo
1248 682 56 18 taken
1321 682 43 17 that
1381 679 32 20 the

981 707 82 21 genuine
1071 712 30 11 are
1107 706 88 17 obtained
1212 712 20 11 or
1249 706 31 16 the
1295 711 67 16 money
1376 705 37 16 and

982 730 45 16 time
1035 736 30 10 are
1074 729 69 17 wasted
1152 729 37 16 and
1198 729 31 16 the
1243 729 70 16 disease
1322 734 20 11 so
1357 728 55 16 much

982 753 32 15 the
1021 759 51 9 more
1079 752 74 16 serious.

1083 889 46 17 ery,
1140 886 43 16 Hot
1193 885 75 20 Lakes,
1278 886 32 15 eic.

983 932 143 40 YISITOBS
1134 931 38 17 and
1181 931 63 17 others
1253 936 30 12 are
1292 930 121 23 respectfully

1051 955 70 17 invited
1134 956 20 16 to
1168 955 73 21 inspect
1253 954 31 17 Mi-
1298 953 115 18 BlomfieldJs

983 978 74 22 Unique
1067 978 101 17 Collection
1177 977 20 18 of
1211 977 87 23 Original
1314 977 99 21 Paintings

983 1007 42 10 now
1034 1006 24 13 on
1061 1000 51 18 View
1121 1002 20 16 at
1150 1001 28 16 Lis
1188 1000 72 20 Studio,
1273 999 140 24 Karangahape

983 1024 57 19 Road,
1051 1024 104 18 Auckland.

1006 1047 118 17 N.B.—Pain
1127 1047 27 16 tin

983 1075 50 12 races
1042 1070 70 17 similar
1122 1071 19 16 to
1155 1070 54 17 those
1222 1075 25 11 on
1261 1070 48 16 view
1326 1070 20 16 at
1362 1068 52 18 Lake

983 1093 64 17 House
1060 1093 38 17 and
1110 1093 67 17 Palace
1195 1093 63 19 Hotel,
1277 1098 35 12 can
1329 1092 45 22 only
1390 1092 23 16 lie

983 1116 87 17 obtained
1084 1116 57 17 direct
1159 1117 48 16 from
1223 1116 32 16 the
1272 1115 62 18 Artist
1346 1116 20 16 at
1382 1115 32 17 the

983 1139 57 17 above
1051 1139 82 18 address.

1014 1205 47 46 R.
1084 1202 300 50 GRIFFITHS,

1094 1268 211 32 HOTORTJA,

982 1324 138 26 GENERAL
1129 1324 285 25 CARTER&CARRIER.

1009 1399 67 19 Goods
1086 1398 102 20 delivered
1198 1401 20 16 to
1226 1398 27 19 all
1268 1402 58 21 .parts
1343 1399 20 18 uf
1381 1398 33 19 the

983 1426 77 18 district
1068 1427 20 17 at
1093 1425 40 19 .low
1141 1428 63 16 rates.

1064 1463 60 19 ALL
1138 1463 111 19 TRAINS
1263 1464 69 18 MET.

1009 1545 405 24 N.B.—Geodpaddoekingforalimited

981 1571 87 19 number
1077 1571 21 19 of
1107 1571 75 18 horses,
1201 1571 105 24 Spencer's
1316 1570 97 25 paddock,

982 1597 145 19 well-watered
1153 1597 41 18 and
1224 1604 60 18 every
1315 1597 99 18 attention

982 1623 54 21 paid.

1091 1747 217 33 MAMAKXr

981 1785 74 41 SAW
1070 1785 26 41 &
1121 1785 153 41 PLANUM
1295 1785 117 40 MILLS,

1275 1856 138 24 RI7^\J,

1141 1900 40 13 THK
1195 1900 54 13 ONLY

983 1934 132 19 GENUINE
1130 1933 60 20 DRY
1206 1933 78 19 LAND
1303 1932 111 20 TIMBER

1086 1968 29 18 Of
1127 1968 53 17 THE
1194 1968 114 17 MAEKET.

983 2014 126 43 MESSES
1127 2014 100 19 JOJSABS
1246 2013 69 20 BEOS,
1331 2014 36 21 beg
1385 2019 19 12 re-

1058 2037 101 23 spectfully
1163 2038 20 17 to
1191 2037 71 18 inform,
1270 2037 32 17 the
1315 2037 67 17 Public
1395 2038 19 16 of

983 2061 77 16 tioturua
1068 2061 33 15 aud
1110 2060 74 21 vicinity
1192 2060 39 16 that
1240 2061 40 19 they
1296 2060 44 15 have
1355 2061 48 14 estab-

981 2082 54 16 lished
1045 2088 10 9 a
1065 2081 41 21 yard
1115 2082 17 14 in
1147 2080 125 20 Hinemoa-st.,
1282 2082 32 15 and
1331 2086 30 10 nan
1376 2086 38 10 now

981 2105 62 19 supply
1053 2103 29 16 the
1088 2103 52 16 finest
1147 2103 44 15 class
1206 2103 18 15 of
1239 2102 82 20 Building
1334 2101 79 17 Material

981 2125 16 15 in
1007 2125 29 15 tin;
1045 2124 74 16 Market.
1135 2124 19 15 It.
1161 2124 15 15 is
1182 2124 102 18 unequalled
1294 2124 16 14 in
1320 2123 93 21 durability

981 2145 33 16 and
1024 2145 104 21 impervious
1137 2147 17 13 to
1164 2145 29 15 the
1202 2145 67 15 attacks
1284 2145 18 15 of
1317 2145 48 15 borer
1381 2145 32 14 and

981 2167 32 19 dry
1025 2170 32 13 rot.
1080 2166 53 15 Their
1140 2166 83 15 sawmills
1232 2171 29 11 ere
1267 2166 50 16 fitted
1329 2166 40 14 with
1385 2166 29 14 the

982 2191 43 12 most
1035 2187 68 17 modern
1112 2186 99 21 appliances
1221 2187 33 15 and
1264 2188 28 14 the
1301 2186 37 18 firm
1352 2187 14 15 is
1376 2186 38 16 able

982 2213 17 10 to
1015 2209 62 21 mpply
1094 2214 33 14 any
1143 2208 81 21 quantity
1241 2209 17 14 of
1274 2209 37 19 Dry
1331 2207 83 21 Building

982 2230 80 16 Material
1071 2235 22 11 on
1101 2230 29 16 the
1139 2232 74 13 shortest,
1221 2230 61 15 notice.

983 2273 139 28 Skirtings,
1130 2272 179 27 Architraves,
1315 2272 82 23 Mould-

1018 2304 66 28 ings,
1097 2303 50 23 and
1157 2303 112 22 Dressed
1279 2303 102 22 Timber

1047 2334 28 23 of
1084 2340 79 22 every
1178 2333 166 29 description,

1074 2364 109 29 Always
1194 2371 32 15 on
1236 2364 84 22 Hand.

1007 2399 118 22 HENAU
1136 2399 109 22 HOUSE
1257 2397 129 24 BLOCKS.

981 2477 225 31 KUSABS
1242 2475 159 33 BHOS,

1056 2518 117 16 iMAMAEE
1185 2522 26 12 ok
1224 2518 113 17 OTTAEPw.

1109 2547 26 16 Or
1144 2547 20 17 at
1172 2547 32 16 the
1216 2547 68 19 Yards,

1004 2574 124 18 HINEMOA
1141 2574 102 19 street,
1263 2573 127 17 eotobua.

981 2646 34 19 TO
1031 2646 56 19 THE
1103 2646 104 19 PUBLIC
1223 2646 33 19 OE
1274 2646 139 19 EOTORUA.

982 2698 94 43 IBEG
1087 2700 20 17 to
1117 2698 65 19 thank
1192 2698 34 19 the
1240 2697 73 20 Public
1324 2698 20 17 of
1353 2698 49 17 Eoto-

1035 2731 39 12 rua
1093 2725 31 18 for
1140 2724 52 19 their
1199 2725 82 17 favours
1294 2724 74 24 during
1380 2724 34 17 the

981 2752 45 23 past
1037 2750 68 19 fifteen
1115 2757 65 18 years,
1193 2750 39 18 and
1247 2754 21 14 to
1285 2750 65 24 notify
1370 2749 44 19 that

981 2776 32 19 for
1023 2776 34 19 the
1069 2777 132 18 convenience
1212 2776 20 18 of
1243 2776 98 18 residents
1352 2776 20 18 in
1380 2775 34 19 the

982 2803 50 18 New
1044 2802 114 25 Township,
1172 2802 40 18 and
1222 2808 31 19 my
1268 2801 57 20 trade
1343 2808 60 19 goner-

981 2828 47 25 ally,
1040 2828 11 19 1
1062 2828 50 19 have
1124 2828 52 19 built

1008 2863 52 18 New
1070 2863 102 19 Phemises
1180 2868 22 13 in
1210 2863 84 18 Fexi'ox
1302 2861 85 25 Street,

982 2899 64 18 which
1058 2905 33 12 aie
1101 2905 44 12 now
1157 2905 51 19 open
1218 2900 31 17 for
1260 2898 99 24 business,
1375 2897 39 19 and

981 2924 55 21 lam
1054 2925 98 25 prepared
1175 2928 20 15 to
1209 2924 72 26 supply

1121 2959 71 20 PltiiiE
1213 2959 61 20 Meat

981 2997 21 18 in
1014 2996 49 19 both
1074 2997 50 18 New
1136 2997 39 18 and
1187 2997 37 18 Old
1235 2995 126 27 Townships.

1014 3063 43 22 An
1070 3063 151 28 Inspection
1235 3063 23 22 is
1273 3063 108 22 invited.

1190 3103 101 17 HENRY
1305 3103 82 17 KIRK.

1200 3207 34 40 M,
1271 3206 118 47 SIMON,

1177 3259 60 24 (Late
1245 3258 21 20 of
1275 3259 136 24 Melbourne.)

1187 3308 113 17 PItACTICAL
1320 3308 82 17 Tailor.

1175 3379 105 23 Clotlies
1294 3380 74 21 made
1387 3380 27 21 to

1202 3406 74 22 order
1294 3412 34 16 on
1343 3405 45 23 the

1227 3431 135 23 shortest

1247 3457 93 23 notice.

1187 3552 55 26 Style
1251 3560 19 11 a-
1279 3553 11 17 d
1303 3551 35 21 Fit
1348 3553 37 17 not
1394 3554 20 16 to

1176 3581 23 17 be
1209 3579 94 25 equalled
1321 3584 19 12 in
1359 3581 54 16 town

1174 3615 111 20 Address:
1303 3614 111 19 ArawaSt.

996 3738 253 25 HAIRDRESSING
1269 3737 124 25 SALOON

1016 3803 32 26 L.
1056 3802 117 27 BULL,
1316 3800 100 26 taken

983 3843 78 20 over
1090 3835 54 24 the
1172 3833 245 31 Hair-dressing

983 3870 117 26 Saloon
1114 3867 34 25 of
1158 3868 50 24 Mr
1220 3867 38 25 H.
1270 3866 145 30 Stewart,

983 3901 124 27 solicits
1120 3900 55 27 the
1188 3905 88 20 same
1290 3899 109 31 patron-

983 3941 58 26 age
1057 3932 154 27 accorded
1223 3933 33 24 to
1277 3931 51 26 his
1349 3937 50 26 pre-

983 3969 155 22 decessor.

1017 4000 50 26 Mr
1080 3998 36 26 H.
1128 3998 140 26 Stewart
1275 3996 68 25 will
1350 3996 67 26 still

983 4032 137 27 conduct
1139 4030 55 26 the
1213 4030 147 26 business
1376 4035 40 19 on

982 4072 57 26 my

1062 4108 52 32 L*.
1135 4105 204 34 BULL

1469 1179 276 65 NOTICe
1775 1178 106 66 T0

1470 1269 65 25 The
1554 1267 215 33 undersigned
1789 1273 54 19 are
1861 1272 73 19 now
1950 1265 140 32 running
2104 1265 143 31 Buggies
2264 1265 62 24 and

1439 1302 139 25 Coaches
1599 1302 33 24 to
1652 1301 54 25 the
1719 1299 165 31 following
1897 1299 107 32 places
2017 1298 35 26 of
2065 1299 135 25 interest
2219 1297 34 25 in
2273 1297 53 25 the

1437 1334 240 32 neighborhood
1695 1335 32 24 at
1745 1333 129 31 greatly
1897 1332 138 25 reduced
2059 1333 93 24 rates.
2202 1330 125 32 Special

1438 1368 181 24 reductions
1629 1366 48 26 for
1690 1367 88 31 large
1787 1366 127 32 parties.

1437 1408 327 21 WHAKAEBWAEBWA;
1801 1406 167 19 WAIEAKEI
1989 1406 19 18 &
2030 1406 101 17 TAUPO
2140 1404 4 25 ;
2170 1404 144 19 TIKITEEB
2323 1404 3 25 ;

1577 1431 144 18 TIKITBEE
1735 1431 19 17 &
1768 1429 104 19 OKERE
1886 1428 109 23 PALLS;
2009 1428 175 19 WAIOTAPU.

1451 1479 92 27 Special
1555 1480 169 25 Conveyances
1735 1477 45 20 and
1792 1477 87 19 Saddle
1890 1477 83 24 Worses
1984 1480 22 16 to
2018 1476 28 19 all
2058 1479 60 24 parts
2135 1477 23 18 of
2171 1476 37 19 the
2226 1474 86 20 district

1761 1508 22 15 at
1796 1504 115 22 Moderate
1923 1504 78 23 FJates.

1483 1554 47 19 Bus
1536 1554 79 18 leaves
1622 1554 63 17 Lake
1692 1554 84 21 House,
1785 1552 85 24 calling
1877 1553 25 17 at
1908 1552 31 18 all
1946 1552 83 18 Hotels
2035 1551 46 18 and
2087 1550 117 23 Boarding
2210 1550 94 18 Houses

1460 1577 35 18 for
1504 1577 225 22 Whakareware'wa,
1739 1576 68 18 twice
1815 1576 119 21 forenoon,
1945 1575 68 19 twine
2022 1575 129 17 afternoon.

1625 1612 46 46 J.
1707 1611 310 47 FALLOONA
2038 1611 47 44 &
2108 1610 99 54 Co.,

1453 1756 128 26 BOOKING
1596 1756 106 25 OFFICE
1714 1754 59 27 AND
1785 1754 135 26 STRBLES
1934 1753 146 27 OPPOSITE
2090 1752 102 26 GRAND
2208 1752 106 25 HOTEL.

1637 1839 486 61 STREWS

1540 2190 19 18 A
1579 2190 118 18 First-class
1712 2189 38 19 and
1768 2189 45 19 well
1824 2189 109 25 appointed
1942 2189 71 19 House
2027 2189 119 19 convenient
2156 2191 21 16 to
2186 2189 35 18 the

1436 2241 96 33 HOT
1547 2242 203 32 SPBUCTGS
1775 2242 32 32 &
1826 2242 236 32 NATUBAL
2079 2241 248 33 WOKDEBS*

1463 2300 56 19 HOT
1543 2300 91 20 BATHS
1658 2307 24 12 on
1700 2300 34 20 the
1754 2300 103 26 premises.
1894 2301 42 18 The
1948 2300 96 26 stopping
2055 2300 70 19 House
2135 2300 33 19 for

1547 2331 68 23 THE
1639 2331 63 23 SPA
1724 2331 108 23 HOTEL
1858 2331 169 25 COACHING
2050 2331 165 24 COMF-ANY.

1463 2384 89 18 Coaches
1566 2384 66 18 arrive
1643 2384 52 19 from
1705 2384 70 24 Taupo
1786 2384 118 24 Thursdays
1912 2384 41 18 and
1971 2383 99 25 Sundays,
2081 2383 41 19 and
2136 2384 58 18 leave
2209 2384 32 17 for
2257 2383 71 25 Taupo

1436 2410 87 24 Fridays
1533 2410 39 18 and
1583 2410 106 25 Mondays.

1683 2461 194 22 MODERATE
1901 2461 175 20 CHARGES.

1529 2566 229 47 ROBERT
1789 2568 255 46 FURMESS
2076 2566 47 47 &
2156 2567 82 50 Co.,

1469 2669 381 26 MANUFACTURERS
1888 2670 115 25 AND
2039 2669 254 29 IMPORTERS,

1629 2761 178 35 FORT
1846 2762 291 35 STReGT,

1460 3057 40 17 One
1509 3056 38 17 and
1556 3062 10 12 a
1575 3056 41 18 half
1625 3055 52 19 miles
1686 3057 49 16 from
1742 3056 33 18 the
1785 3057 46 16 Post
1841 3056 63 19 Office.
1930 3057 31 17 All
1968 3057 82 17 Coaches
2057 3057 48 17 from
2111 3057 97 21 Tokaanu,
2218 3057 72 23 Napier
2294 3057 38 17 and

1436 3077 85 20 Rotoraa
1530 3086 31 11 are
1570 3080 40 17 met
1617 3080 26 22 by
1651 3080 33 17 the
1713 3080 37 22 Spa
1777 3080 88 20 Coaches,
1877 3080 36 17 and
1923 3080 74 18 visitors
2006 3081 95 22 conveyed
2112 3082 21 16 to
2149 3080 32 18 the
2294 3081 38 17 free

1829 3104 20 16 of
1857 3104 76 22 charge.

1461 3131 44 19 The
1645 3131 17 19 is
1675 3132 35 18 the
1721 3132 66 17 Homo
1798 3132 21 17 of
1830 3132 34 18 the
1874 3132 88 19 Famous
1978 3132 94 23 Crow's
2086 3132 67 23 Nest
2170 3132 108 30 Geyser,
2298 3133 34 19 the

1436 3157 83 18 Witches
1528 3158 101 19 Cauldron,
1644 3157 123 23 Champagne
1781 3157 76 23 Geyser,
1876 3158 61 22 Milky
1952 3159 75 21 Geyser,
2046 3159 108 21 Flesh-pot,
2170 3159 93 21 Porridge
2279 3159 53 21 Pots,

1436 3180 123 20 Plow-holes,
1569 3180 82 18 Hannah
1662 3180 76 22 Geyser,
1748 3180 32 17 the
1789 3181 68 17 Lesser
1870 3182 69 17 Crow's
1953 3182 54 19 Nest,
2022 3182 63 16 Venus
2102 3182 57 19 Bath,
2175 3182 75 17 Satan's
2267 3181 65 23 Glory,

1437 3203 40 18 Salt
1487 3205 76 21 Spring,
1573 3203 148 22 Paddle-wheel,
1731 3203 38 17 and
1777 3204 72 16 several
1858 3205 54 16 other
1921 3205 61 22 sights
1989 3206 19 16 of
2017 3205 83 17 interest.
2126 3205 77 17 Guide's
2213 3206 30 16 fee
2252 3206 19 16 '2s
2288 3206 44 16 each

1437 3233 73 16 person.

1460 3250 38 17 The
1508 3250 75 17 HTJKA
1596 3250 86 17 FALLS.
1708 3250 80 17 Visitors
1797 3251 20 16 to
1827 3250 33 17 the
1951 3251 95 22 conveyed
2055 3252 38 16 free
2102 3252 20 16 of
2130 3252 76 22 charge.

1460 3296 38 18 The
1505 3296 163 18 accommodation
1676 3297 21 16 at
1704 3296 33 18 the
1766 3295 37 23 Spa
1853 3296 28 18 all
1887 3297 44 17 that
1945 3303 35 11 can
1997 3297 23 17 be
2038 3297 77 17 desired.
2149 3297 63 23 Eveiy
2229 3297 103 18 Bed-room

1437 3320 108 17 over-looks
1554 3320 32 16 the
1596 3319 90 18 Gardens.
1712 3320 76 16 Private
1797 3320 62 16 Suites
1869 3320 19 17 of
1897 3317 129 25 Apartments.
2057 3321 61 21 Large
2133 3321 158 23 Drawing-room
2305 3321 27 17 for

1437 3342 73 18 Ladies.
1536 3342 129 18 Comfortable
1675 3342 162 21 Smoking-room.

1460 3365 53 18 THE
1526 3366 85 16 MAORI
1625 3365 103 19 CAEVED
1742 3366 96 16 DINING
1850 3366 73 17 HALL
1931 3368 49 15 seats
1992 3372 35 11 one
2041 3367 87 17 hundred
2142 3372 78 17 persons
2235 3367 39 17 and
2288 3372 33 12 con-

1436 3389 50 16 tains
1495 3389 26 16 all
1530 3389 85 22 separate
1625 3388 60 18 tables
1695 3389 29 17 for
1732 3389 73 22 private
1814 3389 71 22 parties
1894 3395 20 12 or
1927 3390 76 17 friends.

1460 3412 52 17 THE
1522 3412 86 18 LAIiGF
1618 3412 58 18 HOT,
1687 3412 67 17 COLD
1764 3412 14 17 &
1788 3412 79 17 TEPID
1874 3413 139 16 SWIMMING
2020 3413 69 16 BATH
2098 3413 75 22 adjoins
2181 3414 33 16 the
2223 3413 109 18 Bedrooms.

1459 3435 39 17 The
1509 3435 122 20 SULPJJUIt
1640 3435 70 17 BATH
1719 3435 14 17 is
1743 3434 75 23 equally
1828 3435 105 18 efficacious
1941 3442 20 11 as
1968 3436 33 16 the
2007 3437 73 16 famous
2087 3436 63 18 Priest
2154 3436 51 18 Bath
2213 3436 19 18 of
2241 3436 91 18 Rotoraa.

1459 3458 39 17 The
1507 3458 79 17 TEPID
1599 3458 70 17 BLUE
1682 3459 70 16 BATH
1761 3459 15 15 is
1785 3464 45 16 very
1839 3458 113 23 refreshing.

1647 3481 52 18 ALL
1707 3481 83 17 BATHS
1800 3481 38 17 free
1847 3483 20 16 to
1876 3482 80 17 Visitors
1965 3483 20 16 to
1994 3482 33 17 the

1490 3504 43 19 The
1543 3504 94 19 Grounds
1648 3511 34 12 are
1694 3504 42 19 laid
1746 3507 34 16 out
1796 3504 21 18 in
1834 3504 68 19 choico
1923 3504 121 24 Rose-beds,
2066 3505 141 22 Shrubberies,
2226 3506 105 18 Beautiful

1437 3530 94 23 Flowers,
1543 3530 51 19 Fine
1605 3530 134 23 Plantations,
1752 3530 51 19 Turf
1812 3530 76 19 Tennis
1907 3531 69 23 Lawn,
1992 3531 126 19 Promenade
2139 3532 41 18 and
2200 3531 132 20 Ornamental

1439 3556 79 19 Lawns.

1490 3582 56 19 Good
1557 3582 62 19 Grass
1629 3582 113 23 Paddocks,
1754 3582 102 25 Stabling,
1869 3582 66 19 Horse
1946 3582 61 24 Feed,
2020 3584 31 18 &c.

1439 3631 116 23 Visitors
1570 3631 135 29 conveyed
1715 3631 54 23 free
1780 3631 28 22 of
1816 3631 95 29 charge
1922 3633 27 21 to
1957 3633 70 21 meet
2036 3632 37 23 all
2089 3631 110 24 coaches
2211 3633 106 29 proceed-

1723 3657 47 28 ing
1784 3658 26 22 to
1827 3657 120 23 different
1963 3659 78 28 parts.

1570 3705 127 23 TARIFF
1708 3712 5 16 :
1731 3697 35 28 iOs
1778 3706 56 18 PER
1850 3706 66 18 DAY.
1945 3706 30 19 £2
1992 3708 34 17 10s
2037 3706 54 19 PER
2104 3706 94 20 WEEK.

1463 3754 79 25 Special
1550 3755 126 18 concessions
1683 3756 20 16 to
1711 3754 96 20 Families
1814 3754 39 20 and
1862 3755 57 22 large
1928 3755 75 24 parties
2010 3755 86 25 making
2103 3762 11 12 a
2121 3755 127 25 lengthened
2254 3759 51 22 stay.

1438 3803 86 19 Visitors
1536 3810 47 17 may
1593 3803 124 24 confidently
1728 3806 61 15 count
1799 3810 52 18 upon
1862 3810 59 18 every
1933 3810 45 12 enro
1989 3804 40 18 and
2038 3804 100 18 attention
2149 3806 21 17 to
2180 3805 52 18 their
2240 3807 91 22 comfort,

1742 3829 38 18 and
1792 3829 77 24 civility
1878 3830 51 17 from
1938 3830 35 18 the
1984 3830 54 18 slnfi'.

1543 3854 117 19 First-class
1670 3854 71 19 Table.
1876 3855 125 18 Abundance
2012 3856 21 17 of
2042 3855 58 19 Fruit
2111 3856 20 19 in
2143 3856 82 20 Season.

1438 3881 41 18 Tea
1490 3881 40 18 and
1541 3880 69 19 Calico
1621 3880 72 19 served
1703 3882 21 17 in
1740 3880 35 19 tho
1791 3880 80 25 Dining
1887 3880 50 19 Hall
1956 3881 104 25 mornings
2080 3882 40 19 and
2138 3882 124 20 afternoons.
2299 3883 33 19 No

1811 3909 58 16 extra
1880 3906 81 24 charge.

1572 3958 104 33 THE
1703 3958 2 34 '
1869 3958 240 34 COACHING
2133 3959 63 32 CO.

1621 3998 44 18 Bun
1674 3999 82 17 Coaches
1764 4000 20 16 to
1793 4000 32 16 the
1832 3999 99 21 following
1940 3999 62 22 places
2011 4000 20 16 of
2039 3996 113 21 interest:—

1439 4031 136 25 Tokaanu,
1586 4029 118 25 Thursdays
1714 4030 40 19 and
1768 4030 99 22 Sundays.
1896 4029 52 19 Faro
1958 4031 29 18 ss.

1443 4056 139 23 Wairakei
1595 4055 121 29 Geysers,
1728 4056 59 24 daily,
1800 4056 93 24 Sundays
1904 4056 99 18 included.
2032 4056 51 19 Faro
2094 4057 21 18 2s
2126 4057 32 18 Gd.

1439 4087 153 18 ARATEATEA
1602 4086 79 18 RAPED
1684 4086 19 22 S,
1713 4087 57 22 daily.
1796 4087 47 17 Fare
1855 4088 19 16 3s
1883 4087 29 17 Gd.

1439 4111 146 17 ROTOKAWA
1598 4110 124 17 SULPHUR
1734 4110 76 19 LAKE.
1836 4110 47 17 Pure
1892 4110 19 17 7s
1920 4109 30 21 Gd,
1959 4115 39 16 any
2006 4110 51 17 time.

1015 4209 102 41 Ask
1145 4208 71 38 for
1259 4206 104 40 Ear
1374 4202 150 41 cock's
1550 4199 277 41 Celebrated
1866 4197 189 40 XXXX
2079 4197 113 43 Ales
2219 4204 95 38 and
2339 4205 146 42 Stout

1669 205 91 20 Tourists
1770 205 39 19 and
1823 205 91 18 Invalids
1924 204 85 22 visiting
2019 204 35 20 tlio
2063 204 140 19 'Wonderland
2214 205 21 18 of
2245 205 50 19 Now
2306 205 90 19 Zealand
2406 202 41 22 will
2455 205 42 18 find
2506 206 34 18 the

1436 401 79 29 rpilE
1529 402 51 17 most
1590 400 88 25 elegant,
1690 407 40 12 coir
1736 400 86 19 Cortable
1830 400 40 19 and
1881 400 45 18 best
1936 399 110 24 appointed
2056 399 154 19 establishment
2220 400 22 18 in
2261 400 52 18 New
2330 400 96 24 Zealand,
2444 400 17 19 it
2479 399 64 26 being
2559 400 76 25 replete
2653 398 125 27 throughout

1441 432 24 11 -L-
1905 425 50 19 with
1966 425 34 18 the
2011 427 52 17 most
2077 425 82 19 modern
2174 426 149 18 conveniences.

1461 452 58 20 THE
1531 451 94 20 HOTEL
1639 452 21 19 is
1678 452 22 18 in
1719 452 35 18 the
1773 451 116 19 immediate
1904 450 170 25 neighbourhood
2092 451 20 18 of
2131 451 35 19 the
2184 451 73 22 Priest,
2278 451 83 24 Rachel,
2381 451 124 19 Postmaster
2529 452 41 18 and
2585 452 58 18 other
2658 452 68 22 baths,
2744 451 34 19 the

1436 478 88 18 curative
1534 477 113 26 properties
1657 477 21 19 of
1688 478 66 18 which
1769 483 35 13 are
1820 475 149 20 worlcUfamed.
1997 476 55 18 Bath
2063 476 65 18 chairs
2140 477 40 18 and
2190 477 119 18 attendants
2318 483 35 12 are
2362 477 98 24 provided
2471 480 20 15 to
2504 483 76 18 convey
2596 477 87 19 invalids
2699 479 20 16 to
2738 477 40 19 and

1436 504 50 18 from
1497 503 34 19 the
1542 503 80 19 various
1634 503 141 20 bath-houses.
1804 502 43 18 The
1858 502 107 18 bedrooms
1976 502 40 18 and
2035 502 86 24 retiring
2144 509 66 11 rooms
2230 508 34 13 are
2283 502 59 18 fitted
2359 503 50 18 with
2437 502 76 25 special
2525 503 76 24 regard
2614 506 20 16 to
2648 503 34 19 the
2698 503 80 24 require

1435 532 65 16 ments
1511 529 21 19 of
1541 531 70 22 guests
1621 529 20 17 in
1652 529 70 18 senrch
1732 529 21 17 of
1762 528 93 18 renewed
1865 527 99 25 strength.

1461 555 43 18 The
1517 555 63 18 Baths
1590 557 22 15 at
1621 554 35 18 the
1664 554 130 19 Sanatorium
1806 553 52 19 have
1870 553 99 19 attracted
1979 559 60 18 many
2049 553 81 19 visitors
2150 554 22 18 of
2190 554 40 18 late
2253 560 70 18 years;
2349 555 94 23 amongst
2459 553 58 19 these
2530 554 43 18 who
2582 554 52 19 have
2647 553 63 19 found
2721 554 57 18 relief

1436 581 32 18 bei
1477 581 34 18 the
1521 580 146 23 convalescent,
1678 586 92 16 nervous,
1781 579 120 22 rheumatic,
1912 579 41 18 and
1964 579 100 25 sleepless.

1461 605 92 20 Rotorua
1563 606 17 18 is
1590 606 34 18 the
1642 609 68 15 centre
1728 606 52 18 from
1799 605 65 18 which
1884 605 28 18 all
1933 605 68 24 points
2011 605 22 18 of
2042 605 83 18 interest
2135 605 22 18 in
2173 605 35 18 tho
2218 605 95 18 Thermal
2324 605 85 25 Springs
2425 605 85 19 District
2526 612 47 18 may
2589 605 25 19 be
2630 605 91 23 reached,
2740 606 38 18 and

1435 632 73 25 special
1519 632 95 18 facilities
1624 638 33 13 are
1667 631 97 25 provided
1774 632 31 17 for
1813 630 59 19 those
1880 630 20 19 in
1910 630 70 19 search
1991 631 21 18 of
2020 631 34 18 the
2065 630 99 19 beautiful
2177 631 40 18 and
2231 630 128 20 marvellous.

1528 663 182 17 MAGNIFICENT
1722 661 178 19 APARTMENTS.
2031 661 84 19 LOFTY
2127 661 147 18 BEDROOMS.
2392 662 116 17 PERFECT
2524 662 162 17 SANITATION.

1578 687 26 18 In
1613 686 59 19 short
1681 693 14 11 a
1704 691 124 13 l-Mitsi'-CLASs
1842 685 174 18 Estaiit.isiijiext
2027 685 86 24 offering
2123 685 59 24 equal
2192 685 96 18 comforts
2297 686 20 17 to
2328 685 34 19 tho
2370 686 47 18 best
2431 685 65 19 hotels
2505 686 21 18 in
2537 686 87 24 Europe.

2103 717 11 12 o

1675 737 87 23 Suites
1779 736 28 24 of
1818 736 172 29 Apartments
2000 736 67 23 with
2077 737 98 28 special
2189 736 156 23 attendance
2359 736 40 23 for
2414 736 130 23 Families-

1436 773 97 25 Spacious
1543 771 127 19 Promenade
1681 771 112 22 Balconies,
1804 771 58 24 Snug
1875 771 91 22 Alcoves,
1978 771 39 18 and
2035 771 127 23 luxurious]}'
2178 770 111 25 appointed
2299 771 103 25 Drawing,
2422 771 71 22 Music,
2511 771 151 23 Conversation,
2679 771 99 25 Reading,

1889 797 100 24 Smoking
1999 797 38 18 and
2050 797 84 18 Billiard
2146 797 81 18 Booms.
2256 796 72 18 Baths,

1673 833 37 22 jjer
1726 830 117 21 SPECIAL
1857 830 162 19 ATTENTION
2033 831 67 18 PAID
2114 831 34 19 TO
2163 830 118 19 CUISINE
2295 831 60 18 AND
2370 830 125 20 SERVICE.
2509 833 36 20 _£f)

1461 865 34 19 All
1506 863 179 20 communications
1698 863 26 24 by
1732 863 62 18 letter
1804 868 22 12 or
1838 862 98 24 telegram
1947 863 40 17 will
1998 863 77 18 receive
2084 865 82 22 prompt
2176 863 105 17 attention.

1494 915 76 45 W.
1598 915 58 42 A.

1907 973 60 23 (Lato
1978 973 20 17 of
2008 971 113 20 Grosvenor
2131 971 69 22 Hotel,
2213 971 97 25 Sydney.)

2349 1037 163 41 ROTORUA
2535 1037 92 41 BOOT
2649 1037 24 40 &
2691 1037 90 41 SHOE

2502 1096 125 40 DEPOT,

2350 1424 19 19 A
2388 1425 67 26 Largo
2475 1426 60 20 Stock
2555 1429 21 18 of
2594 1428 94 23 German,
2705 1427 78 19 French

2418 1452 40 19 and
2469 1453 91 20 Goloniiil
2571 1454 62 23 Bpots
2643 1454 75 24 always

2510 1480 25 18 ■in
2551 1480 68 19 Stock.

2350 1515 67 19 BEST
2426 1515 76 20 MATE
2507 1517 71 19 RIAL.
2615 1517 34 19 BE
2653 1517 30 19 ST
2692 1517 90 19 WORK.

2352 1600 163 25 Hand-sewn
2525 1602 79 23 Boots
2614 1611 15 15 a
2644 1603 138 30 Specialty.

2378 1663 114 23 Visitors
2502 1665 26 22 to
2543 1665 46 22 the
2604 1665 53 23 Hot
2665 1665 91 23 Lakes.

2352 1799 92 19 Situated
2468 1800 20 18 in
2513 1800 35 19 the
2572 1800 50 19 New
2646 1801 137 19 Government

2351 1825 106 24 Township
2474 1826 19 18 in
2510 1832 54 14 c.oso
2582 1827 108 26 proximity
2709 1830 21 16 to
2749 1826 35 20 the

2350 1851 72 24 Baths,
2439 1851 135 26 Sanatorium,
2595 1853 49 19 Post
2667 1853 59 19 Office
2745 1854 39 19 and

2351 1878 45 18 Bail
2399 1885 43 17 way
2451 1879 86 19 Station.

2377 1930 40 18 The
2429 1931 61 18 Hotel
2502 1931 17 19 is
2533 1931 129 26 luxuriously
2678 1931 106 21 furnished

2350 1957 39 18 and
2401 1956 78 25 replete
2489 1957 47 19 with
2543 1964 60 19 every
2608 1958 138 20 -convenience
2752 1959 33 19 for

2352 1983 84 18 tourists
2447 1983 38 19 and
2496 1984 74 19 others.
2601 1985 21 18 It
2643 1992 15 12 c>
2669 1984 89 20 mtnands
2774 1991 10 11 a

2351 2009 92 24 splendid
2454 2010 47 18 view
2512 2011 22 17 of
2544 2010 35 19 the
2587 2010 56 20 Lake
2654 2012 37 18 and
2702 2011 15 19 is
2727 2011 46 19 with-

2350 2035 19 19 in
2382 2042 45 18 easy
2438 2042 66 13 access
2518 2037 21 18 of
2556 2037 34 19 the
2607 2038 77 23 Geyser
2701 2037 83 25 Spring-;

2351 2061 20 19 of
2384 2061 185 21 Whakarewarewa
2580 2064 39 18 and
2630 2064 27 18 all
2670 2064 33 18 the
2721 2063 63 24 sights

2351 2087 20 19 of
2382 2088 34 19 the
2427 2089 84 19 district.

2363 2115 34 18 All
2406 2115 107 24 telegrams
2526 2115 103 26 promptly
2639 2115 96 19 attended
2744 2119 27 15 to.

2484 2206 171 18 PRQI'KIKTOR.

2353 2324 38 45 1)
2399 2324 50 18 EGS
2458 2326 20 16 to
2487 2324 93 18 intimate
2589 2324 45 18 that
2644 2324 26 18 he
2686 2323 38 19 hrs
2740 2329 45 13 now

2375 2346 19 23 3
2424 2350 111 19 concluded
2545 2350 35 19 the
2593 2350 118 18 alterations
2723 2352 20 16 to
2754 2350 31 18 his

2351 2376 96 25 premises
2463 2376 20 18 in
2501 2376 79 18 Benton
2597 2376 72 22 Street,
2685 2376 100 24 (opposite

2351 2403 34 18 the
2396 2402 67 19 Grand
2476 2402 78 25 Hotel,)
2564 2402 41 18 and
2616 2402 37 18 has
2662 2409 11 11 a
2680 2402 56 25 large
2745 2402 40 18 and

2352 2428 43 19 well
2406 2428 90 19 assorted
2507 2428 55 18 stock
2573 2428 21 19 of
2608 2428 34 18 the
2662 2428 109 18 undermen-

2352 2454 64 19 tioned
2430 2454 68 25 goods,

2353 2489 66 40 FOR
2439 2489 87 40 CASH
2542 2489 26 40 &
2580 2489 88 40 CASH
2682 2489 102 40 ONLY.

2377 2544 49 18 This
2436 2544 53 18 Rule
2501 2543 40 19 will
2558 2545 24 17 be
2599 2543 78 25 strictly
2696 2543 89 19 adhered

2351 2573 20 16 to
2382 2577 21 11 so
2414 2577 26 12 no
2450 2576 39 12 one
2498 2570 51 18 need
2561 2571 23 17 be
2594 2569 96 19 offended
2697 2570 15 18 if
2723 2570 62 18 credit

2352 2597 16 18 is
2380 2596 87 20 refused.

2353 2631 82 22 Men's
2447 2630 126 30 Mercery,
2583 2630 75 28 Hats,
2671 2631 42 22 &c.

2354 2661 83 23 Men's
2453 2661 52 23 and
2519 2661 77 30 Boys'
2613 2661 122 29 Clothing

2458 2710 14 10 ~
2583 2693 79 22 Boots
2674 2693 21 22 &
2706 2693 79 23 Shoes

2353 2724 136 26 Blankets,
2503 2723 81 29 Bugs,
2597 2724 96 27 Prints,
2709 2724 61 23 Flan-

2406 2755 121 27 nelettes,
2540 2757 47 21 etc.

2355 2787 114 28 Saddles,
2481 2787 109 28 Bridles,
2607 2788 47 22 etc.

2467 2857 103 24 Complete
2581 2858 60 18 Stock
2653 2858 20 19 of

2356 2888 90 29 Fancy
2460 2888 90 27 Goods,
2570 2888 150 30 Stationery
2737 2889 51 23 and

2406 2920 86 23 Books

2356 2951 193 24 Tobacconist's
2565 2951 92 28 Goods,
2670 2954 46 21 etc-

2358 2983 113 23 Musical
2486 2983 177 23 Instruments

2356 3013 111 29 Fishing
2481 3013 95 23 Tackle

2355 3045 121 23 Window
2484 3044 70 30 glass
2563 3046 21 21 &
2592 3045 79 30 Lamp
2680 3046 107 28 glasses.

2355 3096 93 21 LARGE
2463 3097 60 19 AND
2554 3096 234 21 WELL-ASSORTED

2501 3129 88 19 STOCK
2604 3129 33 19 OF

2369 3160 184 27 BIRTHDAY,
2585 3161 93 22 XMAS
2706 3161 69 23 AND

2408 3192 80 23 HEW
2509 3192 93 23 YEAH
2623 3192 112 23 CAIIBS.

2396 3246 66 17 Maori
2476 3244 71 19 Curios
2559 3251 19 12 m
2590 3246 63 17 Great
2661 3244 91 22 Variety.

2357 3344 148 25 Prescriptions
2516 3343 107 25 dispensed
2634 3345 26 24 by
2669 3350 11 13 a
2690 3344 98 20 Qualified

2514 3370 91 19 Chemist
2615 3372 21 17 at

2493 3458 161 23 ROTORUA.

2378 3634 49 23 (One
2434 3634 88 17 minute's
2530 3635 50 16 walk
2589 3635 48 16 from
2646 3634 31 18 the
2683 3634 72 18 Govern-

2507 3658 52 17 ment
2568 3657 75 22 Baths.)

2382 3745 45 23 35s
2436 3752 45 23 per
2500 3746 88 26 week;
2608 3746 29 22 6s
2653 3752 45 23 per
2706 3745 57 28 day.

2383 3776 61 22 Two
2455 3776 89 23 weeks
2554 3783 27 15 or
2592 3775 98 28 longer,
2709 3775 54 23 30s.

2391 3825 27 30 C.
2452 3811 304 49 HAWKER~WILSON,

2482 3866 186 23 [PROPRIETOR.

2383 3928 174 24 WYNYARD
2572 3929 22 22 &
2602 3928 161 28 PURCHAS,

2416 3964 129 18 Barristers
2552 3969 44 12 and
2608 3963 122 22 Solicitors,

2355 4002 79 18 B.N.Z.
2444 4001 117 24 Chambers,
2572 4001 69 21 Queen
2647 4003 28 22 St,
2683 4001 105 19 Auckland

2449 4063 53 19 have
2512 4069 73 19 money
2595 4067 20 15 to
2627 4064 46 18 lend
2685 4069 25 12 on
2727 4062 49 20 Mort-

2374 4096 6 9 »
2392 4097 5 8 »
2446 4096 53 18 gage
2509 4089 21 20 of
2547 4090 101 18 Freehold
2663 4089 39 18 and
2717 4089 60 18 Lease-

2354 4114 48 19 hold
2412 4118 96 21 property
2519 4118 21 16 at
2551 4119 81 15 current
2641 4118 61 16 rates.

2856 128 39 41 W,
2923 130 30 40 A.
2984 127 200 47 WILLIAffIS'i

2801 199 216 26 PIONEER
3061 202 167 24 STORE,

2878 245 99 25 Opposite
2992 248 72 19 Palace
3080 248 68 19 Hotel.

2801 295 134 25 GROCERY,

2840 327 70 19 OILM
2918 328 57 18 BN'S
2989 329 109 25 STORFS,

2880 356 214 28 IRONMONGERY,

2932 388 247 26 CROCKERYWARE,

2982 423 140 25 DRAPERY,
3139 426 42 22 4c,
3192 426 34 20 &c:

2829 453 15 15 A
2860 450 147 22 well-assorted
3024 455 55 19 stock
3096 457 20 18 in
3133 456 27 19 all
3175 456 53 20 line«

2801 476 21 18 of
2832 477 33 18 the
2873 477 62 20 above
2946 481 19 16 at
2975 478 69 21 lowest
3054 488 70 16 prices.

2801 511 49 19 New
2862 511 85 20 Zealand
2954 513 64 26 Dairy
3026 515 145 20 Association's
3179 516 37 19 Fac-

2836 539 45 21 tory
2892 537 73 21 Putter
2975 539 54 20 fresli
3040 541 55 20 twice
3106 542 82 25 weekly.

2876 579 49 21 New
2935 581 49 20 Laid
2994 583 60 24 Eggs,
3065 586 41 21 &c,
3118 586 34 18 &c.

2815 648 123 27 Government
2956 650 99 26 Insurance
3074 653 126 29 Department.

2864 716 30 13 /th
2904 716 21 13 cf
2934 716 114 15 Business:—

2864 740 15 9 in
2888 737 74 17 Assured,
2972 738 40 14 1875
3029 746 7 3 -
3062 740 141 19 £,1,837,0.00

2973 759 41 13 IGSS
3032 767 6 2 -
3056 760 147 19 £,6,456,000

2973 778 41 13 1895
3031 786 7 3 -
3056 780 147 18 £,9,250,000

2952 928 124 21 LIMITED.

2864 978 149 30 CAPITAL,
3029 981 141 31 £500,000.

2807 1029 88 46 FIRE
2904 1031 52 19 risks
2964 1033 20 18 of
2991 1033 27 19 all
3026 1034 72 20 classes
3104 1036 128 20 undertaken

2873 1059 21 16 at
2904 1056 68 20 lowest
2981 1063 80 16 current
3070 1064 60 16 rates.

2805 1090 75 20 Claims
2888 1092 72 19 settled
2968 1094 101 26 promptly
3079 1096 39 19 and
3131 1096 100 26 liberally.

2816 1139 47 17 New
2871 1136 83 22 Zealand
2963 1141 55 18 Head
3026 1143 62 21 Office,
3098 1145 123 22 Wellington.

2839 1167 90 17 Resident
2937 1168 46 21 Sec,
2992 1168 67 20 James
3067 1171 18 17 S.
3099 1172 99 18 Jameson.

2930 1197 97 18 Auckland
3036 1197 73 24 Agent:

2866 1223 22 17 A.
2902 1223 107 22 HEATHER,
3020 1226 75 17 Custom
3104 1228 66 17 Street,

2937 1256 84 17 Rotorua
3029 1256 73 23 Agent:

2851 1287 22 17 T.
2888 1288 20 16 F.
2918 1288 67 21 Watt,
2999 1289 116 19 Chronicle
3126 1291 62 19 Office.

2805 1351 181 24 AUCKLAND
3007 1354 51 22 and
3076 1354 160 25 WAIKATO

2950 1387 139 24 AGENCY-

2819 1424 56 20 Near
2886 1424 91 21 Catholic
2987 1426 86 25 Church,
3085 1428 137 21 ROTORUA.

2872 1496 178 28 SPECIAL
3064 1498 105 27 SALE

2923 1628 58 17 NOW
2993 1628 81 19 GOING
3085 1630 35 17 ON

2857 1762 210 27 Commission
3081 1765 110 32 Agent.

2807 1828 169 19 BILLIARDS.

3067 1830 169 21 BILLIARDS.

2808 1874 120 43 HARRY
2946 1875 130 18 ESKRIDGE
3099 1877 46 22 begs
3161 1878 21 16 to
3203 1884 22 12 an-

2880 1903 73 13 nounce
2969 1899 41 17 that
3030 1899 24 18 he
3072 1900 36 17 lias
3126 1901 66 17 rented
3214 1902 23 16 R.

2807 1921 73 17 Wake's

2911 1945 125 18 BILLIARD
3051 1946 79 21 ROOM,

2807 1967 84 22 opposite
2900 1967 32 18 the
2946 1968 64 17 Grand
3023 1969 64 21 Hotel,
3106 1970 37 17 and
3160 1971 38 17 will
3215 1971 23 17 be

2807 1990 45 21 glad
2860 1992 20 15 to
2889 1991 47 17 have
2951 1997 10 11 a
2973 1992 35 17 call
3022 1993 49 17 from
3084 1993 27 17 all
3123 1993 78 22 knights
3219 1994 20 17 of

2806 2014 32 16 the
2847 2019 40 14 cue,
2896 2014 43 17 who
2953 2014 38 18 will
3005 2014 39 20 find
3061 2021 34 12 one
3113 2017 19 16 of
3148 2017 32 16 the
3196 2017 42 17 best

2807 2036 101 22 appointed
2916 2037 61 18 tables
2985 2038 20 17 in
3013 2039 47 16 New
3069 2040 87 16 Zealand.

2809 2087 217 44 xlotonta
3066 2088 168 45 Tours.

2808 2167 185 43 IJASSENGERS
3003 2170 19 17 to
3032 2171 84 16 Rotorua
3124 2176 31 11 are
3162 2171 74 17 advised

2871 2192 42 16 that
2922 2198 11 10 a,
2946 2193 75 21 regular
3033 2193 50 22 daily
3097 2194 56 17 coach
3170 2195 68 18 service

2807 2214 83 17 between
2900 2214 89 19 Okoroire
2998 2216 38 17 and
3045 2217 85 16 Rotorua
3144 2218 37 16 and
3198 2218 40 17 vice

2829 2261 38 16 The
2876 2260 115 24 advantages
2998 2268 10 11 o
3015 2263 46 17 ithis
3067 2264 53 16 route
3125 2269 31 11 are
3161 2269 63 12 numer-

2807 2289 38 16 ous,
2856 2289 10 12 a
2875 2285 103 16 somewhat
2991 2286 72 17 tedious
3071 2286 78 23 railway
3158 2287 81 22 journey

2805 2307 16 17 ■is
2830 2307 76 20 broken,
2916 2308 37 16 and
2962 2308 32 17 the
3010 2312 54 14 route
3080 2310 91 17 traverses
3188 2316 51 11 some

2807 2330 19 17 of
2845 2331 31 16 the
2892 2331 85 17 loveliest
2993 2332 52 17 Bush
3062 2332 79 23 Scenery
3158 2333 20 17 in
3191 2334 47 16 New

2807 2353 87 17 Zealand.

2846 2385 104 22 FARES,
2967 2386 40 18 10s
3016 2386 82 19 EACH
3112 2387 81 19 WAY.

2808 2413 90 22 Special
2914 2413 164 24 Conveyances
3095 2420 43 13 can
3159 2415 28 18 be
3205 2421 22 13 ar-

2952 2438 86 22 ranged
3047 2438 41 18 for.

2808 2482 89 19 Leave-
2908 2483 109 18 Okoroire
3026 2484 36 18 for
3075 2485 104 18 Rotorua
3193 2486 47 17 and

2876 2506 218 20 Whakarewarewa
3124 2508 62 23 daily
3214 2510 24 17 at

2879 2530 28 17 10
2916 2535 14 12 a
2939 2534 28 15 m.

2808 2552 86 19 Leave-
2902 2552 109 19 -Rotorua
3019 2554 46 18 and
3074 2554 150 19 Whakarewa-

2876 2581 62 13 rewa
2954 2577 35 17 tor
3003 2576 116 24 Okoroire,
3136 2578 63 23 daily
3215 2579 24 18 at

2880 2600 27 17 10
2916 2605 51 13 a.m.

2832 2627 30 17 All
2883 2633 108 16 passengers
3012 2634 31 10 are
3059 2628 76 18 advised
3156 2630 20 16 to
3191 2630 49 16 avail

2808 2651 110 16 themselves
2928 2651 19 16 of
2955 2651 37 16 this
3009 2651 61 17 Route
3084 2657 20 12 as
3120 2651 91 19 Okoroire
3225 2653 15 16 is

2808 2679 35 11 one
2859 2674 19 16 of
2891 2674 30 17 the
2930 2674 51 17 show
2989 2674 61 22 places
3068 2675 20 16 of
3104 2675 31 17 the
3153 2675 87 17 Thermal

2808 2697 84 18 District,
2914 2696 37 18 and
2966 2703 23 11 no
3006 2697 44 17 visit
3064 2699 20 16 to
3101 2698 31 17 the
3147 2698 61 17 Lakes
3224 2698 16 18 is

2809 2720 91 22 complete
2909 2721 78 16 without
2993 2720 25 18 its
3023 2721 98 18 inclusion.

2833 2743 71 22 Special
2913 2743 92 17 attention
3017 2743 16 17 is
3047 2744 59 17 called
3118 2745 20 16 to
3152 2744 32 18 the
3201 2745 39 17 fact

2808 2766 43 17 that
2859 2773 11 10 a
2879 2766 56 17 coach
2944 2766 59 17 leaves
3017 2767 85 17 Rotorua
3111 2767 37 18 arid
3157 2767 69 19 Whaka-

2808 2795 99 12 rewarewa
2916 2795 24 11 on
2950 2789 76 23 Sunday
3034 2791 21 16 at
3064 2791 21 16 10
3094 2797 43 12 a.m.

2944 2837 160 16 KGENTS:

2809 2857 72 17 THOS.
2895 2857 68 17 COOK
2981 2858 13 17 &
3014 2858 53 20 SON,
3086 2858 99 17 Auckland
3204 2859 37 16 and

2980 2881 87 17 Rotorua.

2838 2945 151 20 FIREWOOD
2999 2945 3 21 !
3050 2945 164 21 FIREWOOD!

2908 2997 74 19 RATA
2994 3004 42 12 and
3050 2997 90 21 TAWA.

2812 3034 7 18 ]
2825 3033 93 20 )elivered
2938 3034 27 24 by
2983 3034 83 19 Ivusabs
3087 3034 57 19 Pros,
3161 3035 21 18 to
3202 3041 38 17 any

2812 3061 46 23 part
2869 3060 21 18 of
2901 3060 34 18 the
2947 3060 97 24 township
3054 3061 20 18 at

2885 3086 82 17 Lowest
2981 3085 97 19 Current
3090 3086 76 19 Rates.

2813 3120 80 23 BEST
2927 3119 193 24 HOUSEHOLD
3153 3120 87 23 COAL,

2839 3162 72 20 Orders
2921 3162 91 20 received
3024 3166 20 15 at
3055 3163 33 19 the
3099 3164 66 23 yards,
3175 3163 56 19 lline
3233 3171 7 5 j

2815 3190 2 17 i
2822 3195 36 12 una
2867 3190 73 17 Street.

2943 3328 170 21 FRUITERER.

2839 3380 56 19 Next
2906 3379 97 19 Saddler's
3018 3379 55 24 shop,
3085 3379 132 19 Ohiuemutu,

2816 3429 42 18 lias
2869 3428 74 24 always
2958 3434 10 12 a
2984 3427 51 24 good
3050 3428 73 24 supply
3139 3427 22 19 of
3181 3428 60 20 Fresli

2888 3453 64 24 Fruit,
2963 3453 48 19 both
3026 3453 50 19 local
3086 3454 37 18 and
3135 3454 23 18 im-

2939 3479 69 26 ported
3021 3487 24 11 on
3057 3480 59 19 hand.

2982 3505 18 19 A
3011 3512 11 12 r,
3033 3512 38 17 so,

2937 3532 18 18 A
2975 3532 42 18 well
3029 3534 91 17 assorted

2866 3557 55 20 stock
2934 3558 20 18 of
2966 3557 84 25 Biscuit,
3064 3558 116 20 Confection-

2813 3590 34 20 ery
2859 3584 38 19 and
2909 3587 90 16 Summer
3013 3584 76 20 Drinks
3101 3587 22 17 at
3139 3585 103 19 Moderate

2991 3611 73 19 Prices.

2869 3682 108 41 DAVID
3007 3682 182 46 SHERRIFF,

2899 3757 112 19 FAMILY
3026 3756 137 24 BUTOBER,

2866 3806 81 19 Akawa
2970 3807 90 22 Street,
3083 3806 103 19 Rotohua.

2839 3854 21 18 Is
2881 3861 45 13 now
2945 3855 93 24 carrying
3056 3861 25 12 on
3099 3855 34 18 tho
3149 3853 89 19 business

2813 3880 61 24 lately
2897 3881 110 19 conducted
3027 3882 27 23 by
3069 3880 73 18 Messrs
3160 3878 77 19 Jeckliu

2813 3906 40 18 and
2865 3906 74 23 Cotter,
2953 3907 38 17 and
3002 3907 17 17 is
3029 3906 95 25 prepared
3135 3908 19 15 to
3167 3903 71 26 supply

2813 3932 34 18 the
2859 3932 69 25 public
2938 3933 46 19 with
2997 3933 63 24 prime
3067 3931 75 26 quality
3154 3930 20 19 of
3186 3932 51 16 meat

2813 3957 41 19 and
2862 3958 59 19 small
2930 3958 63 25 goods

2885 4001 36 19 AT
2935 4001 115 19 LOWEST
3064 3998 101 21 PRICES.

2832 4063 77 19 kTOTE
2929 4069 62 19 paper
3010 4062 39 19 and
3064 4060 109 24 Envelopes
3190 4058 45 19 with

2813 4087 18 18 L
2892 4089 79 24 printed
2984 4088 88 24 heading
3082 4088 20 17 at
3112 4085 62 25 cheap
3182 4088 54 16 rates

2813 4118 21 15 at
2843 4114 106 19 Chronicle
2963 4114 60 19 oilicc.
