3310 4300
1268 97 59 23 frfiE
1341 97 58 22 SOt
1411 97 92 22 LAKES
1517 97 167 24 CHEOKICLE
1902 101 88 20 APRIL
2005 102 17 23 i,
2039 101 56 20 1896.

2840 4072 82 18 Printed
2938 4072 39 18 and
2993 4072 101 23 published
3105 4073 26 24 by
3140 4074 21 17 P.
3172 4074 21 17 F.
3206 4066 65 24 WiflM

2865 4098 21 15 at
2894 4096 33 17 the
2935 4096 104 23 registered
3052 4098 87 23 printing
3149 4098 55 17 office,
3212 4094 27 18 Hit

2864 4126 44 10 inoa
2916 4121 63 19 street,
2990 4120 92 18 Rotorua.

2878 4150 174 23 WEDNESDAY,
3061 4152 80 17 APPJL
3153 4150 14 23 1,
3183 4150 45 19 1896.

94 177 493 66 ATIAJft'U-KI
653 167 330 74 MUTfiL

325 263 32 20 On
367 264 35 19 the
412 262 66 20 hanks
490 261 22 19 of
522 261 35 19 the
565 261 100 19 Waikato
675 261 69 19 Biver.

94 312 155 24 Patronised
263 313 37 29 by
308 312 46 24 the
367 311 61 23 Earl
438 309 52 24 and
497 309 126 23 Countess
638 309 29 24 of
684 309 111 28 Onslow,
813 309 126 24 Countess
955 309 29 23 of

161 338 123 30 Glasgow
296 339 50 23 and
363 337 79 26 Suite,
454 336 41 22 Sir
508 335 75 23 Thos.
598 336 53 23 and
663 336 72 29 Lady
750 335 170 24 MclTwraith,

120 434 93 19 Situated
221 433 90 24 halfway
321 432 91 19 between
426 430 98 23 Rotorua,
541 430 71 26 Taupo
633 431 40 19 and
691 431 104 19 Lichfield.
833 430 43 19 The
894 431 88 25 starting

94 461 55 24 place
160 460 32 19 for
202 460 34 18 the
245 457 157 20 Aniwhaniwba
413 457 62 21 Palls,
487 456 35 19 the
532 456 171 20 Orakei-Korako
712 457 36 18 red
758 457 40 18 and
807 457 62 18 white
878 456 101 23 Terraces,

95 488 93 22 <i<±ysers,
197 485 62 19 Alum
269 484 70 22 Caves,
352 484 40 22 &c,
403 485 20 17 to
433 482 65 19 which
509 489 12 12 a
529 489 45 13 new
584 483 40 18 and
635 489 48 19 easy
696 482 57 20 '[rack
767 482 18 19 is
800 489 45 12 now
861 482 119 25 completed.

96 513 93 17 Distance
200 511 47 18 nine
256 510 64 23 miles,
332 510 49 18 four
390 510 21 18 of
421 509 65 18 whish
496 515 38 13 can
546 508 26 21 be
581 509 70 19 driven
661 515 49 12 over
720 509 18 18 if
748 508 85 19 desired.
861 508 45 19 Hof
920 508 61 19 baths

94 538 38 19 and
143 537 46 19 falls
199 537 72 19 within
282 537 23 18 10
312 536 89 19 minutes
411 535 62 19 drive.

223 578 57 20 Good
290 580 55 17 trout
355 577 76 26 fishing
440 577 41 20 and
491 577 96 25 shooting
597 578 20 19 in
628 577 35 20 the
673 576 174 26 neighbourhood.

94 661 76 20 Guides
178 661 40 19 and
226 660 75 20 Saddle
311 659 79 19 Horses
398 659 99 26 supplied.
511 659 50 19 Post
569 659 40 19 and
616 658 116 26 Telegraph
741 658 59 19 Office
807 664 26 13 on
840 658 35 19 the
881 659 100 24 premises

118 757 41 19 For
169 756 81 20 further
259 755 134 20 information
403 755 61 24 apply
475 754 75 19 Messrs
560 753 55 19 Cook
626 753 40 19 and
677 753 46 24 Son,
739 753 84 26 Agents.

231 856 70 54 C.
369 852 471 66 CROWTHER,

380 931 307 34 PROPHIETOK.

209 1017 268 77 LAKE
527 1016 329 78 HOUSE

120 1133 339 59 Hydropathic
502 1132 162 55 Hotel,
713 1132 234 46 Rotorua.

375 1216 223 33 ESTABLISHED
619 1216 78 31 1881.

90 1278 73 20 Under
177 1278 34 20 the
222 1279 112 24 patronage
343 1276 22 19 of
375 1276 33 19 Sir
418 1275 35 20 W.
473 1275 87 24 Jervois,
576 1275 49 19 Earl
642 1275 39 19 and
699 1274 102 20 Countess
820 1274 21 20 of
861 1274 118 27 Hopitoun,

261 1304 35 20 the
308 1305 55 18 Hoc.
374 1303 89 19 Premier
472 1302 39 19 and
526 1301 104 20 Members
645 1301 22 20 of
677 1300 130 20 Parliament.

117 1369 42 20 The
170 1369 63 19 Hotel
247 1368 15 19 in
273 1367 89 20 situated
371 1373 26 13 on
407 1372 25 13 an
441 1365 93 21 elevated
545 1365 88 26 poi-ition
643 1372 27 13 on
680 1365 35 21 the
724 1365 69 20 shores
809 1365 22 20 of
845 1366 56 20 Lake
916 1365 51 21 Roto-

91 1402 43 19 rua,
144 1396 122 19 convenient
276 1398 21 16 to
307 1395 27 19 all
344 1393 35 20 iho
390 1393 63 25 sights
464 1393 19 18 in
495 1392 34 20 the
540 1392 88 20 district.

161 1430 114 29 Sulphur
287 1428 52 24 and
352 1427 111 24 Mineral
477 1426 83 24 Baths
574 1428 21 19 in
605 1428 36 19 the
652 1427 98 20 Grounds
759 1427 23 20 of
791 1427 35 20 the
837 1428 70 19 Hotel.

91 1483 54 20 N.B.
148 1482 73 20 —Mrs
231 1481 87 21 Graham
330 1481 39 19 will
380 1481 41 18 also
431 1480 96 19 continue
537 1481 22 18 to
569 1481 104 21 supprvisp
684 1480 34 19 the

210 1508 130 24 GEYSEK
361 1506 107 24 HOUSE
489 1506 243 24 HYDROPATHIC
745 1506 116 28 HOTEL,

437 1532 200 25 WAIRAKEI,

91 1562 64 20 which
169 1562 34 19 has
223 1562 82 19 become
321 1567 11 13 a
351 1560 87 25 popular
454 1560 38 18 and
510 1560 102 19 favourite
630 1562 66 17 rfßort
711 1562 93 23 amongst
818 1560 106 19 travellers
940 1560 38 19 and

487 1585 92 21 invalid*.

223 1615 18 18 A
258 1613 107 20 reduction
381 1613 17 19 is
415 1612 58 20 made
489 1614 22 17 to
521 1612 77 25 weekly
608 1619 23 13 or
641 1612 91 25 monthly
742 1612 105 20 boarders.

92 1642 68 19 Guide
170 1641 68 20 Books
249 1640 38 19 and
297 1639 133 20 information
440 1638 64 25 gratis
516 1641 21 17 at
548 1639 54 19 Cook
619 1639 38 19 and
676 1639 58 19 Soub'
750 1639 51 25 (sole
818 1640 79 25 agents)
914 1639 66 19 offices

400 1665 127 26 throughout
539 1665 33 19 the
583 1665 86 26 Colony.

92 1703 100 45 Mrs
209 1701 55 46 ft.
286 1699 272 54 GRAHAM,
583 1726 18 7 -
624 1699 352 57 Proprietress.

233 1942 46 20 One
295 1942 21 20 of
334 1942 34 19 the
378 1942 118 20 necessities
506 1941 21 19 of
537 1941 35 19 the
583 1942 80 24 coming
673 1941 74 20 Season
759 1941 39 19 will
810 1941 24 19 be

92 1976 23 23 A
155 1976 115 23 COOL
310 1976 98 23 AND
449 1975 330 24 REFRESHING
819 1974 162 24 DRINK

115 2011 142 20 Untinctured
269 2011 25 26 by
303 2018 38 17 any
352 2011 128 19 Deleterious
497 2011 99 19 Chemical
608 2011 138 24 Compounds.
774 2010 19 19 A
803 2009 59 21 drink
873 2012 21 17 at
905 2016 50 13 once

314 2043 185 29 Exhilarating
520 2042 51 24 and
588 2042 166 29 Refreshing,

90 2074 38 19 and
141 2074 64 19 which
223 2074 36 19 .vill
271 2081 61 19 prove
343 2081 12 12 a
365 2074 116 24 preventive
492 2074 21 18 of
521 2074 117 24 Dyspepsia
654 2075 38 17 and
710 2073 27 19 nil
753 2073 93 20 Internal
864 2073 116 20 Disorders.

117 2100 87 20 Aerated
217 2101 84 20 Waters
311 2101 39 18 and
362 2096 96 26 Cordials,
477 2100 122 25 comprising
615 2100 34 19 the
659 2100 74 19 Purest
743 2100 120 23 Lemonade,
880 2100 35 19 the
925 2100 56 19 Most

90 2127 104 19 Delicious
205 2127 79 25 Girger
294 2127 45 23 Ale,
353 2126 176 24 Highly-charged
548 2127 53 18 Soda
612 2126 79 24 Water,

350 2157 379 36 ZOLAKONE,

90 2206 10 12 a
110 2206 42 13 new
161 2199 150 26 Invigorating,
323 2198 148 21 non-alcoholic
482 2199 102 25 Beverage
594 2198 4 27 ;
614 2199 57 19 Lime
680 2199 59 18 Juice
756 2198 88 24 Cordial,
855 2198 126 26 Raspberry,

90 2226 138 25 Peppermint,
240 2226 79 23 Cloves,
330 2225 51 19 Pine
391 2225 73 24 Apple,
475 2225 40 19 and
526 2225 76 19 Lemon
614 2226 76 24 Syrups
700 2225 39 19 and
758 2225 135 25 Sarsaparilla.
910 2232 34 12 are
955 2225 25 19 all

360 2252 154 19 manufactured
526 2258 25 12 on
561 2251 34 19 the
603 2251 105 24 premises.

278 2278 119 19 Lemonade
406 2277 39 19 and
457 2277 77 26 Ginger
543 2277 45 24 Ale,
599 2280 72 22 quarts
681 2277 40 19 and
727 2277 62 25 pints.

113 2380 74 78 G
239 2380 81 76 A,
381 2378 418 89 CLARKE,
849 2380 105 81 Jr.

336 2538 403 56 SEDDON'S

116 2620 378 72 LAKE
543 2618 410 87 VIEW,

208 2714 140 24 Overlooking
362 2714 36 19 tho
414 2713 36 22 Pa,
461 2713 85 25 Boiling
555 2713 87 25 Springs
652 2713 40 19 and
703 2712 91 20 Rotorua
804 2712 57 19 Lake

189 2830 140 28 TERMS
341 2839 5 17 :
365 2830 62 27 30s
440 2837 56 26 per
508 2830 101 32 week,
621 2836 36 20 or
673 2830 37 26 5s
727 2836 56 26 per
805 2830 72 32 day.

91 2880 125 33 Special
228 2881 255 31 Arrangements
496 2879 48 26 for
564 2886 18 19 a
603 2879 194 33 lengthened
816 2879 163 26 residence

425 2913 63 26 and
500 2913 146 26 families.

358 2989 162 19 CUISINE—A
534 2988 173 20 SPECIALITY.

127 3023 123 20 References
260 3023 127 26 throughout
397 3023 50 20 New
459 3023 91 19 Zealand
559 3023 41 18 and
610 3023 34 19 the
656 3022 118 19 Australian
786 3022 92 20 Colonies
887 3023 54 20 from

430 3049 95 25 previous
543 3049 94 20 Visitors.

528 3090 11 10 o

238 3115 153 19 NOTE.—Ask
400 3115 29 17 for
438 3114 112 19 Seddon's
558 3114 38 17 and
604 3120 31 12 see
642 3121 38 16 you
688 3121 31 11 are
728 3114 35 18 left
771 3114 59 18 there.

193 3156 80 32 Pony
296 3155 143 30 Phaeton,
459 3154 47 26 for
530 3161 54 19 use
609 3154 34 25 of
659 3154 133 30 Visitors,
805 3155 73 25 free.

94 3238 31 37 j-
156 3237 24 24 a
211 3236 244 39 cgrnnniM

649 3235 329 50 Proprietress.

472 3430 118 27 FROM

120 3481 38 43 1
190 3480 537 44 WELL-ASSORTED
756 3480 199 45 STOCK

92 3601 175 57 Lamps
552 3601 177 46 Cruets

332 3658 218 46 Brushes
795 3657 184 47 Knives

91 3715 192 46 Trunks
548 3715 190 56 Spoons

391 3772 157 45 Locks
738 3771 154 46 Forks

92 3829 183 45 Razors
546 3829 155 56 Trays

342 3886 209 56 Teapots
787 3885 192 45 Churns

123 3959 101 26 Lawn
249 3958 144 31 Mowers,
416 3959 94 31 Hoes,
534 3958 120 33 Rakes,
681 3958 130 33 Spades,
833 3958 115 33 Forks,

202 4008 57 26 AT
271 4007 199 27 GREATLY
487 4007 204 28 REDUCED
708 4006 162 28 PRICES.

279 4089 62 37 &d
497 4089 402 48 DICKEY,

113 4144 82 23 (Fourth
202 4144 48 22 shop
259 4144 50 17 from
319 4142 100 23 WeUesley
432 4142 78 23 Street.)
566 4143 46 18 304
625 4142 22 19 &
658 4142 48 20 306
717 4142 106 23 QUEEN
835 4142 123 21 STREET.

1005 1845 22 19 U
1035 1845 58 19 nder
1101 1845 40 19 the
1150 1845 173 24 distinguished
1332 1845 131 22 Patronage
1472 1845 27 18 of
1510 1845 44 19 His
1571 1845 140 24 Excellency
1727 1846 41 18 the
1785 1846 119 19 Governor

1324 1869 41 18 the
1375 1867 54 19 Earl
1437 1872 24 14 01
1474 1868 102 20 Onslow.

1013 1986 163 56 HOT
1222 1986 342 56 SPRINGS
1613 1986 284 66 HOTEL,

1223 2064 103 35 T3
1364 2065 46 33 H
1430 2064 171 35 ROH
1623 2066 63 34 7K.

1100 2176 43 19 The
1154 2176 46 20 best
1210 2177 100 23 Situated,
1322 2177 34 19 the
1366 2180 52 16 most
1428 2177 196 26 Comfortable,'the
1637 2179 46 20 best
1696 2180 109 25 appointed

1354 2203 64 19 Ilotel
1428 2204 20 19 in
1460 2204 28 19 Te
1499 2205 77 19 Aroha.

1030 2248 88 26 Adjoins
1138 2250 59 25 (with
1207 2250 84 21 Private
1302 2251 111 25 Entrance)
1434 2252 35 19 the
1488 2252 96 19 Thermal
1603 2252 87 26 Springs
1709 2252 94 20 Domain.
1825 2252 75 20 Tennis

1005 2274 63 20 Court
1078 2276 21 18 in
1110 2275 95 20 Domain.

1008 2349 53 46 W.
1091 2351 51 45 &
1178 2351 209 50 KNOCK,,

1617 2353 282 56 Proprietor.

1030 2462 43 20 The
1092 2463 61 20 baths
1172 2464 41 19 and
1232 2464 99 25 drinking
1350 2466 63 17 water
1432 2471 34 12 are
1486 2465 111 25 especially
1618 2466 111 18 efficacious
1746 2466 20 19 in
1785 2466 55 19 Gout
1859 2466 40 19 and

1004 2488 122 20 Rheumatic
1136 2490 113 23 affections,
1262 2490 87 20 Chronic
1361 2490 124 26 Dyspepsia,
1496 2490 110 21 Disorders
1616 2492 21 18 of
1652 2492 35 19 the
1703 2492 89 25 Urinery
1811 2493 87 24 Organs,

1004 2515 116 19 Cutaneous
1130 2516 101 23 Diseases,
1244 2516 81 25 Splenic
1335 2517 41 18 and
1387 2516 89 26 Hepatic
1486 2517 114 25 Disorders,
1611 2517 96 20 Diseases
1727 2518 39 19 duo
1782 2521 22 17 to
1823 2518 77 20 Excess

1004 2542 21 18 of
1035 2541 76 26 Airiuitj
1112 2541 3 27 -
1118 2541 4 27 ,
1133 2542 122 26 Neuralgia,
1265 2543 94 19 Sciatica.

1117 2601 61 21 Town
1189 2602 52 20 Hall
1251 2603 40 19 and
1307 2602 82 26 Sample
1399 2603 75 20 Rooms
1484 2604 110 20 connected
1604 2605 49 19 with
1668 2605 35 19 the
1713 2605 69 19 Hotel.

1082 2660 51 20 New
1144 2661 88 20 Billiard
1243 2662 65 19 Room
1318 2662 50 19 with
1378 2668 38 13 one
1426 2662 22 19 of
1458 2662 107 20 Bennett's
1579 2663 51 20 New
1639 2663 87 20 Billiard
1735 2664 82 20 Tables.

1006 2793 440 61 GEYSER
1521 2795 376 61 HOUSE

1034 2885 341 59 Hydropathic
1396 2887 163 57 Hotel,
1593 2888 270 47 Wairakei.

1199 2953 38 19 Six
1246 2953 59 19 miles
1313 2953 54 19 from
1376 2952 57 20 Lake
1442 2953 72 26 Taupo
1524 2953 103 26 (Rotoiua
1636 2954 60 26 side.)

1179 3010 182 26 SUPERIOR
1380 3011 339 28 ACCOMMODATION.

1202 3067 53 18 ALL
1266 3067 53 17 THE
1332 3067 135 18 COMFORTS
1479 3068 33 17 OF
1525 3068 17 17 A
1554 3068 77 18 HOME
1644 3068 52 18 FOR

1249 3102 148 19 TOURISTS
1413 3103 66 18 AND
1492 3102 157 21 INVALIDS.

1003 3179 64 26 Hot
1091 3179 191 33 Swimming
1303 3180 110 32 Baths,
1439 3181 187 27 Kiri-o-Kai
1647 3188 36 20 or
1709 3182 80 26 New
1813 3182 82 27 Skin

1078 3221 95 32 Bath,
1184 3222 66 25 Hot
1263 3221 131 26 Douche
1407 3222 112 32 Baths,
1540 3223 112 27 Grand
1673 3223 146 27 Climate.

1121 3262 173 27 Elevation
1314 3262 91 32 1,350
1424 3263 64 26 feet
1502 3264 102 26 above
1617 3271 54 19 sea
1684 3265 91 26 leveL

1003 3311 198 24 COMPETENT
1216 3312 122 23 GUIDES
1354 3319 122 19 accompany
1492 3315 84 18 tourists
1592 3316 21 17 to
1630 3315 35 19 the
1686 3315 81 19 various
1788 3315 69 26 places
1876 3316 21 18 of

1133 3339 92 22 interest,
1235 3339 65 19 which
1312 3339 60 19 baffle
1382 3339 34 19 the
1427 3342 52 16 most
1488 3340 61 19 facile
1559 3347 46 18 pen,
1617 3341 39 19 and
1674 3348 38 12 can
1730 3341 48 26 only
1798 3342 25 19 be
1842 3342 43 19 real-

1134 3365 42 19 ized
1188 3365 58 19 when
1256 3371 53 12 seen.

1004 3429 197 24 GGYS6R
1434 3431 91 19 contains
1541 3432 35 18 the
1595 3431 104 26 following
1717 3433 125 24 unequalled
1851 3433 30 19 Na-

1081 3457 55 18 tural
1156 3457 93 18 wonders
1270 3457 4 26 :
1278 3457 150 21 —Tuhuatahi,
1449 3464 23 12 or
1495 3457 63 19 Great
1583 3458 132 25 Champagne
1733 3457 113 26 Cauldron;
1861 3459 35 19 the

1083 3481 62 20 Great
1156 3482 107 19 Wairakei
1271 3482 78 25 Geyser
1357 3481 4 28 ;
1374 3483 34 19 the
1418 3483 87 25 Donkey
1516 3483 81 26 Engine
1604 3491 5 17 ;
1623 3484 35 19 the
1669 3484 54 20 Bath
1733 3485 21 18 of
1763 3485 35 19 the
1809 3484 86 24 Fairies;

1081 3508 35 19 the
1135 3508 115 25 Lightniujr
1266 3508 63 28 Pool;
1343 3509 35 18 tbo
1395 3509 88 19 Cascade
1500 3509 83 25 Geyser,
1602 3516 22 13 or
1642 3510 102 26 Dragon's
1762 3511 86 23 Mouth;
1862 3511 35 19 the

1081 3533 64 20 Black
1155 3533 90 27 Geyser;
1261 3534 34 19 the
1308 3534 51 19 Mud
1371 3535 87 24 Geyser;
1474 3536 34 19 the
1528 3536 54 19 Blue
1597 3536 72 24 Lake;
1679 3537 35 18 the
1731 3537 32 19 Oil
1780 3537 68 23 Bath;
1862 3537 35 19 the

1080 3560 82 25 Eagle's
1171 3560 64 24 Nest;
1248 3560 34 19 the
1290 3560 78 19 Devil's
1375 3561 71 19 Punch
1454 3562 56 18 Bowl
1521 3569 5 16 ;
1540 3562 35 19 the
1584 3562 72 19 Prince
1664 3563 22 18 of
1693 3563 77 19 Wales'
1778 3563 101 19 Feathers
1889 3560 4 26 ;

1081 3586 34 19 the
1135 3586 87 24 Mirror;
1237 3586 35 19 the
1291 3586 57 19 Twin
1369 3586 87 27 Geyser:
1472 3588 35 18 the
1524 3588 61 19 Coral
1601 3588 77 25 Geyser
1687 3586 4 27 ;
1707 3589 35 19 the
1751 3588 67 20 Green
1834 3589 63 23 Pool;

1083 3611 128 20 Terekerebe
1222 3619 23 12 or
1263 3612 49 19 Hell
1331 3612 88 25 Geyser;
1442 3613 35 19 the
1496 3614 70 19 Steam
1587 3614 106 20 Hammer.
1722 3615 84 19 Guide's
1823 3616 34 19 fee
1876 3619 21 16 to

1081 3637 77 26 Geyser
1168 3638 80 26 Valley,
1260 3641 22 16 .is
1290 3645 5 16 ;
1309 3638 90 20 distance
1409 3640 52 18 from
1470 3639 34 19 the
1519 3640 62 24 hotel,
1595 3642 6 17 1
1614 3641 54 18 mile.

1004 3697 102 23 TH6
1125 3697 372 24 HReHTSHTeRor
1515 3698 81 20 Ladder
1613 3699 85 25 Rapids.
1735 3699 43 19 The
1795 3700 102 19 Grandest

1081 3723 79 25 Rapids
1172 3724 20 19 in
1204 3724 35 19 the
1248 3724 101 19 Southern
1361 3724 147 26 Hemisphere;
1523 3725 75 25 falling
1614 3725 21 19 in
1652 3726 32 18 six
1702 3725 83 20 distinct
1803 3727 94 18 cascades

1082 3751 96 24 amongst
1187 3750 64 19 weird
1261 3750 41 19 and
1310 3750 80 25 rugged
1408 3757 83 18 scenery
1519 3751 96 19 Distance
1634 3751 52 19 from
1705 3752 35 19 the
1756 3752 63 24 hotel,
1839 3752 58 19 three

1082 3776 65 19 miles.
1175 3776 74 19 Saddle
1260 3776 69 19 horses
1339 3779 22 16 to
1368 3776 48 19 visit
1430 3777 35 19 the
1479 3777 80 25 Rapids
1575 3778 21 18 7s
1607 3777 26 19 6d
1643 3777 56 20 each.

1006 3835 233 23 K6RHPITI
1257 3842 23 12 or
1288 3835 35 19 the
1333 3835 78 19 Devil's
1420 3835 99 26 Trumpet
1536 3837 19 18 is
1574 3836 44 20 said
1636 3838 21 18 to
1676 3837 48 19 emit
1744 3843 11 13 a
1771 3843 96 19 pressuro
1876 3837 22 19 of

1086 3861 69 19 180lbs
1166 3863 21 18 of
1197 3865 65 16 steam
1274 3863 21 17 to
1304 3861 36 19 the
1349 3861 52 23 inch,
1414 3862 53 18 from
1477 3868 26 12 an
1521 3866 94 21 aperture
1625 3863 21 19 of
1665 3863 63 19 about
1745 3863 73 19 twelve
1828 3863 70 19 inches

1082 3887 22 19 in
1115 3887 107 20 diameter.
1250 3887 97 19 Distance
1366 3889 24 17 I'r.
1399 3894 20 12 m
1439 3888 56 18 hotel
1513 3888 59 19 three
1590 3888 41 20 and
1651 3895 13 13 a
1681 3889 45 19 half
1743 3887 70 24 miles;
1827 3889 71 19 saddle

1082 3914 72 19 horses
1163 3917 20 16 to
1190 3914 50 19 visit
1249 3914 35 19 the
1294 3913 71 23 above,
1376 3915 23 17 2b
1408 3913 26 20 6d
1444 3914 56 19 each.

1007 3973 102 23 THG
1128 3974 144 23 HUKH
1289 3972 166 26 FHLLS,
1472 3972 35 19 <be
1524 3972 103 20 Grandest
1643 3972 57 21 Falls
1709 3973 21 19 in
1747 3973 35 19 the
1800 3973 98 20 southern

1088 3999 137 25 hemisphere.
1253 3999 43 19 The
1305 3998 57 19 Falls
1371 4005 45 18 may
1430 4000 25 17 be
1463 3998 75 19 visited
1547 4005 27 12 on
1583 3999 35 19 the
1629 4005 56 14 same
1703 3999 117 25 expedition
1830 4005 23 13 as
1863 4000 35 18 the

1086 4024 80 21 Devil's
1176 4025 106 25 Trumpet.
1310 4024 98 20 Distance
1417 4025 53 19 frcm
1479 4024 57 20 hotel
1546 4024 58 20 three
1615 4025 40 19 and
1664 4032 13 12 a
1692 4025 45 20 half
1745 4024 69 26 miles;
1828 4025 70 20 saddle

1082 4050 60 20 borse
1267 4053 22 17 2s
1300 4050 26 20 6d
1340 4050 56 20 each.

1006 4110 129 53 MRS
1159 4111 49 53 R.
1231 4110 297 61 GRAHAM,
1564 4110 333 55 Proprietress.

1187 179 1 57 ■
1195 190 101 46 w
1314 190 117 46 Ai
1452 179 100 57 W
1571 190 20 46 J

1760 263 165 53 AND

1271 323 259 100 HOT
1566 326 523 97 SPRINGS
2117 326 424 97 ttOTet

1082 432 85 34 Only
1191 433 46 28 30
1261 433 94 26 miles
1378 433 104 26 North
1506 433 35 25 of
1562 433 181 31 Auckland,
1769 433 81 26 with
1875 433 89 33 daily
1988 435 270 25 communication
2281 433 80 27 with
2385 435 106 26 Coach
2515 441 37 20 or
2576 433 152 28 Steamer.

1426 477 45 17 See
1491 475 133 20 advertised
1646 475 125 25 Timetable
1786 476 23 19 of
1825 482 41 13 s.s.
1957 477 76 24 Casey
2050 475 46 24 apd
2112 476 95 20 Butler's
2222 478 57 21 R.M-
2296 476 87 20 Coach.

1004 508 74 26 MHE
1094 508 97 26 ABOVE
1211 509 255 26 ESTABLISHMENT
1482 509 121 26 STANDS
1621 509 190 26 UNRIVALLED
1826 515 23 14 as
1859 517 13 12 a
1884 510 80 19 Health
1980 515 23 13 or
2024 508 98 20 Pleasure
2141 513 70 21 resort,
2231 510 42 19 and
2289 510 39 19 has
2348 510 75 25 special
2439 510 127 26 advantages
2583 510 33 19 for
2634 508 66 20 either
2717 508 92 20 Tourists

1011 537 20 12 **
1091 541 22 12 or
1122 535 97 19 invalids.

1073 590 148 26 Beautiful
1242 590 143 32 Scenery,
1404 590 212 33 Sea-bathing,
1637 590 134 33 Boating,
1793 591 127 32 Fishing,
1939 591 52 25 &c.
2103 590 123 26 Cuisine
2244 591 62 25 and
2327 591 193 26 attendance
2540 591 33 26 of
2587 591 55 25 the
2663 590 77 25 best.

1004 631 76 20 Famed
1094 631 33 20 for
1136 632 26 19 its
1171 632 91 19 curative
1271 631 82 19 natural
1362 631 85 19 medical
1458 631 44 19 Hot
1512 631 85 25 Springs
1607 631 40 20 and
1658 631 69 20 Baths.
1755 633 27 18 As
1792 631 34 20 the
1836 632 85 25 Springs
1931 632 41 19 and
1981 631 65 20 Baths
2057 637 34 13 are
2101 631 35 18 the
2146 634 96 22 property
2251 632 22 19 of
2283 631 35 20 the
2328 631 69 23 Hotel,
2408 631 88 20 Visitors
2506 639 35 13 are
2549 631 95 26 supplied
2657 630 49 20 with
2724 631 83 23 Towels,

1314 657 40 19 and
1364 663 36 12 can
1411 657 47 19 take
1466 664 26 11 an
1503 657 109 19 unlimited
1621 657 87 20 number
1719 657 22 19 of
1750 657 64 20 Baths
1824 660 22 17 at
1856 664 39 19 any
1905 658 50 19 time
1964 658 22 19 of
1997 657 35 20 the
2041 657 39 25 day
2088 657 88 23 FREE
2187 658 51 18 from
2249 664 40 18 any
2298 657 75 25 charge
2383 657 109 20 whatever.

1176 691 209 47 TARIFF
1409 691 110 47 PER
1543 691 115 49 DJIY,
1681 691 65 49 7s,
1769 692 76 49 8s;
1901 692 109 46 PER
2032 691 162 45 WEEK,
2217 689 65 49 &l
2306 692 68 46 15s
2396 697 51 41 to
2471 691 80 48 £2
2565 691 65 48 2s.

1473 756 153 33 Cottages
1637 757 33 26 to
1679 756 45 27 let
1733 757 43 32 by
1783 756 56 26 the
1851 757 102 32 week,
1964 757 120 28 month,
2098 762 36 20 or
2145 756 56 26 the
2214 762 122 20 season.

1005 798 40 19 For
1056 804 39 19 any
1106 798 132 20 information
1248 798 95 25 required
1352 797 69 26 please
1431 797 61 26 apply
1503 800 21 17 to
1532 797 124 26 Proprietor.

1446 819 38 3 '"
1522 832 50 46 R.
1609 831 50 47 K.
1698 832 189 50 SMTH.
2009 831 282 57 Proprietor.

1349 970 154 47 Heads
1526 970 55 46 of
1612 970 209 48 Families
1845 971 114 46 take
2003 971 260 55 particular
2285 971 178 47 Notice.

1272 1035 33 26 If
1324 1041 67 27 you
1413 1035 83 26 wish
1519 1035 33 26 to
1577 1041 79 20 save
1674 1041 123 27 money,
1820 1035 187 32 remember,
2025 1035 29 26 A
2074 1035 133 33 shilling
2225 1036 101 27 saved
2337 1035 29 27 is
2378 1042 59 20 one
2451 1038 124 26 earned.

1464 1077 108 43 W.
1777 1078 449 37 DTJMPE
2254 1079 94 48 IR,,

1006 1175 79 20 Invites
1094 1182 42 18 you
1145 1178 21 17 to
1176 1176 49 19 take
1231 1176 111 25 particular
1355 1175 67 19 notice
1432 1176 21 18 of
1462 1175 33 19 his
1501 1176 66 24 prices
1577 1176 32 18 for
1624 1175 106 30 Prompt
1746 1176 72 22 Cash-
1840 1175 11 19 I
1861 1176 57 18 don't
1928 1178 54 16 want
1994 1178 20 15 to
2030 1175 60 19 know
2100 1176 54 19 what
2163 1176 64 24 prices
2235 1183 42 18 you
2287 1183 35 12 are
2331 1176 78 26 paying
2420 1176 21 19 in
2451 1183 52 18 your
2512 1183 45 13 own
2567 1178 84 19 District
2666 1185 23 12 or
2702 1178 109 19 elsewhere

1653 1201 37 20 but
1712 1202 43 25 just
1765 1202 48 19 take
1822 1202 67 19 notice
1898 1202 22 18 of
1929 1202 35 18 the
1973 1201 105 25 following
2087 1201 76 26 prices:

1027 1248 31 17 All
1070 1249 73 16 Brands
1152 1249 20 17 of
1180 1248 59 18 Flour
1247 1249 55 17 2001b
1311 1248 51 17 sacks
1371 1249 32 16 21s
1412 1247 29 22 6d,
1453 1248 53 17 1001b
1515 1249 47 22 bags
1573 1249 37 19 lis,
1620 1249 36 17 No.
1668 1249 7 16 1
1686 1249 67 22 Sugar,
1764 1249 52 17 561bs
1826 1249 38 19 lis,
1873 1249 37 17 No.
1921 1250 10 15 2
1938 1249 62 21 Sugar
2009 1248 52 18 561bs
2072 1250 29 15 10s
2115 1248 30 21 9d,
2162 1249 93 17 Southern
2270 1250 66 22 Sperm
2350 1249 81 18 Candles
2446 1249 42 20 okd,
2507 1250 51 22 Sago
2574 1251 37 17 and
2628 1251 80 22 Tapioca
2724 1251 42 18 81bs
2783 1252 25 19 Is,

1004 1272 45 17 Best
1057 1272 63 22 Japan
1129 1272 45 17 Itice
1183 1272 40 17 51bs
1233 1273 25 19 Is,
1269 1273 34 16 250
1312 1272 66 17 Vestas
1389 1272 18 17 Is
1417 1271 23 17 5d
1448 1277 34 17 per
1490 1272 48 20 doz.,
1555 1272 56 17 Plaid
1694 1274 9 15 4
1707 1278 8 11 s
1724 1277 33 17 per
1770 1278 59 16 gross,
1934 1271 70 18 Mullet
2018 1273 19 16 5s
2052 1272 23 17 -Id
2089 1277 33 17 per
2136 1272 49 19 doz..
2199 1273 64 21 A-pint
2277 1273 56 17 Salad
2348 1273 39 17 and
2400 1273 67 18 Castor
2481 1272 39 18 Oils
2536 1275 21 15 -Js
2569 1273 25 18 4d
2607 1279 33 17 per
2652 1273 64 18 dozen.

1028 1295 101 22 Dumper's
1138 1295 74 22 Eclipse
1325 1294 84 21 Powder,
1419 1301 53 11 saves
1480 1295 58 20 Time,
1548 1295 77 17 Labour
1634 1295 37 17 and
1680 1295 66 22 Worry
1755 1294 4 25 ;
1774 1296 19 16 Is
1801 1294 24 19 3d
1832 1301 34 16 per
1875 1295 58 17 dozen
1942 1295 83 22 packets.
2122 1294 49 18 Kose
2181 1294 90 19 Kerosine
2281 1298 29 15 lis
2319 1302 33 17 per
2360 1302 48 15 case,
2417 1296 56 17 Pearl
2486 1296 70 23 Barley
2569 1297 39 16 and
2622 1297 48 22 Split
2679 1298 47 16 Peas
2735 1297 40 18 Olbs
2786 1299 24 16 Is.

1005 1318 47 17 New
1066 1318 85 18 Season's
1163 1318 54 18 Jams
1232 1318 84 17 assorted
1330 1319 19 16 3s
1358 1317 25 17 S'd
1391 1323 34 16 per
1432 1318 65 18 dozen,
1508 1317 87 18 Sardines
1605 1319 9 15 3
1624 1319 37 16 tins
1672 1319 18 16 Is
1699 1318 37 17 and
1745 1318 24 17 all
1778 1319 55 16 other
1841 1318 47 17 lines
1900 1318 75 23 equally
1985 1324 19 11 as
2013 1319 64 21 cheap.

1027 1341 27 18 Be
1062 1347 42 11 sure
1110 1347 39 16 you
1157 1341 47 18 send
1212 1342 30 17 for
1251 1346 11 13 a
1271 1341 74 22 Sample
1353 1341 36 17 Tin
1397 1341 21 17 of
1425 1346 35 12 our
1469 1341 111 18 Celebrated
1613 1341 74 22 Family
1696 1341 69 18 Friend
1792 1341 64 18 Brand
1870 1341 21 18 of
1899 1341 77 19 CHOICE
1984 1340 53 19 TEAS
2044 1341 20 18 in
2073 1341 37 21 61b,
2120 1341 38 21 61b,
2174 1342 42 17 101b
2232 1343 37 16 and
2281 1343 40 17 121b
2329 1343 45 17 Tins
2382 1345 20 15 at
2413 1343 19 17 Is
2449 1343 23 17 8d
2488 1348 34 17 per
2538 1343 26 17 lb.
2590 1342 54 20 Tins
2653 1343 63 19 Free.

1027 1364 31 17 All
1067 1366 20 15 2s
1096 1364 70 17 Packet
1176 1365 45 16 Teas
1231 1365 20 16 in
1261 1364 56 17 Stock
1323 1366 20 15 at
1353 1365 19 16 Is
1381 1364 24 17 Hi
1413 1369 34 17 per
1455 1364 25 21 lb,
1491 1364 100 23 including
1602 1364 23 17 A.
1634 1364 27 17 H.
1676 1364 99 21 Nathan's,
1786 1365 21 16 L.
1818 1365 24 16 D.
1853 1364 99 21 Nathan's,
1962 1364 71 17 Nelson
2042 1364 65 19 Moate
2116 1366 14 15 &
2140 1365 49 21 Co's,
2199 1365 89 21 Gilmore,
2299 1366 159 23 Younghusband
2466 1366 39 17 and
2522 1366 48 20 Co's,
2588 1367 75 20 Brown,
2681 1367 76 17 Barrett
2774 1367 37 18 and

1005 1387 88 21 Co's,and
1113 1388 77 22 Empire
1210 1388 38 17 Tea
1266 1387 120 23 Company's.

1030 1434 32 20 Ad
1077 1433 67 20 Goods
1159 1435 100 24 carefully
1274 1434 86 25 packed,
1376 1433 67 20 Boxes
1461 1434 40 19 and
1512 1434 59 19 sacks
1585 1435 50 19 free.
1665 1435 21 19 If
1696 1441 41 18 you
1746 1435 52 19 have
1808 1439 36 15 not
1854 1438 35 21 yet
1899 1435 91 19 received
2000 1441 37 13 one
2047 1435 21 19 of
2078 1441 37 12 our
2122 1435 16 20 JS
2139 1433 4 29 T
2145 1442 29 12 ew
2185 1435 56 19 Year
2251 1435 58 20 Prico
2319 1436 54 20 Lists
2382 1436 41 20 and
2432 1436 42 20 will
2484 1437 51 18 send
2545 1442 23 14 us
2578 1444 51 18 your
2639 1437 82 19 address
2731 1444 29 12 we
2770 1437 41 20 will

1005 1460 47 19 mail
1059 1467 41 19 you
1111 1467 42 13 one.
1183 1461 49 19 Post
1240 1461 63 19 Uffico
1313 1460 74 20 Orders
1397 1467 22 12 or
1429 1460 94 26 Cheques
1532 1461 89 25 payable
1632 1463 19 17 to

1339 1494 112 97 W.
1560 1494 112 97 W.
1784 1494 688 107 DUMPeR,

1483 1593 292 47 FRJLNRLLN
1823 1593 165 50 R.OJID.
2024 1593 324 49 JJUCRLJLND.

1963 2886 466 32 WHOLESALE
2466 2890 299 32 .A-O-ZEHSTTS

1926 2954 61 54 L.
2058 2954 68 54 D.
2198 2956 328 55 NATHAN
2591 2958 50 56 &
2706 2959 81 58 Co

2164 3263 406 37 TKURKNCK

1919 3299 98 26 SMITH
2036 3300 20 26 Si
2074 3300 150 28 CARRIAGE
2239 3302 114 26 WORKS.
2375 3303 96 26 CORCH
2488 3305 19 24 &
2523 3304 127 26 WAGGON
2671 3304 143 27 FACTORY.

2132 3327 213 20 ESTABLISHED
2358 3329 83 18 OVER
2455 3330 30 18 10
2493 3330 110 20 YEARS.

1947 3349 2 26 1
1959 3352 18 9 '"■
2001 3349 2 26 .
2018 3349 1 26 ;
2034 3349 2 26 ■
2050 3351 34 15 ■■—•
2084 3351 18 15 ed
2114 3356 28 11 are
2152 3352 140 16 manufacturers
2300 3353 18 15 of
2326 3352 25 16 all
2359 3352 63 16 clusses
2431 3353 17 15 of
2458 3352 80 18 Vehicles
2547 3354 14 16 &
2570 3354 117 21 Agricultural
2694 3354 103 21 Implement-

2083 3377 16 10 m
2114 3373 98 20 reputation
2221 3379 19 9 as
2247 3373 83 20 practical
2344 3373 98 16 Mechanics
2455 3375 35 15 and
2506 3374 29 17 W.
2549 3375 31 16 P's
2594 3376 20 16 27
2627 3380 21 15 yo
2660 3380 16 11 rs
2688 3377 101 19 experience
2798 3375 15 17 in

1919 3396 30 10 ine
1962 3396 121 12 Australasian
2097 3394 86 19 Colonies,
2197 3394 66 21 justify
2282 3399 20 11 us
2316 3394 17 16 in
2345 3395 82 17 claiminir
2440 3396 40 15 that,
2496 3401 25 10 we
2537 3401 31 11 can
2581 3396 67 16 furnish
2658 3402 9 10 a
2681 3396 56 17 better
2745 3397 44 16 class
2797 3398 18 15 of

1919 3412 80 16 Vehicles
2011 3414 95 16 consistent
2118 3415 43 16 with
2171 3415 61 16 honest
2241 3416 47 15 work
2297 3419 19 12 at
2324 3420 9 11 a
2342 3416 73 21 cheaper
2430 3420 36 12 rate
2476 3417 42 15 than
2528 3422 35 16 any
2568 3417 19 17 of
2595 3423 31 10 our
2639 3419 111 19 competitors

1940 3433 37 16 The
1985 3433 61 17 Public
2056 3436 34 15 will
2103 3436 36 16 find
2156 3437 14 15 it
2187 3439 18 13 to
2221 3436 46 16 their
2282 3437 98 20 adTantape
2398 3440 17 13 to
2431 3438 150 17 ENCOURAGE
2593 3439 78 16 LOCAL
2683 3438 129 22 INDUSTRY,

1920 3455 56 16 where
1985 3455 41 21 they
2034 3462 31 10 can
2074 3457 44 16 have
2128 3457 29 16 the
2169 3458 77 20 pleasure
2260 3458 18 16 of
2290 3458 59 21 seeing
2361 3459 92 15 fiist-class
2468 3460 78 16 material
2565 3460 35 16 and
2612 3460 127 21 workmanship
2752 3464 32 17 put
2798 3463 15 13 in

1919 3476 68 16 articles
1995 3477 49 16 m«de
2052 3481 18 12 to
2078 3478 45 15 their
2132 3479 61 16 Talued
2201 3479 63 16 orders.

1940 3497 148 17 N.B.—Vehicles
2096 3500 18 15 of
2123 3500 22 15 all
2154 3500 113 21 descriptions
2276 3500 83 21 repaired,
2372 3502 78 20 painted,
2464 3502 94 16 renovate:!
2567 3503 34 15 and
2614 3502 49 17 ninde
2676 3505 17 13 to
2709 3502 40 17 leak
2763 3504 51 19 equal

1919 3519 18 15 to
1945 3524 44 11 new.

1919 3539 197 29 WILLIAM
2135 3541 190 33 PARKER,
2342 3542 243 28 Coacibuilder.

2292 3575 138 28 JAMES
2448 3577 136 33 HAUA,
2601 3577 213 30 Blacksmith.

1966 3666 31 39 A,
2025 3666 71 40 AND
2121 3667 32 40 C,
2180 3667 127 43 BROOK,

2427 3676 138 43 HORACE
2586 3677 181 42 STEWART.

1919 3725 83 24 BOOT
2015 3725 71 24 AND
2102 3726 83 23 SHOE
2206 3727 147 29 MAKERS,
2379 3740 109 21 saddle,
2502 3741 126 21 harness,
2641 3741 55 18 and
2713 3742 102 18 collar

1979 3766 88 20 Fenton
2082 3766 89 24 Street,
2194 3767 107 20 Rotorca.
2549 3773 101 21 MAKER,

1921 3806 46 20 And
1989 3808 23 18 at
2040 3806 84 20 Parnell
2146 3808 41 19 and
2215 3808 139 20 Newmarket.
2422 3807 183 24 FENTON-ST.,
2619 3808 155 21 KOTORUA,

1947 3875 66 25 Large
2022 3876 40 19 and
2073 3876 69 19 varied
2158 3877 62 20 Stock
2231 3877 22 19 of
2263 3877 91 25 English,
2379 3875 106 23 Saddles,
2502 3874 97 25 Bridles,
2613 3876 94 23 Collars,
2721 3876 94 24 Chains,

1921 3900 88 26 Foreign
2020 3902 40 19 and
2071 3902 92 20 Colonial
2172 3904 64 19 Boots
2246 3904 39 19 and
2293 3904 63 19 Sho6s
2403 3906 57 24 Bits,
2467 3907 82 24 Spurs,
2556 3907 106 20 Harness
2673 3908 69 24 Soap,
2750 3909 41 19 &c.

1982 3929 23 18 to
2015 3928 72 20 choose
2098 3929 52 19 from
2161 3932 23 17 at
2193 3930 34 19 the
2239 3932 53 17 most

1956 3964 184 27 RFASDN&RI
2156 3968 15 23 F
2403 3967 119 22 Coachaline,
2533 3975 11 11 a
2560 3969 114 22 waterproof
2689 3970 128 21 preservative

1956 3980 52 17 nC#
2111 3980 19 18 D
2133 3986 77 26 ~_r
2216 3980 8 20 l
2224 3980 15 32 l
2239 3980 6 19 ,
2246 3980 23 32 i'
2272 3980 39 20 lld
2314 3991 8 8 *
2380 3991 31 17 for
2419 3991 26 17 all
2453 3991 56 18 kinds
2518 3992 20 18 of
2549 3992 80 17 leather.

1921 4040 81 7 -•-■«.*>_
2368 4022 4 25 r
2404 4022 87 22 Axleine,
2509 4029 12 11 a
2533 4024 74 21 perfect
2620 4023 96 18 lubricant
2732 4025 30 17 for
2775 4031 42 11 car-

1921 4040 169 24 EOOTBALL
2104 4042 100 24 BOOTS
2215 4043 44 26 just
2272 4043 86 20 arrived.
2368 4040 3 29 |
2380 4045 68 24 riages,
2459 4052 99 17 waggons,
2568 4047 33 17 &c.

1921 4081 35 19 All
1972 4081 70 20 orders
2058 4082 41 19 and
2114 4083 78 23 repairs
2208 4083 150 23 expeditiously
2405 4077 73 18 Collars
2486 4077 56 17 made
2554 4079 22 16 to
2589 4082 86 13 measure-
2686 4083 25 12 on
2727 4078 35 18 the
2774 4085 19 17 pi

2085 4109 97 19 executed
2380 4106 56 12 miscs
2445 4106 12 11 a
2465 4101 105 22 speciality.
2607 4101 125 20 Lengthened
2744 4107 47 18 expe

2185 4123 4 25 '
2368 4123 3 25 I
2381 4128 45 12 ence
2434 4123 21 17 in
2462 4123 27 17 all
2499 4123 67 18 classes
2574 4124 21 17 of
2600 4123 93 18 Saddler's
2702 4125 61 17 work.
2787 4125 30 17 All

1921 4142 23 18 b.
1958 4141 26 19 E.
1996 4141 150 24 FORDYCE,
2172 4153 9 4 -
2205 4153 8 4 -
2238 4142 120 25 Manager,
2381 4146 64 17 orders
2455 4146 100 23 promptly
2563 4146 90 18 attended
2665 4148 28 17 to.

2830 158 160 42 HINEM
3091 158 167 46 STORE.

2837 226 160 21 UL/ILLT&M
3018 228 110 19 ROGERS
3143 228 73 19 directs
3232 235 26 16 at.

2847 249 7 21 I
2865 259 10 12 f
2908 254 79 19 tention
2996 256 22 17 to
3025 254 35 19 the
3069 253 107 26 following
3182 254 50 19 lines
3241 259 18 18 of

2830 284 267 43 CH&ISfMAS
3110 286 148 43 &MSS

2831 333 102 24 Bycroft's
2942 333 111 19 Snowdrift
3063 334 52 19 N.Z-
3124 334 63 19 Flour

2830 358 104 24 Sultanas,
2945 358 100 20 Muscatel
3053 360 41 19 and
3103 360 98 19 Valencia
3215 361 33 20 Rai-

2883 385 48 20 sins,
2943 385 40 19 aud
2992 384 98 21 Currants

2831 411 50 23 Figs
2889 411 40 19 and
2939 411 110 19 Preserved
3060 411 85 26 Ginger,
3155 412 70 25 Spices

2831 437 76 19 Lemon
2917 437 40 19 and
2967 437 81 25 Orange
3060 437 48 20 Peel

2887 463 69 19 White
2967 462 112 24 Sugar—A
3096 463 116 26 Speciality.

2832 488 50 20 Xew
2893 489 91 19 Zealand
2992 489 62 25 Dairy
3061 489 147 20 Association's
3214 491 33 20 But-

2935 518 38 16 ter.

2856 539 61 20 TEA.
2976 540 114 20 COFFEE.
3145 542 92 20 COCOA.

2831 588 88 20 General
2932 590 128 19 Assortment
3076 591 22 18 of
3115 591 145 26 Storekeeper's

3010 616 75 19 Goods.

2892 654 314 56 HINEMOTSTORE.

2832 735 46 41 TO
2893 735 26 39 &
2934 735 94 41 FROM
3047 735 71 42 THE
3145 736 114 45 BATHS,

2834 828 153 47 CLIRSS
3002 835 49 13 runs
3069 836 12 13 a
3098 833 116 22 wagonette
3231 832 20 20 be-

2879 864 8 9 •
2918 858 65 15 tween
2997 856 35 18 the
3049 856 39 19 Old
3102 857 111 26 Township
3228 861 33 19 and

2832 880 36 20 the
2879 880 65 20 Baths
2954 882 125 24 throughout
3089 882 34 20 the
3134 883 46 25 day.

2833 943 51 19 Also
2906 943 199 24 Whakarewarewa,
3131 945 74 19 Sodom
3228 948 33 19 and

2870 969 114 20 Gomorrah
2994 969 40 19 and
3044 971 58 18 other
3112 971 66 25 sights
3187 978 47 13 near

2997 996 35 19 the
3042 998 61 18 town.

2933 1048 80 23 Fares
3028 1048 140 24 Moderate.

2834 1103 38 43 1}
2930 1103 25 19 C<
3022 1103 34 19 r\
3076 1105 121 17 OItLE
3215 1106 45 21 TT,

2942 1159 221 26 ARCHITECT,

2915 1194 97 26 Building
3027 1195 109 26 Surveyor,
3154 1197 35 19 &c.

2835 1233 72 24 Agent
2926 1232 33 19 for
2977 1232 35 19 the
3035 1233 99 20 National
3159 1233 46 21 Fire
3228 1235 32 20 and

2927 1258 81 19 Marino
3014 1259 115 20 Insurance
3140 1260 36 19 Co.

2848 1316 200 22 irOKOIA

2834 1399 247 36 BOAH3OIHG
3097 1401 163 37 HOUSE,

2834 1461 112 27 Opposite
2961 1461 40 21 the
3016 1462 54 19 Post
3082 1463 46 19 and
3140 1464 120 25 Teleqraph

3012 1487 79 22 Office.

2835 1520 45 19 And
2901 1526 49 12 near
2971 1519 33 20 the
3024 1521 121 20 Celebrated
3169 1521 91 22 PRIEST

2874 1545 118 21 RACHEL
3008 1547 40 19 and
3060 1547 57 20 other
3129 1547 98 26 BATHS,

2979 1572 144 22 ROTORUA.

2832 1623 113 28 TERMS:
2954 1624 43 19 25s
3004 1630 41 18 per
3051 1626 73 22 -week,
3135 1627 27 18 4s
3169 1632 40 17 per
3216 1628 44 23 day,

2867 1656 115 40 MRS
3025 1657 207 46 YOUNG.

2967 1705 172 21 PhOPIUETXESS.

2834 1774 153 46 Rotor
2990 1787 63 34 ua
3071 1776 187 58 Bakery

2832 1905 55 52 T.
2913 1905 48 53 S.
2985 1905 272 66 SAMSON,

2844 1975 106 32 BAKER
2961 1976 26 32 &
2997 1976 252 34 CONFECTIONER.

2883 2055 86 24 Bread
2981 2055 134 25 delivered
3132 2057 78 30 daily.

2883 2123 167 25 GROCERIES,

3027 2159 146 23 DRAPERY,

2827 2225 126 19 GENERAL
2960 2225 208 21 STOREKEEPER'S
3175 2228 80 18 GOOD.*,

2849 2278 42 47 J.
2921 2279 48 46 R.
3005 2278 235 51 LOUDON.

2964 2349 166 24 SOLICITOR,

2853 2386 29 20 20,
2894 2385 217 23 SIIOIITI.AXI>-BTHEET,
3121 2388 116 17 AfCKLAXI).

2827 2432 50 18 N.B.
2878 2432 106 18 —Attends
2993 2434 80 22 country
3082 2434 69 17 Courts
3159 2434 26 22 by
3197 2432 58 25 special

2828 2456 139 22 arrangement.

2834 2505 211 46 Rotorua
3072 2506 183 57 Library

2832 2603 102 47 OPEN
2947 2604 52 19 from
3013 2606 22 17 10
3046 2611 47 13 a.m.
3104 2608 22 16 to
3136 2608 12 16 .5
3158 2612 48 18 p.?n.
3225 2605 30 19 nnd

2893 2630 45 19 6.30
2948 2632 21 16 to
2980 2632 22 17 10
3009 2637 49 18 p.m.
3063 2631 94 26 Sundays
3164 2632 30 19 till
3199 2633 12 18 9
3216 2639 38 19 pa.

2851 2668 164 23 Subscription
3023 2675 5 12 :
3040 2669 42 19 20s
3093 2670 43 18 Per
3144 2670 97 18 Annum.

2858 2705 88 20 Visitors
2962 2712 47 18 may
3027 2712 85 19 procure
3128 2707 68 19 Books
3215 2708 39 18 from

2832 2732 35 19 the
2877 2732 87 25 Library
2974 2738 25 13 on
3018 2733 86 25 making
3121 2740 12 12 a
3152 2734 76 25 deposit
3242 2733 12 19 of

2832 2761 35 17 not
2877 2759 40 18 less
2927 2758 49 19 than
2997 2761 28 21 ss,
3044 2760 40 18 and
3101 2760 124 25 purchasing
3243 2761 11 17 la

2832 2791 79 19 coupon
2921 2784 32 19 for
2963 2791 60 18 every
3035 2785 53 19 Four
3098 2786 71 19 books.

2859 2819 43 18 The
2921 2818 87 26 Library
3030 2820 18 18 is
3067 2826 52 19 open
3141 2820 75 26 during
3231 2818 23 21 tie

2834 2845 93 26 evening.

2835 2903 51 46 M
2887 2904 18 18 B
2940 2903 78 46 W.
3058 2905 46 45 J.
3137 2905 44 45 N
3183 2905 67 19 Apie

2834 2959 173 19 BARRISTER
3019 2960 65 18 AND
3103 2960 150 20 SOLICITOR.

2835 2991 146 17 Commissioner
2996 2992 20 17 of
3029 2992 32 18 the
3075 2992 92 23 Supremo
3181 2993 54 18 Court
3244 2994 8 15 ol

3030 3015 44 23 Fiji.

2835 3046 89 17 Solicitor
2932 3047 20 17 to
2961 3046 34 18 the
3006 3045 46 19 X.Z.
3068 3047 129 18 Government
3212 3046 40 19 undfl

2901 3069 40 17 The
2948 3069 99 19 Advances
3056 3072 19 16 to
3082 3071 79 17 Settlers

2834 3100 100 18 Yictokia
2942 3100 90 23 Arcade,
3042 3102 113 21 Queex-st,
3165 3100 87 21 Auckland

2858 3132 71 22 Money
2938 3133 20 16 to
2965 3132 53 19 Lend
3028 3138 23 12 on
3061 3134 86 17 freehold
3162 3134 75 22 security
3244 3133 8 16 ill

2835 3156 37 16 low
2889 3157 49 15 rates
2955 3156 20 17 of
2988 3156 84 17 interest.
3102 3158 72 22 Money
3187 3154 65 21 invested

2835 3178 32 18 for
2874 3178 66 18 clients
2949 3179 38 17 free
2995 3180 21 16 of
3025 3180 75 22 charge.

2886 3227 29 26 J.
2936 3227 51 26 W.
3009 3227 209 30 WRIGLEY,

2860 3267 380 23 ARCHITECT,

2966 3301 184 18 ROTORUPC,

2864 3330 69 24 Agent
2941 3330 33 19 for
2989 3331 36 18 the
3042 3330 64 20 South
3128 3332 78 19 British
3225 3329 26 21 Fill

2836 3356 42 19 and
2887 3356 80 19 Marine
2977 3356 112 21 Insurance
3098 3358 112 25 Company.

2905 3426 74 19 when
2987 3426 25 19 in
3020 3426 126 20 Auckland
3154 3428 55 18 visit

2912 3459 34 26 E.
2973 3459 224 28 SPENCER'S

2882 3500 151 25 CURIO
3061 3501 166 24 DEPOT.

2916 3535 38 23 (On
2963 3535 65 19 Queen
3037 3536 62 17 Street
3112 3535 83 23 Wharf.)

2871 3573 41 21 Eor
2929 3575 28 19 all
2973 3575 62 19 kinds
3052 3576 21 18 of
3086 3576 14 20 N
3107 3582 29 12 evr
3147 3573 85 23 Zealand

2906 3601 72 19 Curios
2997 3601 41 19 and
3056 3601 143 20 Greeustones.

2842 3744 267 26 MONUMENTAL
3133 3741 115 31 MASON,
3274 3756 15 18 T

2890 3793 124 19 VICTORIA
3033 3794 96 18 STREET
3150 3794 66 20 EAST,

2947 3833 219 19 RUCKLHND,

2861 3869 86 20 Orders
2961 3870 25 19 in
3001 3871 95 23 Marble,
3116 3872 95 18 Granite
3223 3870 23 17 an'

2837 3902 81 22 Stone,
2939 3902 121 24 promptly
3084 3904 47 17 and
3157 3898 88 23 faithful!;

2838 3933 121 19 executed.

2886 3970 102 24 Designs
2997 3972 46 18 and
3052 3972 77 23 prices
3141 3972 47 19 free
3197 3975 27 14 on

2980 4003 152 23 application.
