2559 4010
571 521 132 32 PORT
727 522 289 40 NICHOLSON,
1038 523 262 33 SATURDAY
1321 523 241 40 MORNING,
1586 527 228 32 JANUARY
1839 531 50 34 16,
1915 531 88 28 1841.

59 526 63 37 J*o.
145 523 65 40 40.]

62 257 162 32 New
278 257 377 32 Zealand
709 257 377 32 Gazette
1140 257 161 32 and
1355 257 539 32 Wellington
1948 257 539 32 Spectator.

2340 531 99 40 [Vol.
2461 532 27 32 1.

797 1149 69 21 New
885 1149 123 22 Zealand
1026 1150 117 21 Branch.

674 1181 53 17 Local
735 1182 92 17 Directors
833 1188 5 11 :
853 1182 47 17 Geo.
912 1183 17 16 S.
942 1183 72 20 Evans,
1028 1183 48 22 Esq.,
1088 1183 70 20 D.C.L.,
1171 1184 36 17 and
1220 1184 46 16 Geo.

898 1203 91 20 Huntek,
1002 1205 41 20 Esq.

675 1230 97 21 Manager:
784 1231 48 17 John
840 1232 71 18 Smith,
920 1231 49 21 Esq.,
979 1232 35 16 late
1022 1232 19 16 of
1051 1233 29 15 the
1088 1232 118 17 Commercial
1213 1231 53 17 Bank

843 1252 21 17 of
872 1252 90 21 England,
976 1254 120 15 Manchester.

786 1280 114 22 Branches
910 1284 24 18 at
949 1280 97 28 Sydney,

950 1308 8 20 1
966 1309 71 20 lobart
1046 1308 77 27 Town,

951 1335 8 21 ]
972 1339 127 23 aunceston,
1111 1335 46 22 and

949 1362 11 21 I
970 1365 33 18 ort
1014 1362 80 27 Philip.

673 1394 54 22 Port
737 1395 131 27 Nicholson,
880 1395 80 22 March
971 1397 33 25 24,
1016 1397 61 21 1840.

673 1448 94 34 npHE
784 1448 114 23 Directors
915 1448 26 22 of
956 1449 40 22 lhe
1012 1449 57 22 New
1084 1450 103 22 Zealand
1200 1449 68 22 Land

680 1471 29 26 -L
749 1476 117 27 Company
880 1476 83 27 hereby
983 1476 48 27 give
1049 1477 82 26 nofice,
1150 1476 48 22 that
1213 1476 54 28 they

672 1501 58 22 have
738 1510 113 15 EFFECTED
862 1510 29 14 AN
903 1510 172 15 ARRANGEMENT
1083 1503 54 22 with
1144 1504 37 21 the
1191 1503 74 22 Uhioil

671 1529 66 22 Bank
753 1529 26 22 of
795 1529 121 27 Australia,
933 1530 45 21 No.
995 1531 33 25 38,
1044 1529 45 23 Old
1104 1530 161 26 Broad-street,

672 1555 103 28 London,
788 1556 34 22 for
831 1556 37 21 the
882 1556 168 22 establishment
1065 1556 25 23 of
1104 1565 14 14 a
1135 1556 131 23 BRANCH

672 1582 91 23 BANK
777 1583 35 22 IN
827 1582 72 23 NEW
914 1583 157 28 ZEALAND,
1086 1584 97 27 through
1196 1583 70 23 which

671 1609 38 22 the
718 1610 104 22 business
835 1610 26 22 of
874 1610 39 21 the
930 1610 58 22 New
1004 1610 100 23 Zealand
1118 1610 66 23 Land
1200 1611 67 22 Com-

671 1643 61 21 pany
742 1636 45 23 will
796 1638 28 21 be
834 1637 136 22 transacted.
997 1636 48 23 The
1061 1637 115 22 Directors
1193 1638 74 21 there-

671 1662 47 23 fore
729 1664 146 21 recommend
884 1668 23 18 to
924 1664 111 22 Colonists
1052 1663 38 22 the
1108 1664 76 22 Union
1200 1664 66 23 Bank

671 1690 26 21 of
716 1690 116 23 Australia
849 1698 24 14 as
892 1698 28 14 an
948 1690 170 23 establishment
1140 1692 128 26 possessing

671 1716 58 23 their
747 1718 70 21 entire
840 1718 139 26 confidence,
1000 1717 44 22 and
1064 1718 49 23 able
1133 1722 22 17 to
1173 1718 93 26 provide

671 1744 129 28 effectually
815 1744 34 23 for
865 1744 38 23 the
918 1744 105 23 financial
1040 1748 71 19 wants
1128 1744 25 23 of
1164 1744 38 23 the
1218 1744 50 23 first

671 1770 137 23 settlement.

841 1798 35 27 By
887 1798 66 22 order
963 1799 26 21 of
999 1798 37 22 the
1047 1798 80 27 Board,

919 1826 85 21 JOHN
1019 1825 105 27 WARD,
1141 1826 125 27 Secretary.

671 1852 57 22 New
739 1852 99 22 Zealand
849 1852 64 22 Land
924 1853 136 27 Company's
1069 1852 79 28 Office,

698 1881 20 25 1,
731 1880 160 26 Adam-street,
902 1879 107 28 Adelphi,
1019 1879 53 22 27th
1082 1880 69 27 Aug.,
1162 1881 61 21 1839.

1944 1901 148 20 SELLING
2105 1901 65 21 OFF
2185 1902 49 20 AT
2247 1903 117 20 PRIME
2380 1903 83 20 COST
2470 1903 6 20 !

1917 1934 69 48 AT
2011 1934 67 22 HAY
2101 1934 45 22 and
2171 1935 212 23 MACHATTIE'S
2408 1936 96 22 General

1994 1961 71 26 Stove,
2077 1969 14 14 a
2099 1961 61 28 large
2169 1966 134 18 assortment
2310 1963 27 21 of
2343 1963 161 27 merchandise,

1916 1988 122 26 consisting
2049 1988 35 21 of-:
2086 1999 29 4 —

1943 2019 52 28 Tea,
2242 2023 135 27 Negrohead
2390 2024 98 26 tobacco,
2498 2045 3 5 ,

1944 2047 75 27 Sugar,
2241 2049 103 22 Tobacco
2355 2050 71 28 pipes,

1945 2073 121 27 Groceries,
2242 2076 98 22 Manilla
2350 2077 79 27 cigars,

1943 2100 60 27 Beef,
2083 2114 7 7 .■
2241 2103 110 27 Mustard,

1944 2127 64 27 Pork,
2241 2129 96 28 Pickles,

1943 2153 78 28 Hams,
2242 2157 71 27 Slops,

1943 2180 57 22 Irish
2011 2181 80 27 butter,
2242 2183 70 22 Shoes
2322 2184 45 22 and
2376 2184 70 28 boota,

1943 2207 74 28 Flour,
2241 2210 81 28 Prints,

1943 2234 90 27 Biscuit,
2240 2237 82 27 Calico,

1943 2261 64 28 Soap,
2240 2264 171 28 Ironmongery,
2423 2265 41 22 &c.

1917 2294 143 30 Wellington,
2072 2296 101 29 January
2184 2299 33 26 13,
2230 2299 59 21 1841.

1916 2350 73 48 AN
1999 2351 114 21 extensive
2122 2351 87 28 variety
2218 2352 26 21 of
2249 2352 69 27 goods
2329 2352 45 22 will
2381 2353 28 21 be
2420 2352 81 24 offered

1993 2377 35 21 for
2037 2378 45 20 sale
2093 2385 29 14 on
2132 2378 150 27 Wednesday,
2298 2379 38 22 the
2348 2379 54 23 20th
2410 2380 91 27 instant,

1917 2403 44 21 and
1969 2403 114 28 following
2092 2404 61 29 days,
2170 2405 81 27 during
2260 2406 39 22 the
2312 2406 68 22 hours
2391 2406 25 22 of
2426 2408 12 20 9
2448 2410 22 18 to
2480 2408 22 24 6,

1916 2434 23 17 at
1949 2430 36 22 the
1995 2430 68 22 Tents
2074 2431 26 22 of

2192 2459 109 23 FRANK
2317 2459 129 28 LOSACK,

1996 2491 62 22 Near
2067 2491 38 23 the
2114 2492 58 22 head
2184 2493 26 21 of
2222 2492 36 23 the
2266 2493 56 27 Bay,
2331 2493 145 27 Wellington.

1943 2524 62 27 They
2013 2524 45 22 will
2065 2525 27 21 be
2099 2525 72 23 found
2178 2525 50 23 well
2236 2525 96 28 adapted
2338 2529 23 19 to
2370 2526 36 22 the
2412 2526 91 29 Colony,

1917 2551 43 21 and
1970 2551 94 22 suitable
2076 2555 22 19 to
2108 2553 30 21 all
2148 2553 89 26 classes,
2253 2554 45 21 and
2313 2553 46 23 will
2374 2553 28 22 be
2418 2553 48 23 sold
2482 2557 23 19 at

1916 2577 42 23 fair
1966 2578 45 22 and
2020 2579 114 21 moderate
2145 2579 101 28 charges.

2129 2621 83 20 TERMS,
2228 2622 65 15 CASH.

1917 2668 48 47 A
1993 2667 132 28 HEWITT,
2138 2668 160 26 Fishmonger,
2310 2669 111 22 Lambton
2429 2670 72 28 Quay,

1970 2705 10 10 •
1999 2694 145 28 Wellington,
2150 2698 89 19 returns
2248 2696 35 21 his
2293 2696 86 22 sincere
2390 2696 80 23 thanks
2479 2701 24 18 to

1915 2720 37 22 the
1971 2721 137 23 inhabitants
2127 2723 27 21 of
2174 2722 45 22 this
2237 2723 86 27 Colony
2339 2723 36 22 for
2393 2723 37 22 the
2448 2731 55 20 very

1914 2747 78 23 liberal
2011 2752 92 24 support
2118 2749 28 22 he
2162 2749 40 22 has
2218 2749 99 22 hitherto
2329 2750 111 27 received,
2458 2750 46 23 and

1915 2774 53 28 begs
1977 2778 23 18 to
2010 2776 82 21 inform
2103 2776 61 22 them
2174 2776 48 22 that
2238 2776 26 22 lie
2275 2776 40 23 has
2324 2777 66 22 made
2400 2784 103 21 arrange-

1915 2805 73 18 ments
2004 2802 35 22 for
2058 2809 13 14 a
2085 2806 104 19 constant
2206 2803 79 27 supply
2304 2804 25 21 of
2350 2803 38 22 the
2407 2804 97 22 choicest

1915 2828 101 23 varieties
2026 2828 26 23 of
2064 2829 48 27 fish,
2131 2830 73 22 which
2219 2832 28 20 he
2265 2830 139 28 confidently
2419 2838 85 16 recom-

1915 2855 78 22 mends
2003 2859 23 18 to
2036 2855 37 22 the
2082 2856 77 26 public
2169 2864 23 15 as
2199 2857 68 27 being
2275 2857 26 22 of
2311 2857 37 22 the
2356 2857 50 22 best
2411 2858 92 27 quality.

1943 2882 82 22 Orders
2034 2883 35 22 for
2079 2884 104 28 snipping
2192 2884 110 28 received,
2318 2884 46 22 and
2372 2885 131 27 punctually

1915 2909 106 22 attended
2030 2913 31 19 to.

2070 2945 99 14 OYSTERS
2183 2945 72 14 FRESH
2271 2945 77 15 DAILY.

1941 2970 64 28 Also,
2016 2978 14 15 a
2040 2972 79 28 supply
2130 2972 25 22 of
2169 2972 129 27 vegetables
2313 2972 62 23 fresh
2388 2973 58 22 from
2461 2973 39 22 the

1914 2998 84 27 garden
2009 2999 68 27 daily.

694 1934 170 24 LEDGERS,
880 1934 167 21 ACCOUNT
1061 1934 122 26 BOOKS,
1198 1935 44 21 &c.

673 1960 73 47 ON
762 1960 85 26 SALE,
864 1964 23 17 at
897 1960 37 22 the
946 1961 70 22 Office
1027 1961 27 22 of
1063 1960 40 22 the
1208 1962 54 21 Zea-

752 1987 54 22 land

698 2011 108 27 Ledgers,
818 2012 66 27 demy
896 2012 46 21 and
951 2012 106 28 foolscap.

699 2038 108 22 Journals
817 2038 44 22 and
873 2038 53 22 cash
936 2038 77 22 books.

699 2065 53 27 Day
762 2065 76 27 books,
849 2065 79 22 bound
936 2066 26 21 in
972 2065 91 22 vellum.
1198 2078 10 11 A

698 2092 110 28 Foolscap
818 2092 46 22 and
873 2096 81 24 quarto
964 2092 52 22 cash
1024 2092 45 23 and
1078 2096 99 19 account
1184 2093 79 27 books,

671 2118 52 23 half
733 2119 84 22 bound.

698 2146 107 28 Superior
814 2146 172 22 memorandum
998 2146 78 27 books,
1096 2145 88 24 various
1200 2146 64 23 sizes.

698 2172 88 23 Pocket
796 2172 75 27 books,

697 2200 138 23 Parchment
843 2200 80 22 bound
937 2200 44 21 and
991 2199 91 29 clasped
1092 2200 172 23 memorandum

671 2226 78 23 books.

699 2254 126 22 Portfolios.

698 2280 74 28 Large
782 2281 44 22 and
836 2280 66 23 small
912 2281 70 21 wafer
990 2280 64 23 seata.

699 2308 84 22 Patent
792 2308 86 21 wafers.

699 2336 107 26 Superior
815 2334 75 29 quills.

700 2361 72 23 Office
782 2369 42 21 pen
836 2362 87 22 knives.

699 2390 92 26 Sealing
801 2396 55 20 wax,
868 2393 44 18 two
923 2389 112 28 qualities.

699 2416 68 22 India
777 2416 87 22 rubber.

699 2443 50 22 Red
759 2443 45 22 and
812 2442 68 22 black
887 2443 49 27 ink,
946 2443 24 22 in
979 2442 92 29 powder
1080 2444 47 21 and
1136 2443 91 23 bottles.

699 2470 90 26 Rulers,
798 2470 90 21 various
897 2470 65 22 sizes.

699 2497 55 22 Best
763 2497 52 22 steel
826 2503 56 21 pens
892 2497 47 21 and
948 2497 115 21 losewood
1071 2496 99 23 holders.

699 2524 74 27 Large
782 2524 45 22 and
836 2524 66 22 small
912 2524 67 22 slates
993 2524 46 22 and
1047 2524 58 22 slate
1115 2524 93 29 pencils.

698 2551 52 22 Red
760 2555 57 24 tape,
829 2551 41 22 &c.
882 2552 40 21 &c.

671 2585 29 22 In
724 2585 39 22 the
786 2585 120 22 wholesale
924 2592 69 20 paper
1011 2584 144 28 department
1171 2583 46 24 will
1237 2583 28 23 be

794 2611 72 24 fcund
876 2619 30 15 an
917 2612 116 21 extensive
1042 2611 66 22 stock
1117 2612 27 21 of

699 2645 57 23 Fine
767 2645 45 23 laid
821 2649 58 24 pott,

698 2673 57 22 Fine
764 2673 62 22 thick
835 2680 64 14 wove
909 2675 80 25 quarto
997 2674 58 25 post,

697 2700 66 22 Ditto
817 2700 58 22 ditto
908 2704 80 18 octavo
998 2699 43 27 do.,

698 2728 119 27 Superfine
826 2734 63 15 wove
899 2729 79 26 quarto
988 2726 57 23 satin
1054 2729 59 26 post,

698 2755 65 22 Ditto
817 2754 58 22 ditto
902 2757 79 19 octavo
991 2753 65 28 ditto,
1064 2774 4 6 ,

697 2781 66 23 Ditto
773 2781 48 23 thin
830 2781 48 22 laid
887 2785 79 23 quarto
976 2779 62 28 ditto,

697 2809 66 22 Ditto
818 2808 58 22 ditto
886 2812 79 18 octavo
976 2807 62 27 ditto,

698 2835 117 29 Superfine
826 2835 64 28 large
904 2835 49 22 thin
965 2834 52 22 blue
1034 2841 64 15 wove
1112 2837 80 25 quarto
1205 2837 59 25 post,

670 2863 112 27 stamped,

699 2889 116 28 Superfine
822 2889 50 22 laid
880 2889 107 27 foolscap,

699 2915 73 28 Large
782 2915 49 22 thin
842 2919 81 24 quarto
932 2919 56 24 post,

699 2943 61 21 Note
769 2950 74 21 paper,

699 2970 81 22 Brown
789 2977 77 20 paper,
873 2969 104 28 imperial
986 2976 57 21 cap.,

699 2997 49 28 Bag
757 2997 62 26 ditto,

700 3024 63 22 Kent
772 3024 63 27 ditto,

699 3051 71 28 Royal
781 3051 68 28 hand,

699 3078 99 22 Lumber
807 3078 64 28 ditto,

698 3105 58 22 Blue
765 3105 73 28 demy,

697 3133 77 26 Demy
780 3133 98 26 blotting
884 3140 77 20 paper,

697 3159 91 22 Double
795 3167 83 19 crown,

697 3186 72 23 Small
777 3186 68 28 hand,

699 3214 87 26 Crown,

697 3240 77 23 Blank
782 3240 74 25 cards,
867 3240 41 22 &c.
920 3240 40 23 &c.
971 3240 41 23 &c.

2042 3053 195 22 BARRETT'S
2252 3054 124 21 HOTEL.

1916 3087 50 48 R
1993 3086 145 22 BARRETT
2152 3087 54 26 begs
2218 3090 22 19 to
2252 3087 83 22 inform
2345 3087 38 22 the
2393 3087 110 23 Colonists

1970 3124 11 10 •
2012 3113 26 21 of
2049 3113 54 22 Port
2112 3113 131 28 Nicholson,
2253 3113 50 23 thsft
2310 3113 37 23 the
2355 3114 69 22 above
2433 3113 70 23 Hotel

1913 3140 19 21 is
1940 3147 50 14 now
2001 3146 64 21 open,
2077 3140 45 22 and
2131 3143 69 19 trusts
2212 3141 31 27 by
2259 3141 111 27 affording
2385 3148 67 20 every
2466 3148 37 16 ac-

1915 3167 165 21 commodation
2089 3170 23 18 to
2123 3167 35 22 his
2167 3171 83 23 guests,
2261 3171 23 19 to
2294 3168 66 22 merit
2373 3174 12 15 a
2400 3168 104 22 continu-

1915 3200 54 15 ance
1980 3193 26 23 of
2016 3193 38 22 the
2068 3197 124 24 patronage
2207 3194 92 27 already
2313 3194 114 24 bestowed
2442 3202 42 21 upc

1914 3220 54 22 him.

1942 3254 84 27 Wines,
2042 3255 82 27 spirits,
2140 3255 42 28 ale,
2199 3255 46 23 and
2259 3258 84 26 porter,
2360 3256 26 22 of
2402 3255 36 23 the
2454 3256 50 23 best

1915 3281 92 28 quality.

1941 3315 38 21 An
1989 3314 106 29 ordinary
2103 3315 61 28 daily
2173 3319 25 19 at
2206 3319 43 19 two
2264 3316 94 22 o'clock.
2386 3316 56 22 Cold
2458 3316 46 22 ol-

1915 3342 73 22 ations
1999 3341 83 28 always
2091 3343 77 27 ready.
2200 3343 65 22 Good
2274 3343 62 23 beds.

1915 3396 69 22 THE
2009 3397 92 21 HOPE
2127 3398 133 22 COFFEE
2285 3399 55 21 and
2366 3399 136 21 EATING

2150 3425 122 22 HOUSE.

1917 3456 32 49 S
1983 3457 176 23 MARSHALL
2173 3458 54 28 begs
2245 3458 64 23 leave
2328 3461 24 20 to
2369 3458 80 23 inform
2468 3458 37 23 hi»

1955 3494 11 11 •
1997 3484 85 22 friends
2092 3485 46 22 and
2148 3485 38 22 the
2195 3486 76 27 public
2280 3486 23 21 in
2314 3486 97 27 general,
2420 3485 48 22 that
2475 3484 29 24 he

1914 3510 40 22 has
1964 3511 87 27 opened
2061 3511 37 22 the
2108 3512 71 22 above
2189 3512 76 28 house,
2274 3512 45 22 and
2326 3512 68 28 hopes
2403 3512 29 27 by
2441 3511 64 23 strict

1914 3537 110 22 attention
2035 3541 22 18 to
2068 3545 110 21 economy
2188 3539 44 22 and
2242 3539 93 28 quality,
2352 3539 49 22 that
2414 3538 30 23 he
2458 3538 47 24 will

1913 3564 87 22 receive
2011 3571 14 15 a
2034 3564 64 23 share
2110 3566 26 21 of
2147 3566 59 22 their
2215 3568 98 26 support.

1941 3597 49 22 Hot
2000 3597 72 28 joints
2082 3599 70 27 ready
2165 3599 58 22 from
2239 3601 26 20 12
2275 3599 34 22 till
2317 3601 22 20 2.
2367 3598 55 23 Cold
2432 3599 72 27 joints

1914 3623 82 28 always
2005 3625 77 28 ready.

1398 617 83 21 NEW
1496 618 168 21 ZEALAND
1678 617 105 22 FLAX.

1503 651 176 22 PROPOSALS

1297 683 43 23 For
1354 685 84 27 raising
1457 692 14 14 a
1489 685 147 27 subscription
1656 688 22 18 to
1696 685 87 21 reward
1798 685 39 21 the
1851 685 33 22 in-

1323 711 92 28 genuity
1422 711 27 22 of
1459 719 45 20 any
1513 719 82 20 person
1604 712 49 21 who
1663 711 55 22 shall
1729 711 78 22 invent
1818 718 13 14 a
1839 712 45 21 tool

1323 744 25 15 or
1360 738 112 27 machine,
1491 746 24 14 or
1526 738 100 22 discover
1636 745 13 15 a
1658 745 96 20 process,
1771 739 30 26 by
1811 738 73 22 which

1323 764 37 22 the
1370 764 128 25 phormium
1508 768 75 23 tenax,
1593 765 38 21 the
1642 764 134 27 indigenous
1785 765 97 26 produce

1324 791 27 21 of
1362 791 38 22 the
1408 791 88 22 Islands
1504 791 27 22 of
1542 791 56 22 New
1608 791 105 27 Zealand,
1729 798 52 20 may
1795 791 28 21 be
1833 798 50 15 ren-
1891 787 2 39 j

1323 817 68 22 dered
1400 818 108 22 available
1519 825 24 15 as
1559 826 29 14 an
1605 821 79 24 export
1699 819 34 21 for
1743 818 141 22 commercial
1891 827 2 23 j

1322 851 113 20 purposes,
1447 848 23 18 at
1478 852 14 14 a
1500 845 61 28 price
1572 845 46 21 and
1625 845 23 21 in
1657 852 14 14 a
1679 845 102 27 quantity
1792 848 22 18 to
1824 848 60 18 meet

1322 871 38 22 the
1370 871 98 22 demand
1475 872 23 21 in
1508 871 38 22 the
1557 871 119 26 European
1685 871 93 22 market.

1297 906 49 46 A
1362 904 145 23 MEETING
1523 912 44 15 was
1583 904 53 22 held
1649 907 23 19 at
1687 904 107 23 Barrett's
1806 904 76 28 Hotel,

1375 938 27 14 on
1415 932 109 26 Monday,
1541 931 38 22 the
1593 931 40 22 4th
1644 931 107 27 January,
1761 932 60 26 1841,
1834 931 46 22 Col.

1300 957 119 22 Wakefield
1427 958 24 21 in
1462 957 37 22 the
1510 958 67 27 chair,
1597 958 23 21 in
1630 965 125 20 pursuance
1769 958 26 21 of
1807 965 28 14 an
1845 958 39 21 ad-

1297 984 143 23 vertisement
1449 984 75 23 issued
1533 984 30 28 by
1572 984 86 22 several
1666 984 129 28 gentlemen
1804 984 80 28 deeply

1297 1010 120 27 impressed
1428 1011 52 22 with
1497 1012 39 21 the
1551 1011 166 27 indispensable
1734 1011 111 27 necessity
1861 1011 26 21 of

1297 1037 86 28 finding
1391 1045 61 15 some
1463 1038 70 28 staple
1543 1038 135 28 commodity
1689 1045 23 14 as
1722 1045 29 14 an
1762 1041 78 24 export
1850 1038 34 21 for

1296 1064 36 22 the
1343 1064 88 23 Islands
1441 1065 26 21 of
1477 1064 57 23 New
1543 1064 106 23 Zealand.
1684 1065 31 22 At
1724 1064 48 22 that
1781 1064 101 27 meeting

1297 1092 65 21 much
1372 1092 101 21 valuable
1483 1092 144 21 information
1637 1099 44 14 was
1696 1091 186 27 communicated,

1297 1118 44 21 and
1351 1119 95 26 samples
1457 1118 25 22 of
1492 1118 56 22 New
1559 1118 100 22 Zealand
1676 1118 46 21 flax
1739 1118 24 21 in
1780 1118 104 23 different

1297 1148 70 23 stages
1379 1146 25 20 of
1414 1145 141 28 preparation
1565 1153 58 14 were
1633 1144 120 26 exhibited,
1762 1144 45 23 and
1814 1153 14 14 a
1835 1152 50 20 pro-

1297 1172 94 21 visional
1401 1172 128 21 committee
1539 1179 45 14 was
1594 1171 126 32 appointed,
1733 1172 121 26 consisting
1862 1172 27 21 of

1296 1197 36 22 the
1343 1198 114 27 following
1473 1199 118 27 members,
1609 1198 110 22 intrusted
1735 1201 23 19 to
1772 1198 58 22 raise
1847 1198 37 22 the

1297 1231 116 21 necessary
1424 1226 159 27 subscriptions
1600 1229 22 18 to
1638 1232 63 20 carry
1715 1224 49 23 into
1774 1225 64 22 effect
1846 1225 38 22 the

1297 1251 73 33 object
1379 1252 115 28 proposed,
1506 1252 45 22 and
1560 1252 84 26 having
1654 1252 57 21 done
1725 1259 32 19 so,
1773 1255 22 18 to
1811 1254 74 25 report

1299 1279 145 27 t<rsa-general
1452 1280 101 26 meeting
1563 1279 26 21 of
1600 1278 141 23 subscribers.

1323 1320 108 15 MEMBERS
1446 1320 27 14 OP
1488 1320 44 14 THE
1548 1319 151 15 PROVISIONAL
1716 1319 141 15 COMMITTEE.

1459 1339 33 22 Dr
1511 1339 83 26 Evans,

1463 1367 94 26 Captain
1566 1365 97 27 Daniell,

1460 1393 22 21 J.
1493 1393 24 21 C.
1529 1393 120 26 Crawford,
1659 1392 62 28 Esq.,

1459 1419 23 22 J.
1493 1419 68 26 Watt,
1575 1420 58 27 Esq.,

1460 1446 35 22 W.
1508 1447 24 21 B.
1544 1446 97 27 Rhodes,
1652 1445 59 28 Esq.,

1459 1473 30 22 D.
1501 1473 68 26 Scott,
1581 1473 59 27 Esq.,

1460 1500 27 21 G.
1500 1500 97 27 Hunter,
1607 1500 61 26 Esq.,

1460 1526 31 23 H.
1504 1527 110 26 Moreing,
1626 1527 60 26 Esq.,

1459 1553 26 22 R.
1498 1553 28 22 D.
1539 1553 103 22 Hanson.
1652 1553 52 27 Esq.

1377 1587 35 22 W.
1428 1587 28 22 V.
1473 1587 96 26 Brewer,
1585 1586 60 28 Esq.,
1662 1586 123 26 Secretary.

1377 1614 89 27 George
1480 1613 98 27 Hunter,
1596 1613 58 28 Esq.,
1671 1613 127 22 Treasurer.

1322 1647 48 21 The
1387 1647 133 22 Committee
1536 1646 85 27 having
1637 1649 52 24 met,
1708 1646 83 22 submit
1807 1649 23 19 to
1847 1645 38 23 the

1296 1673 73 27 public
1386 1681 13 14 a
1415 1674 60 21 brief
1485 1673 143 28 explanation
1647 1673 26 21 of
1692 1672 37 22 the
1745 1673 75 27 object
1835 1680 51 20 pro-

1282 1695 1 27 !
1296 1699 74 28 posed,
1383 1701 45 21 and
1438 1701 112 26 earnestly
1560 1700 72 22 solicit
1642 1699 37 22 the
1689 1700 163 21 contributions
1862 1701 27 21 of

1296 1726 28 22 all
1336 1727 81 22 classes
1426 1731 23 17 to
1467 1734 13 14 a
1492 1728 88 30 project
1590 1734 23 14 so
1630 1726 80 28 deeply
1726 1726 105 28 affecting
1846 1726 39 22 the

1296 1754 123 27 prosperity
1430 1754 25 22 of
1466 1754 44 22 this
1519 1753 145 27 community.
1694 1753 102 22 Satisfied
1807 1760 23 15 as
1841 1753 44 22 this

1296 1780 133 22 Committee
1439 1788 45 19 are,
1497 1781 24 21 in
1538 1788 104 14 common
1659 1779 53 23 with
1727 1779 30 22 all
1772 1779 112 28 impartial

1296 1807 121 28 observers,
1428 1815 23 14 as
1459 1811 23 18 to
1490 1807 37 22 the
1537 1807 107 28 salubrity
1655 1807 26 21 of
1692 1807 36 21 the
1740 1806 88 22 climate
1838 1807 45 22 and

1296 1833 36 23 the
1350 1838 48 18 vast
1419 1834 144 27 agricultural
1584 1841 22 15 as
1628 1834 50 21 well
1694 1841 23 13 as
1740 1833 93 22 mineral
1851 1840 35 15 re-

1295 1868 88 15 sources
1391 1861 27 21 of
1429 1861 62 22 these
1501 1861 94 26 Islands,
1608 1864 23 18 to
1646 1868 39 19 say
1703 1860 95 27 nothing
1808 1861 25 21 of
1844 1860 38 22 the

1295 1887 98 23 fisheries
1410 1888 44 22 and
1471 1887 63 22 other
1548 1887 109 22 branches
1673 1887 25 21 of
1716 1887 103 27 industry
1837 1887 48 22 that

1295 1922 37 14 are
1340 1915 124 27 beginning
1473 1918 23 18 to
1506 1915 93 27 develop
1609 1914 139 25 themselves,
1760 1914 18 22 it
1788 1918 59 18 must
1856 1915 28 21 be

1281 1936 2 38 j
1295 1941 109 22 admitted
1412 1942 47 21 that
1471 1941 98 22 hitherto
1585 1941 36 21 the
1639 1941 154 27 expectations
1811 1944 73 18 enter-

1296 1968 74 22 rained
1381 1969 26 21 of
1417 1969 37 21 the
1470 1968 127 26 phormium
1613 1971 74 21 tenax,
1699 1974 24 14 as
1734 1975 11 13 a
1757 1967 69 26 staple
1837 1967 47 22 cal-

1281 2006 2 4 •
1294 1994 90 31 -plated
1393 1998 22 17 to
1420 1995 61 22 .rival
1491 1995 37 21 the
1545 1998 78 18 cotton.
1791 1993 44 22 and
1846 1994 44 22 the*

1398 2020 120 26 Australia,
1531 2019 56 22 have
1597 2023 40 18 not
1646 2020 57 21 been
1711 2018 103 22 realized.
1835 2020 49 22 The

1293 2045 79 23 failure
1381 2047 41 21 has
1432 2047 80 26 arisen,
1524 2050 40 18 not
1573 2047 56 21 from
1637 2053 45 20 any
1692 2046 192 33 disappointment

1292 2073 23 21 in
1325 2073 47 26 .the
1383 2074 112 27 -quantity
1515 2073 25 21 of
1561 2073 37 21 the
1613 2072 52 27 flax,
1685 2071 73 23 which
1775 2073 18 21 is
1812 2073 72 22 found

1292 2100 101 27 growing
1407 2099 174 28 spontaneously
1597 2099 23 22 in
1635 2107 68 18 every
1715 2103 50 23 part
1781 2099 26 21 of
1821 2099 63 23 these

1294 2125 87 23 Islands
1393 2134 28 14 on
1433 2134 66 20 every
1517 2127 133 26 description
1668 2127 25 21 of
1705 2126 47 26 soil,
1771 2133 41 15 nor
1825 2126 59 22 from

1294 2160 45 20 any
1348 2153 79 27 falling
1436 2154 33 22 off
1479 2154 24 21 in
1520 2153 38 22 the
1574 2153 99 28 growing
1689 2152 97 22 demand
1802 2153 34 21 for
1846 2154 38 21 the

1293 2178 45 35 |aw
1348 2181 107 24 material,
1466 2181 40 21 but
1514 2180 69 26 solely
1591 2180 58 22 from
1657 2181 37 21 the
1700 2180 156 27 impossibility
1863 2181 25 21 of

1292 2213 47 21 any
1347 2207 79 28 longer
1437 2207 117 26 obtaining
1564 2207 36 21 the
1617 2207 75 21 native
1708 2207 80 21 labour
1804 2214 79 15 neces-

1289 2230 57 31 sary
1356 2237 21 19 to
1388 2234 78 22 rendei
1480 2234 17 21 it
1504 2233 137 23 marketable
1650 2234 30 27 by
1691 2233 37 22 the
1738 2233 48 22 first
1795 2241 89 20 process

1294 2261 26 21 of
1329 2261 110 28 stripping
1449 2261 46 21 and
1504 2261 110 26 cleaning.

1320 2287 48 22 The
1386 2288 132 22 Committee
1535 2288 43 26 beg
1595 2291 22 17 to
1632 2290 78 25 repeat
1727 2286 157 29 emphatically

1294 2313 50 23 that
1354 2314 37 22 the
1402 2315 53 26 only
1472 2315 147 27 impediment
1628 2317 23 19 to
1668 2313 36 22 the
1724 2317 78 28 export
1817 2314 26 21 of
1855 2321 29 15 an

1294 2342 78 21 article
1383 2341 73 23 which
1466 2348 71 20 grows
1549 2341 51 22 wild
1609 2348 59 20 upon
1685 2340 38 22 the
1735 2340 91 27 highest
1832 2341 52 21 hills

1293 2368 44 22 and
1347 2369 23 21 in
1381 2369 38 21 the
1430 2369 90 27 deepest
1530 2375 100 20 swamps,
1648 2367 74 21 which
1731 2367 24 22 in
1765 2368 28 21 its
1804 2372 79 18 nature

1292 2395 19 21 is
1318 2402 14 14 a
1337 2395 122 28 perennial,
1464 2395 115 28 requiring
1583 2394 55 22 little
1644 2402 62 14 more
1713 2395 110 21 attention
1830 2394 54 22 than

1294 2421 36 23 the
1340 2422 120 28 periodical
1470 2423 87 26 cutting
1567 2422 63 22 down
1637 2429 4 18 ;
1654 2421 72 22 which
1734 2428 52 24 may
1794 2421 29 22 be
1831 2428 54 15 con-

1293 2449 87 22 sidered
1393 2457 24 14 as
1433 2449 125 28 producing
1575 2449 56 21 after
1647 2448 30 22 all
1694 2447 131 23 deductions
1839 2449 46 21 and

1290 2475 71 26 Josses
1372 2484 29 14 an
1412 2483 94 20 average
1517 2476 27 22 of
1553 2477 26 24 2$
1590 2479 50 18 tons
1656 2482 40 21 per
1713 2482 50 14 acre
1779 2475 25 21 of
1814 2475 70 23 avail-

1294 2503 49 21 able
1353 2503 62 28 fibre,
1426 2503 82 22 valued
1518 2506 24 18 at
1548 2503 46 22 £15
1604 2510 40 20 per
1654 2506 39 17 ton
1701 2501 66 23 when
1776 2503 109 26 prepaied

1294 2529 34 22 for
1335 2530 112 27 shipment
1447 2543 28 3 —
1476 2531 18 20 is
1502 2529 37 22 the
1548 2532 58 19 want
1613 2529 25 22 of
1645 2536 61 15 some
1715 2529 52 26 tool,
1774 2529 110 28 machine,

1294 2564 24 14 or
1328 2564 95 20 process,
1435 2557 35 21 for
1479 2556 38 22 the
1527 2555 137 23 economical
1674 2555 155 28 performance
1840 2557 27 21 of
1873 2564 13 14 a

1294 2591 54 20 very
1357 2584 78 27 simple
1445 2584 50 21 task
1505 2583 72 22 which
1584 2583 40 22 has
1631 2583 96 21 hitherto
1735 2583 58 21 been
1800 2590 86 15 sucess-

1294 2610 56 28 fully
1360 2611 164 26 accomplished
1534 2611 31 26 by
1574 2610 38 22 the
1619 2610 56 22 New
1686 2609 101 23 Zealand
1796 2616 88 16 women

1293 2637 29 28 by
1334 2637 36 23 the
1383 2638 36 21 aid
1429 2638 26 21 of
1467 2645 13 14 a
1489 2637 160 22 muscle-shell.

1320 2665 48 22 The
1379 2665 134 22 Committee
1524 2667 83 19 cannot
1615 2663 85 22 believe
1711 2663 49 22 that
1774 2663 111 28 anything

1294 2698 61 15 more
1374 2692 20 22 is
1413 2692 106 27 requisite
1537 2694 22 19 to
1576 2691 78 27 supply
1671 2690 45 22 this
1725 2693 61 19 want
1796 2691 55 21 than
1861 2694 23 18 to

1292 2717 71 24 invite
1382 2719 37 22 the
1439 2719 111 21 attention
1569 2718 25 22 of
1611 2718 118 27 ingenious
1752 2724 93 20 persons
1860 2717 24 22 in

1294 2745 89 28 Europe
1402 2745 45 22 and
1465 2746 24 21 in
1508 2745 62 22 these
1588 2745 98 22 colonies
1703 2748 21 17 to
1742 2743 38 22 the
1790 2744 94 27 subject.

1293 2771 64 29 They
1360 2780 102 20 propose,
1470 2772 117 27 therefore,
1593 2775 23 18 to
1621 2771 54 22 offer
1680 2778 12 14 a
1699 2771 86 21 reward
1790 2771 33 21 for
1829 2771 55 22 such

1294 2805 29 16 an
1341 2799 117 22 invention
1478 2806 25 15 or
1522 2799 127 27 discovery;
1667 2798 84 27 feeling
1771 2797 114 22 confident

1294 2826 48 21 that
1351 2826 39 23 the
1409 2826 115 23 Directors
1536 2826 26 21 of
1571 2826 38 21 the
1628 2825 57 22 New
1704 2824 99 22 Zealand
1818 2824 66 22 Com-

1294 2860 59 21 pany
1372 2853 46 23 and
1438 2852 63 23 other
1517 2852 85 23 friends
1618 2852 24 22 in
1659 2851 105 28 England
1782 2851 45 22 will
1847 2859 37 14 co-

1294 2884 90 23 operate
1395 2880 52 22 with
1457 2880 61 22 them
1529 2880 23 21 in
1563 2879 146 28 augmenting
1718 2879 39 21 the
1773 2878 111 28 subscrip-

1293 2907 55 27 tion,
1359 2907 46 22 and
1414 2907 50 22 that
1473 2906 37 23 the
1520 2907 117 27 Company
1647 2906 44 21 will
1704 2905 124 22 undertake
1845 2906 39 21 the

1293 2934 82 28 special
1395 2934 55 28 duty
1461 2934 23 21 of
1496 2934 93 26 making
1605 2933 82 22 known
1708 2932 37 23 the
1755 2932 87 27 subject
1860 2940 24 14 as

1286 2961 88 27 .widely
1384 2969 25 14 as
1417 2961 97 28 possible
1524 2960 24 23 in
1558 2960 94 28 Europe,
1664 2959 46 22 and
1719 2960 27 21 of
1756 2959 128 28 promoting

1293 2988 44 22 and
1355 2988 126 27 rewarding
1499 2988 38 22 the
1562 2987 150 29 experiments
1732 2986 25 22 of
1775 2986 109 22 scientific

1292 3022 60 15 men.

1319 3042 48 23 The
1388 3042 132 22 Committee
1536 3040 59 23 need
1604 3044 40 18 not
1652 3040 64 21 insist
1725 3047 60 20 upon
1796 3039 39 22 the
1845 3039 39 23 ob-

1283 3065 72 26 Svious
1374 3069 46 22 fact
1438 3069 49 22 that
1503 3068 38 22 the
1557 3068 136 26 landowner,
1710 3066 38 22 the
1758 3066 124 27 merchant,

1283 3090 47 30 hhe
1341 3096 123 26 mechanic,
1476 3095 46 22 and
1532 3095 30 22 all
1571 3094 64 23 other
1642 3093 146 28 descriptions
1795 3093 27 22 of
1831 3100 53 20 per-

1283 3122 62 33 sons
1354 3123 24 22 in
1390 3123 37 22 the
1437 3122 134 26 settlement,
1583 3129 36 14 are
1629 3120 122 23 interested
1760 3120 23 22 in
1793 3120 90 28 provid-

1283 3143 49 34 ing
1348 3150 49 21 that
1414 3149 80 28 which,
1514 3149 21 22 if
1556 3148 112 26 obtained,
1687 3147 45 22 will
1750 3152 56 17 rank
1825 3147 57 22 New

1412 3183 84 21 among
1511 3176 63 21 those
1591 3174 96 27 wealthy
1703 3174 98 22 colonies
1810 3173 74 22 which

1285 3199 2 36 [
1294 3203 79 28 Supply
1390 3203 38 22 the
1442 3203 89 22 mother
1546 3205 93 24 country
1647 3200 52 23 with
1710 3200 38 22 the
1758 3207 44 15 raw
1811 3203 73 19 mate-

1283 3230 51 22 rrial
1344 3231 27 21 of
1381 3230 64 23 those
1455 3230 166 22 manufactures
1630 3235 61 21 upon
1701 3227 73 22 which
1783 3227 28 22 its
1821 3234 63 20 pros-

1283 3253 90 34 perity,
1384 3257 21 22 if
1416 3260 40 19 not
1463 3257 29 22 its
1503 3256 119 26 existence,
1633 3262 49 15 now
1694 3253 105 28 depends.

1283 3281 2 25 !
1322 3284 163 28 Subscriptions
1504 3290 38 15 are
1558 3286 21 18 to
1596 3282 28 22 be
1638 3281 53 28 paid
1699 3281 49 21 into
1758 3280 37 22 the
1805 3280 78 22 Union

1283 3307 82 36 $3ank,
1384 3311 24 22 in
1427 3310 39 23 the
1484 3317 67 16 name
1570 3310 27 21 of
1606 3308 38 23 the
1663 3308 120 22 Treasurer
1802 3310 23 19 to
1845 3307 38 22 the

1283 3337 161 25 .-Association.

1283 3366 4 11 :
1464 3370 149 17 SUBSCRIBERS
1628 3369 83 15 NAMES.

1294 3399 35 22 W.
1339 3399 133 22 Wakefield.
1487 3399 13 21 5
1528 3399 14 20 5
1569 3396 55 23 OH.
1633 3395 36 22 W.
1679 3395 66 23 Petre
1750 3411 4 5 .
1762 3411 5 5 .
1785 3397 13 19 5
1828 3397 12 19 5
1870 3397 14 20 0

1294 3425 28 23 G.
1334 3427 23 21 S.
1370 3426 85 22 Evans.
1463 3425 36 21 .5
1528 3425 14 21 5
1569 3423 58 23 OM.
1638 3422 101 28 Murphy
1750 3423 134 21 ..220

1294 3452 31 23 H.
1337 3453 106 27 Moreing
1450 3467 6 6 .
1464 3467 4 6 .
1487 3452 13 21 5
1529 3452 13 21 5
1569 3450 60 23 OW.
1638 3449 29 22 V.
1675 3449 96 23 Brewer.
1786 3451 14 20 2
1828 3451 15 19 2
1870 3451 14 20 0

1294 3479 29 22 D.
1334 3479 95 22 Sinclair
1451 3479 132 21 ..550
1595 3477 74 22 David
1678 3477 63 21 Scott
1750 3477 134 21 ..550

1294 3506 24 23 F.
1339 3507 30 21 A.
1390 3506 85 22 Moles-
1595 3504 29 22 H.
1636 3504 32 21 St.
1680 3503 48 22 Hill
1751 3503 133 21 ..550

1320 3533 72 22 worth
1487 3533 13 21 5
1529 3533 13 21 5
1569 3531 52 22 OR.
1631 3530 31 22 D.
1677 3530 95 22 Hanson
1786 3530 13 20 5
1828 3529 13 21 5
1870 3531 14 20 0

1296 3561 27 20 A.
1334 3560 66 25 Hort,
1414 3560 85 27 jun.s
1527 3559 12 21 5
1568 3560 15 20 0
1591 3569 29 5 —
1630 3556 76 22 Wicks
1709 3556 62 22 tead.
1786 3557 13 20 5
1828 3556 13 21 5
1870 3558 14 20 0

1294 3587 36 21 W.
1342 3587 27 21 B.
1383 3587 91 21 Rhodes
1593 3584 36 22 W.
1640 3583 33 23 M.
1685 3583 73 22 Smith
1766 3583 118 21 .550

1320 3614 47 21 and
1375 3613 31 22 Co
1487 3614 14 20 5
1529 3613 12 21 5
1569 3613 14 20 0
1593 3610 62 22 T.M.
1658 3609 113 27 Partridge
1786 3609 12 21 5
1827 3609 13 21 5
1869 3611 13 20 6

1294 3640 80 27 Henry
1376 3639 97 23 Shuttle-
1555 3651 7 5 ♦
1593 3638 21 22 S.
1626 3637 35 22 Re
1663 3643 77 15 vans..
1750 3651 17 5 ..
1786 3636 12 21 5
1827 3637 13 19 5
1870 3638 14 20 0

1320 3667 70 22 worth
1486 3667 14 20 5
1527 3665 14 21 5
1568 3667 14 19 0
1593 3663 177 23 J.andG.Wade
1785 3663 13 21 5
1826 3663 14 21 5
1868 3665 15 19 0

1294 3694 20 21 J.
1326 3694 25 22 C.
1360 3693 113 23 Crawford
1487 3694 13 20 5
1528 3693 13 20 5
1568 3694 14 20 0
1593 3691 52 27 Hay
1657 3690 44 22 and
1709 3690 63 22 Mac-

1293 3721 119 27 Ridgways
1427 3720 46 22 and
1619 3717 70 23 hattie
1786 3716 12 21 5
1827 3716 14 21 5
1870 3718 13 19 0

1320 3748 31 22 Co
1485 3747 14 21 5
1528 3747 12 20 5
1568 3745 46 22 OJ.
1626 3745 82 21 Dorset
1722 3757 44 7 ....
1785 3743 13 21 5
1827 3743 13 21 5
1870 3745 13 19 0

1292 3774 26 22 E.
1328 3774 93 23 Daniell
1450 3773 133 21 ..550

1292 3801 181 22 Waters&Smith
1487 3801 14 20 5
1529 3800 12 21 5
1569 3801 13 19 0
1738 3797 59 22 £130
1826 3798 14 20 4
1868 3799 13 19 0

1281 3840 2 6 .
1292 3827 73 23 Willis
1376 3828 44 21 and
1432 3827 39 22 Co.
1485 3828 13 20 5
1527 3827 12 21 5
1567 3827 15 21 0

673 3294 73 49 ON
762 3294 85 27 SALE,
864 3301 29 15 ex

755 3322 27 21 40
792 3322 55 26 bags
856 3322 51 21 best
917 3321 97 23 colonial
1021 3321 67 27 flour,

752 3350 15 19 2
780 3348 81 22 tierces
869 3348 101 27 tobacco,

754 3376 10 21 1
775 3374 51 23 bale
836 3374 42 23 sail
887 3382 101 20 canvass,

753 3403 27 21 60
793 3402 75 28 pieces
882 3402 67 28 fancy
960 3402 78 28 prints,

753 3430 14 20 4
781 3436 62 15 cases
854 3429 67 27 slops.

822 3455 56 22 And
896 3456 31 28 by
944 3456 45 22 late
1010 3456 100 27 arrivals,

755 3484 25 21 10
884 3482 72 28 hyson
973 3483 50 23 skin
1040 3487 45 23 tea,

753 3511 27 22 50
793 3510 70 22 boxes
882 3510 95 23 London
992 3517 62 21 soap,

753 3538 13 21 5
781 3540 51 19 tons
847 3536 119 28 Liverpool
981 3537 48 27 salt,

752 3565 14 21 3
780 3564 56 21 ditto
850 3564 79 21 brown
943 3571 72 20 sugar,

752 3592 14 21 6
779 3590 55 27 kegs
848 3591 101 27 superior
958 3591 99 27 tobacco,

751 3620 14 19 6
781 3621 47 20 cwt.
845 3618 138 28 gunpowder
996 3618 23 21 in
1035 3618 116 27 canisters,

751 3646 28 21 20
793 3644 56 28 kegs
862 3644 100 23 assorted
979 3645 64 27 nails,

752 3672 27 22 50
793 3671 56 28 kegs
862 3672 58 21 ditto
937 3672 81 28 paints,

752 3700 13 20 2
779 3698 66 23 hhds.
859 3699 66 27 paint
942 3698 37 27 oil,

753 3726 39 21 100
807 3725 49 22 doz.
876 3726 114 22 Dunbar's
1007 3724 89 23 bottled
1110 3725 43 27 ale,

752 3753 37 21 An
798 3752 117 23 extensive
920 3755 135 19 assortment
1061 3752 26 22 of
1092 3752 169 28 ironmongery,

752 3778 67 23 Paint
830 3778 102 28 brushes,
944 3779 40 22 &c.
1000 3779 41 22 &c.
1057 3780 40 21 &c.

969 3805 83 22 Waitt
1068 3805 45 22 and
1127 3805 108 22 Tinline.

697 3832 54 22 Port
759 3832 133 26 Nicholson,
904 3832 55 22 Dec.
971 3834 32 24 10,
1020 3834 62 20 1840.

103 617 84 23 NEW
207 617 172 21 SSEALAND
398 615 185 21 COMPANY.

48 652 96 28 Capital,
158 651 120 27 £100,000,
293 650 23 21 in
327 650 55 21 4000
391 649 82 22 Shares
483 648 26 23 of
518 648 47 23 £25
576 647 65 29 each,

276 676 29 23 all
316 676 52 28 paid
377 683 38 20 up.

165 711 103 17 Governor:
283 711 39 17 The
330 711 57 16 Earl
394 714 24 13 op
426 707 101 20 Durham.'

144 738 174 22 Deputy-Governor
323 743 5 11 :
339 738 75 16 Joseph
421 737 72 20 Somxi,
502 736 42 22 Esq.

288 769 109 13 directors
403 770 4 11 :

134 794 90 16 Viscount
231 793 87 21 Ingestre,
328 793 52 19 M.P.,

135 814 46 18 Lord
189 814 60 19 Petre,

134 835 62 21 Henry
205 835 22 17 A.
235 834 95 21 Aglionby,
339 834 49 21 Esq..
395 834 55 20 M.P.,
478 852 3 3 ,

134 856 50 17 Hon.
190 854 75 18 Francis
273 855 72 21 Baring,
353 855 54 19 M.P.,

133 877 48 17 John
188 876 85 18 Ellorker
280 876 89 18 Boulcott,
382 876 47 21 Esq.,

134 897 48 18 John
189 897 82 17 William
278 897 75 19 Buckle,
359 897 49 21 Esq.,

135 918 73 18 Russell
217 918 63 19 Ellice,
289 918 48 21 Esq.,

134 940 62 16 James
204 939 67 17 Robert
280 939 71 19 Gowen,
360 938 48 20 Esq.,

134 960 48 17 John
189 960 56 18 Hine,
254 959 48 20 Esq.,

134 979 80 19 William
222 979 53 18 Hutt,
285 979 48 20 Esq.,

134 1001 76 17 Stewart
217 1000 130 19 Majoribanks,
359 999 48 21 Esq.,

132 1021 105 19 Alexander
245 1020 62 20 Nairn,
317 1020 48 21 Esq.,

132 1043 49 19 John
187 1041 56 20 Pirie,
252 1041 49 20 Esq.,
309 1041 103 18 Alderman,

130 1064 31 20 otr
168 1062 69 21 George
245 1062 82 19 Sinclair,
335 1061 56 19 Bart.,
400 1061 52 20 M.P.,

129 1078 51 24 John
187 1083 47 17 Abel
241 1083 65 19 Smith,
315 1083 48 20 Esq.,
375 1082 53 19 M.P.,

125 1104 55 17 ~Wm.
192 1104 112 20 Thompson,
320 1103 47 20 Esq.,
382 1103 105 17 Alderman,
502 1102 52 19 M.P.,

132 1125 49 17 Hon.
189 1124 98 17 Frederick
294 1123 37 18 Jas.
339 1124 120 19 Tollemache,
470 1123 52 19 M.P.,

133 1146 77 17 Edward
219 1146 21 17 G.
248 1144 104 19 Wakefleld,
358 1145 38 20 Esq
403 1155 4 9 ,

133 1168 28 16 Sir
169 1167 64 19 Henry
241 1166 61 19 Webb,
313 1166 55 20 Bart.,

132 1188 70 17 Arthur
209 1187 66 19 Willis,
283 1187 49 20 Esq.,

135 1209 68 20 George
211 1208 98 17 Frederick
318 1207 70 21 Young,
396 1207 44 21 Esq.

195 1236 103 19 Secretary:
311 1235 52 16 Joks
372 1234 69 18 Ward,
450 1234 42 20 Esq.

48 1264 92 51 THE
149 1262 62 23 main
221 1263 98 21 features
327 1262 26 21 of
358 1261 38 22 the
404 1267 84 21 system
496 1261 26 22 of
528 1261 114 22 coloniza-

123 1291 47 22 tion
181 1288 98 26 adopted
288 1288 30 28 by
328 1288 39 23 the
379 1289 123 27 Company,
520 1295 44 19 are,
567 1300 31 4 —
601 1289 39 26 Ist,

47 1319 38 22 the
95 1317 47 24 sale
151 1317 26 22 of
187 1316 74 27 lands,
275 1319 23 18 at
312 1323 28 14 an
356 1316 99 21 uniform
469 1315 46 22 and
528 1315 114 22 sufficient

47 1345 73 30 price;
138 1344 45 22 and
196 1343 78 27 2ndly,
291 1342 37 22 the
344 1342 154 28 employment
513 1342 26 21 of
551 1349 14 14 a
578 1342 63 26 large

46 1372 89 28 portion
146 1371 25 22 of
177 1370 39 22 the
225 1369 211 28 purchase-money,
448 1377 23 14 as
481 1376 29 15 an
521 1368 120 28 Immigra-

47 1400 46 21 tion
104 1396 71 25 Fund.
207 1397 29 22 In
247 1396 62 22 these
318 1400 105 24 respects,
440 1396 38 21 the
487 1396 121 27 principles
619 1396 25 21 of

47 1425 70 25 South
131 1424 115 23 Australia
260 1423 58 22 have
333 1423 57 22 been
405 1422 105 23 followed
522 1430 25 14 as
561 1422 79 28 nearly

45 1461 24 14 •s
89 1453 174 21 circumstances
279 1450 80 27 would,
380 1450 23 22 in
417 1450 39 22 the
474 1453 91 24 present
581 1457 58 20 case,

48 1480 88 28 permit.

72 1506 48 22 The
135 1504 73 28 grand
222 1504 75 27 object
313 1503 26 22 of
353 1503 38 22 the
407 1511 57 19 new,
478 1510 25 15 or
514 1503 125 28 improved,

46 1538 84 23 system
140 1532 26 22 of
175 1532 40 22 the
226 1531 97 28 disposal
337 1531 28 22 of
381 1530 97 23 colonial
491 1530 72 27 lands,
581 1531 19 22 is
617 1535 23 18 to

45 1560 100 28 regulate
161 1560 37 21 the
214 1558 80 28 supply
310 1558 26 22 of
352 1565 49 15 new
417 1557 61 27 land,
494 1556 30 28 by
540 1558 38 21 the
593 1558 47 22 real

46 1591 70 18 wants
129 1586 25 22 of
168 1586 39 22 the
223 1586 118 26 Colonists,
358 1592 24 15 so
396 1584 51 23 that
461 1585 36 21 the
513 1585 54 22 land
583 1584 57 23 shall

45 1621 69 15 never
132 1613 28 22 be
178 1613 73 22 either
269 1612 192 28 superabundant,
482 1619 26 14 or
526 1612 112 27 deficient,

45 1641 72 21 either
132 1643 36 19 too
186 1640 79 28 cheap,
283 1646 25 15 or
327 1642 37 18 too
383 1639 60 22 dear.
482 1639 23 22 It
521 1638 41 23 has
581 1639 58 22 been

45 1668 77 22 shown
133 1666 48 23 that
190 1666 39 23 the
240 1665 43 23 due
295 1666 131 28 proportion
441 1666 102 21 between
558 1666 82 28 people

45 1694 45 23 and
98 1693 55 23 land
158 1701 53 20 may
216 1694 29 21 be
252 1693 129 27 constantly
387 1692 93 23 secured
487 1693 29 27 by
523 1692 117 23 abandon-

43 1722 41 26 ing
94 1722 38 21 the
142 1720 37 23 old
189 1724 84 24 system
285 1720 26 21 of
322 1727 97 19 grants,
430 1720 45 21 and
485 1720 116 28 requiring
610 1727 28 15 an

45 1748 99 23 uniform
154 1748 61 27 price
226 1755 40 21 per
275 1754 57 20 acre,
348 1747 34 22 for
392 1746 29 23 all
431 1754 49 15 new
490 1746 72 26 lands,
575 1747 65 22 with-

46 1779 39 19 out
95 1775 127 27 exception.
252 1774 25 21 If
288 1774 37 21 the
335 1774 61 27 price
407 1774 28 21 be
450 1777 40 19 not
503 1777 37 18 too
555 1774 52 26 low,
622 1774 19 22 it

45 1802 74 22 deters
129 1801 137 28 speculators
275 1800 59 22 from
349 1800 118 28 obtaining
480 1801 61 26 land,
557 1801 54 22 with
627 1809 13 14 a

45 1830 56 21 view
112 1833 22 17 to
144 1828 91 27 leaving
244 1827 58 22 their
311 1832 106 23 property
426 1828 22 21 in
461 1835 13 14 a
485 1827 75 22 desert
572 1831 66 25 state,

45 1856 45 22 and
105 1856 51 21 thus
169 1857 108 25 prevents
287 1854 108 27 injurious
406 1854 122 28 dispersion
535 1863 6 17 ;
556 1855 19 21 it
584 1855 54 27 also,

45 1883 30 28 by
85 1882 138 28 compelling
230 1889 68 19 every
304 1881 106 22 labourer
417 1885 23 18 to
448 1882 59 21 work
515 1882 35 21 for
558 1889 80 21 wages,

46 1910 56 22 until
113 1910 27 22 he
151 1909 41 22 has
201 1908 70 22 saved
285 1909 36 21 the
333 1908 54 28 only
397 1916 78 14 means
485 1909 26 21 of
523 1909 118 27 obtaining

44 1936 62 27 land,
116 1937 89 21 insures
220 1943 13 14 a
247 1935 81 27 supply
344 1936 26 20 of
380 1936 79 21 labour
473 1936 35 20 for
523 1936 56 21 hire.
608 1936 30 27 If,

45 1971 29 15 on
85 1963 38 22 the
133 1962 65 23 other
207 1962 69 26 hand,
293 1962 37 21 the
339 1962 62 26 price
410 1962 28 21 be
448 1967 40 17 not
498 1966 36 17 too
545 1962 62 27 high,
622 1963 19 21 it

45 1990 86 22 neither
140 1990 107 21 confines-
252 1988 228 21 these£tlers*withm
495 1995 14 15 ix
519 1995 71 19 x&zrg
604 1990 36 23 in-

46 2016 159 25 conveniently
221 2021 95 19 narrow,
332 2021 43 14 nor
389 2015 55 20 does
458 2014 17 21 it
490 2017 97 24 pi-event
602 2010 37 26 the

46 2042 77 27 thrifty
137 2041 105 22 labourer
257 2040 57 21 from
329 2040 120 28 becoming
464 2048 13 14 a
488 2040 150 28 land-owner,

47 2070 57 21 after
224 2075 63 14 some
296 2068 55 21 time
361 2067 36 22 for
406 2074 81 20 wages.

75 2097 20 21 A
113 2095 118 27 sufficient,
249 2095 42 21 but
309 2097 40 18 not
368 2101 63 14 more
450 2094 53 22 than
524 2094 117 22 sufficient

46 2122 61 28 price
118 2123 33 21 for
165 2122 29 21 all
208 2129 50 14 new
273 2121 61 27 land,
350 2122 20 21 is
384 2121 38 22 the
438 2122 61 21 main
515 2122 86 22 feature
617 2121 28 22 of

47 2150 37 22 the
103 2157 48 14 new
166 2153 84 23 system
266 2149 27 21 of
309 2148 158 22 colonization.
501 2148 22 22 It
539 2148 101 22 obviates

47 2183 67 20 every
124 2183 85 21 species
224 2176 27 21 of
264 2174 103 28 bondage
374 2183 5 18 ;
398 2175 32 27 by
444 2176 120 27 providing
579 2183 62 14 com-

47 2203 87 23 binable
144 2203 85 26 labour,
240 2203 19 21 it
267 2202 93 22 renders
368 2202 103 28 industry
479 2209 55 21 very
543 2202 97 28 produc-

47 2231 50 25 tive,
109 2230 44 22 and
162 2229 123 23 maintains
294 2229 55 22 both
358 2229 56 27 high
429 2237 79 19 wages,
525 2229 47 22 and
586 2229 54 27 high

47 2257 87 28 profits;
154 2257 20 21 it
189 2256 78 22 makes
287 2256 36 22 the
342 2256 83 27 colony
441 2263 23 14 as
481 2256 117 22 attractive
615 2264 26 14 as

45 2284 102 28 possible,
163 2283 56 21 both
234 2287 23 17 to
273 2283 122 27 capitalists
411 2282 46 22 and
471 2286 23 18 to
508 2283 116 22 labourers
633 2291 6 19 ;

47 2311 44 21 and
101 2315 40 18 not
148 2310 86 27 merely
245 2313 22 18 to
278 2310 69 26 these,
361 2310 41 21 but
412 2310 53 27 also,
475 2310 31 27 by
515 2310 126 27 bestowing

46 2344 28 16 on
91 2337 36 23 the
139 2337 87 27 colony,
244 2336 39 22 the
292 2337 75 21 better
381 2337 117 21 attributes
514 2337 26 21 of
558 2344 29 14 an
603 2337 38 22 old

45 2365 91 27 society,
146 2369 23 17 to
179 2364 63 22 those
250 2364 50 21 who
307 2364 58 21 have
372 2371 14 13 a
393 2364 91 21 distaste
492 2364 35 21 for
533 2364 61 21 what
599 2364 42 22 has

45 2390 124 24 heretofore
179 2391 59 22 been
248 2390 38 22 the
301 2390 113 29 primitive
425 2390 115 23 condition
551 2391 28 22 of
589 2398 51 15 new

47 2419 104 22 colonies.

72 2445 48 23 The
129 2448 63 25 great
202 2445 75 27 object
286 2445 26 21 of
323 2444 37 22 the
370 2444 61 28 price
440 2444 19 22 is
471 2448 23 18 to
508 2452 80 15 secure
601 2444 39 23 the

47 2477 58 17 most
113 2472 108 22 desirable
231 2472 143 27 proportions
382 2471 101 23 between
498 2471 81 28 people
593 2472 46 22 and

45 2498 66 27 land;
126 2499 41 23 but
177 2499 37 22 the
224 2499 54 27 plan
288 2498 41 22 has
338 2498 37 22 the
384 2498 85 22 further
476 2499 72 21 result
555 2499 27 22 of
587 2506 53 21 pro-

47 2525 82 28 ducing
138 2534 14 14 a
160 2533 108 19 revenue,
284 2525 72 22 which
372 2525 46 22 will
433 2529 40 19 not
488 2526 54 27 only
558 2527 81 27 supply

47 2552 37 23 the
96 2553 105 28 requisite
215 2551 68 30 profit
297 2557 23 17 to
335 2553 37 21 the
388 2552 155 23 shareholders
559 2553 25 22 of
600 2553 39 22 the

48 2580 120 27 Company,
193 2580 41 22 but
257 2579 112 23 furnishes
392 2579 38 23 the
452 2587 79 15 means
550 2580 35 22 for
608 2588 30 14 an

48 2606 154 28 Immigration
212 2606 73 28 Fund,
287 2619 31 5 —
320 2614 12 14 a
339 2606 57 22 fund
404 2607 127 28 constantly
539 2607 100 28 applica-

46 2633 36 23 ble
99 2637 21 19 to
135 2633 39 23 the
190 2641 96 20 purpose
302 2633 27 22 of
341 2634 107 27 bringing
461 2634 81 22 labour
559 2638 23 18 to
599 2634 39 23 the

47 2660 110 28 colony—
158 2661 50 21 that
221 2661 26 26 is,
264 2661 23 21 in
305 2660 95 27 causing
416 2661 37 21 the
469 2661 51 21 best
538 2668 57 16 sort
615 2662 27 22 of

47 2687 148 23 colonization
205 2691 23 18 to
237 2687 98 28 proceed
344 2691 23 18 at
377 2688 38 22 the
428 2691 99 24 greatest
539 2689 97 26 possible

45 2718 54 19 rate.
127 2715 55 23 And
189 2715 45 22 this
240 2716 19 21 is
267 2715 37 22 the
311 2715 85 22 second
405 2715 86 22 feature
502 2715 26 22 of
540 2715 39 23 the
588 2723 50 15 new

46 2745 89 24 system.

71 2775 47 22 The
128 2776 155 28 employment
292 2776 26 21 of
333 2775 39 22 the
385 2775 213 28 purchase-money,
614 2783 25 14 or

45 2800 38 24 the
92 2802 109 28 principal
211 2806 51 24 part
270 2802 26 23 of
307 2802 23 26 it,
342 2802 23 22 in
376 2803 127 27 conveying
512 2803 88 22 settlers
615 2807 23 18 to

46 2828 37 23 the
94 2829 86 28 colony,
191 2829 41 22 has
241 2829 39 22 the
289 2829 116 28 following
415 2830 83 21 effects.
528 2830 23 21 It
560 2830 78 22 makes

46 2854 37 23 the
97 2856 132 28 purchasers
244 2856 26 22 of
285 2856 56 21 land
354 2863 37 15 see
406 2856 93 28 plainly,
514 2856 51 22 that
579 2856 60 23 their

47 2889 80 22 money
135 2884 45 21 will
191 2884 28 21 be
228 2882 109 23 returned
345 2882 24 23 in
383 2882 39 22 the
435 2884 69 26 shape
518 2883 26 21 of
558 2883 82 22 labour

47 2909 44 23 and
99 2910 139 28 population.
267 2910 23 21 It
298 2909 74 27 tends,
386 2910 24 21 in
421 2910 52 27 fact,
489 2913 23 18 to
520 2909 70 22 lower
600 2910 39 21 the

46 2943 117 21 necessary
181 2936 109 22 standard
308 2936 27 22 of
349 2936 70 28 price,
434 2936 103 28 because,
556 2936 54 22 with
626 2945 14 14 a

47 2967 102 19 constant
156 2963 75 23 influx
241 2963 26 22 of
278 2962 78 25 people
367 2966 23 19 to
400 2958 38 27 the
448 2963 89 27 colony,
546 2963 38 22 the
595 2963 43 22 due

46 2992 128 26 proportion
181 2995 100 17 between
288 2995 80 23 people
375 2989 46 22 and
428 2990 53 22 land
488 2997 54 21 may
548 2990 28 22 be
583 2990 57 28 kept

48 3023 28 21 up
87 3021 27 23 by
123 3025 14 15 a
145 3017 70 22 lower
223 3017 69 27 price,
304 3016 55 23 than
369 3016 21 23 if
401 3016 63 23 there
473 3024 59 15 were
542 3024 30 15 no
581 3018 57 22 such

47 3042 161 30 immigration.
227 3046 23 20 It
261 3044 110 21 therefore
377 3044 131 22 diminishes
515 3044 38 22 the
560 3045 80 27 period

48 3069 78 29 during
135 3071 73 22 which
219 3070 38 23 the
265 3071 105 22 labourer
384 3074 60 19 must
454 3071 62 22 work
531 3071 37 22 for
580 3071 58 28 hire,

47 3097 45 22 and
100 3097 29 28 by
139 3098 38 22 the
191 3098 65 27 rapid
269 3105 102 19 progress
386 3098 73 22 which
473 3098 18 22 it
505 3098 95 28 imparts
615 3101 23 19 to

48 3123 37 23 the
93 3123 49 23 best
151 3128 47 18 sort
206 3125 27 21 of
243 3125 158 27 colonization,
415 3125 19 21 it
447 3125 104 28 explains
567 3128 22 19 to
599 3126 39 22 the

48 3149 116 29 labouring
173 3152 56 22 class
240 3152 25 21 of
271 3152 148 26 immigrants,
430 3152 49 22 that
488 3160 68 20 every
565 3160 42 14 one
616 3153 26 21 of

48 3175 60 25 them
120 3178 50 22 who
187 3178 18 22 is
220 3178 137 22 industrious
374 3178 46 23 and
436 3179 85 28 thrifty,
540 3186 53 20 may
609 3180 29 22 be

47 3210 50 16 •ure
106 3207 22 19 to
137 3205 94 22 become
243 3209 41 18 not
297 3205 86 28 merely
398 3213 29 15 an
442 3213 77 15 owner
534 3206 27 22 of
575 3206 62 27 land,

48 3230 40 23 but
103 3231 46 23 also
165 3232 24 22 in
207 3232 36 22 his
262 3235 59 23 turn,
342 3240 30 14 an
393 3233 115 27 employer
527 3234 28 21 of
572 3233 67 23 hired

48 3256 120 28 labourers,
179 3266 14 14 a
201 3262 82 19 master
294 3260 26 20 of
330 3263 109 19 servants.

76 3284 65 23 From
151 3280 63 28 these
223 3286 184 27 considerations,
421 3286 38 22 the
469 3287 119 27 Company
596 3287 43 22 has

50 3309 95 29 adopted
163 3312 38 22 the
217 3320 62 14 same
295 3315 83 25 system
396 3313 26 21 of
436 3313 117 28 disposing
567 3314 28 22 of
610 3315 29 21 its

50 3341 64 18 waste
127 3338 72 28 lands,
215 3346 24 15 as
254 3339 41 22 has
309 3340 92 27 already
414 3340 85 27 proved
512 3340 81 29 highly
605 3342 34 21 fa-

50 3364 105 23 vourable
168 3369 23 18 to
205 3366 38 22 the
257 3366 182 28 productiveness
454 3367 26 22 of
493 3367 107 28 industry
614 3368 23 22 in
647 3365 2 34 j

50 3390 69 23 South
129 3392 121 22 Australia.
278 3393 29 21 In
316 3400 14 14 a
341 3400 50 15 new
401 3394 87 27 colony,
504 3395 96 26 planted
613 3395 25 22 in

50 3422 14 15 a
72 3417 71 22 fertile
154 3419 44 21 and
213 3420 114 21 extensive
342 3420 112 27 territory,
468 3421 20 21 it
501 3421 20 22 is
536 3422 102 28 obvious,

50 3442 48 23 that
114 3444 40 23 the
170 3446 167 22 establishment
353 3447 26 21 of
394 3447 55 22 such
464 3454 14 15 a
492 3451 85 24 system
591 3449 20 22 is
626 3457 13 14 a
647 3442 2 26 I

51 3473 79 19 matter
146 3472 27 21 of
189 3472 37 22 the
243 3472 90 29 deepest
351 3477 101 19 moment
468 3478 23 18 to
508 3475 39 22 the
562 3475 76 23 future

51 3496 87 22 welfare
151 3498 25 21 of
187 3499 91 27 society.
410 3501 19 21 it
442 3501 39 22 the
495 3502 53 22 best
561 3502 78 23 effects

51 3529 50 19 may
109 3523 55 22 with
174 3525 128 23 confidence
309 3527 30 21 be
349 3528 136 27 anticipated
491 3536 5 13 :
513 3536 14 14 a
534 3532 106 20 constant

52 3548 42 23 Mid
103 3550 89 26 regular
201 3552 79 27 supply
290 3553 26 21 of
326 3561 49 15 new
384 3554 54 22 land
448 3555 24 21 in
487 3555 45 23 due
545 3563 94 21 propor-

47 3578 47 19 tion
104 3579 23 18 to
137 3576 39 21 the
194 3581 70 18 wants
272 3579 27 21 of
307 3587 14 14 a
328 3581 130 27 population
470 3582 130 28 increasing
609 3583 31 28 by

49 3603 70 21 births
128 3603 47 21 and
186 3604 150 26 immigration
342 3614 6 18 ;
367 3608 30 21 all
411 3608 37 22 the
463 3608 139 28 advantages
615 3613 23 19 to

48 3630 73 21 which
129 3630 104 22 facilities
243 3631 24 21 of
278 3634 111 26 transport
396 3635 44 21 and
447 3637 191 22 communication

48 3661 38 16 are
96 3656 105 22 essential
208 3664 6 18 ;
229 3658 110 26 certainty
352 3660 26 21 of
388 3660 74 29 limits,
478 3663 47 21 and
539 3663 99 28 security

48 3682 26 22 of
85 3682 49 23 title
144 3686 23 19 to
177 3686 104 25 property
289 3684 24 23 in
327 3686 66 26 land;
407 3687 38 22 the
454 3692 99 23 greatest
565 3689 73 23 facili-

45 3709 43 22 ties
98 3715 29 16 on
138 3710 116 27 acquiring
263 3710 38 23 the
312 3710 43 24 due
365 3714 112 27 quantity;
492 3715 38 23 the
541 3721 99 22 greatest

48 3740 190 24 encouragement
250 3740 23 19 to
281 3738 150 27 immigration
442 3741 45 22 and
495 3743 131 24 settlement
631 3752 5 19 ;

48 3762 45 22 and
106 3762 39 23 the
160 3767 59 18 most
231 3764 64 28 rapid
309 3772 103 20 progress
424 3767 26 21 of
466 3768 38 22 the
518 3770 80 27 people
611 3771 24 23 in

47 3789 102 23 material
158 3790 95 23 comfort
262 3790 45 24 and
317 3792 68 22 social

1921 3873 86 23 TUST
2020 3874 132 26 OPENED,
2170 3875 89 21 various
2274 3874 67 22 kinds
2355 3874 27 22 of
2397 3873 104 23 WRAP-

1912 3900 26 21 O
1978 3900 75 23 PING
2067 3901 111 22 PAPER.

1963 3927 93 22 Gazette
2092 3928 78 26 Office,
2183 3928 53 22 Dec.
2247 3929 34 25 24,
2293 3928 60 21 1840.

1915 3679 88 48 FOR
2012 3679 85 28 SALE,
2106 3679 49 22 that
2161 3679 93 28 English
2261 3680 58 21 built
2325 3679 91 22 wooden
2423 3679 77 27 house,

1986 3705 70 28 lately
2065 3706 109 28 occupied
2184 3714 24 15 as
2223 3714 14 14 a
2254 3707 64 22 Store
2334 3713 29 15 on
2380 3705 36 23 the
2432 3703 69 25 River

1914 3732 59 22 Hutt
1988 3733 30 28 by
2036 3733 91 22 Messrs.
2144 3733 101 28 Hopper,
2267 3733 72 26 Petre,
2358 3731 53 23 and'
2419 3732 82 22 Moles-

1914 3759 77 22 worth.
2020 3754 97 27 Further
2125 3760 131 27 particulars
2267 3759 92 28 enquire
2369 3759 26 22 of
2409 3758 90 23 Messrs.

1915 3786 64 22 Petre
1988 3786 47 22 and
2044 3786 152 23 Molesworth.

1941 3819 102 27 January
2053 3822 20 24 9,
2085 3821 60 22 1841.

1299 3884 85 21 TUST
1407 3882 165 26 RECEIVED,
1597 3879 192 24 PARCHMENT
1819 3877 63 25 FOR

1290 3909 27 24 O
1354 3910 110 23 DEEDS.

1470 3936 77 25 Office,
1558 3935 53 22 Jan.
1623 3934 18 27 7,
1655 3935 58 20 1841.

154 3845 100 22 BILLS
267 3846 45 21 OF
326 3846 205 24 EXCHANGE.

49 3879 165 49 PRINTED
229 3881 103 22 FORMS
348 3881 61 23 FOR
422 3882 79 24 SALE
516 3884 40 23 AT
570 3886 65 22 THE

122 3906 111 23 OFFICE
247 3907 39 22 OF
300 3908 73 22 THIS
388 3908 107 23 PAPER.

75 3932 132 24 November
215 3936 21 24 4,
248 3935 60 21 1840.

669 3886 73 48 ON
756 3886 86 26 SALE,
857 3889 23 19 at
890 3886 44 22 this
943 3886 79 26 Office,
1034 3886 48 22 files
1092 3886 28 22 of
1129 3886 37 22 the
1206 3886 56 22 New

746 3912 101 23 Zealand

718 3939 94 22 Gazette
849 3938 77 27 Office,
937 3939 58 22 Nov.
1005 3940 35 23 2S,
1054 3940 59 21 1840.

2141 622 140 22 NOTICE.

1918 653 91 48 THE
2024 654 221 24 PARTNERSHIP
2255 657 27 21 of
2291 657 83 28 Taylor
2383 658 45 22 and
2436 657 69 24 Cock-

1992 681 64 26 burn,
2067 681 139 28 Carpenters,
2218 683 19 22 is
2246 683 44 23 this
2303 684 43 27 day
2356 684 111 23 dissolved
2475 685 30 29 by

1917 706 86 22 mutual
2014 711 99 19 consent.

2242 736 54 22 Wm.
2310 736 103 29 Taylor,

2243 763 74 22 James
2329 764 131 23 Cockburn.

1944 786 100 28 January
2055 788 20 25 8,
2089 789 62 20 1841.

1929 840 228 22 DISSOLUTION
2172 843 42 21 OF
2229 844 259 23 PARTNERSHIP,

1915 873 146 48 NOTICE
2075 874 20 22 is
2108 874 86 28 hereby
2207 876 74 28 given,
2298 876 49 23 that
2356 877 37 22 the
2403 881 103 25 partner-,

1996 900 49 27 ship
2054 900 98 23 hitherto
2162 902 139 23 maintained
2313 904 103 23 between
2426 904 75 24 James

1917 925 120 29 Daymond
2050 928 44 21 and
2108 928 87 28 George
2209 929 88 29 Young,
2313 932 27 21 of
2354 931 158 28 Kouterangi,-

1917 959 28 15 on
1956 953 37 21 the
2004 953 76 22 Island
2090 954 26 21 of
2127 955 83 28 Kapiti,
2228 956 56 23 New
2301 956 106 29 Zealand,
2425 958 19 22 is
2459 953 43 28 dis-

1916 979 76 22 solved
2000 980 30 27 by
2039 981 87 21 mutual
2136 986 99 19 consent.

1943 1006 38 21 All
1992 1007 62 21 debts
2066 1008 72 27 owing
2148 1012 22 18 to
2181 1009 37 22 the
2228 1010 47 21 said
2286 1010 48 23 firm
2341 1018 37 15 are
2386 1010 118 28 requested

1915 1036 23 18 to
1948 1033 28 21 be
1986 1033 51 27 paid
2052 1036 22 19 to
2089 1034 76 23 James
2182 1036 127 27 Daymond,
2329 1036 49 23 who
2396 1038 43 21 will
2457 1037 46 24 also

1915 1059 105 28 liquidate
2030 1059 31 23 all
2070 1061 78 23 claims
2156 1069 62 21 upon
2227 1062 38 22 the
2273 1064 47 21 said
2328 1064 148 28 partnership.

2256 1090 75 22 James
2342 1090 124 28 Daymond,

2258 1117 95 22 George
2364 1117 91 22 Young.

1916 1139 121 23 Witnesses
2038 1152 28 4 —
2066 1141 100 22 Andrew
2174 1143 91 27 Brown,

2065 1168 36 21 W.
2113 1169 112 27 Mayhew.

1929 1222 230 21 DISSOLUTION
2172 1224 44 21 OF
2230 1225 258 22 PARTNERSHIP.

1917 1254 145 48 NOTICE
2076 1255 18 21 is
2109 1255 84 29 hereby
2206 1258 74 26 given,
2294 1257 50 22 that
2357 1257 38 23 the
2404 1261 100 24 partner-

2011 1281 49 28 ship
2077 1281 97 23 hitherto
2192 1284 139 22 maintained
2350 1285 102 22 between
2472 1284 30 24 H.

1918 1308 103 27 Moreing
2030 1308 45 22 and
2086 1309 30 21 H.
2128 1309 81 28 Taylor
2218 1311 19 21 is
2247 1311 43 22 this
2299 1311 45 28 day
2353 1311 111 23 dissolved
2472 1312 66 28 hy^

1917 1334 86 22 mutual
2012 1339 101 18 consent.

2244 1364 31 22 11.
2291 1365 120 26 Moreino,

2244 1391 31 21 H.
2292 1391 103 22 Taylor.

1946 1414 144 29 Wellington,
2106 1417 49 21 31st
2162 1417 126 23 December
2298 1419 61 21 1840.

1999 1442 100 22 Witness
2099 1454 27 4 —
2127 1443 61 22 John
2197 1444 96 22 Tinline.

1986 1497 129 21 NOTICE
2132 1497 44 21 TO
2190 1499 245 21 TRESPASSERS.

1918 1529 95 49 ANY
2037 1537 78 20 person
2136 1530 71 23 found
2230 1532 135 28 trespassing
2388 1539 59 21 upon
2466 1532 39 23 the

1997 1556 65 22 Land
2072 1557 27 21 of
2109 1557 37 22 the
2155 1558 164 28 Undersigned,
2331 1559 45 22 will
2389 1560 29 22 be
2430 1566 75 22 prose-
2515 1566 5 3 '

1918 1583 72 22 cuted.

2263 1612 21 22 J.
2301 1612 31 22 H.
2348 1612 129 24 Luscombb.

1945 1636 144 28 Wellington,
2102 1638 51 22 Jan.
2165 1640 32 25 11,
2209 1640 62 21 1841.

1920 1691 19 20 /
1971 1691 43 20 TO
2031 1692 70 20 THE
2110 1692 172 22 WORKING
2298 1694 152 22 CLASSES.

1910 1722 74 24 'TTTT
1986 1725 115 27 ANTED,
2117 1725 61 23 FOR
2192 1726 188 28 WANGANUI,
2396 1734 13 15 a
2425 1727 78 28 Baker,

1932 1754 14 18 T
1955 1753 14 19 T
2012 1752 108 27 Sawyers,
2131 1753 104 27 Coopers,
2248 1753 44 22 and
2302 1753 133 23 Labourers.

1944 1784 43 22 For
1997 1788 67 19 terms
2073 1786 46 22 and
2128 1786 137 28 particulars,
2274 1787 67 27 apply
2349 1791 23 18 to
2380 1787 25 22 E.
2415 1788 86 26 Dorset,

1917 1810 71 23 Warri
1997 1816 56 17 next
2062 1816 22 18 to
2095 1812 98 25 Queen's
2200 1813 74 28 Head,
2284 1814 113 22 Lambton
2404 1814 71 28 Quay.

1944 1845 143 28 Wellington,
2099 1846 103 27 January
2212 1849 32 24 13,
2256 1849 61 21 1841.

712 616 117 21 UNION
843 617 101 20 BANK
958 619 44 19 OF
1017 618 220 21 AUSTRALIA.

675 648 96 22 London
791 649 92 26 Office,
899 649 45 22 No.
958 651 37 25 3S,
1014 651 49 22 Old
1080 650 185 23 Broad-street.

729 682 95 28 Capital,
835 682 122 28 £500,000;
979 683 51 28 paid
1040 691 36 21 up,
1092 684 119 27 £300,000.

913 720 109 14 DIRECTORS
1027 722 4 11 :

782 744 68 20 George
858 744 38 16 Fife
903 744 67 21 Angas,
980 745 47 20 Esq.,

782 763 68 17 Robert
858 764 74 20 Brooks,
942 765 49 21 Esq.,

781 785 62 17 James
850 785 48 16 John
907 786 100 20 Cummins,
1016 787 48 20 Esq.,

781 805 68 17 Robert
857 806 95 20 Gardener,
965 807 49 20 Esq.,
1026 807 121 20 Manchester,

782 826 47 17 John
839 827 49 18 Gore,
901 827 47 21 Esq.,

781 847 48 17 John
838 847 77 17 William
924 848 76 18 Buckle,
1006 848 47 21 Esq.,

781 867 94 21 Benjamin
883 868 22 17 E.
913 869 63 19 Lindo,
985 869 48 21 Esq.,

783 889 72 17 Charles
865 889 74 17 Edward
946 889 89 22 Mangles,
1043 890 48 20 Esq.,

782 909 114 21 Christopher
904 909 84 21 Rawson,
998 911 47 20 Esq.,
1056 910 81 20 Halifax,

782 930 77 17 Thomas
866 931 64 18 Sands,
939 931 50 20 Esq.,
997 930 98 22 Liverpool,

781 951 62 16 James
851 951 55 20 Bogle
913 951 66 19 Smith,
984 951 49 21 Esq.,

781 972 62 15 James
850 972 79 15 Ruddell
937 972 56 19 Xodd,
1002 973 41 20 Esq.

674 996 96 19 Trustees:
788 998 80 17 George
879 998 57 17 Cark
948 1000 61 17 Glyn,
1023 1000 46 19 Esq.,
1082 1000 53 16 John
1147 1000 60 19 Gore,
1216 999 50 21 Esq.,

823 1020 35 15 and
865 1019 67 16 James
939 1019 17 17 J.
963 1019 101 19 Cummins,
1075 1021 43 19 Esq.

702 1045 93 17 Bankers:
807 1046 73 16 Messrs.
889 1047 61 18 Glyn,
963 1047 113 19 Hallipax,
1085 1048 71 19 Mills,
1163 1047 38 17 and
1209 1047 29 17 Co.

796 1074 101 20 Secretary:
909 1074 84 17 Samuel
1000 1075 93 19 Jackson,
1103 1075 42 20 Esq.

767 1101 79 17 Colonial
853 1101 95 21 Inspector
953 1108 4 10 :
969 1102 17 16 J.
995 1102 17 16 C.
1021 1102 102 20 M'Laren,
1132 1102 42 21 Esq.
