2559 4010
1344 1944 171 23 SHIPPING
1536 1946 275 23 INTELLIGENCE.

1503 1993 144 20 ARRIVED

1316 2019 57 24 Dcci
1390 2022 38 26 10,
1441 2020 112 25 schooner
1736 2023 137 32 M'Gregor,

1282 2052 57 24 from
1351 2052 132 31 Wanganui
1492 2064 6 19 ;
1518 2063 74 23 cargo,
1598 2057 41 30 JJO
1654 2057 51 30 pigs
1725 2057 44 23 and
1789 2059 15 21 2
1823 2063 50 19 tons

1282 2086 66 31 pork.
1385 2086 130 31 Passenger
1515 2101 35 3 —
1551 2089 47 22 Mr.
1613 2089 31 23 E.
1658 2089 95 24 Dorset.

1517 2138 122 21 SAILED.

1316 2164 58 24 Dec.
1395 2166 23 27 9,
1438 2166 112 24 schooner
1730 2170 88 28 Moore,
1840 2171 32 22 for

1283 2197 138 31 Wanganui.
1467 2200 142 31 Passengers
1611 2214 33 3 —
1645 2202 98 24 Messrs.
1771 2203 101 30 Guyton,

1283 2231 87 28 Moore,
1385 2232 44 22 and
1445 2232 87 25 Nixon.

1451 2629 254 25 THERMOMETER.

1515 2286 30 15 IN
1562 2286 85 15 PORT.

1318 2309 80 24 Cutter

1315 2343 93 31 Barque
1557 2346 146 25 Newcombe.

1317 2376 56 32 Ship
1558 2379 173 26 Shuttleworth.

1316 2410 92 32 Barque
1617 2414 71 31 Grey.

1453 2445 65 24 Lord
1696 2449 74 23 Marr.

1317 2477 116 24 Schooner
1633 2481 138 32 M'Gregor.

1315 2538 24 23 A
1351 2539 75 23 vessel
1437 2541 107 30 reported
1556 2541 88 24 outside
1658 2543 37 23 the
1707 2543 72 24 heads
1786 2548 88 26 yester-

1283 2571 50 30 day.

1285 3366 97 24 London
1652 3371 65 31 Aug.
1732 3374 40 26 24,
1800 3375 75 23 1840.

1284 3400 92 31 Sydney
1651 3404 62 24 Nov.
1734 3408 42 27 25,
1801 3409 74 23 1840.

1284 3434 49 30 Bay
1344 3434 26 22 of
1386 3434 94 24 Islands
1652 3438 61 24 Dec.
1750 3442 24 26 9,
1802 3442 73 23 1840.

1284 3467 53 24 Van
1348 3467 122 24 Dieman's
1483 3468 68 25 Land
1573 3487 56 7 ....
1654 3471 60 25 Nov.
1738 3475 38 26 18,
1803 3475 72 23 1840.

1285 3500 56 25 Port
1353 3500 88 33 Phillip
1652 3505 54 24 Oct.
1736 3508 39 26 21,
1802 3509 73 22 1840.

1285 3533 109 25 Adelaide
1653 3538 53 24 Oct.
1738 3540 38 29 17,
1803 3543 72 23 1840.

1458 3338 119 24 LATEST
1591 3341 110 22 DATES.

1280 3597 95 67 New
1406 3597 221 67 Zealand
1659 3597 221 67 Gazette

1331 3664 67 22 AND
1415 3665 214 24 WELLINGTON
1645 3668 186 26 SPECTATOR.

1416 3719 132 29 Saturday,
1565 3721 53 22 Jan.
1633 3724 33 24 16,
1683 3725 62 22 184®.
1762 3730 2 6 '

1954 3943 46 24 The
2025 3945 63 24 work
2113 3947 24 22 ol'
2164 3948 130 24 scltlcnient
2318 3949 18 23 is
2359 3948 138 31 proceeding

1906 121 67 22 saries
1992 119 26 23 of
2039 119 39 23 life
2098 126 38 16 are
2154 119 100 31 actually
2272 119 71 23 lower
2363 119 54 23 here
2437 118 55 24 than

1906 159 51 31 they
1967 166 59 16 were
2037 159 32 30 by
2080 158 39 24 the
2130 158 46 24 last
2193 163 108 19 accounts
2320 163 24 19 at
2360 158 56 24 Van
2433 158 61 24 Die-

1907 199 69 22 man's
1986 198 75 23 Land.
2082 198 77 23 These
2171 205 81 24 papers
2265 205 118 15 announce
2393 198 49 23 that
2455 198 39 23 the

1906 238 144 23 information
2068 245 45 16 was
2136 238 115 31 conveyed
2269 238 60 24 from
2348 238 46 23 this
2413 238 30 31 by
2456 238 37 24 the

1908 279 106 22 schooner
2244 283 22 18 to
2291 278 155 29 Launceston,
2470 279 24 22 in

1907 318 70 24 which
1995 326 63 16 some
2076 319 104 23 fourteen
2198 319 25 23 of
2244 327 41 15 our
2304 319 81 31 people
2404 318 72 24 sailed
2486 328 5 19 ;

1908 366 79 22 among
1998 358 65 24 these
2080 358 106 24 fourteen
2200 366 33 16 we
2244 358 68 24 knew
2323 359 43 23 but
2377 367 43 15 one
2432 359 61 31 good

1906 405 58 21 man,
1975 398 46 23 and
2032 398 29 23 he
2073 406 46 15 was
2138 406 14 15 a
2172 402 116 27 carpenter
2308 406 29 16 on
2355 398 37 24 his
2409 406 50 23 way
2472 403 21 19 to

1907 438 113 31 England,
2033 442 23 19 to
2068 438 68 31 bring
2148 442 40 19 out
2199 438 37 23 his
2247 438 51 24 wife
2308 443 22 19 to
2338 438 48 23 this
2394 438 99 32 Colony.

1941 477 47 24 The
2000 478 82 31 people
2094 478 54 24 here
2161 483 83 18 cannot
2254 479 29 23 be
2294 479 25 23 in
2326 483 67 24 want,
2408 486 24 16 as
2439 479 56 30 long

1906 525 26 15 as
1944 516 34 24 the
1991 517 119 32 Company
2122 526 39 15 are
2173 518 24 23 in
2208 526 13 15 a
2240 518 115 24 condition
2371 523 23 19 to
2406 523 90 27 protect

1906 556 39 24 the
1956 557 136 24 settlement.
2128 557 67 31 They
2206 558 97 31 pledged
2321 558 139 24 themselves
2472 563 22 19 to

1906 603 93 27 support
2021 607 45 23 any
2088 600 50 24 who
2157 600 76 31 might
2250 601 89 30 require
2358 601 72 29 work,
2450 602 45 23 and

1906 641 54 24 have
1971 645 73 20 stores
2056 642 54 24 here
2120 642 44 24 full
2176 643 26 23 of
2214 644 128 30 provisions
2354 644 56 23 with
2420 643 75 24 which

1906 686 24 19 to
1941 682 80 31 supply
2032 682 71 24 them.
2139 683 68 30 They
2227 683 68 24 make
2313 692 14 15 a
2345 683 50 24 rule
2414 688 40 19 not
2472 689 23 19 to

1906 729 123 24 encourage
2041 723 144 31 dependence
2199 731 29 15 on
2241 723 38 24 the
2299 724 128 31 Company,
2447 725 46 22 and

1906 761 110 24 therefore
2028 761 83 32 always
2124 761 55 25 offer
2191 770 75 24 wages
2277 763 73 24 below
2357 763 38 24 the
2405 765 90 23 market

1906 806 53 25 rate,
1970 801 75 24 which
2057 803 20 23 is
2092 803 38 23 the
2150 803 73 23 South
2242 804 136 23 Australian
2397 809 95 26 system,

1906 842 45 23 and
1968 841 43 24 has
2029 843 85 30 proved
2132 848 23 18 to
2178 844 28 22 be
2230 845 74 22 sound
2326 845 24 22 in
2373 845 120 31 principle.

1906 881 73 24 When
1990 890 33 15 we
2034 882 51 24 first
2097 883 96 28 arrived,
2206 891 13 15 a
2232 883 155 24 considerable
2397 885 98 24 number

1905 921 80 24 looked
1995 927 23 18 to
2031 922 38 24 the
2083 923 119 31 Company
2220 923 36 23 for
2274 928 105 27 support,
2390 924 43 23 but
2444 925 26 23 in
2481 934 15 14 a

1905 962 43 23 few
1958 961 75 25 weeks
2044 963 79 30 nearly
2135 963 32 23 all
2176 963 44 23 had
2233 964 110 23 rendered
2356 964 139 25 themselves

1905 1002 151 31 independent
2067 1003 45 23 and
2123 1008 24 18 at
2157 1003 75 24 better
2244 1012 82 23 wages.
2364 1005 52 24 The
2423 1006 72 23 Com-

1905 1043 77 31 pany's
1993 1043 81 31 Agent
2092 1043 77 23 allows
2188 1045 86 22 rations
2294 1045 84 31 during
2390 1045 37 24 the
2439 1047 55 22 time

1905 1083 39 24 the
1963 1083 74 30 newly
2060 1083 90 23 arrived
2174 1084 112 30 emigrant
2303 1085 20 23 is
2346 1085 105 31 building
2470 1094 24 15 or

1905 1124 120 30 procuring
2037 1132 14 14 a
2061 1123 80 30 house,
2155 1123 44 23 and
2210 1124 20 23 if
2246 1128 22 19 at
2280 1125 39 23 the
2331 1125 130 31 expiration
2473 1127 25 22 of

1906 1163 49 24 that
1963 1164 54 22 time
2028 1163 30 24 he
2070 1165 20 22 is
2108 1163 88 32 willing
2214 1168 23 20 to
2249 1165 64 23 work
2324 1165 35 23 for
2372 1165 39 24 the
2424 1166 71 24 Com-

1905 1211 64 23 pany,
1985 1212 75 22 wages
2080 1212 38 15 are
2138 1204 73 24 added
2230 1208 21 20 to
2270 1205 40 23 the
2328 1207 96 23 rations.
2461 1207 35 24 At

1905 1247 97 28 present,
2012 1252 96 23 persons
2120 1245 105 31 working
2237 1246 73 23 under
2321 1247 39 22 the
2374 1247 120 31 Company

1905 1294 38 15 are
1959 1287 116 30 receiving
2092 1287 35 24 £l
2149 1295 40 23 per
2210 1288 70 28 week,
2300 1288 45 23 and
2364 1290 87 23 rations
2470 1291 25 22 in

1906 1327 97 24 addition
2021 1327 68 31 equal
2107 1332 22 19 to
2150 1335 69 16 seven
2238 1328 105 32 shillings
2361 1337 42 23 per
2421 1330 73 29 week,
2498 1340 3 7 1

1905 1367 100 32 together
2016 1368 37 24 £1
2068 1368 36 25 7s.
2117 1375 40 24 per
2170 1368 64 23 week
2243 1378 5 19 ;
2273 1369 42 24 but
2333 1370 53 30 only
2398 1375 97 27 twenty-

1904 1408 44 24 five
1958 1415 94 24 persons
2063 1408 57 24 have
2133 1409 57 23 been
2204 1413 21 19 at
2239 1410 62 23 work
2313 1418 29 15 on
2350 1410 65 24 these
2423 1415 71 20 terms

1905 1448 80 32 during
1995 1449 40 23 the
2042 1449 72 29 week,
2124 1449 66 23 while
2199 1458 41 15 our
2247 1451 131 30 population
2388 1457 106 18 amounts

1905 1497 50 15 now
1964 1493 23 18 to
1998 1489 69 23 about
2080 1491 75 27 2,500
2168 1497 102 23 persons.

1939 1532 25 23 In
1978 1534 130 29 conduction
2120 1533 56 23 with
2187 1533 62 23 these
2262 1539 96 26 reports,
2373 1543 14 15 a
2399 1536 96 24 crusade

1905 1573 87 30 against
2004 1572 37 23 the
2052 1572 131 24 settlement
2200 1573 42 23 has
2261 1574 58 24 been
2338 1577 155 23 commenced.

1906 1612 50 24 The
2066 1613 122 23 Sidmouth
2221 1622 47 15 was
2280 1619 51 19 sent
2343 1615 67 23 down
2421 1620 23 19 to
2456 1625 39 15 xe-

1904 1654 56 22 lieve
1970 1661 35 20 us,
2019 1658 40 18 not
2071 1654 30 30 by
2113 1654 125 31 supplying
2256 1662 27 16 us
2302 1656 55 22 with
2374 1656 59 29 food,
2454 1657 42 23 but

1903 1693 32 31 by
1947 1694 104 30 carrying
2070 1701 62 23 away
2152 1702 41 14 our
2212 1695 140 31 population.
2399 1697 24 23 A
2441 1705 56 23 very

1904 1741 62 16 mean
1979 1734 66 29 spirit
2060 1734 43 22 has
2115 1734 57 23 been
2188 1735 115 23 exhibited
2316 1736 24 22 iv
2352 1736 40 23 the
2404 1737 91 23 attacks

1905 1774 60 24 made
1983 1782 63 23 upon
2066 1774 46 24 this
2131 1775 139 24 settlement.
2308 1777 25 23 It
2350 1777 74 31 might
2437 1778 59 24 have

1903 1814 57 24 been
1976 1814 110 31 expected
2105 1815 49 23 that
2174 1823 12 14 a
2205 1817 140 30 community
2364 1818 78 31 acting
2460 1819 36 23 for

1904 1854 64 29 itself,
1988 1855 95 23 without
2106 1864 44 22 any
2176 1856 24 22 of
2227 1856 47 23 that
2297 1862 138 20 extraneous
2460 1859 36 23 aid

1904 1895 113 30 generally
2028 1895 104 31 liberally
2153 1896 115 24 bestowed
2286 1897 31 30 by
2337 1897 37 24 the
2389 1898 107 24 Govern-

1905 1940 64 23 ment,
1990 1936 75 22 would
2084 1936 57 22 have
2152 1937 66 22 -been
2239 1937 94 24 deemed
2350 1939 153 31 interesting,'

1905 1976 43 22 and
1959 1975 86 30 worthy
2058 1976 26 22 of
2099 1976 30 22 all
2143 1976 38 22 the
2193 1982 96 25 support
2301 1977 74 23 which
2389 1979 66 23 could
2468 1980 28 22 be

1904 2014 108 24 extended
2023 2015 31 30 by
2066 2016 169 31 neighbouring
2247 2018 160 24 communities
2416 2019 24 23 of
2458 2020 37 22 the

1904 2064 59 15 same
1974 2061 82 26 parent
2068 2057 75 23 stock.
2181 2057 47 23 But
2237 2057 85 32 though
2333 2059 98 24 unaided
2440 2068 58 15 eveit

1904 2097 30 30 by
1946 2097 126 31 sympathy,
2093 2097 45 23 this
2158 2098 130 24 settlement
2305 2099 42 23 has
2363 2101 133 28 succeeded,

1903 2137 21 23 is
1941 2144 47 16 now
2007 2137 104 31 securely
2122 2138 101 31 planted,
2237 2139 45 23 and
2299 2148 53 22 may
2372 2145 58 19 treat
2443 2142 53 22 with

1905 2181 111 26 contempt
2039 2177 39 24 the
2107 2179 104 23 imbecile
2239 2180 78 23 efforts
2340 2180 76 24 which
2440 2182 37 23 ha'
2486 2190 12 15 e

1903 2217 57 23 been
1969 2217 73 28 made,
2056 2218 46 23 and
2114 2226 37 16 are
2163 2219 103 32 making,
2283 2224 21 20 to
2318 2220 75 31 injure
2407 2229 35 15 us.

1938 2259 39 24 We
1997 2260 75 24 would
2091 2268 98 24 propose
2209 2265 21 19 to
2251 2261 27 23 do
2298 2270 62 14 more
2375 2261 53 24 than
2443 2263 54 23 tins.

1906 2300 42 24 We
1967 2300 76 24 would
2063 2301 52 23 take
2136 2310 12 14 a
2167 2301 51 23 hint
2228 2301 59 24 from
2300 2302 39 23 the
2351 2303 148 31 proceeding,

1905 2341 45 23 and
1960 2341 66 31 profit
2037 2342 31 30 by
2082 2343 24 22 it.
2143 2342 94 32 During
2250 2343 38 23 the
2300 2343 65 24 week
2378 2351 14 15 a
2407 2344 93 32 placard

1905 2390 45 15 was
1960 2382 85 30 posted,
2059 2383 85 30 stating
2152 2383 50 23 that
2209 2383 38 23 the
2284 2383 99 24 London
2418 2392 47 16 was
2478 2390 22 18 to

1903 2422 94 32 proceed
2009 2427 23 19 to
2045 2423 93 24 Hobart
2151 2423 74 24 Town
2244 2429 22 18 to
2279 2424 62 24 fetch
2353 2424 70 25 about
2433 2425 65 24 three

1904 2463 101 24 hundred
2016 2463 73 32 hardy
2101 2464 139 29 woodsmen,
2264 2465 51 24 who
2328 2473 38 16 are
2378 2471 42 18 not
2430 2475 68 15 earn-

1904 2498 41 30 ing
1964 2497 53 25 £7S
2042 2505 14 15 a
2078 2506 62 23 year,
2164 2498 36 23 for
2229 2499 106 32 working
2352 2499 147 31 forty-seven

1905 2530 65 24 hours
1982 2531 25 22 in
2014 2531 40 23 the
2063 2532 71 23 week.
2171 2531 45 24 We
2224 2532 88 25 believe
2319 2538 23 18 at
2350 2533 40 23 the
2397 2539 103 18 moment

1905 2564 45 24 this
1962 2564 91 31 placard
2071 2572 47 16 was
2137 2565 85 29 issued,
2235 2565 64 25 there
2312 2574 45 16 was
2370 2574 29 16 no
2409 2568 89 24 serious

1905 2598 109 23 intention
2023 2608 5 18 ;
2047 2598 42 23 but
2101 2599 38 23 the
2153 2599 94 23 wisdom
2259 2600 45 23 and
2322 2600 38 23 the
2377 2600 86 32 justice
2476 2602 26 23 of

1905 2632 90 31 turning
2012 2632 40 22 the
2068 2632 56 31 joke
2144 2633 48 23 into
2212 2638 90 19 earnest
2313 2634 42 23 has
2367 2633 59 25 been
2439 2643 57 23 sug-

1904 2665 84 31 gested.
2025 2665 77 24 Three
2124 2666 106 24 hundred
2251 2675 54 16 men
2327 2668 60 23 from
2404 2668 40 24 the
2460 2668 40 24 old

1906 2699 104 23 Colonies
2022 2699 76 23 would
2108 2699 29 25 be
2150 2708 13 14 a
2175 2705 65 26 great
2251 2701 139 30 acquisition
2409 2706 22 19 to
2451 2702 47 23 this

1905 2732 136 24 settlement.
2086 2733 67 32 They
2176 2733 57 24 have
2263 2734 136 31 knowledge
2423 2735 75 24 which

1904 2773 92 24 persons
2019 2766 61 24 from
2103 2767 110 32 England
2232 2772 83 20 cannot
2326 2768 104 31 possibly
2442 2777 56 23 pos-

1905 2807 57 20 sess,
1978 2799 46 24 and
2042 2800 76 24 would
2136 2801 28 23 be
2178 2801 128 24 invaluable
2319 2809 24 16 as
2355 2802 106 31 pioneers
2473 2804 26 22 in

1905 2833 38 23 the
1955 2833 76 24 forest.
2068 2833 51 25 The
2141 2834 89 31 Colony
2249 2835 43 24 has
2308 2844 29 15 an
2349 2836 76 31 ample
2438 2837 58 23 emi-

1905 2867 87 31 gration
2000 2867 66 30 fund,
2080 2868 45 23 and
2136 2875 33 16 we
2182 2868 67 24 think
2262 2870 68 23 could
2340 2874 41 18 not
2390 2870 28 23 do
2424 2870 76 24 better

1906 2901 56 23 than
1970 2905 24 18 to
2008 2901 91 31 expend
2112 2910 13 15 a
2136 2902 68 23 small
2214 2903 91 31 portion
2318 2904 25 22 in
2355 2903 47 23 this
2422 2904 77 23 useful

1904 2942 105 24 purpose.
2058 2935 52 24 The
2132 2943 111 24 passages
2265 2937 25 23 of
2304 2937 65 23 three
2393 2937 106 24 hundred

1905 2967 61 24 adult
1981 2976 99 23 persons
2096 2969 61 23 from
2177 2969 94 31 Europe
2291 2975 50 19 cost
2359 2970 46 24 this
2418 2971 80 24 settle-

1904 3004 62 20 ment
1986 3002 113 28 £6,000;
2119 3002 68 23 while
2210 3003 39 23 the
2270 3011 62 16 same
2354 3004 99 24 number
2476 3005 25 23 of

1905 3033 125 24 invaluable
2052 3035 91 24 settlers
2167 3035 66 24 could
2255 3036 30 23 be
2308 3037 102 31 brought
2437 3038 61 23 from

1907 3066 89 25 Hobart
2007 3068 75 23 Town
2092 3073 24 19 at
2127 3077 14 15 a
2149 3073 49 19 cost
2204 3073 42 20 not
2253 3070 125 31 exceeding
2390 3072 108 28 £1,500.

1906 3100 44 24 We
1962 3108 45 23 say,
2021 3101 122 30 therefore,
2157 3106 24 20 to
2193 3102 38 24 the
2244 3103 98 24 Settlers
2343 3117 32 3 —
2378 3105 45 23 call
2433 3113 65 24 upon

1906 3134 39 23 the
1957 3134 136 32 Company's
2105 3136 81 31 Agent
2197 3141 23 19 to
2232 3137 57 23 send
2300 3146 15 15 a
2330 3137 61 32 ship,
2404 3146 24 16 or
2441 3139 58 24 send

1906 3172 23 19 to
1942 3167 49 25 Van
2003 3168 121 25 Dieman's
2140 3170 66 23 Land
2217 3171 45 23 and
2274 3171 90 24 charter
2376 3180 14 15 a
2399 3172 52 32 ship
2463 3173 37 23 for

1906 3202 39 23 the
1955 3209 96 24 jurpose
2059 3212 5 20 ;
2085 3204 24 23 in
2119 3204 38 23 the
2170 3208 116 28 strongest
2298 3205 130 24 confidence
2448 3206 51 24 that

1906 3235 39 24 the
1958 3235 116 33 Company
2086 3237 46 24 will
2145 3239 104 22 sanction
2260 3246 15 16 a
2284 3239 141 31 proceeding
2435 3240 63 23 alike

1906 3269 96 24 dictated
2014 3270 30 31 by
2055 3271 31 23 its
2098 3271 86 31 utility,
2197 3272 45 23 and
2254 3280 25 15 as
2291 3280 14 16 a
2322 3280 80 16 means
2414 3273 25 23 of
2454 3273 47 25 self

1907 3302 98 24 defence.
2042 3303 48 24 But
2113 3305 45 24 lest
2181 3305 38 24 the
2245 3305 120 33 Company
2386 3307 47 23 will
2456 3312 43 19 not

1906 3336 63 23 allow
1991 3345 45 23 any
2054 3339 91 29 portion
2166 3338 26 23 of
2206 3338 38 24 the
2256 3340 137 31 emigration
2403 3340 57 24 fund
2473 3345 25 19 to

1906 3369 28 24 be
1953 3371 116 30 expended
2089 3373 23 22 in
2131 3372 46 23 this
2190 3380 101 22 manner,
2311 3374 33 23 let
2355 3381 14 15 a
2381 3374 118 24 sufficient

1906 3403 92 24 number
2011 3404 26 24 of
2050 3406 141 31 proprietors
2211 3411 123 26 guarantee
2352 3407 39 23 the
2402 3413 97 19 amount

1907 3444 80 24 among
1999 3437 71 30 them,
2083 3439 45 23 and
2139 3439 55 24 take
2205 3447 97 24 passage
2313 3444 67 20 notes
2387 3440 60 25 from
2459 3441 40 24 the

1905 3477 93 24 persons
2011 3472 116 31 conveyed
2138 3472 55 24 here
2204 3474 36 22 for
2253 3474 37 23 the
2305 3479 103 19 amount.
2446 3475 52 24 The

1907 3511 52 16 ease
1968 3504 53 23 with
2033 3505 75 24 which
2118 3506 65 23 these
2192 3507 50 23 able
2249 3507 106 31 working
2362 3516 54 15 men
2424 3508 75 25 would

1907 3545 92 22 procure
2010 3538 61 31 good
2081 3547 83 24 wages,
2191 3541 74 23 would
2288 3541 80 25 enable
2393 3542 61 24 them
2475 3547 23 19 to

1906 3578 46 23 pay
1971 3571 66 24 these
2059 3577 66 19 notes
2138 3579 23 18 at
2174 3581 28 16 an
2226 3575 62 31 early
2312 3576 60 29 date,
2397 3576 45 23 and
2464 3584 34 15 we

1907 3604 65 23 doubt
1985 3604 20 24 if
2021 3605 38 23 the
2070 3612 133 25 guarantee,
2223 3609 54 23 with
2290 3609 46 24 this
2354 3610 142 31 precaution,

1908 3637 69 24 would
1989 3638 28 24 be
2030 3640 107 24 attended
2149 3641 54 24 with
2223 3651 43 23 any
2284 3643 57 24 loss.
2379 3644 44 23 We
2441 3643 56 24 sub-

1908 3672 42 22 mit
1967 3672 43 23 this
2032 3681 80 17 course
2131 3675 26 23 of
2172 3677 136 31 proceeding
2327 3682 23 19 to
2363 3677 38 24 the
2420 3684 77 16 const-

1908 3705 97 24 deration
2019 3706 26 23 of
2061 3715 41 16 our
2114 3708 76 25 fellow
2203 3710 124 30 Colonists,
2341 3711 56 23 with
2409 3719 14 15 a
2442 3710 54 24 firm

1908 3739 125 25 conviction
2056 3741 49 24 that
2124 3742 54 32 they
2196 3743 58 25 have
2266 3752 85 24 energy
2363 3744 46 24 and
2421 3744 75 24 deter-

1908 3773 105 24 mination
2038 3776 115 24 sufficient
2177 3782 22 19 to
2223 3778 78 24 enable
2320 3780 63 22 them
2401 3782 23 19 to
2441 3785 56 24 cope

1908 3806 54 24 with
1978 3815 45 24 any
2047 3808 131 26 difficulties
2200 3811 71 32 likely
2291 3817 23 19 to
2331 3813 28 22 be
2373 3812 87 24 thrown
2473 3811 25 23 in

1908 3839 58 24 their
1984 3842 56 30 path
2063 3842 30 32 by
2113 3844 38 23 the
2170 3853 112 23 generous
2302 3846 97 24 conduct
2419 3846 24 22 of
2459 3844 38 24 the

1909 3874 60 24 older
1978 3876 153 25 settlements.

1317 3776 51 25 The
1380 3784 83 24 papers
1483 3778 103 24 received
1605 3779 58 24 from
1685 3781 190 34 llobart'Town,

1284 3818 29 30 by
1325 3818 39 23 the
1401 3817 63 24 Lord
1644 3821 107 25 circulate
1764 3823 38 25 the
1815 3824 63 34 lying

1285 3863 134 19 statements
1438 3859 73 23 which
1531 3860 57 24 have
1607 3861 57 23 been
1685 3868 53 19 sent
1756 3864 58 24 from
1833 3866 44 25 this

1285 3900 68 23 about
1365 3907 41 15 our
1417 3899 71 32 being
1501 3901 21 22 in
1535 3910 11 14 a
1561 3903 102 30 starving
1677 3905 121 30 condition,
1813 3907 64 23 while

1285 3941 16 22 it
1315 3940 44 23 will
1370 3940 28 23 be
1413 3948 53 15 seen
1480 3949 28 15 on
1522 3943 142 27 corop.triaon
1679 3944 48 25 that
1748 3945 38 24 the
1798 3955 78 16 neces-

527 45 101 30 THE
645 45 109 30 NEW
772 44 228 31 ZEALAND
1018 43 225 31 GAZETTE
1265 43 97 29 AND
1384 39 331 33 WELLINGTON
1738 38 288 31 SPECTATOR.

1338 2662 30 15 cc-

1391 2662 28 14 en

1432 2658 45 25 Ling

1516 2658 95 27 mrsday,
1627 2658 103 29 January
1740 2662 35 25 14,
1787 2662 61 21 1840.

1369 2700 2 16 I
1384 2700 59 17 Morn.

1496 2702 56 16 Even.

1598 2703 62 17 Wind.
1677 2706 3 22 |

1733 2705 92 17 Weather.

1284 2741 29 16 Frl

1284 2763 29 16 Sat

1283 2785 43 15 Sun.
1346 2795 18 6 ...

1284 2805 49 16 Mon.
1345 2817 19 5 ...

1283 2826 53 16 Tues.
1346 2838 18 5 ...

1283 2847 48 16 Wed.
1345 2859 19 5 ...

1283 2868 81 17 Thurs...

1404 2743 22 16 67

1404 2764 21 15 C.9

1404 2785 21 16 63

1404 2806 22 15 67

1405 2826 20 17 78

1404 2849 19 15 61

1404 2869 23 16 74

1514 2745 20 15 68

1514 2765 19 16 73

1513 2788 22 15 (M-

1514 2807 19 17 78

1514 2828 18 16 77

1512 2851 18 15 61

1512 2871 19 16 76

1591 2746 17 15 S.

1589 2766 43 17 S.E.

1589 2788 17 16 S.

1588 2809 17 16 S.

1589 2830 50 16 N.W.

1587 2851 46 16 S.W.

1587 2872 17 16 S.

1694 2747 56 17 Fresh
1758 2748 13 16 &
1776 2748 41 16 fine.

1694 2768 57 17 Fresli
1757 2769 14 16 Sc
1777 2769 41 16 fine.

1695 2789 55 16 Fresh
1757 2790 14 15 Sc
1777 2790 40 16 fine.

1695 2810 54 21 Light
1754 2811 14 15 &
1774 2811 43 16 fine.

1695 2831 94 17 Moderate
1797 2833 15 15 &
1820 2833 42 16 fine.

1696 2852 116 18 Moderate*
1817 2854 41 16 fine.

1695 2873 51 17 Calm
1753 2875 15 15 &
1774 2874 43 17 fine.

1302 2910 62 17 Mean.

1403 2912 51 15 68.42,

1513 2913 54 14 71.28.
1578 2913 3 14 I

694 1737 12 20 2
718 1736 74 21 native
802 1736 89 21 houses.

694 1762 22 22 A
727 1763 104 27 quantity
842 1763 26 21 of
880 1763 143 27 agricultural
1032 1763 149 27 implements.

694 1789 133 22 Household
836 1789 118 27 furniture,
966 1789 122 28 consisting
1103 1792 25 20 of
1141 1791 54 21 beds
1212 1791 44 21 and

668 1816 102 27 bedding,
782 1816 127 27 mahogany
920 1817 77 25 tables,
1010 1817 39 21 &c.
1061 1818 39 20 &c.

695 1843 70 21 Silver
779 1843 66 28 plate,

694 1870 65 21 Some
770 1870 112 21 excellent
888 1877 65 20 guns,

694 1896 96 27 Norway
810 1897 68 26 deals,
898 1898 76 20 native
996 1897 87 27 timber,
1104 1899 44 21 and
1167 1898 89 22 various

668 1923 62 21 other
740 1923 95 21 articles.

1324 1602 69 22 FOR
1409 1602 145 21 HOBART
1569 1603 107 20 TOV/N
1694 1603 139 21 DIRECT.

1317 1638 72 23 *Ss>
1398 1635 92 33 npHE
1523 1636 46 22 fine
1598 1636 84 27 clipper
1710 1637 58 22 built
1796 1636 81 28 packet

1405 1657 28 25 X
1471 1662 86 28 barque
1601 1662 60 23 Lord
1833 1665 42 20 200

1285 1688 170 27 «KKc!B*tons,
1466 1689 99 22 William
1576 1690 70 26 Marr,
1662 1690 152 27 commander,
1830 1691 47 21 will

1285 1713 38 21 sail
1341 1713 36 22 for
1391 1714 39 22 the
1446 1716 71 22 above
1534 1720 51 24 port
1602 1723 28 15 on
1649 1717 97 28 Sunday,
1768 1717 38 22 the
1824 1718 52 21 24th

1284 1739 90 23 instant.

1310 1773 44 22 For
1375 1774 85 28 freight
1483 1784 25 14 or
1535 1784 100 20 passage,
1664 1777 84 28 having
1777 1779 100 26 superior

1284 1802 200 28 accommodation,
1503 1804 66 27 apply
1586 1807 23 18 to
1624 1804 37 22 tho
1682 1805 145 21 commander
1846 1813 29 14 on

1283 1826 76 23 board.

1310 1854 53 22 Port
1372 1855 133 28 Nicholson,
1517 1857 56 21 New
1584 1857 107 27 Zealand,

1335 1881 4 3 '
1352 1881 65 23 '12th
1427 1883 110 28 January,
1549 1885 61 20 1841.

280 1766 239 27 Surveyor-General's
530 1766 77 27 Office,

341 1793 100 26 January
451 1795 33 24 15,
497 1795 59 20 1841.

52 1826 147 48 NOTICE
219 1826 27 22 IS
269 1826 125 22 HEREBY
417 1826 106 28 GIVEN,
547 1827 48 22 that
609 1835 29 14 no

132 1852 54 22 land
200 1853 45 22 will
259 1854 28 21 be
299 1854 68 26 ready
377 1854 35 21 for
421 1853 99 27 delivery
530 1861 61 21 upon
602 1854 36 21 the

52 1880 47 21 first
107 1879 117 28 Thursday
234 1880 23 21 in
269 1880 37 21 the
316 1880 95 27 ensuing
421 1880 87 22 month.

264 1913 35 22 W.
315 1914 33 21 M.
364 1914 107 27 SMITH,
488 1914 67 27 R.A.,

382 1941 228 26 Surveyor-General.

693 1976 39 21 All
741 1983 92 20 persons
842 1976 85 27 having
936 1976 78 22 claims
1029 1977 86 26 against
1131 1977 37 22 the
1185 1980 69 18 estate

668 2002 24 21 of
702 2003 37 21 the
749 2003 44 21 late
805 2003 26 21 R.
843 2003 29 21 A.
885 2003 71 21 Eaton
969 2010 36 14 are
1015 2004 119 27 requested
1150 2009 22 16 to
1189 2004 65 27 lodge

667 2028 36 22 the
713 2037 60 14 same
783 2030 52 20 with
847 2030 85 20 Robert
942 2030 28 21 R.
979 2031 86 26 Strang,
1078 2031 59 27 Esq.,
1148 2031 105 25 solicitor,

666 2063 24 14 or
699 2056 52 21 with
761 2056 104 22 Bethune
876 2056 44 22 and
931 2057 98 26 Hunter,
1041 2064 28 14 on
1085 2064 25 14 or
1125 2058 75 22 before
1216 2057 38 23 the

665 2083 52 20 24th
727 2083 52 20 inst.

142 1994 254 21 IMMIGRATION
415 1995 131 21 OFFICE.

51 2026 112 50 LISTS
174 2027 26 22 of
205 2026 73 27 newly
288 2028 87 21 arrived
385 2028 145 27 Immigrants
540 2037 37 13 are
586 2030 52 26 kept

127 2057 22 18 at
168 2054 43 21 this
231 2054 77 27 Office,
329 2055 72 21 where
421 2056 82 26 parties
522 2057 115 26 requiring

50 2081 113 22 workmen
174 2088 24 14 or
215 2084 98 19 servants
325 2089 40 14 can
382 2082 87 22 receive
483 2083 153 27 information,

51 2108 43 21 and
112 2107 62 22 those
191 2111 38 18 out
244 2108 25 21 of
281 2108 151 27 employment
447 2117 41 13 can
504 2110 57 21 have
579 2110 59 22 their

50 2141 77 16 names
136 2134 128 27 registered,
277 2142 27 14 on
316 2136 105 26 applying
431 2139 23 18 to

226 2167 92 23 Daniel
334 2169 137 28 Riddiford,

376 2197 156 26 Immigration
551 2199 83 26 Agent.

75 2229 123 22 Thorndon
208 2230 72 26 Quay,
292 2230 144 27 Wellington,

143 2256 126 22 December
281 2258 33 26 30,
331 2259 59 20 1840.

127 2311 125 21 PUBLIC
267 2312 89 20 FETE
370 2313 75 20 AND
459 2314 99 22 BALL.

49 2343 165 50 HAVING
227 2344 57 22 been
294 2346 118 27 requested
422 2346 30 28 by
466 2348 86 22 several
565 2356 71 15 mem-

135 2371 58 27 bers,
205 2372 11 21 I
226 2371 83 27 hereby
320 2380 99 15 convene
430 2381 15 14 a
452 2375 99 27 meeting
560 2376 28 21 of
599 2376 36 22 the

49 2397 132 22 Committee
192 2405 29 15 on
231 2398 101 28 Monday
346 2404 60 24 next,
423 2404 24 18 at
462 2403 23 20 11
503 2402 93 28 o'clock,
613 2407 23 17 at

48 2424 185 23 Barrett's'-hotel.

342 2453 21 23 J.
374 2454 100 26 Dorset,
486 2455 61 23 Hon.
558 2457 49 22 Sec.

76 2478 101 27 January
187 2480 34 26 15,
232 2480 62 21 1841.

121 2533 150 21 ANNUAL
286 2535 162 22 POPULAR
462 2538 99 25 FETE,

48 2565 33 23 To
91 2565 111 23 celebrate
212 2565 36 23 the
259 2567 80 22 arrival
350 2569 25 21 of
391 2569 37 21 the
443 2569 48 23 first
505 2571 92 23 Settlers
612 2576 24 17 at

244 2593 54 23 Port
307 2595 129 23 Nicholson.

47 2627 51 48 A
118 2625 110 24 PUBLIC
257 2628 146 23 MEETING
426 2630 44 22 will
494 2632 27 22 be
540 2632 55 22 held
612 2637 24 18 at

111 2679 5 5 %
127 2652 106 23 Barrett's
252 2654 77 28 Hotel,
350 2663 29 14 on
395 2656 103 29 Monday
516 2663 62 23 next,
598 2659 36 23 the

48 2680 52 21 18th
110 2679 91 28 instant,
212 2684 23 19 at
245 2682 26 20 12
281 2682 86 23 o'clock
376 2684 109 28 precisely
494 2689 23 17 to
526 2686 51 22 take
588 2687 48 22 into

48 2706 163 23 consideration
222 2707 37 22 the
269 2708 49 22 best
328 2717 77 15 means
420 2711 26 21 of
461 2712 138 29 celebrating
611 2714 24 22 in

47 2741 14 14 a
80 2741 102 14 popular
202 2742 96 15 manner
322 2736 38 22 the
382 2738 154 28 Anniversary
554 2741 26 21 of
598 2741 37 22 the

47 2760 81 23 arrival
138 2760 27 22 of
175 2760 37 23 the
222 2761 49 22 first
280 2762 91 23 Settlers
380 2764 24 22 in
415 2764 43 22 this
468 2765 69 28 place.

74 2793 145 29 Wellington,
230 2795 52 23 Jan.
295 2798 32 25 14,
340 2799 60 21 1841.

47 2849 90 22 PORT
152 2850 199 23 NICHOLSON
365 2853 197 24 EXCHANGE
578 2859 57 20 and

183 2877 126 22 PUBLIC
328 2880 170 23 LIBRARY.

46 2911 49 48 A
108 2910 147 22 MEETING
271 2912 26 20 of
312 2912 37 22 the
366 2914 111 22 members
491 2915 98 30 forming
598 2918 37 22 the

127 2937 132 22 Committee
280 2939 43 21 will
346 2940 27 21 be
396 2941 54 22 held
471 2946 24 18 at
518 2943 117 24 Barrett's-

46 2963 68 27 hotel,
127 2971 29 14 on
164 2964 101 28 Monday
275 2969 60 24 next,
345 2970 23 18 at
374 2969 12 20 3
395 2967 86 23 o'clock
490 2969 23 22 in
525 2970 36 23 the
568 2972 67 22 after-

48 2997 66 20 noon,
127 2995 22 17 to
160 2991 50 22 take
225 2992 48 21 into
288 2994 163 23 consideration
468 2995 38 23 the
522 3000 113 25 propriety

48 3018 26 21 of
84 3018 96 27 altering
189 3018 38 22 the
238 3018 42 22 site
291 3020 25 21 of
327 3020 37 23 the
374 3021 122 28 Exchange
506 3025 45 21 and
561 3026 74 22 Read-

47 3044 38 28 ing
94 3044 81 23 Room.

281 3073 34 23 W.
328 3074 27 22 V.
367 3075 105 29 Brewer,
486 3077 60 23 Hon.
558 3079 48 22 Sec.

75 3099 101 27 January
186 3100 33 26 15,
231 3101 61 21 1841.

101 3152 100 22 SANK
215 3154 42 20 OF
267 3155 92 21 PORT
373 3158 206 24 NICHOLSON.

48 3186 91 50 THE
154 3187 139 23 Provisional
307 3189 139 30 Committee,
461 3195 24 19 at
497 3193 37 23 the
544 3199 90 23 request

123 3214 26 21 of
159 3221 13 14 a
182 3215 95 22 number
287 3216 26 21 of
324 3216 38 23 the
378 3218 117 29 Colonists,
511 3221 44 28 beg
570 3222 64 23 leave

47 3244 23 18 to
80 3247 120 16 announce
209 3241 48 22 that
267 3250 14 13 a
290 3243 74 27 public
374 3246 99 27 meeting
483 3254 28 15 on
528 3249 38 22 the
583 3250 51 22 sub-

45 3268 48 26 ject
102 3268 45 22 will
158 3268 50 23 take
219 3268 62 26 place
292 3273 22 18 at
323 3270 106 23 Barrett's
444 3273 67 28 hotel,
527 3282 29 15 on
567 3276 67 23 Wed-

48 3295 91 26 nesday,
151 3295 53 22 20th
213 3293 108 31 Januarj',
338 3301 23 18 at
370 3300 24 20 12
405 3299 94 24 o'clock.

73 3322 101 26 January
185 3324 32 24 15,
230 3324 60 21 1841.

1509 2953 142 26 NOTICE.

1315 2985 149 24 Subscribers
1489 2991 23 19 at
1535 2988 84 23 Petoni
1642 2997 42 15 can
1711 2990 77 24 obtain
1818 2991 58 24 their

1283 3026 79 24 papers
1374 3026 30 16 on
1416 3020 140 31 application
1567 3025 23 19 to
1603 3021 49 25 Mr.
1664 3023 23 23 J.
1701 3023 103 30 Telford,
1825 3025 50 23 who

1283 3053 17 23 is
1312 3053 48 22 also
1372 3053 135 24 authorised
1517 3058 23 20 to
1550 3056 88 22 receive
1650 3061 122 26 payments
1784 3057 35 23 for
1830 3058 46 24 this

1282 3093 77 24 paper.

1315 3119 51 24 The
1376 3127 72 24 paper
1459 3121 20 23 is
1491 3129 51 16 now
1554 3126 53 19 sent
1612 3123 75 23 round
1698 3127 22 20 to
1734 3124 143 25 subscribers

1281 3153 23 23 in
1316 3157 68 24 town,
1398 3153 45 24 and
1454 3162 35 16 we
1508 3155 45 24 will
1571 3155 73 25 thank
1663 3165 45 23 any
1726 3158 52 23 who
1790 3158 28 24 do
1836 3164 41 19 not

1282 3190 38 27 get
1330 3186 60 23 their
1400 3195 84 23 papers
1496 3189 123 31 regularly,
1633 3194 23 20 to
1666 3191 71 24 make
1757 3192 38 24 the
1814 3200 63 16 same

1282 3220 83 22 known
1377 3224 23 18 to
1412 3228 35 16 us.
1485 3221 47 24 For
1544 3223 39 23 the
1602 3226 153 23 convenience
1774 3226 26 23 of
1817 3234 59 15 non-

1283 3253 150 29 subscribers,
1444 3262 33 16 we
1488 3255 65 24 leave
1560 3264 84 23 papers
1652 3266 29 15 on
1689 3259 47 23 sale
1745 3263 22 19 at
1776 3259 99 25 Messrs.

1284 3286 84 24 Cooks'
1381 3287 46 23 and
1436 3287 75 25 Durie
1522 3290 44 23 and
1580 3290 55 24 Co's
1646 3296 82 19 stores.

279 3378 22 21 A
316 3378 91 24 CARD.

228 3411 72 21 MR.
328 3413 126 27 PARK,

64 3442 86 23 CIVIL
170 3444 165 24 ENGINEER
355 3447 67 23 AND
442 3449 172 32 SURVEYOR,

91 3477 56 22 Late
158 3477 24 22 of
194 3478 37 22 the
241 3479 136 28 Company's
388 3482 125 30 Surveying
523 3486 62 22 Staff.

278 3533 22 22 A
315 3534 91 24 CARD.

152 3559 75 21 MR.
252 3561 37 20 H.
314 3562 32 21 B.
370 3563 160 28 RELPH,

204 3594 104 15 SURGEON
323 3596 157 23 ACCOUCHEUR,
610 3591 7 13 /

284 3621 121 25 PETONI.

667 2138 89 22 rriHE
770 2139 228 22 UNDERSIGNED
1013 2139 63 23 takes
1092 2140 45 22 this
1150 2145 105 24 opportu-

673 2162 28 24 X
726 2166 48 27 nity
784 2169 23 18 to
815 2169 77 18 return
901 2166 81 22 thanks
989 2167 35 21 for
1032 2167 36 21 the
1076 2167 78 22 liberal
1163 2173 92 22 support

665 2191 27 22 he
699 2193 103 21 received
810 2192 65 22 while
883 2193 22 21 in
913 2193 101 22 business
1022 2201 60 20 upon
1090 2194 38 22 the
1137 2195 64 26 Hutt,
1210 2196 44 21 and

664 2219 53 26 begs
727 2222 22 19 to
758 2219 84 22 inform
849 2219 35 22 his
892 2220 84 22 friends
984 2220 44 22 and
1037 2221 36 22 the
1080 2222 81 27 public,
1172 2223 49 21 that
1226 2223 28 22 he

666 2245 38 22 has
713 2253 50 15 now
774 2246 88 27 opened
873 2246 34 22 his
915 2254 52 14 new
977 2251 59 18 store
1054 2256 60 19 upon
1132 2249 122 22 Thorndon

664 2272 58 27 Flat,
732 2273 74 22 where
816 2273 28 21 he
854 2273 42 22 has
905 2274 66 22 made
981 2282 13 14 a
1004 2278 62 23 great
1076 2275 100 23 addition
1186 2280 23 17 to
1220 2277 35 22 his

664 2300 64 21 usual
736 2301 64 21 stock
810 2300 25 21 of
845 2301 90 21 various
944 2301 95 28 articles,
1052 2303 119 28 especially
1185 2303 71 23 ladies

664 2327 44 21 and
719 2326 119 23 children's
848 2327 100 28 wearing
956 2329 99 27 apparel.

790 2362 88 21 ladies'
894 2369 106 15 wearing
1016 2370 109 15 apparel.

690 2394 75 22 White
781 2395 90 28 printed
892 2396 101 26 muslins,
1017 2404 12 14 a
1049 2397 61 27 large
1127 2398 45 22 and
1187 2399 68 22 select

664 2421 62 22 stock
735 2422 26 22 of
772 2421 89 28 printed
872 2423 87 27 calicos,
970 2423 55 22 ditto
1034 2424 65 21 white
1107 2424 35 22 for
1151 2426 102 28 shirting,

664 2451 59 24 stays
732 2449 26 21 of
769 2449 99 27 superior
877 2449 72 28 make,
965 2450 153 27 underlinens,
1130 2452 59 28 slips,
1201 2454 39 21 &c.
1247 2461 6 19 ;

664 2475 48 27 silk,
720 2479 72 22 straw,
799 2476 44 21 and
849 2476 106 27 gingham
960 2477 108 27 bonnets;
1081 2479 75 27 scarfs,
1166 2480 87 26 shawls,

664 2502 44 22 and
718 2502 104 22 flowered
832 2503 72 22 fronts
911 2511 5 19 ;
936 2504 66 21 white
1019 2505 44 21 and
1079 2505 66 22 black
1160 2508 96 21 worsted

664 2529 44 21 and
728 2532 75 19 cotton
822 2530 114 27 stockings
944 2539 5 18 ;
975 2531 64 22 boots
1059 2532 45 22 and
1122 2532 72 28 shoes,
1213 2534 43 22 silk

664 2556 101 27 mantles,
777 2557 62 27 plain
850 2557 46 22 and
906 2558 53 21 with
970 2565 72 21 capes,
1050 2559 98 28 ribbons,
1160 2561 40 21 &c.

798 2591 68 21 men's
882 2598 107 16 wearing
1005 2600 110 14 apparel.

690 2625 128 26 Consisting
841 2625 27 21 of
888 2626 111 30 superfine
1023 2626 52 22 blue
1096 2627 89 27 jackets
1210 2628 45 23 and

664 2654 106 24 trowsers,
782 2652 113 26 superfine
905 2653 104 26 snooting
1019 2656 61 19 coats
1095 2654 27 21 of
1132 2655 61 22 cloth
1210 2656 44 21 and

664 2678 117 27 cassinett;
802 2678 88 28 jackets
908 2680 24 21 of
948 2680 91 27 fustian,
1057 2681 117 28 corduroy,
1192 2682 62 28 jean,

664 2705 44 22 and
725 2701 58 26 duck
793 2714 5 18 ;
822 2709 102 19 trowsers
942 2707 26 21 of
986 2707 135 28 everlasting
1137 2709 117 28 corduroy,

664 2732 88 28 fustian,
763 2732 119 28 moleskin,
892 2734 131 26 gambroon,
1035 2734 45 22 and
1090 2735 58 22 duck
1156 2744 6 19 ;
1183 2737 72 22 waist-

664 2762 61 19 coats
738 2760 25 21 of
774 2760 91 26 printed
881 2760 81 27 velvet,
981 2760 104 28 valentia,
1103 2762 45 22 and
1166 2766 72 19 tartan
1247 2772 6 19 ;

664 2786 110 27 superfine
782 2786 52 21 blue
842 2786 61 22 cloth
911 2795 59 19 caps,
979 2788 81 21 Scotch
1066 2789 104 28 bonnets,
1180 2790 72 26 shirts,

665 2813 48 26 (red
723 2813 45 22 and
777 2813 70 27 blue,)
863 2813 67 22 white
941 2814 45 22 and
995 2814 84 27 striped
1089 2816 113 28 stockings
1210 2818 45 22 and

664 2840 63 21 socks
737 2840 26 22 of
774 2840 111 27 varieties,
901 2841 64 22 boots
975 2842 45 21 and
1029 2841 65 23 shoes
1104 2844 27 21 of
1142 2844 110 28 varieties,

664 2866 148 27 gentlemen's
831 2866 101 28 dressing
949 2875 78 20 gowns
1045 2870 45 21 and
1109 2870 56 28 pilot
1185 2875 67 25 coats,

664 2894 84 27 braces,
760 2894 40 21 &c.

899 2929 118 16 SUNDRIES.

690 2954 115 27 Blankets,
829 2955 56 27 (red,
905 2955 59 28 blue,
990 2957 46 22 and
1055 2958 83 28 white,)
1160 2960 91 28 flannel,

665 2988 98 21 canvass,
791 2982 118 28 moleskin,
934 2983 97 28 threads,
1059 2988 68 25 tapes,
1153 2986 98 30 buttons,

664 3007 70 23 hooks
742 3009 46 22 and
798 3016 59 20 eyes,
868 3009 99 29 needles,
978 3011 57 28 pins,
1046 3012 40 21 &c.

862 3051 134 21 GROCERIES,
1012 3045 40 21 &C.

690 3077 70 22 Black
775 3077 46 22 and
836 3084 70 20 green
924 3081 43 25 tea,
985 3086 83 21 sugars,
1090 3080 54 26 (raw
1160 3082 46 22 and
1219 3091 35 14 re-

664 3103 77 28 fined,)
756 3104 60 27 blue,
828 3104 62 27 soda,
899 3112 59 21 soap,
967 3106 96 27 candles,
1071 3108 81 28 starch,
1160 3109 91 28 pickles,

663 3131 105 27 mustard,
795 3131 81 27 butter,
900 3131 87 29 cheese,
1005 3134 99 26 tobacco,
1124 3136 67 22 black
1209 3138 45 21 and

663 3157 100 23 Jamaica
772 3165 90 20 pepper,
873 3162 111 24 nutmegs,
993 3160 80 28 cloves,
1082 3162 85 28 ginger,
1176 3164 76 22 cinna-

663 3192 59 19 mon,
734 3192 72 20 curry,
819 3192 108 21 cayenne,
939 3187 52 27 rice,
1002 3186 64 29 flour,
1086 3193 107 23 currants,
1209 3191 45 22 and

662 3211 86 22 raisins.

871 3247 197 16 CONFECTIONARY.

690 3272 80 22 Scotch
781 3280 131 21 carraways,
929 3275 109 27 almonds,
1056 3276 47 27 red,
1120 3277 73 27 white,
1210 3279 46 21 and

662 3298 76 22 brown
749 3299 80 27 candy,
840 3300 87 22 refined
936 3301 114 29 liquorice,
1066 3303 62 28 pink,
1139 3305 59 27 pine,
1210 3306 45 21 and

662 3326 107 28 liquorice
781 3325 125 29 jub-jubes.

862 3369 138 21 HARDWARE,
1016 3364 40 22 &C.

690 3394 93 27 Knives,
802 3395 102 28 scizzors,
921 3404 83 21 razors,
1021 3397 68 29 locks,
1106 3399 87 28 hinges,
1210 3400 45 22 and

664 3421 131 23 fish-hooks.

772 3456 120 16 CROCKERY
908 3458 24 14 IN
949 3459 75 15 GREAT
1039 3460 106 15 VARIETY.

1003 3487 30 21 A.
1049 3487 207 24 HORNBROOK.

691 3509 146 29 Wellington,
848 3511 61 22 Nov.
919 3514 20 26 6,
952 3514 62 21 1840.

820 3566 44 22 TO
880 3567 70 21 THE
965 3568 136 22 PUBLIC.

667 3599 158 49 MESSRS.
862 3600 162 29 WALLACE,
1063 3602 113 29 WHITE,
1212 3604 45 22 and

756 3627 155 22 WALLA.CE
939 3628 57 23 have
1004 3629 48 27 just
1061 3630 89 28 landed,
1171 3638 29 15 ex
1217 3631 38 22 the

815 3661 28 14 an
864 3656 115 21 extensive
1003 3660 134 20 assortment
1156 3658 27 22 of
1198 3662 57 24 pots,

666 3679 86 29 kettles,
769 3688 132 20 saucepans,
916 3682 40 22 flat
964 3682 67 27 irons,
1050 3684 45 22 and
1111 3685 64 22 other
1184 3686 73 21 useful

666 3707 94 28 articles,
779 3708 72 23 which
868 3708 53 28 they
938 3717 39 14 are
987 3710 79 28 selling
1076 3715 23 18 at
1110 3712 146 28 exceedingly

666 3733 42 22 low
716 3735 78 27 prices,
815 3739 23 18 at
854 3735 58 22 their
922 3737 71 27 Store,
1014 3744 29 15 on
1059 3738 35 22 the
1105 3739 71 22 beach
1186 3740 70 22 above

667 3761 89 23 Messrs.
767 3762 92 23 Hunter
866 3764 45 21 and
922 3764 52 22 Co's
984 3764 147 23 warehouses.

86 3675 45 21 TO
146 3676 70 20 THE
232 3676 116 23 HEADS
363 3679 42 21 OF
419 3680 181 25 FAMILIES.

48 3710 50 48 A
115 3708 149 24 MARRIED
288 3710 93 30 LADY,
402 3713 50 27 just
469 3715 87 23 arrived
578 3717 58 23 from

127 3736 168 27 England.and
304 3738 54 28 long
367 3741 142 22 accustomed
517 3746 22 18 to
548 3743 87 24 tuition,

47 3763 74 22 would
140 3763 28 22 be
187 3763 74 28 happy
280 3768 22 19 to
318 3766 77 22 attend
414 3766 96 24 families
526 3776 23 16 as
568 3771 68 26 Daily

48 3790 134 22 Governess.
210 3790 44 23 She
269 3791 84 23 flatters
367 3793 86 23 herself
467 3795 40 22 she
515 3796 20 22 is
545 3799 91 26 capable

47 3818 27 21 of
84 3818 135 27 instructing
227 3818 24 21 in
262 3818 37 23 the
309 3820 64 21 usual
389 3821 110 23 branches
515 3823 26 22 of
556 3825 80 23 female

48 3844 126 28 education,
191 3844 53 23 with
261 3846 88 22 French
365 3848 45 22 and
426 3849 86 26 music,
531 3851 50 27 viz.,
600 3853 36 22 the

47 3871 63 29 harp,
121 3871 141 27 piano-forte,
278 3874 80 27 guitar,
375 3874 46 22 and
435 3876 95 28 singing.
560 3879 76 23 Terms

50 3899 120 22 moderate.
200 3899 67 22 Cards
278 3900 42 22 will
331 3901 27 21 be
368 3902 39 22 left
413 3905 25 19 at
445 3903 106 25 Barrett's
560 3907 68 22 Hotel

52 3926 142 25 Wellington.

828 3816 139 22 STRONG
978 3818 114 23 SHOES.

668 3841 87 48 FOR
773 3842 78 23 SALE
872 3845 41 20 100
935 3845 59 27 pairs
1012 3847 72 21 men's
1100 3850 77 25 strong
1194 3848 62 22 boots

738 3869 44 22 and
792 3870 64 22 shoes
868 3878 52 20 very
933 3872 77 28 cheap.

692 3931 26 7 ...
734 3931 22 7 „.
845 3908 4 4 '
962 3907 27 21 ft-
1007 3908 21 21 S.
1046 3908 76 23 DuniL
1135 3910 44 22 and
1190 3911 38 22 Co.

695 3932 141 27 Wellington,
847 3932 100 29 January
959 3936 20 25 8,
993 3936 58 21 1811.

1514 120 139 21 NOTICE.

1289 154 94 48 ANY
1401 161 81 20 person
1500 153 99 22 desirous
1616 152 27 21 of
1659 152 103 27 building
1779 159 28 14 on
1824 151 56 22 land

1366 180 117 26 adjoining
1493 180 37 21 the
1541 183 66 22 town,
1626 186 42 14 can
1677 185 95 21 procure
1781 178 54 21 land
1845 178 35 21 for

1289 208 37 21 the
1335 213 95 23 purpose
1437 206 49 21 free
1497 206 26 21 of
1532 208 58 24 rent,
1606 205 31 26 by
1652 205 108 27 applying
1769 208 23 17 to
1803 205 77 20 James

1290 234 67 25 Watt,
1369 233 54 27 Esq.

1392 286 106 21 TOWN
1512 285 113 21 ACRES
1641 286 43 19 TO
1699 285 75 20 LET.

1288 319 180 49 NUMBERS
1480 326 28 14 on
1518 318 38 22 the
1567 317 241 28 Surveyor-General's
1818 324 60 20 map,

1427 347 42 19 510
1577 346 41 19 263
1729 346 26 19 98

1315 372 45 22 For
1367 372 133 27 particulars
1510 372 66 26 apply
1586 373 22 19 to
1619 370 106 27 Wallace,
1736 370 83 26 White,
1835 370 45 21 and

1289 398 107 22 Wallace.

1315 425 155 26 Welllington,
1481 423 52 22 Jan.
1544 425 20 25 6,
1576 424 62 21 1841.

1289 478 68 47 TO
1371 477 39 22 BE
1426 476 86 28 SOLD,
1524 485 26 13 or
1560 476 132 27 exchanged
1701 477 35 21 for
1746 483 80 19 mares,
1835 483 43 14 one

1362 504 45 26 bay
1425 502 73 27 horse,
1515 503 126 22 warranted
1660 503 39 22 the
1715 504 50 21 best
1784 502 96 27 draught

1288 531 64 21 horse
1361 530 25 21 in
1396 530 37 21 the
1444 530 93 26 Colony,
1550 529 45 22 and
1605 537 44 14 one
1658 537 55 20 grey
1723 530 73 21 horse.

1314 557 32 21 To
1355 556 29 22 be
1394 556 56 26 sold,
1463 563 24 14 or
1497 556 133 27 exchanged
1638 556 35 22 for
1683 563 66 19 cows,
1757 556 12 21 5
1779 556 100 26 superior

1288 583 100 27 working
1397 582 109 23 bullocks.

1635 610 21 21 J.
1673 610 24 21 C.
1714 610 136 21 Crawford.

160 129 242 25 GOVERNMENT
420 127 138 25 NOTICE.

367 166 74 22 Police
451 165 78 27 Office,

255 194 52 21 Port
316 193 128 26 Nicholson,
456 192 52 21 Jan.
520 193 31 26 14,
564 193 60 20 1841.

72 228 128 22 NOTICE
215 228 43 20 TO
269 225 239 22 PROPRIETORS
517 226 42 20 OF
570 225 80 21 CAT-

240 254 74 24 TLE,
329 252 86 24 PIGS,
431 252 44 20 &c.

230 287 26 21 is
273 285 125 22 HEREBY
419 285 105 26 GIVEN,
547 285 32 26 (in
598 292 52 15 con-

69 307 44 30 XN
132 314 127 32 J&equence
267 312 25 21 of
298 312 37 21 the
342 315 63 24 great
412 311 92 28 damage
514 311 69 27 lately
593 312 57 21 done

67 346 23 17 to
101 341 144 25 th»growing
251 340 81 25 crops,)
343 339 48 20 that
398 338 29 21 all
435 339 80 26 parties
521 338 129 27 permitting

59 364 69 27 -/theij?
143 366 78 27 Cattle,
239 366 57 25 Pigs,
317 365 48 26 &c,
384 373 28 13 to
430 372 71 14 stray
521 372 79 20 about,
622 371 28 14 or

40 398 136 19 H-'trespass
193 399 55 14 upon
265 398 112 14 enclosed
393 398 67 19 land,
476 391 45 21 will
534 391 27 21 be
572 391 78 21 imme-

67 419 83 27 diately
160 417 123 29 proceeded
290 418 91 27 against,
391 417 45 22 and
443 417 110 27 punished
560 417 90 22 accord-

68 447 38 26 ing
116 450 23 17 to
148 445 47 21 law.

266 470 145 22 MICHAEL
426 469 141 26 MURPHY,

334 497 66 21 Chief
412 496 74 22 Police
497 496 137 26 Magistrate.

676 136 86 70 k.
805 125 86 20 SALE
906 125 49 20 BY
969 124 165 21 AUCTION.

744 158 93 22 ESSRS.
853 158 95 20 WADE
963 157 44 21 will
1020 157 44 21 Sell
1073 157 30 27 by
1114 157 78 21 Public
1202 157 61 21 Auc-

769 185 55 25 tion,
839 191 29 14 on
885 184 111 26 Tuesday,
1014 184 37 21 the
1068 183 52 22 18th
1134 184 91 25 instant,
1241 186 23 18 at

679 212 105 20 Barrett's
795 210 76 26 Hotel,
882 213 22 18 at
915 212 26 19 12
950 210 85 22 o'clock
1045 209 114 27 precisely,
1170 209 94 22 without

678 245 93 18 reserve,
784 241 21 18 to
815 236 59 22 close
885 236 43 23 Mr.
940 236 84 28 Bligh's
1034 236 172 26 consignments,

703 272 15 20 2
727 271 111 21 excellent
848 278 64 19 cows,
926 271 23 21 in
960 270 42 22 full
1010 269 61 23 milk.

704 299 13 19 3
728 297 61 26 ditto,
802 297 25 21 fit
835 297 36 21 for
880 297 36 21 the
925 297 101 22 butcher.

703 325 15 19 4
727 323 44 21 fine
782 330 75 20 young
867 323 88 27 heifers,
970 323 25 22 fit
1004 323 34 21 for
1047 322 36 22 the
1093 322 100 22 butcher.

702 351 16 19 4
727 350 55 21 ditto
793 349 107 28 bullocks,
910 350 57 21 ditto
977 350 63 21 ditto.
1088 365 3 5 .

704 377 11 19 1
727 375 66 23 tiefc
804 376 98 27 tobacco,
918 384 54 19 very
983 375 116 23 excellent.

703 403 14 20 6
726 403 48 33 pair
784 402 110 22 excellent
902 403 110 26 blankets,
1027 401 46 23 real
1082 401 97 28 Witney.

703 429 14 20 6
726 429 83 21 barrels
819 429 129 21 Stockholm
958 432 41 18 tar.

704 456 11 19 1
727 455 62 26 piece
797 455 38 21 red
845 455 91 22 flannel.

699 483 17 24 §
726 481 63 21 hhds.
801 481 94 27 brandy.

676 514 77 23 Terms
761 523 4 12 :
789 518 42 19 two
847 515 98 22 months'
962 515 70 22 credit
1050 522 29 15 on
1096 514 111 28 approved
1223 521 39 15 en-

847 542 80 21 dorsed
937 545 152 23 acceptances.

702 574 49 22 P.S.
752 587 27 2 —
780 574 47 22 The
836 582 59 14 cows
904 575 45 21 and
958 575 82 21 heifers
1050 582 36 14 are
1096 575 23 20 in
1128 573 47 23 calf
1186 577 22 17 to
1216 573 44 23 Mr.

684 601 112 21 Sinclair's
805 601 87 21 famous
902 608 54 20 pure
967 601 110 26 imported
1085 601 103 21 Durham
1197 600 55 22 bull.

156 551 244 24 GOVERNMENT
418 550 138 23 NOTICE.

323 589 73 22 Police
407 588 77 27 Office,

250 617 53 21 Port
311 615 130 27 Nicholson,
452 615 51 21 Jan.
516 615 32 26 15,
560 616 60 20 1840.

64 652 129 21 NOTICE
218 651 43 20 TO
290 649 177 24 SAWYERS,
491 648 157 21 CUTTING

251 676 146 24 TIMBER,
417 676 44 20 &c.

63 710 91 49 ALL
169 709 136 27 PARTIES,
326 709 99 26 Sawyers
444 708 45 22 and
508 708 81 26 others,
609 714 37 15 are

141 737 82 26 hereby
234 735 88 22 warned
336 735 57 21 from
403 735 99 26 erecting
511 735 44 26 pits
565 742 25 14 or
599 737 48 19 cut-

62 765 48 25 ting
120 770 28 14 on
163 763 54 21 land
233 766 41 17 not
288 762 56 21 their
360 769 47 14 own
426 765 109 23 property,
554 761 93 21 without

62 789 127 28 previously
206 789 84 26 having
307 788 101 22 received
422 788 138 26 permission,
578 788 20 21 if
617 794 29 14 on

61 817 85 25 private
156 815 60 26 land,
227 815 45 21 and
285 815 20 21 if
316 822 28 14 on
360 815 155 21 Government
530 821 25 15 or
571 813 75 22 native

61 841 60 27 land,
134 842 105 31 applying
248 842 35 20 for
292 841 45 21 and
346 841 115 26 obtaining
470 841 58 21 from
542 840 38 22 the
595 847 51 21 pro-

60 876 40 21 per
109 869 129 21 authorities
248 876 14 13 a
270 867 91 22 license.

262 901 145 22 MICHAEL
422 900 140 27 MURPHY,

331 928 67 21 Chief
408 928 74 21 Police
493 928 137 26 Magistrate.

1509 664 147 20 TIMBER.

1289 697 182 49 SEASONED
1481 697 88 26 boards,
1581 698 10 20 1
1602 697 40 26 in.,
1654 697 10 24 |
1675 696 39 27 in.,
1725 695 44 23 and
1781 697 10 24 1
1803 695 28 22 in.

1367 718 108 27 Weather
1484 723 89 21 boards.

1367 750 118 26 Scantling
1496 750 25 20 of
1532 749 30 22 all
1572 749 63 22 sizes.

1367 777 99 26 Norway
1477 776 67 22 deals.

1367 803 103 22 Battens.

1365 831 28 20 50
1404 831 59 26 pairs
1472 829 88 22 French
1570 829 112 28 windows,
1693 833 43 19 two
1748 829 63 23 sizes.

1366 856 126 22 Pannelled
1503 856 72 22 doors.

1463 890 26 21 T.
1504 890 33 21 M.
1553 888 184 23 PARTRIDGE
1749 888 45 22 and
1804 888 45 22 CO.

1286 925 194 25 Manners-street,
1491 923 146 27 Wellington,

1334 953 33 19 Ist
1377 951 133 26 December,
1523 952 60 20 1840.

1493 1006 69 20 FOR
1577 1005 94 26 SALE,

1288 1040 42 20 /^
1341 1038 64 22 OOD
1416 1037 84 28 sherry,
1511 1038 23 21 in
1546 1041 91 25 quarter
1646 1038 71 22 casks.

1288 1059 52 28 \JT
1367 1064 113 28 Crockery
1491 1065 44 21 and
1544 1067 126 20 iron-stone
1680 1072 66 15 ware.

1313 1091 122 27 Eight-day
1445 1092 46 20 and
1501 1092 75 21 Dutch
1588 1091 83 22 clocks.

1313 1118 100 26 Fowling
1423 1118 81 26 pieces,
1514 1118 106 26 muskets,
1631 1118 46 21 and
1685 1118 129 21 umbrellas.

1313 1146 104 30 Cooper's
1428 1148 66 23 \vare,
1506 1144 54 22 such
1571 1151 23 14 as
1604 1144 100 27 buckets,
1717 1144 90 27 churns,
1818 1145 58 26 tubs,

1286 1172 114 26 kneading
1409 1171 98 27 troughs,
1519 1172 41 21 &c.
1571 1171 40 21 &c.
1623 1171 39 21 &c.

1312 1198 97 22 Brushes
1421 1197 26 22 of
1458 1198 30 21 all
1498 1198 73 21 kinds.

1525 1231 27 22 T.
1565 1231 32 22 M.
1609 1231 135 23 Partridge
1755 1232 46 22 and
1811 1232 38 22 Co.

1311 1266 127 22 December
1448 1267 34 25 24,
1496 1266 59 21 1840.

847 655 127 19 PUBLIC
989 654 94 20 SALE.

676 688 157 47 MESSRS.
849 687 149 22 BETHUNE
1014 687 44 21 and
1075 687 130 22 HUNTER
1216 686 45 22 will

765 714 45 22 Sell
819 714 30 27 by
859 714 106 26 Auction,
977 721 30 14 on
1014 713 109 27 Tuesday,
1133 714 37 21 the
1179 713 51 22 19th
1238 714 26 21 of

676 740 105 28 January,
802 744 23 18 at
842 742 27 20 12
887 740 94 27 o'clock,
1000 747 29 15 ex
1047 740 36 21 the
1134 740 60 22 Lord
1212 740 49 22 Sid-

701 793 51 22 Van
769 794 116 21 Dieman's
903 793 66 22 Land
984 793 99 27 Timber,
1101 794 68 21 about
1184 795 76 25 60,000

675 819 50 27 feet,
744 820 123 27 consisting
887 820 26 21 of
930 820 116 34 planking,
1067 820 72 27 joists,
1163 820 95 27 battens,

674 847 133 27 quartering,
827 847 48 26 &c,
896 847 26 21 of
942 846 99 23 assorted
1057 847 102 27 lengths;

674 873 108 27 shingles;
799 875 77 25 60,000
885 873 66 22 laths.

700 900 75 27 Sugar,
788 900 26 21 of
824 899 45 22 fine
879 900 86 27 quality
972 908 5 19 ;
993 900 76 21 coffee.

699 926 52 21 Van
763 927 115 21 Dieman's
885 927 65 21 Land
959 934 114 20 preserves
1080 927 26 22 of
1113 927 43 21 this
1162 927 98 22 season's

674 960 57 19 crop,
743 961 54 19 very
807 953 52 21 fine.

699 979 50 22 Red
758 981 57 20 wine
825 980 22 21 in
857 979 73 26 hhds.,
939 979 111 22 Teneriffe
1058 980 24 21 in
1091 982 90 26 quarter
1188 980 70 21 casks.

700 1007 88 21 Bottled
798 1010 51 24 port
859 1007 44 20 and
912 1007 79 27 sherry
999 1006 24 21 in
1033 1014 68 19 cases,
1121 1007 44 21 and
1174 1006 86 23 bottled

673 1033 41 21 ale.

699 1059 88 28 Europe
798 1059 44 22 and
852 1060 46 21 coir
910 1067 62 20 rope,
991 1059 87 28 oakum,
1097 1066 99 21 canvass,
1214 1061 52 21 and'

672 1086 73 22 twine.

697 1114 13 20 2
720 1113 82 28 fishing
812 1113 80 21 seines.

698 1139 107 22 Derwent
814 1140 54 21 seed
876 1143 102 24 potatoes
989 1139 46 22 and
1045 1139 52 22 seed
1106 1147 60 20 peas.

699 1166 69 27 Nails,
780 1167 112 26 assorted;
908 1167 47 27 slop
967 1167 104 26 clothing.

699 1193 71 28 Ship's
780 1193 88 27 biscuit,
880 1193 45 22 and
934 1193 64 22 other
1007 1193 95 22 articles.

934 1228 63 19 ALSO,

697 1246 53 22 Two
758 1247 71 21 Town
840 1247 77 26 Acres,
929 1247 55 22 Nos.
1000 1247 42 21 454
1057 1247 45 21 and
1118 1248 40 21 895
1176 1254 29 14 on
1221 1247 37 22 the

672 1273 237 28 Surveyor-General's
927 1281 59 20 map.
1015 1273 42 21 No.
1075 1275 41 20 454
1130 1275 19 20 is
1168 1273 91 28 already

671 1299 101 22 enclosed
793 1300 43 21 and
856 1300 72 21 under
948 1300 136 27 cultivation,
1107 1301 45 21 and
1168 1300 44 21 will
1231 1301 27 22 be

671 1327 141 21 sub-divided
822 1327 47 21 into
876 1327 103 27 building
985 1327 43 21 lots
1036 1330 22 18 to
1068 1327 45 21 suit
1119 1327 138 28 purchasers.

671 1353 61 26 Also,
744 1353 37 22 the
791 1353 100 28 Country
902 1354 101 21 Sections
1020 1353 121 28 belonging
1157 1357 22 18 to
1197 1353 61 23 these

671 1380 92 22 choices.
1259 1384 9 19 J

871 1414 74 15 TERMS
955 1415 29 14 AT
995 1414 62 15 SALE.

291 981 237 27 Surveyor-General's
538 981 78 27 Office,

358 1010 100 25 January
468 1010 19 25 7,
502 1010 60 19 1841.

59 1042 145 50 NOTICE
215 1042 26 22 IS
254 1042 125 22 HEREBY
389 1041 107 26 GIVEN,
508 1041 48 21 that
562 1041 83 22 hence-

139 1069 101 26 forward,
250 1069 24 21 in
286 1069 64 21 order
360 1073 21 17 to
391 1069 50 26 give
452 1069 53 21 time
520 1068 34 22 for
568 1067 76 22 Land-

59 1103 85 15 owners
160 1096 43 21 and
221 1096 86 26 Agents
323 1099 22 17 to
360 1096 87 27 inspect
462 1095 95 21 districts
572 1094 73 22 under

57 1130 87 19 survey,
161 1122 47 22 that
222 1122 37 21 the
275 1122 105 21 selection
398 1122 25 22 of
440 1121 55 22 such
509 1121 96 22 sections
620 1128 24 15 as

58 1156 51 21 may
119 1149 28 21 be
157 1149 67 27 ready
234 1149 45 21 will
289 1149 50 21 take
348 1149 62 26 place
421 1156 28 13 on
459 1148 38 21 the
507 1148 48 22 first
561 1148 83 22 Thurs-

58 1176 43 27 day
109 1175 23 21 in
149 1183 66 24 every
229 1175 85 26 month,
332 1175 75 22 unless
424 1182 28 14 an
469 1175 176 21 advertisement

57 1209 92 21 appears
159 1205 21 18 to
192 1202 35 22 the
238 1206 111 23 contrary.

85 1236 35 21 On
145 1235 61 22 these
230 1235 114 22 occasions
366 1235 30 21 all
424 1235 151 21 Landowners
598 1234 45 22 and

57 1263 87 27 Agents
154 1262 48 21 who
220 1261 44 22 still
279 1262 56 21 have
352 1261 56 22 their
425 1262 87 21 choices
530 1265 21 18 to
568 1261 73 27 make,

56 1296 37 14 are
102 1288 118 27 requested
229 1292 23 17 to
269 1288 83 27 attend,
370 1296 23 13 as
407 1288 19 21 it
441 1288 18 21 is
475 1288 127 27 impossible
620 1291 23 18 to

56 1323 39 19 say
104 1318 22 18 to
134 1315 59 21 what
200 1315 95 21 number
302 1315 37 22 the
346 1315 75 22 choice
429 1322 52 19 may
489 1315 75 21 reach.
589 1315 54 26 Any

55 1341 78 23 holder
144 1342 24 21 of
179 1349 14 14 a
201 1341 53 22 land
273 1342 64 21 order
351 1342 98 26 residing
462 1342 24 21 in
503 1341 37 22 the
556 1342 86 26 Colony

55 1369 49 22 who
115 1368 52 22 does
178 1372 39 17 not
226 1368 83 27 attend,
321 1368 44 21 will
375 1369 27 20 be
410 1368 131 21 considered
552 1371 22 18 to
585 1368 57 21 have

54 1395 104 22 reserved
167 1395 34 21 his
212 1394 82 26 choice,
307 1395 74 22 unless
392 1402 62 15 some
462 1395 63 22 other
535 1402 80 20 person
623 1395 19 21 is

56 1421 97 28 deputed
162 1425 22 17 to
196 1421 79 22 choose
286 1422 34 21 for
329 1422 53 21 him.

219 1455 34 21 W.
269 1455 33 21 M.
318 1455 106 27 SMITH,
436 1455 63 27 Capt.
509 1455 67 27 R.A.,

398 1483 119 26 Surveyor-
521 1481 105 23 General.

1338 1320 241 21 WELLINGTON
1594 1320 76 21 AND
1682 1320 139 22 PETONI.

1318 1357 72 24 *£5?-
1401 1353 42 28 HP
1447 1351 45 22 HE
1519 1351 46 22 fine
1590 1351 45 22 fast
1660 1353 82 26 sailing
1768 1353 110 22 schooner

1300 1373 93 39 j^SSS^
1407 1373 28 26 X
1465 1379 83 21 SAND
1564 1378 66 27 FLY,
1638 1379 26 21 of
1677 1381 26 20 16
1713 1382 51 19 tons
1771 1379 104 28 burthen,

1287 1401 155 28 «£sc2s*will
1452 1405 96 28 proceed
1558 1405 61 27 daily
1629 1405 100 23 between
1738 1406 139 28 Wellington

1285 1431 45 22 and
1341 1432 87 23 Petoni.

1311 1465 46 22 For
1364 1466 83 26 freight
1456 1473 25 14 or
1491 1473 98 20 passage,
1602 1466 74 28 apply,
1687 1470 24 18 at
1720 1467 155 27 Welllington,

1285 1495 21 18 to
1321 1492 25 21 A.
1358 1492 139 23 Hornbrook
1506 1501 24 14 or
1540 1494 29 21 A.
1582 1493 58 22 Hort
1647 1502 5 13 :
1673 1497 24 18 at
1712 1494 86 26 Petoni,
1814 1498 22 18 to
1854 1494 21 22 J.

1285 1518 96 23 Telford.

1311 1546 102 27 January
1424 1548 32 25 18,
1470 1548 60 21 1841.

287 1535 238 32 Surveyor-General's
535 1536 77 27 Office,

353 1565 101 25 January
464 1564 19 25 7,
498 1565 60 19 1841.

56 1596 202 49 SURVEYORS
273 1596 143 22 WANTED.
446 1596 43 21 For
499 1596 86 22 further
591 1604 50 20 par-

119 1623 89 22 ticulars
219 1623 67 27 apply
295 1626 23 19 at
332 1623 42 22 this
388 1622 78 28 Office,
484 1624 102 21 between
602 1623 38 22 the

53 1650 67 23 hours
130 1650 26 21 of
167 1652 13 19 9
190 1650 44 21 and
243 1652 21 19 4.

217 1684 33 22 W.
268 1685 33 21 M.
316 1685 106 27 SMITH,
434 1685 63 28 Capt.
508 1685 67 27 R.A.,

397 1712 229 27 Surveyor-General.

664 1478 4 4 .
691 1461 126 21 PUBLIC
841 1462 88 20 SALE
954 1462 48 20 AT
1026 1462 71 20 THE
1122 1462 113 21 RIVER

910 1489 105 20 HUTT.

671 1521 158 48 MESSRS.
844 1521 150 22 BETHUNE
1010 1522 44 21 and
1068 1522 131 23 HUNTER
1212 1516 45 28 will

760 1548 46 22 Sell
815 1548 30 27 by
855 1549 107 25 Auction,
974 1555 28 15 on
1013 1549 37 21 the
1058 1549 52 21 27th
1118 1549 107 27 January,
1235 1553 24 18 at

669 1574 37 22 the
723 1575 115 21 residence
856 1575 26 21 of
901 1575 37 21 the
955 1575 44 21 late
1017 1575 44 21 Mr.
1078 1576 79 27 Eaton,
1176 1584 29 14 on
1220 1576 37 22 the

669 1602 67 21 River
746 1602 65 26 Hutt,
824 1602 37 20 the
872 1602 70 21 whole
953 1602 101 27 growing
1064 1610 59 20 crop,
1136 1603 121 27 consisting

669 1629 25 21 of
704 1628 78 27 wheat,
794 1635 59 21 peas,
864 1632 108 24 potatoes,
984 1629 116 27 cabbages,
1116 1630 51 21 beet
1181 1630 75 26 beans,

668 1656 47 26 &c,
733 1655 29 21 all
779 1655 73 21 raised
871 1656 58 20 from
949 1655 107 27 carefully
1075 1657 120 26 preserved
1212 1657 45 22 and

668 1682 99 27 superior
777 1682 94 27 English
882 1682 59 22 seed.
