4240 5920
203 203 76 29 THE
300 203 210 29 ESTIMATES.

226 278 220 29 WELLINGTON,
462 280 99 23 August
574 281 35 22 20.

102 308 59 31 Only
169 308 81 24 formal
259 308 104 25 business
375 317 46 17 was
437 309 69 24 taken
517 309 121 31 yesterday

75 341 118 22 afternoon
203 340 77 24 before
294 341 40 23 the
345 341 77 23 House
433 343 61 21 went
511 342 49 22 into
574 340 48 24 Com-

74 371 81 24 mittee
164 371 24 24 of
197 370 88 32 Supply
295 372 37 24 for
348 372 40 24 the
404 372 89 23 further
510 371 114 24 considera-

73 402 49 23 tion
132 402 24 23 of
166 402 39 24 the
216 402 131 24 Estimates.

102 432 22 23 A
134 433 122 29 beginning
266 440 47 16 was
329 433 66 23 made
408 433 57 23 with
481 433 39 23 the
537 431 101 25 Colonial

74 461 140 30 Secretary's
237 463 158 29 Department.
437 463 142 27 Concerning
599 461 39 22 the

74 492 56 23 item
140 492 23 23 of
173 493 61 23 £4OO
243 492 35 23 for
288 492 40 23 the
337 493 77 29 salary
423 492 24 23 of
457 492 39 23 the
506 491 99 23 member
615 490 23 22 of

75 522 38 23 the
119 522 124 23 Executive
249 522 95 24 Council
349 523 155 30 representing
509 522 40 23 the
553 520 85 24 Native

74 560 60 21 race,
149 552 39 25 Mr
205 553 125 24 Earnahaw
346 552 104 31 inquired
473 551 103 24 whether
597 551 38 23 the

75 583 60 22 Hon.
148 583 38 22 Mr
195 583 88 23 Carroll
294 590 46 15 was
350 583 113 29 receiving
473 581 42 24 full
525 581 112 29 salary.—

73 613 50 24 The
137 612 101 25 Premier
254 613 87 36 replied
358 612 52 24 that
429 612 40 23 the
484 612 106 23 Minister
604 617 22 16 re-

73 643 132 31 presenting
215 643 40 23 the
265 643 86 25 Native
366 650 51 16 race
428 650 45 15 was
487 644 41 20 not
544 641 94 29 holding

73 680 47 24 any
128 673 64 24 office
208 673 73 24 under
298 673 39 23 the
354 673 60 24 Civil
430 673 46 23 list.
507 671 48 24 The
565 670 72 24 whole

74 704 99 30 position
189 704 46 24 had
250 704 56 23 been
322 703 126 24 submitted
466 705 24 21 to
508 702 39 23 the
556 702 80 23 Crown

75 735 53 23 Law
138 734 100 29 Officers,
250 734 45 23 and
312 734 39 23 the
360 734 155 23 Government
524 740 59 15 were
596 732 26 23 ad-

73 764 64 24 vised
148 764 31 31 by
189 765 62 23 them
266 765 24 23 in
300 764 63 24 what
379 764 55 29 they
443 763 45 23 had
503 761 134 25 done.—Mr

74 795 79 24 Pirani
162 794 127 25 contended
305 795 53 24 that
374 802 25 16 as
415 794 39 24 the
463 793 60 24 Hon.
536 793 38 24 Mr
584 792 39 25 Car-

74 826 43 23 roll
127 825 52 24 held
190 826 39 23 the
239 826 64 22 office
318 826 23 22 of
351 824 102 24 Colonial
463 825 118 27 Secretary
591 823 45 23 and

73 855 174 23 Commissioner
262 855 25 22 of
302 854 91 29 Stamps
409 854 29 22 he
453 853 82 23 should
546 853 27 22 be
583 852 52 30 paid

74 885 39 22 the
122 884 43 22 full
175 884 82 29 salary,
269 884 44 22 and
330 883 38 23 Mr
383 883 90 23 Seddon
489 882 112 28 promised
612 884 24 19 to

73 915 66 29 again
149 913 90 25 consult
257 913 38 24 the
306 913 82 25 Crown
398 913 54 23 Law
461 913 87 23 officers
557 920 29 15 on
597 911 39 24 the

73 945 71 30 point.

101 980 48 24 The
163 980 56 23 item
235 981 98 27 £16,600
351 980 35 22 for
406 979 39 23 the
463 978 113 24 Electoral
593 978 27 22 De-

71 1012 117 30 partment
198 1010 73 23 raised
288 1017 14 15 a
318 1010 53 28 long
380 1009 132 26 discussion,
524 1008 111 22 members

71 1039 106 31 bringing
187 1047 32 23 up
228 1040 91 23 various
332 1039 131 29 grievances
480 1038 24 23 in
518 1037 81 30 regard
610 1040 24 20 to

71 1071 40 23 the
127 1070 103 29 printing
246 1070 24 22 of
285 1069 39 23 the
342 1068 61 28 rolls,
421 1068 98 23 conduct
536 1068 23 22 of
577 1068 44 22 elec-

70 1100 68 28 tions,
142 1099 125 24 etc.—The
275 1098 106 24 Minister
387 1098 24 22 of
420 1097 83 23 Works
513 1096 120 30 explained

71 1130 52 23 that
131 1130 39 23 the
177 1136 79 16 reason
264 1129 52 29 why
321 1129 39 22 the
367 1130 92 28 present
464 1127 107 23 electoral
578 1126 55 23 rolls

70 1166 59 18 were
137 1160 93 30 printed
240 1166 47 17 was
297 1159 94 23 because
401 1158 65 23 there
480 1164 59 15 were
555 1164 60 15 nume-

69 1199 52 17 rous
130 1189 151 32 applications
290 1190 59 24 from
358 1188 80 32 people
448 1188 50 24 who
506 1186 90 25 wanted
607 1188 25 23 to

68 1230 38 15 see
115 1221 60 24 their
184 1228 78 16 names
271 1229 29 13 on
308 1221 40 22 the
353 1219 61 23 rolls.
445 1219 28 22 In
480 1226 67 21 many
556 1218 75 28 places

69 1252 66 23 there
149 1258 47 15 was
212 1252 42 21 not
269 1257 14 16 a
299 1249 73 29 single
388 1248 106 24 electoral
510 1247 43 23 roll
563 1249 25 21 to
603 1247 27 23 be

69 1282 113 23 obtained.
214 1280 73 23 There
297 1278 75 24 would
380 1278 28 23 be
415 1285 30 16 no
452 1280 65 21 extra
524 1284 104 22 expense,

69 1319 25 15 as
113 1312 22 22 in
155 1317 61 17 some
235 1317 62 15 cases
315 1316 30 15 no
363 1308 122 23 alteration
506 1306 75 24 would
600 1306 28 23 be

68 1340 158 32 required-for
243 1339 39 24 the
299 1338 97 24 General
415 1336 171 25 Election.—ln
595 1343 22 16 re-

68 1372 57 54 fard
142 1373 24 23 to
182 1371 39 23 the
238 1370 105 30 question
360 1369 23 24 of
398 1369 103 30 printing
518 1367 39 25 the
567 1367 61 28 rolls,

83 1402 23 24 lr
116 1401 117 24 L'rowther
243 1400 101 30 brought
351 1407 33 23 up
393 1400 40 23 the
443 1406 49 16 case
502 1399 23 22 of
535 1399 39 22 the
584 1399 46 22 late

68 1433 38 23 Mr
125 1431 73 28 Field,
219 1432 24 22 in
262 1431 75 23 which
356 1430 39 23 the
414 1429 80 23 Public
517 1428 113 24 Petitions

68 1463 137 24 Committee
218 1461 46 24 had
280 1459 169 25 recommended
466 1459 39 23 the
522 1461 108 27 payment

69 1494 23 23 of
121 1493 46 24 £93
195 1500 24 16 as
243 1491 168 30 compensation
435 1497 28 16 on
487 1491 96 21 account
606 1488 24 24 of

68 1524 41 24 the
125 1526 153 20 Government
294 1522 84 29 having
395 1520 68 23 taken
478 1520 40 23 the
527 1521 104 21 contract

69 1554 37 25 for
116 1554 101 30 printing
235 1552 39 26 the
288 1550 121 26 Auckland
423 1550 53 24 rolls
486 1550 23 23 of
525 1550 54 23 1893
589 1552 40 21 out

69 1586 25 24 of
104 1586 35 23 bis
149 1585 72 24 bands
231 1583 45 25 and
286 1584 67 30 given
363 1583 19 23 it
398 1585 24 21 to
437 1580 95 25 another
541 1580 88 24 firm.—

69 1617 25 22 It
112 1623 47 16 was
182 1615 100 23 asserted
306 1614 30 30 by
355 1613 38 23 Mr
407 1613 90 29 Massey
521 1611 53 23 that
592 1612 38 22 Mr

69 1646 66 23 Field
144 1646 47 22 had
207 1645 56 23 been
279 1643 95 23 worried
389 1643 48 22 into
447 1642 35 22 his
496 1649 69 22 grave
575 1648 54 15 over

69 1676 47 24 this
126 1674 154 25 matter.—To
288 1673 46 23 this
342 1672 129 23 accusation
481 1671 39 23 the
530 1670 100 23 Premier

70 1706 88 30 replied
175 1706 53 23 that
238 1705 39 24 the
294 1703 153 24 Government
457 1701 45 24 had
511 1701 84 23 offered
605 1703 25 21 to

71 1743 45 23 pay
126 1736 38 23 Mr
174 1735 64 23 Field
249 1735 39 22 the
295 1737 93 20 amount
398 1733 23 22 of
431 1733 35 22 his
476 1732 65 22 claim
553 1733 76 26 (£119)

69 1766 19 23 if
98 1766 29 23 he
136 1764 66 25 could
211 1763 82 30 satisfy
304 1764 61 22 them
380 1762 55 23 that
441 1762 28 23 he
479 1760 45 24 had
534 1761 73 23 either
617 1768 14 15 a

69 1796 59 31 legal
138 1804 26 15 or
174 1794 71 25 moral
254 1794 73 24 claim.
358 1792 44 29 He,
418 1792 111 28 however,
540 1791 91 24 refused

70 1830 25 19 to
106 1826 66 29 bring
182 1825 40 24 the
231 1832 51 16 case
297 1825 49 22 into
360 1825 73 26 court,
443 1823 43 23 but
496 1821 135 25 threatened

69 1856 54 24 that
132 1856 76 23 unless
214 1855 36 23 his
256 1854 67 24 claim
329 1861 59 17 were
394 1855 47 21 met
447 1853 28 23 he
482 1852 75 23 would
565 1852 66 30 bring

68 1887 21 23 it
98 1886 77 23 before
185 1886 41 24 the
235 1885 78 23 House
327 1883 45 24 and
386 1891 82 22 expose
482 1883 40 24 the
531 1883 86 23 Govern-

68 1920 71 20 ment.
193 1915 49 24 The
266 1915 59 24 Hon.
354 1914 135 24 Hall-Jones
511 1912 120 31 explained

69 1948 53 23 that
141 1947 39 22 Mr
195 1946 84 23 Field's
295 1947 104 21 contract
415 1952 47 15 was
478 1942 35 25 for
529 1943 103 31 printing

70 1978 40 23 the
120 1978 54 23 rolls
184 1980 25 20 at
219 1977 24 23 7s
253 1984 14 15 a
276 1983 64 23 page.
372 1974 36 24 He
423 1974 96 24 finished
536 1974 35 23 his
581 1981 38 16 con-

70 2011 68 26 tract,
156 2007 44 24 but
218 2007 24 23 in
262 2007 39 23 the
321 2006 121 23 meantime
461 2005 40 23 the
520 2004 112 24 franchise

70 2047 47 16 was
135 2038 113 24 extended
276 2040 24 21 to
320 2044 94 21 women,
433 2035 45 24 and
503 2036 20 23 it
541 2034 90 24 became

69 2076 119 22 necessary
198 2072 25 19 to
232 2068 60 23 alter
302 2067 39 23 the
350 2067 61 22 rolls.
435 2066 36 22 He
478 2066 55 22 then
541 2065 90 22 wanted

69 2107 30 16 an
114 2100 101 22 increase
229 2098 23 23 of
268 2098 39 23 the
322 2096 95 30 original
432 2096 62 30 price
508 2099 25 19 to
549 2094 82 24 twelve

69 2129 106 30 shillings
191 2129 35 23 for
243 2128 69 29 doing
331 2127 53 28 this,
396 2126 42 23 but
457 2126 40 22 the
516 2124 115 24 increased

69 2161 62 29 price
146 2166 47 17 was
209 2158 103 23 declined
328 2157 45 23 and
388 2156 40 24 the
444 2155 64 23 work
522 2156 67 29 given
607 2157 24 21 to

69 2190 97 23 another
184 2189 64 23 office
267 2187 74 24 which
365 2186 40 23 did
429 2186 20 23 it
472 2186 35 22 for
528 2185 103 23 less.—A

69 2220 91 24 further
169 2220 82 28 charge
259 2225 46 16 was
311 2217 65 23 made
386 2216 89 30 against
485 2216 39 22 the
530 2215 85 23 Govern-

69 2253 63 21 ment
142 2250 23 23 of
175 2249 78 31 giving
263 2248 60 23 their
332 2247 103 30 printing
443 2252 25 17 to
474 2246 74 23 offices
558 2245 23 23 of
591 2245 39 23 the

350 2277 38 24 the
403 2277 99 23 Premier
512 2275 119 24 denied.—

68 2311 40 24 Mr
136 2308 77 25 Willis
247 2307 128 32 suggested,
405 2315 24 15 as
466 2314 14 15 a
511 2312 51 24 way
589 2308 42 21 out

69 2341 24 24 of
108 2341 78 23 future
203 2339 138 28 difficulties,
353 2338 52 23 that
421 2337 39 24 the
477 2337 155 24 Government

68 2371 82 23 should
173 2369 72 30 adopt
269 2369 39 23 the
327 2368 61 29 price
407 2375 29 15 on
459 2367 40 22 the
519 2366 112 29 principle

69 2401 25 24 of
102 2408 15 16 a
126 2401 123 22 maximum
260 2398 44 23 and
315 2397 116 24 minimum
442 2397 61 30 price
513 2397 35 22 for
557 2396 60 29 print-

70 2432 47 31 ing,
142 2430 75 25 which
245 2428 81 25 should
349 2428 61 23 exist
427 2427 140 31 throughout
591 2426 39 24 the

69 2462 167 30 colony.—The
246 2461 55 23 item
311 2467 46 16 was
371 2458 131 29 eventually
511 2457 88 29 passed.

97 2493 50 22 The
155 2494 57 21 item
221 2491 83 28 £5,400
318 2490 34 22 for
369 2489 39 23 the
422 2488 74 23 Audit
505 2488 69 22 Office
584 2495 46 14 was

69 2522 80 31 pasaed
160 2521 100 24 without
269 2522 117 21 comment.

98 2553 35 24 On
143 2552 40 24 the
193 2551 56 24 item
259 2550 23 23 of
292 2550 96 28 £20,145
402 2548 34 24 for
453 2548 39 23 the
503 2547 125 29 Registrar-

70 2582 116 27 General's
193 2581 159 30 Department,
368 2579 38 24 Mr
415 2578 82 30 Roddy
509 2577 120 24 M'Kenzic

69 2613 82 24 moved
170 2620 14 15 a
203 2611 119 24 reduction
347 2611 23 22 in
396 2610 39 23 the
454 2609 75 28 salary
548 2608 24 23 of
591 2608 39 22 the

70 2641 233 32 Registrar-General,
315 2648 25 15 as
356 2648 14 15 a
386 2642 89 28 protest
492 2639 89 30 against
592 2638 39 22 the

69 2681 52 23 way
131 2674 24 23 in
165 2672 75 24 which
250 2672 39 23 the
304 2677 79 16 census
401 2672 91 21 returns
501 2675 59 16 were
572 2675 43 16 com-

69 2704 69 31 piled.
169 2703 48 24 The
236 2703 63 27 item,
311 2702 111 26 however,
439 2707 46 15 was
501 2699 87 30 passed,
606 2705 25 16 as

70 2743 58 15 were
137 2735 48 22 also
204 2733 39 24 the
262 2733 68 23 items
344 2733 84 26 £4,350
443 2730 37 23 for
495 2730 39 22 the
544 2729 85 30 Agent-

70 2764 115 26 General'*
192 2764 159 30 Department,
360 2761 45 24 and
415 2761 96 28 £25,584
516 2760 36 23 for
558 2759 60 30 print-

70 2794 39 30 ing
115 2795 47 25 «nd
172 2795 134 28 stationery.

98 2825 65 24 Some
173 2825 124 24 discussion
308 2823 54 25 took
377 2822 64 31 place
455 2829 28 16 on
495 2821 39 24 the
544 2822 52 22 vote
606 2820 23 23 of

69 2857 61 22 £SOO
139 2856 35 23 for
184 2856 38 24 the
232 2855 75 29 sakry
315 2855 24 22 of
352 2853 39 24 the
404 2852 111 24 Resident
523 2854 26 20 at
559 2851 55 23 Rara-

69 2885 155 31 tonga.—The
234 2884 100 23 Premier
348 2883 48 23 said
414 2883 28 22 he
457 2881 80 24 looked
548 2888 28 15 on
587 2887 41 15 our

69 2916 133 23 connection
217 2915 56 23 with
291 2914 64 23 these
374 2912 85 24 islands
477 2919 24 15 as
521 2911 23 23 of
563 2918 51 22 para-

68 2947 80 21 mount
156 2945 139 28 importance
309 2945 25 19 to
351 2943 58 21 New
418 2941 105 22 Zealand.
554 2941 72 21 There

66 2982 59 17 were
135 2974 66 24 trade
217 2973 138 30 advantages
365 2971 74 23 which
449 2977 59 16 wore
518 2969 108 30 repaying

66 3006 40 24 the
116 3009 49 21 cost
174 3003 174 26 tenfold.—The
362 3005 54 21 item
426 3001 87 31 passed.

95 3036 34 24 At
137 3037 41 23 the
187 3036 95 28 evening
290 3034 81 29 sitting
379 3032 165 24 consideration
555 3031 22 22 of
588 3031 40 22 the

69 3067 124 23 Estimates
202 3073 46 16 was
257 3063 180 25 resumed.—Mr
452 3061 115 25 Meredith
577 3069 37 22 pro-

69 3097 75 24 tested
154 3097 89 29 against
253 3095 39 28 the
302 3097 49 20 cost
360 3095 76 27 (£3.'>6)
447 3093 22 23 of
480 3093 39 23 the
529 3093 84 23 Govern-

70 3129 63 22 ment
142 3126 106 30 Printing
254 3126 69 23 Office
331 3124 97 30 inquiry.
459 3123 26 24 In
496 3123 36 24 his
537 3122 91 31 opinion

71 3158 64 24 these
144 3157 108 29 inquiries
261 3162 59 16 were
330 3157 37 20 too
381 3154 79 29 costly.

100 3187 58 24 Now
177 3186 52 23 that
248 3185 39 23 the
306 3184 79 29 colony
405 3184 40 22 has
468 3190 14 15 a
501 3182 87 23 reward
607 3182 22 22 of
642 3179 3 34 !

73 3217 95 30 bravery
184 3216 23 23 of
224 3217 31 22 its
269 3222 51 16 own
337 3214 37 23 Mr
390 3213 90 24 Tanner
496 3211 90 25 wanted
606 3213 24 22 to
642 3211 4 36 i

74 3248 68 22 know
157 3247 18 23 if
191 3246 39 24 the
244 3246 154 23 Government
414 3243 108 24 intended
539 3246 24 19 to
580 3250 37 15 con-

74 3277 87 24 tribute
176 3276 40 24 the
231 3275 64 23 usual
311 3276 59 22 £IOO
386 3273 99 24 towards
504 3273 38 22 the
558 3272 72 29 Royal

73 3308 105 24 Humane
193 3306 90 30 Society
300 3305 23 24 of
338 3302 226 26 Australasia.—The
579 3302 39 24 Pre-

75 3339 55 22 mier
144 3337 49 24 said
209 3338 51 22 that
270 3337 39 22 the
326 3335 106 29 Imperial
442 3334 134 23 authorities
586 3333 45 22 had

75 3368 88 24 refused
179 3370 25 21 to
214 3366 73 25 admit
296 3368 24 21 to
330 3365 47 24 this
386 3364 79 30 colony
476 3363 39 23 the
529 3363 62 30 right
609 3365 23 20 to

75 3402 69 28 grant
161 3406 28 16 an
207 3396 76 26 award
297 3404 25 16 as
331 3394 116 32 proposed.
479 3394 36 24 He
525 3394 106 30 thought,

75 3429 121 26 therefore,
207 3428 53 24 that
268 3434 14 15 a
289 3427 86 28 society
384 3425 86 23 similar
480 3427 24 19 to
515 3425 38 21 the
560 3424 73 28 Royal

76 3459 105 24 Humane
200 3457 90 30 Society
304 3455 24 24 of
344 3455 139 23 Australasia
504 3453 82 23 should
605 3452 27 23 be

76 3488 137 26 established
224 3488 23 24 in
257 3488 39 23 the
305 3486 88 30 colony,
405 3485 64 24 when
480 3485 39 23 the
534 3484 84 24 Govern-

75 3522 64 22 ment
148 3518 75 25 would
233 3518 66 23 make
309 3518 62 22 them
381 3524 29 15 an
419 3515 83 23 annual
511 3517 68 27 grant
589 3513 44 24 and

75 3550 143 23 discontinue
236 3548 40 23 the
294 3549 68 28 grant
378 3549 24 20 to
418 3547 39 22 the
477 3544 156 27 Australasian

75 3578 166 31 Society.—Sir
251 3577 27 24 R.
291 3578 69 23 Stout
369 3575 48 24 said
428 3576 52 22 that
487 3575 38 23 the
535 3574 99 23 Premier

76 3610 41 24 did
122 3612 41 22 not
173 3607 140 26 understand
319 3607 39 24 the
364 3606 104 31 position.
499 3604 48 24 The
557 3604 76 23 House

76 3640 67 25 could
162 3647 52 23 pass
232 3647 29 16 an
280 3639 47 23 Act
344 3636 151 31 empowering
513 3643 14 14 a
546 3635 89 30 private

77 3672 86 28 society
178 3674 25 19 to
218 3669 66 23 make
297 3667 88 24 awards
402 3667 54 23 such
473 3673 26 15 as
508 3665 40 23 the
563 3665 70 30 Royal

77 3702 105 22 Humane
192 3700 90 28 Society
292 3698 73 27 made,
376 3697 43 22 but
429 3697 39 21 the
482 3696 153 22 Government

77 3731 45 25 had
132 3738 29 17 no
171 3730 62 31 right
243 3732 24 22 to
276 3735 71 24 usurp
357 3726 39 26 the
412 3726 104 25 Humane
527 3724 108 31 Society's

78 3763 122 26 functions,
221 3768 41 16 nor
281 3759 45 24 had
350 3759 39 23 the
413 3759 154 22 Government
589 3764 45 21 any

78 3792 63 28 right
151 3793 24 20 to
185 3797 69 21 usurp
264 3789 40 23 the
313 3788 143 29 prerogative
471 3787 23 21 of
510 3787 38 22 the
558 3787 77 25 Queen

78 3820 45 26 and
139 3821 74 23 create
229 3826 14 16 a
258 3817 130 25 decoration
404 3816 55 23 such
476 3822 25 17 as
518 3815 44 23 had
579 3815 56 23 been

78 3850 118 35 proposed.
236 3849 55 25 This
309 3856 47 17 was
379 3847 63 25 what
465 3846 39 25 the
528 3845 107 32 Imperial

78 3884 136 23 authorities
233 3881 45 24 bad
296 3879 90 25 refused
405 3882 25 20 to
449 3877 187 25 sanction.—The

79 3914 100 23 Premier
188 3912 50 23 said
249 3912 50 21 that
313 3911 37 22 Sir
360 3910 87 22 Robert
456 3916 46 14 was
515 3907 118 23 mistaken.

78 3944 40 23 All
125 3943 40 23 the
174 3942 154 23 Government
337 3939 45 23 had
391 3937 91 31 applied
492 3938 35 22 for
536 3944 47 16 was
597 3937 39 22 the

79 3981 61 16 same
149 3972 63 31 right
227 3979 25 15 as
269 3970 53 24 that
330 3977 51 16 now
396 3968 53 24 held
464 3968 30 30 by
505 3967 39 24 the
563 3966 74 30 Royal

80 4005 104 24 Humane
194 4003 91 27 Society
295 4001 24 23 of
328 3999 148 25 Australasia.

106 4035 49 24 The
170 4035 56 22 next
241 4032 65 30 point
321 4031 23 24 of
362 4029 80 25 attack
457 4036 46 16 was
519 4028 39 24 the
574 4027 63 24 usual

78 4068 69 29 grant
161 4065 23 23 of
203 4064 59 24 £SOO
276 4062 36 25 for
329 4062 39 24 the
383 4061 57 25 New
457 4059 98 25 Zealand
570 4059 56 24 Insti-

80 4099 58 24 tute,
149 4094 75 24 which
242 4093 37 23 Mr
293 4092 85 24 Collins
392 4091 79 23 moved
482 4093 24 20 to
516 4090 81 22 reduce
607 4089 30 29 by

79 4127 97 25 £loo.
177 4124 33 25 Dr
219 4123 110 25 Newman
346 4120 123 33 protested,
484 4119 104 32 pointing
597 4120 41 22 out

79 4159 54 22 that
151 4156 46 24 this
216 4154 107 31 beggarly
342 4154 60 22 £SOO
416 4159 46 15 was
478 4151 31 22 all
528 4151 52 22 that
599 4150 39 22 the

80 4188 81 29 colony
170 4185 95 31 granted
277 4187 24 20 to
311 4181 162 25 science.—Mr
483 4180 75 24 Willis
568 4179 70 31 spoke

81 4219 23 21 in
120 4224 14 15 a
149 4215 87 24 similar
252 4214 80 26 Btrain,
350 4213 67 21 while
433 4211 87 23 several
529 4210 110 23 members

81 4246 95 30 warmly
195 4243 111 25 defended
320 4242 40 24 the
377 4243 53 23 vote
446 4240 45 24 and
504 4239 94 32 pointed
614 4241 24 21 to

81 4279 41 23 the
141 4276 124 24 usefulness
283 4274 24 23 of
327 4274 39 23 the
389 4272 140 31 publication
552 4271 24 23 of
600 4270 38 23 the

82 4306 186 27 'Transactions'
301 4304 24 25 of
357 4304 39 22 the
434 4302 117 23 Institute.
591 4300 48 24 The

81 4337 86 24 motion
177 4342 45 18 was
233 4333 120 31 negatived
362 4340 29 16 on
401 4333 39 23 the
450 4332 80 23 voices.

108 4367 123 26 Attention
247 4372 47 17 was
310 4365 55 23 then
386 4363 66 31 given
471 4364 25 22 to
515 4361 39 26 the
574 4361 52 25 Trea-

82 4398 82 26 surer's
172 4398 157 30 Department,
342 4395 39 24 the
391 4394 58 25 total
458 4395 53 22 vote
520 4393 36 24 for
565 4392 74 23 which

83 4429 113 28 (£22,827)
207 4435 46 16 was
262 4426 80 31 passed
351 4426 60 23 after
418 4433 13 15 a
436 4424 72 29 single
515 4423 121 29 challenge.

81 4460 61 21 That
151 4465 47 15 was
206 4464 29 16 on
245 4457 40 23 the
294 4457 55 21 item
360 4455 116 28 Registrar
492 4453 24 23 of
531 4452 109 28 Friendly

83 4488 114 29 Societies,
205 4487 75 24 whose
285 4485 75 29 salary
366 4484 38 23 Mr
410 4483 84 26 Collins
499 4481 140 25 endeavored

83 4523 24 23 to
117 4521 40 23 cut
166 4519 66 23 down
242 4518 58 23 from
310 4517 59 24 £350
380 4518 23 21 to
420 4515 59 24 £3OO
495 4521 25 16 as
529 4521 13 16 a
552 4515 88 28 protest

81 4551 91 31 against
190 4549 39 24 the
248 4547 78 32 delays
345 4547 22 23 in
384 4546 91 31 passing
490 4544 39 24 the
544 4544 59 24 rules
617 4542 23 25 of

83 4580 99 30 friendly
192 4580 109 23 societies.
339 4577 91 25 Several
440 4575 109 25 members
558 4574 82 31 agreed

83 4614 51 20 thai
160 4612 38 21 the
226 4610 65 26 Jjt>!*y
317 4617 45 14 was
385 4608 125 26 vexatious,
535 4606 43 23 but
602 4605 38 23 the

83 4640 99 24 Premier
201 4636 119 29 explained
340 4636 52 22 that
410 4636 20 21 it
449 4642 45 15 was
509 4634 81 23 caused
610 4635 30 26 by

83 4677 61 18 some
162 4667 104 25 societies
288 4665 95 32 sending
406 4664 60 25 rules
489 4663 74 26 which
582 4670 58 17 were

83 4703 65 30 quite
164 4698 145 25 unworkable
323 4697 45 23 and
377 4697 75 24 which
469 4696 19 23 it
497 4704 46 15 was
560 4696 66 28 impos-

85 4732 55 23 sible
151 4732 24 21 to
186 4730 45 23 lick
245 4729 49 23 into
302 4728 77 29 shape.
419 4727 37 23 He
466 4726 74 23 would
550 4727 92 27 suggest

84 4767 25 20 to
119 4762 39 24 the
168 4760 144 30 department
326 4758 39 24 the
379 4757 108 30 adoption
502 4756 23 23 of
539 4764 13 15 a
567 4755 75 24 better

84 4795 86 28 system
188 4791 24 23 of
231 4789 91 30 dealing
340 4788 57 24 with
417 4788 63 23 these
497 4786 145 24 rules.—The

85 4823 86 27 motion
181 4829 45 16 was
236 4821 46 23 lost
290 4819 31 30 by
331 4820 27 23 39
368 4822 25 20 to
403 4819 33 23 10.

111 4859 49 24 The
175 4858 61 23 Hon.
255 4856 38 24 Mr
302 4855 127 30 Thompson
449 4853 54 24 took
523 4853 81 29 charge
620 4851 22 24 of

82 4891 41 23 the
139 4888 88 24 Justice
242 4887 150 28 Department
407 4885 129 26 Estimates,
552 4882 45 23 and
614 4888 29 16 no

83 4925 80 19 sooner
172 4923 47 18 was
228 4916 29 23 he
266 4915 105 24 installed
381 4915 24 22 in
420 4914 39 23 the
468 4913 63 24 chair
541 4913 55 22 than
607 4912 37 23 Sir

85 4951 28 23 R.
126 4949 69 24 Stout
203 4946 91 24 wanted
304 4948 25 20 to
342 4945 68 23 know
419 4945 53 29 why
482 4944 40 23 the
536 4943 74 27 salary
621 4941 23 23 of

83 4981 42 22 the
135 4977 207 27 Under-Secretary
352 4982 46 15 was
407 4974 97 22 reduced
517 4974 57 21 from
585 4972 59 23 £SOO

86 5014 25 22 to
121 5006 144 29 £4so.—The
280 5005 106 24 Minister
400 5002 119 34 explained
536 5002 53 24 that
605 5001 39 24 the

88 5044 47 25 Jate
154 5038 204 28 Under-Secretary
375 5036 44 23 had
436 5035 93 28 retired,
546 5033 44 23 and
605 5033 40 22 the

85 5073 78 22 orticer
172 5072 57 22 next
237 5068 24 22 in
271 5068 40 21 the
320 5067 144 28 department
474 5064 44 22 had
529 5064 55 21 been
595 5069 36 22 pro-

85 5099 80 26 tuoted
179 5101 26 21 to
220 5097 41 24 the
276 5095 137 24 office.—Sir
422 5094 28 23 R.
467 5094 69 23 Stout
551 5090 94 32 pointed

87 5133 43 25 ©at
158 5129 56 24 that
244 5127 41 24 the
309 5125 206 28 Under-Secretary
543 5123 35 23 for
606 5122 39 22 the

87 5163 114 26 Treasury
220 5155 102 27 received
341 5156 59 26 £7OO
422 5162 40 22 per
487 5151 159 24 annum.—Mr

88 5193 136 28 M'Lachhui
255 5185 123 30 intimated
410 5185 35 23 his
478 5182 112 25 intention
623 5180 24 23 of

85 5223 120 28 attacking
231 5221 40 24 the
292 5217 87 25 officers
396 5215 57 24 with
472 5214 55 29 high
546 5212 99 26 salaries,

86 5253 47 25 and
150 5252 81 24 moved
248 5254 24 21 to
288 5249 82 24 reduce
387 5246 39 25 the
436 5243 211 25 Solicitor-General

87 5284 102 29 (£1,000)
203 5282 108 29 by£loU,
330 5278 74 26 which
421 5282 46 19 was
483 5274 46 23 lost
545 5273 31 29 by
586 5273 26 23 39
623 5274 24 20 to

89 5317 27 22 10
153 5314 38 22 An
200 5310 146 25 amendment
355 5308 30 29 by
395 5307 39 23 the
444 5311 61 19 same
518 5304 129 30 gentleman

87 5349 26 21 to
132 5344 82 25 reduce
234 5341 40 24 the
294 5339 75 30 salary
383 5337 24 25 of
425 5336 40 25 the
483 5334 108 26 assistant
605 5332 42 26 law

88 5377 77 25 officer
175 5374 77 29 (£550)
260 5372 31 30 by
301 5370 47 25 £SO
356 5376 46 17 was
412 5365 99 32 rejected
522 5364 29 31 by
562 5365 27 22 40
596 5365 23 22 to
626 5364 20 24 4.

116 5405 126 26 Attention
251 5409 46 17 was
306 5399 73 25 called
389 5399 30 29 by
429 5398 39 25 Mr
483 5396 78 28 Fjrani
576 5396 24 21 to
610 5394 39 23 the

90 5438 92 29 present
205 5436 86 29 system
315 5431 23 24 of
362 5429 79 30 taxing
464 5426 52 24 bills
539 5425 23 24 of

88 5469 85 27 which,
185 5467 27 23 he
221 5464 59 27 said,
291 5461 105 30 required
405 5460 144 28 cheapening.

117 5496 107 28 District,
258 5490 162 33 Magistrates',
454 5487 45 24 and
533 5485 117 23 Wardens'

88 5530 93 27 Courts,
204 5525 105 28 £45,896,
329 5520 83 25 caused
433 5527 14 15 a
466 5518 53 29 long
532 5515 119 25 debate.-

89 5562 39 21 Mr
146 5556 136 27 M'Lachlan
301 5551 80 26 moved
398 5553 25 21 to
438 5548 82 25 reduce
539 5546 38 24 the
592 5546 60 26 «hmf

206 5588 41 29 *c
261 5585 87 30 Native
362 5581 64 26 Land
443 5580 71 25 Court
529 5578 76 28 (£800)
621 5576 30 25 by

87 5603 181 46 goT-Camed
284 5616 31 29 by
330 5614 28 23 22
373 5615 25 23 to
414 5610 112 26 17.-The
542 5608 59 23 Hon.
614 5605 38 25 Mr

88 5651 93 27 geddon
191 5648 49 25 said
252 5646 47 24 this
309 5643 122 26 reduction
441 5640 44 26 had
495 5640 56 24 been
565 5637 86 24 carried

90 5684 77 24 owina
177 5683 25 22 to
218 5687 15 16 a
247 5673 215 33 misapprehension,
474 5670 45 27 aud
534 5670 28 23 he
571 5670 81 24 auwld

90 5717 45 26 put
151 5710 40 31 the
207 5711 54 23 item
276 5707 68 30 again
365 5706 24 21 in
406 5703 40 23 the

91 5744 125 23 FBtiffl*t^
217 5757 5 10 }
225 5724 310 41 --M?M«Lachi»a4Bked
553 5727 101 26 whether

89 5807 79 36 £ouw
178 5807 24 25 in
212 5802 185 36 ftiimgr.-Mr
405 5798 115 34 G*«mSf!
529 5790 63 31 wW
603 5794 52 25 WW

668 211 28 17 no
716 202 98 24 member
833 202 44 23 had
896 210 14 14 a
934 200 63 32 right
1020 204 24 19 to
1063 200 106 23 threaten
1188 199 39 23 the

668 233 163 26 House.—The
850 233 58 24 total
928 235 52 21 vote
997 238 45 18 was
1057 230 80 32 passed
1152 237 25 16 as
1195 237 21 16 re-

668 266 78 22 duced.

695 296 91 22 Prisons
796 294 157 29 Department,
965 291 172 29 £27,932.—Mr
1147 290 80 23 Buddo

667 325 72 24 called
748 324 114 24 attention
880 326 24 20 to
920 322 39 24 the
973 322 48 24 fact
1031 322 52 23 that
1092 322 40 22 the
1141 320 86 31 gaolers

667 356 23 23 in
700 356 62 30 large
771 356 88 22 centres
870 353 101 24 received
981 361 24 15 as
1021 353 61 30 large
1097 351 92 24 salaries
1203 358 24 16 as

666 386 141 31 stipendiary
831 385 152 30 magistrates,
1014 383 45 24 and
1089 383 29 22 he
1147 381 80 24 moved

667 419 24 21 to
702 417 80 23 reduce
793 416 39 23 the
849 416 74 27 salary
933 415 24 22 of
972 415 40 23 the
1022 413 120 23 Auckland
1153 412 74 30 gaoler

666 447 77 26 (£400)
767 446 30 29 by
821 445 139 23 £2o.—Lost
983 444 31 29 by
1036 445 27 21 30
1082 445 24 21 to
1127 442 100 22 11.—Mr

667 475 114 24 Meredith
805 474 80 23 moved
910 476 24 20 to
954 473 81 23 reduce
1056 473 38 23 the
1114 471 113 23 Hokitika

666 507 75 29 gaoler
751 506 77 27 (£300)
839 504 30 30 by
880 504 96 23 £l2O.
977 503 47 23 The
1032 503 59 22 Hon.
1098 501 26 23 T.
1131 501 80 29 Thomp-

666 544 39 15 son
715 536 49 23 said
782 536 46 22 this
845 534 75 31 gaoler
937 533 46 24 had
998 532 94 24 reached
1108 532 40 23 the
1158 530 55 24 maxi-

666 574 61 16 mum
736 567 75 27 salary
821 565 28 22 he
859 572 46 15 was
919 563 97 23 entitled
1033 565 30 21 to.
1067 562 83 23 —Lost
1160 561 30 29 by
1200 562 27 22 23

666 598 24 21 to
708 595 104 24 20.—Mr
830 594 86 23 Duthie
939 593 81 23 moved
1044 595 24 21 to
1087 591 81 24 reduce
1187 590 39 23 the

666 627 54 23 item
730 626 31 30 by
771 626 31 23 £5
812 632 25 16 as
853 632 29 15 an
899 623 124 24 indication
1042 623 51 23 that
1110 621 46 24 this
1166 622 60 21 state

666 657 22 23 of
699 656 76 30 things
784 655 82 23 should
875 657 42 20 not
926 650 278 32 contiuue.—Negatived.

735 716 75 28 THE
834 714 156 28 YELLOW
1016 711 135 29 AGONY.

665 785 72 29 [Fboji
746 790 46 17 the
800 784 79 25 Sx&bb
887 784 193 22 Pakuamemaiiy
1089 779 120 28 Rkepbxbb
1218 778 7 29 ]

817 838 216 26 WELLINGTON,
1049 838 97 23 August
1160 838 34 21 20.

692 872 27 23 In
736 872 90 28 moving
842 871 22 22 in
882 870 40 22 the
938 868 94 24 Council
1045 866 122 30 yesterday
1185 866 39 21 the

664 902 82 24 second
765 901 94 30 reading
878 900 23 23 of
919 899 38 23 the
977 897 87 24 Asiatic
1084 895 139 24 Restriction

663 932 53 28 Bill,
729 933 39 23 the
781 931 106 24 Minister
902 930 23 23 of
943 928 127 25 Education
1086 925 49 25 said
1146 925 28 23 he
1183 924 40 24 did

663 965 41 21 not
722 962 80 24 intend
819 964 24 20 to
863 962 78 28 repeat
959 959 40 23 the
1017 958 131 30 arguments
1166 962 57 23 gone

663 1000 53 15 over
733 992 83 27 before,
835 991 42 23 but
894 989 76 23 stated
988 988 51 23 that
1054 988 28 22 he
1100 986 72 30 hoped
1183 985 40 23 the

662 1022 94 23 Council
767 1021 74 23 would
851 1022 79 26 accept
941 1019 46 22 this
997 1018 45 22 Bill
1052 1024 25 16 as
1087 1024 13 15 a
1110 1016 43 23 fair
1163 1022 44 16 com-

662 1051 171 30 promise.—Sir
842 1051 27 22 G.
882 1049 128 23 Whitmore
1026 1046 89 24 trusted
1132 1045 52 24 that
1198 1044 24 24 in

661 1082 130 22 committee
801 1080 39 23 the
850 1079 119 24 definition
978 1078 23 23 of
1147 1074 75 24 would

661 1111 27 23 be
708 1110 87 24 altered
811 1117 26 15 so
851 1117 26 15 as
896 1111 24 21 to
939 1110 92 27 exempt
1050 1106 39 24 the
1108 1106 113 28 Japanese

660 1141 57 23 from
740 1140 39 24 the
793 1139 129 30 operations
936 1138 24 23 of
982 1138 39 23 the
1035 1137 52 23 Act.
1124 1135 37 24 He
1176 1142 45 16 was

660 1170 91 32 pleased
770 1172 25 22 to
812 1177 36 16 see
868 1169 52 24 that
938 1167 88 25 British
1043 1166 100 31 subjects
1162 1172 59 16 were

659 1209 51 17 now
748 1203 99 28 exempt,
887 1199 87 31 though
1010 1198 28 23 he
1074 1196 82 24 looked
1191 1204 29 15 on

659 1233 40 21 the
720 1238 102 16 measure
843 1237 25 15 as
889 1237 14 15 a
924 1229 114 27 cowardly
1057 1235 42 14 one
1122 1227 98 22 towards

659 1261 39 23 the
708 1261 102 24 Chinese.
842 1259 36 23 He
894 1258 40 23 did
950 1260 41 20 not
1009 1257 66 23 think
1093 1256 52 23 that
1155 1256 64 22 those

658 1292 51 22 who
729 1290 64 23 made
810 1289 125 29 objections
955 1292 24 18 to
1001 1287 39 22 the
1059 1286 96 23 Chinese
1174 1285 45 22 and

658 1328 58 15 were
740 1319 140 29 continually
904 1318 113 28 agitating
1044 1316 89 29 against
1156 1314 63 23 them

658 1358 58 17 were
740 1350 58 24 bona
821 1348 52 24 fide.
911 1346 72 25 There
1005 1353 46 16 was
1075 1344 96 32 nothing
1195 1346 24 22 to

657 1381 82 30 justify
750 1381 39 23 the
805 1379 115 25 exclusion
936 1378 23 24 of
975 1378 120 29 Japanese,
1107 1376 23 24 of
1145 1376 74 23 whom

659 1414 64 22 there
739 1418 59 17 were
808 1418 55 22 very
878 1409 43 24 few
938 1409 24 23 in
979 1408 38 24 the
1033 1407 87 29 colony,
1131 1406 46 24 and
1191 1406 28 23 he

658 1442 76 24 would
743 1449 66 16 move
819 1444 24 21 to
853 1442 91 28 exempt
954 1437 264 28 them.—MrShrimski,

658 1481 25 15 as
692 1473 84 27 before,
788 1471 97 31 opposed
897 1471 39 23 the
945 1470 54 27 Bill,
1010 1468 45 23 and
1065 1467 106 31 repeated
1185 1468 34 22 his

658 1505 130 29 arguments
798 1510 25 15 as
833 1505 24 20 to
868 1502 39 22 the
917 1500 104 24 decrease
1038 1499 23 23 of
1075 1499 39 23 the
1124 1498 95 23 Chinese

658 1535 23 22 in
685 1534 40 23 the
729 1533 80 30 colony
812 1532 61 23 since
878 1532 61 23 1881.
962 1530 71 23 There
1038 1536 45 16 was
1089 1529 54 28 only
1150 1528 70 23 about

660 1566 9 22 1
681 1572 40 23 per
738 1566 59 22 cent,
809 1562 24 24 of
850 1562 39 24 the
903 1560 132 32 population
1045 1559 25 24 of
1079 1558 140 32 Wellington

658 1596 90 30 against
758 1595 40 23 the
814 1594 104 27 Chinese,
930 1592 44 23 and
990 1592 26 27 it,
1028 1590 71 24 above
1114 1590 30 24 all
1155 1590 65 23 other

658 1626 83 29 places,
758 1625 40 23 did
809 1625 86 22 receive
904 1623 63 23 them
977 1621 164 30 open-handed.
1172 1621 48 22 The

658 1656 104 29 working
772 1655 81 23 classes
863 1653 74 23 would
947 1655 41 26 yet
995 1654 75 26 regret
1081 1651 46 21 this
1134 1650 84 27 action,

659 1693 24 16 as
703 1685 130 30 Europeans
849 1683 44 23 had
911 1689 29 16 no
959 1688 62 17 room
1040 1683 24 20 to
1078 1687 62 23 grow
1155 1687 52 22 vege-

659 1716 73 23 tables
752 1715 71 24 there.
854 1712 28 25 Of
899 1720 42 16 one
960 1712 65 29 thing
1041 1711 28 22 he
1085 1717 46 16 was
1140 1717 79 16 sure—

659 1746 52 27 viz.,
723 1745 53 23 that
786 1745 54 28 they
852 1743 73 23 would
943 1742 26 22 be
980 1740 111 31 punished
1106 1740 35 22 for
1151 1741 56 28 eject-

660 1776 39 30 ing
709 1776 40 23 the
758 1774 105 25 Chinese.
892 1773 21 22 A
930 1772 40 23 list
986 1770 23 23 of
1019 1770 96 23 Chinese
1124 1769 95 23 arrivals

659 1807 44 22 and
710 1806 132 30 departures
849 1804 34 23 for
890 1802 54 24 each
948 1809 54 22 year
1005 1801 60 23 since
1070 1801 53 22 1881
1127 1800 91 23 showed

659 1837 53 23 that
719 1837 39 23 the
765 1835 131 30 departures
904 1840 58 16 were
969 1835 88 26 greater
1064 1831 23 22 in
1095 1830 54 23 each
1155 1838 63 22 year,

659 1867 45 23 and
715 1869 39 21 the
765 1866 57 23 total
833 1865 131 29 departures
979 1862 35 23 for
1024 1862 63 22 these
1097 1868 65 22 years
1173 1868 46 15 was

662 1898 62 28 1,300
734 1903 61 17 more
805 1896 56 23 than
871 1894 39 24 the
920 1892 100 25 arrivals.
1052 1891 37 24 He
1103 1890 116 31 regretted

660 1928 52 23 that
731 1927 72 23 under
823 1926 38 23 the
880 1923 86 25 British
985 1922 45 30 flag
1049 1922 55 23 such
1119 1924 99 27 tyranny

660 1966 46 15 was
723 1957 103 31 possible.
858 1954 118 29 Referring
992 1955 24 21 to
1033 1952 39 24 the
1089 1954 68 21 taunt
1168 1952 51 23 that

661 1989 26 23 he
706 1996 45 15 was
768 1987 106 24 actuated
890 1985 29 28 by
936 1990 128 23 mercenary
1075 1983 103 26 motives,
1191 1983 28 22 he

661 2019 76 25 stated
755 2019 52 23 that
823 2018 34 22 his
875 2016 51 23 wife
943 2014 45 24 had
1005 2022 14 15 a
1036 2013 104 31 paddock
1151 2013 23 23 of
1184 2013 34 23 six

660 2058 69 19 acres,
741 2050 35 22 for
785 2048 72 23 which
867 2048 39 21 she
917 2046 127 22 sometimes
1061 2044 102 23 received
1174 2045 45 22 £2O

659 2087 14 15 a
689 2087 55 22 year
760 2079 44 22 and
822 2077 127 23 sometimes
965 2074 102 30 nothing.
1099 2074 37 22 He
1151 2074 67 22 knew

660 2110 63 23 what
739 2108 142 30 persecution
898 2114 52 19 was,
968 2104 45 23 and
1030 2104 28 23 he
1074 2103 76 24 would
1167 2103 27 23 be
1204 2111 14 15 a

660 2140 88 24 coward
773 2139 44 23 and
842 2138 76 23 villain
943 2143 57 16 were
1024 2134 29 24 he
1082 2136 24 22 to
1130 2133 89 30 subject

659 2170 77 23 others
768 2172 23 21 to
820 2167 54 25 such
906 2166 142 31 persecution
1072 2172 25 15 as
1120 2165 29 22 he
1174 2164 44 23 had

660 2200 90 23 himself
765 2199 42 23 felt
831 2199 23 22 in
875 2197 38 24 the
937 2197 58 30 past.
1036 2195 37 23 Mr
1096 2194 120 28 Shrimski,

659 2231 51 22 who
736 2230 70 30 spoke
837 2228 71 23 under
933 2228 64 28 great
1028 2226 107 26 emotion,
1167 2232 37 14 con-

659 2260 82 24 cluded
770 2260 30 29 by
830 2259 78 30 saying
937 2257 53 24 that
1013 2256 28 23 he
1066 2254 75 24 would
1165 2257 53 20 vote

659 2291 89 30 against
758 2291 38 22 the
806 2289 45 24 Bill
861 2291 24 20 at
895 2294 67 23 every
971 2286 140 30 stage.—Mr
1120 2284 97 24 M'Lean

659 2321 102 24 believed
772 2321 51 22 that
833 2320 39 22 the
882 2318 94 24 Chinese
986 2316 75 24 would
1070 2318 40 20 not
1118 2315 99 23 increase

659 2352 23 22 in
699 2350 106 24 numbers
821 2351 23 22 in
861 2349 38 23 the
915 2348 86 28 colony,
1019 2346 45 23 and
1082 2346 39 22 the
1136 2345 82 30 figures

658 2380 91 24 showed
774 2380 51 23 that
849 2379 54 27 they
923 2385 58 15 were
1004 2376 46 23 fast
1073 2375 90 29 leaving
1178 2375 39 22 the

658 2411 87 30 colony.
783 2409 37 24 He
843 2408 66 24 could
933 2409 41 21 not
997 2405 156 32 congratulate
1177 2405 39 23 the

658 2442 154 24 Government
822 2448 28 15 on
866 2439 83 30 having
966 2437 64 24 made
1047 2444 44 23 any
1106 2436 97 31 improve-

658 2475 64 21 ment
731 2473 23 22 in
765 2472 39 23 the
814 2471 52 27 Bill,
878 2470 44 23 and
938 2469 48 23 said
1004 2468 51 23 that
1070 2468 19 21 it
1099 2467 75 22 would
1190 2467 26 21 be

659 2509 55 23 very
724 2501 159 24 inconvenient
892 2500 35 22 for
936 2496 214 32 shipowners.—Mr
1160 2496 42 22 Wil-

659 2533 64 22 liams
734 2531 80 23 moved
824 2538 24 15 as
858 2538 29 14 an
896 2529 144 23 amendment
1056 2528 51 22 that
1122 2527 39 23 the
1171 2526 45 22 Bill

659 2562 27 23 be
696 2561 54 24 read
760 2569 13 15 a
783 2560 81 24 second
875 2560 54 23 time
939 2559 51 23 that
1006 2557 45 30 day
1066 2557 35 23 six
1117 2556 96 23 months.

659 2593 36 23 He
706 2592 80 23 looked
796 2600 28 14 on
836 2591 39 23 the
890 2590 44 23 Bill
952 2597 24 16 as
992 2597 14 14 a
1023 2588 81 23 breach
1120 2587 23 23 of
1157 2586 58 24 faith

658 2622 100 24 towards
768 2622 39 22 the
817 2621 101 27 Chinese,
931 2620 50 22 who
998 2618 44 23 had
1053 2618 44 23 had
1108 2620 24 19 to
1143 2617 73 23 throw

658 2660 58 22 open
727 2652 59 23 their
796 2654 63 28 ports
877 2652 24 21 to
917 2649 39 23 the
970 2648 93 24 British.
1095 2647 36 23 He
1146 2647 70 29 spoke

658 2686 25 21 at
702 2690 60 17 some
781 2681 78 31 length
883 2680 70 23 about
972 2679 38 23 the
1033 2679 77 30 opium
1134 2678 80 27 tralHc,

659 2714 73 22 which
750 2713 45 23 had
812 2712 56 23 been
885 2710 76 24 forced
979 2717 28 16 on
1022 2710 69 22 them.
1122 2709 36 22 He
1169 2709 46 21 also

658 2743 91 24 alluded
760 2746 24 20 to
791 2743 42 23 the
843 2742 91 24 mission
945 2740 52 23 field
1007 2740 23 22 of
1040 2740 71 22 China
1122 2738 43 23 and
1177 2738 38 23 the

658 2774 58 30 duty
736 2773 24 24 of
780 2773 56 23 New
855 2771 97 24 Zealand
973 2770 98 24 towards
1086 2769 64 23 those
1165 2769 50 22 who

658 2812 58 17 were
725 2804 76 29 acting
812 2811 25 16 as
846 2802 149 24 missionaries
1007 2801 22 22 in
1040 2801 39 23 the
1090 2799 93 24 interior
1193 2799 23 23 of

657 2836 78 23 China.
777 2835 37 23 He
832 2832 121 32 suggested
973 2832 51 23 that
1042 2832 39 23 the
1101 2830 46 31 poll
1167 2833 46 24 tax,

656 2865 88 23 instead
755 2865 24 22 of
795 2865 67 27 being
877 2863 53 30 paid
948 2863 49 22 into
1007 2863 39 21 the
1056 2861 159 23 Consolidated

656 2895 73 28 Fund,
747 2894 81 23 should
847 2893 28 23 be
895 2893 54 23 used
969 2892 35 24 for
1023 2891 40 23 the
1082 2898 96 23 purpose
1193 2890 23 23 of

656 2925 121 29 educating
801 2931 61 16 some
887 2924 23 21 of
936 2923 38 22 the
998 2923 95 22 Chinese
1116 2922 23 21 in
1155 2921 45 22 Wel-

655 2955 88 28 lington
767 2954 35 22 for
824 2952 117 24 Christian
974 2951 92 22 mission
1090 2950 70 26 work,
1191 2950 24 21 in

656 2984 73 24 which
749 2990 49 17 caw
817 2982 28 23 he
866 2980 75 25 would
961 2982 97 29 support
1078 2979 39 24 the
1132 2978 83 25 Bill.—

656 3016 38 23 Mr
717 3014 117 30 Reynolds
859 3020 45 16 was
929 3013 85 23 certain
1040 3011 52 23 that
1111 3011 40 23 the
1171 3010 44 23 Bill

656 3053 46 16 was
720 3045 54 30 only
790 3043 108 24 intended
918 3043 35 22 for
971 3042 173 28 electioneering
1164 3048 38 22 pur-

657 3076 139 31 poses.—Mr
805 3074 78 28 Jones,
891 3074 103 29 replying
1005 3077 23 19 to
1040 3072 37 23 Mr
1086 3071 130 24 Shrimski's

657 3107 107 23 allusions
779 3109 24 19 to
813 3105 35 22 his
858 3112 50 15 own
919 3103 88 23 remark
1018 3111 26 15 as
1053 3106 24 20 to
1087 3109 129 22 mercenary

658 3137 102 26 motives,
782 3135 49 24 said
851 3135 27 22 he
898 3134 43 23 had
962 3137 40 20 not
1021 3135 76 21 meant
1114 3132 51 24 that
1180 3131 38 24 Mr

659 3166 111 24 Shriraski
781 3173 45 16 was
836 3165 109 29 opposing
962 3164 39 23 the
1018 3164 46 23 Bill
1081 3163 94 22 because
1190 3163 27 22 he

658 3197 45 23 had
713 3196 75 24 leased
798 3196 35 23 his
845 3196 68 22 wife's
923 3194 53 23 land
987 3197 23 20 to
1017 3194 131 26 Chinamen,
1160 3193 58 22 from

659 3228 73 22 whom
743 3228 27 22 he
781 3226 65 24 could
857 3233 91 22 squeeze
965 3233 14 14 a
997 3225 80 29 higher
1094 3226 51 20 rent
1162 3224 56 22 than

659 3258 28 22 he
697 3258 66 22 could
779 3260 38 26 get
834 3257 56 22 from
904 3254 205 30 Europeans.—Mr
1119 3253 99 23 Ormond

659 3288 49 22 said
719 3288 52 22 that
781 3288 19 21 it
810 3294 46 15 was
866 3286 59 23 clear
934 3292 50 16 now
1001 3287 51 20 that
1069 3284 39 23 the
1123 3283 95 28 original

659 3318 46 24 Bill
729 3326 46 14 was
798 3316 210 28 unconstitutional,
1033 3314 45 24 and
1103 3315 52 22 that
1179 3314 39 23 the

660 3348 94 23 Council
764 3347 44 23 had
824 3347 58 23 done
899 3347 30 23 its
945 3347 58 28 duty
1014 3348 23 20 to
1048 3345 39 23 the
1097 3345 80 28 colony
1187 3344 31 29 by

662 3378 112 30 throwing
784 3377 19 24 it
812 3380 47 21 out.
890 3377 55 24 This
955 3376 102 31 question
1066 3382 45 17 was
1121 3374 55 23 used
1184 3374 35 23 for

661 3412 68 26 party
761 3417 116 20 purposes,
911 3408 45 22 and
989 3408 27 21 he
1049 3406 99 29 thought
1181 3408 38 19 too

662 3438 65 23 much
746 3445 47 16 was
812 3437 66 30 being
897 3437 65 22 made
977 3436 24 23 of
1016 3436 39 23 the
1070 3436 44 22 few
1124 3435 95 23 Chinese

662 3469 49 23 who
745 3476 38 16 are
818 3470 25 21 at
878 3469 91 29 present
1004 3467 22 23 in
1056 3466 39 24 the
1130 3465 87 30 colony.

662 3500 37 23 He
715 3499 75 23 would
807 3502 96 26 support
918 3498 39 23 the
973 3497 81 23 second
1065 3497 100 29 reading,
1177 3496 42 22 but

663 3530 88 23 trusted
771 3531 24 21 to
814 3536 37 16 see
871 3528 39 23 the
929 3528 43 23 Bill
993 3527 109 23 amended
1122 3527 23 21 in
1160 3533 44 15 com-

664 3559 153 23 mittee.—Mr
828 3559 69 28 Kelly
907 3558 80 22 denied
999 3558 51 22 that
1060 3558 39 21 the
1113 3556 106 29 Imperial

662 3590 154 23 Government
831 3588 44 22 had
886 3587 75 23 forced
976 3587 38 23 the
1029 3587 76 30 opium
1117 3585 64 23 trade
1191 3592 28 15 on

661 3620 80 24 China.
778 3619 83 30 Opium
878 3618 44 23 bad
939 3618 55 23 been
1011 3618 24 23 in
1045 3624 39 16 use
1094 3617 64 23 there
1168 3615 52 30 long

662 3650 83 29 before,
756 3650 43 23 but
809 3650 64 22 when
883 3649 95 23 Chinese
992 3650 64 28 ports
1066 3655 58 15 were
1134 3645 85 31 opened

663 3681 19 23 it
697 3681 91 22 became
804 3687 29 15 an
850 3679 107 28 ordinary
967 3678 79 23 article
1060 3678 24 22 of
1097 3683 123 17 commerce

663 3711 58 22 from
736 3709 74 29 India,
829 3709 74 23 where
919 3709 20 23 it
954 3714 46 16 was
1010 3707 86 31 largely
1106 3712 114 25 grown.—

664 3741 37 24 Mr
710 3741 60 24 Kerr
779 3739 118 32 predicted
908 3740 52 23 that
969 3739 18 24 if
1003 3740 39 23 the
1056 3738 45 24 Bill
1112 3744 58 16 were
1180 3739 41 21 not

663 3773 80 28 passed
753 3772 64 21 there
826 3771 75 21 would
915 3770 27 22 be
952 3778 13 14 a
976 3770 111 22 thousand
1097 3768 123 23 Chinamen

663 3808 29 14 on
703 3801 38 21 the
753 3800 65 22 West
827 3799 69 23 Coast
910 3799 80 21 within
998 3806 14 14 a
1021 3805 54 21 year
1085 3797 17 22 if
1112 3805 13 13 a
1135 3797 86 27 mining

663 3831 65 23 boom
739 3837 58 16 were
807 3829 87 24 started
910 3828 139 24 there.—Mr
1059 3826 59 31 Rigg
1128 3825 44 24 and
1184 3825 37 23 Mr

664 3862 110 30 Jennings
797 3860 124 32 supported
946 3860 38 24 the
1010 3859 53 28 Bill,
1088 3857 67 25 while
1184 3857 37 24 Mr

664 3893 75 23 Bonar
755 3892 98 29 opposed
870 3892 20 22 it
904 3899 25 15 as
946 3890 96 23 illiberal
1059 3890 21 22 in
1092 3890 30 22 its
1132 3889 78 22 restric-

664 3923 66 22 tions.
762 3922 36 22 He
807 3921 85 30 quoted
901 3920 111 23 statistics
1023 3922 23 20 to
1054 3919 61 22 show
1124 3919 52 22 that
1181 3919 41 21 not

667 3953 9 22 1
688 3959 39 23 per
744 3954 58 21 cent,
815 3951 23 23 of
857 3951 39 22 the
913 3950 95 23 Chinese
1028 3949 132 30 population
1176 3954 45 16 was

665 3982 118 24 convicted
799 3982 24 23 of
843 3980 144 25 crime.—Mr
1006 3980 100 23 Peacock
1123 3979 44 22 and
1185 3979 37 22 Mr

665 4013 53 23 Bolt
728 4012 121 23 continued
865 4012 39 22 the
922 4011 80 23 debate
1017 4011 24 21 in
1058 4010 64 22 favor
1141 4009 23 23 of
1183 4009 39 22 the

664 4043 131 24 Bill—The
805 4043 106 23 Minister
927 4042 23 23 of
965 4041 134 28 Education,
1110 4040 23 23 in
1149 4039 71 31 reply,

666 4075 70 29 urged
751 4074 58 27 that,
828 4074 86 28 though
932 4080 33 15 we
982 4079 58 16 were
1056 4075 41 19 not
1106 4066 116 28 federated

655 4095 1 35 I
666 4105 56 22 with
732 4104 124 26 Australia,
868 4103 46 22 this
924 4109 45 15 was
975 4109 42 15 one
1026 4102 23 21 of
1060 4101 38 23 the
1107 4100 116 30 questions

666 4135 23 23 in
699 4133 74 25 which
783 4133 31 24 all
828 4133 38 24 the
883 4132 97 24 colonies
990 4131 80 24 Bhould
1085 4133 38 22 act
1132 4131 23 23 in
1165 4138 43 16 com-

667 4173 59 20 mon,
741 4165 45 22 and
803 4164 58 23 New
870 4163 97 23 Zealand
984 4163 23 22 in
1024 4163 47 22 this
1080 4164 88 27 respect
1177 4168 46 15 was

666 4194 84 24 behind
765 4194 38 23 the
814 4194 71 23 times.
927 4193 35 23 He
972 4192 81 23 denied
1066 4192 51 23 that
1127 4193 39 21 the
1178 4191 45 23 Bill

667 4232 46 15 was
718 4224 99 30 brought
823 4224 65 22 down
894 4224 35 21 for
937 4222 100 30 political
1045 4228 113 23 purposes.
1161 4221 62 22 —On

667 4263 13 16 a
697 4255 96 24 division
812 4254 38 24 Mr
871 4253 129 23 Williams's
1015 4252 143 23 amendment
1177 4258 46 16 was

667 4287 45 22 lost
722 4286 29 28 by
764 4286 25 22 19
800 4287 24 21 to
836 4286 32 27 10,
880 4285 39 22 the
929 4285 79 28 voting
1018 4283 66 30 being
1094 4283 4 31 :

690 4321 63 21 Atbs.
791 4321 73 19 Messrs
885 4319 131 21 Richardson.
1040 4318 78 22 Baillie,
1139 4316 84 25 Acland,

668 4346 114 22 Barnicoat,
800 4344 124 23 Arkwright,
939 4343 58 22 Kerr,
1010 4342 67 23 Kelly,
1091 4342 56 23 ltigg.
1157 4342 66 23 .lones,

667 4369 121 24 Jenkinson,
803 4368 83 25 Beeves,
901 4367 109 24 Feklwick,
1026 4366 105 25 Jennings,
1146 4366 77 23 Kenny,

668 4394 95 25 Ormond,
770 4393 53 25 Bolt,
831 4393 94 24 Peacock,
934 4393 146 24 Montgomery,
1086 4391 40 21 and
1134 4390 90 22 Walker.

692 4420 87 20 Noe*.—
780 4419 74 20 Messrs
873 4417 110 24 Reynolds,
998 4416 103 24 .Scotland,
1121 4415 103 24 Swanson,

668 4443 107 23 Shriniski,
796 4442 110 23 Williams,
926 4441 90 23 Taiaroa,
1038 4440 73 24 Bonar,
1133 4440 91 22 Stevens,

668 4467 91 22 M'Lean,
767 4466 40 21 and
816 4466 89 19 Holmes.

696 4497 47 24 The
753 4495 80 25 second
843 4495 94 30 reading
946 4502 45 16 was
1002 4495 54 23 then
1066 4493 82 32 agreed
1158 4495 30 22 to.

695 4568 199 29 SERVANTS'
914 4567 291 29 HALF-HOLIDAY.

819 4635 216 26 WELLINGTON,
1051 4636 97 21 Auuust
1162 4636 33 19 20.

697 4665 37 23 Mr
748 4665 22 24 J.
784 4665 35 23 W.
837 4664 87 31 Kelly'B
941 4664 86 24 famous
1044 4663 113 24 Domestic
1177 4663 36 24 Ser-

669 4697 73 23 vants'
762 4696 156 29 Half-holiday
938 4695 45 24 Bill
1002 4703 62 15 came
1087 4695 76 23 before
1187 4695 39 23 the

670 4727 137 29 Legislative
830 4726 93 23 Council
953 4725 128 29 yesterday,
1108 4725 36 23 Mr
1173 4725 53 23 Bolt

671 4756 79 29 taking
760 4756 80 30 charge
850 4756 23 22 of
883 4756 25 22 it.
933 4754 107 23 Without
1047 4754 85 30 styling
1139 4754 88 24 himself

670 4788 40 22 the
725 4786 82 30 special
827 4786 119 28 chimpion
963 4785 23 22 of
1003 4784 39 23 the
1057 4788 110 24 servants,
1188 4785 38 22 Mr

671 4817 53 24 Bolt
743 4816 48 23 said
810 4816 20 22 it
846 4814 89 24 seemed
953 4817 23 20 to
991 4814 46 23 him
1053 4814 98 29 peculiar
1167 4815 58 27 that,

671 4847 67 24 while
762 4847 55 28 they
837 4845 45 23 had
906 4844 117 31 legislated
1044 4848 24 18 to
1091 4844 50 29 give
1160 4852 67 21 every

671 4878 57 23 class
744 4884 14 15 a
776 4875 155 29 half-holiday,
948 4875 55 27 they
1018 4874 45 22 had
1078 4878 41 18 not
1134 4875 94 27 granted

672 4908 39 22 the
721 4913 60 16 same
791 4904 108 30 privilege
910 4907 24 20 to
944 4904 52 23 that
1009 4904 56 22 class
1075 4904 57 21 least
1145 4903 50 22 able
1205 4906 24 19 to

672 4937 52 30 help
734 4935 68 24 itself.
835 4934 35 23 He
885 4934 66 23 could
966 4937 41 20 not
1023 4941 36 15 see
1076 4934 53 29 why
1138 4941 45 22 any
1192 4941 24 14 ex-

673 4967 89 29 ception
786 4965 80 22 Bhould
895 4964 27 22 be
946 4964 64 23 made
1039 4964 24 22 in
1087 4967 88 24 respect
1206 4965 24 19 to

672 4995 173 25 servants.—As
856 5001 45 16 was
918 4996 24 21 to
957 4993 27 24 be
999 4993 109 31 expected
1124 4993 57 22 from
1191 4992 39 22 the

673 5028 124 24 treatment
807 5026 23 23 of
845 5025 45 24 this
899 5025 45 24 Bill
962 5026 23 22 in
995 5025 40 23 the
1050 5024 79 24 Lower
1144 5022 85 29 House,

673 5059 20 21 it
701 5064 51 16 now
763 5056 44 22 had
817 5063 13 15 a
839 5056 64 22 short
917 5056 75 26 shrift,
1009 5055 36 23 Sir
1059 5055 27 21 G.
1104 5054 127 22 Whitmore

673 5086 122 30 proposing
816 5085 51 23 that
886 5085 20 23 it
924 5085 28 23 be
972 5083 53 24 read
1047 5091 14 15 a
1079 5082 82 24 second
1176 5082 55 22 time

674 5117 53 23 that
749 5115 45 29 day
817 5115 35 23 six
877 5115 95 22 months.
1016 5114 84 23 Messrs
1122 5111 107 28 Peacock,

675 5146 117 23 Shriniski.
814 5145 44 22 and
879 5145 69 23 Jones
967 5145 31 22 all
1022 5143 98 31 opposed
1144 5143 28 27 it,
1193 5142 38 22 the

675 5177 69 23 latter
753 5175 175 30 characterising
945 5175 20 22 it
979 5182 24 15 as
1020 5182 13 14 a
1044 5172 121 24 ridiculous
1182 5179 37 22 pro-

675 5207 62 29 posal
747 5206 44 23 and
807 5213 42 15 one
863 5205 127 29 impossible
1008 5207 23 21 to
1041 5210 66 23 carry
1117 5205 46 20 out.
1167 5201 66 23 —Mr

676 5236 164 29 Montgomery,
852 5242 28 16 on
896 5235 40 23 the
948 5235 65 22 other
1030 5233 68 28 hand,
1110 5231 123 31 supported

676 5267 26 27 it,
713 5266 45 23 and
772 5264 94 32 pointed
880 5267 41 22 out
931 5265 52 24 that
992 5264 20 25 it
1026 5271 45 17 was
1082 5263 53 29 only
1145 5269 74 16 reason-

675 5297 51 23 able
737 5296 51 24 that
795 5297 104 21 servants
906 5295 80 23 should
993 5295 57 22 have
1057 5294 103 22 fourteen
1171 5292 62 29 days'

677 5326 91 30 holiday
791 5325 82 29 during
904 5325 38 24 the
968 5332 61 23 year.
1074 5323 24 23 It
1124 5329 46 17 was
1193 5325 41 19 not

677 5358 88 30 against
781 5356 73 25 either
873 5356 40 23 the
924 5356 79 24 wishes
1017 5355 23 24 of
1056 5353 59 32 good
1131 5356 103 21 servants

678 5396 25 16 or
720 5388 59 30 good
798 5388 124 25 mistresses
946 5388 52 22 that
1022 5386 39 23 the
1084 5384 46 24 Bill
1153 5383 81 24 should

678 5419 89 23 become
776 5417 118 23 law.—Mr
903 5417 83 23 Bowen
1003 5416 49 25 said
1069 5416 20 22 it
1103 5421 45 17 was
1162 5422 14 15 a
1190 5414 44 22 bad

678 5447 45 29 Bill
741 5449 23 24 in
784 5448 110 30 principle
912 5447 44 24 and
976 5455 13 14 a
1007 5445 82 24 foolish
1108 5452 48 16 one.
1187 5443 48 25 The

678 5480 152 29 punishment,
851 5479 23 21 in
894 5478 63 28 place
975 5477 23 22 of
1017 5476 79 28 falling
1111 5483 28 14 on
1154 5482 81 21 proper

678 5508 124 28 shoulders,
823 5507 75 24 would
917 5506 40 24 fall
976 5513 29 16 on
1030 5505 39 24 the
1088 5504 147 23 unfortunate

679 5541 91 24 servant
779 5539 61 30 girls.
871 5537 47 25 The
929 5537 83 23 radical
1026 5535 60 25 fault
1099 5535 24 23 of
1137 5534 39 24 the
1190 5533 46 24 Bill

680 5578 45 17 was
736 5570 52 26 that
803 5570 20 23 it
831 5568 78 26 struck
925 5570 25 21 at
960 5567 39 24 the
1009 5568 50 22 root
1073 5566 23 24 of
1111 5565 30 24 all
1155 5572 82 23 proper

680 5601 82 29 feeling
785 5600 101 23 between
904 5598 114 30 employer
1041 5596 45 25 and
1109 5595 125 31 employed.

681 5631 35 23 He
741 5631 65 22 knew
830 5629 23 22 in
873 5629 46 21 this
938 5628 79 28 colony
1037 5634 67 21 many
1124 5627 112 21 instances

682 5661 73 24 where
770 5661 103 22 servants
890 5657 44 24 had
954 5657 113 23 remained
1087 5656 85 23 friends
1186 5655 24 23 of
1224 5662 13 16 a

682 5692 78 28 family
770 5691 53 27 long
832 5690 59 21 after
909 5689 53 27 they
980 5687 44 23 had
1042 5687 42 23 left
1099 5687 30 22 its
1143 5686 92 26 service,

682 5721 44 26 and
746 5721 28 23 he
788 5713 48 33 also
856 5718 64 26 knew
936 5718 23 24 of
978 5717 138 29 respectable
1135 5718 103 20 servants

743 5758 58 16 were
816 5748 97 31 opposed
931 5750 24 24 to
970 5747 47 25 tjiis
1033 5746 51 26 Bill.
1115 5746 48 23 The
1177 5753 45 16 man-

682 5786 40 26 mt
732 5788 23 24 18
766 5780 34 24 wh
803 5779 36 28 »vh
850 5778 38 30 tjje
898 5777 45 30 Bill
959 5784 45 21 was
1018 5778 23 24 to
1058 5776 28 27 be
1102 5775 84 30 parried
1198 5777 40 22 out

1258 205 45 16 was
1313 203 61 16 more
1383 195 148 23 mischievous
1538 193 55 23 than
1604 193 30 23 its
1643 192 119 30 principle,
1771 193 45 23 and

1258 229 19 23 it
1286 227 74 25 would
1371 227 57 23 have
1438 228 25 21 to
1477 224 29 25 be
1520 222 105 25 enforced
1640 223 30 31 by
1683 224 131 30 policemen.

1257 259 63 24 Good
1331 260 103 22 servants
1443 264 59 16 were
1512 254 88 24 limited
1616 255 23 23 in
1651 254 104 29 number,
1771 255 45 23 and

1258 290 54 28 they
1322 289 45 22 had
1378 289 38 22 the
1426 286 87 23 control
1530 286 24 22 of
1569 286 40 22 the
1624 288 84 20 matter
1722 286 23 22 in
1755 286 61 22 their

1256 327 51 16 own
1326 318 79 24 hands.
1443 316 22 25 If
1485 316 54 30 they
1559 322 58 17 were
1635 315 57 31 good
1712 318 104 22 servants

1257 350 56 30 they
1322 349 67 24 could
1395 348 82 24 almost
1482 346 117 24 command
1611 346 59 24 their
1679 354 50 17 own
1737 349 77 21 terms.

1256 382 55 24 This
1409 381 35 24 for
1602 378 77 24 would
1701 379 73 24 result
1793 379 23 24 in

1256 413 93 29 putting
1359 414 111 26 servants,
1481 410 58 31 good
1548 410 46 24 and
1603 410 53 27 bad,
1666 417 30 16 on
1706 410 40 23 the
1755 417 61 16 same

1256 443 129 28 footing—a
1404 444 47 20 sort
1470 442 24 22 of
1512 441 107 29 levelling
1637 440 179 23 downwards.—

1256 473 38 21 Mr
1304 472 96 22 M'Lean
1416 479 45 15 was
1477 471 47 23 also
1540 471 89 30 against
1644 470 39 23 the
1691 470 54 28 Bill,
1757 477 25 15 as
1797 470 19 22 it

1256 509 45 15 was
1311 501 133 30 practically
1455 501 93 29 turning
1564 502 92 21 servant
1672 499 55 31 girls
1737 503 41 20 out
1787 507 29 15 on

1256 532 39 23 the
1311 534 89 21 streets.
1451 531 38 23 Mr
1512 530 126 25 Jenkinson
1659 530 94 31 pointed
1776 532 41 21 out

1256 563 52 21 that
1318 562 39 22 the
1374 562 46 22 sole
1436 569 79 15 reason
1532 562 35 22 for
1582 562 39 21 the
1639 560 45 24 Bill
1701 568 46 15 was
1764 561 53 22 that

1255 594 92 20 servant
1369 591 56 30 girls
1449 591 44 23 had
1523 598 29 15 no
1580 590 93 30 Sunday
1696 593 25 21 to
1745 590 57 24 them-

1255 621 72 24 selves
1337 630 6 19 ;
1373 622 45 22 and
1442 621 38 23 Mr
1511 621 67 28 Kerr,
1604 621 23 22 in
1652 621 39 23 the
1721 621 95 23 interest

1255 652 23 23 of
1296 652 38 23 the
1351 654 93 21 servant
1460 652 62 28 girls,
1540 651 110 23 endorsed
1666 651 150 23 Mrßowen's

1255 682 176 24 remarks.—Mr
1459 682 61 28 Bolt,
1550 682 111 29 replying,
1691 682 50 22 said
1765 682 52 23 that

1255 713 46 23 this
1339 712 92 24 method
1469 713 24 22 of
1533 712 81 30 killing
1651 720 14 15 a
1702 712 46 24 Bill
1785 711 31 31 by

1254 744 91 28 moving
1367 743 38 22 the
1425 742 81 23 second
1528 743 94 29 reading
1644 743 52 22 that
1719 743 45 29 day
1781 743 35 22 six

1254 773 91 24 months
1355 780 45 16 was
1416 773 90 30 getting
1516 776 134 20 monstrous.
1682 772 72 24 There
1770 780 46 15 was

1254 812 28 16 no
1292 804 114 30 provision
1418 805 23 22 in
1452 804 39 23 the
1500 803 46 24 Bill
1556 803 35 24 for
1601 804 93 29 turning
1710 804 55 29 girls
1774 805 42 21 out

1253 842 28 14 on
1298 835 38 21 the
1355 836 89 20 streets.
1476 833 36 23 He
1532 833 81 23 denied
1630 833 37 23 Mr
1684 833 131 23 Shrimski's

1253 863 109 22 assertion
1374 863 51 22 that
1442 863 38 22 the
1498 863 66 22 other
1579 862 77 23 House
1672 862 45 23 had
1734 862 80 29 passed

1254 892 38 23 the
1302 892 45 23 Bill
1358 892 23 23 in
1391 892 40 23 the
1442 892 57 30 hope
1515 892 53 23 that
1578 892 38 23 the
1627 891 94 24 Council
1738 891 75 24 would

1253 923 74 23 throw
1346 923 20 23 it
1385 925 46 21 out.
1463 922 24 23 It
1506 930 46 15 was
1569 924 50 21 true
1636 922 51 23 that
1701 922 57 30 good
1769 929 30 15 em-

1252 953 89 29 ployers
1351 960 58 23 gave
1419 953 103 30 holidays
1537 955 23 19 to
1569 952 60 22 their
1639 952 62 29 girls,
1713 952 44 22 but
1767 952 47 22 this

1251 982 45 23 Bill
1307 990 46 14 was
1366 986 25 19 to
1401 984 60 21 meet
1470 990 14 15 a
1499 983 57 22 class
1571 981 24 23 of
1613 981 45 23 bad
1678 981 133 30 employers.

1251 1012 39 22 All
1309 1012 55 22 such
1381 1012 128 29 legislation
1525 1019 46 15 was
1587 1011 108 23 intended
1715 1014 23 20 to
1753 1014 61 19 meet

1251 1049 61 16 cases
1331 1042 24 23 of
1374 1042 52 23 that
1445 1042 120 24 sort.—On
1580 1049 13 15 a
1610 1041 96 24 division
1727 1040 37 25 Sir
1783 1041 27 23 G.

1251 1072 146 22 Whitmore's
1407 1072 145 23 amendment
1562 1079 45 15 was
1617 1071 86 23 carried
1713 1071 31 29 by
1751 1072 25 22 21
1788 1073 25 21 to

1250 1104 20 21 8.
1308 1101 47 24 The
1365 1102 65 29 eight
1439 1109 59 16 were
1509 1102 83 23 Messrs
1602 1101 129 28 Barnicoat,
1744 1101 67 30 Rigg,

1250 1132 133 27 Jenkinson,
1405 1132 94 28 Reeves,
1520 1132 60 28 Bolt,
1602 1131 108 28 Peacock,
1736 1131 61 24 Mont-

1249 1169 99 24 gomery,
1360 1162 44 23 and
1416 1162 39 23 the
1465 1162 106 23 Minister
1581 1162 23 23 of
1619 1162 134 23 Education.

1279 1233 125 26 PENNY
1427 1233 207 27 DREADFUL
1652 1233 127 27 CRIME.

1275 1305 130 29 Complaint
1416 1305 40 22 has
1466 1304 56 23 been
1532 1305 105 28 frequent
1647 1303 23 23 of
1680 1303 47 23 late
1737 1303 23 22 in
1771 1303 39 22 the

1248 1334 76 25 States
1332 1335 53 23 that
1391 1341 76 24 penny
1475 1333 104 24 dreadful
1587 1334 127 28 literature,
1720 1340 25 16 so
1752 1339 43 17 com-

1248 1374 51 16 mon
1319 1365 71 30 there,
1409 1373 47 16 was
1475 1365 45 25 fast
1539 1365 102 31 creating
1659 1371 82 24 among
1755 1364 56 31 boys

1247 1405 29 15 an
1286 1400 64 20 utter
1359 1399 117 27 contempt
1485 1397 35 22 for
1529 1396 44 23 law
1583 1395 45 24 and
1645 1395 117 30 disregard
1776 1395 35 23 for

1249 1428 102 30 honesty.
1388 1426 27 24 In
1435 1435 13 14 a
1467 1430 77 20 recent
1563 1427 60 23 issue
1642 1426 40 23 the
1702 1426 6 13 '
1719 1425 91 24 World'

1248 1466 51 20 says
1308 1467 35 14 :

1276 1488 72 24 There
1358 1495 95 24 appears
1464 1489 23 22 to
1498 1487 27 23 be
1540 1495 27 15 an
1583 1487 110 30 epidemic
1703 1486 24 24 of
1741 1486 69 24 crime

1248 1526 81 23 among
1339 1519 65 22 small
1414 1519 62 29 boys.
1508 1518 47 23 The
1572 1518 47 23 fate
1636 1517 23 23 of
1673 1517 23 24 J.
1714 1517 96 22 Watson

1248 1548 117 30 Hildreth,
1391 1549 39 24 the
1454 1548 45 31 boy
1522 1547 172 25 train-wrecker
1708 1546 102 32 recently

1248 1579 121 25 sentenced
1393 1582 25 22 to
1441 1579 39 25 life
1505 1579 171 31 imprisonment
1690 1581 25 21 at
1731 1578 77 29 Rome,

1249 1611 71 28 N.Y.,
1341 1611 45 22 and
1405 1611 24 22 of
1447 1611 35 22 his
1503 1611 94 28 friends,
1613 1610 66 23 Plato
1694 1609 44 23 and
1753 1609 42 23 Hib-

1249 1641 63 27 bard,
1331 1641 50 22 who
1401 1640 67 23 aided
1487 1640 47 22 him
1553 1640 23 22 in
1597 1640 113 28 wrecking
1725 1647 13 14 a
1753 1639 58 22 New

1249 1670 64 23 York
1337 1670 93 23 Central
1454 1670 67 26 train,
1543 1669 45 24 and
1610 1669 49 23 who
1682 1676 59 15 were
1755 1668 54 23 each

1248 1701 121 23 sentenced
1393 1703 24 21 to
1440 1700 63 30 forty
1526 1707 66 23 years
1615 1700 24 22 in
1663 1700 83 29 prison,
1770 1699 41 23 has

1247 1734 40 19 not
1325 1731 56 22 been
1419 1738 14 14 a
1465 1731 108 28 warning.
1619 1729 114 29 Probably
1771 1729 39 23 the

1248 1760 123 23 wickedest
1390 1760 44 23 and
1458 1762 60 20 most
1541 1759 162 23 irreclaimable
1726 1759 84 29 youths

1248 1790 52 24 that
1310 1790 57 24 have
1376 1797 54 17 ever
1438 1790 65 23 faced
1513 1797 13 16 a
1536 1790 72 30 police
1625 1789 132 31 magistrate
1772 1795 38 18 are

1247 1821 40 24 the
1587 1820 158 30 highwaymen
1765 1819 44 23 and

1247 1853 79 28 pretty
1346 1851 66 23 much
1428 1851 136 29 everything
1579 1851 46 22 else
1644 1850 52 23 that
1713 1850 19 23 is
1756 1849 51 28 bad,

1247 1882 51 22 who
1323 1882 44 22 live
1387 1880 57 23 with
1464 1881 60 22 their
1543 1882 100 26 parents,
1670 1880 139 30 respectable

1247 1912 79 30 people
1355 1912 23 22 in
1403 1912 97 27 Passaic,
1534 1910 54 24 N.J.
1629 1910 48 24 The
1696 1910 56 30 boys
1771 1917 38 16 are

1248 1943 82 22 known
1355 1949 24 15 as
1405 1941 155 23 "Vreeland's
1591 1940 93 24 terrible

1247 1973 64 30 They
1325 1980 38 15 arc
1378 1972 53 28 only
1448 1972 64 30 eight
1527 1979 66 22 years
1610 1971 46 28 old,
1676 1971 43 23 but
1738 1971 71 29 began

1247 2004 61 23 their
1317 2003 125 24 boisterous
1450 2009 75 17 career
1535 2002 82 23 almost
1626 2009 25 16 as
1661 2008 54 17 soon
1721 2008 25 17 as
1755 2001 54 31 they

1247 2034 66 23 could
1333 2034 66 22 walk.
1431 2033 63 30 They
1514 2033 58 23 have
1596 2032 56 24 been
1672 2032 23 23 in
1714 2032 51 30 gaol
1785 2032 23 23 in

1249 2065 115 27 Paterson,
1376 2063 44 23 and
1431 2064 57 22 have
1498 2063 55 23 been
1564 2065 42 28 put
1616 2062 73 23 under
1703 2062 71 23 bonds
1785 2064 24 20 to

1247 2094 57 30 keep
1314 2094 40 23 the
1364 2101 73 23 peace.
1469 2093 44 23 For
1529 2093 64 23 three
1609 2100 66 22 years
1685 2092 55 30 they
1751 2093 57 22 have

1247 2124 56 24 been
1313 2124 112 23 chastised
1435 2124 71 30 daily,
1522 2124 127 22 sometimes
1666 2129 61 22 once,
1739 2129 56 16 some-

1247 2155 66 23 times
1324 2155 48 22 half
1380 2162 14 14 a
1404 2154 69 22 dozen
1484 2154 72 23 times.
1588 2154 21 22 A
1623 2154 64 22 short
1702 2154 55 21 time
1767 2160 42 22 ago

1247 2185 40 23 the
1303 2185 68 23 twins
1387 2184 93 23 entered
1503 2184 38 23 the
1558 2183 77 30 public
1654 2183 76 23 school
1749 2183 60 22 after

1247 2215 75 22 school
1338 2215 68 22 hours
1421 2214 45 23 and
1484 2214 93 23 defaced
1595 2213 39 23 the
1649 2213 157 27 blackboards,

1247 2248 49 20 tore
1313 2253 31 22 up
1360 2244 31 23 all
1407 2244 39 24 the
1462 2251 56 24 copy
1536 2243 78 29 books,
1626 2243 73 23 threw
1710 2243 38 23 the
1759 2242 36 23 ink-

1247 2276 62 22 wells
1319 2278 25 20 at
1354 2275 39 23 the
1403 2274 89 30 ceiling,
1503 2274 100 30 emptied
1621 2274 40 23 the
1670 2275 104 21 contents
1785 2273 24 22 of

1247 2306 38 23 the
1301 2305 109 24 teacher's
1425 2305 55 23 desk
1496 2308 42 20 out
1552 2305 24 23 of
1591 2304 39 24 the
1646 2303 105 28 window,
1763 2303 45 23 and

1246 2343 58 16 were
1342 2336 99 29 banging
1483 2335 82 30 noisily
1601 2342 29 15 on
1668 2334 39 23 the
1740 2334 67 30 piano

1245 2366 66 22 when
1341 2366 90 29 caught.
1477 2365 63 29 They
1571 2365 57 22 stole
1658 2364 59 22 tools
1750 2364 57 21 from

1245 2403 14 15 a
1288 2395 137 30 carpenter's
1454 2394 71 29 chest,
1560 2394 44 22 and
1639 2401 57 15 were
1730 2393 77 29 trying

1246 2428 24 21 to
1308 2425 92 31 destroy
1443 2433 13 15 a
1494 2424 41 24 flat
1577 2432 37 16 car
1659 2423 65 24 when
1768 2423 39 23 the

1246 2457 59 23 train
1329 2456 96 23 started.
1455 2456 63 29 They
1538 2455 93 30 jumped
1645 2455 38 27 off,
1703 2454 44 23 and
1768 2454 39 23 the

1246 2487 57 23 tools
1323 2494 58 15 were
1401 2486 86 22 carried
1508 2488 24 20 to
1556 2486 93 22 Buffalo.
1690 2486 48 21 One
1762 2484 44 29 day

1245 2517 101 28 recently
1362 2516 56 29 they
1428 2515 82 23 turned
1527 2515 165 30 highwaymen,
1704 2514 44 22 and
1766 2521 38 15 are

1245 2554 50 15 now
1306 2548 40 21 out
1356 2554 29 15 on
1402 2546 76 29 parole
1494 2546 36 22 for
1541 2545 80 30 taking
1636 2544 97 30 bicycles
1748 2543 58 23 from

1246 2577 38 24 the
1296 2576 87 24 Wilson
1399 2576 62 30 boys.
1493 2575 48 24 The
1558 2575 68 24 twins
1641 2582 38 17 are
1689 2574 65 24 small
1772 2574 34 23 for

1245 2608 60 22 their
1315 2615 48 22 age,
1375 2607 44 22 and
1431 2613 54 22 very
1496 2607 57 22 thin.
1592 2606 63 29 They
1666 2613 38 15 are
1714 2605 92 23 dressed

1244 2637 69 26 alike,
1324 2637 45 23 and
1386 2637 42 22 few
1438 2643 93 23 persons
1541 2643 41 15 can
1593 2635 40 23 tell
1651 2635 63 23 them
1729 2637 72 27 apart.

1245 2669 48 21 Mrs
1304 2667 113 23 Vreeland
1428 2670 24 19 at
1463 2667 66 22 times
1546 2668 84 21 cannot
1645 2665 41 23 tell
1696 2665 74 23 which
1786 2665 19 22 is

1245 2699 86 29 George
1351 2697 44 23 and
1415 2696 74 24 which
1509 2697 19 22 is
1548 2696 70 23 Dave.
1659 2695 66 24 Since
1745 2695 61 22 their

1244 2729 69 23 latest
1332 2728 109 30 escapade
1461 2728 55 29 they
1539 2726 58 24 have
1620 2726 57 23 been
1701 2724 105 25 tethered

1245 2759 82 29 during
1337 2759 39 22 the
1386 2759 45 28 day
1442 2759 23 21 in
1476 2757 39 23 the
1526 2757 57 28 yard
1593 2757 23 23 of
1626 2756 60 24 their
1696 2756 71 22 home.

1273 2787 112 32 Eighteen
1400 2788 57 23 New
1474 2787 64 24 York
1555 2787 56 30 boys
1626 2786 73 23 under
1717 2787 88 22 sixteen

1244 2827 65 23 years
1325 2820 23 23 of
1367 2826 41 23 age
1418 2825 59 17 were
1492 2817 118 32 arraigned
1628 2817 76 24 before
1722 2816 69 31 Magis-

1246 2854 58 20 trate
1329 2850 82 24 Simms
1440 2856 42 16 one
1512 2849 103 29 morning
1645 2848 101 29 recently
1771 2847 35 23 for

1244 2881 90 22 various
1353 2880 87 27 crimes,
1460 2879 57 23 from
1536 2879 115 29 gambling
1666 2880 24 20 to
1705 2878 97 29 larceny.

1244 2911 48 23 The
1302 2913 70 20 worst
1388 2910 38 23 lad
1442 2910 23 23 in
1483 2909 46 23 this
1538 2916 72 22 group
1620 2916 46 15 was

1244 2941 69 27 King,
1332 2941 77 20 eleven
1429 2946 65 22 years
1513 2939 45 21 old.
1590 2938 36 21 He
1641 2945 46 14 was
1703 2936 102 23 arrested

1244 2969 68 23 while
1318 2969 82 30 trying
1410 2970 24 21 to
1444 2968 57 23 steal
1508 2975 13 15 a
1532 2968 60 29 lamp
1602 2970 59 27 post.
1692 2965 37 23 He
1740 2966 15 16 u
1763 2968 43 28 put

1244 3008 31 22 up
1285 3008 13 15 a
1398 3008 25 15 as
1433 2999 28 24 he
1471 2997 71 25 called
1560 2997 26 29 it,
1599 2997 65 25 when
1675 2996 39 24 the
1724 2996 69 31 police-

1245 3039 51 14 man
1306 3030 101 23 arrested
1418 3030 52 23 him.
1502 3029 35 23 On
1547 3029 39 22 the
1594 3036 61 15 same
1665 3028 45 29 day
1717 3029 87 21 sixteen

1244 3062 66 22 other
1325 3060 56 31 boys
1397 3068 59 16 were
1473 3058 99 25 arrested
1591 3059 22 23 in
1633 3058 93 24 Central
1745 3057 61 24 Park

1245 3092 35 23 for
1299 3092 91 22 various
1409 3091 101 23 offences.
1551 3090 47 23 The
1622 3089 55 30 boys
1701 3096 60 15 seem
1781 3091 25 21 to

1246 3123 97 22 hesitate
1367 3124 25 21 at
1416 3122 102 29 nothing,
1544 3123 41 20 not
1612 3127 56 16 even
1698 3119 106 30 highway

1247 3153 102 29 robbery,
1368 3159 24 16 as
1407 3153 40 22 the
1462 3152 115 28 following
1592 3151 113 22 incidents
1715 3150 47 22 will
1778 3156 28 22 go

1247 3186 23 19 to
1281 3190 74 22 prove.
1388 3181 197 29 Eleven-year-old
1595 3180 116 23 Theodore
1728 3179 78 23 Miller

1247 3221 45 15 was
1308 3213 67 29 going
1392 3212 64 23 home
1473 3211 66 23 when
1557 3211 28 22 he
1601 3217 46 16 was

1247 3244 30 28 by
1294 3243 115 23 Christian
1428 3242 99 28 Yehling
1543 3240 45 24 and
1605 3243 45 20 two
1666 3240 66 22 other
1741 3239 66 23 small

1247 3273 63 30 boys,
1322 3273 50 22 who
1409 3271 101 24 knocked
1523 3271 46 22 him
1651 3269 57 24 with
1719 3277 13 14 a
1741 3269 66 22 brick

1247 3304 44 24 and
1322 3303 58 24 stole
1409 3303 35 23 his
1472 3303 116 29 groceries.
1635 3300 98 30 Yehling
1762 3306 45 17 was

1247 3334 109 27 arrested,
1367 3333 45 23 and
1422 3334 19 22 is
1452 3339 50 16 now
1512 3332 22 22 in
1545 3331 81 30 charge
1642 3331 23 23 of
1680 3331 40 22 the
1735 3330 73 29 Gerry

1247 3364 98 30 Society.
1376 3363 37 22 He
1433 3363 18 22 is
1471 3361 53 31 only
1540 3361 81 23 twelve
1638 3368 65 23 years
1719 3360 22 22 of
1758 3366 48 23 age.

1247 3394 159 30 Ten-year-old
1424 3393 97 24 Thomas
1539 3391 105 31 Kearney
1661 3392 19 23 is
1691 3391 82 24 known
1784 3397 24 16 as

1249 3426 38 21 the
1303 3425 76 21 leader
1396 3424 23 21 of
1435 3424 40 20 the
1516 3423 81 21 Desert
1705 3421 74 22 which
1790 3421 19 21 is

1247 3453 119 31 composed
1383 3453 24 23 of
1423 3452 56 31 boys
1496 3451 96 31 varying
1602 3451 57 23 from
1670 3451 34 22 six
1715 3453 23 20 to
1749 3450 47 22 four-

1249 3491 50 18 teen
1311 3491 65 23 years
1385 3484 24 23 of
1418 3491 48 22 age.
1498 3483 94 29 Tommy
1603 3490 45 15 was
1658 3482 23 23 in
1697 3481 112 24 Jefferson

1249 3515 93 23 Market
1358 3514 74 23 Police
1449 3513 72 24 Court
1538 3515 46 20 two
1601 3512 124 23 successive
1736 3518 58 15 morn-

1249 3546 49 29 ings
1322 3552 29 15 on
1374 3544 85 22 serious
1478 3544 100 28 charges.
1619 3542 47 22 The
1691 3540 50 24 first
1763 3548 46 16 was

1248 3575 86 22 assault
1358 3574 44 22 and
1426 3573 99 29 battery,
1555 3571 115 30 preferred
1694 3571 30 30 by
1748 3571 49 22 nine-

1248 3604 102 31 year-old
1367 3604 71 23 Yetta
1459 3603 108 28 Lehman,
1589 3602 51 23 who
1654 3600 94 24 accused
1764 3601 45 23 him

1249 3636 23 22 of
1293 3635 93 30 beating
1407 3635 40 22 her
1468 3641 29 16 on
1517 3634 39 22 the
1574 3635 73 21 street
1665 3632 74 30 owing
1758 3633 24 22 to
1797 3639 13 14 a

1249 3665 89 30 quarrel
1355 3665 23 23 in
1395 3664 82 24 school.
1508 3664 95 29 Tommy
1623 3670 46 16 was
1688 3662 121 23 remanded

1249 3697 35 21 for
1300 3695 159 26 examination,
1478 3695 43 21 but
1536 3701 45 14 was
1597 3693 57 22 back
1670 3693 65 28 again
1755 3693 56 21 next

1249 3725 110 32 morning,
1378 3723 94 26 accused
1487 3723 24 24 of
1534 3723 85 32 having
1638 3721 103 26 knocked
1761 3721 50 24 Mrs

1250 3758 98 22 Lehman
1365 3756 108 24 senseless
1483 3756 56 22 with
1554 3763 13 15 a
1580 3754 67 24 brick
1663 3754 94 23 because
1771 3754 40 22 she

1250 3787 44 22 had
1309 3787 44 21 had
1376 3787 46 21 him
1437 3785 100 23 arrested
1559 3785 36 22 for
1615 3784 93 28 beating
1731 3783 77 23 Yetta.

1249 3815 44 24 His
1307 3822 50 17 case
1371 3815 19 23 is
1404 3815 48 23 still
1466 3814 106 31 pending.
1604 3813 19 23 A
1634 3811 108 32 despatch
1752 3812 59 23 from

1249 3846 34 26 St.
1315 3846 67 25 Louis
1410 3848 88 30 reports
1522 3845 52 24 that

1249 3878 111 28 Schmidt,
1376 3885 14 16 a
1409 3876 198 31 sixteen-year-old
1618 3876 98 24 German
1726 3875 80 29 youth,

1250 3909 40 22 has
1299 3909 56 21 been
1364 3908 121 22 sentenced
1505 3911 24 18 to
1539 3907 27 22 be
1576 3906 89 29 hanged
1675 3913 28 15 on
1713 3906 61 22 June
1786 3907 25 20 18

1249 3938 35 23 for
1303 3937 130 30 murdering
1447 3937 104 22 Bertram
1561 3937 112 26 Atwater,
1684 3943 14 15 a
1713 3935 98 28 Chicago

1249 3968 75 24 artist.
1355 3967 59 29 Troy
1423 3966 82 29 (N.Y.)
1515 3966 42 23 has
1566 3974 13 15 a
1590 3965 92 24 masked
1692 3965 45 32 boy
1747 3963 51 32 high-

1251 4006 107 23 wayman.
1398 3998 101 23 William
1516 3996 148 28 Blanchfield,
1685 3996 23 23 of
1728 3996 81 26 Salem,

1252 4029 149 30 Washington
1421 4028 97 31 County,
1540 4026 107 26 returned
1672 4027 65 24 home
1755 4026 54 28 late,

1251 4060 44 24 and
1305 4067 25 16 as
1339 4060 28 23 he
1378 4067 46 16 was
1433 4059 135 30 unhitching
1585 4057 35 25 his
1637 4061 61 21 team
1708 4066 13 15 a
1731 4057 80 30 boyish

1251 4091 78 28 figure,
1341 4090 99 27 masked,
1453 4090 77 21 thrust
1540 4097 13 14 a
1562 4089 70 29 pistol
1649 4089 49 21 into
1713 4088 35 22 his
1763 4088 48 22 face

1251 4119 44 25 and
1306 4119 64 24 made
1381 4119 45 23 him
1437 4119 50 31 give
1498 4125 31 24 up
1538 4118 31 24 all
1579 4118 39 24 the
1628 4124 81 24 money
1719 4117 28 23 he
1757 4116 52 30 had,

1251 4151 45 22 and
1316 4151 34 22 his
1369 4151 74 22 watch
1463 4150 45 23 and
1527 4150 72 22 chain.
1645 4149 167 29 Subsequently

1252 4181 76 29 Harry
1357 4180 93 28 Hector,
1481 4180 77 23 fifteen
1596 4186 65 22 years
1690 4179 45 27 old,
1765 4184 46 16 was

1251 4211 109 26 arrested,
1381 4210 44 22 and
1444 4210 111 21 admitted
1580 4210 53 21 that
1656 4215 28 16 ne
1702 4215 46 15 was
1772 4208 39 22 the

1252 4240 86 24 robber.
1379 4239 36 23 He
1435 4239 19 23 is
1473 4240 22 22 in
1515 4238 57 28 gaol.
1612 4237 66 25 Chief
1692 4238 23 22 of
1737 4236 75 24 Police

1252 4270 84 29 Burke,
1354 4270 24 23 of
1393 4270 96 27 Passaic,
1506 4269 72 28 N.Y.,
1595 4269 101 30 recently
1710 4267 102 25 arrested

1252 4302 87 29 George
1362 4300 115 27 Dabriski,
1503 4300 82 22 twelve
1607 4306 67 22 years
1696 4299 45 27 old,
1767 4298 44 23 and

1252 4330 119 31 arraigned
1395 4330 47 23 him
1461 4330 75 22 before
1561 4329 39 23 the
1619 4328 113 23 Recorder
1751 4336 28 15 on
1799 4335 13 15 a

1253 4363 81 29 charge
1344 4360 23 24 of
1381 4360 84 31 piracy.
1498 4359 36 23 He
1543 4359 57 24 stole
1616 4366 13 16 a
1645 4358 94 24 batteau
1755 4358 57 24 from

1253 4401 13 15 a
1285 4393 105 23 boatman
1410 4391 45 24 and
1474 4391 90 23 became
1583 4397 14 16 a
1616 4390 80 30 pirate,
1715 4389 97 30 stealing

1254 4424 118 22 whenever
1381 4422 45 23 and
1443 4422 114 22 wherever
1574 4421 28 23 he
1616 4420 73 24 could.
1720 4420 37 23 He
1767 4427 45 16 was

1254 4453 77 28 finally
1341 4452 85 29 caught
1444 4452 23 22 in
1477 4459 14 14 a
1501 4451 56 28 dory
1567 4451 73 22 stolen
1650 4451 58 22 from
1718 4457 13 16 a
1740 4450 71 28 sloop,

1254 4483 44 23 and
1308 4490 47 16 was
1364 4485 51 20 sent
1426 4483 24 22 to
1459 4481 40 23 the
1510 4480 82 24 reform
1602 4480 82 24 school.

1282 4513 72 24 Three
1373 4513 56 30 boys
1453 4511 127 31 attempted
1604 4511 86 24 suicide
1713 4511 23 23 in
1756 4510 57 24 New

1255 4544 64 24 York
1336 4551 29 17 on
1383 4543 40 24 the
1440 4550 61 17 same
1510 4543 46 31 day
1572 4543 94 23 because
1683 4542 55 30 they
1755 4549 58 16 were

1256 4576 96 31 hungry,
1372 4574 44 24 and
1436 4582 42 16 one
1494 4573 97 25 because
1608 4574 28 23 he
1653 4580 46 17 was
1716 4574 23 23 in
1754 4572 56 25 love.

1255 4606 64 30 Tony
1338 4605 94 24 Denfrio
1451 4605 66 23 loved
1542 4604 73 24 Nellie
1641 4604 87 30 Wring.
1768 4604 46 23 She

1256 4644 45 13 was
1324 4636 51 21 cold
1394 4638 24 19 to
1442 4635 54 26 him,
1517 4635 44 21 and
1586 4642 25 14 so
1631 4635 28 21 he
1676 4637 61 19 went
1756 4636 24 20 to
1799 4640 14 15 a

1255 4664 110 25 romantic
1384 4666 53 29 spot
1456 4664 21 23 in
1498 4663 92 24 Central
1614 4663 60 23 Park
1758 4662 54 24 took

1256 4698 82 28 poison.
1380 4695 48 24 The
1444 4695 91 23 doctors
1553 4695 124 29 prevented
1695 4694 45 23 him
1755 4694 58 23 from

1256 4727 76 30 dying.
1362 4725 73 24 Jacob
1451 4725 87 28 (Singer,
1555 4732 13 14 a
1578 4725 109 21 homeless
1696 4725 46 26 lad,
1753 4725 48 22 four-

1257 4760 51 20 teen
1317 4764 66 23 years
1392 4755 46 28 old,
1450 4755 72 23 threw
1533 4754 89 22 himself
1638 4753 72 24 under
1720 4761 13 15 a
1743 4757 71 20 street

1256 4795 44 15 car.
1340 4786 36 23 He
1400 4793 46 16 was
1463 4784 68 23 saved
1556 4784 57 22 from
1637 4783 68 23 death
1724 4784 29 28 by
1774 4784 39 23 the

1257 4818 110 29 vigilance
1390 4816 24 23 of
1437 4823 13 15 a
1481 4814 44 30 boy
1556 4813 74 24 friend
1653 4813 81 24 named
1759 4813 54 24 Tom

1257 4847 109 29 Kinnery.
1408 4846 79 29 Singer
1502 4845 19 23 is
1538 4851 51 15 now
1607 4844 67 29 being
1693 4844 65 22 cared
1780 4844 35 23 for

1257 4877 31 29 by
1297 4877 39 22 the
1347 4877 73 28 Gerry
1430 4876 96 27 Society.
1558 4873 27 23 In
1596 4873 99 23 Newark
1702 4874 100 22 fourteen-

1258 4906 100 30 year-old
1368 4906 101 23 Gustftve
1479 4903 122 24 Schneider
1608 4903 59 22 tried
1677 4905 25 20 to
1712 4903 41 22 kill
1760 4903 41 22 him-

1258 4936 42 22 self
1310 4936 30 30 by
1350 4936 94 29 gashing
1451 4934 38 23 the
1497 4934 95 23 arteries
1599 4933 23 22 in
1633 4932 36 23 his
1674 4932 75 23 wrists
1759 4933 56 22 with

1259 4973 13 14 a
1291 4965 80 29 jagged
1387 4965 62 29 piece
1465 4965 24 21 of
1508 4964 60 29 glass
1582 4962 46 23 and
1643 4970 28 14 an
1689 4962 37 22 old
1744 4962 68 23 knife.

1261 4994 73 24 When
1350 4994 70 24 found
1439 4995 26 22 he
1484 4992 96 31 pleaded
1599 4994 24 21 to
1638 4991 28 23 be
1683 4991 94 23 allowed
1792 4993 24 21 to

1260 5025 43 29 die,
1321 5026 79 29 saying
1415 5025 29 24 he
1459 5033 46 16 was
1522 5023 60 25 tired
1601 5023 23 24 of
1638 5022 46 24 life.
1715 5022 88 25 Sixteen-

1260 5056 101 26 year-old
1387 5056 86 21 Robert
1496 5054 121 28 Rutledge,
1643 5053 36 22 of'
1689 5052 126 27 Plainfield,

1261 5083 65 28 N.J.,
1343 5084 93 22 entered
1453 5084 39 22 the
1507 5082 84 24 church
1606 5082 24 22 of
1646 5082 38 22 the
1695 5081 122 29 Plymouth

1260 5113 112 23 Brethren
1390 5114 63 22 there
1476 5113 45 23 and
1540 5112 57 23 stole
1617 5112 39 22 the
1676 5112 141 22 communion

1261 5143 64 22 wine.
1356 5143 36 22 He
1411 5150 45 15 was
1476 5142 81 30 picked
1577 5149 31 21 up
1627 5141 22 22 in
1660 5141 40 22 the
1709 5143 71 21 street
1789 5148 28 15 an

1262 5172 57 23 hour
1338 5172 66 28 later,
1432 5171 126 31 hopelessly
1580 5171 144 22 intoxicated.
1769 5171 49 29 Boy

1262 5203 88 23 thieves
1366 5202 73 23 travel
1457 5203 24 22 in
1500 5201 71 24 bands
1588 5202 23 22 in
1627 5200 105 24 Gotham.
1763 5201 56 23 Five

1262 5233 55 29 boys
1326 5232 103 23 between
1444 5235 39 19 ten
1500 5232 44 22 and
1562 5231 81 23 twelve
1660 5238 64 23 years
1738 5231 23 23 of
1778 5239 41 22 age

1262 5269 59 16 were
1330 5261 118 30 arraigned
1467 5262 24 22 in
1510 5261 39 23 the
1564 5260 82 24 Centre
1656 5263 70 21 street
1745 5261 75 23 Police

1262 5292 78 28 Court,
1361 5291 96 30 charged
1484 5291 56 23 with
1563 5291 149 30 burglarising
1731 5299 13 14 a
1763 5291 57 23 fruit

1262 5322 74 24 stand.
1368 5322 134 29 Magistrate
1517 5321 82 24 Simms
1615 5321 81 24 turned
1706 5320 48 32 Jthe
1771 5321 49 24 lads

1263 5360 54 17 over
1326 5357 24 19 to
1361 5352 38 24 the
1408 5353 73 30 Gerry
1488 5352 97 31 Society.
1616 5352 39 24 All
1663 5352 39 24 the
1709 5352 111 31 prisoners

1263 5391 59 16 were
1340 5384 77 29 neatly
1432 5383 98 28 dressed,
1542 5383 44 23 and
1603 5383 87 23 seemed
1710 5387 24 19 to
1753 5383 67 23 think

1264 5414 39 25 the
1312 5414 73 23 whole
1395 5416 83 20 matter
1487 5421 13 15 a
1510 5414 58 29 huge
1577 5413 59 29 joke.
1667 5414 35 22 On
1712 5413 38 23 the
1760 5419 60 16 same

1264 5445 45 30 day
1319 5444 64 24 three
1402 5443 56 24 New
1479 5444 63 24 York
1561 5446 71 21 street
1650 5443 171 30 arabs—Harry

1265 5475 120 22 Koscnfeld
1406 5475 59 25 (nine
1484 5481 65 21 years
1568 5474 54 26 old),
1643 5474 73 28 Harry
1740 5473 80 22 Kolzin

1265 5505 48 27 (tun
1322 5510 66 23 years
1394 5503 54 29 old),
1457 5503 42 23 and
1511 5503 83 23 Morris
1602 5503 126 23 Wentraub
1735 5502 86 29 (eleven

1265 5541 65 23 years
1349 5533 133 29 old)—were
1498 5533 59 23 tried
1577 5533 74 24 before
1670 5533 75 31 Judge
1762 5533 47 23 Fitz-

1265 5564 77 31 gerald
1359 5571 29 16 on
1408 5564 38 22 the
1465 5564 81 29 chargo
1564 5564 24 22 of
1608 5564 92 29 picking
1719 5564 99 30 pockets.

1266 5594 48 24 The
1333 5594 59 29 jury,
1404 5594 58 22 after
1481 5594 107 29 listening
1604 5596 25 20 <o
1648 5594 39 23 the
1706 5593 113 28 evidence,

1267 5624 72 23 which
1350 5623 85 30 plainly
1445 5623 90 23 showed
1545 5624 40 22 the
1599 5623 55 30 boys
1664 5626 24 20 to
1698 5623 110 23 have'eom-

1267 5653 82 24 mitted
1363 5653 39 23 the
1411 5654 45 28 act,
1468 5653 106 23 returned
1591 5661 13 14 a
1618 5652 86 25 verdict
1714 5653 23 23 of
1775 5653 47 23 Not

1267 5685 82 29 guilty,
1360 5691 29 16 on
1407 5684 38 22 the
1462 5684 86 29 ground
1566 5684 51 22 that
1634 5684 38 22 the
1689 5686 133 27 youngsters

1267 5714 39 23 did
1317 5715 41 21 not
1372 5713 128 31 appreciate
1519 5713 38 22 the
1571 5713 138 29 criminality
1724 5713 23 23 of
1764 5713 58 23 their

1369 5743 75 31 Judge
1471 5742 127 33 Fitzgerald
1623 5743 132 31 discharged
1784 5743 38 24 the

1267 5774 62 31 boys,
1673 5780 34 10 ••'"
1722 5778 14 17 v.
1758 5771 20 21 ft

1890 182 298 27 AGRICULTURAL
2206 183 156 27 SOCIETY.

1873 267 34 23 Al
1924 267 39 23 the
1980 267 99 28 meeting
2095 267 23 22 of
2133 268 39 22 the
2186 269 135 23 Committee
2331 269 23 22 of
2369 268 37 23 the

1846 298 73 29 Otago
1938 296 156 31 Agricultural
2113 297 45 22 and
2185 298 103 23 Pastoral
2308 299 98 27 Society,

1846 328 51 23 held
1928 328 23 23 in
1975 325 104 26 Dunedin
2102 325 44 24 last
2170 327 122 31 Saturday,
2318 328 20 23 it
2361 335 45 16 was

1845 359 95 24 decided
1965 360 24 21 to
2015 356 104 24 intimate
2143 359 23 21 to
2191 358 39 23 the
2255 359 106 22 Minister
2384 358 22 22 of

1846 390 115 29 Railways
1972 389 51 24 that
2039 387 46 24 this
2101 387 86 31 society
2197 389 102 30 strongly
2311 391 95 28 support

1846 422 39 23 the
1904 421 98 30 petition
2022 419 23 22 of
2060 418 38 23 the
2115 417 142 31 Canterbury
2269 420 28 21 A.
2317 419 44 22 and
2380 418 24 24 P.

1846 452 90 27 Society
1946 451 36 22 for
1991 448 128 25 reductions
2137 448 23 22 in
2172 448 38 23 the
2220 449 93 29 charges
2323 448 35 23 for
2368 448 38 23 the

1845 481 127 30 freightage
1982 479 23 23 of
2019 478 74 23 frozen
2109 480 61 20 meat
2179 485 53 15 over
2243 479 38 21 the
2292 478 113 28 railways,

1846 511 44 24 and
1900 513 25 20 to
1944 510 127 29 co-operate
2088 506 55 22 with
2163 507 40 23 the
2219 507 140 30 Wellington
2376 507 27 23 A.

1846 542 45 24 and
1902 542 24 23 P.
1940 540 90 29 Society
2040 539 23 23 in
2072 537 90 30 getting
2172 538 86 23 altered
2269 539 40 21 the
2319 538 74 30 regula-

1846 573 47 22 tion
1905 572 52 22 that
1966 570 30 23 all
2013 570 68 26 sheep
2091 566 58 23 shall
2166 567 27 22 be
2203 568 85 29 dipped
2304 568 102 22 between

1845 602 116 27 February
1973 601 9 21 1
1994 599 45 23 and
2050 598 53 28 May
2116 598 18 25 1,
2146 604 25 15 so
2187 598 50 22 that
2253 597 153 22 stockowners

1845 640 52 22 may
1908 632 57 23 have
1975 631 39 23 the
2023 628 77 31 option
2110 626 24 23 of
2148 627 95 30 dipping
2260 630 25 20 at
2295 634 45 22 any
2351 627 54 22 time

1845 663 59 24 after
1914 662 104 28 shearing
2028 658 44 25 and
2081 657 62 30 prior
2154 659 23 21 to
2188 657 54 28 May
2255 658 17 21 1.

1874 692 38 25 Mr
1923 691 120 27 Saunders,
2055 687 153 31 representing
2220 687 39 23 the
2271 687 5 12 '
2285 685 56 24 New
2353 687 39 22 Zea-

1845 725 53 22 land
1918 721 107 28 Farmer,'
2042 717 81 26 offered
2144 725 12 15 a
2176 717 47 23 free
2241 724 57 22 copy
2316 716 23 23 of
2354 717 52 23 that

1845 761 69 24 paper
1930 754 34 23 for
1974 759 41 16 one
2025 758 54 22 year
2088 756 24 16 as
2121 755 14 15 a
2144 747 84 30 special
2245 747 61 30 prize
2320 747 36 22 for
2367 747 38 22 the

1845 784 118 31 champion
1979 779 133 34 Clydesdale
2125 778 90 23 stallion
2232 780 26 20 at
2272 777 46 23 thi3
2333 777 72 30 year's

1844 817 70 26 show,
1926 815 45 23 and
1989 814 83 22 Messrs
2083 810 83 23 Duthie
2177 809 73 27 Bros.,
2262 808 106 27 Limited,
2381 808 24 22 of

1844 847 87 27 George
1940 846 78 24 street,
2030 840 82 24 offered
2122 840 77 21 shares
2214 838 91 28 (valued
2315 841 25 19 at
2350 839 54 25 £10)

1845 876 22 21 in
1885 875 40 22 the
1934 870 155 33 Agricultural
2104 868 54 24 Hall
2169 869 116 29 Company
2295 867 35 23 for
2346 874 43 15 com-

1845 904 97 31 petition
1962 906 25 21 at
2005 902 40 24 the
2061 900 81 23 winter
2159 899 67 24 show.
2267 897 48 24 The
2334 897 71 24 latter

1844 938 70 20 wrote
1932 934 52 24 that
1999 934 53 29 they
2063 929 84 25 wished
2165 932 24 21 to
2204 937 124 20 encourage
2346 936 43 16 com-

1843 965 97 29 petition
1960 964 45 24 and
2024 967 26 19 at
2068 962 39 23 the
2126 967 60 17 same
2210 961 55 23 time
2289 960 67 23 assist
2380 960 23 22 in

1843 994 151 30 distributing
2004 993 133 24 debentures
2147 998 81 23 among
2244 992 39 22 the
2300 991 100 23 farmers.

1843 1024 63 30 They
1926 1024 120 31 suggested
2067 1022 51 23 that
2137 1021 38 22 the
2194 1022 61 29 prize
2274 1021 82 23 should
2375 1021 28 22 be

1843 1055 66 29 given
1928 1057 24 21 to
1970 1055 39 22 the
2025 1054 83 23 farmer
2118 1051 49 23 who
2177 1052 80 29 gained
2269 1052 38 22 the
2318 1052 85 29 largest

1841 1085 96 22 number
1946 1085 24 22 of
1978 1085 76 29 points
2065 1083 22 23 in
2097 1083 56 22 farm
2164 1082 44 22 and
2219 1082 64 30 dairy
2295 1082 104 30 produce.

1842 1114 88 23 —Both
1945 1114 120 23 donations
2081 1120 57 15 were
2154 1112 174 30 acknowledged
2346 1112 56 23 with

1841 1144 91 24 thanks.

1869 1175 24 25 It
1908 1182 46 18 was
1970 1174 94 26 decided
2083 1176 23 22 to
2121 1173 49 32 give
2187 1174 38 24 the
2236 1173 94 25 Tahuna
2340 1173 58 24 Park

1841 1207 117 29 Company
1968 1207 82 23 twelve
2060 1205 96 24 months'
2162 1206 73 22 notice
2245 1205 23 23 of
2279 1205 39 23 the
2328 1205 59 23 deter-

1841 1237 110 22 mination
1962 1236 23 23 of
1995 1236 58 23 lease
2064 1236 23 22 of
2097 1235 59 22 their
2165 1235 94 29 ground.

1869 1266 47 21 The
1927 1266 80 21 D.J.C.
2020 1265 94 22 notified
2132 1265 50 22 that
2201 1264 55 28 they
2276 1264 45 22 had
2340 1264 58 22 fixed

1840 1295 61 23 their
1911 1294 64 23 dates
1985 1295 36 22 for
2030 1295 62 25 25th,
2104 1294 62 28 27ch,
2177 1294 44 22 and
2238 1294 54 22 28th
2303 1294 80 22 Novem-

1839 1325 48 27 ber,
1907 1325 91 30 leaving
2017 1325 39 22 the
2075 1324 55 23 26th
2145 1331 13 15 a
2173 1324 59 22 clear
2248 1323 45 30 day
2309 1325 35 21 for
2361 1324 37 22 the

1839 1355 98 31 people's
1953 1355 45 31 day
2015 1355 23 24 of
2055 1355 38 23 the
2110 1354 69 29 show,
2198 1353 43 24 and
2258 1354 80 30 asking
2348 1355 50 23 that

1841 1387 39 23 the
1889 1387 63 23 show
1962 1386 27 23 be
1999 1386 53 23 held
2062 1386 23 23 in
2097 1386 38 23 the
2149 1393 60 15 same
2219 1385 69 23 week.
2320 1386 24 22 It
2354 1393 44 15 was

1839 1417 95 23 decided
1954 1420 24 20 to
1997 1424 65 23 agree
2083 1419 23 20 to
2126 1415 64 24 those
2205 1415 71 28 dales,
2295 1415 45 23 and
2360 1415 38 24 the

1839 1455 98 16 summer
1946 1447 62 23 show
2019 1454 45 15 was
2079 1446 60 23 fixed
2156 1446 35 23 for
2201 1445 143 30 Wednesday
2354 1447 44 22 and

1839 1478 127 30 Thursday,
1984 1478 54 23 25th
2053 1476 45 23 and
2115 1476 55 23 2(ith
2187 1476 133 23 November.
2351 1476 47 23 The

1839 1508 83 24 annual
1932 1508 84 30 parade
2031 1507 24 23 of
2071 1507 72 23 entire
2154 1507 74 22 horses
2239 1513 46 16 was
2294 1506 60 23 fixed
2364 1506 34 23 for

1838 1539 55 23 24th
1904 1537 137 32 September.

1867 1570 105 28 Finance,
1997 1568 95 32 ground,
2118 1567 44 24 and
2187 1575 138 23 programme
2340 1575 43 15 com-

1839 1602 91 22 mittees
1940 1607 58 16 were
2008 1600 92 22 elected.

1868 1631 67 22 After
1952 1637 61 15 some
2027 1629 124 23 discussion
2167 1629 38 22 the
2215 1629 115 28 following
2340 1635 47 15 reso-

1839 1661 92 26 lutions,
1949 1659 80 23 moved
2047 1659 30 29 by
2088 1659 37 23 Mr
2142 1659 122 26 Brydone,
2277 1665 56 15 were
2349 1665 34 15 car-

2037 1689 47 23 this
2103 1689 85 29 society
2207 1690 74 28 regret
2304 1688 38 22 the
2358 1695 26 16 un-

1838 1720 156 30 questionable
2004 1720 161 23 deterioration
2175 1718 23 23 of
2208 1718 39 23 the
2257 1718 65 22 horse
2332 1718 65 23 stock

1839 1751 23 22 of
1877 1750 56 24 New
1949 1749 96 23 Zealand
2064 1749 82 29 during
2162 1749 39 21 the
2216 1748 44 22 last
2269 1748 43 22 few
2323 1755 73 21 years,

1839 1781 44 23 and
1904 1787 36 16 are
1959 1780 23 23 of
1997 1780 90 30 opinion
2108 1779 51 23 that
2179 1778 126 31 legislation
2319 1778 24 22 in
2358 1778 40 23 the

1839 1812 110 22 direction
1964 1810 24 23 of
2002 1810 112 30 imposing
2129 1817 28 15 an
2175 1809 81 22 annual
2271 1809 82 22 license
2363 1809 34 22 fee

1838 1849 29 15 on
1885 1842 102 22 stallions
2003 1840 75 23 would
2095 1839 87 31 greatly
2199 1838 84 23 benefit
2293 1838 105 23 breeders

1839 1872 44 22 and
1893 1872 94 22 farmers
2004 1870 122 30 generally,
2139 1870 43 22 and
2196 1869 55 23 tend
2262 1872 24 20 to
2296 1869 101 29 improve

1839 1903 39 22 the
1888 1901 72 24 stock.
1992 1901 63 29 They
2065 1899 140 25 recommend
2213 1899 54 23 than
2278 1906 28 16 an
2314 1899 82 23 annual

1839 1932 34 23 fee
1899 1932 23 23 of
1951 1933 45 22 £ls
2024 1931 28 23 be
2080 1930 99 30 imposed
2207 1937 29 15 on
2264 1930 31 22 all
2324 1930 72 22 entire

1839 1963 77 23 horses
1935 1962 54 23 used
2014 1962 35 23 for
2072 1960 54 24 stud
2145 1967 114 24 purposes,
2281 1959 44 24 and
2346 1960 50 23 that

1838 2001 29 16 no
1881 1993 92 24 stallion
1993 1993 27 23 be
2039 1991 94 25 allowed
2154 1994 23 20 to
2196 1991 68 23 stand
2283 1998 26 16 or
2323 1991 71 23 travel

1839 2025 23 23 in
1886 2031 44 23 any
1950 2024 98 28 district,
2071 2030 24 17 or
2114 2022 82 31 parade
2215 2024 26 21 at
2259 2028 45 23 any
2323 2023 72 22 entire

1838 2055 65 22 horse
1923 2054 90 30 parade,
2036 2054 73 22 unless
2129 2054 38 22 the
2184 2052 82 22 animal
2286 2052 39 22 has
2340 2052 54 23 been

1838 2084 116 30 inspected
1978 2084 31 29 by
2027 2091 14 15 a
2065 2084 56 28 duly
2140 2082 105 30 qualified
2266 2082 128 29 veterinary

1838 2122 95 22 surgeon
1950 2114 45 23 and
2015 2122 12 14 a
2047 2113 123 23 certificate
2185 2111 106 23 obtained
2312 2111 29 29 by
2358 2112 38 22 the

1838 2153 76 15 owner
1925 2144 50 23 that
1985 2144 55 23 such
2057 2143 83 23 animal
2149 2143 19 22 is
2178 2143 46 22 free
2233 2143 59 22 from
2309 2141 73 24 heredi-

1839 2177 51 27 tary
1901 2174 161 23 unsoundness.
2093 2174 60 23 That
2163 2173 38 23 the
2212 2175 93 20 amount
2315 2172 22 23 of
2356 2175 30 20 tax-

1838 2212 24 16 so
1872 2205 80 28 raised,
1965 2205 59 23 after
2034 2204 122 29 deducting
2170 2205 49 21 cost
2228 2202 24 23 of
2266 2202 129 30 veterinary

1837 2235 160 27 examination,
2015 2234 28 23 be
2061 2233 159 31 appropriated
2238 2233 34 23 for
2290 2232 38 23 the
2344 2240 38 22 pur-

1837 2273 53 22 pose
1910 2266 23 22 of
1959 2265 78 30 giving
2060 2266 72 28 prizes
2156 2266 23 20 to
2203 2263 39 23 the
2271 2263 123 29 respective

1836 2296 82 22 classes
1928 2296 23 22 of
1966 2296 75 22 horses
2051 2295 44 23 and
2111 2294 59 24 their
2180 2301 99 23 progeny
2294 2296 24 19 at
2337 2294 46 29 agri-

1836 2327 99 22 cultural
1945 2326 79 22 shows.
2056 2325 61 23 That
2126 2332 13 15 a
2149 2331 56 23 copy
2215 2324 24 22 of
2256 2324 63 22 these
2337 2331 45 15 reso-

1836 2357 85 21 lutions
1940 2356 27 22 be
1986 2355 127 23 forwarded
2138 2358 23 18 to
2185 2355 38 21 the
2248 2353 106 23 Minister
2372 2355 22 21 of

1836 2385 153 29 Agriculture,
2008 2384 44 23 and
2078 2385 52 22 that
2149 2384 27 22 he
2199 2383 28 22 be
2246 2383 148 29 respectfully

1836 2415 69 24 asked
1921 2417 24 22 to
1961 2416 52 29 give
2032 2415 40 23 the
2091 2418 83 19 matter
2193 2413 34 24 his
2245 2413 85 23 careful
2344 2421 38 16 con-

1835 2447 131 28 sideration,
1979 2445 44 25 and
2034 2445 51 24 that
2093 2445 73 30 copies
2173 2444 27 24 be
2208 2447 51 21 sent
2267 2447 23 21 to
2299 2444 95 24 kindred

1835 2477 146 23 associations
1991 2477 35 22 for
2036 2477 59 22 their
2111 2475 166 23 consideration
2287 2475 45 22 and
2342 2482 39 22 sup-

1864 2537 147 28 Twenty-one
2021 2543 50 15 new
2081 2536 108 22 members
2199 2542 58 15 were
2267 2534 95 23 elected.

1905 2603 225 26 PETROLEUM
2154 2602 50 26 ON
2229 2602 93 26 FIRE.

1933 2675 74 24 NEW
2022 2674 181 27 PLYMOUTH,
2220 2674 96 24 August
2330 2675 26 22 23

1863 2708 32 22 At
1915 2708 50 23 0.30
1984 2707 45 22 last
2052 2706 66 29 night
2140 2713 14 14 a
2177 2705 83 22 terrific
2279 2705 114 29 explosion

1835 2737 106 23 occurred
1951 2740 25 19 at
1993 2736 39 23 the
2042 2736 124 29 petroleum
2182 2735 52 22 bore
2244 2738 25 19 at
2279 2735 114 27 Moturoa,

1834 2767 45 23 and
1890 2766 112 30 instantly
2013 2766 39 23 the
2069 2765 89 24 derrick
2174 2772 45 16 was
2233 2764 123 30 enveloped
2371 2765 23 22 in

1835 2797 82 24 flames.
1955 2797 47 23 The
2018 2797 98 29 burning
2133 2796 30 23 oil
2182 2795 81 30 spread
2283 2803 53 15 over
2356 2795 38 23 the

1834 2828 88 31 ground
1933 2828 44 23 and
1988 2835 46 16 was
2044 2827 98 30 burning
2151 2834 29 15 on
2191 2828 39 28 top
2241 2826 23 23 of
2274 2826 39 23 the
2323 2828 71 21 water

1835 2860 23 22 in
1876 2859 39 23 the
1933 2859 87 29 lagoon,
2032 2858 100 23 situated
2150 2864 60 15 some
2221 2857 101 22 distance
2337 2856 57 23 from

1834 2889 40 23 the
1893 2888 98 24 derrick.
2031 2888 48 23 The
2097 2887 114 30 explosion
2226 2893 46 16 was
2287 2886 69 22 heard
2372 2886 22 22 in

1835 2922 69 24 town,
1917 2922 44 19 two
1973 2919 63 22 miles
2053 2919 58 22 from
2122 2918 38 22 the
2170 2917 60 27 bore,
2243 2916 44 23 and
2302 2924 13 15 a
2330 2920 64 25 great

1834 2948 89 22 volume
1933 2949 23 21 of
1966 2948 65 21 flame
2041 2954 46 15 was
2097 2954 52 15 seen
2164 2946 105 28 shooting
2279 2945 113 29 upwards.

1834 2977 104 31 Nothing
1954 2976 66 24 could
2038 2976 27 24 be
2082 2976 58 23 done
2151 2978 23 21 to
2184 2981 52 18 save
2246 2976 39 22 the
2295 2974 98 28 derrick,

1834 3009 20 23 it
1864 3009 67 30 being
1941 3007 129 31 impossible
2081 3009 23 21 to
2114 3010 39 27 get
2167 3014 54 16 near
2238 3006 27 28 it,
2278 3006 39 23 the
2327 3006 54 22 burn-

1835 3040 38 29 ing
1888 3040 31 21 oil
1935 3039 122 29 spreading
2071 3046 54 14 over
2140 3037 39 23 the
2193 3037 94 29 ground.
2320 3037 74 22 When

1836 3070 39 23 the
1893 3069 98 27 derrick,
2011 3068 73 23 which
2104 3076 45 15 was
2168 3067 65 24 made
2252 3067 23 23 of
2297 3075 12 15 a
2325 3067 70 23 frame

1835 3100 95 23 covered
1954 3099 57 23 with
2036 3098 129 31 galvanised
2189 3100 56 26 iron,
2270 3098 44 22 had
2340 3098 54 22 been

1836 3130 128 30 destroyed,
1977 3130 38 23 the
2025 3137 39 22 gas
2072 3129 44 24 and
2126 3129 30 24 oil
2166 3136 58 17 were
2233 3128 111 24 liberated
2350 3128 45 24 and

1836 3160 70 23 found
1926 3162 59 25 vent,
2005 3160 43 22 and
2065 3160 118 29 gradually
2198 3160 39 22 the
2252 3159 76 22 flames
2343 3159 38 22 sub-

1836 3190 64 23 sided
1910 3197 54 16 near
1974 3190 39 23 the
2024 3190 58 22 bore.
2113 3190 48 23 The
2170 3190 37 27 oil,
2220 3190 111 27 however,
2340 3189 55 29 kept

1836 3221 98 30 burning
1951 3221 22 22 in
1990 3220 39 22 the
2045 3220 69 28 shaft,
2131 3220 44 23 and
2192 3220 19 22 is
2226 3220 48 22 still
2289 3220 104 28 burning.

1836 3251 24 23 It
1870 3252 19 22 is
1898 3251 110 29 expected
2026 3251 39 22 the
2080 3250 75 23 flames
2170 3250 47 23 will
2227 3250 28 22 be
2269 3254 40 25 got
2323 3249 72 23 under

1837 3283 136 20 to-morrow.

1865 3312 48 22 The
1930 3310 104 24 accident
2049 3311 105 23 occurred
2171 3310 64 24 when
2253 3318 41 15 one
2314 3310 23 23 of
2356 3309 40 24 the

1838 3342 71 22 hands
1929 3349 46 15 was
1994 3341 98 30 engaged
2108 3341 71 29 filling
2196 3349 13 15 a
2224 3341 53 22 cask
2292 3340 56 22 with
2365 3340 31 22 oil

1838 3372 56 23 from
1905 3372 39 23 the
1955 3371 55 24 tank
2027 3373 49 21 into
2092 3371 71 24 which
2179 3371 19 24 it
2209 3370 60 24 flows
2284 3371 58 23 from
2357 3370 39 23 the

1838 3403 59 23 bore.
1934 3402 36 23 He
1987 3402 44 23 had
2041 3411 14 14 a
2065 3402 59 23 hand
2141 3403 60 29 lamp
2217 3402 69 23 about
2302 3404 38 20 ten
2351 3401 45 23 feet

1838 3433 57 22 from
1912 3432 39 22 the
1970 3432 80 22 mouth
2065 3432 23 22 of
2105 3432 38 22 the
2160 3432 60 27 bore,
2232 3432 45 21 and
2288 3432 27 21 he
2325 3434 71 19 states

1839 3463 51 23 that
1909 3461 111 32 suddenly
2038 3462 27 24 he
2083 3462 89 24 noticed
2198 3470 12 15 a
2232 3461 64 23 flame
2313 3460 83 24 extend

1838 3494 57 22 from
1913 3493 39 23 the
1968 3493 60 29 lamp
2046 3496 23 19 to
2086 3493 39 23 the
2142 3493 59 23 bore.
2239 3493 37 22 He
2296 3492 59 23 tried
2373 3494 23 21 to

1838 3524 100 22 smother
1949 3524 19 22 it
1978 3524 55 22 with
2045 3531 12 15 a
2067 3524 61 26 sack,
2140 3524 42 22 but
2192 3523 39 22 the
2241 3525 99 27 attempt
2351 3529 45 15 was

1838 3554 136 27 ineffectual,
1985 3553 44 23 and
2041 3561 12 15 a
2061 3553 91 23 terrible
2158 3553 115 30 explosion
2281 3552 114 27 occurred,

1839 3583 39 23 the
1886 3582 76 23 flames
1972 3583 104 30 shooting
2086 3587 24 19 to
2121 3584 37 22 the
2169 3586 39 26 top
2219 3583 22 23 of
2252 3582 39 24 the
2297 3581 97 24 derrick.

1839 3613 36 24 He
1885 3613 78 30 barely
1973 3613 93 31 escaped
2077 3614 55 23 with
2142 3613 35 24 his
2187 3613 44 24 life.

1867 3644 47 24 The
1924 3644 44 23 loss
1978 3645 20 22 is
2007 3644 118 23 estimated
2136 3647 25 21 at
2170 3644 69 23 about
2250 3644 88 28 £2,000.

1909 3710 74 27 THE
2001 3710 80 27 TWO
2103 3710 220 27 BISMARCKS.

1868 3785 27 21 Li
1905 3784 70 29 Hung
1985 3785 78 28 Chang
2078 3785 88 22 arrived
2184 3787 24 20 at
2225 3783 171 23 Friediichsruh

1839 3821 29 15 on
1888 3815 39 21 the
1942 3814 118 22 afternoon
2075 3814 24 23 of
2114 3814 60 24 June
2190 3814 27 23 25
2234 3820 29 16 on
2279 3820 13 15 a
2302 3813 54 22 visit
2374 3815 24 20 to

1839 3844 80 24 Prince
1934 3844 123 24 Bismarck.
2094 3844 43 25 His
2157 3844 134 31 Excellency
2302 3851 45 16 was
2365 3851 21 16 re-

1839 3876 79 24 ceived
1936 3879 23 20 at
1980 3877 38 23 the
2043 3877 93 23 chateau
2156 3877 29 30 by
2204 3876 75 24 Count
2299 3875 99 23 Herbert

1840 3907 116 22 Bismarck
1974 3907 44 21 and
2034 3907 75 22 Count
2128 3907 110 26 Rantzau,
2260 3907 58 25 who,
2339 3906 59 22 after

1839 3936 68 29 being
1916 3935 133 23 introduced
2060 3940 24 18 to
2095 3936 37 23 the
2142 3936 90 23 various
2248 3930 110 27 members
2375 3935 23 22 of

1840 3966 40 24 the
1894 3966 95 23 Chinese
2009 3966 97 30 Envoy's
2125 3967 66 27 suite,
2212 3964 127 25 conducted
2359 3964 39 24 the

1840 3999 68 28 party
1924 3997 49 23 into
1989 3996 39 23 the
2045 3997 74 23 house.
2151 3997 79 23 Prince
2245 3995 117 24 Bismarck
2379 3996 19 22 is

1840 4027 105 30 reported
1956 4029 24 22 to
1991 4027 56 23 have
2062 4027 49 24 said
2127 4030 24 21 to
2169 4027 25 24 Li
2214 4027 71 30 Hung
2304 4026 78 30 Chang
2393 4026 4 31 :

1842 4059 15 13 ••
1865 4058 60 24 Both
1935 4058 23 24 of
1968 4065 26 17 us
2004 4058 56 24 have
2071 4059 94 24 assisted
2175 4066 40 16 our
2226 4061 95 21 masters
2335 4058 35 23 for
2386 4065 12 15 a

1840 4089 53 29 long
1904 4089 54 21 time
1968 4089 23 21 in
2001 4090 122 29 governing
2130 4097 12 14 a
2148 4092 64 26 great
2366 4088 32 21 To

1841 4118 73 24 which
1930 4118 39 24 the
1987 4118 96 32 Viceroy
2100 4117 99 33 replied:
2241 4117 12 25 I
2271 4118 56 23 have
2344 4117 54 30 only

1840 4150 56 22 been
1916 4149 49 22 able
1982 4152 23 19 to
2022 4149 28 23 do
2067 4151 126 29 something
2209 4150 35 22 for
2260 4149 79 26 China,
2356 4148 42 22 but

1840 4187 45 23 you
1895 4180 57 22 have
1962 4179 160 24 benefited.the
2132 4180 71 23 whole
2335 4178 63 23 Then

1841 4211 39 21 the
1897 4210 80 22 Prince
1993 4210 118 22 remarked
2126 4211 51 22 that
2193 4210 67 22 while
2277 4210 27 20 he
2319 4216 46 14 was
2375 4209 23 21 in

1841 4239 62 23 office
1928 4239 28 23 he
1975 4238 44 24 had
2039 4239 84 31 always
2146 4239 88 24 desired
2254 4241 24 21 to
2300 4237 66 23 effect
2386 4244 12 16 a

1840 4270 180 30 rapprochement
2030 4270 100 24 between
2140 4272 112 27 Germany
2262 4269 44 23 and
2318 4269 78 27 China,

1841 4300 92 30 adding,
1950 4300 152 30 significantly
2113 4310 5 14 :
2221 4301 39 22 the
2276 4299 119 27 obstacles,

1841 4331 73 22 which
1925 4330 40 23 did
1980 4333 40 19 not
2036 4331 109 29 originate
2156 4331 56 23 with
2229 4337 42 20 me,
2286 4336 59 15 were
2361 4331 38 20 too

1957 4360 48 23 The
2015 4361 55 23 visit
2084 4361 71 24 lasted
2173 4361 69 23 about
2259 4363 45 20 two
2321 4359 75 23 hours.

1841 4391 107 25 Towards
1968 4391 63 24 three
2057 4392 84 24 o'clock
2168 4392 78 24 Prince
2271 4390 126 28 Bismarck,

1841 4423 99 29 wearing
1949 4430 14 15 a
1973 4422 117 23 cuirassier
2100 4423 104 28 uniform,
2222 4421 111 30 appeared
2349 4424 37 20 out-

1841 4453 48 22 side
1909 4452 56 22 with
1983 4452 26 22 Li
2027 4451 69 30 Hung
2112 4452 86 31 Chang,
2215 4453 74 21 whom
2306 4451 28 21 he
2349 4458 38 14 con-

1841 4481 84 24 ducted
1936 4483 23 22 to
1970 4481 35 24 his
2019 4482 106 30 carriage.
2155 4481 48 24 The
2220 4483 45 22 two
2281 4479 118 24 venerable

1838 4515 125 22 'statesmen
1974 4512 71 23 shook
2056 4512 70 24 hands
2137 4512 92 29 warmly
2238 4520 28 15 on
2276 4512 97 29 parting.

1871 4543 26 24 Li
1914 4543 70 31 Hung
2001 4543 78 30 Chang
2094 4550 45 17 was
2157 4544 39 23 the
2215 4543 44 30 day
2276 4542 76 24 before
2366 4549 22 15 re-

1841 4575 78 24 ceived
1937 4574 29 30 by
1985 4574 39 23 the
2041 4574 108 30 Emperor
2166 4577 25 21 at
2208 4574 38 23 the
2257 4573 42 24 Old
2311 4572 87 29 Palace,

1841 4606 85 27 Berlin,
1947 4605 58 23 with
2024 4605 30 23 all
2074 4606 39 22 the
2132 4613 67 21 pomp
2218 4604 44 24 and
2282 4610 117 22 ceremony

1841 4636 106 28 befitting
1972 4636 38 21 the
2040 4636 175 26 representative
2248 4634 23 21 of
2299 4641 13 14 a
2335 4637 65 23 great

1842 4665 96 24 Eastern
1949 4664 84 24 Power.
2057 4664 38 23 All
2105 4663 39 25 the
2154 4663 132 32 dignitaries
2296 4662 23 22 of
2329 4662 71 23 Court

1841 4697 45 24 and
1905 4697 65 24 State
1985 4695 98 24 awaited
2101 4695 53 28 him,
2232 4693 128 31 companies
2377 4693 23 22 of

1841 4728 66 22 horse
1917 4726 44 23 and
1972 4727 48 22 foot
2029 4726 102 26 soldiers,
2142 4725 97 23 selected
2250 4724 107 29 specially
2365 4723 35 22 for

1842 4757 39 23 the
1912 4757 117 23 brilliance
2059 4756 23 22 of
2112 4756 59 22 their
2195 4754 116 27 uniforms,
2342 4760 58 15 were

1841 4787 101 30 grouped
1961 4785 90 25 outside
2071 4785 38 23 the
2129 4785 83 30 palace.
2252 4784 47 23 The
2323 4783 76 23 Berlin

1842 4817 175 30 correspondent
2034 4816 23 23 of
2074 4815 38 24 the
2128 4817 6 12 '
2143 4814 124 25 Standard'
2282 4813 62 30 gives
2354 4813 46 23 this

1842 4855 44 23 pen
1906 4849 88 29 picture
2013 4846 24 25 of
2057 4846 38 23 the
2330 4843 69 29 Hung

1842 4878 86 28 Chang,
1947 4884 49 16 now
2012 4884 13 15 a
2041 4884 51 15 mau
2112 4876 23 22 of
2152 4876 161 29 seventy-four,
2329 4873 71 22 walks

1843 4907 56 22 with
1909 4914 14 15 a
1932 4907 57 29 deep
1999 4909 73 28 stoop,
2084 4906 44 22 and
2139 4905 27 23 he
2180 4913 46 16 was
2236 4902 123 32 supported
2371 4902 28 29 by

1843 4939 47 20 two
1908 4944 51 15 men
1978 4944 25 15 as
2022 4937 28 22 he
2074 4936 91 23 entered
2185 4937 39 23 the
2243 4932 82 33 palace.
2358 4931 42 23 His

1845 4967 127 22 moustache
1989 4966 44 23 and
2050 4966 69 22 beard
2135 4973 38 16 are
2187 4973 61 16 snow
2258 4964 75 23 white.
2364 4961 36 23 He

1845 5003 69 16 wears
1928 4996 131 30 spectacles,
2076 4996 42 22 but
2134 4995 34 24 his
2178 5003 51 24 eyes
2239 5001 59 17 seem
2309 4994 23 22 to
2342 4991 46 24 indi-

1845 5030 49 21 cate
1905 5035 49 15 rare
1963 5027 101 29 sagacity
2074 5025 44 25 and
2129 5034 88 23 energy.
2244 5025 35 25 He
2289 5022 110 32 appeared

1845 5058 23 20 in
1888 5064 12 14 a
1918 5057 143 28 magnificent
2080 5057 52 21 robe
2149 5058 23 21 of
2186 5057 80 29 purple
2282 5055 44 22 silk
2344 5053 55 23 with

1846 5085 70 23 violet
1930 5086 75 26 collar,
2017 5085 44 22 and
2079 5085 55 23 with
2145 5086 38 23 the
2192 5084 119 25 far-famed
2321 5083 79 30 yellow

1846 5114 84 30 jacket,
1947 5115 73 22 which
2036 5116 113 22 attracted
2166 5116 89 30 general

1846 5145 47 22 The
1904 5144 106 23 audience
2026 5145 73 22 lasted
2115 5145 69 24 about
2194 5147 175 27 three-quarters
2379 5142 21 22 of

1846 5182 28 16 an
1895 5175 64 26 hour,
1981 5175 38 22 the
2043 5175 108 30 Emperor
2175 5176 110 30 speaking
2304 5175 96 21 German

1846 5205 45 22 and
1902 5205 26 22 Li
1938 5205 69 29 Hung
2024 5205 78 29 Chang
2116 5205 100 25 Chinese.
2248 5206 47 22 The
2305 5205 95 22 German

1846 5234 179 24 manufacturers
2034 5243 38 14 are
2086 5235 91 31 making
2191 5237 167 29 arrangements
2368 5233 32 22 for

1848 5265 136 29 conducting
2002 5265 25 22 Li
2038 5272 52 16 over
2107 5265 38 24 the
2154 5269 65 27 great
2228 5265 112 27 factories,
2352 5270 36 23 par-

1848 5295 106 29 ticularly
1964 5295 63 23 those
2037 5295 34 23 for
2082 5295 38 23 the
2135 5297 153 22 manufacture
2299 5295 22 22 of
2332 5293 55 23 muni-

1848 5326 60 23 tions
1917 5325 23 23 of
1950 5332 53 17 war.

2567 177 75 26 THE
2661 176 99 25 LOAN
2779 176 89 27 BILL.

2438 254 64 21 Fkoji
2512 258 44 16 Tiit
2567 251 77 23 Stak's
2654 251 198 23 Pabllvmextaby
2867 251 128 24 Kepojitek,

2622 304 200 25 WELLINGTON,
2837 304 90 23 Adgust
2940 306 31 22 22.

2462 341 50 21 Last
2534 338 78 28 night's
2635 339 44 21 fare
2701 338 34 21 for
2753 338 36 21 the
2807 339 151 22 consideration
2976 340 19 21 of

2437 368 102 23 members
2558 373 42 16 was
2619 366 36 21 the
2673 372 95 15 measure
2790 366 66 21 under
2874 367 66 21 which
2961 368 34 22 the

2436 396 144 23 Government
2594 394 65 21 asked
2673 394 32 21 for
2718 401 69 19 power
2796 396 23 19 to
2833 401 22 14 ra
2857 394 3 26 :
2861 401 24 15 ,sc
2894 401 13 15 a
2916 396 79 21 million

2437 424 54 24 loan,
2502 423 42 22 and
2554 422 68 21 which
2638 422 18 20 is
2670 421 76 21 knoAvn
2759 428 23 14 as
2795 422 38 20 the
2841 422 42 21 Aid
2893 424 22 19 to
2925 423 70 21 Public

2436 450 77 21 Works
2521 450 42 21 and
2580 448 58 22 Land
2652 448 139 21 Settlements
2800 449 48 20 Bill.
2859 458 5 4 •
2876 449 30 21 As
2916 456 49 15 soon
2974 457 21 14 as

2436 478 37 20 the
2490 483 95 15 measure
2603 481 42 15 was
2663 475 67 20 called
2752 481 27 14 on
2801 476 91 26 Captain
2914 477 81 21 Russell

2436 504 86 27 pointed
2540 505 39 19 out
2600 503 48 20 that
2666 509 24 14 as
2707 502 37 21 the
2761 502 40 21 Bill
2824 509 42 15 was
2888 503 49 27 only
2959 505 27 20 cir-

2436 532 84 21 culated
2533 532 37 20 the
2586 530 95 28 previous
2695 530 87 26 evening
2796 530 102 22 members
2907 531 41 22 had
2958 533 37 20 not

2436 559 41 21 had
2486 560 52 20 time
2547 560 23 19 to
2579 557 94 22 consider
2680 557 24 21 it.
2726 557 34 21 He
2767 558 104 21 therefore
2878 558 63 22 asked
2949 560 46 20 that

2436 586 37 21 the
2487 585 75 21 second
2577 584 85 26 reading
2677 584 76 21 should
2768 586 37 19 not
2822 584 25 22 be
2861 586 83 26 pressed
2961 587 34 20 till

2435 612 115 28 Tuesday's
2568 611 153 27 sitting.—The
2744 611 92 22 Premier
2854 612 45 22 said
2917 613 17 21 it
2952 620 42 15 was

2435 647 109 20 necessary
2554 641 23 20 to
2586 641 35 25 get
2630 640 37 20 tbe
2677 645 95 15 measure
2780 639 91 27 through
2880 647 23 14 as
2913 647 49 15 soon
2971 648 23 14 as

2435 667 95 27 possible.
2565 667 59 26 They
2634 666 61 21 could
2711 667 38 20 not
2757 673 25 19 go
2796 673 26 15 on
2832 667 51 21 with
2894 667 36 21 the
2939 669 44 21 Esti-

2435 696 67 20 mates
2516 694 56 22 until
2582 695 17 21 it
2608 700 42 15 was
2665 693 79 27 passed,
2760 693 41 23 and
2815 694 26 22 he
2848 695 91 27 thought
2948 696 47 22 that

2435 723 51 26 they
2501 722 76 22 should
2593 728 25 20 go
2632 728 27 14 on
2674 721 53 21 with
2742 722 18 21 it
2774 723 24 21 at
2810 729 56 15 once.
2895 724 33 20 He
2944 724 51 22 then

2434 750 114 25 proceeded
2570 751 23 19 to
2615 756 59 14 move
2696 749 28 21 its
2746 750 75 21 second
2843 751 91 26 reading.
2974 752 20 21 It

2435 777 78 27 merely
2530 777 99 27 provided
2644 776 37 22 the
2695 777 127 28 machinery,
2838 777 26 22 he
2874 779 116 27 explained,

2435 805 32 21 for
2480 805 95 26 carrying
2589 806 38 20 out
2641 805 37 21 the
2692 806 108 26 proposals
2814 807 94 21 outlined
2923 807 21 21 in
2958 808 36 21 the

2435 833 108 20 Financial
2553 833 127 24 Statement,
2690 833 42 21 and
2746 833 26 20 he
2786 833 41 21 had
2836 841 26 13 no
2871 834 66 21 doubt
2946 835 48 21 that

2434 865 61 20 every
2507 858 92 22 member
2614 859 22 20 of
2652 859 36 21 the
2699 859 71 21 House
2779 859 43 22 had
2831 859 54 28 fully
2896 860 60 22 made
2965 868 29 20 up

2434 885 33 21 his
2481 885 59 21 mind
2554 892 23 14 as
2589 887 23 19 to
2621 885 37 21 the
2668 885 49 22 Bill.
2751 887 45 20 The
2805 888 77 19 matter
2892 887 41 22 had
2941 888 53 21 been

2433 913 85 27 already
2527 913 106 22 discussed
2638 912 28 29 by
2673 913 109 22 members.
2797 914 30 22 At
2831 914 36 22 the
2871 914 46 22 31st
2922 916 71 21 March

2433 942 41 21 last
2483 947 52 21 year
2543 942 60 20 there
2612 947 42 15 was
2664 942 50 26 only
2732 941 91 26 £45,000
2837 944 22 19 to
2874 943 38 21 the
2927 944 66 21 credit

2433 969 23 22 of
2466 969 36 22 the
2512 968 74 23 Public
2595 968 77 22 Works
2687 968 67 26 Fund,
2770 970 42 21 and
2827 970 102 21 members
2941 977 52 16 were

2433 1004 27 14 no
2482 996 67 22 doubt
2571 1003 50 19 very
2643 996 110 27 agreeably
2782 997 105 27 surprised
2911 999 24 20 at
2956 999 37 21 the

2433 1024 106 27 elasticity
2558 1024 22 21 of
2598 1024 36 21 the
2657 1024 70 26 publio
2744 1024 97 22 finances.
2878 1025 40 21 For
2935 1032 56 15 some

2432 1052 51 22 time
2492 1054 49 25 past
2550 1052 70 27 public
2629 1052 67 21 works
2711 1051 41 22 had
2767 1052 52 21 been
2833 1052 120 25 dependent
2967 1061 26 13 on

2433 1080 36 21 the
2478 1086 90 15 revenue
2577 1079 23 22 of
2613 1079 38 22 the
2659 1079 82 26 colony.
2769 1079 71 22 When
2854 1080 37 21 the
2901 1080 78 22 Govern-

2432 1109 59 20 ment
2499 1107 99 22 assumed
2611 1108 58 20 office
2679 1106 21 22 in
2711 1106 49 22 1891
2770 1107 59 21 there
2838 1114 42 14 was
2890 1106 103 26 £700,003

2433 1135 22 22 in
2473 1135 37 23 the
2528 1134 74 23 Public
2619 1134 78 22 Works
2711 1134 68 26 Fund,
2796 1134 39 22 but
2850 1135 82 27 against
2944 1135 49 22 that

2433 1163 59 21 there
2507 1170 52 14 were
2577 1161 107 23 liabilities
2700 1162 123 27 amounting
2841 1164 22 20 to
2881 1162 109 26 £300,000.

2431 1192 61 22 Since
2508 1191 52 22 then
2578 1190 105 27 £850,000
2699 1189 43 23 had
2759 1190 51 23 been
2829 1191 49 27 paid
2895 1191 45 22 into
2955 1191 37 22 the

2430 1221 89 19 account
2540 1220 38 20 out
2606 1219 23 20 of
2650 1220 37 19 the
2709 1219 150 21 Consolidated
2885 1219 104 24 Revenue,

2431 1245 41 22 and
2492 1245 103 26 £IOO,OOO
2613 1245 41 22 had
2672 1245 52 22 been
2739 1245 49 28 paid
2807 1246 29 20 off
2851 1246 37 21 the
2907 1246 86 27 floating

2430 1273 56 22 debt.
2528 1274 30 20 As
2579 1273 52 26 they
2654 1273 42 21 had
2718 1273 52 22 been
2802 1273 48 21 able
2876 1273 51 21 thus
2954 1273 34 21 far

2429 1302 23 20 to
2478 1306 59 21 carry
2561 1307 27 15 on
2610 1301 91 21 without
2727 1301 66 21 direct
2819 1300 116 27 borrowing
2958 1301 33 20 for

2430 1328 69 26 public
2508 1328 73 25 works,
2598 1328 27 21 he
2638 1327 91 27 thought
2744 1327 49 22 that
2806 1328 51 26 they
2873 1334 54 15 were
2944 1334 47 14 now

2429 1355 90 24 entitled
2528 1357 23 20 to
2559 1355 43 22 this
2618 1355 81 22 million
2713 1355 64 23 asked
2787 1355 38 22 for.
2853 1355 45 22 The
2906 1356 84 27 present

2429 1391 42 14 was
2480 1391 12 14 a
2499 1391 49 19 very
2556 1384 107 21 favorable
2672 1384 51 21 time
2732 1384 33 21 for
2775 1384 75 26 raising
2859 1384 38 21 the
2906 1391 69 19 mono)
2977 1384 4 26 -
2982 1400 6 5 .

2429 1412 21 21 If
2459 1412 36 21 the
2505 1419 75 20 money
2596 1412 82 21 market
2692 1411 112 22 continued
2819 1417 23 16 as
2856 1413 23 20 at
2897 1412 91 26 present,

2429 1439 51 27 they
2490 1440 66 26 ought
2564 1441 23 20 to
2596 1439 24 22 be
2630 1439 46 22 able
2685 1440 23 21 to
2721 1440 35 26 get
2770 1440 19 21 it
2802 1441 23 20 at
2880 1446 36 18 per
2933 1440 54 20 cent.

2429 1468 21 19 It
2459 1467 69 21 would
2537 1466 24 22 be
2571 1467 118 27 impossible
2699 1469 22 18 to
2727 1473 59 20 carry
2796 1474 28 14 on
2831 1467 84 26 railway
2923 1467 66 20 works

2427 1494 42 21 and
2484 1496 22 19 to
2521 1494 77 28 supply
2608 1494 55 26 rails,
2676 1494 74 26 rolling
2760 1495 65 24 stock,
2836 1495 47 25 etc.,
2900 1494 89 21 without

2428 1521 121 27 borrowing.
2586 1522 21 20 It
2626 1528 40 14 was
2683 1522 44 20 also
2746 1529 108 19 necessary
2873 1523 23 19 to
2917 1521 71 21 obtain

2428 1555 74 21 money
2513 1549 33 21 for
2554 1548 67 22 works
2630 1555 27 15 on
2670 1549 114 27 goldfields,
2800 1549 33 21 for
2842 1549 36 22 the
2888 1549 88 27 improve-

2428 1579 59 20 ment
2495 1577 23 21 of
2526 1577 37 21 the
2573 1577 56 26 land,
2645 1577 42 22 and
2703 1577 36 22 the
2747 1577 125 28 acquisition
2879 1577 22 22 of
2911 1577 77 22 Native

2428 1605 66 21 lands.
2528 1605 60 26 They
2610 1605 61 21 could
2693 1607 37 19 not
2754 1612 46 15 now
2824 1612 37 20 say
2885 1605 22 21 in
2930 1605 58 21 what

2428 1632 113 25 particular
2563 1634 47 24 part
2631 1633 22 20 of
2675 1633 37 20 the
2734 1633 73 25 colony
2830 1640 23 13 or
2874 1633 114 24 particular

2428 1659 67 21 works
2514 1659 37 21 the
2570 1666 74 19 money
2665 1659 74 21 should
2760 1659 25 21 be
2804 1659 114 27 expended.
2954 1660 34 20 He

2427 1686 70 22 would
2514 1687 42 21 like
2573 1688 23 20 to
2617 1687 53 21 have
2692 1687 72 26 placed
2786 1687 43 21 this
2850 1687 137 21 information

2427 1714 22 21 in
2458 1714 37 21 the
2504 1714 50 24 Bill,
2565 1713 38 23 but
2612 1714 26 22 he
2648 1714 61 22 could
2715 1715 37 21 not
2758 1714 27 22 do
2794 1722 29 14 so.
2850 1714 59 26 They
2918 1714 68 21 would

2427 1741 53 21 have
2490 1741 43 21 this
2547 1741 117 25 safeguard,
2680 1741 94 21 however
2784 1741 3 25 :
2803 1741 48 21 that
2866 1741 36 20 the
2912 1747 74 18 money

2427 1767 61 22 could
2502 1769 38 20 not
2555 1767 25 23 be
2594 1770 62 25 spent
2673 1768 90 21 without
2781 1768 36 21 the
2835 1767 112 22 allocation
2965 1767 22 21 of

2426 1795 135 22 Parliament.
2589 1795 127 22 Particulars
2723 1796 22 21 of
2750 1795 43 22 this
2800 1795 111 22 allocation
2917 1795 69 22 would

2427 1823 25 21 be
2461 1824 32 20 set
2502 1825 37 19 out
2548 1823 22 21 in
2579 1823 36 22 the
2630 1823 74 22 Public
2712 1823 77 21 Works
2805 1823 120 21 Estimates.
2953 1823 33 20 He

2426 1851 89 26 scarcely
2526 1850 91 27 thought
2633 1850 48 22 that
2696 1850 52 27 they
2758 1850 42 21 had
2809 1850 53 21 done
2875 1850 76 26 justice
2964 1851 22 20 to

2426 1878 37 21 the
2471 1878 108 26 goldfields
2588 1879 22 20 in
2619 1878 37 21 the
2662 1880 88 19 amount
2758 1878 64 21 asked
2831 1878 33 20 for
2874 1878 37 20 the
2920 1878 66 20 works

2426 1913 26 14 on
2461 1906 65 21 them.
2554 1906 60 26 They
2623 1906 76 21 should
2713 1906 38 21 not
2765 1905 46 27 give
2826 1905 125 26 everything
2963 1906 23 19 to

2426 1934 126 26 syndicates.
2572 1934 25 21 In
2607 1934 73 26 regard
2688 1935 23 19 to
2720 1933 85 23 railwav
2817 1933 71 25 works,
2900 1932 27 21 he
2935 1939 51 19 gave

2425 1961 37 22 the
2471 1961 253 22 Eketahuna-Woodville
2730 1960 43 22 line
2784 1960 36 22 the
2830 1960 57 27 pride
2896 1960 23 21 of
2928 1960 58 26 place

2424 1995 24 15 as
2457 1989 36 21 the
2503 1990 56 20 work
2568 1989 109 27 deserving
2686 1988 22 21 of
2723 1988 38 21 the
2770 1988 45 21 first
2824 1988 160 21 consideration.

2425 2017 44 21 The
2478 2024 73 14 sooner
2561 2017 43 21 this
2612 2017 58 21 work
2687 2023 41 15 was
2744 2015 118 29 completed
2871 2016 36 21 the
2917 2015 69 22 better

2425 2045 33 21 for
2471 2046 38 20 the
2523 2045 80 26 colony.
2637 2045 33 20 He
2684 2045 36 20 did
2735 2045 38 20 not
2788 2044 62 20 think
2864 2044 48 20 that
2926 2044 59 21 there

2425 2078 42 14 was
2475 2078 83 20 anyone
2567 2072 46 20 who
2629 2071 70 21 would
2714 2078 37 19 say
2761 2071 48 21 that
2819 2071 36 21 the
2868 2071 61 21 other
2937 2070 38 21 rail-

2426 2106 45 19 way
2481 2099 70 21 works
2565 2098 102 27 proposed
2682 2105 53 15 were
2751 2099 37 21 not
2798 2104 115 20 necessary.
2941 2097 44 22 The

2425 2127 51 21 item
2493 2127 23 21 of
2533 2126 91 25 £50,000
2641 2126 33 22 for
2690 2127 36 20 the
2742 2126 151 27 improvement
2907 2125 23 21 of
2947 2125 37 21 the

2424 2161 85 20 scenery
2518 2155 23 20 of
2556 2155 37 20 the
2607 2154 74 26 colony
2690 2154 42 21 and
2748 2154 37 20 the
2800 2153 91 21 thermal
2904 2153 80 26 springs

2425 2181 68 21 would
2502 2188 63 20 prove
2574 2188 39 14 one
2622 2181 23 21 of
2659 2182 36 20 the
2711 2182 55 20 most
2781 2180 84 27 quickly
2875 2180 97 27 reproduc-

2424 2209 43 21 tive
2483 2209 21 21 of
2520 2209 29 21 all
2564 2209 37 21 the
2617 2210 65 20 votes.
2710 2209 26 21 In
2751 2208 36 22 the
2802 2209 48 26 past
2862 2209 39 20 the
2909 2208 74 26 colony

2424 2236 42 21 had
2485 2237 54 21 done
2558 2237 35 20 too
2612 2236 57 21 little
2689 2236 22 21 in
2730 2236 38 20 the
2786 2242 46 20 way
2849 2235 22 21 of
2889 2235 95 27 bringing

2424 2264 28 21 its
2473 2271 85 18 scenery
2575 2264 42 21 and
2635 2263 84 22 natural
2740 2263 94 21 wonders
2855 2263 71 21 before
2948 2263 36 21 the

2425 2291 70 22 world.
2529 2292 60 25 They
2605 2291 42 21 had
2661 2291 122 26 practically
2793 2291 54 20 done
2861 2291 88 25 nothing
2963 2291 21 20 in

2424 2319 42 21 this
2478 2319 136 26 respct.—Mr
2623 2318 125 21 Mitchclson
2761 2318 46 21 said
2822 2318 49 21 that
2886 2318 36 21 the
2935 2319 36 20 Pre-

2424 2346 52 21 mier
2492 2346 40 21 had
2549 2346 49 26 only
2608 2346 45 21 told
2667 2346 38 21 the
2720 2346 71 21 House
2807 2345 45 21 half
2865 2345 37 21 the
2914 2345 68 21 truth.

2424 2374 34 20 He
2467 2373 42 21 had
2523 2373 45 21 said
2582 2373 49 20 that
2646 2372 37 21 the
2699 2372 73 21 Public
2780 2372 77 21 Works
2866 2372 62 21 Fund
2942 2372 42 21 had

2424 2407 57 15 come
2490 2401 23 20 to
2521 2406 27 15 an
2557 2400 47 25 end,
2615 2400 41 21 and
2672 2399 95 27 replying
2782 2405 12 15 a
2804 2399 40 20 few
2853 2398 53 27 clays
2914 2405 39 20 ago
2961 2400 23 19 to

2424 2428 37 21 the
2476 2428 96 27 question
2587 2427 22 22 of
2622 2427 37 22 the
2674 2427 79 22 Leader
2768 2427 22 21 of
2803 2426 37 22 the
2857 2426 125 28 Opposition

2424 2456 26 21 he
2459 2456 41 21 had
2510 2456 44 21 said
2563 2456 49 21 that
2621 2456 26 21 he
2656 2455 36 22 did
2702 2457 37 20 not
2754 2455 73 21 iutend
2841 2456 22 20 to
2873 2454 59 27 bring
2941 2455 43 21 this

2424 2483 42 21 Bill
2476 2483 59 21 down
2546 2483 33 21 till
2594 2484 38 20 the
2645 2483 42 21 end
2700 2482 23 21 of
2735 2482 38 21 the
2786 2482 83 21 session.
2899 2483 34 20 He
2942 2482 41 21 had

2424 2517 52 19 now,
2488 2510 100 25 however,
2600 2512 52 20 been
2664 2510 71 21 forced
2751 2509 27 27 by
2788 2510 160 21 circumstances
2961 2510 23 20 to

2424 2538 59 26 bring
2497 2538 17 20 it
2528 2538 61 20 down
2597 2540 24 18 at
2636 2544 57 14 once.
2721 2537 34 21 He
2764 2537 69 20 would
2848 2537 68 20 either
2932 2537 52 20 have

2424 2565 42 21 had
2480 2566 24 20 to
2512 2564 27 22 do
2547 2565 44 21 this
2600 2571 22 14 or
2637 2564 60 27 bring
2712 2564 60 21 down
2786 2570 13 15 a
2812 2564 170 27 supplementary

2424 2593 107 21 Financial
2540 2593 120 21 Statement
2669 2592 131 26 authorising
2815 2592 37 20 the
2861 2592 92 20 transfer
2961 2592 23 20 of

2423 2626 12 14 a
2445 2619 83 21 further
2543 2626 47 14 sum
2605 2619 55 21 from
2675 2619 36 21 the
2722 2618 147 22 Consolidated
2885 2619 99 21 Revenue

2424 2648 22 20 to
2464 2647 36 21 the
2518 2646 76 22 Works
2612 2646 68 22 Fund.
2720 2646 77 21 Where
2819 2652 46 14 now
2883 2652 42 14 was
2948 2645 36 21 the

2424 2674 85 22 boasted
2524 2674 114 21 soundness
2656 2673 22 21 of
2697 2673 38 21 the
2752 2673 79 21 finance
2849 2673 22 20 of
2891 2673 36 21 the
2944 2673 26 21 Go-

2424 2703 124 21 vernment?
2582 2701 77 22 Unless
2677 2701 36 21 the
2728 2701 141 21 Government
2891 2701 36 25 got
2947 2701 37 20 the

2424 2737 73 19 money
2509 2729 100 27 proposed
2625 2729 21 21 in
2662 2729 37 21 the
2714 2728 42 22 Bill
2771 2729 23 21 at
2810 2728 37 21 the
2856 2727 40 22 end
2912 2727 22 21 of
2948 2728 36 21 the

2424 2758 74 20 mouth
2507 2757 51 26 they
2565 2757 68 21 would
2644 2757 36 21 not
2689 2756 25 21 be
2721 2756 47 22 able
2775 2757 23 19 to
2807 2762 40 20 pay
2854 2755 36 21 the
2899 2755 85 21 salaries

2425 2785 21 21 of
2461 2785 37 21 the
2507 2785 79 21 officers
2595 2785 22 20 in
2626 2784 55 21 their
2697 2783 150 27 departments.
2875 2783 51 21 Last
2934 2789 50 20 year

2424 2813 37 21 the
2471 2812 137 27 expenditure
2624 2819 26 14 on
2665 2811 70 28 public
2751 2811 66 21 works
2827 2817 42 15 was
2878 2811 106 21 increased

2424 2847 49 14 over
2490 2840 36 21 the
2544 2847 50 19 year
2609 2840 96 26 previous
2721 2838 26 28 by
2764 2839 98 25 £52,682,
2877 2839 66 20 which
2959 2839 25 20 he

2425 2868 91 25 thought
2530 2868 84 20 showed
2631 2868 48 19 that
2695 2867 43 20 this
2753 2866 137 26 expenditure
2899 2873 42 14 was
2954 2866 20 20 in-

2424 2895 99 27 creasing.
2551 2894 45 22 The
2605 2901 87 19 average
2706 2893 137 27 expenditure
2852 2892 33 22 for
2894 2892 36 22 the
2939 2893 46 21 first

2424 2923 32 20 six
2474 2922 84 21 months
2573 2922 23 20 of
2612 2922 42 21 this
2668 2928 57 19 year,
2741 2920 17 21 if
2774 2920 79 22 carried
2867 2927 27 14 on
2907 2921 24 20 at
2948 2920 37 21 the

2424 2955 56 14 same
2490 2950 45 19 rate
2544 2955 23 14 as
2574 2948 41 21 last
2622 2955 57 18 year,
2687 2948 69 19 would
2765 2953 36 14 use
2808 2953 29 19 up
2844 2947 37 20 the
2887 2947 67 20 whole
2963 2947 22 19 of

2424 2976 38 21 the
2471 2981 46 16 sum
2526 2981 46 16 now
2582 2976 23 21 to
2619 2974 36 23 the
2665 2974 66 22 credit
2740 2973 23 22 of
2778 2973 37 22 the
2824 2973 73 22 Public
2907 2973 76 22 Works

2424 3004 68 26 Fund,
2517 3004 41 22 and
2582 3003 70 22 unless
2676 3003 37 22 the
2735 3002 82 22 million
2840 3001 101 29 proposed
2962 3002 24 21 to

2424 3032 26 21 be
2476 3031 106 22 borrowed
2610 3038 42 15 was
2680 3030 75 27 agreed
2782 3032 23 19 to
2834 3030 60 21 there
2916 3029 69 21 would

2424 3059 26 22 be
2476 3059 89 27 nothing
2592 3059 41 21 left
2659 3058 33 22 for
2723 3058 69 28 public
2820 3058 73 21 works.
2934 3056 51 23 This

2424 3094 43 15 was
2497 3087 57 22 what
2584 3087 37 21 the
2648 3087 142 21 Government
2822 3086 67 20 called
2918 3084 66 22 sound

2425 3116 93 20 finance!
2557 3115 34 21 He
2617 3114 91 27 thought
2734 3114 17 21 it
2780 3113 69 21 would
2871 3113 24 21 be
2918 3112 66 21 found

2426 3144 48 20 that
2491 3151 13 13 a
2525 3143 57 26 large
2600 3142 87 22 number
2704 3141 22 21 of
2746 3141 101 21 members
2862 3140 68 22 would
2948 3141 37 20 not

2424 3172 88 25 support
2521 3171 37 20 the
2567 3170 106 27 proposals
2682 3169 110 21 contained
2802 3169 22 21 in
2833 3169 36 20 the
2879 3168 48 21 Bill.
2951 3168 34 20 He

2425 3198 36 22 did
2479 3199 37 20 not
2533 3197 63 21 think
2609 3197 48 21 that
2674 3197 38 21 the
2726 3197 142 21 Government
2882 3202 53 14 were
2950 3201 23 15 en-

2426 3226 62 20 titled
2515 3227 22 19 to
2555 3225 53 21 raise
2630 3225 43 21 this
2695 3231 82 19 money,
2800 3230 24 15 as
2845 3223 37 21 the
2904 3225 81 24 greater

2426 3253 82 26 portion
2523 3253 22 20 of
2560 3253 37 20 the
2613 3252 101 21 members
2735 3258 53 14 were
2810 3251 100 21 returned
2928 3258 26 13 on
2972 3256 12 15 a

2426 3279 167 27 non-borrowing
2610 3279 73 26 ticket,
2702 3279 42 21 and
2761 3279 18 21 it
2796 3277 106 22 remained
2920 3279 23 20 to
2960 3277 25 22 be

2425 3315 49 14 seen
2495 3307 95 22 whether
2611 3307 51 27 they
2690 3306 70 22 would
2787 3306 77 21 adhere
2886 3307 22 20 to
2930 3305 55 21 their

2425 3335 91 27 pledges.
2544 3336 33 19 He
2587 3334 89 26 entirely
2687 3334 107 26 disagreed
2804 3334 50 20 with
2869 3333 37 21 the
2921 3333 51 21 amal-

2425 3363 107 26 gamation
2546 3361 22 22 of
2582 3361 30 22 all
2626 3362 59 20 these
2695 3367 99 21 purposes
2804 3360 22 22 in
2839 3361 37 20 the
2885 3367 39 14 one
2934 3360 48 21 Bill.

2425 3391 67 22 There
2502 3397 53 15 were
2567 3388 101 23 members
2685 3389 45 22 who
2746 3388 68 22 would
2827 3395 60 21 agree
2897 3389 22 20 to
2928 3394 56 15 some

2426 3419 22 20 of
2465 3419 37 19 the
2517 3418 112 26 proposals,
2649 3418 39 19 but
2702 3418 37 19 not
2754 3418 23 19 to
2794 3416 35 21 all.
2859 3417 33 19 He
2909 3415 75 25 agreed

2426 3445 52 21 wiili
2488 3445 36 20 the
2533 3444 96 27 proposal
2644 3444 23 20 to
2679 3443 53 21 raise
2747 3449 75 19 money
2840 3442 31 21 for
2886 3442 37 21 the
2937 3448 35 20 pur-

2426 3479 49 22 pose
2484 3472 22 22 of
2515 3472 107 27 acquiring
2631 3470 78 23 Native
2718 3470 61 23 lands
2787 3470 42 23 and
2838 3470 33 22 for
2880 3469 36 22 the
2925 3468 47 23 road-

2426 3502 34 25 ing
2478 3501 23 21 of
2518 3501 37 20 the
2572 3501 97 25 country,
2688 3499 38 21 but
2744 3500 36 19 not
2802 3498 52 21 with
2870 3498 36 21 the
2924 3498 60 20 other

2426 3528 112 27 proposal.
2579 3526 75 22 Before
2676 3526 37 21 the
2735 3526 70 21 House
2827 3527 56 19 went
2909 3526 21 19 in
2952 3525 32 20 for

2426 3556 84 20 further
2518 3555 115 25 borrowing
2648 3554 37 20 the
2700 3553 87 21 electors
2805 3552 75 21 should
2897 3552 25 21 be
2937 3559 36 14 con-

2426 3582 76 22 sulted.
2530 3581 45 21 The
2590 3581 43 21 Bill
2648 3580 75 21 should
2739 3580 25 21 be
2779 3579 88 22 entitled
2881 3580 38 20 the
2932 3579 52 21 New

2426 3609 92 23 Zealand
2540 3609 57 22 Loan
2623 3608 48 27 Bill,
2701 3607 55 22 1896.
2794 3608 20 20 It
2836 3613 42 15 was
2899 3613 13 15 a
2937 3606 47 22 loan

2427 3639 42 21 Bill
2490 3644 52 20 pure
2562 3637 43 21 and
2633 3636 80 27 simple.
2766 3636 34 21 Mr
2829 3635 80 21 Dutbie
2940 3634 44 22 said

2426 3667 49 21 that
2496 3665 37 21 the
2554 3665 44 21 Bill
2619 3671 42 14 was
2678 3664 22 20 of
2721 3670 13 15 a
2752 3664 55 20 most
2822 3663 161 25 unsatisfactory

2426 3694 114 20 character.
2573 3693 33 19 He
2622 3691 91 25 thought
2729 3691 48 20 that
2793 3691 36 19 the
2845 3691 77 23 House,
2937 3690 17 19 if
2968 3689 18 20 it

2427 3727 53 15 were
2488 3718 75 29 agreed
2573 3720 23 21 to
2604 3718 107 23 authorise
2720 3717 115 27 borrowing
2844 3716 22 22 of
2876 3716 42 22 this
2927 3715 56 26 kind,

2427 3748 75 23 should
2512 3749 44 21 first
2564 3747 48 23 take
2621 3748 23 21 to
2653 3747 58 22 itself
2720 3746 36 22 the
2765 3746 56 27 right
2831 3747 22 21 to
2860 3745 37 22 the
2906 3740 79 27 control

2426 3777 42 20 and
2483 3776 113 21 allocation
2610 3775 22 20 of
2647 3775 37 20 the
2698 3781 74 17 money
2788 3774 61 19 when
2864 3773 73 21 raised.
2965 3773 21 19 It

2428 3810 41 13 was
2478 3802 69 26 surely
2558 3802 36 20 the
2603 3802 54 25 duty
2671 3801 22 20 of
2706 3801 37 19 the
2758 3800 71 20 House
2847 3801 22 18 to
2887 3806 33 13 see
2937 3799 49 19 that

2427 3830 37 22 the
2481 3836 75 20 money
2579 3835 41 15 was
2643 3827 96 28 properly
2756 3825 114 29 expended,
2889 3825 42 23 and
2949 3826 37 20 not

2427 3859 86 23 commit
2521 3857 59 24 itself
2589 3859 23 20 to
2620 3856 37 23 the
2669 3856 52 28 hazy
2737 3855 106 29 proposals
2857 3853 93 24 outlined
2964 3853 21 22 in

2427 3888 37 21 the
2474 3887 48 21 Bill.
2550 3886 77 21 Unless
2641 3886 59 21 there
2715 3891 42 14 was
2772 3886 23 19 to
2804 3883 25 22 be
2838 3890 12 14 a
2864 3890 49 18 very
2927 3883 58 25 great

2427 3915 79 25 change
2515 3914 22 20 in
2546 3914 36 20 the
2592 3912 136 27 expenditure
2742 3918 26 13 on
2784 3910 69 27 public
2869 3910 66 20 works
2948 3910 36 19 the

2427 3948 75 19 money
2513 3940 100 27 proposed
2622 3942 23 18 to
2653 3939 25 20 be
2691 3938 67 21 raised
2771 3944 42 14 was
2829 3938 36 19 not
2882 3936 103 26 anything

2428 3969 41 21 like
2478 3968 110 27 adequate,
2605 3966 41 23 and
2656 3966 51 27 they
2717 3965 74 22 should
2801 3964 103 22 therefore
2913 3962 71 23 obtain

2428 3997 54 21 from
2495 3996 36 21 the
2547 3996 142 20 Government
2702 4001 28 14 an
2744 3992 134 28 explanation
2893 3991 22 22 of
2930 3991 55 21 their

2427 4025 72 21 future
2509 4022 111 29 proposals.
2649 4022 33 21 He
2698 4022 55 20 went
2767 4027 26 14 on
2809 4022 23 19 to
2847 4019 102 27 complain
2962 4018 22 21 of

2427 4053 37 22 the
2486 4052 61 27 delay
2570 4051 21 21 in
2616 4050 88 27 pushing
2732 4056 27 14 on
2787 4048 36 21 the
2851 4047 120 22 Eketahuna-

2555 4079 101 24 Railway,
2667 4077 41 21 and
2717 4077 77 25 argued
2803 4077 48 19 that
2859 4082 12 14 a
2883 4076 101 19 sufficient

2427 4114 46 14 sum
2491 4105 75 22 should
2583 4105 25 21 be
2622 4106 32 19 set
2671 4104 61 20 down
2747 4103 32 20 for
2793 4102 125 26 completing
2936 4101 48 20 that

2428 4134 56 22 work
2510 4140 23 16 as
2561 4132 84 28 quickly
2677 4138 22 16 as
2727 4129 95 29 possible.
2868 4128 116 28 Regarding

2427 4163 37 21 the
2486 4161 96 27 question
2604 4160 22 21 of
2647 4159 107 26 acquiring
2775 4158 78 21 Native
2870 4157 67 25 lands,
2958 4157 26 20 he

2427 4190 75 27 agreed
2511 4189 51 21 with
2572 4188 24 25 it,
2611 4187 38 21 but
2659 4187 54 24 here,
2723 4186 51 24 also,
2785 4185 37 21 the
2838 4185 71 21 House
2918 4183 65 26 ought

2427 4220 23 17 to
2480 4217 53 20 have
2555 4215 84 21 further
2664 4213 141 21 information.
2847 4212 33 20 He
2906 4211 78 26 quoted

2428 4244 104 22 instances
2540 4242 23 21 of
2581 4242 64 21 waste
2662 4247 74 20 money
2747 4239 21 22 in
2784 4238 124 28 purchasing
2924 4237 60 22 lands

2427 4272 23 22 of
2459 4279 12 14 a
2480 4270 78 23 useless
2567 4271 81 20 nature.
2676 4269 34 21 He
2716 4267 87 22 claimed
2811 4267 48 21 that
2865 4267 36 21 the
2912 4266 70 21 House

2428 4299 75 22 should
2513 4299 52 21 have
2575 4304 68 20 power
2652 4298 22 20 to
2683 4295 65 28 guard
2762 4295 82 26 against
2858 4294 42 21 this
2909 4294 44 20 sort
2961 4293 23 21 of

2428 4328 60 25 thiDg
2502 4326 32 21 for
2549 4326 37 20 the
2604 4325 79 20 future.
2710 4323 127 21 Particulars
2852 4321 22 21 of
2888 4321 36 21 the
2939 4327 33 19 pro-

2428 4354 69 28 posals
2506 4354 22 21 in
2543 4353 80 27 respect
2639 4352 22 20 to
2674 4351 37 20 the
2725 4349 109 27 goldfields
2848 4347 135 28 expenditure

2428 4382 75 22 should
2512 4381 45 22 also
2566 4380 25 22 be
2600 4378 83 29 quickly
2694 4380 38 26 put
2742 4377 70 22 before
2822 4375 106 26 members,
2939 4373 42 23 and

2428 4411 45 22 also
2489 4410 22 22 of
2529 4410 37 20 the
2580 4406 101 30 proposed
2698 4406 136 28 expenditure
2848 4411 26 16 on
2890 4410 91 20 scenery.

2429 4439 33 21 He
2471 4437 69 21 would
2554 4438 37 19 not
2606 4436 69 24 object
2690 4436 23 19 to
2727 4441 74 18 money
2817 4432 61 26 being
2887 4432 61 26 spent
2956 4437 27 14 on

2428 4471 85 19 scenery
2528 4463 153 27 improvement
2695 4462 18 19 if
2728 4461 26 20 he
2767 4460 49 26 only
2831 4460 59 19 kDew
2904 4458 46 19 how
2966 4457 16 20 it

2428 4499 43 15 was
2480 4493 22 20 to
2511 4491 25 21 be
2546 4490 113 28 expended,
2671 4488 38 22 but
2723 4488 26 21 he
2765 4487 35 22 did
2815 4487 37 20 not
2866 4484 61 23 think
2935 4484 47 21 that

2429 4521 37 21 the
2474 4520 143 21 Government
2626 4524 52 15 even
2686 4517 37 26 yet
2731 4516 60 21 knew
2798 4515 42 21 this
2849 4512 130 23 themselves.

2429 4549 34 21 He
2472 4546 91 23 referred
2577 4547 23 21 to
2615 4545 37 22 the
2667 4544 102 27 necessity
2780 4543 32 22 for
2826 4541 104 28 inquiring
2939 4540 45 21 into

2429 4576 37 22 the
2474 4574 138 29 co-operative
2622 4574 79 27 system
2711 4571 69 23 before
2789 4570 98 26 allowing
2897 4568 50 22 such
2956 4574 28 16 an

2429 4603 136 28 expenditure
2575 4609 23 15 as
2607 4608 41 14 was
2657 4600 101 28 proposed
2773 4599 65 21 under
2848 4598 47 21 that
2904 4597 79 27 system

2429 4632 22 19 of
2465 4630 96 25 carrying
2578 4636 27 12 on
2619 4629 37 19 the
2671 4627 66 20 works
2754 4627 21 19 of
2791 4626 36 20 the
2843 4625 79 24 colony.
2950 4624 34 19 He

2428 4657 95 20 objected
2533 4657 22 19 to
2571 4655 36 20 the
2624 4653 141 21 Government
2774 4651 80 26 getting
2863 4651 37 19 the
2909 4655 74 20 money

2429 4685 22 22 in
2460 4684 36 23 the
2505 4682 81 27 colony,
2597 4679 41 25 and
2652 4677 115 25 contended
2777 4677 48 23 that
2834 4677 17 22 if
2863 4677 36 21 the
2909 4683 73 19 money

2429 4719 53 16 were
2492 4714 22 19 to
2523 4711 24 21 be
2557 4709 105 22 borrowed
2674 4708 51 25 they
2735 4706 74 21 should
2823 4712 25 19 go
2863 4705 90 25 straight
2961 4706 23 18 to

2429 4740 37 22 the
2494 4738 85 23 London
2596 4735 82 21 market
2700 4733 32 21 for
2749 4733 23 21 it.
2814 4732 20 21 If
2852 4733 35 19 the
2908 4737 74 19 money

2430 4774 52 15 were
2496 4770 107 19 necessary
2612 4763 37 20 the
2662 4761 70 22 House
2746 4759 74 22 should
2833 4758 76 25 clearly
2923 4758 60 21 know

2429 4796 46 20 how
2509 4794 17 20 it
2561 4797 41 14 was
2636 4791 23 19 to
2690 4788 25 21 be
2746 4785 112 27 expended.
2867 4785 24 31 —■
2897 4785 34 21 Sir
2956 4785 25 21 R.

2429 4823 64 21 Stout
2516 4818 44 23 said
2584 4818 26 21 he
2633 4823 41 15 was
2695 4816 37 21 not
2756 4813 110 27 surprised,
2889 4813 22 21 in
2932 4812 51 22 view

2430 4850 22 21 of
2466 4848 55 22 their
2530 4846 83 28 pledges
2622 4844 23 21 of
2660 4843 56 25 1893,
2727 4843 48 20 that
2788 4848 27 14 no
2829 4841 107 21 Ministers
2948 4841 36 24 got

2429 4883 29 17 up
2466 4878 23 19 to
2498 4873 76 23 defend
2589 4872 43 20 this
2641 4877 99 14 measure.
2769 4869 24 20 In
2804 4874 39 14 one
2852 4869 80 24 respect
2947 4868 37 19 the

2429 4903 43 20 Bill
2487 4908 41 14 was
2544 4905 114 18 necessary.
2685 4897 44 21 The
2746 4895 73 21 Public
2832 4895 75 20 Works
2923 4893 60 21 Fund

2430 4930 41 22 had
2480 4929 52 21 been
2540 4924 98 29 depleted
2648 4926 21 19 to
2678 4923 50 22 such
2737 4929 28 15 an
2774 4922 73 22 extent
2857 4921 47 21 that
2916 4921 18 21 it
2942 4920 42 22 had

2429 4958 52 20 been
2499 4959 106 20 necessary
2624 4954 23 19 to
2669 4950 92 22 transfer
2784 4956 73 19 money
2876 4948 53 22 from
2948 4948 36 21 the

2429 4980 148 25 Consolidated
2584 4982 22 18 to
2612 4979 36 20 the
2655 4977 73 22 Public
2734 4977 74 21 Works
2815 4975 66 21 Fund.
2903 4975 81 26 During

2429 5011 38 22 the
2476 5010 45 22 Scat
2530 5008 84 29 quarter
2623 5006 22 23 of
2659 5005 43 22 this
2716 5010 51 22 year
2777 5003 89 27 £70,000
2875 5002 41 22 had
2933 5002 51 22 been

2429 5046 23 14 so
2466 5036 134 24 transferred,
2614 5034 42 22 and
2671 5041 23 14 as
2708 5033 50 26 only
2772 5032 90 25 £50,000
2876 5031 42 22 had
2933 5031 52 21 been

2429 5064 120 22 authorised
2572 5064 25 19 he
2615 5061 68 20 would
2700 5060 42 21 like
2760 5061 22 19 to
2801 5059 60 20 know
2878 5058 46 21 how
2942 5058 42 20 this

2429 5090 89 26 camcjto
2532 5090 24 21 be
2572 5088 66 22 done'?
2663 5087 44 21 The
2721 5086 91 21 Premier
2824 5085 45 22 said
2886 5085 48 20 that
2948 5084 36 21 the

2429 5118 74 23 Public
2511 5116 76 22 Works
2596 5114 60 22 Fund
2666 5114 41 21 had
2716 5114 51 20 been
2776 5113 50 24 kept
2835 5112 60 26 going
2911 5112 37 21 out
2962 5111 22 21 of

2429 5151 89 16 revenue
2527 5144 90 20 without
2626 5142 120 24 borrowing.
2774 5140 60 20 Since
2840 5139 49 20 1890
2896 5138 36 21 the
2938 5145 46 14 sum

2429 5173 23 21 of
2462 5171 102 26 £541,000
2573 5170 41 21 bad
2624 5169 51 22 been
2682 5166 105 23 borrowed
2796 5166 32 21 for
2834 5166 43 21 this
2888 5172 94 21 purpose.

2431 5202 20 21 It
2460 5207 42 14 was
2511 5198 101 26 certainly
2622 5198 37 20 not
2668 5196 66 21 direct
2742 5194 120 26 borrowing,
2870 5192 38 23 but
2914 5192 26 28 by
2948 5199 36 16 use

2430 5228 22 22 of
2459 5227 36 21 the
2502 5225 82 26 sinking
2591 5224 69 26 funds,
2669 5222 42 23 and
2720 5223 59 22 there
2786 5221 41 23 had
2836 5221 51 20 been
2896 5227 12 15 a
2915 5227 57 14 conse-

2431 5255 64 28 quent
2513 5254 90 20 increase
2620 5252 22 20 of
2660 5251 37 20 the
2714 5249 69 27 public
2804 5248 57 21 debt.
2897 5248 29 21 Of
2948 5248 36 21 the

2431 5283 80 21 million
2520 5281 64 21 about
2598 5280 22 19 to
2636 5278 24 21 be
2674 5276 105 22 borrowed
2788 5275 103 25 £350,000
2899 5277 22 19 at
2931 5275 53 21 least

2431 5316 41 15 was
2483 5310 23 19 to
2520 5307 24 21 be
2560 5307 61 26 spent
2636 5312 26 14 on
2677 5304 60 22 roads
2749 5304 42 21 and
2799 5303 88 26 bridges.
2914 5302 70 21 When

2431 5337 36 22 the
2476 5335 106 29 provinces
2598 5340 53 14 were
2664 5331 108 23 abolished
2781 5331 17 21 it
2807 5337 41 15 was
2857 5329 127 22 understood

2431 5366 47 21 that
2495 5363 37 23 the
2549 5361 52 23 local
2624 5361 70 21 bodies
2711 5366 53 16 were
2781 5360 22 21 to
2821 5365 59 20 carry
2897 5365 26 15 on
2941 5357 43 23 this

2431 5392 82 28 portion
2526 5390 22 21 of
2562 5389 36 24 the
2613 5387 91 28 colony's
2720 5387 61 23 work.
2808 5387 45 23 The
2866 5391 72 17 reason
2952 5386 32 20 for

2431 5420 42 23 this
2488 5425 42 17 was
2547 5417 63 28 plain.
2638 5416 44 21 The
2698 5415 71 22 Houae
2784 5420 41 15 was
2839 5413 101 27 perfectly
2954 5413 19 21 in-

2431 5446 118 28 competent
2575 5445 23 21 to
2623 5443 27 22 do
2677 5443 37 23 the
2740 5441 63 23 work.
2841 5441 45 21 The
2913 5439 71 23 House

2431 5474 104 26 generally
2565 5472 61 20 knew
2655 5471 87 24 nothing
2768 5469 22 21 of
2817 5469 37 20 the
2881 5468 101 25 necessity

2431 5502 33 21 for
2495 5500 37 21 the
2564 5497 62 26 work,
2657 5496 42 22 and
2729 5502 27 15 an
2782 5495 117 26 absolutely
2925 5495 47 20 auto-

2431 5528 63 23 cratic
2520 5532 66 22 power
2611 5524 48 27 [was
2690 5523 103 21 therefore
2818 5523 60 21 given
2904 5523 22 19 to
2948 5521 36 23 the

2431 5556 95 23 Minister
2535 5554 23 21 of
2567 5553 37 22 the
2613 5552 47 27 day.
2689 5551 32 21 He
2731 5550 60 22 could
2801 5550 59 27 point
2875 5550 37 22 out
2927 5556 57 16 cases

2433 5584 66 21 where
2508 5583 37 21 the
2553 5582 48 21 vote
2611 5580 41 21 had
2661 5579 51 21 been
2721 5579 66 27 spout,
2800 5579 36 21 not
2846 5577 31 21 for
2893 5577 59 23 roads
2961 5578 23 20 to

2432 5618 53 20 open
2493 5617 29 19 up
2531 5615 44 15 new
2586 5607 65 24 lands,
2662 5606 38 21 but
2709 5612 26 14 on
2744 5605 61 22 roads
2814 5605 47 21 that
2874 5604 42 21 had
2930 5604 52 21 been

2431 5644 54 22 open
2494 5637 32 21 for
2535 5641 66 22 years.
2629 5634 44 20 The
2682 5639 74 19 money
2767 5632 66 25 might
2842 5638 23 14 as
2874 5632 46 20 well
2931 5631 52 21 have

2433 5666 50 22 been
2492 5664 61 26 spent
2568 5669 27 14 on
2610 5662 37 20 the
2661 5660 76 21 streets
2751 5659 22 21 of
2789 5659 36 21 the
2841 5658 65 22 cities.
2938 5659 44 21 The

2433 5694 70 20 House
2513 5691 40 21 had
2563 5697 26 14 no
2598 5688 80 21 control
2692 5688 21 20 of
2728 5687 43 20 this
2785 5686 51 21 kind
2851 5686 22 21 of
2887 5686 84 26 expendi-

2432 5722 53 22 ture,
2495 5718 42 22 and
2547 5723 41 15 was
2597 5716 58 24 quite
2671 5714 89 21 unfitted
2775 5714 23 19 to
2812 5713 48 21 deal
2875 5713 50 25 wjth
2941 5713 43 25 thw

2432 5747 102 26 question.
2561 5744 44 23 The
2615 5749 67 24 power
2690 5740 75 25 should
2774 5740 25 29 be
2808 5740 63 25 taken
2884 5740 53 25 from
2948 5740 36 23 the

2422 5765 1 38 I
2433 5775 101 28 pijiater,
2561 5772 20 28 A
2589 5771 78 32 «lwge
2676 5770 21 26 to
2706 5768 24 28 $
2731 5775 11 17 e
2749 5775 9 18 *
2761 5770 44 21 VBte
2808 5775 19 21 w
2841 5774 42 20 ww
2897 5768 85 27 »«edcd,

3028 176 41 22 and
3079 177 36 20 the
3125 177 78 20 matter
3212 176 40 21 letfc
3262 176 22 20 to
3298 175 36 21 the
3349 174 53 21 local
3417 173 71 21 bodies
3505 180 23 14 or
3544 174 22 19 to
3574 180 12 13 a

3026 209 66 28 grand
3101 209 121 23 committee
3231 208 23 22 of
3263 208 120 27 competent
3397 207 102 21 members
3513 206 22 21 of
3550 206 36 21 the

3027 244 77 26 House,
3116 243 47 23 who
3175 242 76 23 should
3261 242 25 23 be
3300 240 91 25 selected
3407 242 23 21 to
3445 240 89 23 allocate
3550 240 36 22 the

3026 284 75 20 money
3111 277 32 21 for
3152 278 59 20 these
3221 277 56 21 work
3278 284 9 7 1-
3289 292 5 6 .
3322 276 44 21 The
3376 275 66 21 whole
3449 274 137 27 expenditure

3025 310 23 21 of
3069 310 70 28 public
3163 317 74 20 money
3256 315 43 16 was
3320 310 23 20 at
3366 308 37 21 the
3427 308 84 27 present
3534 307 52 22 time

3025 344 84 22 centred
3119 345 22 21 in
3150 345 38 21 the
3202 343 95 23 Cabinet.
3325 343 45 21 The
3380 343 72 21 House
3467 341 42 23 had
3518 341 66 28 really

3025 385 26 14 no
3060 378 86 22 control.
3175 378 108 22 Ministers
3298 376 42 23 and
3355 376 108 26 members,
3480 376 103 25 however,

3024 406 68 21 would
3103 407 36 20 not
3149 406 45 22 face
3203 407 37 20 the
3250 406 103 27 question.
3382 406 33 20 He
3424 404 86 22 himself
3524 404 60 22 knew

3023 433 38 21 the
3090 434 103 26 difficulty
3224 434 21 20 in
3271 434 37 20 the
3330 433 84 20 matter.
3455 432 50 21 This
3522 439 49 19 open-

3024 460 34 26 ing
3084 467 29 19 up
3143 462 23 19 of
3198 461 60 20 lands
3290 460 33 21 for
3350 460 123 21 settlement
3501 465 42 15 was
3570 465 13 15 a

3024 487 117 21 misnomer.
3169 488 21 20 It
3207 494 42 15 was
3266 488 38 20 not
3321 487 89 26 opening
3426 493 30 20 up
3473 486 60 22 lands
3550 486 33 21 for

3023 514 123 22 settlement
3160 516 23 20 at
3196 515 35 21 all.
3259 515 44 21 The
3320 514 43 22 Bill
3380 517 44 19 also
3442 514 101 27 proposed
3560 515 23 20 to

3023 543 22 19 to
3055 541 58 27 place
3122 543 36 21 the
3167 542 95 22 Midland
3276 543 94 26 Railway
3380 549 27 15 on
3416 542 38 22 the
3463 548 56 16 same
3528 541 43 23 foot-

3023 569 35 26 ing
3067 576 23 14 as
3099 570 37 20 the
3146 570 60 21 other
3221 571 97 25 railways
3332 571 23 19 of
3370 571 37 20 the
3421 570 82 26 colony.
3530 570 51 20 This

3024 602 40 14 was
3073 595 110 28 departing
3197 597 54 21 from
3265 599 37 19 the
3317 597 93 21 attitude
3425 597 79 26 always
3518 597 63 21 taken

3023 629 28 21 up
3066 623 21 22 in
3101 624 36 21 the
3153 625 53 26 past.
3235 625 21 21 It
3273 632 42 15 was
3332 632 13 14 a
3362 632 62 20 grave
3438 626 84 24 matter,
3539 624 42 22 and

3022 653 72 19 meant
3109 652 49 21 that
3173 653 37 20 the
3226 653 141 21 Government
3382 659 53 15 were
3450 653 74 26 taking
3541 653 37 21 the

3022 678 42 21 line
3073 685 49 15 over
3130 679 131 28 altogether;
3275 679 37 22 but
3319 686 23 15 as
3351 680 36 21 the
3397 681 77 20 matter
3484 687 41 14 was
3534 686 47 15 now

3022 705 70 23 before
3102 706 36 22 the
3148 707 73 22 Public
3228 708 104 21 Accounts
3340 708 126 21 Committee
3475 708 26 21 he
3510 708 69 21 would

3022 740 37 20 say
3082 735 88 25 nothing
3191 735 84 21 further
3296 735 64 22 about
3382 736 18 20 it
3421 736 33 20 for
3475 736 38 21 the
3535 743 33 18 pre-

3022 762 53 21 sent.
3111 762 108 26 However,
3247 762 26 22 he
3299 762 64 27 urged
3390 762 48 22 that
3463 763 37 21 the
3525 763 40 22 Mid-

3021 788 50 23 laud
3093 790 95 28 Railway
3209 790 76 23 should
3306 791 25 22 be
3353 790 64 23 taken
3438 793 38 20 out
3497 791 23 22 of
3541 792 37 21 the

3021 818 36 20 list
3066 818 23 21 of
3107 819 96 25 railways
3212 826 56 19 upon
3277 819 68 21 which
3355 819 48 21 loan
3412 826 74 19 money
3501 826 42 15 was
3556 821 23 20 to

3021 844 25 20 be
3063 847 69 23 spent.
3168 846 34 19 He
3219 846 64 24 urged
3308 846 49 20 that
3376 852 57 14 more
3454 846 124 26 particulars

3021 870 75 21 should
3105 871 25 20 be
3139 872 61 25 given
3209 872 22 20 of
3249 872 36 21 the
3294 872 101 26 proposed
3405 872 136 26 expsnditure
3551 879 26 14 on

3021 897 102 28 railways.
3152 898 34 23 He
3200 898 95 28 objected
3304 900 23 21 to
3342 898 37 23 the
3394 899 96 27 proposal
3499 900 23 21 to
3531 900 46 26 give

3021 925 36 22 the
3067 926 142 22 Government
3217 929 56 19 carle
3283 928 84 20 blanche
3376 934 22 15 as
3405 928 22 20 to
3434 928 37 21 the
3480 927 85 27 expendi-

3021 954 47 20 ture
3077 954 22 20 of
3109 954 36 21 the
3154 961 75 20 money
3238 957 23 18 to
3268 955 25 21 be
3303 955 74 21 raised.
3405 955 21 21 It
3436 961 42 15 was
3487 955 29 21 all
3525 962 51 20 very

3021 980 46 21 well
3077 982 22 19 to
3108 988 37 20 say
3155 982 16 20 tl
3197 983 6 19 ',
3212 982 37 21 the
3259 980 48 28 vote
3319 980 12 28 3
3343 980 60 28 would
3412 989 57 14 come
3478 982 61 21 down
3550 989 26 14 on

3020 1008 37 20 the
3066 1008 76 21 Works
3149 1009 120 25 Estimates,
3277 1009 38 21 but
3324 1010 43 20 this
3374 1010 71 20 House
3454 1009 70 21 would
3530 1016 47 19 pass

3020 1035 103 27 anything
3141 1035 89 28 brought
3247 1036 61 22 down
3325 1037 27 25 by
3370 1037 38 21 the
3426 1037 148 21 Government.

3021 1063 127 21 Parliament
3157 1063 42 22 had
3208 1064 65 26 really
3283 1071 27 14 no
3319 1064 80 21 control
3406 1064 111 21 whatever.
3543 1065 33 20 He

3020 1089 95 27 objected
3124 1092 22 19 to
3155 1091 38 21 the
3202 1091 114 26 borrowing
3322 1091 101 26 proposal,
3431 1097 23 14 as
3463 1098 57 13 more
3525 1091 52 21 than

3020 1117 45 21 half
3075 1117 36 23 tlie
3120 1124 75 20 money
3205 1119 69 20 would
3282 1120 36 19 not
3328 1120 72 19 return
3409 1119 88 19 interest
3503 1118 73 21 direct.

3019 1145 34 21 No
3067 1145 72 26 doubt,
3156 1146 37 20 the
3205 1146 74 26 colony
3294 1145 69 21 would
3379 1145 47 26 gain
3442 1152 26 14 an
3487 1145 89 21 indirect

3019 1172 84 27 benefit,
3112 1172 39 23 but
3165 1173 59 22 there
3240 1173 70 22 would
3323 1173 25 21 be
3360 1179 27 15 no
3404 1173 174 28 interest-paying

3019 1203 56 19 asset
3094 1203 22 19 to
3136 1201 57 21 show
3212 1201 33 21 for
3263 1201 36 21 the
3314 1208 82 19 money,
3412 1201 42 21 and
3470 1201 36 21 the
3525 1202 42 20 inte-

3020 1230 42 18 rest
3071 1229 70 19 would
3155 1229 52 19 have
3215 1230 22 18 to
3246 1229 25 19 be
3280 1229 49 24 paid
3337 1230 38 18 out
3384 1228 22 20 of
3415 1229 102 19 taxation.
3545 1229 34 18 Ha

3019 1255 104 20 therefore
3141 1255 90 26 thought
3249 1255 48 20 that
3314 1255 37 20 the
3369 1260 75 21 money
3465 1254 53 21 from
3541 1253 36 22 the
3585 1253 1 28 ;

3019 1282 77 21 Native
3109 1281 60 22 lands
3178 1281 45 22 sold
3233 1281 75 21 should
3322 1281 24 21 be
3359 1281 50 28 kept
3423 1284 71 19 sacred
3509 1283 23 19 to
3547 1288 30 14 re-
3585 1276 1 33 !

3017 1315 42 20 pay
3073 1308 38 21 the
3129 1316 74 19 money
3219 1308 106 21 borrowed
3340 1308 33 21 for
3388 1309 36 20 the
3439 1308 102 27 purchase
3554 1308 23 21 of

3017 1336 49 21 that
3075 1335 55 27 land,
3141 1336 42 21 and
3193 1336 37 21 the
3243 1337 57 20 rents
3310 1336 92 21 received
3411 1335 54 22 from
3479 1335 38 22 the
3525 1335 51 22 land

3017 1364 75 22 should
3106 1371 25 20 go
3141 1366 22 19 to
3177 1371 12 15 a
3198 1364 80 22 similar
3290 1371 94 21 purpose.
3412 1364 51 22 This
3473 1364 68 21 would
3550 1363 26 23 be

3017 1392 115 26 legitimate
3139 1393 87 20 finance.
3254 1393 43 20 But
3303 1399 24 14 as
3335 1395 23 18 at
3367 1394 83 25 present
3459 1392 117 21 conducted

3017 1420 42 21 this
3069 1426 75 19 money
3154 1427 42 14 was
3210 1420 51 21 used
3276 1427 23 14 as
3314 1420 98 26 ordinary
3428 1426 96 15 revenue.
3553 1420 22 21 It

3017 1454 57 15 came
3083 1449 23 20 to
3120 1448 55 21 this:
3189 1448 48 21 that
3246 1448 37 21 the
3299 1455 75 19 mon?y
3388 1454 42 15 was
3445 1454 45 15 now
3508 1447 66 27 really

3017 1474 105 23 borrowed
3139 1475 33 22 for
3190 1475 95 27 ordinary
3306 1481 105 21 purposes.
3447 1476 30 20 As
3496 1476 22 20 to
3536 1475 36 21 the

3015 1503 115 26 goldfields,
3149 1503 52 27 tbey
3219 1503 61 21 could
3298 1505 37 19 not
3352 1502 68 22 afford
3438 1503 23 20 to
3478 1503 66 26 spend
3561 1509 13 14 a

3016 1531 85 25 quarter
3109 1525 23 26 of
3141 1530 36 20 the
3186 1530 48 21 loan
3249 1537 27 14 on
3289 1530 66 20 works
3371 1537 27 13 on
3410 1529 115 27 goldfields.
3553 1529 21 21 If

3015 1559 60 20 there
3084 1564 41 15 was
3134 1557 48 28 gold
3191 1558 22 22 to
3222 1557 25 22 be
3256 1557 73 26 found,
3336 1557 41 23 and
3386 1557 37 22 the
3432 1557 76 22 miners
3517 1557 36 28 got
3561 1563 13 16 a

3016 1585 40 23 fair
3065 1587 80 24 tenure,
3156 1586 50 26 they
3217 1586 61 22 coull
3287 1592 59 21 carry
3362 1592 27 15 on
3404 1585 90 22 without
3503 1585 60 22 assist-

3014 1620 57 15 ance.
3099 1614 34 21 Sir
3142 1613 95 21 Robert's
3251 1614 93 20 remarks
3359 1620 53 14 were
3427 1615 36 19 cut
3477 1613 58 21 short
3544 1613 27 26 by

3015 1641 36 20 the
3060 1641 51 20 time
3121 1641 133 20 limit.—The
3264 1641 96 20 Minister
3371 1640 22 20 of
3409 1640 73 20 Public
3497 1641 76 19 Works

3014 1667 162 26 complimented
3210 1667 102 21 members
3350 1674 56 19 upon
3440 1667 38 21 the
3511 1667 61 26 spirit

3014 1695 22 21 in
3045 1695 67 21 which
3122 1695 50 26 they
3183 1694 41 22 had
3233 1694 105 22 discussed
3353 1695 37 21 the
3405 1694 49 22 Bill.
3482 1694 78 27 Regard-

3014 1723 35 24 ing
3058 1723 33 20 Sir
3101 1723 24 20 R.
3142 1723 63 20 Stout
3212 1729 11 14 s
3236 1723 121 25 suggestion
3371 1724 22 19 to
3407 1722 54 21 have
3475 1728 12 14 a
3496 1722 76 26 special

3014 1751 89 18 account
3113 1749 45 20 into
3167 1749 67 20 which
3250 1749 37 20 the
3300 1756 75 19 money
3385 1749 32 20 for
3426 1749 37 20 the
3473 1749 99 26 purchase

3014 1776 22 21 of
3051 1776 78 21 Native
3143 1776 60 21 lands
3217 1776 75 21 should
3310 1775 24 22 be
3350 1776 54 27 paid,
3420 1776 26 20 he
3455 1775 117 22 contended

3014 1804 48 20 that
3071 1811 23 13 so
3103 1803 57 21 little
3169 1803 49 21 land
3228 1810 42 14 was
3278 1810 45 14 now
3334 1803 45 21 sold
3394 1804 48 20 that
3451 1803 43 21 this
3503 1803 69 21 would

3013 1831 25 20 be
3048 1831 84 20 useless.
3160 1832 30 19 At
3199 1831 37 20 the
3245 1832 84 25 present
3342 1831 52 21 time
3403 1831 36 20 the
3449 1831 87 21 interest
3546 1837 26 14 on

3014 1858 36 21 the
3060 1865 75 19 money
3145 1858 48 26 paid
3203 1865 42 14 was
3254 1860 43 19 met
3306 1860 38 19 out
3352 1858 23 21 of
3390 1858 36 21 the
3436 1860 72 19 return
3517 1858 55 21 from

3014 1886 48 21 that
3071 1886 56 21 land.
3155 1886 34 21 He
3198 1886 101 21 ventured
3314 1887 23 20 to
3351 1892 37 20 say
3403 1886 48 21 that
3465 1886 37 21 the
3516 1887 56 20 rates

3014 1914 32 20 for
3063 1913 61 22 roads
3141 1913 42 22 and
3203 1913 80 27 bridges
3305 1914 68 21 would
3395 1914 80 21 receive
3492 1913 80 22 careful

3013 1941 107 21 attention
3134 1941 22 20 of
3172 1940 107 22 members.
3308 1941 109 26 Referring
3431 1942 23 20 to
3468 1941 37 20 the
3518 1941 40 21 Mid-

3013 1968 50 21 land
3069 1968 102 27 Railway,
3177 1968 26 21 he
3210 1968 161 28 complimented
3375 1968 33 22 Sir
3412 1969 25 21 R.
3446 1969 64 21 Stout
3515 1975 57 20 upon

3013 1996 32 22 his
3061 2003 80 15 success
3157 1996 22 21 in
3195 1997 121 21 connection
3329 1996 52 22 with
3395 1996 37 22 the
3447 1996 124 22 arbitration

3013 2024 140 27 proceedings.
3194 2024 34 22 He
3250 2024 103 22 defended
3374 2024 37 22 the
3432 2024 139 27 co-operative

3013 2053 86 25 system,
3110 2052 123 25 concerning
3242 2052 67 20 which
3318 2053 27 19 he
3359 2052 44 20 said
3417 2053 47 19 that
3480 2052 37 20 the
3530 2053 27 19 Go-

3012 2081 110 19 vernment
3136 2079 41 20 had
3193 2079 92 21 received
3299 2085 49 19 very
3358 2079 172 26 complimentary
3541 2085 20 15 re-

3012 2107 59 26 ports
3080 2106 53 21 from
3150 2105 141 27 independent
3306 2113 87 15 sources.
3421 2106 45 21 The
3475 2106 96 21 Minister

3012 2133 105 28 generally
3141 2133 104 22 defended
3270 2133 36 22 the
3330 2133 107 28 proposals
3462 2133 109 22 embodied

3012 2163 21 19 in
3062 2162 37 20 the
3134 2161 48 25 Bill,
3212 2161 73 26 saying
3315 2162 48 20 that
3393 2162 26 20 he
3453 2161 41 21 felt
3524 2168 46 14 sure

3012 2189 49 21 that
3090 2189 38 21 the
3156 2190 87 25 country
3267 2189 69 21 would
3363 2189 144 26 congratulate
3533 2189 38 21 the

3012 2217 142 21 Government
3184 2222 56 19 upon
3271 2216 75 26 having
3378 2216 123 21 introduced
3527 2216 43 20 this

3012 2243 162 22 measure.—Mr
3190 2244 26 21 G.
3227 2243 34 22 W.
3272 2243 83 21 Russell
3364 2243 45 22 said
3418 2243 48 22 that
3476 2243 42 21 this
3527 2243 42 21 Bill

3011 2278 43 14 was
3075 2271 71 27 laying
3167 2278 13 14 a
3201 2271 83 21 further
3309 2271 152 27 responsibility
3484 2278 28 14 on
3533 2271 37 21 the

3011 2299 78 21 settled
3111 2299 94 26 portions
3226 2299 23 20 of
3270 2298 36 21 the
3327 2299 73 26 colony
3423 2299 22 20 in
3466 2298 59 21 order
3547 2299 23 20 to

3011 2326 87 26 develop
3114 2326 37 21 the
3165 2326 113 21 unsettled.
3311 2326 26 21 In
3351 2326 42 21 this
3408 2326 121 21 connection
3543 2325 26 22 he

3011 2354 74 20 looked
3101 2360 55 18 upon
3172 2353 36 20 the
3223 2353 43 20 Bill
3281 2354 51 19 with
3346 2360 12 14 a
3372 2353 80 20 critical
3469 2360 45 19 eye.
3548 2354 21 19 It

3012 2387 42 14 was
3062 2380 55 21 clear
3127 2380 47 21 that
3188 2380 43 20 this
3246 2380 48 21 loan
3310 2386 41 15 was
3367 2380 36 21 the
3413 2380 124 21 forerunner
3546 2379 22 21 of

3011 2407 79 22 several
3099 2406 59 23 other
3169 2406 65 23 loans.
3263 2407 24 21 In
3296 2407 52 22 view
3357 2407 22 21 of
3391 2407 43 22 this
3443 2407 26 21 he
3478 2406 91 28 thought

3011 2436 17 21 it
3046 2435 69 22 better
3132 2437 23 20 to
3172 2442 25 20 go
3215 2435 67 22 direct
3296 2436 23 21 to
3333 2435 36 22 the
3383 2435 85 22 London
3486 2436 82 21 market

3010 2464 42 21 and
3070 2464 53 21 raise
3141 2464 36 20 the
3191 2470 75 20 money
3283 2471 24 13 as
3325 2464 87 26 cheaply
3430 2470 22 14 as
3471 2463 95 25 possible.

3011 2491 105 26 SpcakiDg
3143 2490 113 26 generally,
3280 2492 26 19 he
3331 2491 69 20 would
3423 2492 87 24 support
3532 2490 37 21 the

3011 2518 76 21 second
3113 2518 84 26 reading
3224 2517 22 22 of
3271 2518 36 21 the
3332 2518 49 24 Bill,
3409 2518 37 21 but
3467 2518 22 20 in
3515 2524 40 15 com-

3011 2546 74 20 mittee
3103 2544 69 22 would
3191 2546 86 26 support
3293 2545 79 21 certain
3390 2544 145 22 amendments

3011 2573 34 21 Mr
3054 2572 79 22 Collins
3141 2572 75 27 agreed
3226 2573 47 21 that
3287 2572 37 22 the
3337 2573 143 21 Government
3493 2571 76 22 should

3010 2607 26 19 go
3053 2601 23 19 to
3093 2601 37 19 the
3147 2601 85 20 Loudon
3250 2601 81 20 market
3349 2601 33 20 for
3399 2600 37 21 the
3454 2600 54 26 loan,
3527 2599 42 21 and

3011 2627 109 21 combated
3130 2627 35 21 the
3175 2628 125 20 statements
3315 2627 22 21 of
3352 2627 36 21 the
3400 2627 56 21 Hon.
3467 2627 33 20 Mr
3510 2626 59 21 Hall-

3010 2655 65 20 Jones
3085 2653 108 28 regarding
3202 2653 36 22 the
3252 2661 81 15 success
3344 2654 22 21 of
3381 2654 36 21 the
3431 2653 138 27 co-operative

3012 2682 72 26 works,
3104 2682 73 26 saying
3195 2682 48 21 that
3261 2682 26 21 he
3303 2681 42 22 had
3360 2681 51 22 been
3426 2681 80 27 grossly
3521 2681 36 21 mis-

3012 2710 63 20 taken
3085 2710 58 20 —Mr
3158 2709 25 22 R.
3198 2710 120 26 Thompson
3339 2710 106 26 regretted
3462 2709 48 21 that
3533 2709 36 21 the

3012 2737 42 21 Bill
3063 2737 36 21 did
3108 2739 37 18 not
3154 2737 88 21 allocate
3252 2737 37 21 the
3303 2744 74 19 money
3388 2738 22 20 to
3419 2737 25 21 be
3454 2735 114 28 expended.

3012 2765 34 20 He
3055 2764 90 27 opposed
3155 2764 91 25 £50,000
3262 2764 60 26 being
3335 2764 62 21 voted
3414 2764 32 20 for
3462 2763 60 21 roads
3537 2764 34 20 for

3012 2791 87 21 tourists
3108 2791 42 22 and
3158 2792 33 20 for
3201 2798 84 20 scenery
3296 2791 162 28 improvements
3473 2791 63 21 while
3548 2798 23 14 so

3013 2826 62 20 many
3085 2819 22 21 of
3116 2819 37 21 the
3162 2819 61 22 roads
3231 2820 22 21 in
3263 2820 36 21 the
3308 2821 87 25 country
3406 2826 53 14 were
3468 2819 22 21 in
3499 2819 51 21 such
3559 2825 12 15 a

3013 2847 119 27 deplorable
3148 2848 113 21 condition.
3289 2848 33 21 He
3331 2847 122 22 atmounced
3463 2847 33 20 his
3504 2847 56 20 inten-

3012 2875 46 20 tion
3068 2874 60 21 when
3137 2875 22 19 in
3169 2875 120 20 committee
3298 2876 21 19 ot
3336 2875 83 24 moving
3429 2875 22 19 to
3461 2874 65 20 strike
3535 2875 37 19 out

3012 2902 44 21 this
3064 2902 55 25 vote,
3130 2902 52 21 with
3191 2908 13 15 a
3213 2902 53 21 view
3274 2902 23 21 to
3306 2901 101 26 inserting
3480 2900 37 22 the
3525 2907 36 14 con-

3012 2930 103 19 struction
3124 2929 42 21 and
3176 2929 108 25 metalling
3294 2929 21 20 of
3329 2928 60 23 roads
3402 2928 22 21 in
3433 2928 37 21 the
3479 2928 62 20 north
3551 2928 22 21 of

3177 2956 33 19 On
3224 2955 49 20 that
3287 2955 26 20 he
3322 2954 69 21 would
3404 2954 48 21 take
3462 2961 13 14 a
3483 2954 91 26 straight

3012 2982 122 22 issue.—Dr
3143 2982 101 22 Newman
3254 2982 85 28 pointed
3354 2983 37 21 out
3400 2982 49 22 that
3458 2982 59 22 there
3532 2989 41 15 was

3012 3018 12 14 a
3034 3012 69 20 clause
3119 3012 21 19 in
3156 3012 37 20 the
3209 3011 43 21 Bill
3261 3011 68 21 which
3338 3011 87 22 enabled
3435 3011 36 20 the
3482 3012 77 20 Govern-

3012 3040 59 19 ment
3081 3040 22 19 to
3112 3039 53 20 raise
3174 3045 12 14 a
3196 3038 82 26 portion
3287 3038 23 21 of
3325 3038 37 21 the
3370 3039 49 20 loan
3428 3038 143 26 immediately

3012 3066 37 21 the
3071 3066 43 21 Bill
3136 3066 80 27 passed,
3240 3066 68 21 which
3325 3066 84 22 showed
3424 3073 49 19 very
3490 3065 80 27 plainly

3012 3094 48 21 that
3076 3094 37 21 the
3130 3094 143 21 Government
3292 3101 52 13 were
3358 3101 49 19 very
3422 3093 52 21 hard
3487 3094 84 26 pressed

3012 3121 126 26 financially.
3167 3122 33 20 He
3214 3121 100 22 ridiculed
3328 3121 36 21 the
3381 3122 87 21 amount
3482 3121 89 21 devoted

3012 3151 23 19 to
3043 3150 37 20 the
3089 3150 97 25 railways
3198 3149 23 21 of
3236 3149 37 21 the
3289 3149 80 27 colony,
3380 3149 126 25 contending
3521 3149 49 20 that

3012 3177 17 20 it
3039 3177 67 20 would
3117 3177 24 20 be
3152 3177 67 20 better
3235 3177 33 20 for
3283 3177 36 19 the
3329 3176 73 26 colony
3418 3177 22 19 to
3449 3177 75 19 devote
3534 3175 36 21 the

3013 3203 90 27 £50,000
3113 3203 32 22 for
3154 3210 86 21 surveys
3249 3203 41 21 and
3306 3203 162 26 improvements
3484 3203 22 20 to
3522 3202 38 22 rail-

3013 3238 46 21 way
3075 3231 66 22 works
3156 3232 53 20 than
3224 3233 23 19 to
3262 3237 36 15 use
3313 3231 18 21 it
3339 3231 33 20 for
3382 3230 37 22 the
3426 3237 28 20 pu
3465 3237 49 20 pose
3524 3236 45 15 now

3013 3258 106 29 proposed.
3148 3259 21 20 It
3184 3265 42 14 was
3241 3257 76 27 simply
3333 3259 146 25 preposterous
3494 3259 38 19 out
3547 3257 23 21 of

3013 3287 36 21 the
3063 3285 102 26 £250,000
3187 3285 88 22 devoted
3297 3286 23 20 to
3335 3285 97 26 railways
3447 3286 23 19 to
3483 3291 86 20 propose

3013 3316 21 19 to
3052 3315 106 20 construct
3174 3320 13 15 a
3205 3320 45 14 new
3274 3313 86 26 railway
3386 3313 42 21 and
3446 3314 22 20 to
3488 3312 81 27 expend

3012 3342 17 20 it
3055 3348 27 14 on
3107 3341 51 21 such
3184 3341 52 20 lines
3261 3347 23 14 as
3310 3341 37 20 the
3373 3341 69 25 Otago
3475 3340 92 21 Central.

3013 3368 32 21 He
3071 3368 117 21 contended
3214 3368 48 21 that
3291 3367 54 27 light
3377 3367 97 27 railways
3501 3367 69 22 would

3011 3396 25 22 be
3064 3396 59 28 quite
3151 3396 108 25 sufficient,
3287 3395 42 22 and
3357 3395 69 22 would
3452 3396 53 21 have
3534 3395 35 22 the

3012 3425 62 19 effect
3083 3424 22 20 of
3120 3424 88 25 opening
3217 3430 28 19 up
3259 3429 12 14 a
3280 3423 56 25 large
3345 3424 88 19 amount
3442 3423 22 20 of
3480 3424 88 24 country

3011 3452 23 19 at
3050 3457 13 14 a
3081 3450 162 27 comparatively
3257 3450 61 21 small
3327 3450 50 21 cost.
3407 3448 69 22 When
3485 3449 21 21 in
3516 3455 40 16 com-

3012 3478 73 22 mittee
3094 3479 26 21 he
3130 3477 68 23 would
3208 3484 59 15 move
3276 3476 48 23 that
3334 3477 36 22 the
3379 3477 113 22 allocation
3502 3477 22 22 of
3533 3477 37 22 the

3012 3507 80 20 million
3111 3506 49 21 loan
3175 3506 25 21 be
3220 3506 80 21 altered
3315 3512 22 14 so
3354 3512 23 15 as
3395 3506 22 21 to
3435 3505 85 26 provide
3537 3505 33 21 for

3012 3533 103 25 £400,000
3137 3533 23 21 of
3186 3533 37 21 the
3250 3534 87 19 amount
3364 3532 61 26 being
3452 3534 61 25 spent
3543 3539 26 14 on

3011 3561 103 25 railways.
3158 3561 33 20 He
3230 3559 128 22 condemned
3397 3560 94 25 strongly
3531 3560 38 20 the

3012 3588 113 24 miserable,
3147 3587 104 26 dawdling
3272 3593 45 20 way
3336 3587 22 20 in
3377 3586 67 21 which
3464 3586 37 21 the
3522 3586 38 21 rail-

3012 3622 45 20 way
3083 3615 67 21 works
3177 3621 52 15 were
3255 3621 46 14 now
3323 3614 61 27 being
3405 3613 81 28 pushed
3508 3621 60 14 on.—

3012 3644 62 20 After
3083 3643 58 21 short
3149 3643 98 26 speeches
3257 3642 53 21 from
3325 3643 77 20 Messrs
3416 3643 22 20 E.
3450 3642 28 21 M.
3490 3642 76 25 Smith,

3013 3671 79 25 Buddo,
3104 3670 41 22 and
3156 3670 75 26 Willis,
3243 3670 46 20 who
3298 3669 29 22 all
3342 3669 114 27 supported
3471 3669 37 21 the
3517 3669 48 26 Bill,

3012 3699 33 19 Mr
3054 3699 62 19 Allen
3125 3697 86 26 pointed
3220 3699 37 17 out
3268 3697 47 19 that
3322 3697 36 19 the
3368 3697 42 19 Bill
3419 3696 61 20 made
3490 3703 26 12 no
3523 3703 33 19 pro-

3012 3725 66 23 vision
3094 3725 105 23 whatever
3217 3723 33 23 for
3264 3730 41 21 any
3323 3730 49 20 year
3386 3722 56 24 after
3458 3722 50 27 this,
3526 3722 42 23 and

3012 3754 110 22 contained
3138 3760 27 15 no
3179 3753 68 27 policy
3264 3753 73 26 except
3351 3752 33 22 for
3397 3753 37 21 the
3448 3751 120 23 immediate

3012 3783 91 25 present.
3130 3781 66 20 There
3206 3779 74 21 should
3290 3780 25 19 be
3324 3786 56 14 some
3390 3779 67 26 policy
3467 3786 23 13 as
3499 3781 23 17 to
3530 3779 37 20 the

3012 3815 46 19 way
3068 3808 59 20 these
3136 3807 85 25 railway
3230 3806 52 20 lines
3296 3806 74 20 should
3383 3805 25 20 be
3421 3805 111 20 continued
3546 3805 21 19 in

3013 3835 77 22 future.
3117 3834 67 22 These
3200 3833 96 28 railways
3310 3832 40 22 had
3365 3834 37 20 not
3417 3831 51 23 been
3481 3831 86 28 railway

3013 3864 72 26 works,
3096 3863 39 22 but
3149 3863 61 22 relief
3219 3862 72 26 work?,
3302 3861 41 22 and
3358 3861 59 22 there
3426 3868 42 15 was
3482 3868 27 15 no
3522 3868 34 21 par-

3012 3893 76 20 ticu'ar
3106 3891 67 27 policy
3191 3892 23 19 to
3231 3897 59 19 carry
3308 3890 58 21 them
3384 3896 26 15 on
3430 3891 22 19 to
3464 3896 13 14 a
3490 3889 78 26 paying

3012 3920 65 25 point.
3106 3918 62 21 After
3183 3918 101 25 referring
3297 3918 23 19 to
3334 3916 37 21 the
3384 3916 80 21 eeveral
3478 3916 52 20 lines
3545 3916 22 20 of

3012 3946 85 25 railway
3107 3946 22 19 in
3137 3945 37 20 the
3183 3944 103 25 schedule,
3297 3944 26 21 he
3332 3943 45 21 said
3392 3943 55 26 that,
3457 3943 110 26 excluding

3012 3974 37 21 the
3057 3972 102 26 Midland,
3169 3972 69 21 North
3248 3970 77 25 Island,
3337 3971 41 21 and
3388 3971 108 22 Lawrence
3506 3970 58 26 lines,

3012 4002 37 20 the
3057 4002 87 20 amount
3153 4001 32 19 set
3193 4000 61 26 apart
3263 3998 33 22 for
3304 3999 37 21 the
3350 3999 60 21 other
3419 3999 52 21 lines
3480 4005 42 15 was
3530 4000 37 19 not

3012 4028 71 28 nearly
3101 4028 108 25 sufficient,
3229 4026 41 23 and
3287 4033 23 15 as
3328 4026 18 21 it
3363 4033 42 15 was
3426 4026 101 28 proposed
3545 4027 22 20 to

3012 4063 59 20 carry
3093 4056 57 22 them
3173 4063 27 14 on
3221 4056 50 21 next
3293 4061 50 20 year
3365 4054 18 22 it
3400 4054 70 23 would
3490 4054 26 22 be
3533 4054 33 22 far

3011 4085 69 20 better
3089 4085 22 19 to
3120 4084 132 19 concentrate
3261 4083 55 20 their
3329 4083 73 20 efforts
3411 4089 27 14 on
3447 4089 38 14 one
3495 4083 41 20 line
3546 4083 21 20 in

3012 4111 35 21 the
3057 4110 68 21 North
3135 4110 41 21 and
3185 4116 39 14 one
3233 4109 42 21 line
3284 4109 22 21 in
3321 4109 37 21 the
3372 4109 73 25 South,
3457 4108 41 22 and
3508 4115 57 19 carry

3012 4139 57 21 them
3078 4145 28 15 on
3114 4139 23 20 to
3145 4144 12 15 a
3166 4137 77 27 paying
3255 4137 65 27 point,
3332 4136 71 22 rather
3416 4136 53 22 than
3482 4136 73 22 extend-

3012 4167 34 25 ing
3055 4166 28 22 all
3090 4167 54 19 sorts
3154 4165 22 20 of
3185 4165 51 20 lines
3246 4165 111 25 piecemeal
3366 4165 89 20 fashion.
3483 4165 34 20 He
3525 4170 42 15 was

3010 4193 79 28 always
3098 4191 89 28 opposed
3204 4193 23 20 to
3245 4191 120 26 borrowing,
3377 4191 38 22 but
3430 4192 36 21 the
3476 4191 78 22 Govern-

3011 4226 58 15 ment
3078 4221 42 19 had
3130 4220 49 19 been
3188 4219 95 25 carrying
3292 4225 27 13 on
3329 4221 22 17 to
3360 4225 12 13 a
3381 4220 59 24 great
3449 4220 73 18 extent
3530 4219 34 19 for

3010 4254 61 21 years
3082 4248 47 27 past
3140 4253 27 15 on
3176 4245 104 22 borrowed
3290 4252 81 21 money,
3383 4245 40 22 and
3433 4245 81 22 instead
3524 4245 22 23 of
3554 4252 13 16 a

3010 4276 96 21 decrease
3115 4275 22 21 in
3146 4274 36 22 the
3197 4273 69 27 public
3278 4273 66 21 works
3359 4273 137 27 expenditure
3505 4273 60 22 there

3011 4303 41 21 had
3061 4303 52 21 been
3122 4309 12 14 a
3149 4301 140 21 considerable
3303 4301 97 23 increase.
3428 4301 33 21 He
3476 4301 90 26 thought

3010 4331 18 20 it
3045 4336 42 14 was
3104 4328 102 22 desirable
3228 4329 22 19 to
3268 4334 54 20 open
3339 4334 29 21 up
3385 4334 38 15 our
3436 4334 84 19 scenery
3534 4328 33 20 for

3010 4357 93 25 tourists,
3115 4356 38 22 but
3162 4355 36 21 did
3207 4357 36 19 not
3253 4355 62 21 think
3330 4355 51 21 such
3396 4362 12 14 a
3421 4355 56 26 large
3487 4361 46 15 sum
3543 4355 22 21 of

3010 4391 75 20 money
3103 4383 75 22 should
3196 4384 25 20 be
3240 4383 106 21 borrowed
3363 4383 33 21 for
3414 4383 42 21 this
3470 4390 94 21 purpose,

3012 4413 65 21 which
3087 4412 64 26 ought
3162 4413 21 19 to
3196 4411 25 21 be
3231 4411 51 21 used
3291 4411 32 21 for
3333 4411 37 21 the
3379 4418 87 20 surveys
3475 4411 22 21 of
3506 4410 60 22 lands

3010 4440 40 21 and
3064 4440 84 24 makinj
3158 4438 128 21 roads.—On
3299 4438 37 21 the
3345 4438 80 21 motion
3434 4438 22 21 of
3466 4438 33 21 Mr
3508 4437 58 22 Mills

3010 4467 37 21 the
3056 4466 74 21 debate
3139 4471 42 15 was
3190 4464 116 27 adjourned
3315 4464 35 21 till
3358 4465 105 26 Tuesday.

3736 173 306 26 MISCELLANEOUS.

3668 248 12 24 I
3691 248 63 24 don't
3764 248 67 24 think
3842 248 10 24 I
3863 251 62 21 want
3939 257 13 15 a
4124 249 47 24 said

3615 280 39 22 the
3664 287 87 15 woman
3762 280 22 22 of
3802 280 38 22 the
3851 280 76 27 house,
3971 280 41 22 but
4027 280 17 22 if
4061 287 44 22 you
4117 280 54 22 have

3614 313 40 27 got
3682 317 45 23 any
3758 310 49 23 nice
3837 309 70 24 books
3937 309 35 24 for
4002 310 100 23 children

3718 341 72 28 Scott,
3808 340 87 24 madam
3950 340 123 24 exclaimed
4085 341 38 23 the
4133 348 26 16 un-

3613 372 105 30 blushing
3729 371 58 24 book
3797 374 75 28 agent,
3983 379 38 17 use
4038 372 46 24 this
4100 372 60 31 cyclo-

3612 404 67 29 pedia
3698 404 35 22 for
3752 411 13 16 a
3784 403 121 24 children's
3924 402 59 24 book
4003 406 24 21 at
4046 411 41 16 our
4103 403 68 24 house

3611 434 133 29 altogether.
3776 434 63 29 They
3849 434 31 22 sit
3889 441 29 15 on
3928 435 20 21 it
3957 435 26 21 at
3993 434 38 22 the

3639 464 48 22 The
3703 463 73 30 darky
3790 464 19 22 is
3825 463 53 23 fond
3898 464 24 22 of
3940 463 53 30 long
4012 463 80 24 words.
4123 463 48 24 The

3611 494 105 30 meauing
3732 494 87 23 doesn't
3835 495 92 27 matter,
3944 501 24 16 so
3986 493 39 24 the
4044 493 73 24 words
4132 500 38 17 are

3611 525 59 30 long,
3682 533 24 15 as
3722 525 47 23 this
3786 524 126 31 absolutely
3924 527 50 21 trne
3990 527 64 28 story
4064 525 46 23 will
4126 527 33 21 tes-

3610 555 44 30 tify
3664 555 69 24 :—On
3746 556 38 23 the
3795 555 22 23 M
3877 555 16 23 's
3904 555 127 30 plantation
4049 556 23 23 in
4083 555 73 24 Missis-

3609 586 60 30 sippi
3679 586 56 23 lives
3744 594 29 14 an
3783 585 38 24 old
3953 586 39 23 the
4002 594 46 15 war
4085 586 82 29 darky,

3609 618 38 21 too
3657 616 37 23 old
3705 618 24 22 to
3739 616 29 24 do
3783 623 45 23 any
3838 616 63 24 work
3918 616 82 24 harder
4014 616 56 24 than
4086 616 68 24 throw-

3609 648 38 29 ing
3657 647 49 23 feed
3718 649 24 21 to
3753 648 38 22 the
3802 647 98 30 poultry.
3932 647 44 23 She
3986 648 40 22 has
4042 647 82 23 known
4139 654 29 16 no

3608 678 66 23 other
3684 678 64 22 home
3765 678 42 22 and
3819 678 19 22 is
3848 685 13 15 a
3876 678 122 23 character.
4030 677 99 23 Visitors
4144 680 24 20 to

3609 708 38 23 the
3657 709 127 29 plantation
3796 709 84 28 always
3896 716 28 23 go
3940 711 24 20 to
3982 709 40 23 her
4038 708 72 28 cabin,
4122 708 45 23 and

3608 741 23 21 to
3643 740 59 22 their
3711 740 103 28 question
3852 739 59 23 How
3920 747 38 15 are
3975 747 44 22 you
4031 740 46 22 this
4094 747 58 16 morn-

3607 769 45 31 ing,
3678 770 65 23 Aunt
3890 776 67 16 never
3978 769 39 24 fail
4037 771 24 22 to
4081 769 86 24 receive

3607 801 39 23 the
3665 801 116 30 following
3800 801 79 29 reply:
3933 799 67 30 Well,
4023 800 79 30 honey,
4124 800 41 23 I'm

3607 831 81 22 kinder
3698 830 185 30 oncomplicated.
3914 831 34 22 De
3958 830 134 30 superfluity
4101 830 28 23 ob
4139 830 28 23 dc

3607 861 94 21 mornin'
3711 860 57 23 done
3779 860 68 22 taken
3863 860 28 22 de
3903 860 97 29 vivosity
4011 863 69 19 outen
4095 860 29 22 de
4134 860 33 22 air

3606 889 44 24 and
3666 890 42 23 left
3724 897 35 16 me
3769 890 28 23 de
3814 896 150 24 consequence
3979 889 29 23 ob
4024 889 128 30 comprehen-

3661 950 54 23 Was
3732 959 56 22 your
3804 950 102 24 husband
3922 950 57 32 good
3996 953 23 20 to
4030 957 44 24 you
4084 950 81 30 during

3605 989 58 21 your
3672 982 53 29 long
3735 982 76 22 illness
3875 981 104 30 inquired
3990 981 39 23 the
4040 981 55 23 kind
4113 980 52 29 lady

3606 1011 51 23 who
3671 1018 46 16 was
3732 1011 93 28 making
3835 1019 12 15 a
3858 1011 89 30 charity
3957 1011 50 23 call.
4117 1018 47 22 yes,

3606 1041 88 28 indeed,
3706 1041 79 24 ma'am
3832 1041 85 30 replied
3936 1041 38 23 the
3991 1047 54 24 poor
4063 1048 87 16 woman
4160 1049 5 19 ;

3672 1072 58 28 good
3747 1079 24 15 as
3788 1072 65 23 could
3870 1071 85 23 be—he
3969 1078 47 17 was
4025 1078 62 17 more
4096 1070 47 24 like
4152 1079 13 14 a

3605 1101 75 23 friend
3691 1102 55 22 than
3757 1109 13 15 a

3634 1131 20 23 A
3674 1131 116 28 musician,
3811 1131 99 30 brought
3929 1133 24 22 to
3972 1131 90 31 despair
4080 1135 29 26 by
4125 1131 40 23 the

3605 1162 94 30 placing
3715 1162 22 22 of
3752 1161 54 30 lady
3822 1162 22 22 in
3861 1169 14 14 a
3892 1169 61 15 room
3969 1161 70 23 above
4055 1162 35 22 his
4105 1169 59 20 own,

3607 1196 46 19 met
3670 1192 40 23 her
3726 1200 41 15 one
3778 1192 45 29 day
3833 1193 24 22 in
3867 1191 39 24 the
3917 1192 46 23 hall
3974 1192 56 23 with
4042 1191 40 24 her
4092 1192 60 23 three-

3606 1222 102 28 year-old
3718 1222 69 26 child,
3799 1222 45 22 and
3854 1222 57 27 said,
3923 1222 23 21 in
3962 1230 13 13 a
3992 1224 59 20 most
4067 1222 98 29 friendly

3606 1259 93 15 manner
3708 1260 5 15 :
3762 1251 63 23 Your
3841 1251 61 23 little
3918 1258 42 16 one
3978 1251 64 23 there
4057 1251 65 30 plays
4132 1259 22 16 re-

3605 1281 119 29 markably
3748 1282 50 23 well
3823 1281 35 24 for
3882 1282 40 23 her
3941 1289 47 23 age.
4019 1281 12 24 I
4051 1282 54 23 hear
4124 1282 40 23 her

3604 1312 99 30 practice
3713 1319 68 22 every

3632 1342 80 24 Officer
3722 1351 5 15 :
3773 1342 49 24 Tell
3839 1349 34 17 me
3884 1342 23 24 of
3916 1349 60 17 some
3986 1342 101 24 occasion
4098 1342 65 24 when

3603 1382 13 15 a
3626 1373 89 29 soldier,
3727 1382 56 15 even
3793 1374 23 23 in
3835 1374 54 23 time
3906 1373 23 24 of
3944 1380 74 23 peace,
4037 1381 52 22 may
4106 1373 58 24 havo

3602 1404 57 24 need
3684 1404 23 23 of
3876 1404 110 23 Recruit:
4042 1403 73 24 When
4135 1404 29 23 he

3602 1435 41 23 has
3653 1443 13 15 a
3677 1435 121 23 complaint
3808 1437 24 20 to

3630 1465 43 23 Old
3691 1465 95 30 Sagely:
3935 1472 59 19 man,
4011 1464 65 24 when
4091 1464 12 24 I
4119 1472 42 16 was

3602 1503 57 22 your
3668 1503 40 23 age
3720 1496 10 21 I
3741 1496 104 29 thought,
3858 1495 46 22 like
3913 1502 52 22 you,
3979 1495 52 22 that
4040 1493 12 24 I
4061 1495 67 23 knew
4143 1495 18 23 it

3602 1526 44 25 all;
3668 1526 43 23 but
3725 1533 51 15 now
3790 1525 12 23 I
3812 1525 57 23 have
3879 1524 95 24 reached
3985 1525 38 22 the
4034 1525 127 24 conclusion

3602 1556 51 24 that
3687 1556 12 24 I
3728 1556 67 24 know
3823 1555 101 32 nothing.
3985 1554 81 32 Young
4094 1563 67 17 man:

3628 1588 54 23 Huh
3693 1590 5 21 !
3713 1587 12 23 I
3736 1586 94 25 reached
3840 1587 52 24 that
3902 1586 127 25 conclusion
4116 1594 45 24 you

3601 1627 13 14 a
3624 1619 53 29 long
3687 1619 56 22 time

3629 1648 56 22 Miss
3704 1648 118 22 Bloomer:
3870 1647 116 30 Bicycling
4005 1648 20 22 is
4044 1647 39 23 the
4103 1647 58 23 ideal

3600 1681 64 27 sport
3692 1677 30 23 all
3751 1677 39 23 the
3818 1684 55 22 year
4028 1677 132 28 Prettiwjt:

3664 1708 11 23 I
3691 1708 80 23 should
3781 1707 75 31 judge.
3888 1707 74 23 When
3973 1708 19 22 it
4007 1708 19 22 is
4037 1715 68 15 warm
4115 1715 45 23 you

3600 1742 69 24 coast,
3682 1738 43 22 and
3736 1738 64 22 when
3811 1738 19 22 it
3840 1738 19 22 is
3869 1738 48 21 cold
3928 1744 45 22 you

3628 1768 21 23 A
3660 1768 94 22 medical
3765 1775 56 19 case,
3831 1767 123 23 somewhat
3964 1767 135 29 resembling
4109 1767 52 24 that

3600 1798 23 23 of
3640 1797 83 24 Kitson
3739 1806 20 14 v.
3772 1797 56 30 Play
3830 1797 50 28 fair,
3897 1797 40 23 has
3953 1797 57 23 been
4027 1797 93 24 decided
4136 1797 24 24 in

3600 1829 110 22 America.
3741 1829 21 22 A
3773 1827 79 24 doctor
3867 1827 109 23 attended
3986 1835 14 15 a
4009 1827 72 30 single
4096 1827 61 36 lady,

3600 1859 50 22 who
3667 1858 130 30 eventually
3811 1858 53 23 died
3880 1858 58 23 from
3955 1858 136 30 peritonitis.
4122 1857 37 24 He

3600 1888 160 31 subsequently
3771 1888 64 24 made
3851 1896 13 16 a
3878 1890 124 21 statement
4018 1890 23 21 to
4057 1888 34 23 his
4106 1888 53 23 wife

3600 1920 126 29 respecting
3736 1920 39 22 the
3790 1919 96 30 patient,
3897 1919 44 23 and
3955 1918 39 24 the
4005 1919 88 23 mother
4102 1919 57 23 sued

3599 1950 36 23 for
3644 1949 104 31 damages
3758 1949 22 23 in
3791 1951 89 28 respect
3889 1949 23 23 of
3922 1949 147 30 degradation
4082 1949 24 22 of
4120 1949 39 23 the

3599 1980 133 30 memory'of
3746 1980 38 23 the
3800 1976 115 32 deceased,
3927 1979 45 24 and
3988 1987 45 15 was
4052 1979 107 24 awarded

3600 2011 98 27 £1,400.'

3626 2042 21 22 A
3807 2041 51 30 ship
3877 2041 101 30 recently
3988 2041 131 23 discovered
4134 2041 22 23 in

3599 2072 57 23 East
3665 2071 91 23 Prussia
3766 2072 18 22 is
3795 2071 120 23 estimated
3933 2073 24 20 to
3973 2071 27 22 be
4019 2072 63 26 1,000
4092 2078 64 22 years

3598 2101 45 29 old,
3656 2102 43 23 and
3717 2109 93 23 appears
3826 2103 24 22 to
3865 2101 28 24 be
3908 2100 24 25 of
3948 2102 38 22 the
3997 2108 60 16 same
4068 2103 54 28 type
4132 2108 24 17 as

3598 2132 65 23 those
3673 2132 52 24 that
3734 2131 86 24 carried
3836 2132 39 23 the
3885 2131 112 24 Normans
4008 2133 24 21 to
4042 2131 112 30 England.

3628 2162 93 23 Women
3738 2163 41 22 toil
3795 2162 45 23 and
3854 2162 68 23 suffer
3936 2161 35 23 for
3982 2162 38 22 the
4031 2169 58 20 race,
4106 2168 50 16 men

3598 2192 35 23 for
3644 2192 139 23 themselves.

3626 2223 65 23 Some
3708 2222 76 23 fifteen
3800 2229 65 23 years
3882 2229 42 23 ago
3934 2222 39 23 the
3983 2221 89 24 Church
4084 2222 23 23 of
4122 2221 35 24 Si-

3598 2253 66 29 Mary
3675 2253 38 24 the
3724 2253 88 30 Virgin,
3830 2253 22 22 in
3870 2252 57 24 New
3943 2252 71 28 York,
4025 2252 72 30 began
4113 2260 44 16 em,

3597 2283 93 30 ploying
3706 2290 85 16 women
3808 2290 24 15 as
3848 2283 97 27 soloists,
3957 2283 83 29 having
4052 2283 39 22 the
4101 2282 56 29 boys

3597 2314 35 22 for
3642 2314 79 23 chorus
3732 2313 61 24 work
3804 2312 59 31 only.
3895 2312 47 24 The
3957 2312 83 23 former
4049 2319 59 16 were
4118 2314 39 21 not

3598 2344 85 28 vested,
3695 2344 49 27 but,
3755 2344 99 29 wearing
3869 2351 14 15 a
3899 2343 52 23 blue
3967 2343 46 23 veil
4028 2351 59 21 upon
4099 2342 58 24 their

3597 2373 76 28 headß,
3685 2380 58 16 were
3757 2373 86 30 placed,
3855 2375 41 20 not
3910 2372 179 30 conspicuously,
4100 2372 57 23 back

3597 2403 23 24 of
3637 2403 39 24 the
3693 2403 91 23 chancel
3800 2403 61 23 arch.
3892 2403 54 23 This
3964 2403 132 23 innovation
4112 2409 45 16 was

3597 2434 103 24 followed
3720 2434 30 30 by
3767 2434 65 23 other
3848 2434 116 28 churches,
3981 2433 45 24 and
4043 2432 85 32 proved
4143 2441 14 15 a

3597 2466 109 29 complete
3717 2472 93 16 success.
3842 2465 54 22 This
3912 2472 52 21 may
3981 2464 28 22 be
4019 2464 87 22 termed
4118 2464 39 22 the

3596 2495 122 31 beginning
3732 2495 23 22 of
3771 2495 38 22 the
3823 2497 129 20 movement
3966 2494 23 22 in
4004 2494 104 22 America
4123 2494 34 22 for

3597 2526 39 21 the
3646 2525 135 22 restoration
3797 2525 23 22 of
3834 2532 86 15 women
3936 2527 23 19 to
3973 2532 13 14 a
4001 2524 64 29 place
4079 2524 24 22 in
4118 2524 39 23 the

3597 2554 93 23 musical
3699 2554 85 23 service
3793 2554 24 23 of
3826 2554 40 23 the
3875 2553 91 24 church.

3625 2586 75 27 Queen
3711 2584 84 31 Sophia
3809 2584 24 24 of
3849 2584 93 24 Sweden
3954 2584 19 23 is
3990 2592 12 15 a
4018 2584 99 24 member
4134 2584 24 24 of

3597 2616 40 22 the
3647 2615 117 23 Salvation
3774 2615 80 28 Army,
3865 2614 43 23 and
3920 2614 78 23 affects
4008 2614 39 22 the
4058 2615 59 28 style
4134 2615 25 22 of

3598 2646 97 21 raiment
3724 2645 99 29 peculiar
3854 2647 23 20 to
3909 2644 52 23 that
3995 2644 160 30 organisation.

3598 2677 76 26 Queen
3685 2675 79 22 Emma
3774 2675 23 22 of
3813 2674 39 25 the
3868 2674 155 23 Netherlands
4037 2674 78 23 uiake3
4129 2681 30 16 no

3598 2706 141 29 pretensions
3753 2706 115 22 whatever
3884 2704 70 23 about
3969 2705 70 27 dress,
4058 2704 44 22 and
4122 2705 38 22 the

3598 2738 60 20 most
3682 2735 97 23 familiar
3803 2735 109 30 portraits
3936 2735 24 23 of
3979 2735 40 23 her
4038 2734 121 30 daughter,

3598 2768 77 25 Queen
3686 2765 154 29 Wilhelmina,
3851 2765 62 24 show
3924 2772 26 15 us
3964 2772 14 15 a
3993 2765 81 29 simple
4091 2765 70 30 figure

3599 2797 24 22 in
3630 2796 39 23 the
3680 2796 76 23 native
3766 2796 63 23 dress
3839 2795 24 24 of
3872 2794 107 25 Holland.
4011 2794 48 25 The
4069 2795 62 24 dress
4138 2796 23 23 of

3599 2827 76 28 Queen
3686 2826 121 24 Henriette
3817 2826 23 23 of
3850 2826 102 31 Belgium
3962 2826 41 24 has
4011 2826 84 31 always
4105 2826 56 24 been

3600 2858 85 29 simple.
3717 2857 48 23 The
3775 2857 106 30 Empress
3897 2857 22 23 of
3936 2857 122 30 Germany,
4077 2859 45 26 too,
4141 2858 19 22 is

3600 2887 96 23 another
3712 2887 102 23 instance
3829 2887 23 22 of
3868 2894 13 15 a
3896 2887 63 29 royal
3978 2887 54 29 lady
4051 2887 50 23 who
4121 2887 40 24 has

3600 2918 62 22 little
3672 2925 25 15 or
3707 2925 29 15 no
3746 2917 109 23 influence
3865 2925 29 15 on
3910 2918 38 22 the
3964 2917 100 23 fashions
4080 2918 23 22 of
4120 2918 40 23 her

3601 2949 103 23 country.

3630 2977 32 24 At
3672 2984 13 16 a
3693 2976 39 24 fire
3748 2976 23 23 in
3782 2975 182 25 Newfoundland
3975 2977 77 27 street,
4065 2975 92 27 Bristol,

3602 3011 45 20 two
3666 3008 111 27 brothers,
3796 3007 81 23 named
3893 3007 97 27 Dedson,
4012 3014 60 15 were
4090 3007 67 22 saved

3600 3039 30 28 by
3640 3047 13 14 a
3663 3041 43 20 cat.
3738 3037 48 24 One
3797 3045 45 15 was
3852 3037 74 30 asleep
3936 3037 22 22 in
3970 3037 39 22 the
4023 3037 62 22 front
4098 3044 59 15 room

3600 3069 64 23 when
3675 3068 38 23 the
3724 3070 37 21 cat
3771 3075 61 16 came
3851 3070 23 20 to
3892 3067 39 23 the
3946 3066 56 24 door
4018 3066 44 24 and
4073 3067 84 23 mewed

3599 3099 119 30 piteously.
3755 3098 34 23 On
3805 3098 97 30 opening
3917 3098 40 22 the
3972 3094 56 26 door
4043 3097 28 23 he
4087 3097 70 24 found

3599 3130 39 23 the
3648 3130 105 23 staircase
3764 3128 23 23 in
3798 3128 81 24 flames.
3911 3128 37 23 He
3957 3128 45 23 and
4019 3127 35 24 his
4065 3127 92 24 brother

3599 3160 82 22 rushed
3713 3161 23 21 to
3767 3159 40 22 the
3838 3158 103 28 window,
3979 3158 90 23 ladders
4098 3165 59 16 were

3598 3190 105 29 brought,
3720 3189 44 23 and
3776 3189 54 28 they
3838 3188 43 23 and
3892 3189 40 22 the
3941 3191 38 20 cat
3988 3195 59 15 were
4055 3188 98 22 rescued.

3625 3219 232 31 Aboriginal.—"l'm
4025 3219 38 22 the
4072 3218 85 30 bicycle

3598 3250 50 30 girl,
3696 3250 50 23 that
3762 3257 33 15 we
3814 3257 38 15 are
3871 3250 90 28 getting
3976 3249 128 29 altogether
4119 3251 38 20 too

3598 3280 94 30 original
3713 3280 22 22 in
3755 3287 42 15 our
3816 3279 61 23 ideas
3896 3279 24 23 of
4091 3278 66 24 "It's

3598 3318 70 16 worse
3678 3310 56 24 than
3833 3309 85 30 replied
3929 3309 41 24 her
3979 3309 103 28 mother;

3597 3349 38 15 are
3645 3341 89 29 getting
3743 3341 122 29 positively

3626 3370 47 25 The
3687 3370 81 25 Crown
3779 3370 61 32 plate
3855 3371 25 23 at
3890 3370 107 24 Windsor
4011 3370 19 23 is
4040 3370 81 24 valued
4132 3372 25 22 at

3598 3405 46 21 two
3654 3402 105 27 millions,
3771 3402 45 22 and
3826 3402 19 22 is
3859 3408 68 16 never
3938 3401 68 23 taken
4023 3409 64 20 away
4098 3402 59 22 from

3598 3433 40 21 the
3655 3432 83 27 Castle,
3756 3433 81 28 except
3852 3433 24 21 to
3893 3431 156 30 Buckingham
4066 3431 89 28 Palace,

3598 3462 65 23 when
3687 3462 64 23 there
3771 3461 19 23 is
3814 3469 13 16 a
3852 3461 65 24 State
3941 3461 45 23 ball
4010 3468 25 16 or
4059 3467 13 17 a
4091 3461 66 24 State

3598 3495 97 25 concert,
3715 3500 24 15 or
3752 3500 45 22 any
3812 3492 65 24 other
3887 3492 71 23 Court
3968 3492 109 23 function.
4108 3492 48 23 Tho

3598 3524 76 26 Queen
3685 3523 39 22 has
3736 3525 102 27 separate
3848 3522 62 30 plate
3920 3522 23 22 of
3961 3522 40 23 her
4011 3530 49 15 own
4071 3523 35 22 for
4117 3530 38 14 use

3597 3556 25 19 at
3632 3553 100 22 Osborne
3741 3552 45 23 and
3801 3555 25 20 at
3836 3553 121 26 Balmoral,
3969 3552 45 23 and
4028 3552 54 30 only
4092 3553 65 22 those

3597 3582 92 23 articles
3699 3582 74 23 which
3788 3589 38 16 are
3836 3582 40 23 her
3892 3582 90 30 private
3999 3584 109 28 property
4119 3589 38 16 are

3597 3621 52 15 ever
3660 3612 69 24 taken
3741 3615 23 21 to
3775 3612 64 24 those
3849 3612 82 31 places.

3624 3643 121 30 Chauncey
3762 3643 82 30 Depew
3862 3644 20 22 is
3897 3650 42 16 one
3953 3644 24 22 of
3993 3644 38 22 the
4047 3644 110 24 cleverest

3597 3674 23 22 of
3638 3674 120 22 American
3782 3674 135 29 politicians,
3939 3673 44 23 and
4008 3674 28 22 he
4060 3682 41 15 can
4130 3675 27 22 be

3597 3703 116 30 depended
3730 3710 27 15 on
3776 3705 24 20 to
3816 3710 41 22 say
3866 3703 128 29 something
4009 3707 71 19 smart
4089 3711 68 22 every

3598 3735 59 23 time.
3695 3734 36 23 He
3750 3741 45 16 was
3812 3734 89 30 against
3917 3734 38 24 the
3969 3734 69 24 silver
4052 3742 50 16 men
4118 3734 39 24 the

3596 3765 65 22 other
3678 3765 52 28 day,
3742 3765 44 21 and
3797 3765 47 21 said
3856 3765 4 28 :
3923 3765 91 22 wonder
4024 3766 62 21 what
4101 3766 56 27 they

3596 3794 46 22 will
3658 3801 40 21 say
3715 3794 64 21 when
3798 3793 54 28 they
3868 3793 73 23 arrive
3957 3795 25 21 at
3996 3794 39 22 the
4050 3794 107 22 Celestial

3596 3823 53 29 City
3659 3822 44 24 and
3715 3822 46 23 find
3772 3823 39 22 the
3821 3825 82 21 streets
3915 3822 73 30 paved
3999 3823 55 23 with

3623 3854 36 24 He
3670 3864 5 15 :
3726 3853 48 25 You
3790 3861 40 24 say
3845 3861 45 23 you
3905 3854 49 24 love
3965 3861 42 22 me,
4019 3853 42 25 but
4072 3856 83 22 cannot

3595 3886 28 22 be
3638 3894 38 21 my
3693 3885 58 23 wife.
3792 3885 23 23 Is
3835 3885 19 23 it
3872 3885 94 23 because
3990 3885 12 23 I
4026 3893 36 15 am
4081 3893 55 22 poor
4144 3889 9 20 ?

3595 3916 72 22 There
3683 3922 37 15 are
3738 3915 74 22 better
3831 3915 77 29 things
3922 3915 23 22 in
3961 3915 46 22 this
4016 3915 71 22 world
4098 3915 57 23 than

3727 3944 59 24 She:
3835 3945 66 29 Quite
3918 3947 58 25 true,
3995 3944 42 23 but
4054 3945 19 22 it
4089 3944 68 24 takes

3595 3983 80 22 money
3687 3977 23 21 to
3720 3975 46 30 buy

3623 4006 99 29 Fencing
3737 4007 18 23 is
3772 4006 114 30 becoming
3901 4013 13 15 a
3930 4005 114 24 favorable
4059 4005 58 23 form
4132 4007 23 21 of

3595 4037 98 24 exercise
3703 4043 80 24 among
3793 4043 92 16 women.
3917 4036 89 28 Among
4021 4036 30 23 its
4068 4043 71 17 accom-

3595 4068 88 29 plished
3700 4068 80 29 adepts
3797 4075 38 15 are
3851 4068 38 22 the
3904 4075 75 22 young
3989 4067 127 23 Princesses
4130 4068 24 23 of

3597 4098 83 27 Wales,
3698 4097 48 23 Mrs
3770 4097 108 30 Langtry,
3897 4097 45 22 and
3965 4097 86 23 several
4071 4097 23 23 of
4113 4097 41 22 the

3595 4131 59 21 most
3663 4127 99 31 graceful
3772 4129 108 22 actresses
3890 4127 23 24 of
3923 4127 39 24 the
3973 4127 93 31 English
4080 4130 71 28 stage.

3595 4159 93 29 Though
3706 4159 38 22 the
3760 4158 80 23 earlier
3856 4158 83 23 lessons
3954 4165 38 15 are
4001 4158 112 29 supposed
4129 4161 24 20 to

3595 4190 27 22 be
3632 4189 118 30 fatiguing,
3762 4188 64 23 when
3842 4195 54 16 once
3913 4188 39 23 the
3967 4188 132 30 knowledge
4114 4188 39 23 has

3595 4219 55 21 been
3670 4218 104 29 acquired
3795 4219 97 21 learners
3911 4225 39 14 are
3968 4218 84 28 always
4072 4218 67 22 enthu-

3594 4249 76 23 siastic
3690 4247 111 24 followers
3820 4248 24 23 of
3867 4247 46 24 this
3928 4247 112 31 vigorous,
4058 4247 95 33 healthy

3594 4280 104 21 exercise.

3623 4310 23 22 It
3665 4310 40 21 has
3723 4309 56 22 been
3795 4308 120 30 computed
3932 4309 52 22 that
4001 4308 38 24 the
4057 4317 96 22 average

3595 4339 88 30 growth
3693 4339 23 22 of
3726 4339 39 22 the
3775 4339 70 29 finger
3855 4339 46 22 nail
3911 4339 19 21 is
3940 4338 71 24 about
4016 4339 124 30 one-thirty-

3595 4369 80 24 second
3685 4368 24 25 of
3718 4376 28 17 an
3757 4369 51 23 inch
3819 4376 40 22 per
3869 4368 69 24 week.

3623 4400 92 23 London
3735 4400 44 23 and
3799 4400 119 30 Liverpool
3937 4407 39 16 are
3997 4400 56 24 both
4070 4402 25 21 &'c
4113 4400 41 23 the

3595 4431 57 22 level
3662 4431 23 22 of
3694 4431 38 22 the
3742 4438 43 14 sea.
3817 4431 104 27 Glasgow
3936 4431 19 23 is
3971 4431 48 23 30ft
4036 4431 71 22 above
4122 4431 29 28 it,

3596 4461 143 22 Manchester
3748 4460 44 22 50ft
3792 4460 4 29 -
3798 4477 5 10 ,
3816 4460 44 22 and
3870 4460 154 29 Birmingham
4035 4461 69 21 390fc.

3624 4490 80 25 Louise
3715 4489 4 31 :
3767 4489 83 31 Harry,
3862 4489 12 24 I
3884 4490 53 23 hate
3955 4492 26 21 to
4047 4498 52 22 you,
4111 4490 42 23 but

3596 4522 40 22 tell
3661 4529 42 20 me,
3728 4521 29 22 do
3781 4528 45 22 you
3849 4529 66 15 snore
3937 4522 23 21 in
3980 4529 58 22 your

3596 4552 91 31 Harry:
3896 4551 102 32 darling;
4023 4559 45 23 you
4087 4552 67 23 know

3596 4591 28 15 an
3642 4583 73 23 active
3730 4582 101 23 business
3849 4590 50 15 man
3915 4583 87 23 doesn't
4011 4585 39 28 get
4064 4583 55 23 time
4130 4585 24 21 to

3596 4621 64 14 snore
3670 4614 65 21 when
3746 4614 45 21 he's

3625 4642 20 20 A
3656 4641 150 28 disagreeable
3824 4641 87 21 feature
3926 4641 23 21 of
3964 4641 38 21 the
4013 4641 140 28 Republican

3596 4670 140 25 Convention
3746 4672 25 22 at
3781 4669 32 25 St.
3827 4669 67 24 Louis
3905 4677 44 16 was
3961 4669 51 24 that
4022 4670 40 23 the
4079 4670 74 23 hotels

3596 4702 44 23 and
3658 4701 199 30 boarding-houses
3872 4701 89 23 refused
3980 4703 24 21 to
4024 4701 65 29 lodge
4107 4701 47 23 and

3597 4732 49 22 feed
3655 4739 68 22 negro
3733 4731 113 30 delegates
3857 4734 24 20 to
3892 4731 38 22 the
3940 4731 146 23 Convention.
4116 4731 38 23 Mr

3597 4762 55 27 Hill,
3665 4770 13 14 a
3688 4762 127 29 prominent
3825 4761 75 23 Texan
3915 4769 76 22 negro,
4003 4768 45 16 was
4059 4769 14 15 a
4081 4761 73 23 whole

3597 4793 44 29 day
3657 4792 97 23 without
3771 4791 58 23 food.
3869 4791 74 23 When
3963 4792 28 22 he
4010 4791 82 23 visited
4113 4791 40 23 the

3596 4822 134 24 Committee
3740 4824 25 21 at
3784 4822 39 23 the
3841 4822 61 23 hotel
3921 4822 28 23 he
3969 4830 46 15 was
4034 4821 75 24 forced
4129 4824 24 20 to

3597 4861 38 15 use
3646 4853 38 23 the
3694 4853 95 29 luggage
3798 4852 44 23 lift.
3873 4852 48 23 The
3936 4852 86 23 leaders
4037 4852 65 23 could
4113 4854 41 22 not

3597 4883 48 23 hire
3655 4890 12 15 a
3678 4883 45 22 hall
3733 4890 26 15 or
3768 4890 56 15 even
3834 4890 12 14 a
3857 4883 125 22 steamboat
3992 4882 34 22 for
4034 4882 68 22 them.

3624 4918 43 23 Old
3686 4918 71 23 Uncle
3773 4917 80 24 Cabe's
3869 4924 76 23 young
3959 4920 95 21 masters
4064 4918 51 24 iove
4131 4921 23 21 to

3596 4948 94 29 mystify
3711 4948 45 22 him
3776 4948 56 22 with
3851 4948 53 28 long
3927 4947 81 28 words,
4029 4949 75 23 which
4126 4950 28 22 ho

3596 4979 47 21 will
3652 4985 68 17 never
3731 4985 49 15 own
3792 4978 51 22 that
3853 4977 27 22 he
3891 4972 52 27 does
3953 4979 42 22 not
4005 4979 146 23 understand.

3596 5008 47 25 One
3653 5008 45 31 day
3708 5015 41 16 one
3766 5007 24 24 of
3810 5007 60 24 them
3881 5007 48 25 said
3940 5009 25 22 to
3979 5007 61 27 him:
4083 5009 71 26 Uncle

3596 5040 69 26 Uabe,
3681 5040 18 21 if
3714 5047 44 21 you
3776 5039 44 22 and
3837 5047 57 20 your
3911 5040 52 22 wife
3982 5047 57 15 were
4055 5042 100 29 walking

3596 5069 66 21 down
3672 5069 39 21 the
3721 5071 71 19 street
3802 5069 44 22 and
3857 5076 12 14 a
3881 5076 49 14 man
3946 5069 80 22 should
4037 5077 62 15 come
4108 5071 47 21 and

3596 5099 113 28 recognise
3719 5105 52 22 you,
3783 5099 62 21 what
3862 5098 74 23 would
3951 5106 44 21 you
4005 5099 29 22 do
4094 5101 17 17 .**
4119 5099 36 24 Pel

3596 5128 74 25 knock
3686 5127 46 24 him
3854 5128 114 30 promptly
3979 5129 85 29 replied
4082 5130 72 23 Uncle

3596 5158 69 23 Cabe.

3624 5189 23 23 It
3664 5189 19 22 is
3699 5189 136 23 understood
3853 5189 51 23 that
3921 5189 39 23 the
3971 5189 77 25 Crand
4059 5190 59 30 Jury
4128 5193 26 21 at

3596 5219 38 23 the
3655 5219 92 22 Loudon
3766 5219 91 23 Central
3879 5219 108 24 Criminal
4012 5220 71 23 Court
4099 5228 57 23 very

3595 5249 77 28 nearly
3683 5249 71 22 threw
3765 5251 40 20 out
3816 5249 38 23 the
3864 5249 41 23 bill
3912 5250 89 30 against
4008 5250 33 23 Dr
4047 5250 109 24 Jameson

3595 5279 44 23 and
3659 5280 34 22 his
3712 5278 176 24 fellow-raiders.
3927 5281 117 29 Although
4064 5282 39 22 the
4122 5289 22 15 re-

3596 5309 78 23 corder
3693 5309 96 30 charged
3809 5309 57 23 dead
3884 5311 89 28 against
3997 5313 39 21 the
4060 5311 94 28 raiders,

3595 5347 60 16 some
3672 5339 23 23 of
3711 5339 38 24 the
3766 5340 53 30 jury
3834 5347 38 16 are
3883 5340 48 23 said
3943 5344 23 20 to
3976 5341 57 23 have
4045 5341 68 24 taken
4124 5349 30 23 up

3596 5370 38 25 the
3643 5370 87 30 ground
3741 5370 51 23 that
3803 5370 62 24 there
3876 5379 46 16 was
3928 5372 71 23 doubt
4006 5372 102 24 whether
4116 5373 41 23 the

3595 5401 94 29 Foreign
3716 5401 136 23 Enlistment
3875 5401 46 24 Act
3951 5410 40 16 ran
4020 5402 23 23 in
4067 5402 90 24 British

3594 5431 174 23 Bechuanaland
3784 5433 32 23 »at
3838 5431 38 24 the
3902 5432 54 24 time
3986 5432 24 24 of
4034 5433 39 24 the
4097 5424 57 34 raid

3596 5462 118 27 However,
3726 5462 39 23 the
3782 5463 149 28 majority—a
3942 5471 54 21 very
4010 5471 87 16 narrow
4114 5473 42 16 one

3596 5498 85 15 —were
3691 5491 49 22 able
3751 5494 24 19 to
3785 5492 65 29 point
3859 5496 41 19 out
3917 5493 52 22 that
3980 5493 46 23 this
4036 5501 47 15 was
4092 5497 41 21 not
4143 5503 13 14 a

3594 5522 105 29 question
3708 5521 23 23 of
3740 5522 54 28 fact,
3806 5522 42 23 but
3858 5530 41 15 one
3909 5523 24 23 of
3942 5523 52 28 law,
4005 5523 74 25 which
4090 5525 67 23 could

3595 5553 52 28 only
3671 5551 28 24 bo
3723 5553 105 30 properly
3848 5553 94 25 decided
3961 5554 31 31 by
4012 5563 13 15 a
4043 5554 73 25 bench
4133 5558 24 24 ot

3594 5583 86 29 judges.

1751 88 233 45 MOUNT
2029 86 270 47 BENGER
2345 85 180 47 MAIL.

236 123 177 28 SATURDAY,
431 122 125 25 AUGUST
570 123 36 28 29,
624 123 54 23 1896.

3595 5641 95 23 Printed
3709 5641 45 24 and
3774 5642 118 29 published
3912 5643 30 30 by
3962 5643 39 25 the
4021 5645 135 31 proprietor,

3651 5671 60 25 John
3737 5671 147 29 Weathcrall,
3914 5676 25 21 at
3969 5675 36 24 his
4034 5677 124 30 registered

3652 5703 101 29 printing
3775 5704 71 25 oflice,
3871 5705 108 25 Huutland
3998 5708 79 26 street,
4098 5708 45 22 Rox-

3651 5732 81 32 burgh,
3744 5733 80 31 Otago,
3836 5730 322 37 New'Zealand-Saturday.

3651 5764 91 31 August
3752 5763 33 33 g$
3800 5765 60 26 im,

1875 5385 20 23 A
1907 5385 92 30 railway
2009 5386 20 22 is
2038 5388 24 20 to
2072 5385 28 23 be
2110 5387 63 22 made
2183 5394 73 16 across
2267 5385 39 24 the
2316 5383 52 24 field
2378 5382 23 22 of

1848 5415 122 24 Waterloo.
2152 5416 52 24 here
2235 5417 34 22 for
2296 5415 90 27 Hougou-

1958 5446 46 23 w'll
2013 5446 71 23 sound
2095 5447 75 23 rather
2179 5449 97 28 strange.

2002 5476 124 22 thundered
2141 5478 38 21 the
2188 5477 139 28 magistrate,
2363 5472 38 23 did

1848 5513 45 22 you
1908 5505 53 24 beat
1976 5512 57 21 your
2048 5505 52 23 wife
2114 5506 55 23 with
2187 5514 13 15 a
2218 5505 94 29 rocking
2330 5503 69 26 chair,

1849 5535 108 30 breaking
1973 5535 63 22 three
2051 5535 24 23 of
2091 5535 38 24 her
2326 5540 75 17 amuse

1849 5566 39 24 the
1995 5566 95 23 faltered
2106 5567 38 23 the
2161 5568 89 29 culprit.
2282 5566 117 25 However,

1849 5597 28 22 he
1894 5603 46 16 was
1956 5597 41 21 not
2013 5596 49 22 able
2079 5597 23 21 to
2116 5604 69 22 prove
2194 5596 88 31 beyond
2292 5604 13 14 a
2315 5601 74 17 reason-

1849 5626 50 22 able
1909 5625 73 23 doubt
1992 5625 50 22 that
2052 5626 53 22 such
2123 5634 45 15 was
2185 5628 34 21 his
2236 5632 103 23 purpose,
2357 5623 44 23 and

1849 5657 104 22 sentence
1963 5662 45 15 was
2018 5655 141 34 accordingly
2169 5655 148 33 pronounced.

1877 5686 91 23 Several
1974 5693 60 15 cases
2041 5686 22 22 of
2071 5686 67 24 death
2145 5688 84 22 arisin?
2237 5688 56 21 from
2300 5684 102 27 smoking

1850 5716 121 22 cigarettes
1981 5715 64 22 made
2055 5716 23 21 of
2088 5717 36 21 tea
2134 5717 73 23 leaves
2223 5717 56 23 have
2296 5712 106 25 occurred

1851 5745 23 24 in
1886 5744 97 25 Loudon.
2015 5745 47 25 The
2073 5745 62 26 habit
2145 5747 19 24 is
2173 5747 49 25 said
2234 5749 22 22 to
2267 5747 26 23 be
2303 5743 99 34 growing

1851 5775 89 38 rapidly
1950 5782 80 30 among
2040 5775 75 28 ladies.

3064 4528 45 23 Put
3119 4535 13 16 a
3144 4528 73 28 striDg
3227 4527 71 22 round
3314 4527 40 22 her
3370 4527 36 30 leg
3417 4527 42 22 and
3470 4527 48 29 pull
3529 4527 38 23 her

3011 4561 40 22 out
3065 4560 24 22 of
3184 4565 45 16 was
3240 4557 38 24 the
3288 4557 100 30 singular
3404 4557 78 24 advice
3501 4558 65 30 given

3011 4591 30 30 by
3060 4590 38 23 Mr
3117 4588 119 31 Kennedy,
3257 4587 67 29 S.M.,
3343 4591 25 20 at
3383 4587 39 24 the
3436 4589 131 23 Greenwich

3011 4621 74 22 Police
3110 4620 70 22 Court
3204 4622 23 19 to
3256 4626 13 14 a
3298 4626 87 14 woman
3416 4619 74 21 whose
3519 4619 48 27 lazy

3012 4649 111 29 daughter
3133 4650 147 26 (twenty-one
3297 4654 65 22 years
3378 4647 47 27 old)
3443 4647 74 22 would
3527 4650 40 18 not

3010 4682 40 28 get
3060 4686 30 23 up
3100 4678 23 24 in
3133 4677 38 24 the
3182 4676 108 31 morning.

3039 4710 103 22 Mistress
3152 4718 5 13 :
3210 4708 61 22 Look
3296 4708 60 27 here,
3375 4708 107 23 Jeanette
3492 4716 6 19 ;
3522 4715 44 22 you

3012 4740 56 22 have
3085 4738 98 30 brought
3200 4745 35 15 me
3255 4741 44 19 two
3317 4738 64 22 shoes
3399 4739 35 22 for
3450 4738 40 22 the
3507 4745 60 15 same

3117 4768 63 23 Maid
3190 4768 4 30 :
3237 4768 58 22 How
3303 4771 90 27 strange
3404 4771 5 20 !
3438 4768 54 23 This
3502 4768 65 23 other

3011 4800 49 30 pair
3070 4806 38 16 are
3118 4799 55 22 both
3184 4799 34 22 for
3236 4798 39 23 the
3285 4806 60 15 same
3357 4799 55 28 foot,

3039 4830 26 22 In
3083 4830 38 22 the
3137 4829 154 23 manufacture
3301 4829 23 23 of
3335 4829 78 23 knives
3424 4829 38 23 the
3472 4829 95 23 division

3011 4861 23 21 of
3044 4859 62 23 labor
3116 4860 40 21 has
3166 4859 55 22 been
3232 4859 87 22 carried
3335 4862 24 20 to
3376 4860 54 22 such
3446 4868 28 13 an
3490 4861 77 20 extent

3013 4890 50 22 that
3072 4897 42 14 one
3122 4889 62 22 knife
3192 4889 19 22 is
3220 4889 97 22 handled
3325 4890 30 28 by
3363 4892 94 26 seventy
3464 4889 103 22 different

3012 4920 97 22 artisans
3137 4919 57 23 from
3218 4919 40 23 the
3283 4921 99 21 moment
3406 4919 38 23 the
3464 4918 65 24 blade
3549 4918 18 23 is

3012 4949 77 30 forged
3100 4949 59 23 until
3169 4949 39 23 the
3223 4949 136 23 instrument
3377 4950 18 22 is
3411 4949 96 23 finished
3523 4949 44 22 and

3012 4980 69 28 ready
3091 4980 34 22 for
3136 4980 39 22 the
3185 4979 95 23 market.

3039 5010 21 24 A
3076 5010 77 32 bright
3166 5009 61 25 little
3236 5010 43 30 girl
3290 5009 117 32 returning
3425 5009 58 24 from
3493 5008 66 25 schoo

3012 5049 45 14 was
3068 5042 69 21 asked
3147 5042 31 28 by
3189 5042 39 22 her
3238 5042 76 22 father
3323 5042 61 21 what
3399 5041 39 21 she
3453 5040 43 23 had
3514 5040 53 22 been

3012 5071 100 28 learning
3121 5071 50 22 that
3180 5071 108 29 morning,
3340 5070 38 22 All
3386 5070 22 22 of
3417 5077 24 13 us
3450 5070 55 21 have
3512 5069 55 21 been

3013 5101 100 29 learning
3130 5102 22 21 to
3268 5100 49 23 said
3336 5100 45 22 she.
3439 5099 70 22 What
3528 5098 39 23 did

3011 5138 45 21 you
3080 5130 62 23 learn
3163 5132 22 22 to
3469 5130 24 21 to
3512 5129 55 28 spell

3224 5160 50 22 how
3298 5160 28 22 do
3349 5166 45 22 you
3417 5158 56 30 spell
3497 5158 62 23 rat?'

3013 5191 15 12 *'
3039 5190 79 24 R-A-T
3242 5189 65 29 Now,
3331 5191 50 21 how
3400 5189 28 23 do
3448 5196 43 25 you
3511 5188 56 30 spell

3243 5221 38 22 the
3296 5227 60 15 same
3372 5219 53 30 only
3439 5220 23 21 in
3478 5219 89 22 smaller

3124 5251 48 22 said
3184 5251 38 22 the
3232 5251 60 22 little
3303 5250 65 23 maid.

3040 5281 103 28 Rabbits,
3164 5282 20 22 it
3203 5282 19 24 is
3236 5281 55 27 said,
3311 5281 56 23 have
3382 5280 68 22 white
3467 5280 52 22 tails
3543 5287 24 15 so

3012 5311 58 27 that,
3083 5311 22 21 in
3116 5318 49 15 case
3175 5311 23 22 of
3215 5311 97 29 pursuit,
3327 5310 39 22 the
3377 5316 73 23 young
3461 5316 51 22 may
3523 5309 33 22 dis-

3013 5341 99 30 tinguish
3127 5341 60 23 their
3204 5341 88 23 mother
3307 5341 64 22 when
3386 5339 38 23 she
3439 5340 19 22 is
3478 5339 89 31 leading

3013 5372 60 23 them
3085 5374 23 21 to
3124 5372 37 24 the
3172 5379 92 16 warren.
3297 5371 47 24 The
3361 5370 89 23 natural
3467 5370 60 23 color
3544 5371 22 22 of

3012 5402 39 23 the
3061 5402 76 23 rabbit
3150 5403 20 23 is
3185 5410 24 15 so
3226 5402 46 22 like
3290 5402 38 22 the
3343 5400 148 30 surrounding
3502 5401 64 23 earth

3013 5433 50 23 that
3073 5433 119 23 otherwise
3203 5433 45 23 this
3258 5431 74 24 would
3343 5432 26 22 be
3379 5431 101 25 difficult.

3039 5463 72 22 There
3130 5471 38 14 arc
3187 5471 50 14 now
3251 5463 133 31 practically
3401 5463 49 22 four
3465 5463 64 22 cities
3544 5463 22 22 in

3012 5492 38 23 the
3064 5493 82 22 United
3161 5492 75 24 States
3246 5492 56 22 with
3313 5499 13 15 a
3336 5492 84 22 million
3436 5492 23 21 of
3475 5492 78 28 popula-

3012 5523 48 22 tion
3084 5523 61 22 each.
3185 5522 127 29 According
3337 5524 23 20 to
3385 5522 38 22 the
3447 5522 120 29 published

3011 5553 115 23 estimates
3162 5553 39 23 the
3229 5553 80 29 figures
3337 5560 51 16 arc:
3418 5551 56 24 New
3502 5552 64 25 York

3013 5584 111 27 1,617,±27
3130 5584 147 26 inhabitants,
3284 5583 155 30 Philadelphia
3445 5584 8 22 I
3458 5584 55 26 ,t>l«,
3518 5584 15 26 i
3533 5584 32 26 4%

3011 5614 96 29 Chicago
3119 5615 120 26 1,000,01X1,
3251 5612 44 23 and
3305 5612 114 30 Brooklyn
3429 5614 98 26 988,671.

3049 5643 55 23 Miss
3133 5643 169 24 Pcachbloasom
3330 5643 33 28 (to
3386 5643 40 22 her
3450 5642 115 29 brother):

3013 5674 14 13 11
3038 5673 71 24 What
3124 5674 30 24 do
3169 5682 43 23 yon
3231 5672 66 24 think
3314 5673 18 23 is
3350 5673 38 23 the
3408 5675 57 21 most
3485 5673 81 23 stvlish

3011 5704 60 24 color
3079 5704 33 23 for
3121 5705 38 22 the
3165 5705 64 22 bride
3294 5704 96 22 Brother
3398 5703 46 22 Jim
3455 5712 5 14 :
3497 5703 69 31 Well,

3011 5734 11 24 I
3033 5734 63 24 don't
3106 5734 66 24 know
3184 5732 64 25 much
3259 5732 69 25 about
3338 5733 66 29 style,
3417 5733 41 28 Sis,,
3474 5732 41 27 but
3532 5734 35 28 for

3011 5765 80 32 myself
3102 5765 11 26 I
3123 5764 80 24 should
3214 5763 73 34 prefer
3297 5771 13 19 a,
3320 5763 70 29 whit?
3399 5764 65 27 om^
