4140 5940
148 2660 219 149 Lyell
411 2660 263 149 Times.

148 2809 208 34 SATURDAY,
385 2809 115 30 APRIL
526 2810 41 32 17,
599 2811 75 28 1830.

129 2903 58 27 The
209 2902 68 31 Rev.
297 2901 27 28 J.
348 2902 32 28 B.
395 2902 119 28 Rolland
533 2902 55 28 will
611 2903 115 27 conduct

86 2942 123 29 services
230 2950 28 19 as
271 2940 78 29 usual
367 2943 167 32 to-morrow,
556 2941 121 37 arriving
698 2947 28 22 at

86 2980 88 36 -Lyell
188 2980 129 33 tonight.

130 3027 59 31 The
214 3027 102 30 United
340 3027 98 38 Alpine
468 3030 103 31 return,
602 3027 42 30 for
667 3030 71 34 past,

87 3073 90 22 •seven
201 3065 69 35 days
293 3065 55 28 and
373 3065 75 33 eight
475 3065 86 28 hours
585 3065 140 33 crushing,

88 3109 77 24 ilroui
178 3103 46 32 the
234 3103 95 38 plates,
344 3112 55 21 was
412 3104 51 29 512
475 3112 100 21 ouuces
594 3103 30 30 of
639 3103 67 30 amal-

95 3152 74 24 gam.
206 3143 57 28 The
276 3148 115 24 amount
403 3147 28 24 oi
442 3147 79 24 stone
541 3143 116 28 crushed
670 3152 56 19 was

93 3181 52 30 234
159 3185 70 27 tons.

131 3230 58 27 The
213 3233 137 30 secretary
373 3230 30 26 of
424 3230 48 27 the
494 3230 79 33 Lyell
600 3230 128 35 Hospital

96 3265 165 31 Committee
275 3265 205 35 acknowledges
491 3267 47 28 the
560 3274 61 21 sum
644 3267 31 28 of
691 3268 38 27 i'
734 3265 4 35 3

95 3306 46 27 13s
155 3305 68 28 from
247 3305 43 28 Mr
303 3305 123 31 Gorried,
449 3304 154 29 subscribed
623 3307 34 35 by
679 3305 47 29 the

97 3342 145 30 Auckland
255 3342 100 38 Alpine
376 3343 198 33 shareholders,
587 3352 48 28 per
653 3343 76 28 favor

97 3381 45 29 Mr
166 3382 132 34 Pennell;
317 3382 58 29 also
397 3382 45 29 the
461 3392 61 19 sum
544 3387 27 24 ot
594 3384 45 28 10s
658 3383 70 28 from

97 3420 44 29 Mr
151 3420 92 29 Frank
256 3421 115 32 Sheran,
384 3420 98 38 Alpine
495 3422 83 27 mine.

132 3468 42 29 On
188 3467 135 38 Saturday
335 3468 116 34 evening
468 3467 62 35 last,
544 3470 29 27 at
591 3468 137 30 Fennell's

96 3507 77 33 Hall,
199 3507 44 29 Mr
267 3507 119 29 Seaborn
406 3507 155 30 discoursed
581 3517 74 28 upon
680 3509 46 29 the

94 3547 95 27 merits
213 3546 30 28 of
263 3550 75 29 great
361 3549 78 26 rtoets
463 3546 54 29 and
542 3556 77 20 some
649 3556 77 27 prosp

94 3583 121 35 authors,
228 3586 29 27 to
269 3583 46 29 the
336 3594 12 17 e
369 3588 11 25 I
387 3584 57 27 lent
454 3585 127 35 approval
631 3595 15 16 a
658 3594 34 26 go
710 3585 18 28 d

95 3629 95 21 liou.se.
226 3622 28 27 If
271 3622 95 35 hearty
388 3622 129 36 applause
536 3625 28 24 at
576 3623 47 27 the
635 3623 52 27 end
701 3624 29 27 of

95 3660 65 27 each
175 3659 93 28 recital
282 3669 49 18 can
352 3659 33 29 be
406 3659 128 37 accepted
556 3669 30 18 as
607 3660 35 28 ah
665 3661 45 27 ack-

94 3698 218 35 nowledgement
334 3697 30 29 of
379 3697 152 30 diversified
554 3697 85 30 talent
660 3698 66 30 then

96 3736 45 28 Mr
153 3736 117 29 Seaborn
286 3746 55 18 was
360 3737 148 28 successful
529 3736 106 29 indeed.
672 3739 53 26 His

94 3773 112 38 Sunday
219 3775 100 28 lecture
341 3783 56 20 was
417 3775 79 36 fairly
518 3775 138 34 attended,
671 3776 54 28 and

93 3813 36 35 by
143 3813 46 29 the
202 3813 128 37 majority
342 3815 30 27 of
387 3823 111 28 persons
517 3813 139 38 evidently
678 3824 35 27 ap

92 3851 146 36 predated.

126 3899 98 30 Courts
248 3909 69 20 were
341 3899 64 30 held
435 3904 29 26 at
495 3900 158 30 Murchison
685 3912 34 18 on

91 3937 136 36 Tuesday,
258 3938 64 27 13th
352 3938 113 33 instant,
502 3938 91 28 before
630 3939 91 27 Frank

93 3974 76 36 Bird,
194 3975 77 40 Esq.,
296 3975 86 37 R.M.,
405 3976 82 31 when
510 3975 47 31 the
586 3975 138 40 following

90 4015 123 30 business
220 4025 54 20 was
284 4017 170 28 transacted:
456 4017 119 28 —Rowe
583 4027 25 17 v.
618 4018 103 31 James,

90 4055 81 28 claim
192 4055 42 28 for
255 4055 36 29 £1
317 4055 46 28 16s
382 4055 45 34 6d,
446 4055 146 36 judgment
613 4055 42 28 for
676 4056 47 28 the

89 4098 116 24 amount
217 4093 65 29 with
296 4094 31 28 6s
340 4100 71 23 costs
422 4102 7 26 ;
448 4093 138 29 Barnwell
604 4104 26 18 v.
647 4094 74 36 Ma>,

89 4131 82 28 claim
185 4132 42 28 for
240 4133 56 27 .£BS
319 4133 46 27 lis
378 4133 44 32 2d,
440 4133 144 35 judgment
603 4133 41 27 for
665 4133 54 28 i-11

89 4172 30 26 (>s
143 4170 35 29 8d
198 4170 65 37 paid
286 4170 59 29 into
364 4171 93 33 Court,
476 4170 66 29 with
564 4171 49 28 40s
632 4175 89 30 costs;

89 4211 90 27 Green
192 4218 26 20 v.
233 4211 31 27 A.
278 4210 84 33 Guet,
376 4210 54 28 aud
444 4209 147 37 Beamsley
605 4220 24 18 v.
641 4210 81 36 Kelly

88 4257 71 19 were
171 4248 93 28 struck
276 4253 57 23 out.
372 4249 32 27 In
418 4249 47 27 the
481 4248 142 28 Warden's
637 4250 85 26 Court

88 4286 48 26 the
143 4286 138 34 following
290 4285 180 38 applications
479 4294 70 20 were
559 4286 164 35 granted:—

88 4323 73 29 John
188 4323 112 35 Jorden,
323 4329 176 30 water-race;
526 4321 35 31 11.
583 4323 138 35 Baneton,

88 4363 123 28 increase
234 4364 30 27 of
290 4366 85 25 water
398 4363 115 36 supply;
544 4363 30 27 C.
599 4363 122 33 Buhner,

88 4401 152 36 protection
272 4405 27 24 to
329 4406 72 23 wate
441 4408 83 26 race;
547 4400 27 29 J.
605 4401 117 31 Oxnam,

89 4444 86 23 water
186 4448 61 18 race
258 4446 7 26 ;
284 4439 35 28 G.
333 4438 134 33 Ketchell,
482 4443 85 23 water
585 4448 61 18 race
656 4447 7 24 ;
684 4439 38 27 M.

90 4476 102 36 Byrne,
213 4481 86 25 water
315 4485 71 21 race,
404 4480 153 34 protection
576 4476 42 29 for
640 4481 84 24 water

89 4524 72 25 race,
175 4515 100 36 special
287 4516 60 31 site,
360 4516 55 28 and
427 4520 151 33 protection
592 4516 40 26 for
640 4519 84 24 water

90 4562 81 25 race;
190 4553 27 29 J.
232 4551 139 39 Mtirtagh,
385 4558 84 24 water
489 4562 63 20 race
565 4561 7 26 ;
592 4553 28 29 S.
641 4553 65 29 Scho-

90 4592 74 32 field,
178 4598 84 22 water
274 4601 77 25 race;
371 4592 39 29 M.
425 4593 115 36 Byrne's
559 4593 163 36 application

90 4631 43 29 for
146 4631 46 29 the
205 4631 159 38 Enterprise
377 4631 55 29 and
451 4631 108 29 Broken
573 4631 61 29 Hill
652 4639 71 21 were

91 4669 151 36 adjourned
255 4671 42 28 for
306 4680 107 25 survey.

128 4716 92 30 Frank
233 4716 78 35 Bird,
327 4717 73 38 Ksq.,
414 4716 131 29 Kesident
564 4716 160 35 Magistrate

92 4755 54 30 and
167 4755 129 34 Warden,
317 4755 64 30 held
403 4758 106 30 Courts,
530 4759 29 25 at
577 4755 88 36 Lyell,
687 4767 36 18 on

92 4795 184 35 Wednesday,
289 4795 81 27 when
382 4795 47 27 the
450 4794 139 32 following
601 4794 123 28 business

91 4841 58 20 was
171 4831 125 38 disposed
321 4836 23 25 o<
356 4831 158 30 :—Fennell
539 4842 26 18 v.
584 4831 27 30 J.
633 4833 90 32 Shaw,

92 4871 80 28 claim
198 4871 42 28 for
261 4872 58 27 £2O
341 4871 30 28 7s
384 4871 44 33 2d,
445 4870 148 37 judgment
614 4870 43 29 for
676 4871 47 28 the

92 4913 115 26 amount
236 4909 128 35 claimed,
402 4909 55 30 and
488 4914 72 24 costs
593 4910 36 28 £1
668 4911 55 28 15s.

93 4948 98 36 M'Coy
211 4958 25 18 v.
257 4949 113 32 Meates,
389 4949 80 27 claim
495 4949 42 27 for
562 4949 19 27 £
584 4949 16 27 2
619 4951 30 25 3s
669 4949 53 33 6d;

88 4985 145 38 judgment
252 4986 41 29 for
312 4986 46 29 the
377 4989 116 26 amount
511 4986 126 35 claimed,
655 4987 66 29 with

92 5031 71 21 costs
189 5026 54 25 lis.
281 5025 145 27 M'Powell
449 5034 24 17 v.
501 5024 116 32 Ullmer,
642 5026 79 26 claim

91 5061 42 28 for
153 5062 54 27 £l4
226 5062 38 32 6s,
278 5061 115 28 services
410 5060 132 28 rendered
556 5069 29 18 as
598 5069 83 20 nurse
694 5066 26 23 to

93 5099 169 30 defendant's
281 5099 61 30 wife
361 5099 54 30 and
437 5099 96 38 family
546 5108 7 27 ;
572 5099 47 31 the
637 5100 70 38 plain-

92 5138 45 28 tiff
146 5139 101 36 proved
267 5139 61 28 that
340 5139 46 28 the
405 5146 114 21 amount
538 5139 98 31 sought
650 5144 27 23 to
690 5141 32 26 be

91 5176 153 30 recovered.
268 5177 38 30 £'l
327 5186 48 28 per
387 5177 84 32 week,
485 5186 56 19 was
565 5177 45 29 the
633 5178 89 33 ruling

89 5219 58 26 rate
170 5216 30 29 in
225 5216 80 37 Lyell
328 5217 42 28 for
393 5216 104 28 similar
519 5217 123 32 services,
666 5217 53 27 and

91 5254 127 30 obtained
229 5254 146 39 judgment
388 5255 40 30 for
441 5255 38 30 £\
493 5256 30 28 3s
535 5255 43 32 fid,
593 5255 128 39 allowing

92 5305 15 18 a
120 5295 92 28 set-off
222 5296 30 27 of
264 5296 38 27 £8
314 5297 30 25 2s
363 5296 52 32 Gil;
435 5299 71 24 costs
526 5296 36 27 £1
576 5295 52 33 95..
652 5296 50 27 Fen-

91 5332 56 29 noil
171 5342 25 19 v.
222 5332 98 33 Mates,
341 5332 147 37 judgment
511 5341 144 20 summons
680 5332 42 29 for

93 5372 36 28 £5
154 5370 53 35 Gd;
234 5370 80 30 order
338 5371 79 30 made
444 5372 60 28 that
529 5371 46 29 the
605 5377 114 23 amount

92 5410 125 36 claimed,
241 5410 67 30 with
334 5415 81 30 costs,
435 5410 32 29 be
488 5410 63 38 paid
572 5409 147 31 forthwith.

91 5450 110 27 Eklund
228 5459 26 18 v.
280 5450 74 27 Wolf
373 5450 55 28 and
452 5450 162 31 Feddersen,
639 5450 79 28 cla4m

92 5489 40 28 for
146 5490 71 32 £11;
236 5488 156 28 non-suited
405 5488 65 28 with
490 5494 80 23 costs.
607 5489 112 28 Fennell

90 5537 25 19 v.
139 5527 112 35 Meates,
271 5527 80 29 claim
371 5527 41 29 for
431 5528 56 29 £l2
509 5527 46 29 10s
574 5527 44 34 Bd,
637 5527 83 37 goods

90 5567 142 37 supplied;
264 5566 150 38 judgment
447 5567 43 30 for
525 5566 45 30 the
606 5573 113 23 amount

91 5605 126 34 claimed,
249 5605 55 28 and
334 5606 48 27 20s
421 5612 79 21 costs.
556 5605 98 35 M'Coy
694 5616 24 17 v.

91 5643 156 34 M'Dowell,
266 5644 79 29 claim
366 5642 41 31 for
429 5644 36 30 £1
481 5644 54 34 12s,
546 5643 43 34 7d,
604 5643 114 39 drapery

90 5682 154 39 supplied;,
266 5683 147 37 judgment
450 5685 41 27 for
520 5683 47 28 the
604 5689 114 22 amount

90 5722 124 33 claimed,
228 5721 64 29 with
308 5724 29 27 6s
360 5727 80 24 costs.
476 5722 58 29 The
549 5722 122 29 business
689 5722 27 29 in

88 5763 47 28 the
162 5762 142 29 Warden's
328 5762 84 29 Co'irt
433 5772 55 18 was
513 5772 29 19 as
561 5762 157 29 follows:

90 5802 200 31 Aoplicjitifins:
311 5801 29 27 T.
363 5801 165 36 Prytherick,
546 5805 79 23 water
639 5811 59 18 nice
711 5811 5 22 ;

87 5840 38 30 H.
151 5840 144 37 Cosgrove,
322 5845 84 26 water
431 5849 79 27 race;
542 5840 30 30 P.
605 5839 111 35 Carroll,

757 162 96 29 doulile
884 173 63 19 area
977 165 98 29 claim:
1112 168 122 32 grantel.
1285 170 102 28 United

759 202 106 35 Alpine,
891 205 98 31 special
1016 205 58 31 site,
1097 207 113 32 granted
1232 208 103 36 subject
1361 215 26 21 to

757 249 106 20 survey.
902 242 28 26 P.
946 244 111 32 Carroll,
1072 250 82 21 water
1173 254 59 18 race
1246 254 6 23 ;
1273 246 112 28 refused.

760 276 86 31 Theie
862 279 78 36 being
954 290 33 18 no
1001 281 141 35 objection,
1159 283 44 29 the
1223 285 164 35 application

756 318 31 28 of
808 318 46 28 the
880 318 95 30 Victor
1006 321 136 29 Emanuel
1174 323 144 37 Company
1347 325 41 28 for

757 356 99 36 special
881 358 81 26 claim
988 359 29 27 of
1041 362 33 25 50
1098 370 74 18 acres
1203 370 55 19 was
1284 372 87 19 recoui-

758 395 96 28 mcnde
867 396 5 26 1
887 406 29 17 as
929 399 140 34 surveyed.

796 443 69 28 Next
878 443 110 32 Friday,
1084 443 109 32 instant,
1209 446 80 37 being
1312 449 75 27 Good

759 482 45 28 Fri
816 483 52 35 lay,
887 483 41 28 Air
942 484 96 35 Henry
1058 485 98 35 Young
1180 487 96 28 wishes
1301 496 27 20 to
1351 489 24 27 in-

758 522 70 26 form
843 522 44 27 the
901 522 169 29 inhabitants
1083 528 26 23 ot
1131 525 75 35 Lyell
1222 526 59 28 that
1294 527 33 28 he
1342 527 47 27 has

760 560 79 28 made
853 567 204 28 arrangements
1072 566 37 24 lor
1123 573 33 18 an
1172 563 125 29 uu'.iuiite
1309 566 5 26 1
1329 576 44 24 sup-

761 598 44 33 ply
819 598 29 28 of
862 598 54 26 Hot,
931 601 79 25 ('ro.,s
1026 601 74 27 Buiio
1157 612 50 17 one
1221 603 110 36 shilling
1346 613 41 26 pel

759 635 218 30 dozen.—Advt.

830 727 172 28 CENTRAL
1027 727 148 34 BULLER
1196 730 115 31 RACES.

796 833 64 29 Tliis
887 833 118 38 meeting
1029 844 55 19 was
1109 835 64 28 held
1198 835 52 29 last
1272 837 110 36 Morula;

761 882 54 28 and
829 883 132 35 Tuesday.
998 883 57 28 The
1070 885 129 26 stewards
1213 895 68 18 were
1296 886 88 27 nnabl.

761 933 27 25 to
801 934 45 30 get
857 930 47 28 the
917 930 39 28 six
970 934 92 24 events
1076 930 116 35 through
1211 932 45 29 the
1271 932 57 29 first
1341 932 43 37 da;

762 979 53 28 and
834 979 111 28 decided
968 985 28 22 to
1016 979 128 29 continue
1167 981 74 27 them
1268 982 56 27 into
1348 983 25 26 tli-

762 1026 106 30 second.
916 1027 24 27 A
965 1033 72 22 most
1060 1027 143 37 enjoyable
1229 1032 52 24 two
1316 1029 67 35 day.-

762 1079 74 31 sport
852 1084 52 19 was
926 1075 45 28 the
993 1075 91 28 result,
1099 1075 54 28 and
1175 1086 39 17 we
1237 1086 49 17 can
1309 1077 76 27 safrh

763 1131 48 27 say
824 1122 60 28 that
902 1126 72 24 most
996 1122 29 28 of
1043 1122 45 29 the
1114 1123 106 28 visitors
1243 1124 146 28 assembled

763 1169 63 35 only
839 1170 134 32 regretted
987 1171 59 26 that
1059 1179 15 18 a
1089 1171 70 26 third
1183 1171 52 34 day
1254 1171 78 27 could
1346 1180 41 18 no:

763 1215 68 30 have
843 1216 69 29 been
924 1216 141 37 arranged.
1102 1218 57 29 The
1172 1217 59 30 first
1244 1218 115 36 evening
1380 1222 11 25 is

763 1255 83 29 dauce
860 1257 63 27 took
937 1258 74 35 place
1034 1265 28 20 at
1084 1258 45 27 Mr
1147 1259 33 26 A.
1204 1258 115 27 Smith's
1340 1269 35 16 an

763 1303 33 18 on
811 1293 45 29 the
870 1295 98 27 second
983 1296 115 36 evening
1108 1305 49 19 one
1169 1299 27 25 at
1208 1296 43 27 Mr
1264 1297 123 27 Oxnani':

763 1334 41 26 On
830 1333 66 28 each
929 1334 123 28 occasion
1088 1335 100 27 Messrs
1220 1336 87 34 Laing
1338 1335 53 27 and

763 1371 142 29 O'Rourke
930 1372 128 37 provided
1081 1373 45 29 the
1145 1372 96 35 music,
1254 1374 53 28 and
1328 1382 57 29 gav«

763 1412 106 33 general
882 1412 176 28 satisfaction.
1091 1413 61 27 -The
1161 1413 106 35 profuse
1279 1421 112 20 manner

762 1449 26 28 in
802 1449 89 30 which
905 1449 191 30 refreshments
1109 1461 68 19 were
1189 1451 137 36 provided,
1341 1451 50 28 and

763 1487 45 28 the
839 1489 110 34 general
978 1488 95 35 kindly
1104 1491 133 26 attention
1271 1489 62 35 paid
1363 1495 28 22 to

763 1525 115 34 visitors,
891 1531 100 23 cannot
1003 1527 85 37 easily
1101 1527 31 28 be
1145 1527 144 37 forgotten.

798 1564 47 29 We
858 1565 106 37 append
977 1565 100 30 results
1089 1567 30 28 of
1130 1569 45 25 the
1188 1567 41 27 six
1241 1570 94 24 events
1345 1574 6 20 :

912 1613 83 28 Hack
1009 1613 86 33 Rack,
1109 1614 29 28 of
1148 1616 15 26 5
1175 1623 69 19 sovs.

765 1649 41 29 Mr
815 1651 148 36 Campell's
973 1652 85 35 Lucy,
1069 1654 42 27 7st
1380 1654 11 26 1

765 1689 42 27 Mr
820 1690 155 28 Smeaton's
988 1691 100 28 Corr.e.

764 1728 42 28 Mr
818 1727 214 31 Huldlestone's
1052 1729 131 33 Running
1197 1728 89 29 River.
1300 1731 51 26 Bst.
1378 1731 15 26 3

797 1766 44 28 Mr
864 1767 116 36 Byrne's
1004 1767 166 37 Enterprise,
1193 1769 42 28 7st
1256 1769 54 33 01b,
1337 1768 55 27 also

761 1814 59 19 ran.

796 1852 117 27 Buller
928 1853 89 27 Plate
1031 1853 158 33 Handicap,
1203 1853 28 27 of
1243 1853 32 27 10
1288 1862 70 18 sovs.

765 1889 41 28 Mr
822 1891 168 28 MvDovvall's
1003 1891 59 34 Jilt,
1076 1893 41 27 7st
1133 1892 59 28 121b
1380 1893 11 26 1

765 1929 41 28 Mr
818 1929 132 28 Trower's
964 1929 126 35 Syringa,
1103 1932 42 27 Bst
1159 1931 44 28 slb
1377 1933 17 25 2

763 1967 42 28 Mr
818 1968 164 36 Campbell's
996 1969 85 35 Lucy,
1094 1971 43 26 Bst
1378 1971 15 26 3

907 2016 83 28 Hack
1007 2016 83 33 Rack,
1104 2017 27 27 of
1143 2018 14 27 5
1172 2026 69 19 sovs.

763 2054 43 28 Mr
818 2055 30 27 A.
865 2055 114 28 Smith's
993 2055 77 34 Jack,
1081 2058 42 26 8;t
1379 2058 12 26 1

764 2093 42 27 Mr
823 2093 100 28 Kaite's
936 2093 136 33 Vernurll,
1086 2096 16 26 8
1117 2097 11 25 t
1377 2096 15 26 2

795 2132 71 35 Only
881 2139 52 21 two
956 2132 93 28 horses
1063 2133 101 27 started
1179 2133 40 27 for
1232 2133 54 29 this
1300 2138 91 29 event,

759 2169 70 28 Jack
843 2171 120 34 winning
976 2171 91 27 rather
1080 2171 93 35 easily.

909 2218 82 28 Hack
1006 2219 85 33 Race,
1105 2220 29 27 of
1145 2221 14 26 5
1173 2228 70 20 sovs.

762 2256 42 27 Mr
818 2256 113 28 Smith's
945 2258 79 31 Jack,
1038 2259 43 27 Bst
1378 2260 13 26 1

762 2295 43 28 Mr
818 2295 132 30 Gibbon's
973 2296 141 30 Wouldn't
1133 2297 61 28 You
1216 2296 67 30 Like
1297 2303 27 23 to

796 2335 96 33 Know,
903 2336 42 26 Bst
1379 2338 15 26 2

794 2373 69 29 Jack
887 2373 58 30 also
969 2374 92 37 pulled
1086 2374 39 29 off
1147 2374 53 29 this
1224 2379 81 25 eveut
1327 2376 65 28 with

761 2421 69 20 ease.

910 2452 84 29 Hack
1006 2453 87 31 Race,
1107 2453 30 28 of
1147 2454 14 26 5
1175 2462 71 20 sovs.

763 2489 43 30 Mr
820 2491 170 29 M'Dowall's
1003 2492 58 29 Jilt.
1072 2493 42 28 Bst
1126 2492 44 29 7ib
1380 2494 12 26 1

763 2529 43 27 Mr
820 2530 155 27 Smeaton's
987 2532 103 32 Corrie,

822 2577 192 29 Consolation
1027 2578 158 33 Handicap,
1198 2580 30 28 of
1237 2581 15 27 5
1266 2588 70 20 sovs.

764 2616 115 37 Syringa
891 2617 103 28 walked
1008 2627 64 19 over
1081 2618 40 28 for
1134 2618 55 28 this
1201 2624 89 23 event.

874 2705 132 29 OPEN
1045 2707 233 28 COLUMN.

765 2783 56 28 Our
838 2783 123 29 columns
983 2793 44 18 are
1047 2794 68 26 open
1136 2788 28 25 to
1180 2785 45 28 ilie
1246 2785 148 28 discussion

799 2821 29 29 of
839 2822 35 29 all
889 2827 111 24 matters
1014 2823 29 28 of
1055 2823 89 37 public
1157 2824 122 32 interest,
1293 2824 49 29 but
1356 2834 38 19 we

799 2870 44 19 are
857 2860 27 29 in
899 2872 36 17 no
948 2872 59 23 way
1022 2862 139 28 identified
1176 2863 65 28 with
1253 2863 45 28 the
1314 2874 80 18 views

799 2898 30 27 of
839 2908 49 18 oar
900 2900 233 34 correspondents.

857 2975 100 28 ROAD
977 2976 45 27 TO
1043 2976 108 28 OWEN
1174 2977 131 34 REIpU

782 3051 11 12 r
825 3047 9 11 •>
1058 3039 2 24 '
1249 3041 15 14 *

919 3062 103 19 EDITOR
1041 3063 33 18 OF
1093 3063 55 18 THE
1166 3063 89 19 LYELL
1273 3056 94 37 TIMES]
1377 3077 7 6 .

798 3104 129 35 Sir,—ln
949 3115 69 28 your
1041 3105 52 31 last
1105 3107 71 29 issue
1189 3108 27 28 of
1235 3107 46 29 the
1302 3109 92 28 Lyell

764 3145 90 27 Times
875 3145 15 27 I
909 3145 132 28 observed
1062 3156 15 17 a
1091 3152 91 30 report
1203 3147 29 27 of
1242 3147 46 28 the
1311 3149 84 26 Owen

765 3182 79 31 Reefs
868 3182 105 31 district
991 3184 70 29 from
1082 3194 51 20 one
1156 3185 29 28 of
1203 3195 68 28 your
1295 3196 84 20 corres-

764 3223 144 35 pondents,
919 3224 29 26 in
962 3224 89 27 which
1066 3226 133 25 attention
1218 3225 23 26 is
1260 3225 92 28 drawn
1367 3232 28 21 to

764 3260 46 26 the
832 3260 131 36 proposed
982 3265 77 23 route
1079 3262 42 26 for
1141 3261 45 27 the
1207 3262 65 26 road
1298 3267 28 22 to
1348 3263 46 26 the

765 3297 89 34 Reefs,
879 3298 111 37 already
1021 3299 143 38 surveyed,
1195 3309 70 25 as,a
1289 3300 107 37 glaring

763 3340 84 25 waste
870 3336 31 29 of
916 3335 90 38 public
1028 3345 110 28 money,
1164 3338 45 28 &c.
1246 3339 77 28 Then
1349 3340 45 28 the

763 3373 165 37 advantages
940 3378 29 26 to
986 3375 33 29 be
1032 3375 110 29 delived
1155 3376 35 37 by
1208 3379 186 33 constructing

763 3422 17 19 a
791 3413 67 29 road
869 3423 37 20 on
918 3414 46 29 the
977 3418 57 25 east
1052 3415 74 29 bank
1144 3425 45 18 are
1208 3417 184 29 enumerated.

767 3452 87 27 Allow
875 3462 44 18 me
933 3462 79 27 space
1025 3453 109 35 enough
1147 3454 28 27 in
1189 3463 69 27 your
1271 3455 123 28 valuable

764 3490 124 30 columns
912 3493 28 27 to
965 3495 69 26 state
1057 3491 47 30 the
1123 3497 58 24 true
1203 3490 69 33 f&cts
1297 3494 29 29 of
1348 3494 46 29 the

763 3540 70 18 case.
871 3531 48 28 We
933 3537 73 22 want
1020 3541 15 18 a
1044 3531 67 29 road
1121 3535 172 26 constructed
1304 3535 90 27 where

763 3568 20 28 it
797 3568 54 29 will
872 3570 32 27 be
925 3571 31 26 of
972 3578 74 19 some
1060 3580 57 21 use,
1130 3571 54 27 and
1203 3574 49 25 not
1273 3582 64 18 over
1358 3582 34 18 an

763 3605 100 29 almost
886 3607 196 36 impenetrable
1106 3613 86 26 route,
1218 3610 101 35 simply
1339 3610 54 27 and

763 3644 84 35 solely
877 3645 41 27 for
948 3644 46 29 the
1024 3644 102 30 benefit
1150 3646 30 28 of
1203 3656 52 18 one
1286 3656 30 18 or
1340 3653 54 22 two

762 3681 174 30 individuals.
975 3683 54 28 For
1053 3683 45 28 the
1124 3684 52 28 last
1198 3685 40 27 six
1262 3684 79 29 miles
1368 3690 27 24 to

764 3720 44 29 the
822 3721 80 29 Reefs
922 3721 75 29 there
1018 3723 23 27 is
1055 3731 35 19 uo
1105 3723 79 28 other
1204 3728 78 24 route
1296 3725 83 35 practi-

761 3759 75 28 cable
861 3763 95 33 except
980 3759 47 28 the
1048 3770 51 18 oue
1121 3761 111 36 already
1252 3763 142 34 surveyed.

761 3797 58 28 The
844 3799 77 35 point
945 3798 33 33 is,
999 3798 124 29 whether
1145 3803 29 24 to
1196 3799 130 29 continue
1348 3801 46 27 the

760 3835 67 28 rod
839 3846 35 18 on
888 3837 78 27 down
980 3836 47 28 the
1041 3837 82 27 Owen
1139 3837 82 28 U'ver
1234 3846 31 18 or
1286 3843 27 23 to
1333 3839 61 27 take

760 3874 21 29 it
794 3873 35 38 by
843 3884 61 28 way
916 3875 29 29 of
957 3875 131 37 Maggie's
1102 3876 84 29 Creek
1200 3881 27 24 to
1243 3876 46 29 the
1302 3876 94 30 Bailer

761 3913 74 28 road.
872 3915 30 26 If
920 3915 46 27 the
985 3914 66 28 road
1074 3924 55 18 was
1143 3916 82 26 taken
1249 3916 79 27 down
1349 3917 45 27 the

761 3955 57 23 east
841 3951 73 27 bank
935 3952 31 26 of
984 3951 45 27 the
1044 3952 84 27 Owen
1152 3952 76 28 there
1250 3953 91 27 would
1364 3953 31 27 be

761 3994 52 25 two
839 3990 54 30 and
918 3990 90 30 a-balf
1029 3991 78 29 miles
1133 4001 74 19 more
1231 3991 29 29 of
1278 3991 65 30 road
1368 3996 26 26 to

761 4029 80 28 make
862 4031 67 26 than
953 4030 36 35 by
1011 4029 94 35 taking
1118 4031 22 26 it
1153 4031 46 27 the
1218 4031 79 27 other
1315 4041 61 25 way
1388 4041 6 24 ;

760 4076 150 24 moreover,
932 4078 30 17 as
984 4067 44 28 the
1051 4069 70 27 river
1135 4069 22 27 is
1176 4078 65 27 very
1262 4079 94 25 gorgy,
1377 4071 19 26 if

759 4105 46 30 the
818 4111 58 24 east
888 4106 73 29 bank
975 4106 23 27 is
1011 4106 118 29 adhered
1147 4111 38 29 to,
1207 4107 75 29 there
1305 4109 88 27 would

759 4144 33 28 be
805 4154 17 18 a
833 4146 65 26 mile
912 4145 54 27 and
979 4144 90 28 a-half
1079 4145 29 27 of
1123 4145 171 37 rockcutting
1307 4149 28 24 to
1350 4147 42 30 do,

759 4182 91 30 which
872 4184 78 28 alone
973 4183 89 28 would
1083 4184 120 27 swallow
1222 4192 37 29 up
1284 4184 37 28 all
1346 4186 45 27 the

761 4232 99 27 money
880 4222 110 36 already
1013 4222 90 33 voted,
1117 4223 50 27 and
1183 4222 23 28 if
1222 4223 46 27 the
1287 4228 104 29 cutting

762 4269 54 18 was
829 4266 49 22 not
889 4260 81 28 made
984 4260 47 27 the
1045 4262 71 26 river
1134 4261 89 27 would
1237 4261 69 28 have
1321 4267 26 22 to
1361 4263 31 27 be

759 4297 108 28 crossed
881 4298 39 27 six
934 4298 80 27 times
1029 4305 5 25 ;
1055 4303 48 22 not
1116 4299 64 35 only
1196 4298 89 28 wonld
1298 4300 94 35 people

759 4335 33 30 be
814 4335 131 30 hindered
966 4335 71 28 from
1060 4337 122 33 crossing
1199 4337 27 27 in
1241 4337 81 30 flood,
1337 4338 55 28 but.

761 4384 29 17 as
810 4384 108 26 anyone
938 4375 61 27 who
1024 4375 23 26 is
1069 4376 161 35 acquainted
1252 4377 65 27 with
1341 4377 53 28 this

761 4412 70 27 river
853 4413 103 32 knows,
978 4413 59 27 that
1055 4423 29 18 as
1103 4413 46 28 the
1170 4413 103 28 boitoni
1288 4415 23 27 is
1330 4425 46 18 con-

761 4450 116 36 tinually
900 4450 114 36 shifting
1033 4451 46 27 the
1102 4452 191 27 maintenance
1307 4453 30 27 of
1349 4454 45 29 the

760 4488 73 29 fords
855 4488 90 28 would
967 4488 33 28 be
1015 4498 35 18 an
1070 4488 106 29 endless
1196 4500 125 26 expense.
1358 4493 36 26 As

761 4527 111 36 regards
898 4527 46 27 the
970 4527 132 36 Maggie's
1126 4528 85 28 Creek
1235 4535 86 28 route,
1347 4531 47 27 the

761 4565 64 29 land
844 4575 36 20 on
900 4566 87 28 either
999 4565 56 30 side
1069 4566 29 28 of
1117 4566 46 29 the
1182 4567 92 29 saddle
1295 4569 23 28 is
1336 4568 56 35 flat,

763 4604 66 29 with
852 4605 94 35 plenty
959 4606 31 27 of
999 4605 101 34 gravel,
1114 4606 49 27 but
1175 4609 54 25 two
1249 4607 55 28 feet
1325 4608 67 28 from

761 4643 48 30 the
828 4643 114 35 surface,
954 4643 47 29 the
1015 4643 92 30 saddle
1120 4644 76 29 itself
1206 4645 24 28 is
1249 4652 64 31 very
1331 4646 60 30 low.

761 4682 90 29 which
874 4692 50 18 can
945 4682 33 28 be
997 4683 164 28 understood
1180 4685 70 26 from
1271 4686 47 27 the
1340 4686 52 27 fact

762 4720 60 28 that
841 4720 47 29 the
910 4720 87 37 slopes
1010 4720 64 28 both
1090 4730 74 27 ways
1187 4722 34 27 do
1234 4726 47 24 not
1294 4724 97 27 extend

761 4768 64 19 over
846 4770 16 18 a
883 4759 121 28 distance
1027 4760 30 27 of
1074 4760 61 27 half
1151 4760 102 34 a-mile,
1274 4762 54 27 aud
1346 4763 46 28 the

762 4801 117 33 steepest
899 4798 81 35 grade
999 4798 24 27 is
1037 4798 47 27 but
1097 4808 51 18 one
1171 4800 57 26 foot
1239 4801 28 25 in
1287 4801 104 27 twelve.

761 4836 37 28 As
818 4836 111 35 regards
948 4836 46 28 the
1006 4836 67 28 mud
1097 4838 155 28 mentioned
1274 4838 30 28 in
1325 4848 68 27 your

761 4874 233 37 correspondent's
1006 4880 101 31 report,
1132 4876 15 27 I
1173 4885 65 26 may
1260 4887 49 26 say
1334 4878 59 27 that

761 4921 29 21 as
803 4913 47 29 the
870 4913 76 29 track
959 4913 50 29 has
1022 4913 68 30 been
1111 4914 100 37 opened
1232 4914 48 31 but
1302 4916 89 37 barely

760 4953 41 26 six
813 4953 121 32 months,
948 4953 51 26 and
1015 4962 35 18 no
1064 4953 73 27 work
1151 4955 30 25 of
1196 4963 55 27 any
1256 4954 72 28 .kind
1344 4956 48 26 has

759 4988 68 31 been
853 4990 69 29 done
952 4996 101 31 except*
1079 4990 119 39 clearing
1227 4993 47 27 the
1304 4993 87 33 scrub,

760 5037 134 25 everyone
918 5029 94 26 knows
1036 5030 74 26 what
1135 5040 16 16 a
1176 5031 76 26 track
1281 5031 29 27 of
1332 5033 60 25 that

759 5064 164 38 description
947 5067 23 26 is
994 5070 28 23 at
1046 5066 46 28 ihe
1117 5071 107 31 present
1248 5076 94 19 season
1366 5069 28 27 of

760 5102 45 31 the
817 5114 74 28 year,
904 5105 54 29 and
971 5116 30 18 as
1015 5105 39 29 for
1067 5106 44 29 the
1130 5106 103 34 aliened
1246 5106 66 38 bogs
1327 5108 62 37 they

759 5151 44 19 are
815 5144 101 36 simply
929 5144 76 26 three
1020 5153 30 18 or
1062 5145 59 26 four
1134 5144 75 28 blind
1223 5146 107 33 gullies,
1345 5148 46 26 the

760 5181 118 29 bottoms
900 5182 30 29 of
940 5181 89 29 which
1044 5192 44 20 are
1100 5184 138 37 naturally
1260 5185 60 34 solt,
1344 5186 47 28 but

761 5221 182 27 haifa-dozeu
965 5221 114 28 bundles
1099 5222 30 27 of
1147 5223 115 27 fascines
1275 5224 28 27 in
1323 5225 64 27 each

761 5259 48 29 lias
833 5259 137 30 remedied
995 5259 36 29 all
1056 5259 68 31 that.
1163 5261 13 27 I
1199 5271 65 28 may
1289 5273 48 27 say
1361 5263 27 29 in

759 5299 155 27 conclusion
928 5299 60 28 that
997 5299 44 28 Mr
1049 5299 136 33 Dartuell,
1194 5301 47 28 the
1255 5302 135 33 Engineer

760 5337 39 27 for
821 5337 45 28 the
886 5337 102 27 Nelson
1011 5338 139 33 Province,
1169 5339 49 27 has
1239 5339 66 28 been
1326 5350 63 18 over

761 5375 62 28 both
846 5375 98 33 tracks,
966 5375 54 28 and
1039 5375 14 28 I
1067 5376 33 29 do
1125 5382 49 23 not
1192 5387 116 27 suppose
1331 5379 60 28 that

760 5414 32 28 he
811 5414 91 29 would
924 5415 68 27 have
1015 5414 54 29 had
1091 5415 45 28 the
1161 5415 130 37 Maggie's
1305 5418 84 29 Creek

761 5461 74 20 route
849 5454 133 34 surveyed
995 5454 91 28 unless
1100 5455 35 27 he
1158 5455 53 27 had
1234 5456 155 29 considered

758 5492 21 27 it
803 5491 47 29 the
875 5492 67 28 best.
979 5492 38 27 As
1037 5492 110 35 regards
1172 5493 46 28 the
1241 5494 113 29 alluvial
1376 5495 12 28 I

759 5530 87 29 would
860 5535 48 25 not
921 5530 92 29 advise
1025 5540 85 26 many
1124 5535 27 25 to
1164 5532 61 28 take
1238 5533 151 37 advantage

757 5569 32 29 of
797 5570 29 34 it,
840 5579 30 20 or
890 5570 65 37 they
978 5570 87 36 might
1077 5569 59 29 find
1156 5570 23 30 it
1200 5578 91 30 pretty
1312 5572 77 30 short

758 5618 149 18 commons,
921 5609 61 26 half
991 5618 15 17 a
1020 5610 193 33 pennyweight
1234 5620 16 16 a
1264 5610 52 36 clay
1335 5613 54 26 and

760 5653 86 32 pretty
871 5646 58 29 stiff
950 5645 96 38 raking
1067 5651 28 24 at
1121 5647 68 29 that.
1226 5648 87 30 There
1339 5650 49 29 has

757 5687 65 27 been
848 5697 35 18 an
909 5687 235 27 accommodation
1170 5687 85 28 house
1285 5690 102 35 opened

759 5726 80 38 lately
853 5725 97 30 within
964 5725 50 29 call
1029 5725 28 29 of
1069 5725 45 28 the
1129 5725 95 29 miues.

997 5764 88 29 Yours
1099 5765 54 32 &c,

1159 5803 61 28 Vox
1241 5804 111 29 I'OPLT.I.

790 5843 84 30 Owen
888 5842 89 35 Reefs,
992 5842 76 38 April
1083 5843 72 34 12th,
1170 5844 74 29 lbb'G.

1438 171 212 41 LATEST
1688 172 351 42 TELEGRAMS.

1519 306 41 22 BY
1587 305 155 24 ELECiiiIC:
1765 304 99 24 TKLr.G
1889 295 87 44 A;PIl]

1495 407 83 35 (from
1592 414 56 20 our
1661 414 61 19 own
1736 407 250 35 correspondent.)

1692 458 165 35 Westport,
1874 459 26 28 M
1921 460 47 29 rcli
1983 463 40 27 12.

1462 512 24 28 S:
1494 521 91 19 earner
1606 512 123 32 Taiaroa,
1744 512 91 27 bound
1848 513 70 27 from
1928 513 116 31 AVellinjr-

1429 570 45 21 ton
1505 569 27 23 to
1565 564 149 36 Lyttleton,
1751 568 74 23 went
1860 564 96 29 ashore
1993 576 64 19 near

1429 617 127 28 Clarence
1584 617 89 28 River,
1698 616 153 36 yesterday.
1903 617 93 28 Vessel
2024 628 32 19 on-

1429 671 47 28 her
1497 671 78 29 beam
1602 671 76 30 eiuK
1726 671 65 29 Two
1811 681 157 27 passengers
1991 671 68 31 have

1430 725 65 26 been
1510 725 109 27 washed
1639 725 105 26 ashore.
1791 724 26 26 It
1838 725 22 25 is
1881 724 121 28 believed
2027 727 24 26 al

1431 778 66 29 iives
1510 788 44 19 are
1568 778 61 28 lost.

1466 831 92 28 Latest
1605 830 160 36 particulars
1815 830 144 34 regarding
2016 831 45 29 the

1440 886 104 27 Paiaroa
1558 885 113 26 disaster
1686 884 87 27 would
1787 884 117 27 indicate
1915 884 144 28 likelihood

1443 936 18 28 •f
1488 937 101 28 serious
1620 936 117 37 fatality.
1792 935 57 29 The
1875 940 118 24 steamer
2017 935 55 37 leflj

1443 990 154 34 .Vell'Jigtou
1613 992 26 24 ut
1654 998 70 17 noon
1738 989 154 34 yesterday.
1930 989 32 26 In
1983 998 62 18 even-

1442 1052 36 28 ng
1490 1051 15 19 a
1519 1041 139 36 southerly
1672 1040 59 34 gale
1744 1050 76 18 came
1835 1050 45 27 up,
1893 1040 107 38 driving
2018 1041 44 29 the

1439 1098 110 23 iteamcr
1561 1093 95 29 ashore
1674 1102 35 18 on
1729 1102 15 16 a
1765 1093 120 34 gravelly
1907 1092 84 28 beach
2013 1103 34 17 on
2071 1092 1 35 -

1444 1146 52 28 niie
1524 1146 81 28 north
1637 1145 28 28 of
1694 1144 128 28 Clarence
1853 1144 91 28 River.

1434 1206 155 27 passengers
1620 1197 80 27 alone
1733 1205 66 18 were
1830 1195 111 28 washed
1957 1195 104 30 ashore.

1436 1252 64 26 IJoat
1526 1250 157 33 containing
1707 1249 108 36 captain
1848 1249 53 27 and
1926 1252 46 25 ten
1998 1259 63 18 men

1438 1301 98 29 irrived
1561 1306 27 23 at
1610 1301 111 29 Wairau
1743 1301 55 31 bar,
1820 1300 157 34 Blenheim,
1998 1306 29 23 at
2048 1303 24 26 2.

1432 1354 101 28 o'clock
1558 1354 55 27 this
1638 1353 151 28 afternoon.
1829 1353 54 27 She
1909 1352 55 28 hal
1996 1352 67 29 been

1434 1407 86 28 blown
1545 1410 47 26 out
1613 1411 28 24 to
1655 1416 54 23 sea,
1724 1405 48 29 but
1791 1405 79 28 made
1895 1405 63 28 land
1981 1406 78 36 again

1431 1460 38 29 Of
1479 1460 180 36 twenty-nine
1675 1469 121 25 persons,
1818 1458 142 36 including
1981 1463 82 27 mate,

1431 1512 158 27 stewardess
1614 1510 53 28 and
1698 1510 53 28 five
1775 1519 118 24 women,
1923 1510 63 28 who
2017 1511 45 28 lefi

1430 1564 45 29 the
1506 1564 88 28 wreck
1624 1564 29 28 in
1685 1572 50 19 one
1776 1563 72 32 boat,
1888 1563 54 27 and
1975 1563 87 28 which

1430 1615 124 38 capsized
1593 1616 104 28 sixteen
1737 1616 79 27 miles
1854 1615 72 31 from
1966 1616 96 33 wreck,

1430 1669 65 36 only
1523 1679 50 17 one
1599 1678 65 18 man
1689 1668 50 27 has
1763 1678 29 17 as
1817 1672 47 31 yet
1888 1668 99 28 turned
2017 1677 45 27 up.

1430 1720 57 28 The
1525 1721 123 34 Penguin
1685 1720 48 28 left
1765 1720 178 35 Wellington,
1975 1726 28 22 at
2031 1722 31 26 11

1432 1767 54 30 this
1523 1769 129 27 forenoon
1688 1769 40 26 for
1763 1778 80 18 scene
1879 1768 30 27 of
1940 1767 123 30 disaster.

1430 1816 138 35 Captain's
1599 1825 82 18 name
1709 1816 23 27 is
1758 1816 168 35 Thompson.
1975 1818 89 27 Exact

1430 1872 79 19 scene
1523 1863 29 28 of
1563 1863 118 36 mishap,
1694 1863 23 27 is
1727 1862 123 29 between
1862 1863 137 29 Kaikoura
2010 1865 52 28 and

1430 1911 72 36 Cape
1516 1911 150 37 Campbell,
1681 1912 32 28 87
1735 1912 78 27 miles
1834 1912 81 28 south
1937 1912 29 28 of
1985 1913 80 28 latter

1431 1959 83 35 place.

1464 2046 37 27 As
1526 2046 42 28 far
1592 2056 29 17 as
1645 2046 23 28 is
1693 2051 27 24 at
1742 2050 108 34 present
1871 2046 99 30 known
1991 2048 73 29 there

1429 2103 69 18 were
1521 2095 33 27 47
1577 2094 72 27 souls
1672 2103 33 18 on
1729 2094 83 28 board
1831 2095 47 27 the
1892 2105 43 17 s.s.
1951 2096 114 28 Taiaroa

1430 2141 79 28 when
1531 2142 48 27 she
1600 2142 149 36 grounded,
1775 2145 33 26 30
1829 2153 160 27 passengers
2011 2145 53 28 and

1430 2189 32 27 17
1476 2188 30 27 of
1516 2198 15 18 a
1545 2198 78 18 crew.
1660 2189 87 28 There
1761 2199 44 18 are
1819 2191 32 26 14
1864 2191 82 27 saved
1963 2192 54 27 aud
2031 2193 32 27 33

1430 2236 123 30 missimr.
1591 2236 86 29 Three
1690 2236 85 29 ladies
1796 2247 71 19 were
1891 2238 91 29 saloon
2005 2249 43 26 pas-

1431 2291 127 29 sengers:
1590 2284 58 28 Mrs
1674 2284 170 33 FitzGerald,
1870 2286 60 28 wife
1961 2288 28 27 of
2017 2287 45 28 the

1431 2332 87 27 editor
1531 2332 30 28 of
1572 2333 45 26 the
1635 2333 117 27 Timaru
1771 2333 127 33 Herald;
1919 2334 58 28 Mrs
2000 2335 48 27 Gar-

1429 2389 58 25 ner,
1501 2380 55 28 and
1578 2380 59 28 Mrs
1658 2380 103 31 Gibbs;
1780 2381 66 34 also,
1862 2381 44 29 Mr
1926 2381 139 33 Vallance,

1433 2428 44 28 the
1491 2428 122 37 sporting
1627 2439 27 17 m
1663 2439 38 19 in.

1466 2477 58 29 The
1538 2478 86 28 vessel
1636 2479 24 27 is
1674 2478 60 29 well
1747 2479 28 28 in
1797 2478 89 34 shore,
1898 2478 64 29 with
1986 2479 81 29 about

1431 2525 40 27 six
1484 2526 53 28 foot
1550 2525 29 28 of
1591 2533 83 20 water
1693 2527 28 26 in
1744 2527 45 27 the
1813 2528 95 26 saloon
1932 2527 48 27 but
2002 2537 64 25 very

1431 2575 69 27 little
1514 2575 26 27 in
1558 2575 44 27 the
1617 2575 55 27 fore
1686 2580 68 30 part.

1549 2664 184 29 REEFTON
1759 2664 185 29 LETTER.

1704 2755 183 36 Wednesday,
1902 2757 75 34 April
1992 2758 39 27 14.

1467 2802 140 29 Reofton's
1632 2804 123 28 Autumn
1783 2814 60 17 race
1870 2805 120 33 meeting
2016 2806 51 27 has

1432 2852 76 19 come
1527 2843 54 28 and
1600 2854 80 23 gone.
1725 2843 59 28 The
1805 2844 120 36 peculiar
1947 2844 71 29 stsle
2042 2845 27 28 of

1431 2888 151 27 great-coat
1602 2883 60 26 that
1682 2882 144 35 envelopes
1848 2883 46 26 the
1917 2884 151 26 individual

1431 2923 28 23 to
1486 2919 45 27 the
1557 2919 83 32 heels,
1668 2919 66 28 with
1756 2918 35 29 its
1812 2919 185 29 combination
2020 2920 46 28 the

1431 2957 185 28 loud-colored
1642 2958 188 35 throat-wrap,
1854 2959 24 27 is
1905 2968 35 18 no
1971 2958 94 39 longer

1431 3004 64 20 seen
1510 2997 25 27 in
1551 3000 166 35 oiirjtreets,
1739 2997 45 28 the
1808 3005 113 20 wearers
1944 2998 29 26 of
1990 2998 79 31 theitf

1431 3031 70 32 have
1529 3035 137 36 dej*#|ff;i
1691 3040 27 36 tg
1739 3035 64 31 seek
1834 3036 71 28 fresh
1928 3036 87 29 Jields
2041 3042 25 23 to

1655 3074 121 33 meeting
1785 3075 20 26 it
1814 3082 56 19 was
1878 3083 30 18 as
1917 3075 148 27 successful

1431 3121 30 18 as
1473 3118 28 21 at
1515 3108 134 32 thi#i§lie
1663 3113 28 28 of
1710 3113 47 27 the
1770 3113 176 36 yoar,»conll
1968 3113 33 28 he
2023 3123 28 19 ex-

1431 3151 95 34 pected
1537 3159 6 24 ;
1564 3148 56 30 anrt
1640 3152 23 27 it
1684 3152 54 26 had
1758 3153 56 25 this
1838 3153 77 26 merit
1938 3152 60 27 that
2020 3153 46 27 the

1430 3188 87 35 fields,
1532 3188 104 38 though
1650 3190 77 28 small
1740 3190 40 29 for
1790 3194 72 24 most
1873 3190 28 30 of
1910 3190 45 29 the
1964 3195 101 31 events,

1431 3238 47 17 ran
1494 3235 27 21 to
1534 3229 62 27 win.
1645 3230 47 26 We
1712 3230 69 26 have
1795 3230 54 26 had
1861 3240 73 17 more
1948 3240 103 18 success-

1431 3265 39 27 fid
1484 3266 141 32 meetings,
1639 3266 92 35 higher
1744 3266 112 30 crowds,
1870 3276 75 18 more
1956 3276 109 26 money,

1431 3312 75 19 more
1521 3305 94 31 music,
1630 3305 53 27 and
1698 3314 76 18 more
1787 3305 154 33 swindling,
1956 3305 48 28 hut
2026 3315 40 18 we

1430 3351 83 18 never
1548 3343 56 27 had
1639 3352 16 19 a
1691 3343 93 35 bigger
1813 3352 80 26 array
1924 3343 29 28 of
1979 3345 87 27 talent

1433 3381 200 37 manipulating
1657 3382 85 36 pools,
1768 3381 54 30 and
1848 3392 103 25 games,
1979 3393 52 18 nor
2051 3393 15 19 a

1431 3426 124 30 stronger
1585 3428 106 20 muster
1722 3421 29 27 of
1779 3421 47 28 the
1856 3422 97 27 foorce.
2009 3423 56 27 The

1431 3458 120 28 weather
1566 3468 56 18 was
1645 3458 94 35 grand,
1764 3460 46 27 the
1833 3469 93 18 course
1948 3460 28 28 in
1998 3460 67 36 good

1431 3496 87 34 order,
1534 3496 47 30 but
1595 3497 45 29 the
1655 3497 163 30 attendance
1833 3508 55 19 was
1899 3499 88 31 small,
2011 3499 54 29 and

1431 3546 28 18 so
1475 3546 68 19 were
1557 3538 44 27 the
1612 3546 76 19 suns
1699 3538 94 35 placed
1804 3548 33 18 on
1849 3539 45 27 the
1906 3543 39 23 tot
1955 3539 111 28 dis.itor.

1431 3574 57 28 The
1504 3576 65 26 Reef
1572 3581 45 22 ton
1631 3576 105 34 Jockey
1756 3577 67 27 Club
1845 3577 49 26 hns
1917 3577 68 27 been
2007 3578 59 26 able

1431 3615 28 24 to
1471 3616 73 24 meet
1558 3613 35 26 nil
1607 3620 204 28 engagements,
1826 3614 52 26 and
1901 3614 147 28 find.them-

1431 3649 87 28 selves
1532 3650 64 28 with
1611 3660 15 18 a
1639 3651 81 27 small
1734 3651 111 27 balance
1859 3652 28 26 in
1901 3651 84 27 hand.

1466 3687 58 29 The
1583 3688 92 29 Called
1834 3690 143 40 Company
1999 3699 68 25 gave

1432 3726 71 29 their
1518 3727 51 27 last
1582 3728 186 35 performance
1780 3739 35 17 on
1830 3728 136 37 Saturday
1978 3729 88 32 night,

1433 3769 27 23 at
1484 3764 47 29 the
1556 3765 164 29 Oddfellows
1750 3766 72 32 ilall,
1848 3767 46 27 the
1920 3768 145 27 attraction

1433 3803 79 36 being
1559 3804 69 27 Won
1639 3804 35 36 by
1684 3814 16 17 a
1833 3805 80 28 when
1924 3805 44 28 the
1980 3805 71 28 build-

1433 3841 45 35 ing
1491 3850 55 19 was
1557 3841 48 28 full
1618 3847 26 22 to
1656 3842 194 34 over-flowing.
1889 3843 32 26 In
1933 3845 46 26 the
1991 3845 76 34 early

1433 3883 87 31 stages
1552 3880 29 29 of
1609 3880 47 29 the
1683 3881 73 36 play,
1783 3881 45 30 the
1854 3881 131 30 audience
2010 3893 55 18 was

1433 3920 103 26 treated
1552 3926 26 20 to
1592 3929 15 17 a
1622 3921 187 33 performance
1831 3926 29 22 at
1880 3921 66 27 each
1968 3922 53 27 end
2041 3923 19 26 oi-

1433 3955 44 27 the
1492 3956 65 31 hall,
1572 3956 46 27 the
1631 3956 169 38 impromptu
1814 3958 137 28 diversion
1964 3963 46 30 got
2031 3968 34 27 up

1433 4004 65 20 near
1510 3995 47 29 the
1571 3996 66 28 door
1658 3996 80 35 being
1760 3997 151 29 somewhat
1931 3998 134 32 startling.

1433 4034 57 27 The
1504 4039 70 23 seats
1588 4039 28 23 at
1628 4036 60 27 that
1701 4038 52 25 end
1767 4046 44 18 are
1826 4037 125 28 movable
1971 4038 95 32 forms,

1432 4072 66 28 such
1512 4082 29 19 as
1554 4082 45 19 are
1609 4074 65 27 used
1684 4073 28 28 iu
1721 4075 194 31 schoolrooms,
1934 4076 55 27 aud
2011 4074 56 30 will

1432 4116 58 24 seat
1514 4112 181 37 comfortably
1720 4113 40 28 six
1783 4123 31 18 or
1838 4123 81 19 seven
1944 4124 127 26 persons.*:

1432 4149 39 27 To
1485 4154 44 28 get
1543 4160 14 17 a
1571 4150 87 27 better
1671 4152 66 27 view
1752 4152 27 27 of
1790 4152 46 27 the
1850 4157 74 29 stage
1938 4154 129 35 standing

1432 4188 22 27 is
1465 4188 143 36 preferred,
1629 4189 55 28 and
1705 4189 28 29 in
1754 4190 60 29 that
1835 4191 118 37 position
1973 4192 98 37 nearljf*

1433 4227 96 28 double
1543 4227 45 28 the
1602 4229 117 27 number
1738 4229 58 28 fiud
1818 4240 76 18 room
1917 4238 35 20 on
1978 4230 86 29 them.

1433 4265 116 36 Already
1562 4266 59 33 iuli,
1635 4276 16 18 a
1663 4268 99 26 forlorn
1781 4268 152 27 individual
1955 4269 111 32 seeking

1433 4312 16 18 a
1473 4302 81 28 niche
1579 4304 29 26 of
1629 4304 162 35 advantage,
1816 4305 111 37 essayed
1953 4299 27 35 fa
2008 4306 61 28 tint}

1432 4342 128 35 standing
1573 4352 75 18 room
1663 4353 101 26 among
1777 4344 45 28 the
1837 4344 121 29 elevated
1978 4347 69 31 sight-

1433 4389 79 23 seers,
1526 4381 53 26 and
1593 4381 28 27 iu
1640 4381 42 27 his
1703 4382 63 27 rash
1789 4382 136 28 endeavor
1945 4389 26 23 to
1995 4384 69 28 force

1434 4419 111 26 himself
1555 4420 57 26 into
1626 4421 116 33 position
1757 4431 16 16 a
1786 4425 89 31 report
1891 4422 52 27 like

1433 4456 70 32 shot,
1515 4457 53 26 and
1579 4458 100 26 sounds
1689 4458 30 27 of
1722 4459 173 35 scrambling,
1903 4461 161 35 announced

1433 4494 45 28 the
1497 4500 57 23 seat
1576 4495 54 27 had
1644 4497 80 33 given
1739 4506 60 26 way
1813 4498 53 27 and
1880 4497 95 37 spilled
1989 4499 74 27 them

1431 4542 34 19 on
1479 4532 46 30 the
1543 4533 75 29 floor.
1664 4535 22 27 A
1708 4537 49 26 lew
1779 4536 29 27 of
1827 4537 78 27 those
1927 4537 63 28 thus
2013 4537 38 28 dis-

1432 4572 149 37 possessed,
1590 4572 102 37 having
1701 4575 190 29 communistic
1900 4576 163 34 tendencies,

1430 4610 55 28 and
1498 4610 134 37 believing
1644 4613 28 26 in
1686 4614 80 35 equal
1786 4614 96 33 rights,
1905 4619 36 28 to,
1960 4614 105 37 if*they

1432 4650 63 33 lose,
1509 4650 90 28 divide
1612 4652 79 33 again
1703 4661 5 24 ;
1727 4653 152 36 attempted
1894 4661 26 21 to
1934 4654 70 28 scale
2020 4655 44 28 the

1432 4689 107 33 heights
1552 4690 28 26 of
1590 4690 47 26 the
1651 4696 69 20 seats
1734 4701 65 17 near
1813 4692 85 31 them,
1912 4692 55 27 and
1975 4703 15 17 a
2001 4703 46 17 con-

1432 4727 133 28 tinuation
1580 4728 29 27 of
1619 4734 104 30 reports
1738 4729 174 36 proclaimed,
1931 4730 65 36 they
2019 4734 45 25 too

1431 4765 54 28 had
1499 4766 96 28 shared
1610 4767 45 28 the
1675 4777 75 18 same
1772 4768 63 29 fate.
1882 4769 57 27 The
1962 4770 103 31 tumult

1431 4803 131 36 resulting
1593 4805 148 36 developed
1772 4807 46 26 the
1854 4807 113 28 larrikin

1431 4851 50 26 pen
1485 4842 74 28 shies
1590 4843 29 27 of
1647 4853 51 18 one
1724 4853 29 18 or
1779 4849 55 24 two
1859 4849 117 32 present,
2003 4847 60 28 who

1431 4880 149 37 thereupon
1595 4890 68 18 were
1680 4882 134 36 suddenly
1835 4884 104 34 ejeced
1961 4884 35 36 by
2018 4885 45 28 the

1432 4919 93 36 police,
1540 4919 53 29 and
1607 4926 114 23 matters
1734 4922 105 28 calmed
1853 4922 89 28 down.
1980 4924 53 27 For
2047 4934 16 18 a

1432 4957 78 28 while
1523 4967 16 17 a
1552 4959 100 32 feeling
1665 4960 30 26 of
1705 4960 86 26 alarm
1811 4961 137 34 prevailed
1961 4972 102 22 among

1432 4995 44 28 the
1489 4996 100 28 female
1602 4997 108 36 portion
1724 4997 29 29 of
1772 4998 45 28 the
1836 4998 140 34 audience,
2001 5001 60 27 who

1432 5042 67 19 were
1536 5036 98 25 unable
1665 5040 27 21 to
1723 5045 79 23 guess
1832 5041 28 21 at
1893 5038 44 25 tho
1969 5046 50 18 can
2034 5048 23 16 e.

1432 5070 79 37 Upon
1525 5072 121 32 retiring,
1665 5071 46 28 the
1734 5071 89 28 debris
1844 5073 30 27 of
1893 5073 46 28 the
1959 5073 101 30 broken

1429 5118 70 21 seats
1513 5110 60 29 that
1586 5111 113 29 strewed
1714 5111 45 28 the
1772 5111 67 29 floor
1853 5113 124 29 revealed
1990 5115 69 28 what

1430 5150 85 26 havoc
1530 5150 52 26 had
1596 5150 67 26 been
1679 5150 88 33 made,
1783 5151 52 26 and
1856 5151 47 27 the
1925 5151 85 28 lessee
2033 5155 30 25 of

1430 5188 44 28 the
1489 5188 53 28 hail
1556 5188 49 28 has
1620 5198 59 18 now
1702 5188 106 34 enough
1835 5189 125 37 kindling
1983 5191 77 29 wond

1427 5226 27 27 in
1470 5227 75 27 slock
1566 5230 27 24 to
1616 5228 50 26 last
1687 5228 57 27 him
1769 5228 131 35 probably
1923 5230 69 26 until
2016 5229 52 29 tnV

1430 5265 57 30 first
1505 5275 84 19 snow.
1639 5266 57 28 The

1428 5315 72 26 pany
1514 5306 68 26 after
1596 5305 110 34 visiting
1727 5306 143 35 West-port,
1893 5307 54 26 will
1969 5312 92 23 return

1429 5350 26 21 to
1466 5343 134 28 Hokitika
1613 5344 26 26 in
1656 5344 65 27 time
1737 5344 38 27 for
1789 5345 45 26 the
1847 5353 61 18 race
1932 5345 128 36 meeting.

1429 5382 40 28 On
1484 5383 70 27 their
1568 5393 58 25 way
1642 5383 64 35 they
1722 5383 52 28 will
1790 5384 63 35 play
1868 5393 51 17 one
1932 5384 79 35 night
2032 5385 28 28 in

1429 5421 122 33 Reeftou,
1565 5421 41 29 for
1619 5421 46 29 the
1680 5422 98 29 benefit
1792 5422 30 29 of
1830 5422 47 29 the
1889 5422 136 37 Hospital,
2070 5421 1 40 j

1461 5461 58 27 The
1532 5461 53 27 late
1599 5460 57 27 find
1670 5470 27 18 in
1712 5461 45 28 the
1779 5461 86 27 Globe
1887 5470 73 27 upon
1981 5462 80 34 being

1427 5498 93 28 driven
1535 5508 33 18 on
1592 5498 123 28 widened
1738 5505 47 22 out
1807 5498 142 37 gradually
1971 5504 28 24 to
2021 5501 40 27 six
2070 5495 1 40 I

1427 5537 60 34 feet,
1499 5547 15 19 a
1524 5538 105 34 change
1639 5538 64 27 thus
1712 5538 137 33 occurred,
1861 5538 53 27 and
1926 5538 46 29 the
1983 5539 78 30 walls

1428 5578 160 32 narrowing,
1612 5582 76 22 stone
1706 5576 55 29 and
1783 5576 62 35 gold
1866 5578 174 36 disappeared
2054 5588 6 25 ;

1427 5614 47 27 but
1484 5624 15 17 a
1513 5615 49 27 few
1575 5616 53 26 feet
1641 5615 105 27 further
1759 5625 34 17 on
1807 5615 116 27 another
1942 5616 72 36 body
2033 5621 23 25 o!

1426 5657 76 25 stone
1517 5663 56 19 was
1586 5658 58 24 met
1656 5652 67 30 with
1737 5653 53 29 and
1804 5653 55 29 this
1871 5654 23 29 is
1907 5664 60 21 now
1981 5655 79 39 being

1426 5692 134 35 explored.

1460 5730 57 29 The
1543 5729 149 30 lukermau
1718 5730 54 34 has.
1792 5731 146 29 shortened
1963 5732 96 31 hands,

1426 5769 45 28 the
1481 5769 100 29 known
1592 5769 116 29 sections
1719 5771 29 27 of
1755 5771 45 28 the
1811 5771 61 28 reef
1879 5771 79 36 being
1968 5779 89 30 pretty

1425 5809 59 27 well
1498 5808 109 29 worked
1621 5815 57 26 out,
1688 5809 50 27 and
1752 5809 172 37 prospecting
1934 5810 53 29 will
1999 5821 59 19 now

1425 5847 69 29 have
1508 5851 26 25 to
1550 5848 29 28 be
1592 5847 120 29 resorted
1726 5851 35 25 to.

2125 175 36 29 At
2175 175 45 29 the
2234 175 52 30 Big
2299 176 90 29 River,
2403 185 16 19 a
2436 180 122 25 contract
2579 176 41 29 for
2642 176 78 29 head-

2093 224 59 18 nice
2167 215 48 27 has
2229 215 67 27 been
2306 215 59 29 iet..
2379 215 72 29 ~Tue
2465 217 107 27 tenders
2584 217 42 27 for
2642 216 81 28 aerial

2092 253 55 28 line
2162 262 67 18 were
2243 252 157 29 considered
2423 258 44 24 too
2489 254 76 33 high,
2586 254 54 28 and
2660 255 22 28 it
2702 255 23 27 is

2096 290 130 39 proposed
2239 300 60 19 now
2318 297 27 24 to
2351 292 152 29 Construct
2523 292 49 29 flit
2593 298 132 31 tramway

2096 331 53 28 and
2161 329 245 38 shootsf4iiese%ill
2416 342 34 25 go
2456 342 36 19 on
2499 331 225 36 simultaneously

2097 369 62 27 with
2173 370 46 26 the
2232 370 120 27 erection
2359 369 91 29 .bf.ihe
2465 372 114 34 battery,
2593 370 54 27 and
2660 371 28 26 in
2711 380 13 17 a

2098 415 46 21 tew
2159 406 113 29 months
2284 408 46 28 the
2346 408 147 35 Uig'lliver
2506 406 143 38 Company
2671 408 56 28 will

2097 446 29 28 be
2145 446 129 36 crushing
2299 446 54 28 and
2377 447 101 34 adding
2502 447 101 37 largely
2629 451 28 25 to
2682 447 46 29 the

2093 485 106 38 weekly
2212 486 86 31 yields
2311 489 29 25 of
2351 487 45 27 the
2405 487 114 29 district.
2540 488 9 9 '

2110 525 78 27 ./The
2201 525 46 27 Nil
2261 525 208 36 Desperandnm
2492 526 90 28 owinu
2603 528 28 24 to
2654 535 74 18 some

2097 562 108 36 mishap
2229 568 28 22 to
2281 563 46 27 the
2355 563 106 27 Wealth
2484 563 152 31 head-race,
2659 564 68 28 from

2098 601 110 26 whence
2239 601 63 35 they
2330 606 45 28 get
2401 601 70 28 their
2495 602 98 34 supply
2617 602 42 27 for
2683 603 46 26 the

2098 638 121 36 winding
2231 639 95 35 wheel,
2341 639 49 28 has
2404 644 48 23 uot
2464 644 46 32 yet
2529 639 76 28 baled
2626 639 33 30 all
2683 640 46 29 the

2100 684 80 23 water
2194 683 52 27 out,
2253 679 30 28 of
2289 679 45 28 the
2342 679 82 28 lower
2433 679 144 36 workings.
2615 679 113 30 Outside

2098 717 88 26 works
2199 726 46 17 are
2257 717 179 35 progressing,
2450 718 46 25 the
2509 717 122 35 paddock
2652 719 77 31 being

2099 755 27 29 in
2140 764 15 19 a
2170 755 113 29 forward
2297 764 21 19 si
2323 761 43 23 ate
2380 754 53 30 and
2445 754 45 30 the
2502 760 133 33 tramway
2647 760 27 26 to
2685 756 44 30 the

2098 796 109 27 Wealth
2223 796 104 27 battery
2340 795 80 31 being
2433 796 58 27 also
2504 796 110 27 started.

2132 834 59 29 The
2212 833 109 36 sinking
2340 834 30 28 of
2384 834 74 28 main
2469 834 74 28 shaft
2552 835 27 27 in
2590 835 45 28 the
2645 835 68 36 Keep-

2100 874 108 28 it-Dark
2222 874 22 28 is
2265 883 60 19 now
2350 874 78 33 being
2450 874 69 28 done
2544 873 34 37 by
2600 878 129 24 contract.

2101 912 54 27 The
2163 921 68 18 -men
2246 912 75 27 work
2334 912 69 27 from
2417 910 83 29 about
2513 912 16 27 4
2542 921 30 18 or
2592 914 16 25 5
2629 913 100 27 o'clock

2102 961 63 27 p.m.
2179 950 70 30 until
2263 952 16 28 8
2293 953 63 27 next
2365 950 137 35 morning,
2512 950 46 29 the
2568 949 74 31 shrift
2650 949 80 38 being

2100 991 126 34 occupied
2241 991 34 34 by
2290 992 45 25 the
2349 999 134 27 company
2497 991 98 32 during
2614 991 46 27 the
2678 991 52 33 day

2101 1029 39 28 for
2155 1028 102 35 raising
2279 1032 105 33 quartz,
2405 1028 54 28 and
2481 1028 129 34 lowering
2633 1027 98 29 timber

2103 1069 36 26 for
2152 1068 126 32 securing
2292 1069 45 26 the
2356 1072 98 30 stopes.
2492 1067 57 28 The
2573 1067 109 32 sinking
2704 1069 23 26 is

2101 1105 167 37 moderntely
2281 1105 68 33 good
2363 1105 54 27 and
2432 1105 20 28 it
2466 1105 22 27 is
2509 1105 84 36 likely
2613 1109 28 23 to
2662 1105 32 28 be
2716 1115 15 18 a

2099 1145 52 26 fair
2173 1145 101 35 paying
2294 1147 132 30 contract,
2448 1144 46 28 the
2516 1145 71 35 price
2608 1154 47 26 per
2676 1145 53 27 foot

2102 1183 78 32 being
2194 1183 38 27 £2
2248 1182 111 32 lGs.Gd.,
2374 1182 45 27 the
2433 1191 136 26 company
2589 1183 142 34 providing

2100 1220 162 42 everything
2286 1220 48 29 but
2359 1219 109 30 candles
2493 1219 54 30 and
2572 1220 158 37 explosives.

2100 1255 56 33 The
2167 1265 89 29 stopes
2267 1264 106 31 present
2385 1260 71 27 their
2466 1260 78 28 usual
2553 1270 177 26 appearance,

2101 1298 45 28 the
2159 1298 142 39 supply-of
2310 1303 77 24 stone
2401 1298 99 28 for-the
2523 1298 107 37 battery
2651 1298 80 33 being

2100 1337 103 36 readily
2217 1336 179 29 maintained.
2443 1337 44 28 Mr
2500 1337 42 28 W.
2557 1337 173 29 Hindmarsh

2102 1376 48 27 has
2165 1375 81 38 lately
2260 1375 66 29 been
2340 1375 148 38 appointed
2509 1376 69 37 legal
2600 1385 131 27 manager

2101 1416 29 27 of
2140 1415 54 28 this
2207 1425 144 25 company.

2135 1453 23 28 A
2179 1458 123 24 contract
2325 1453 42 28 for
2391 1455 50 27 250
2465 1453 55 29 feet
2543 1453 30 29 of
2594 1453 46 29 the
2666 1454 63 29 Low

2102 1492 80 27 Level
2189 1492 151 35 Company,
2349 1492 49 27 has
2401 1493 58 35 just
2468 1493 67 27 been
2544 1493 35 26 let
2586 1495 26 26 to
2622 1493 107 27 Messrs.

2101 1529 69 29 Crab
2184 1530 53 28 aud
2260 1530 87 28 Fitch,
2369 1535 27 23 at
2423 1530 35 29 -£2
2478 1532 31 27 0s
2529 1530 44 29 4d.
2595 1540 48 28 per
2665 1530 64 29 foot.

2100 1569 57 27 The
2171 1570 95 27 tunnel
2279 1570 23 27 is
2314 1570 28 27 in
2356 1570 68 27 2203
2438 1569 60 28 feet.

2134 1608 35 26 At
2182 1608 47 28 the
2243 1608 92 28 Venus
2357 1608 46 28 the
2425 1613 77 23 stone
2523 1608 28 28 in
2573 1608 47 28 the
2640 1612 90 33 stopes

2100 1646 49 28 has
2163 1646 120 30 widened
2298 1652 56 28 out,
2368 1646 54 28 and
2444 1646 46 28 the
2512 1647 104 36 weekly
2636 1652 98 32 output

2099 1686 22 26 is
2148 1694 60 18 now
2234 1685 134 28 sufficient
2394 1690 26 22 to
2445 1685 68 36 keep
2536 1686 91 27 fifteen
2650 1685 84 28 head-;

2100 1725 87 33 going.
2227 1724 122 35 Monday
2363 1728 63 24 next
2439 1723 81 34 being
2532 1724 47 29 the
2593 1724 53 36 day
2659 1723 71 30 fixed

2100 1772 33 18 on
2150 1762 39 29 for
2212 1772 14 18 a
2248 1763 109 33 general
2379 1763 76 28 clean
2479 1772 44 27 up,
2544 1763 116 28 another
2681 1763 53 28 five

2100 1801 49 27 has
2163 1800 64 29 been
2242 1805 41 23 set
2296 1801 81 33 going
2389 1801 27 28 in
2440 1801 78 28 order
2535 1804 28 25 to
2585 1801 98 29 reduce
2705 1811 30 18 as

2100 1839 80 27 much
2196 1849 30 18 as
2240 1839 116 35 possible
2366 1839 101 34 .during
2483 1839 46 28 the
2552 1840 75 27 time.
2676 1839 58 28 The

2100 1877 103 32 weekly
2217 1883 108 23 returns
2338 1876 70 29 from
2421 1878 46 26 the
2482 1878 86 36 plates
2582 1877 68 29 have
2667 1877 66 29 been

2100 1926 64 26 very
2178 1916 180 35 satisfactory,
2379 1916 54 28 and
2455 1916 45 28 the
2522 1916 108 35 general
2652 1916 83 29 result

2100 1957 21 26 is
2147 1955 129 35 expected
2299 1963 27 20 to
2347 1956 31 28 be
2400 1956 30 27 of
2449 1955 46 29 the
2518 1965 75 18 same
2614 1955 121 37 pleasing

2099 1997 106 24 nature.

2135 2042 57 29 The
2203 2041 156 38 Inglewood
2370 2041 112 30 cleaned
2491 2050 37 29 up
2539 2041 65 28 with
2617 2051 16 19 a
2643 2046 91 24 return

2101 2081 29 26 of
2142 2081 111 28 16dwts.
2269 2087 27 21 to
2309 2081 47 27 the
2370 2084 56 26 ton,
2441 2081 151 27 somewhat
2605 2080 52 28 less
2669 2081 66 26 than

2101 2129 55 19 was
2168 2120 138 36 expected,
2321 2119 45 28 the
2380 2118 82 29 boxes
2484 2125 48 22 not
2554 2118 113 36 turning
2688 2121 49 26 out

2101 2168 29 17 as
2143 2159 86 27 usual.
2266 2161 22 24 A
2302 2158 130 28 dividend
2445 2160 28 25 of
2482 2158 44 28 3d.
2535 2168 57 17 was
2602 2157 133 29 declared.

2101 2196 57 27 The
2172 2196 107 33 battery
2292 2197 23 27 is
2328 2196 77 33 hung
2417 2205 36 28 up
2467 2196 41 28 for
2518 2205 16 18 a
2547 2196 68 27 time
2629 2196 69 27 until
2721 2206 16 18 a

2102 2235 98 36 supply
2232 2236 29 28 of
2288 2240 76 23 stone
2394 2234 24 29 is
2448 2245 35 17 on
2515 2234 75 28 hand
2622 2234 30 29 iu
2688 2235 47 29 the

2102 2273 145 35 paddocks.
2284 2275 24 26 A
2320 2278 123 23 contract
2455 2276 41 25 for
2508 2274 109 34 driving
2636 2283 16 19 a
2673 2274 47 28 low-

2102 2312 68 29 level
2184 2313 95 28 tunnel
2293 2311 83 30 about
2389 2313 68 29 1000
2469 2312 63 34 feet,
2546 2312 49 29 has
2612 2311 68 30 been
2700 2312 37 29 let

2104 2351 33 35 by
2152 2351 54 28 this
2220 2360 145 28 company.

2137 2390 36 28 At
2192 2390 173 34 Boatman's,
2386 2389 47 29 the
2455 2389 105 29 Just-in
2585 2389 79 29 Time
2688 2389 49 29 has

2104 2429 110 28 effected
2228 2440 15 17 a
2248 2430 125 36 junction
2384 2428 120 29 between
2515 2429 52 28 rise
2577 2429 54 28 and
2643 2430 94 28 winze,

2104 2468 53 27 and
2172 2468 51 28 will
2239 2468 104 36 shortly
2358 2468 31 27 be
2404 2469 26 27 in
2444 2478 16 18 a
2478 2469 118 35 position
2619 2473 28 24 to
2667 2468 67 29 send

2104 2516 14 18 a
2132 2508 95 34 steady
2239 2508 100 35 supply
2352 2508 26 27 of
2391 2511 78 24 stone
2485 2512 28 23 to
2526 2508 56 27 the.
2593 2508 70 33 mill,
2683 2508 54 27 this

2104 2546 230 28 communication
2349 2545 103 33 having
2465 2546 165 35 thoroughly
2653 2546 69 28 venti-

2103 2584 70 28 lated
2199 2584 47 29 the
2260 2584 82 31 mine,
2364 2583 55 29 and
2440 2583 46 29 the
2507 2584 116 36 position
2643 2584 30 30 of
2691 2584 46 30 the

2104 2622 57 29 lode
2180 2633 50 18 en
2250 2633 62 18 now
2333 2623 31 28 be
2384 2623 154 35 accurately
2558 2623 179 29 determined.

2102 2661 57 27 The
2183 2661 196 27 Just-in-Tiine
2406 2660 128 28 tributors
2556 2661 70 27 hive
2646 2661 54 27 had
2719 2671 15 17 a

2103 2698 79 27 small
2197 2699 129 34 crushing
2335 2699 31 27 of
2375 2699 33 28 34
2422 2702 70 29 tons,
2507 2699 89 28 which
2610 2708 66 25 gave
2690 2699 47 28 the

2102 2737 130 28 excellent
2248 2737 71 35 yield
2346 2737 29 28 of
2398 2738 103 27 l2Bozs.
2522 2737 117 28 retorted
2663 2737 71 35 gold.

2103 2776 27 27 Ir,
2142 2777 22 26 is
2174 2786 59 18 new
2246 2782 115 27 country
2372 2777 89 27 where
2470 2777 55 27 this
2535 2786 56 18 was
2601 2777 136 34 obtained,

2103 2814 54 28 and
2170 2824 15 19 a
2199 2815 180 28 continuance
2393 2815 29 28 of
2438 2816 22 27 it
2481 2825 65 27 may
2568 2815 168 37 confidently

2104 2854 30 28 be
2148 2855 138 36 expected.

2137 2893 57 26 The
2219 2892 110 27 lleform
2355 2892 24 26 is
2405 2893 54 27 still
2484 2892 85 30 rising
2594 2893 28 26 in
2647 2893 90 35 pubic

2104 2929 83 36 favor,
2208 2929 148 37 especially
2379 2929 47 29 the
2453 2930 160 28 Boatman's
2637 2929 100 37 public,

2099 2969 42 37 jgr
2153 2969 104 34 pircels
2271 2969 29 27 of
2310 2969 70 34 scrip
2394 2977 45 20 are
2452 2969 174 36 continually,
2634 2969 56 27 find
2702 2979 35 25 ng

2104 3001 104 34 owners
2222 3009 127 31 amongst
2367 3006 83 31 those,
2637 3016 35 20 an
2697 3008 26 28 in-

2104 3046 95 27 timate
2213 3047 195 35 acquaintance
2423 3046 67 28 with
2503 3047 46 27 the
2559 3048 83 27 mine.
2679 3047 57 28 The

2102 3082 59 29 lode
2175 3084 23 27 is
2210 3084 55 27 still
2278 3084 81 34 being
2372 3085 94 27 driven
2486 3094 35 18 on
2540 3084 55 28 aud
2615 3089 122 34 presents

2104 3132 15 18 a
2133 3132 63 27 very
2211 3123 127 35 cheering
2351 3133 177 27 appearance.

2137 3162 57 27 The
2210 3163 79 35 Fiery
2302 3162 103 35 having
2417 3162 94 27 driven
2526 3162 71 28 their
2617 3162 71 28 level
2709 3165 28 25 to

2102 3199 47 30 the
2165 3201 83 29 winze
2262 3201 52 29 and
2330 3200 113 38 thereby
2455 3200 127 31 obtained
2596 3202 68 35 good
2674 3211 47 20 ven-

2104 3239 116 31 tilation,
2234 3250 44 16 are
2292 3249 62 17 now
2367 3241 119 32 opening
2504 3245 47 21 out
2570 3246 92 29 stopes
2683 3242 53 25 and

2103 3275 81 35 doing
2197 3276 74 28 work
2286 3276 60 28 that
2358 3276 54 28 will
2427 3276 96 28 enable
2537 3277 75 27 them
2633 3277 104 36 shortly

2101 3320 27 23 to
2142 3319 68 24 start
2225 3315 44 28 the
2288 3315 108 35 battery
2416 3315 55 28 and
2490 3315 103 36 readily
2612 3315 68 38 keep
2700 3325 36 27 up

2102 3353 45 28 the
2160 3353 98 37 supply
2272 3353 29 28 of
2312 3357 104 33 quartz.

2135 3391 58 29 The
2210 3393 135 27 Welcome
2358 3393 22 27 is
2394 3393 130 33 crushing
2536 3392 67 29 with
2617 3393 70 35 good
2697 3404 26 17 re-

2102 3433 85 30 turns,
2202 3431 46 28 the
2262 3436 77 22 stone
2353 3440 34 17 on
2402 3431 46 27 the
2459 3436 108 31 present
2577 3432 67 27 level
2656 3432 79 32 being

2102 3468 30 28 of
2159 3478 15 18 a
2193 3470 121 36 superior
2333 3469 104 37 quality
2457 3470 54 27 and
2532 3470 45 28 the
2596 3469 61 29 lode
2676 3471 59 27 well

2102 3507 115 29 defined.

2136 3548 57 27 The
2207 3557 59 19 new
2280 3548 18 28 fi
2309 3548 28 28 id
2351 3548 30 26 of
2396 3548 116 35 fleaphy
2526 3548 53 28 and
2594 3548 102 36 Corapa
2707 3558 28 21 ly

2102 3585 99 27 known
2214 3595 29 17 as
2259 3586 43 26 the
2316 3586 47 26 the
2379 3586 72 27 Lone
2466 3587 62 26 Star
2540 3586 81 32 lease,
2634 3587 21 26 is
2656 3585 2 33 1
2678 3586 57 28 said

2104 3628 25 22 to
2145 3622 31 28 be
2190 3623 46 27 the
2250 3623 58 27 best
2321 3624 103 27 surf.ee
2439 3623 75 28 show
2527 3632 63 18 seen
2605 3624 27 26 in
2652 3624 66 27 Boat-

2102 3662 89 25 man's
2203 3662 73 26 since
2290 3661 46 27 the
2352 3661 93 38 Hopef
2453 3661 18 27 il
2487 3670 56 18 was
2563 3661 169 28 discovered.

2102 3698 28 27 A:
2138 3698 68 36 good
2220 3701 92 26 extent
2325 3698 29 28 of
2370 3699 23 28 it
2415 3698 47 29 has
2485 3699 68 28 been
2573 3699 162 33 uncovered,

2103 3738 52 26 and
2175 3738 110 31 sinking
2303 3748 35 17 on
2358 3739 21 26 it
2398 3738 54 26 will
2473 3748 60 17 now
2558 3738 32 27 be
2610 3738 125 27 resumed

2103 3775 52 27 and
2174 3776 104 27 carried
2298 3781 27 23 to
2344 3785 15 19 a
2378 3775 84 38 depth
2482 3781 27 23 to
2529 3781 52 23 test
2610 3776 36 28 its
2676 3785 42 27 per-

2104 3823 142 25 manency.
2594 3814 107 29 Thady.

2205 3903 121 28 NOTES
2346 3904 104 28 FROM
2472 3904 158 29 NELSON.

2171 3988 84 37 (from
2268 3996 56 21 our
2336 3995 61 23 own
2411 3989 253 40 correspondent.)

2289 4073 18 21 a
2326 4074 113 21 special
2457 4076 83 19 visit.

2086 4114 155 28 '..lt.was
2261 4118 52 24 not
2331 4115 29 26 in
2379 4123 128 28 response
2529 4120 28 24 to
2578 4125 16 19 a
2614 4118 121 35 pressing

2103 4153 141 28 invitation
2284 4152 67 27 from
2384 4153 45 27 tho
2460 4154 130 27 directors
2626 4156 30 26 of
2689 4156 46 28 the

2086 4191 3 38 ;
2269 4191 105 37 Copper
2387 4191 108 37 Mining
2513 4191 152 38 Company,
2684 4203 51 21 nor

2220 4229 29 28 in
2272 4231 168 35 compliance
2459 4231 67 28 with
2546 4241 16 19 a
2582 4232 153 36 hankering

2101 4269 46 26 the
2167 4269 145 28 American
2335 4278 131 23 manager
2478 4269 53 28 had
2555 4273 27 24 to
2604 4271 77 28 show
2702 4281 32 18 us

2101 4304 87 30 round
2212 4306 46 27 the
2282 4305 106 34 works;
2416 4306 48 28 but
2488 4306 69 28 from
2585 4316 16 19 a
2627 4309 106 28 morbid

2101 4344 86 28 desire
2201 4349 27 23 to
2242 4354 43 18 see
2299 4345 41 27 for
2358 4344 137 30 ourselves
2514 4346 75 28 what
2608 4350 55 26 sort
2677 4349 30 27 of
2717 4358 16 18 a

2101 4383 61 27 li'ld
2182 4383 42 27 for
2245 4383 46 27 the
2310 4384 168 27 investment
2500 4385 29 27 of
2545 4394 16 18 a
2582 4384 52 28 few
2656 4396 76 26 spare

2102 4422 148 27 thousands
2265 4431 38 18 we
2317 4421 54 28 had
2384 4422 62 27 that
2462 4422 116 28 another
2596 4424 120 28 unbeliev-

2101 4461 44 33 ing
2159 4459 108 33 gentlile
2281 4459 54 27 and
2349 4460 100 35 myself
2460 4461 101 26 started
2573 4469 35 18 on
2620 4462 112 34 Sunday

2103 4498 124 32 morning
2239 4497 51 28 last
2303 4497 41 28 for
2357 4497 46 28 the
2420 4501 157 26 mountains
2590 4509 35 18 on
2641 4501 90 27 which

2100 4546 74 19 some
2188 4537 119 32 i;00,0(X)
2319 4536 29 27 of
2359 4536 100 29 Nelson
2480 4544 101 28 money
2594 4537 50 29 has
2663 4538 68 29 been

2085 4574 1 45 j
2101 4575 141 29 scattered.
2279 4574 174 37 Description
2466 4576 30 28 of
2505 4576 45 28 the
2568 4576 65 29 road
2647 4577 22 28 is
2683 4583 48 24 out

2101 4616 29 26 of
2140 4614 84 36 place,
2239 4614 52 27 and
2306 4614 49 26 has
2370 4614 110 28 beenso
2493 4616 155 34 frequently
2662 4616 68 29 done

2101 4653 87 30 before
2204 4655 34 34 by
2250 4660 138 26 amateurs
2401 4652 55 30 and
2475 4663 151 27 yoyageurs
2639 4654 28 29 in
2680 4665 51 20 our

2101 4692 67 30 local
2187 4691 161 28 luminaries
2368 4692 60 28 that
2449 4692 164 35 Immodestly
2636 4694 95 27 shrink

2192 4729 155 34 describing
2371 4729 45 29 the
2442 4730 120 30 beauties
2582 4731 29 27 of
2634 4737 96 22 nature

2085 4766 91 46 jj|ypse
2188 4769 112 35 literary
2306 4769 162 34 .gentlemen
2481 4778 50 27 say
2541 4769 65 36 they
2618 4770 110 29 viewed.

2154 4816 41 19 we
2217 4816 55 18 saw
2286 4816 55 18 was
2353 4807 48 26 the
2420 4807 80 28 usual
2520 4808 110 27 stunted
2655 4809 73 27 birch

2100 4850 77 28 treks,
2190 4845 91 29 which
2300 4849 74 24 meet
2394 4845 47 28 the
2461 4855 50 27 eye
2533 4846 29 27 of
2580 4847 45 28 the
2639 4857 90 27 weary

2100 4883 125 30 traveller
2235 4892 37 19 on
2284 4892 55 26 any
2351 4887 61 32 part
2424 4884 30 27 of
2470 4884 47 28 the
2535 4885 127 35 province
2677 4888 52 25 fate

2098 4933 29 18 or
2140 4923 128 36 curiosity
2281 4921 81 34 leads,
2368 4921 59 29 him
2441 4927 36 24 to.
2514 4922 27 31 It
2551 4923 24 28 is
2588 4923 140 30 described

2085 4962 1 37 j
2099 4962 34 35 by
2164 4962 45 26 the
2240 4962 114 26 anxious
2377 4965 152 31 prompters
2559 4963 31 25 of
2616 4964 114 35 railway

2098 5000 123 28 schemes
2242 5008 29 19 as
2321 4998 186 35 magnificent
2665 5001 46 29 Per-

2098 5039 67 32 haps
2179 5039 46 25 the
2239 5038 79 25 horse
2333 5037 61 26 who
2413 5038 73 26 drew
2503 5047 49 24 ray
2573 5038 86 26 friend
2675 5040 52 25 and

2098 5073 99 38 myself
2208 5078 26 25 to
2248 5073 46 30 the
2308 5074 74 27 mine
2395 5073 54 28 and
2463 5070 68 34 back
2545 5075 98 34 would,
2658 5076 23 27 if
2696 5077 32 27 he

2097 5114 54 30 had
2165 5113 45 30 the
2223 5113 103 36 faculty
2339 5113 30 28 of
2378 5113 106 37 speech-,
2495 5115 168 35 'pronounce
2682 5116 47 28 the

2096 5153 71 26 road-
2187 5151 111 37 capable
2321 5151 30 27 of
2369 5158 77 21 some
2467 5153 201 30 improvement
2689 5163 25 18 re-

2096 5191 114 33 garding
2282 5198 5 6 v
2289 5189 146 37 gradejß«on
2459 5190 45 28 the
2519 5190 63 28 hills
2605 5201 34 18 an
2651 5191 8 28 I
2681 5192 45 29 the

2098 5229 249 36 pebbles-invth|i,>
2348 5229 1 37 ,
2349 5237 65 19 rver.
2452 5230 55 26 But
2522 5239 38 17 we
2581 5235 48 31 got
2641 5231 86 32 there,

2096 5268 54 30 and
2172 5267 142 43 althqngli'
2325 5277 35 19 no
2381 5268 146 29 American
2550 5278 131 29 manager
2702 5270 29 29 of

2098 5308 153 37 reputation
2254 5308 13 17 v
2270 5308 69 26 Smet
2369 5317 40 22 us,
2434 5308 133 33 although
2591 5318 36 17 no
2657 5308 68 36 flags

2098 5355 66 18 were
2178 5345 96 35 'flying
2294 5345 29 27 in
2345 5344 85 28 honor
2442 5345 30 27 of
2489 5354 51 18 our
2558 5346 108 34 arrival,
2686 5357 41 18 we

2098 5392 56 22 met
2166 5385 101 27 -with.a
2281 5384 96 35 he-arty
2398 5384 210 37 welcpme\from
2630 5395 35 18 an
2679 5386 45 28 old

2097 5423 86 29 friend
2204 5416 275 40 whoni<Thftyie,i#g£
2491 5414 96 41 Wore
2597 5433 37 22 on
2651 5425 78 29 other

2098 5463 104 35 mining
2215 5462 97 32 works,
2326 5461 54 28 and
2395 5463 60 26 who
2476 5462 50 27 has
2539 5472 16 17 a
2568 5466 91 33 pretty
2677 5463 52 28 fair

2096 5501 94 27 notion
2220 5500 29 28 of
2271 5499 74 28 what
2369 5499 75 28 work
2468 5500 32 27 is.
2545 5500 78 29 Time
2648 5501 81 35 being

2098 5538 113 35 limited,
2237 5538 54 29 and
2315 5547 49 19 our
2390 5538 160 33 knowledge
2574 5539 31 28 of
2662 5540 66 37 high

2094 5579 82 35 grade
2301 5578 54 27 and
2566 5578 54 29 and
2648 5579 80 29 other

2089 5616 183 28 ■scientificate
2286 5616 111 35 phrases
2409 5615 115 34 limited,
2543 5626 40 18 we
2602 5618 126 28 confined

2097 5665 48 19 our
2157 5658 61 26 tour
2239 5653 30 31 of
2279 5654 150 37 inspection
2442 5660 28 24 to
2492 5658 47 25 the
2553 5655 88 29 works
2661 5666 67 20 near

2096 5700 28 22 at
2143 5694 84 32 hand,
2249 5694 55 27 and
2318 5693 65 28 with
2396 5694 185 28 considerable
2604 5696 82 35 profit
2698 5699 28 25 to

2096 5732 146 29 ourselves.

2129 5773 58 27 The
2217 5771 60 29 first
2305 5770 140 37 imposing
2472 5775 134 26 structure
2636 5774 90 28 which

2094 5806 174 36 strikes.one
2291 5811 24 26 is
2339 5811 46 27 the
2412 5813 153 31 manager's
2590 5813 135 27 mansion.

2095 5849 56 29 The
2171 5847 105 32 oiitsiJe
2297 5858 165 28 appearance
2486 5851 49 32 (we
2557 5849 47 31 did
2624 5855 49 25 not
2691 5861 33 27 go

2762 177 102 32 inside;
2883 178 42 29 for
2943 181 120 29 reasons)
3084 181 22 28 is
3125 181 155 35 elaborate;
3298 182 29 29 in
3341 182 54 29 fact

2763 216 64 27 with
2843 217 92 28 £I2OO
2947 227 94 25 a-ye>ir
3054 220 14 27 I
3081 220 79 28 think
3170 221 13 27 I
3193 221 77 28 could
3282 231 61 18 man
3355 232 40 25 ige

2761 256 29 26 to
2803 255 69 28 exist
2890 256 28 27 in
2942 256 128 29 tolerable
3084 259 115 28 comfort
3221 259 76 28 there
3308 268 7 25 ;
3335 259 61 29 that
3406 255 1 38 i

2763 293 22 29 is
2815 292 66 30 with
2913 304 35 18 ao
2979 297 152 29 occasional
3158 298 61 28 visit
3244 305 26 21 to
3297 298 98 37 Sleepy

2764 329 120 32 Hollow.
2929 334 59 29 The
3018 342 65 22 next
3113 337 80 36 thing
3221 338 98 28 strikes
3349 339 47 28 the

2763 371 132 32 olfactory
2917 382 99 26 organs
3035 373 29 28 in
3076 384 17 18 a
3106 385 66 25 very
3191 375 113 28 decided
3324 386 71 25 way.

2765 409 65 28 This
2845 419 54 18 was
2912 411 62 28 due.
2988 422 39 18 we
3045 413 94 34 found,
3163 420 26 22 to
3212 414 45 28 the
3276 416 120 33 roasting

2765 448 29 28 of
2804 448 46 28 the
2861 458 45 19 ore
2916 455 28 23 to
2954 449 74 30 drive
3038 457 49 23 out
3096 453 46 28 the
3149 453 123 36 sulphur.
3309 454 87 29 There

2765 487 22 29 is
2800 497 38 19 no
2848 487 85 31 doubt
2946 489 82 30 about
3040 491 47 29 the
3097 491 114 38 sulphur
3221 493 79 33 being
3309 493 87 29 there.

2751 526 1 39 ■
2767 526 13 26 I
2804 531 96 32 expect
2923 537 36 19 on
2984 538 48 27 my
3052 530 63 29 visit
3134 535 28 24 to
3188 531 83 29 Sheol
3291 537 27 24 to
3339 532 59 27 find

2751 564 1 43 I
2766 565 46 28 the
2825 564 110 30 climate
2956 566 188 37 impregnated
3165 569 67 29 with
3254 571 46 27 the
3322 580 74 19 same

2766 603 67 28 kuid
2845 604 31 26 of
2886 603 131 36 perfume.
3055 607 27 27 It
3094 608 22 26 is
3138 612 123 31 pungent
3281 610 48 27 but
3349 613 49 23 not

2767 642 67 29 nice,
2857 642 55 28 and
2934 642 13 28 I
2961 643 100 31 should
3074 655 49 28 say
3136 646 61 30 that
3217 649 20 26 it
3257 647 47 29 the
3323 647 74 29 wind

2768 692 55 17 was
2844 681 118 35 blowing
3076 686 46 29 the
3141 688 78 28 creek
3238 698 64 25 very
3323 689 74 27 often

2767 721 62 26 that
2853 721 21 25 it
2899 723 88 24 woull
3015 723 62 26 take
3103 733 74 18 more
3209 725 66 27 than
3311 726 87 26 £I2OO

2768 767 93 27 a-yea-
2885 762 28 25 to
2938 759 97 30 induce
3061 771 43 20 me
3128 767 27 25 to
3182 762 87 30 reside
3299 763 28 29 in
3354 764 44 29 the

2769 801 154 30 manager's
2936 802 135 26 mansion.
3108 803 58 27 The
3179 813 30 17 ro
3218 804 83 31 isting
3313 804 30 27 of
3352 804 45 27 the

2768 845 45 19 ore
2828 846 95 26 proves
2936 837 46 29 the
2996 847 127 27 presence
3142 841 31 28 of
3188 841 149 36 sulphides,
3349 841 48 29 but

2768 878 156 32 competent
2949 877 160 29 authorities
3133 880 100 28 inform
3264 890 44 18 me
3339 881 56 28 that

2769 912 55 28 this
2836 914 23 26 is
2872 913 36 34 by
2921 924 35 17 no
2971 924 94 18 means
3084 926 34 18 an
3138 917 150 28 indication
3308 918 59 28 that
3379 919 20 27 it,

2770 950 22 29 is
2839 956 44 24 too
2897 952 56 29 rich
3002 952 28 30 in
3044 964 108 28 copper.
3188 957 59 28 The
3260 965 92 24 ovens,
3372 958 24 27 in

2770 991 87 26 which
2873 992 45 26 the
2932 994 121 32 roasting
3064 994 24 26 is
3102 996 161 33 performed,
3277 1006 45 17 are
3332 997 66 26 buili

2768 1028 157 39 something
2949 1039 35 18 on
3010 1031 47 27 the
3078 1041 76 19 same
3175 1034 131 36 principle
3331 1043 30 19 as
3385 1044 13 18 a

2770 1069 119 27 German
2914 1068 74 29 brick
3008 1069 68 29 kiln,
3091 1071 46 27 the
3158 1071 66 29 heat
3242 1072 158 34 circulating

2768 1105 119 33 through
2914 1107 109 28 various
3057 1108 153 34 chambers,
3242 1119 29 19 so
3302 1111 60 27 that
3386 1121 14 17 a

2769 1144 98 34 charge
2888 1155 51 18 can
2963 1145 32 29 be
3015 1145 93 30 drawn
3127 1158 31 17 as
3175 1148 22 28 it
3219 1148 23 28 is
3264 1148 96 34 baked,
3373 1159 29 18 or

2769 1182 79 31 done,
2862 1192 32 18 or
2905 1184 117 31 roasted,
3039 1193 28 19 sr
3087 1185 42 27 wh
3137 1192 86 21 itever
3241 1186 46 27 the
3306 1196 97 26 proper

2770 1226 68 23 term
2853 1230 65 27 may
2932 1220 40 31 be.
3010 1222 55 29 But
3079 1222 14 29 I
3106 1233 45 19 am
3165 1224 83 35 going
3257 1224 87 30 ahead
3358 1229 44 26 too

2768 1260 62 27 fast.
2867 1262 52 27 Let
2931 1271 44 18 me
2988 1261 60 28 first
3061 1262 121 29 describe
3195 1264 62 27 how
3271 1265 21 26 it
3304 1270 58 30 gets
3374 1268 28 24 to

2768 1298 47 28 the
2827 1307 81 21 oven.
2942 1301 39 26 As
2998 1302 9 25 I
3022 1300 46 28 did
3081 1307 49 23 not
3142 1311 35 26 go
3195 1307 28 24 to
3245 1302 47 28 the
3313 1302 89 29 drives

2769 1338 36 27 let
2819 1347 31 18 us
2871 1348 117 26 suppose
3010 1339 61 29 that
3083 1342 47 26 the
3148 1351 47 19 ore
3216 1345 50 24 lias
3287 1342 114 28 reached

2768 1376 47 29 the
2839 1377 106 29 outsde
2970 1378 30 28 of
3021 1378 47 29 the
3098 1380 84 28 mine.
3219 1380 58 28 The
3303 1380 99 33 trucks,

2770 1415 89 29 winch
2881 1427 46 18 are
2946 1420 29 25 to
2998 1427 103 27 convey
3120 1419 22 28 it
3162 1425 27 23 to
3214 1420 47 28 the
3284 1420 118 31 smelter,

2770 1454 63 29 hold
2857 1454 84 29 about
2965 1465 16 18 a
3001 1463 56 21 ton.
3094 1457 66 33 But,
3186 1458 97 28 shades
3305 1458 31 28 of
3356 1458 38 28 tin

2767 1492 141 29 immortal
2921 1493 136 37 Stephen!
3095 1495 83 29 What
3187 1506 16 19 a
3213 1500 70 25 tram
3296 1497 7 28 !
3339 1497 29 28 It
3379 1498 24 27 is

2768 1532 30 27 of
2817 1542 16 17 a
2854 1540 66 28 very
2941 1542 107 19 narrow
3070 1543 102 25 gauge;
3198 1536 48 27 the
3271 1535 66 29 rails
3358 1546 40 18 art

2768 1572 75 26 4x2
2861 1570 86 34 birch,
2966 1572 55 28 and
3041 1574 138 34 protected
3199 1574 66 27 with
3285 1573 49 30 flat
3355 1575 48 28 bar

2770 1609 58 27 iron
2855 1609 122 29 fastened
3008 1613 28 25 to
3063 1611 48 28 the
3140 1613 63 27 rails
3233 1613 66 28 with
3330 1614 71 28 clout

2770 1647 78 33 nails,
2874 1648 54 28 and
2951 1648 47 29 the
3019 1649 54 29 line
3094 1651 24 28 is
3139 1651 101 35 mostly
3259 1660 96 21 curves
3376 1655 25 26 of

2771 1686 107 28 various
2891 1687 86 32 radii;
2994 1687 30 28 in
3037 1688 53 28 fact
3112 1689 90 28 where
3224 1690 75 28 there
3315 1701 55 18 was
3387 1700 14 19 a

2770 1724 103 30 chance
2885 1726 30 28 of
2924 1726 105 34 getting
3040 1736 16 19 a
3069 1726 40 29 bit
3121 1728 30 28 of
3160 1728 117 35 straight
3289 1729 54 29 line
3357 1730 45 28 the

2770 1763 129 36 engineer
2918 1765 108 28 seemed
3039 1770 29 23 to
3088 1766 89 36 prefer
3189 1777 16 17 a
3226 1776 91 22 curve,
3339 1769 63 29 aud,

2772 1811 35 18 on
2829 1811 16 18 a
2866 1801 92 35 bridge
2979 1803 83 28 about
3085 1805 35 28 80
3140 1805 54 28 feet
3215 1805 64 36 long
3300 1806 34 27 he
3355 1807 48 27 has

2772 1845 62 26 two,
2848 1841 90 27 where
2960 1845 21 23 it
2996 1841 86 28 would
3097 1843 70 27 have
3184 1842 68 29 been
3271 1845 87 27 easier
3376 1849 27 23 to

2772 1878 71 27 have
2864 1878 67 38 kept
2951 1888 16 19 a
2980 1880 117 32 straight
3116 1880 62 29 line.
3214 1881 72 32 And,
3308 1891 29 19 as
3350 1892 55 19 was

2774 1916 154 30 discovered
2937 1917 29 29 in
2977 1918 46 28 the
3031 1918 137 35 darkages
3177 1921 28 26 of
3210 1921 195 35 tram-oaking,

2772 1956 76 28 these
2871 1956 50 29 flat
2943 1958 60 27 iron
3029 1957 71 34 bars,
3124 1959 80 27 when
3237 1958 46 29 the
3314 1960 92 29 trucks

2774 1994 49 27 roll
2836 2003 66 19 over
2913 1994 86 34 them,
3019 1994 47 28 the
3078 1996 75 28 clout
3173 1996 71 28 nails
3262 1997 75 29 draw
3360 2003 47 23 out

2774 2042 31 18 or
2827 2032 84 30 break
2934 2033 74 29 their
3028 2033 85 29 heads
3132 2034 46 35 off,
3196 2035 56 29 and
3273 2036 67 30 then
3362 2037 45 29 the

2773 2073 60 26 iron
2847 2073 94 34 gently
2953 2073 73 27 curls
3038 2081 37 27 np
3088 2074 65 28 with
3168 2083 16 19 a
3196 2078 56 24 sort
3266 2075 30 28 of
3306 2076 101 28 defiant

2774 2109 385 38 keep-me-down-if-you-can
3168 2111 64 30 look
3242 2113 53 29 and
3306 2114 101 29 refuses

2774 2154 28 23 to
2816 2149 114 37 perform
2944 2150 47 28 the
3004 2149 77 29 office
3090 2151 130 36 expected
3229 2152 32 28 of
3264 2153 30 27 it.
3331 2154 76 27 Then

2775 2187 46 28 the
2850 2187 132 28 manifold
3012 2187 84 37 sharp
3123 2198 105 25 cnrveß,
3252 2193 51 26 not
3325 2191 82 34 being

2774 2226 173 29 constructed
2970 2226 66 29 with
3061 2236 17 19 a
3102 2236 98 28 proper
3222 2229 185 37 appreciation

2774 2265 30 27 of
2822 2265 46 28 the
2887 2266 67 27 laws
2974 2266 31 27 of
3022 2265 138 34 cohesion,
3180 2267 55 28 and
3247 2269 160 35 centrifugal

2774 2303 81 34 force,
2880 2313 46 20 are
2949 2308 49 24 not
3022 2303 152 31 calculated
3204 2310 29 25 to
3256 2315 80 21 canse
3360 2307 47 29 the

2774 2342 78 28 truck
2859 2346 27 24 to
2895 2342 70 35 keep
2974 2343 46 27 the
3030 2343 74 28 road.
3141 2344 78 37 They
3227 2346 180 36 occasionally

2775 2380 134 30 therefore
2933 2382 77 28 leave
3033 2381 31 31 it,
3085 2382 66 34 and,
3175 2382 105 37 having
3303 2384 50 30 left
3375 2386 31 31 it,

2774 2419 21 29 it
2807 2419 23 28 is
2844 2422 157 27 sometimes
3013 2420 115 30 difficult
3148 2422 41 28 for
3210 2423 48 29 the
3277 2433 130 25 manager

2775 2462 27 25 to
2822 2459 56 28 find
2901 2459 75 29 what
2998 2461 165 35 unexpected
3188 2461 132 29 direction
3342 2464 64 35 they

2774 2497 71 30 have
2866 2498 90 29 taken.
2993 2498 88 31 There
3100 2500 33 32 is,
3155 2499 14 29 t
3191 2511 46 17 am
3261 2501 145 35 informed,

2775 2546 15 17 a
2804 2542 156 31 prospector
2972 2537 64 37 kept
3056 2547 36 17 on
3106 2538 46 28 the
3175 2546 127 29 property
3315 2541 91 27 whose

2775 2575 66 36 duty
2854 2575 22 28 it
2888 2575 23 28 is
2924 2579 27 24 to
2964 2575 109 37 explore
3086 2576 46 27 the
3146 2577 97 32 gullies
3257 2577 86 30 below
3360 2579 46 28 the

2774 2619 135 32 tramway
2922 2619 28 24 to
2963 2615 94 28 search
3072 2614 43 30 for
3123 2615 47 29 the
3180 2617 88 28 debris
3277 2618 31 27 of
3314 2618 91 29 trucks

2774 2652 52 27 snd
2838 2662 54 18 ore.
2930 2654 88 26 When
3032 2655 155 31 successful,
3206 2655 46 27 the
3271 2655 136 29 ironwork

2774 2689 24 27 is
2818 2690 124 28 reserved
2966 2690 55 28 and
3040 2700 16 18 a
3069 2700 62 19 new
3152 2692 78 28 truck
3244 2692 22 28 is
3289 2692 67 30 built
3378 2701 27 21 to

2775 2730 31 26 lit
2817 2728 47 28 the
2878 2728 44 28 old
2936 2728 99 29 wheels
3047 2736 7 27 ;
3073 2729 46 29 the
3136 2730 101 29 timber
3248 2731 31 28 of
3294 2731 47 29 the
3361 2732 45 28 old

2775 2767 77 28 truck
2873 2769 24 27 is
2918 2768 48 28 left
2986 2768 76 29 there
3083 2769 41 28 till
3137 2769 22 29 it
3171 2769 24 29 is
3216 2770 124 35 wanted;
3359 2772 46 28 tiie

2774 2815 46 18 ore
2833 2805 23 28 is
2869 2807 48 28 left
2929 2807 76 28 there
3018 2812 54 26 too,
3085 2807 50 28 but
3147 2808 61 28 that
3221 2809 53 27 will
3287 2819 77 19 come
3378 2811 28 27 in

2774 2854 76 19 some
2871 2845 55 38 day
2946 2851 29 24 to
2987 2850 68 25 start
3068 2856 16 19 a
3096 2856 61 19 new
3169 2857 138 27 company
3328 2850 77 28 with.

2775 2884 79 31 Well,
2876 2889 29 21 to
2925 2890 45 26 get
2990 2893 51 23 on;
3061 2885 66 34 they
3147 2886 97 26 somHti
3257 2896 49 18 ues
3325 2892 45 26 get
3390 2897 15 17 a

2775 2920 79 28 truck
2866 2921 79 28 down
2957 2929 8 27 ;
2983 2922 21 27 it
3015 2922 25 27 is
3052 2930 34 19 on
3099 2923 95 28 record
3211 2923 60 28 that
3289 2932 51 21 one
3352 2924 55 37 day

2774 2960 52 27 last
2847 2960 76 28 week
2945 2970 16 18 a
2974 2970 64 18 man
3061 2962 147 27 succeeded
3229 2962 30 28 in
3280 2962 127 36 bringing

2774 2997 80 29 down
2867 3000 54 26 two
2933 2997 93 29 trucks
3045 3001 28 26 at
3085 3007 67 20 once
3164 2998 30 30 in
3206 3000 34 36 4£
3254 3000 92 35 honis,
3360 3001 45 29 the

2774 3037 88 29 whole
2874 3036 122 30 distance
3009 3038 30 28 of
3048 3042 56 25 two
3116 3038 96 35 miles;
3233 3040 47 28 but
3299 3040 34 29 he
3351 3052 55 17 was

2772 3075 92 35 lucky,
2895 3076 35 28 lie
2959 3085 56 19 was
3039 3076 41 27 off
3099 3077 48 27 the
3172 3077 56 28 line
3252 3078 66 37 only
3346 3080 61 27 fonr

2774 3114 90 34 times,
2894 3114 55 32 and
2980 3114 55 30 had
3059 3120 29 24 to
3116 3116 101 28 unload
3243 3120 28 26 to
3295 3122 46 28 get
3369 3127 38 20 on

2774 3153 81 33 again
2867 3153 67 28 each
2948 3154 75 30 time,
3037 3154 54 27 and
3106 3156 46 26 the
3165 3160 54 23 two
3240 3156 94 28 trucks
3352 3157 36 27 ha
3397 3158 10 26 I

2774 3201 52 20 one
2855 3191 55 30 and
2940 3198 140 32 a-quirter
3102 3197 63 26 tons
3189 3193 30 31 of
3240 3203 46 21 ore
3311 3194 30 30 in
3371 3205 34 20 on

2774 3231 99 27 arrival
2894 3235 29 24 at
2945 3232 46 27 the
3012 3233 127 27 machine
3152 3235 60 26 site.
3252 3235 88 26 When
3360 3236 47 27 the

2774 3276 45 18 ore
2850 3271 58 30 gets
2932 3268 77 28 there
3033 3270 22 26 it
3080 3269 58 27 first
3159 3279 64 24 goes
3246 3270 119 37 through
3391 3281 16 19 a

2774 3305 131 36 crushing
2926 3315 117 28 process,
3057 3306 67 30 then
3136 3308 23 28 it
3168 3308 27 28 is
3214 3308 82 29 taken
3318 3315 28 22 to
3359 3310 48 29 the

2774 3350 111 27 roaster,
2916 3344 56 28 and
3004 3345 66 29 then
3095 3350 29 24 to
3151 3346 47 28 the
3221 3348 186 36 water-jacket

2773 3383 121 33 furnace,
2907 3383 55 29 and
2974 3383 78 29 there
3064 3383 23 30 it
3097 3386 24 27 is
3139 3385 115 29 smelted
3266 3395 7 25 ;
3292 3391 28 23 at
3339 3388 68 28 least

2773 3421 62 29 that
2855 3422 23 28 is
2900 3423 75 27 what
2996 3422 66 36 they
3083 3423 96 29 intend
3198 3428 29 24 to
3248 3424 35 28 do
3306 3426 65 28 with
3386 3427 21 27 it

2774 3459 79 29 when
2883 3460 66 37 they
2976 3461 58 27 find
3059 3465 49 24 out
3130 3462 72 28 how.
3238 3463 82 27 Their
3348 3465 58 27 first

2774 3502 116 35 attempt
2904 3509 64 21 was,
2981 3510 31 19 as
3025 3499 14 29 I
3052 3499 57 30 told
3121 3511 64 27 yon,
3198 3511 17 20 a
3232 3500 107 38 failure,
3358 3503 49 29 but

2775 3539 64 35 they
2860 3539 70 28 have
2952 3539 74 28 since
3039 3539 161 36 dynamited
3211 3541 48 28 the
3280 3551 47 19 ore
3348 3547 57 29 out,

2772 3577 91 28 which
2876 3586 57 19 was
2951 3580 17 12 **
2979 3583 45 22 too
3142 3579 55 27 and
3210 3579 55 28 will
3277 3579 33 28 be
3322 3581 83 34 ready

2772 3614 83 27 about
2875 3614 46 29 the
2942 3614 104 28 middle
3059 3615 31 27 of
3104 3620 66 24 next
3181 3616 75 28 week
3275 3616 28 28 to
3324 3617 81 29 make

2772 3652 117 28 another
2901 3652 71 28 trial.
3010 3652 81 35 They
3113 3653 69 28 have
3195 3663 17 19 a
3223 3654 39 28 lot
3275 3655 30 27 of
3315 3664 75 20 neces-

2773 3698 63 27 sary
2862 3689 157 37 appliances
3041 3689 84 30 about
3148 3691 74 29 here.
3259 3692 15 28 I
3298 3693 108 29 noticed

2774 3728 65 28 with
2863 3729 124 35 pleasure
3014 3729 47 28 the
3091 3730 117 28 number
3236 3731 32 27 of
3288 3732 118 28 castiron

2772 3765 129 33 barrows,
2914 3767 42 27 for
2967 3766 118 33 moulds,
3098 3767 90 28 which
3202 3778 46 19 are
3261 3774 28 23 to
3301 3771 104 27 receive

2773 3805 46 28 the
2849 3805 85 28 metal
2964 3814 30 19 as
3017 3809 23 24 it
3062 3805 77 29 flows
3162 3806 72 29 from
3259 3807 47 28 the
3336 3808 71 29 blast

2772 3843 17 39 fi
2794 3852 54 18 irn.i
2854 3852 39 19 ce.
2928 3843 60 28 The
3000 3844 151 36 provisions
3163 3845 42 27 for
3214 3846 137 36 receiviug
3359 3847 48 28 the

2774 3881 83 29 metal
2878 3891 46 21 are
2947 3891 35 21 on
2996 3882 48 30 the
3065 3886 73 26 most
3157 3884 139 29 extensive
3316 3885 89 36 scale;

2772 3921 37 27 all
2830 3920 62 29 that
2913 3921 24 27 is
2957 3931 145 26 necessary
3125 3923 24 27 is
3161 3927 28 23 to
3208 3924 131 33 persuade
3360 3925 46 28 the

2774 3958 85 27 metal
2883 3962 28 24 to
2941 3958 72 34 flow,
3043 3958 58 33 but,
3129 3968 31 19 as
3183 3959 47 29 the
3259 3960 145 30 American

2774 4006 131 27 manager
2916 3997 153 38 exp-ained,
3085 3998 38 38 (to
3139 3997 47 31 the
3203 3998 141 37 directors,
3358 4004 48 27 not

2773 4040 27 24 to
2813 4037 53 35 me)
2882 4037 47 28 the
2940 4047 46 18 ore
2998 4040 24 25 is
3282 4040 78 28 Close
3370 4040 37 37 by

2773 4075 75 28 there
2878 4075 23 28 is
2931 4075 48 29 the
3003 4074 52 30 100
3078 4075 185 39 horse-power
3289 4078 117 35 turbine,

2772 4113 130 37 specially
2931 4113 137 40 imported
3102 4115 72 29 from
3202 4116 128 30 America
3365 4120 42 26 for

2772 4152 108 34 driving
2901 4152 47 28 the
2971 4153 44 26 fan
3029 4152 55 28 and
3102 4154 79 27 other
3192 4154 103 28 motive
3314 4164 91 28 power

2770 4190 43 28 for
2826 4190 45 29 the
2893 4190 89 29 works
3002 4191 29 28 in
3052 4192 120 33 general.
3209 4193 36 29 So
3257 4193 42 28 far
3316 4193 23 30 it
3356 4194 50 30 has

2770 4233 49 24 not
2831 4229 71 29 done
2923 4239 56 27 any
2991 4230 92 35 work;
3103 4240 31 19 as
3146 4241 17 18 a
3184 4236 101 25 matter
3302 4233 32 28 of
3350 4233 56 30 fact

2751 4266 2 41 |
2770 4268 74 26 since
2864 4268 21 28 ti
2907 4277 56 19 was
2984 4268 106 28 erected
3103 4270 22 27 it
3143 4278 57 19 was
3211 4270 86 28 found
3315 4280 75 19 neces-

2770 4313 62 26 sary
2859 4309 28 25 to
2912 4305 62 29 take
2998 4315 17 18 a
3040 4306 33 27 16
3103 4306 186 38 horse-power
3316 4312 87 26 steam

2770 4343 97 36 engine
2880 4353 37 28 up
2930 4350 28 23 to
2970 4343 36 30 do
3018 4343 48 30 the
3086 4345 84 29 work.
3208 4346 94 29 Water
3314 4356 91 29 power

2769 4382 24 27 is
2817 4382 117 36 cheaper
2957 4382 68 28 than
3050 4384 98 32 steam,
3172 4383 50 29 but
3246 4385 67 28 then
3336 4386 22 28 it
3381 4388 23 27 is

2768 4430 146 25 necessary
2938 4424 29 24 to
2991 4421 70 27 have
3085 4421 47 28 the
3156 4425 84 25 water
3262 4423 69 28 first.
3367 4425 37 28 At

2767 4458 48 26 the
2830 4458 151 36 Champion
2994 4459 75 27 mine
3083 4458 77 29 there
3181 4460 23 27 is
3224 4465 50 23 not
3292 4463 109 33 enough

2767 4496 43 28 for
2821 4506 16 17 a
2852 4498 33 26 10
2897 4496 78 28 horse
2997 4496 109 29 turbine
3118 4498 66 28 with
3198 4498 47 28 the
3268 4499 47 28 fall
3335 4500 67 37 they

2767 4534 80 33 have,
2862 4534 49 28 but
2923 4534 22 28 it
2958 4534 97 28 looked
3067 4534 46 39 big
3124 4538 29 26 to
3170 4541 47 30 get
3228 4546 17 19 a
3259 4538 50 27 100
3322 4538 80 29 horse

2767 4573 138 29 machiue.
2960 4573 61 29 The
3057 4573 148 31 American
3247 4580 155 33 manager's

2768 4612 112 27 method
2893 4613 31 26 of
2933 4612 124 34 building
3072 4613 79 27 dams
3164 4623 64 26 may
3238 4614 33 28 be
3284 4616 116 28 suitable

2751 4650 1 38 .
2766 4650 42 29 for
2821 4651 45 28 the
2882 4651 162 37 Mississippi
3056 4661 32 19 or
3100 4652 46 29 the
3169 4652 79 35 Ohio,
3271 4653 49 29 but
3333 4654 67 30 New

2767 4689 120 28 Zealand
2900 4695 115 22 streams
3025 4700 46 18 are
3081 4695 49 24 not
3139 4701 30 18 as
3179 4698 47 29 yet
3233 4693 167 36 sufficiently

2766 4726 125 29 civilized
2920 4732 29 23 to
2973 4727 33 28 be
3028 4727 66 38 kept
3115 4728 97 29 within
3236 4730 106 29 bounds
3363 4731 37 36 by

2751 4765 1 34 i
2765 4766 113 29 Yankpe
2891 4769 156 26 structures.
3083 4767 68 29 This
3163 4767 65 30 dam
3245 4774 57 23 cost
3316 4771 82 28 £B9O.

2767 4805 27 26 It
2807 4814 55 18 was
2882 4805 68 27 built
2970 4806 30 27 of
3018 4805 76 28 three
3115 4815 71 19 rows
3198 4807 30 27 of
3245 4808 60 36 logs
3316 4809 84 28 about

2751 4843 1 39 j
2767 4844 33 27 1G
2812 4843 54 28 feet
2879 4848 88 32 apart,
2979 4843 66 29 with
3059 4853 73 20 cross
3145 4847 51 27 ties
3208 4846 121 29 notched
3341 4847 58 28 into

2765 4881 48 27 the
2827 4882 203 33 longitudinals.
3066 4882 29 29 It
3106 4884 23 26 is
3141 4884 81 28 usual
3238 4884 66 28 with
3325 4894 71 20 com-

2751 4920 1 42 I
2766 4929 65 19 mon
2850 4920 108 36 diggers
2979 4925 27 25 to
3027 4922 113 29 treenail
3162 4922 46 29 the
3228 4924 52 28 ties
3298 4929 28 24 to
3350 4924 48 30 the

2765 4960 67 32 logs,
2854 4968 30 19 so
2906 4969 30 18 as
2956 4963 29 24 to
3007 4960 65 27 hold
3092 4961 47 27 the
3162 4966 124 31 separate
3309 4962 89 36 pieces

2751 4992 1 45 |
2766 4996 138 35 together;
2923 4997 47 30 the
2982 4997 146 30 American
3141 5006 104 29 system
3258 5000 140 37 dispenses

2751 5035 1 36 j
2765 5035 67 26 with
2847 5036 135 34 anything
2991 5037 28 25 in
3029 5037 61 26 that
3098 5047 70 24 way.
3204 5039 58 25 The
3271 5040 127 26 material

2751 5072 1 40 ;
2765 5072 110 36 usually
2898 5077 50 31 put
2967 5074 59 26 into
3046 5072 78 29 dams
3137 5074 28 27 in
3183 5074 56 28 this
3257 5075 97 37 colony
3374 5077 24 26 is

2765 5111 61 29 well
2851 5112 107 36 pugged
2976 5112 71 36 clay.
3094 5112 59 29 The
3174 5114 127 29 Yaukees
3322 5126 74 18 seem

2764 5155 29 22 to
2813 5150 80 28 shoot
2913 5152 29 25 in
2961 5150 77 28 loads
3050 5150 31 28 of
3095 5152 65 28 rock
3178 5152 57 28 and
3254 5162 56 26 any
3330 5154 68 27 kind

2764 5188 29 28 of
2803 5187 55 29 dirt
2871 5188 61 29 that
2944 5198 91 19 comes
3056 5188 104 38 handy.
3196 5190 67 30 This
3281 5190 67 30 kind
3369 5192 31 29 of

2763 5227 89 36 filling
2876 5229 23 26 is
2922 5232 50 23 not
2994 5227 167 38 watertight,
3185 5229 109 28 neither
3322 5231 24 28 is
3374 5231 22 27 it

2764 5265 138 30 adhesive.
2938 5265 79 38 They
3029 5265 72 31 have
3113 5267 57 29 also
3183 5267 127 31 different
3320 5269 76 30 ideas

2763 5314 31 19 as
2812 5308 29 25 to
2862 5305 63 28 how
2944 5309 28 24 to
2993 5305 82 28 caulk
3093 5306 47 29 the
3161 5315 87 28 upper
3265 5308 57 28 side
3341 5309 31 27 of
3380 5319 16 17 a

2763 5342 85 34 dam;
2866 5343 29 27 in
2916 5352 49 26 my
2982 5342 68 29 time
3062 5352 41 20 we
3121 5344 68 29 used
3210 5350 28 23 to
3256 5349 142 26 construct

2764 5391 16 18 a
2793 5382 64 35 long
2869 5391 84 27 apron
2967 5391 36 18 on
3016 5382 46 28 the
3075 5387 140 32 upstream
3228 5383 67 35 side,
3305 5385 90 29 which

2753 5446 7 7 t
2764 5419 65 30 both
2843 5420 194 35 strengthened
3050 5420 47 30 the
3115 5425 135 26 structure
3263 5423 55 29 and
3330 5423 63 39 kept

2763 5459 47 27 the
2822 5465 84 22 water
2913 5460 76 27 back.
3026 5460 59 28 The
3099 5470 61 19 new
3168 5465 104 32 system
3282 5471 114 28 appears

2765 5500 27 26 to
2805 5496 32 29 be
2852 5502 26 23 to
2891 5496 75 29 build
2980 5497 46 29 the
3038 5498 57 28 face
3111 5499 206 36 perpeudicular
3329 5501 67 28 with

2765 5535 66 38 logs,
2862 5536 55 28 and
2947 5535 67 30 then
3043 5536 64 30 take
3137 5547 75 19 some
3237 5538 103 30 barrels
3369 5540 31 29 of

2763 5580 110 23 cement
2884 5575 55 28 and
2952 5575 40 37 tip
3003 5576 75 28 them
3088 5576 58 29 into
3156 5577 47 29 the
3213 5581 111 27 stream.
3361 5579 35 29 In

2768 5613 64 28 Mew
2853 5613 120 28 Zealand
2996 5613 45 29 the
3065 5621 110 22 current
3200 5617 98 27 carries
3318 5626 78 27 away

2765 5656 124 30 cement;
2917 5651 22 30 it
2967 5652 118 39 perhaps
3108 5653 76 30 don't
3208 5653 30 30 in
3261 5655 135 31 America.

2766 5691 35 28 So
2824 5691 23 27 it
2870 5700 78 19 came
2972 5692 85 28 about
3080 5692 61 29 that
3165 5694 81 27 when
3275 5704 17 19 a
3316 5696 82 27 small

2766 5729 162 29 fresh'came
2940 5729 81 30 down
3035 5730 55 29 this
3102 5731 148 30 barbarous
3259 5733 79 30 creek
3346 5743 52 20 one

2767 5770 134 33 morning,
2926 5770 47 28 the
2996 5770 65 28 dam
3083 5770 78 30 burst
3179 5771 55 29 and
3253 5772 86 30 found
3362 5774 36 29 its

2766 5817 60 26 way
2839 5811 28 25 to
2881 5817 15 19 a
2910 5808 91 35 bridge
3014 5818 16 19 a
3041 5808 50 29 few
3101 5810 96 28 chains
3207 5810 80 29 down
3296 5817 102 23 stream

2768 5847 53 29 and
2834 5847 75 29 burst
2922 5848 59 29 that
2992 5854 44 23 too
3048 5857 6 26 ;
3073 5848 36 29 all
3117 5850 90 36 owing
3216 5856 27 24 to
3252 5851 146 30 American

3428 183 109 28 notions
3566 185 49 24 not
3645 180 81 37 being
3751 180 164 32 understood
3946 184 36 37 by
4012 194 49 19 our

3428 223 90 26 native
3533 221 91 27 rivers.

3463 261 39 26 To
3515 260 62 31 give
3590 267 35 19 an
3640 258 58 28 idea
3713 258 31 28 of
3753 259 45 28 the
3817 264 116 25 amount
3950 261 30 28 of
3996 262 52 28 fore-

3428 298 72 33 sight
3515 296 86 30 which
3617 296 48 30 h.is
3678 297 67 29 Wen
3767 300 132 27 exercised
3923 310 65 19 over
4007 301 55 30 this

3428 340 65 27 dam
3506 337 55 30 and
3582 338 109 28 turbine
3704 338 139 34 biuines-;
3863 340 47 27 the
3930 341 86 28 wheel
4039 343 24 26 is

3429 378 42 27 fed
3485 378 34 35 Ivy
3535 385 52 19 two
3600 376 93 28 9-inch
3708 378 76 34 pipes
3796 387 5 24 ;
3822 378 75 27 these
3920 379 59 27 load
3991 380 70 27 from

3429 427 16 17 a
3457 416 132 28 reservoir
3601 425 75 17 some
3689 416 35 27 30
3738 416 53 26 feet
3803 416 85 28 above
3906 417 47 28 the
3966 417 97 33 wheel,

3429 465 30 19 so
3472 454 60 28 that
3546 459 27 23 to
3587 453 67 38 kc-p
3668 453 75 29 these
3758 455 48 28 full
3819 465 15 17 a
3848 458 73 33 large
3944 456 70 36 body
4036 458 31 28 of

3429 498 85 24 water
3540 494 22 27 is
3588 503 151 26 nectary.
3786 494 66 28 This
3877 496 133 29 reservoir
4041 498 23 28 is

3430 533 123 35 supplied
3585 532 35 35 by
3646 542 16 17 a
3685 532 83 28 flume
3800 534 33 27 33
3862 534 95 27 inches
3986 535 78 34 wide,

3431 571 83 28 about
3537 571 41 27 six
3604 571 51 27 feet
3678 571 66 34 high
3766 580 66 19 near
3854 571 45 28 the
3923 574 141 32 reservoir,

3431 609 124 35 gradully
3569 608 46 29 red
3628 611 111 26 icin»to
3751 611 35 26 23
3798 610 95 27 inches
3904 611 26 26 in
3941 611 79 35 high:
4029 613 35 34 by

3431 648 46 28 the
3491 657 75 19 same
3580 647 35 29 wi
3627 648 48 34 Ith,
3689 648 94 36 giving
3795 658 17 19 a
3830 649 154 38 superficial
4003 660 63 20 area

3431 689 29 28 of
3471 689 50 27 000
3533 688 93 29 inches
3640 695 28 21 at
3681 689 47 28 the
3740 689 74 30 dam,
3828 690 46 27 the
3888 689 84 29 flume
3985 690 81 35 being

3432 727 82 26 about
3541 728 31 24 15
3598 726 95 28 chains
3720 728 28 25 in
3779 728 94 31 leugth
3905 728 159 31 altogether.

3433 765 34 28 At
3490 763 45 30 the
3558 764 62 30 dam
3642 765 22 29 it
3683 765 23 29 is
3720 764 43 31 fed
3777 764 35 40 by
3825 775 16 20 a
3862 767 33 28 10
3907 766 63 29 inch
3994 768 71 38 pipe,

3433 804 97 31 which,
3553 805 133 35 although
3708 805 22 27 it
3742 815 56 18 was
3814 808 127 34 carrying
3961 807 37 27 all
4019 808 47 27 the

3433 846 83 24 witer
3539 843 27 27 in
3592 843 46 29 the
3663 843 88 32 creek,
3773 853 56 20 was
3851 849 48 24 not
3920 855 50 18 one
3993 846 74 28 third

3434 881 65 33 full;
3518 882 28 27 in
3569 882 53 28 f:*ct
3645 892 16 18 a
3681 884 35 33 4£
3733 893 32 18 or
3787 886 16 26 5
3816 884 64 28 iuch
3902 884 61 35 pipe
3977 886 90 27 would

3433 929 77 26 cany
3523 919 35 28 all
3572 921 46 26 the
3632 926 84 23 water
3730 921 115 29 without
3863 932 56 26 any
3932 932 133 26 pressure.

3434 958 51 29 Yet
3497 957 56 29 this
3566 968 55 19 was
3633 960 74 29 what
3720 969 56 21 was
3788 965 29 25 to
3829 961 77 29 diive
3925 971 16 19 a
3960 962 106 30 turbine

3434 1007 19 16 r.
3464 998 109 34 quiring
3597 1004 53 21 two
3674 1000 94 27 9-inch
3793 1001 78 35 pipes
3900 1001 51 26 full
3981 1002 86 27 under

3435 1044 138 27 pressure;
3605 1037 159 37 practically
3789 1042 105 32 twenty
3927 1039 80 28 times
4036 1049 31 19 as

3436 1074 81 27 much
3531 1084 29 16 as
3570 1084 54 18 was
3632 1076 142 28 available.
3810 1078 68 27 This
3888 1077 18 28 d
3913 1088 48 22 tin,
3973 1078 93 32 flume,

3436 1111 130 29 reservoir
3579 1112 54 28 and
3646 1114 115 33 turbine,
3781 1124 46 19 are
3847 1116 36 27 all
3904 1116 110 29 useless.
4052 1117 14 28 I

3435 1149 76 29 don't
3533 1150 80 28 know
3633 1152 73 28 what
3726 1154 67 35 they
3814 1159 67 26 cost,
3901 1155 49 28 but
3969 1155 98 28 should

3436 1196 47 23 say
3497 1188 120 27 between
3631 1190 21 26 £
3662 1191 59 26 5000
3733 1192 54 26 and
3801 1194 98 25 £IOOO.

3470 1225 123 30 Another
3600 1227 78 37 thing
3685 1230 135 35 surprised
3829 1241 52 18 me.
3916 1230 56 30 The
3980 1232 88 29 works

3436 1274 45 18 are
3499 1265 70 28 built
3594 1276 34 17 on
3657 1269 45 26 the
3721 1269 57 27 side
3796 1270 31 26 of
3850 1270 47 27 the
3923 1272 145 27 mountain

3437 1303 44 27 All
3494 1303 46 27 the
3554 1313 45 18 ore
3612 1304 48 27 has
3674 1308 26 25 to
3714 1305 32 29 be
3759 1307 119 29 handled
3892 1312 28 24 at
3930 1309 70 28 least
4008 1310 60 28 four

3436 1343 80 26 times
3530 1343 68 27 after
3610 1345 129 32 reaching
3751 1346 46 27 the
3810 1354 59 20 sre.
3906 1348 24 26 A
3941 1357 128 20 common

3438 1380 66 29 New
3518 1380 118 30 Zealand
3650 1383 91 34 digger
3754 1385 88 28 would
3866 1385 69 30 have
3958 1387 111 29 utilized

3437 1420 46 28 the
3497 1420 74 36 slope
3585 1420 30 28 of
3636 1421 45 28 the
3704 1422 58 33 hill,
3784 1432 30 19 so
3836 1434 30 18 as
3887 1430 26 23 to
3936 1425 68 29 have
4027 1427 42 28 his

3438 1458 123 28 material
3575 1458 37 29 flu
3622 1459 8 27 1
3646 1460 33 28 its
3693 1470 60 27 way
3766 1461 35 37 by
3814 1463 165 32 gravitation
3993 1465 26 28 in
4034 1465 34 28 its

3437 1507 123 25 progress
3590 1498 70 27 from
3685 1509 51 17 one
3761 1509 108 26 procees
3895 1507 28 21 to
3944 1504 124 27 another.

3444 1535 58 28 This
3530 1536 98 35 simple
3659 1537 52 27 and
3737 1538 76 28 labor
3836 1541 97 35 saving
3958 1542 111 28 method

3436 1574 63 28 does
3513 1582 47 21 not
3572 1585 75 18 seem
3659 1582 26 22 to
3697 1577 56 27 find
3764 1578 76 28 favor
3848 1580 65 26 with
3925 1582 144 27 American

3442 1613 147 35 Engineers
3613 1614 31 28 of
3666 1617 163 34 reputation.
3878 1618 76 35 They
3982 1620 90 35 prefer

3438 1651 101 34 having
3555 1662 16 18 a
3592 1653 44 35 big
3656 1654 89 27 crowd
3765 1655 30 28 of
3811 1665 64 19 men
3897 1658 84 26 about
4001 1657 67 29 with

3437 1690 107 27 shovels
3567 1691 54 28 and
3647 1692 204 30 wheelbarrows
3872 1702 27 21 to
3921 1695 80 29 make
4022 1696 47 28 the

3436 1737 78 19 scene
3528 1729 61 28 look
3610 1730 88 34 lively.
3744 1731 27 29 It
3792 1733 134 30 iucreases
3947 1735 47 28 the
4015 1744 54 27 pay

3436 1766 85 33 sheet,
3534 1766 49 30 but
3596 1769 21 27 it
3630 1770 93 27 makes
3737 1770 45 28 the
3795 1781 131 23 manager
3937 1773 64 28 look
4017 1775 37 26 iiu-

3436 1808 110 33 portaut
3559 1813 27 21 to
3598 1806 70 29 have
3681 1818 16 18 a
3710 1808 37 28 lot
3761 1811 29 27 of
3801 1819 62 19 men
3878 1817 26 21 to
3919 1811 69 28 boss.
4033 1815 37 24 At

3437 1852 16 17 a
3478 1843 85 30 rouirh
3589 1847 162 25 calculation
3777 1848 46 26 the
3848 1858 45 17 ove
3917 1849 50 27 has
3988 1854 27 23 to
4037 1851 32 26 bo

3438 1879 137 30 shovellel
3606 1891 36 28 n;i
3672 1882 83 30 about
3784 1886 75 33 eight
3889 1888 80 27 times
3998 1888 71 29 from

3439 1919 166 33 leivingthe
3622 1922 90 28 drives
3731 1929 27 23 to
3781 1925 130 34 reaching
3933 1926 44 28 the
3999 1928 70 27 blast

3438 1958 112 29 furnace
3563 1968 5 24 ;
3590 1961 53 27 this
3653 1961 34 28 do
3698 1971 18 18 -s
3726 1965 48 24 not
3784 1963 107 28 iuclude
3901 1965 45 27 the
3956 1965 116 29 number

3439 1997 30 27 of
3480 1997 78 27 times
3571 1999 20 26 it
3605 1998 22 27 is
3645 2000 65 34 spilt
3731 2001 54 27 and
3807 2002 94 34 picked
3922 2012 36 27 up
3980 2013 91 25 again,

3440 2044 35 19 on
3488 2036 35 27 its
3537 2045 61 27 way
3610 2036 79 29 down
3704 2039 46 28 the
3772 2043 80 26 tram.
3897 2041 38 29 To
4024 2043 48 28 the

3441 2074 132 36 language
3598 2076 31 27 of
3649 2086 50 18 our
3723 2077 56 35 city
3802 2088 139 26 surveyor,
4026 2091 46 18 am

3442 2112 104 37 willing
3558 2118 28 24 to
3601 2114 77 28 stake
3700 2124 47 27 my
3770 2116 174 37 professional
3967 2125 90 31 reputa-

3441 2151 58 28 tion
3546 2152 61 28 that
3619 2153 47 27 the
3678 2154 134 37 handling
3824 2157 30 27 of
3864 2158 47 26 the
3923 2168 56 21 ore,
4001 2159 71 26 from

3439 2189 48 28 the
3500 2190 66 28 time
3580 2191 46 27 the
3641 2191 89 28 miner
3742 2192 49 28 has
3804 2198 50 31 put
3866 2196 21 26 it
3901 2196 104 28 outside
4027 2197 47 27 the

3440 2227 85 35 mine,
3539 2229 41 28 till
3598 2231 22 28 it
3632 2229 22 29 is
3675 2231 85 37 ready
3780 2232 42 28 for
3843 2232 45 30 the
3909 2234 120 34 furnace,
4050 2236 25 26 is

3440 2271 48 23 not
3513 2267 53 28 less
3587 2269 67 26 than
3678 2270 39 27 £k
3739 2279 47 27 per
3806 2277 56 22 ton.
3910 2273 72 27 With
4004 2274 70 33 good

3439 2304 90 34 roads,
3543 2306 53 29 and
3612 2306 45 29 the
3672 2307 74 29 utiliz
3757 2310 81 28 ittion
3851 2311 30 28 of
3896 2311 46 28 the
3965 2313 109 29 natural

3440 2344 167 35 advantages
3620 2346 32 27 of
3662 2347 46 27 the
3723 2349 60 26 site.
3820 2350 14 26 I
3850 2351 54 26 will
3925 2351 149 28 nndertake

3439 2385 29 26 to
3480 2382 36 28 do
3530 2383 45 29 the
3588 2394 75 19 same
3677 2386 74 28 work
3763 2387 56 28 and
3833 2388 80 29 make
3927 2389 20 28 it
3961 2399 53 27 pay
4028 2400 44 18 m-3

3439 2427 29 23 at
3480 2422 77 35 eight
3569 2423 134 34 shillings.

3474 2461 76 28 Your
3562 2472 80 26 space
3657 2464 54 27 will
3724 2468 46 24 not
3784 2465 78 28 allow
3877 2476 43 18 me
3943 2471 28 24 to
3991 2468 83 28 dilate

3439 2499 107 29 further
3569 2511 34 18 on
3629 2502 37 28 all
3695 2503 45 28 the
3769 2505 128 28 wrinkles
3927 2507 13 26 I
3967 2514 47 26 got
4045 2509 28 27 in

3439 2540 176 33 engineering
3639 2546 28 22 at
3693 2542 46 26 the
3768 2543 164 36 Champion,
3958 2546 47 27 but
4029 2547 45 26 the

3440 2577 130 28 directors
3594 2588 46 18 are
3662 2589 30 18 so
3714 2580 60 28 well
3796 2582 118 28 satisfied
3939 2584 65 29 with
4028 2584 46 28 the

3440 2626 123 26 progress
3579 2618 80 29 mule
3678 2619 55 28 and
3754 2619 47 29 the
3824 2627 137 30 prospects
3985 2624 90 27 before

3441 2655 85 31 them,
3540 2655 60 28 that
3613 2657 66 33 they
3690 2657 69 27 have
3770 2660 109 26 entered
3890 2662 57 25 into
3958 2662 117 27 another

3439 2697 160 26 agreement
3628 2694 42 27 for
3701 2695 33 26 12
3771 2697 112 26 months
3920 2698 66 27 with
4027 2700 47 27 the

3441 2730 144 29 American
3602 2731 135 36 Engineer
3756 2733 30 28 of
3807 2740 102 31 rep-.it-;,
3931 2744 29 21 at
3985 2738 89 28 i'l'iOJ

3439 2779 48 26 per
3500 2779 114 19 annum.
3660 2772 86 28 Other
3767 2775 96 34 people
3885 2775 68 28 have
3975 2783 49 20 not,
4043 2786 30 18 s)

3439 2808 82 27 much
3533 2808 67 29 faith
3612 2819 6 22 ;
3640 2809 39 28 for
3695 2811 12 26 I
3721 2812 204 31 unformattedv
3940 2815 100 28 cashed
4054 2826 17 17 a

3427 2848 1 41 !
3438 2848 95 34 couple
3559 2848 30 28 of
3610 2850 118 37 cheques
3755 2860 34 19 on
3816 2852 136 37 Situ.day
3977 2856 97 32 night;

3439 2886 54 25 and
3507 2887 101 26 B.N.Z.
3626 2889 47 24 his
3685 2898 74 17 .since
3771 2895 60 21 sent
3845 2901 15 15 a
3874 2897 46 21 not
3932 2902 29 16 ce
3976 2894 30 25 of
4019 2893 39 27 dis-

3427 2917 1 46 l
3438 2921 95 30 hoiior.
3582 2925 102 27 JJ.M.Z.
3700 2928 96 26 wasn't
3817 2928 71 27 cruel
3913 2930 108 33 enough
4044 2937 29 21 to

3427 2963 1 33 ;
3438 2970 50 26 say
3499 2963 79 30 ,the:-e
3593 2973 67 18 were
3674 2974 35 17 no
3722 2965 82 28 funds
3825 2967 47 26 but
3895 2967 112 29 advised
4029 2977 45 18 mo

3427 3002 40 25 :to
3784 3003 80 29 Faith
3880 3005 22 28 is
3914 3014 16 20 a
3944 3005 87 31 virtue
4062 3006 13 29 I

3427 3039 1 40 |
3439 3039 112 29 almire.
3591 3041 81 28 Faith
3686 3052 35 17 on
3736 3042 44 28 the
3794 3052 61 27 part
3876 3049 27 24 oi
3926 3046 101 28 Ii.X.Z.
4050 3048 24 26 i*

3439 3078 68 27 solid
3529 3079 54 27 aud
3605 3088 58 18 com
3676 3088 99 26 oriang,
3799 3083 45 26 but
3869 3084 78 26 when
3972 3085 100 27 LI.WZ.

3427 3111 1 51 I
3439 3126 48 18 seu
3496 3116 24 28 Is
3531 3116 76 30 those
3617 3118 47 28 kin
3675 3118 22 28 Is
3706 3118 33 30 of
3742 3111 73 38 billet
3823 3120 71 30 donx
3902 3125 102 27 toconli
4017 3123 56 35 ling

3427 3154 1 47 j
3439 3156 161 35 depositors,
3613 3158 67 26 then
3695 3168 46 25 my
3754 3168 70 18 conn
3834 3160 75 28 lence
3928 3161 28 27 in
3976 3172 99 26 copper

3427 3195 1 47 j
3441 3195 98 34 iniues,
3553 3195 144 30 American
3721 3207 152 26 managers.
3923 3206 43 23 too
3989 3202 56 29 rich

3427 3229 1 46 !
3440 3243 60 18 ores
3514 3236 54 25 anil
3581 3236 90 26 clever
3683 3236 154 33 financiers,
3852 3243 57 25 <rets
3923 3240 96 35 sluky.

3427 3264 1 52 J
3553 3278 168 22 LIABILITIES
3741 3281 34 19 0?
3794 3281 165 23 COMPANIES.

3427 3308 1 40 ;
3441 3309 23 26 A
3478 3318 67 28 very
3552 3308 196 37 objectionable
3760 3315 118 33 practice
3888 3315 48 27 has
3948 3315 107 29 obtahie
4066 3317 9 27 I

3439 3346 30 29 in
3481 3348 110 37 mining
3603 3351 158 34 companies
3772 3351 103 28 :—that
3890 3354 30 26 of
3940 3353 117 37 hypothe-

3439 3386 93 37 cating
3546 3387 69 28 their
3628 3388 74 28 calls.
3740 3389 26 28 It
3782 3400 63 26 may
3859 3391 31 28 be
3911 3392 96 29 within
4028 3395 47 27 the

3438 3424 64 28 four
3514 3435 108 19 corners
3636 3429 30 25 of
3683 3427 45 28 the
3751 3428 51 28 Act
3821 3429 41 28 for
3885 3430 45 28 the
3945 3431 130 30 directors

3439 3466 28 25 to
3481 3464 60 32 give
3556 3469 173 32 acceptances
3746 3466 41 28 for
3808 3471 131 25 accounts
3960 3469 53 29 due
4036 3472 26 27 Im-

3438 3502 137 35 material,
3589 3504 169 38 machinery,
3772 3506 56 35 &c;
3847 3508 22 28 it
3881 3518 65 26 may
3959 3508 32 29 be
4001 3511 74 36 quite

3427 3543 1 40 ;
3438 3543 165 35 compatible
3617 3544 66 27 with
3699 3544 71 28 their
3782 3546 75 28 ideas
3870 3547 31 27 of
3909 3548 165 35 forwarding

3439 3581 47 26 the
3499 3580 126 28 interests
3635 3585 27 24 ot
3676 3582 45 28 the
3733 3583 192 29 shareholders
3945 3586 67 29 thev
4033 3596 38 18 re-

3427 3614 1 41 I'
3438 3622 117 31 present,
3570 3623 27 23 to
3610 3619 125 28 discount
3748 3621 89 28 fuiure
3850 3623 66 26 calls
3927 3630 7 25 ;
3954 3623 54 28 and
4020 3625 21 27 it
4050 3624 24 28 is

3438 3664 66 26 very
3518 3656 125 28 laudable
3660 3657 41 27 for
3723 3657 76 29 them
3821 3663 28 24 to
3869 3661 155 28 endeavour
4045 3668 28 21 to

3438 3692 83 29 foster
3533 3693 47 29 the
3590 3694 107 36 mining
3707 3696 146 29 industries
3863 3697 31 28 of
3900 3698 46 29 the
3956 3700 99 33 colony
4066 3708 7 19 :

3438 3731 50 29 but
3500 3733 15 27 I
3528 3734 90 26 would
3632 3739 111 23 venture
3757 3738 28 25 to
3793 3736 121 33 observe,
3925 3738 61 27 that
3996 3739 76 27 there

3436 3770 24 29 is
3473 3770 66 29 such
3553 3781 17 17 a
3582 3771 80 36 thing
3674 3782 30 18 as
3720 3772 154 35 discretion,
3895 3775 30 27 in
3944 3776 129 37 pledgiug

3438 3809 47 28 the
3498 3809 86 29 credit
3596 3810 30 28 of
3636 3821 35 17 an
3684 3811 170 36 incoqnrate
3864 3813 9 27 1
3884 3823 145 28 company,
4042 3826 31 17 or

3436 3847 82 28 when
3530 3847 61 29 that
3604 3849 22 26 is
3638 3849 158 28 considered
3812 3859 146 29 necessary
3979 3861 31 19 or
4028 3863 29 19 ex-

3439 3886 119 37 pedient,
3572 3887 27 28 in
3612 3887 56 30 fore
3684 3887 96 36 tailing
3791 3889 72 29 their
3878 3890 66 29 calls
3964 3890 108 38 beyond

3439 3925 46 27 the
3507 3930 117 23 amount
3644 3927 67 34 they
3733 3937 65 25 may
3819 3929 177 35 legitimately
4021 3932 53 26 call

3438 3970 38 29 up
3500 3962 100 35 during
3623 3963 48 28 the
3695 3972 131 28 currency
3850 3965 31 28 of
3902 3966 72 28 their
4000 3966 71 30 bills.

3438 4001 191 38 Independent
3642 4002 31 30 of
3681 4002 117 38 keeping
3811 4004 75 29 these
3896 4005 137 31 liabilities
4043 4007 29 29 in

3441 4041 77 32 view,
3532 4042 47 27 the
3592 4052 131 25 expeuses
3732 4044 30 26 of
3768 4044 47 27 the
3826 4054 147 26 company,
3982 4046 91 28 which

3439 4079 76 34 have.,
3525 4084 26 24 to
3565 4080 31 28 be
3612 4090 56 18 met
3682 4081 65 28 with
3766 4081 68 29 hard
3856 4083 76 34 cash,
3955 4084 66 27 such
4042 4095 31 18 as

3438 4128 100 27 wages,
3568 4125 146 30 payments
3743 4121 55 27 and
3833 4127 146 28 contracts,
4015 4123 57 34 &c,

3439 4162 75 22 must
3526 4158 164 35 necessarily
3704 4158 31 27 be
3749 4160 130 34 provided
3892 4160 49 32 for,
3959 4170 29 19 so
4010 4162 62 28 that

3438 4195 22 29 it
3473 4196 22 27 is
3509 4197 159 35 manifestly
3687 4196 160 38 imprudent
3868 4199 55 28 and
3945 4200 125 37 culpable

3438 4235 42 28 for
3491 4235 47 28 the
3552 4235 129 29 directors
3693 4237 31 27 of
3732 4245 55 26 any
3808 4238 71 34 joint
3901 4238 76 28 stock
3996 4249 54 19 com-

3439 4282 73 25 pany
3521 4277 27 22 to
3557 4276 44 29 get
3615 4279 48 22 out
3671 4274 30 27 of
3708 4275 71 27 their
3784 4275 85 35 depth
3882 4277 29 26 in
3918 4276 149 35 financing.

3438 4310 53 28 Yet
3503 4310 59 29 that
3575 4311 66 28 such
3656 4312 94 34 things
3763 4321 44 20 are
3819 4313 71 28 done
3901 4322 6 25 ;
3928 4313 60 29 that
4000 4324 52 19 min-

3437 4349 48 35 ing
3497 4350 156 36 companies
3666 4350 79 29 incur
3756 4351 139 29 liabilities
3914 4353 67 36 they
4001 4354 70 29 have

3437 4387 67 36 only
3516 4397 16 18 a
3544 4393 104 23 remote
3661 4390 102 27 chance
3774 4391 30 27 of
3811 4392 120 33 meeting
3938 4391 23 27 is
3971 4402 16 17 a
3996 4391 73 35 fact;

3436 4426 56 26 and
3509 4426 78 28 there
3606 4427 25 27 is
3653 4428 67 35 only
3744 4431 46 25 too
3812 4430 84 26 much
3920 4439 97 19 reasou
4041 4436 28 22 to

3434 4462 105 29 believe
3553 4464 60 28 that
3625 4465 47 27 the
3685 4474 201 28 consequences
3899 4471 28 23 to
3940 4468 130 28 creditors

3434 4501 57 28 will
3503 4501 32 28 be
3549 4503 157 28 disastrous.
3744 4504 28 27 It
3783 4506 24 26 is
3819 4505 36 27 all
3868 4514 67 27 very
3947 4506 61 28 well
4028 4508 43 27 for

3434 4539 47 28 the
3493 4539 131 30 directors
3636 4542 31 27 of
3676 4551 16 18 a
3710 4550 137 29 company
3868 4547 27 24 to
3916 4544 115 30 endorse
4052 4556 17 18 a

3434 4576 47 30 bill
3506 4578 31 29 of
3554 4579 146 36 exchange,
3723 4581 54 28 and
3800 4591 61 27 pass
3880 4582 22 29 it
3922 4592 65 19 over
4007 4589 27 23 to
4053 4595 16 18 a

3433 4617 118 28 creditor
3562 4628 30 18 as
3608 4624 131 30 pavruent
3753 4619 30 28 of
3800 4621 43 27 his
3864 4627 137 29 account;
4020 4622 50 29 but

3432 4655 25 28 if
3464 4655 47 29 the
3525 4656 47 29 bill
3584 4658 23 27 is
3620 4657 166 30 dishonored
3799 4659 75 29 what
3883 4670 124 20 resource
4018 4661 48 30 has

3433 4694 46 28 the
3492 4696 116 27 creditor
3619 4698 7 25 !
3662 4698 59 26 The
3734 4698 131 27 directors
3877 4699 88 27 shield
3977 4700 72 27 them-

3433 4732 84 28 selves
3537 4732 37 38 by
3596 4734 46 28 the
3663 4736 210 35 precautionary
3894 4745 125 20 measure
4041 4738 30 29 of

3432 4770 112 36 aflixing
3557 4772 46 29 the
3620 4774 56 27 seal
3698 4774 30 27 of
3746 4774 45 28 the
3814 4785 136 27 company
3972 4782 28 22 to
4021 4778 47 28 the

3432 4809 156 35 document,
3601 4811 54 28 and
3669 4811 23 27 if
3700 4812 47 27 the
3763 4821 138 28 company
3921 4823 64 26 goes
4006 4816 60 28 into

3431 4847 171 37 liquidation,
3616 4849 46 28 the
3675 4850 118 29 creditor
3803 4856 60 30 gets
3876 4852 75 28 what
3967 4852 35 28 he
4014 4863 52 19 can

3431 4887 70 27 after
3513 4887 45 28 the
3571 4891 77 24 court
3659 4889 55 27 and
3725 4889 160 36 liquidators
3895 4891 113 33 charges
4018 4901 48 19 are

3431 4925 82 29 taken
3537 4931 65 30 out;
3621 4926 76 29 these
3720 4927 31 28 of
3768 4938 95 20 coarse
3887 4938 45 20 are
3956 4939 37 19 on
4016 4931 48 29 the

3431 4965 78 27 usual
3523 4965 93 27 liberal
3634 4966 81 27 scale.
3753 4967 55 26 But
3827 4968 77 27 there
3926 4969 23 26 is
3970 4979 17 17 a
4008 4971 57 26 still

3431 5012 75 19 more
3522 5002 152 35 dangerous
3695 5005 117 34 practice
3833 5006 29 28 in
3885 5016 88 23 vogue
3996 5007 67 30 than

3431 5041 46 25 the
3500 5041 94 34 giving
3617 5042 31 26 of
3667 5042 15 25 b
3692 5042 35 26 lis
3746 5042 36 35 by
3804 5053 16 16 a
3839 5053 147 26 company,
4008 5048 57 25 and

3431 5077 59 28 that
3503 5077 23 28 is
3540 5078 46 28 the
3600 5077 93 38 taking
3706 5079 30 27 of
3746 5079 76 28 them
3836 5090 30 18 as
3887 5088 130 31 paymeut
4036 5084 32 28 of

3430 5117 67 28 calls
3511 5117 62 29 due.
3617 5118 67 28 This
3704 5128 66 27 may
3789 5119 33 29 be
3843 5120 102 29 almost
3966 5122 98 30 looked

3431 5164 72 27 upon
3516 5164 30 19 as
3560 5155 120 34 a'crim?,
3694 5157 42 28 for
3747 5157 47 28 the
3807 5157 52 30 Act
3867 5167 110 21 assume
3984 5178 7 10 >
4001 5160 62 29 that

3429 5193 66 29 calls
3507 5193 70 29 shall
3592 5194 33 29 be
3638 5195 63 35 paid
3714 5196 28 27 in
3765 5197 75 28 cash.
3887 5198 109 35 During
4017 5200 47 29 the

3429 5232 148 29 Terawhiti
3591 5233 80 28 Reefs
3685 5234 81 27 boom
3778 5235 30 28 in
3820 5236 177 34 Wellington,
4008 5242 54 25 two

3429 5282 30 19 or
3471 5271 75 30 three
3558 5282 80 28 years
3650 5282 59 28 ago,
3732 5272 61 31 bills
3815 5285 70 20 were
3904 5275 157 40 frequently

3429 5312 79 33 given
3522 5313 40 26 for
3573 5312 77 32 calls,
3664 5313 47 27 the
3730 5314 31 26 sh
3772 5324 52 17 ires
3846 5315 82 33 being
3949 5317 64 27 held
4034 5317 30 28 in

3429 5355 72 22 most
3513 5359 75 19 cases
3600 5350 42 28 for
3653 5351 166 36 speculative
3836 5362 149 28 purposes;
4004 5355 57 28 and

3428 5388 81 28 when
3523 5389 45 28 the
3581 5388 98 30 bubble
3692 5390 76 28 burst
3780 5393 61 26 ruin
3857 5392 45 28 fell
3919 5401 35 19 on
3975 5403 88 27 many

3429 5437 16 20 a
3457 5427 185 31 shareholder.
3685 5428 36 30 In
3739 5439 76 20 cases
3836 5431 91 29 where
3950 5441 17 19 a
3988 5442 54 20 com-

3427 5475 76 28 pany
3514 5467 52 29 has
3580 5467 71 29 been
3672 5469 152 35 compelled
3845 5475 28 23 to
3895 5471 52 27 call
3969 5472 38 28 all
4027 5473 37 27 its

3429 5505 100 36 capital
3544 5515 50 28 up;
3613 5507 47 27 the
3673 5507 53 27 last
3739 5516 17 28 p
3765 5514 120 30 tyments
3892 5509 49 28 tell
3951 5509 112 38 heavily

3429 5552 34 19 on
3479 5543 44 30 the
3537 5544 52 28 less
3603 5545 118 36 wealthy
3735 5545 200 35 shareholders,
3949 5548 63 33 and,
4031 5560 31 18 as

3429 5582 24 29 is
3465 5587 45 25 too
3523 5597 8 14 i
3539 5584 59 29 ftm
3612 5584 45 29 the
3666 5595 69 23 case,
3746 5585 93 29 shares
3846 5596 46 18 are
3904 5589 141 29 unmarket-

3430 5621 60 28 able
3514 5627 29 22 at
3566 5632 49 24 an>
3641 5624 82 35 price,
3745 5624 55 27 and
3820 5625 46 27 the
3886 5627 178 28 unfortunate

3431 5659 94 30 holder
3548 5661 31 30 of
3601 5662 71 37 scrip
3697 5662 71 29 finds
3792 5663 114 30 himself
3923 5664 141 31 burdened

3429 5700 68 28 with
3511 5710 35 17 an
3559 5701 115 27 incubus
3687 5701 34 28 he
3743 5710 103 19 camot
3866 5704 84 27 shake
3975 5705 46 33 off,
4034 5715 32 18 or

3431 5739 60 37 give
3505 5747 88 28 away,
3606 5738 49 30 but
3669 5740 45 28 the
3722 5749 64 20 ever
3794 5743 139 35 recurring
3943 5743 65 28 calls
4019 5754 46 19 are

3432 5778 80 29 made
3525 5779 54 28 and
3601 5780 46 27 the
3670 5780 64 27 victi
3746 5790 17 18 u
3784 5779 52 30 has
3856 5788 27 21 to
3910 5781 105 30 finance
4036 5788 30 24 to

3432 5823 72 21 meet
3513 5816 41 28 his
3565 5823 162 30 payments;
3740 5819 54 28 and
3803 5819 115 29 disaster
3928 5820 23 28 is
3961 5822 108 36 usually

3432 5855 46 29 the
3491 5862 135 23 outcome.
3909 5860 120 28 Koiiari.

1216 28 115 37 THE
1389 29 181 40 LYKLL
1625 29 183 46 TIMES,
1865 32 303 47 SATURDAY,
2224 32 165 39 ARPIL
2450 46 9 25 t
2467 46 20 38 7
2494 65 5 13 ,
2562 35 101 38 18S6.

259 150 117 31 Pablic
399 151 149 30 Notices.

240 233 336 33 NOTIFICATION.

91 335 304 55 Now
412 339 309 63 Open

349 463 111 22 MESSRS.

94 513 412 55 MALLhNSTEIN
559 513 160 54 BROS.

111 592 96 28 Desire
221 598 27 22 to
260 592 100 28 inform
376 592 45 29 the
435 593 132 28 residents
581 593 29 28 of
629 593 77 35 Lyell

161 630 55 30 and
229 630 183 40 surrounding
424 631 119 29 districts
561 631 60 29 that
639 641 16 20 a

129 695 225 28 RETAIL
447 696 242 27 BRANCH

352 754 33 22 OF
403 753 56 23 THE

230 795 113 37 NEW
366 794 222 38 ZEALAND

94 858 306 76 Clothing
430 859 297 75 Factory

410 964 80 23 BEW

92 1007 143 54 Opened
252 1006 37 40 in
316 1007 89 39 New
430 1006 192 52 Buildings
641 1019 85 26 near

158 1060 147 54 Empire
332 1061 117 48 Hotel,
477 1062 180 51 West-port.

131 1181 70 30 IS*
218 1181 46 28 All
288 1180 92 29 Goods
403 1185 28 24 at
455 1181 118 35 Factory
591 1181 100 27 Prices.

94 1290 43 29 All
152 1292 109 28 Gooods
273 1300 46 19 are
334 1289 111 30 Marked
464 1290 29 29 in
515 1290 78 29 Plaiu
614 1291 113 36 Figures

393 1328 42 29 for

371 1385 136 40 CASH
555 1385 172 39 ONLY!

95 1496 61 37 Any
170 1496 92 28 article
282 1496 163 37 purchased,
458 1495 55 29 and
525 1498 49 26 not
587 1496 137 37 approved

94 1534 36 33 of,
155 1534 55 30 will
233 1534 35 30 he
292 1534 157 35 exchanged
473 1534 68 30 with
572 1534 47 29 the
650 1544 76 18 same

90 1579 132 32 «oartesy
235 1574 65 29 with
315 1573 88 29 wluch
416 1578 21 24 it
450 1583 56 19 was
524 1573 68 33 sold,
606 1583 31 19 or
647 1573 24 28 if
680 1573 30 29 de-

154 1612 70 30 sired
237 1613 46 28 the
297 1612 168 36 money-will
478 1612 33 29 be
524 1611 137 29 returned.

90 1649 63 30 'The
167 1660 108 20 success
288 1650 89 29 which
392 1651 50 28 has
455 1650 128 29 attended
597 1650 46 29 the
659 1650 66 29 New

130 1689 118 29 Zealand
275 1689 130 34 Clothing
428 1689 142 36 Factory's
601 1689 90 28 Retail

163 1728 140 29 Branches
327 1728 28 28 in
388 1728 137 34 Dtinedin,
553 1726 88 30 Christ-

197 1766 114 29 church.
336 1766 177 36 Wellington,
533 1766 70 29 Auck-

231 1804 75 30 land,
320 1804 54 29 and
392 1805 79 29 other
490 1808 98 30 towns,

260 1842 75 30 leads
341 1842 46 28 the
395 1844 163 35 proprietors

301 1886 28 24 to
342 1880 102 30 believe
458 1881 59 29 that

328 1920 76 30 there
410 1920 82 29 exists

402 1969 16 18 a

92 2010 249 40 Praiseworthy
353 2010 110 32 desire
475 2018 46 24 on
530 2009 60 33 the
600 2011 79 39 part
691 2009 37 33 of

140 2057 58 32 the
211 2056 116 40 public
339 2058 37 30 to
388 2060 189 35 encourage
590 2056 87 32 New

221 2101 151 33 Zealand
396 2100 201 33 Industries.

91 2152 157 37 Especially
260 2152 91 28 where
364 2153 123 36 superior
499 2152 166 33 advantages
678 2161 46 18 are

126 2190 110 33 offered,
250 2190 54 28 and
323 2199 68 28 your
403 2193 113 34 support
530 2191 22 27 is
565 2189 124 29 solicited

195 2239 34 19 on
244 2229 53 29 this
316 2229 217 34 understanding
544 2228 75 37 only.

182 2281 37 33 T.
237 2281 438 40 BLENNERHASSETT,

290 2328 132 36 Manager
433 2327 141 38 Westport
586 2327 118 29 Branch.

93 2433 156 29 Wholesale
263 2432 96 30 Storks
372 2436 28 25 to
413 2433 82 28 select
508 2435 68 26 from
588 2432 28 28 in
631 2432 36 29 all
675 2441 50 19 our

94 2472 149 30 Branches.
280 2472 86 30 NOW
385 2471 110 35 OPEN,
519 2471 55 29 and
593 2472 47 29 the
659 2472 66 37 only

240 2511 111 29 address
363 2512 30 28 in
406 2511 138 36 Westport
556 2511 23 27 is

94 2566 87 40 New
189 2566 180 48 Buildings
379 2578 84 28 near
471 2566 140 48 Empire
621 2566 104 38 HoM
