2510 3999
578 473 221 38 PUBLISHED
846 474 130 37 EVERY
1022 474 255 51 WEDNESDAY
1322 476 89 37 AND
1457 477 227 39 SATURDAY
1730 481 202 39 MORNING.

630 589 111 30 PORT
762 589 259 38 NICHOLSON,
1036 590 267 33 WEDNESDAY
1326 592 210 36 MORNING,
1558 595 154 31 MARCH
1734 600 50 33 20,
1813 602 88 27 1844.

2247 604 91 39 LVol.
2362 607 51 30 iv.

1219 33 96 31 THE

55 82 455 130 NEW
614 85 879 137 ZEALAND
1597 92 861 140 GAZETTE

1230 248 99 32 AND

52 280 1204 156 WELLINGTON
1376 280 1083 156 SPECTATOR

84 588 61 31 No.
167 586 89 38 334.1

178 679 54 21 For
246 679 111 25 Sydney
371 680 96 25 direct,

49 709 95 35 xs'jjJah
183 713 94 31 npHE
287 721 46 15 nne
343 715 43 21 fast
395 715 81 27 sailing
489 715 129 28 brigantine

67 736 97 40 Jgj&L
189 741 30 22 X
306 743 228 24 WANDERER,

45 763 136 39 /WJEjBlp
196 767 83 28 Henry
303 768 74 22 Burns
398 769 154 26 commander,
573 769 47 22 will

44 791 139 37 ttSB^SH
195 794 42 22 sa^
245 794 25 22 *°
272 802 11 14 r
298 795 24 21 l^
325 802 11 15 e
348 802 70 15 aDove
429 796 32 21 P°
463 800 19 17 rt
484 812 5 11 »
501 796 117 27 positively

44 817 139 33 *%Smwß&
195 828 30 15 on
244 821 115 28 Saturday
375 826 64 23 next,
451 823 82 20 March
548 823 52 21 23rd
611 831 5 18 ;

190 846 40 24 has
254 849 98 25 superior
378 849 177 21 accommodation
584 850 36 21 for

41 881 128 24 passengers.

62 910 40 22 For
112 908 80 27 freight
202 915 24 15 or
237 916 100 20 passage,
349 910 67 27 apply
426 913 23 19 to

320 943 95 22 Samuel
432 944 44 21 and
493 944 97 21 Joseph.

62 974 187 26 Lambton-quay,
261 974 82 23 March
352 976 21 22 5.
385 976 60 21 1844.

40 1018 160 52 PROBATE
214 1019 27 21 of
253 1019 38 22 the
301 1019 44 22 last
360 1019 53 22 Will
430 1020 43 22 and
489 1020 131 22 Testament

101 1045 25 21 of
138 1052 38 20 my
185 1045 45 22 late
240 1045 93 23 brother
343 1046 33 22 W.
393 1046 29 22 V.
439 1046 95 27 Brewer,
558 1047 60 26 Esq.,

40 1074 32 22 has
85 1072 56 21 been
159 1071 43 23 this
217 1072 45 27 day
279 1073 95 26 granted
392 1077 23 17 to
432 1080 43 19 me,
487 1080 44 14 one
541 1073 26 21 of
581 1074 37 20 the

40 1100 112 22 Executors
163 1098 87 22 therein
261 1099 92 26 named,
365 1099 46 21 and
424 1099 11 21 I
447 1099 58 21 have
514 1100 104 26 appoint-

39 1127 20 21 ed
67 1125 25 22 R.
103 1124 27 22 R.
138 1125 88 26 Strang,
235 1125 63 26 Esq.,
310 1125 38 21 the
357 1125 83 22 official
449 1125 171 23 administrator

39 1153 20 21 of
68 1152 33 21 the
122 1150 109 22 Southern
249 1151 96 22 District
360 1152 26 21 of
404 1151 57 22 New
479 1151 83 28 Ulster,
581 1160 38 19 my

41 1180 65 25 Agent
116 1181 22 17 at
149 1177 145 27 Wellington,
306 1178 36 21 for
350 1177 36 23 the
395 1185 107 21 purposes
510 1179 26 21 of
543 1186 74 20 carry-

39 1206 30 26 ing
77 1205 36 21 the
124 1204 48 22 said
183 1204 52 22 Will
245 1204 48 22 into
303 1205 74 21 effect.

302 1235 111 23 Charles
427 1236 26 22 B.
468 1236 109 27 Brewer,

415 1270 116 22 Barrister-
535 1270 82 27 at-law,

498 1301 92 22 Nelson.

61 1332 137 26 Wellington,
212 1332 43 21 this
265 1331 40 23 6th
317 1332 89 26 March,
420 1334 60 21 1844.

40 1383 23 19 T
80 1381 133 24 ANDING,
223 1388 28 15 ex
263 1383 112 26 Governor,
386 1382 45 22 and
441 1383 35 21 for
485 1383 44 21 sale
541 1386 22 18 at
581 1383 37 21 the

40 1408 37 23 XJ
105 1408 74 22 Stores
189 1407 25 22 of
220 1408 39 22 the
273 1409 153 27 undersigned
426 1419 28 6 —

59 1442 16 21 A
89 1441 73 22 choice
173 1445 133 18 assortment
317 1442 26 21 of
357 1443 74 25 wines,
443 1443 122 27 consisting
578 1443 26 22 of
611 1451 5 13 :

59 1468 138 27 Champagne
207 1468 23 21 in
242 1468 60 26 pints
313 1469 45 22 and
367 1472 85 24 quarts,

59 1494 119 27 Burgundy
187 1494 22 22 in
219 1495 63 27 pints
291 1495 47 22 and
347 1499 85 23 quarts,

59 1520 75 26 Claret,
152 1520 63 28 hock,
228 1521 108 27 onoselle,
353 1516 77 32 lunell,
442 1522 91 27 Lisbon,
545 1522 44 22 and
603 1529 14 15 a

37 1547 35 22 few
82 1554 59 15 cases
152 1548 25 21 of
185 1555 52 19 very
247 1548 103 26 superior
365 1548 38 22 old
414 1552 51 24 port
475 1549 44 22 and
530 1549 85 27 sherry,

59 1574 91 24 Quarter
165 1574 64 22 casks
244 1574 26 22 of
282 1578 56 24 port,
352 1574 63 23 hhds.
428 1575 26 22 of
461 1575 94 28 brandy,
573 1576 43 21 and

38 1607 51 15 cases
97 1600 25 21 of
130 1600 100 28 Geneva,

59 1627 51 21 Also
120 1635 13 13 a
143 1627 42 22 few
195 1635 62 14 cases
267 1628 27 21 of
301 1635 54 19 very
364 1628 102 28 superior
474 1628 91 28 liquers,

59 1653 82 22 Bottled
152 1658 59 17 stout
220 1654 24 21 in
254 1654 64 22 three
329 1654 70 22 ddzen
411 1656 72 26 casks,

59 1682 18 19 A
87 1680 62 21 small
160 1684 133 19 assortment
303 1682 26 21 of
335 1681 71 22 ladies
416 1682 59 21 neck
486 1682 48 26 ties,
545 1681 72 22 hand-

37 1706 106 27 kerchiefs,
155 1707 40 22 &c.

59 1734 17 21 A
88 1733 41 22 few
145 1733 101 22 Victoria
264 1734 81 27 plaids,
362 1734 28 23 de
409 1734 61 23 lame
489 1734 45 23 and
554 1735 64 22 other

37 1760 82 26 dresses,

59 1787 73 21 Gents,
143 1791 87 18 cravats
237 1787 44 22 and
289 1788 70 21 scarfs
366 1788 24 21 of
399 1788 37 21 the
442 1788 68 22 latest
517 1792 101 24 patterns

36 1813 17 21 in
61 1818 59 20 preat
129 1814 91 26 variety,

58 1840 73 21 Bloom
142 1840 44 21 and
196 1840 111 22 Valencia
317 1841 80 22 raisins
406 1841 25 22 in
440 1842 79 26 boxes,

58 1866 109 27 Currants,
179 1867 76 22 drums
266 1868 27 20 of
301 1868 51 26 figs,

58 1893 44 21 Soft
111 1894 57 21 shell
180 1894 102 22 almonds
293 1894 47 21 and
350 1894 123 22 Barcelona
485 1899 58 21 nuts,

58 1920 87 21 Bottled
153 1920 73 26 fruits,
239 1920 92 27 pickles,
344 1928 84 20 sauces,
440 1921 77 27 olives,
529 1922 41 21 &c.

58 1946 127 27 Normandy
197 1947 89 27 pippins
295 1947 24 20 in
329 1948 96 25 baskets,

59 1972 88 21 Ground
154 1973 103 20 Jamaica
266 1973 86 26 ginger,
362 1980 102 20 eayenue
473 1980 89 20 pepper,
572 1974 45 22 and

35 1997 78 26 ground
124 1997 127 23 cinnamon.

425 2033 74 21 Levin
515 2033 20 22 &
550 2033 38 23 Co.

61 2058 74 21 March
146 2060 20 24 8,
178 2060 60 20 1844.

39 2107 31 20 To
85 2107 50 20 Mr.
157 2108 105 26 George
283 2108 112 26 Durree,
417 2110 150 21 Constable
588 2110 32 21 of

159 2134 43 21 the
214 2135 174 27 Wellington
400 2136 78 21 Gaol.

40 2167 15 21 I
84 2167 126 22 HEREBY
232 2167 80 23 GIVE
336 2168 65 22 YOU
425 2169 123 27 NOTICE,
570 2170 48 22 that

40 2190 21 24 JL
87 2193 73 23 unless
171 2201 42 20 you
228 2194 63 22 fetch
305 2202 63 20 away
381 2203 58 20 your
453 2199 163 24 portmanteau,

38 2220 34 21 left
89 2220 28 27 by
135 2228 44 19 you
199 2225 22 17 at
235 2228 41 20 my
295 2221 78 25 house,
390 2222 46 22 and
451 2230 45 20 pay
512 2223 36 22 for
562 2231 56 19 your

38 2246 61 21 board
108 2247 43 21 and
162 2247 92 27 lodging
273 2248 78 22 within
366 2251 104 20 fourteen
489 2249 54 28 days
560 2250 56 22 from

39 2272 35 22 this
87 2273 56 26 date,
162 2274 10 21 I
190 2274 57 22 shall
263 2274 43 22 sell
323 2275 38 22 the
374 2283 63 15 same
455 2280 23 18 to
493 2276 78 27 defray
587 2277 31 21 all

38 2306 103 20 expenses.

192 2327 97 23 Witness
302 2336 39 20 my
351 2329 67 27 hand,

336 2361 65 22 John
418 2361 116 27 Johnson,

399 2395 189 28 Lambton-quay.

63 2418 136 30 Wellington,
211 2421 82 23 March
303 2422 21 25 7,
341 2423 61 21 1844.

85 2470 96 24 Messrs.
207 2472 156 23 HOLROYD
389 2481 47 14 and
464 2474 96 26 HART,

188 2505 131 21 Notaries
343 2505 106 25 Public,

115 2543 37 14 TB
180 2543 72 19 ARO,
282 2543 244 17 WELLINGTON.

61 2566 122 26 September
191 2569 20 24 4,
223 2569 63 21 1843.

40 2608 171 47 WANTED,
236 2619 14 13 a
269 2612 71 22 Cook.
378 2611 45 23 For
442 2612 87 22 further
548 2613 68 27 parti-

123 2637 77 27 culars,
214 2638 67 27 apply
292 2642 24 18 to

298 2669 35 24 W.
350 2670 33 22 M.
399 2670 86 26 Smith,

367 2703 108 23 Timkori
486 2703 101 27 Cottage.

61 2726 92 31 January
166 2731 32 23 16,
210 2731 61 21 1544.

126 2779 138 22 Seamen's
279 2780 102 21 Friend
395 2780 118 26 Society,

40 2811 39 48 A
92 2813 131 22 SERVICE
239 2813 126 22 conducted
385 2814 28 27 by
432 2814 38 21 the
491 2814 125 27 Ministers,

104 2839 22 22 in
146 2841 134 21 connection
302 2841 53 22 with
372 2841 37 21 the
429 2842 72 20 above
519 2841 97 27 Society,

39 2864 33 21 will
87 2865 25 21 be
128 2866 53 22 held
199 2874 68 20 every
287 2867 93 27 Sunday
395 2867 118 22 afternoon
533 2868 24 21 in
578 2869 38 21 the

39 2889 67 25 Scotch
116 2893 95 27 Church,
222 2894 116 23 Lambton
348 2895 74 27 Quay.

59 2924 86 23 Seamen
157 2926 43 23 and
210 2934 92 21 persons
310 2928 126 22 connected
446 2928 55 22 with
510 2928 106 28 shipping

40 2955 27 16 we
76 2952 116 28 especially
203 2954 88 22 invited
302 2957 24 19 to
336 2954 86 22 attend.

59 2981 80 24 Service
150 2987 22 19 to
183 2990 132 18 commence
325 2989 24 19 at
358 2985 110 29 half-past
475 2988 14 20 3
505 2994 52 21 p.m.

58 3014 42 23 The
261 3019 47 27 flag
321 3019 45 23 will
385 3020 29 21 be
432 3020 90 22 hoisted
538 3025 24 17 at
576 3020 38 22 the

40 3041 45 22 N.E.
94 3044 64 26 angle
168 3045 25 22 of
209 3046 38 22 the
263 3046 98 27 Church,
376 3046 59 23 from
451 3047 50 22 half
515 3054 28 15 an
559 3048 57 21 hour

39 3072 87 21 previous
137 3074 22 19 to
169 3072 38 22 the
217 3076 195 20 commencement
426 3073 25 22 of
466 3074 38 22 the
519 3074 95 27 service,

40 3095 45 22 until
93 3096 28 22 its
130 3097 64 24 close.

59 3125 93 31 January
160 3132 34 24 26,
208 3132 61 22 1844.

184 3175 78 22 Meat
294 3177 152 27 Company.

254 3209 126 25 BUTTER

42 3238 141 49 ALWAYS
196 3248 29 15 on
237 3241 69 28 hand,
323 3243 45 22 and
382 3247 24 18 to
421 3244 28 22 be
465 3244 52 28 had,
529 3244 84 23 whole-

59 3290 4 5 .
103 3269 44 21 sale
167 3267 42 24 and
230 3268 72 27 retail,
323 3272 23 18 at
364 3269 39 23 the
426 3270 80 23 lowest
524 3271 89 22 market

41 3294 50 25 Puce,
105 3302 14 13 a
135 3295 62 27 large
215 3295 82 27 supply
313 3295 27 22 of
354 3295 37 22 the
406 3297 128 23 celebrated
548 3298 65 22 Cow-

41 3321 71 20 Pasture
121 3321 45 22 and
174 3321 120 22 Terawitte
308 3321 72 28 Dairy
390 3323 85 22 Butter.

296 3354 35 23 W.
346 3353 106 28 Flyger,
466 3357 118 28 Manager.

43 3402 154 48 CHARTER
207 3407 179 27 ?ARTIES,for
395 3415 46 15 sale
451 3413 68 18 attne
527 3411 86 22 Gazette

86 3431 73 24 Office.

42 3483 106 41 pLANS
171 3492 26 21 of
217 3492 39 22 the
279 3493 72 23 Town
370 3493 28 23 of
417 3494 168 23 Wellington.

98 3516 53 23 Plan
172 3519 27 21 of
204 3518 37 23 the
251 3520 85 22 arbour
345 3521 24 21 of
383 3520 56 22 Port
453 3520 133 24 Nicholson.

42 3559 75 44 JUST
130 3567 131 29 OPENED,
269 3570 45 22 and
325 3578 30 14 on
365 3571 52 23 Sale
426 3573 25 20 at
460 3570 39 23 the
509 3570 72 23 Office
590 3571 28 21 of

139 3593 77 26 Paper.
225 3596 40 22 inK
277 3597 78 23 stands
364 3601 24 18 ot
396 3604 92 16 various
499 3604 63 16 sizes.

233 3650 166 23 Almanack.

43 3674 56 49 AN
118 3681 178 24 ALMANACK
314 3684 36 22 for
367 3684 138 29 Wellington
524 3685 19 23 is
561 3692 52 15 now

96 3707 127 29 publishing,
230 3713 24 18 at
262 3709 45 22 this
319 3711 78 23 Office.

253 3749 76 21 price,
346 3745 30 21 Is.

47 3770 120 40 J^gazette
201 3780 78 27 Office,
291 3782 127 23 December
426 3784 20 25 7,
459 3786 62 21 1843.

42 3820 57 42 QN
112 3825 82 30 SALE,
209 3834 23 18 at
242 3831 46 23 this
298 3832 73 27 office,
381 3832 72 24 blank
463 3834 59 23 Bin,
533 3835 78 22 Books

251 3858 73 28 office,
334 3858 56 24 Dec.
400 3862 22 21 4.

61 3881 92 32 Sewage
164 3890 68 28 c»rd»,

714 679 14 13 *
790 682 313 22 TO-MORROW.

856 714 96 21 Public
968 714 69 20 Sale.

654 746 160 48 MESSRS.
841 747 147 22 BETHUNE
1014 747 67 22 AND
1109 748 130 22 HUNTER

759 774 43 21 will
822 774 39 21 sell
882 775 28 25 by
931 774 78 21 Public
1029 774 106 27 Auction,
1162 779 21 17 at
1203 776 38 20 the

653 799 136 22 Exchange.
807 800 31 21 Te
858 801 54 25 Aro,
933 808 28 13 on
981 800 118 26 Thursday
1119 807 63 20 next,
1204 802 37 21 the

652 827 48 20 21st
711 826 79 22 March
801 831 95 22 current,
914 828 28 25 by
954 827 66 21 order
1035 827 23 22 of
1073 828 37 21 the
1126 828 115 27 Registrar

651 852 25 21 of
683 852 109 23 Intestate
804 853 95 27 Estates,
912 853 137 27 Wellington
1052 864 27 5 —

680 885 21 21 A
718 885 104 28 quantity
839 886 26 22 of
877 885 117 28 furniture,
1016 887 66 27 plate,
1102 887 78 27 books,
1195 888 45 22 and

652 912 89 23 various
753 912 63 22 other
832 918 109 22 property,
953 914 68 25 being
1034 913 36 21 the
1082 914 75 22 effects
1168 915 27 21 of
1201 915 38 21 the

652 943 81 16 estates
750 939 27 21 of
789 939 22 22 J.
832 939 122 27 Campbell,
976 940 35 21 W.
1032 939 28 23 V.
1079 940 97 27 Brewer,
1194 941 45 22 and

653 965 98 22 William
762 966 112 22 Newman
886 967 115 21 deceased.

857 1005 72 15 AFTER
945 1005 85 19 WHICH,

680 1023 21 22 A
712 1025 103 27 quantity
827 1025 26 21 of
861 1024 165 26 Merchandise,
1039 1025 47 24 viz;
1089 1037 27 4 —

679 1050 82 27 Prints,
783 1050 101 28 calicoes,
908 1052 91 27 printed
1022 1052 99 26 muslins,
1147 1052 89 27 dowlas,

652 1076 100 27 drugget,
764 1078 41 21 &c.
818 1078 41 21 &c.

679 1104 28 20 35
721 1103 85 22 barrels
817 1104 58 21 Irish
885 1104 62 27 pork,

678 1130 15 20 4
708 1129 73 22 chests
791 1130 68 22 black
870 1135 42 22 tea,

678 1157 15 20 6
707 1164 62 14 cases
778 1157 85 22 bottled
874 1158 59 26 fruit,

678 1183 14 20 5
707 1182 65 23 hhds.
782 1183 94 28 brand}',

679 1210 12 20 1
707 1209 53 22 cask
770 1209 102 28 tobacco,

639 1237 2 24 !
678 1237 14 20 3
707 1235 62 28 dairy
781 1244 65 19 cows,

679 1263 37 21 An
727 1263 114 21 excellent
850 1263 76 22 saddle
934 1263 67 22 horse
1010 1263 83 22 named
1108 1266 101 20 Damask.

677 1289 52 21 Sale
740 1292 22 18 to
773 1289 67 28 begin
851 1291 26 20 12
887 1291 84 21 o'clock
985 1291 117 26 precisely.

678 1320 145 27 Wellington,
836 1322 79 21 March
928 1323 29 25 14,
971 1324 61 19 1844.
1055 1329 4 6 *

652 1369 89 48 FOR
755 1371 91 26 SALE,
863 1378 28 15 ex
904 1372 60 25 Lady
977 1372 67 25 Leigh
1049 1383 23 4 —

762 1398 84 26 Maize,

761 1424 66 27 Lard,

761 1451 79 27 Sperm
851 1451 36 27 oil,

761 1477 93 22 Onions.

965 1505 83 23 Waitt
1063 1506 46 21 and
1121 1506 87 23 Txser.

678 1529 82 23 March
772 1532 33 25 12,
818 1532 60 21 1844.

651 1578 40 21 To
711 1584 117 20 persons
853 1579 123 21 desirous
1002 1580 31 21 of
1054 1581 185 26 establishing

677 1604 165 22 themselves
853 1612 36 14 on
899 1607 44 20 the
955 1607 84 21 Coast
1048 1607 29 21 in
1087 1608 44 20 the
1147 1609 90 19 lucra-

677 1631 56 21 tive
748 1633 188 25 employment
952 1633 29 20 of
995 1634 149 26 collecting
1157 1635 78 24 Flax,

677 1658 108 26 Wheat,
800 1659 101 25 Maize,
915 1660 83 24 Pork,
1014 1661 44 20 &c.
1073 1661 45 20 &c.

654 1691 65 47 TO
735 1691 66 27 LET,
817 1692 31 27 by
867 1692 36 22 the
922 1693 158 28 undersigned,
1098 1701 14 14 a
1131 1694 106 21 first-rate

747 1719 114 27 premises,
886 1720 123 26 consisting
1033 1721 26 20 of
1079 1729 14 13 a
1114 1720 123 22 handsome

651 1744 114 22 verandah
784 1749 95 23 cottage,
896 1746 52 21 with
967 1747 136 21 convenient
1121 1748 88 26 offices;
1226 1755 13 13 a

650 1771 62 26 large
736 1772 136 21 two-storied
897 1772 206 23 weather-boarded
1128 1778 57 17 store
1194 1781 5 19 ;
1226 1781 13 14 a

650 1798 85 25 garden
755 1799 46 20 and
821 1799 101 27 orchard,
944 1799 49 21 well
1013 1800 91 21 stocked
1124 1800 54 21 with
1200 1800 37 21 the

650 1824 98 22 choicest
757 1825 55 22 fruit
826 1829 58 18 trees
901 1826 24 21 in
940 1826 40 21 full
997 1826 98 27 bearing,
1113 1826 37 22 the
1168 1827 70 21 whole

650 1851 128 26 containing
797 1859 28 14 an
844 1859 51 14 area
911 1853 25 20 of
952 1853 63 21 three
1032 1861 68 18 acres,
1117 1854 83 21 fenced
1213 1853 24 22 in

651 1877 53 21 with
715 1886 12 12 a
738 1879 133 20 substantial
882 1879 71 26 fence,
964 1880 47 21 and
1021 1879 82 27 having
1112 1887 14 13 a
1135 1880 103 26 frontage

650 1906 22 20 to
682 1904 38 22 the
732 1905 69 21 River
811 1905 104 27 Turenga
925 1906 52 26 Nui,
993 1906 93 27 Poverty
1096 1906 55 27 Bay.

733 1938 62 21 Also
811 1945 30 14 to
855 1938 55 26 Let,
927 1946 28 13 at
971 1939 107 21 Poverty
1098 1939 57 25 Bay,

650 1964 20 21 A
697 1964 145 20 comfortable
865 1964 136 21 six-roomed
1030 1965 208 21 weather-boarded

649 1988 78 26 house,
747 1990 54 21 with
821 1990 74 21 offices
915 1990 44 21 and
980 1990 99 28 kitchen,
1102 1991 135 22 two-stalled

649 2016 70 21 stable
736 2016 45 21 and
794 2016 65 21 other
875 2017 170 26 out-buildings,
1058 2025 12 14 a
1086 2018 83 26 garden
1186 2025 53 14 con-

651 2042 85 27 taining
751 2047 45 17 two
807 2051 62 14 acres
880 2043 46 22 well
943 2044 87 26 fenced,
1042 2044 44 21 and
1096 2046 26 20 30
1137 2051 62 15 acres
1215 2044 27 21 of

650 2069 75 22 arable
735 2069 62 22 land.

677 2095 43 22 For
730 2096 139 28 particulars,
881 2096 64 28 apply
957 2100 22 19 to
990 2096 37 23 the
1037 2097 157 27 undersigned,

929 2130 35 22 W.
981 2131 27 21 B.
1023 2131 96 22 Rhodes
1138 2132 20 21 &
1169 2131 39 22 Co.

678 2156 79 22 March
769 2158 20 25 5,
802 2159 61 21 1844.

881 2207 40 20 On
936 2207 70 25 Sale,

651 2239 70 47 AT
750 2239 22 21 J.
803 2239 173 26 M'NALLY'S,
1015 2239 113 22 Lambton
1162 2240 76 26 Quay,

731 2265 68 26 Pork,
812 2267 57 20 from
880 2266 35 21 2d.
928 2270 20 17 to
959 2265 36 22 sd.
1008 2268 86 25 peril}.;
1107 2274 87 15 carcass
1202 2267 37 22 4d.

677 2291 100 25 Mutton,
790 2293 35 21 Bd.
837 2300 40 17 per
887 2294 29 22 ft.
924 2300 5 19 ;
947 2300 38 19 per
995 2300 87 14 carcass
1091 2293 51 26 6Jd.

677 2318 63 27 Beef,
750 2319 38 21 4d.
799 2322 22 18 to
831 2319 36 22 9d.
877 2326 40 21 per
926 2320 29 22 ft.
964 2327 5 19 ;
985 2326 40 20 per
1035 2324 89 22 quarter
1133 2320 50 26 6£d.

677 2351 59 22 N.B.
736 2362 28 5 —
766 2352 36 21 No
813 2352 132 22 connection
957 2352 53 22 with
1020 2352 37 22 the
1069 2352 45 22 Bio
1121 2354 118 23 Butchers,

678 2383 80 22 March
769 2385 21 25 1,
802 2385 61 21 1844.

837 2441 37 22 W.
890 2441 33 22 M.
938 2441 108 27 SMITH,

651 2486 57 14 LATE
719 2486 237 14 SURVEYOR-GENERAL
966 2486 29 14 TO
1008 2486 45 15 THE
1068 2486 50 15 NEW
1134 2487 105 14 ZEALAND

888 2512 113 20 COMPANY,

677 2543 144 26 Surveyor,
836 2543 211 27 Draughtsman,
1063 2544 54 20 and
1132 2545 78 20 Land

895 2571 100 25 Agent.

649 2600 179 27 Tinakori-road,
840 2601 99 27 January
951 2602 21 26 4,
986 2603 61 20 1843.

796 2652 35 23 H.
860 2652 233 26 HARDEMAN,

672 2686 94 21 Tailor
781 2687 56 21 and
850 2687 112 25 Draper,
976 2687 235 27 Lambton-quay.

814 2740 114 27 Superfine
938 2741 73 26 Coats,
1023 2740 56 22 from
1095 2742 34 22 £3
1143 2743 14 19 0
1171 2743 13 19 0

651 2771 114 28 Superfine
777 2771 101 23 Doeskin
889 2771 117 28 Trowsers,
1023 2773 56 21 from
1095 2773 31 23 £\
1142 2775 19 19 5.
1170 2775 13 19 0

677 2811 64 16 MADE
751 2812 29 14 TO
790 2812 135 14 MEASURE—
927 2813 41 14 FOR
976 2813 58 14 CASH
1046 2813 29 14 ON
1088 2813 121 15 DELIVERY.

649 2851 40 21 To
705 2853 163 20 Gentlemen
883 2855 146 25 intending
1043 2855 28 19 to
1088 2856 75 18 enter
1178 2855 59 20 into

675 2879 45 21 the
748 2879 145 25 profitable
921 2881 108 24 pursuit
1059 2881 30 21 of
1115 2881 123 28 Grazing

675 2905 56 21 and
750 2905 138 27 Breeding
907 2907 92 24 Stock,
1021 2907 42 21 for
1083 2907 90 21 which
1194 2909 43 20 the

675 2931 90 22 fertile
785 2932 110 20 Islands
917 2933 30 20 of
963 2933 70 21 New
1051 2935 123 21 Zealand
1192 2940 45 16 are

674 2964 33 16 so
722 2959 153 26 peculiarly
888 2960 127 26 adapted.

649 2991 92 35 npHE
752 2991 153 27 undersigned
914 2992 43 28 beg
966 2996 23 17 to
997 2993 82 22 inform
1089 2993 58 22 their
1152 2994 86 22 friends

656 3015 28 26 X
719 3018 45 23 and
782 3018 38 23 the
834 3018 74 28 public
924 3019 122 27 generally,
1063 3020 49 21 that
1129 3020 53 28 they
1193 3022 44 20 will

647 3048 101 19 contract
773 3046 35 21 for
826 3041 39 26 the
889 3045 99 28 delivery
1013 3046 26 21 of
1060 3046 38 22 the
1121 3046 118 29 following

647 3071 135 29 description
795 3072 28 21 of
829 3072 74 28 Stock,
910 3073 24 22 in
942 3079 45 21 any
998 3072 53 23 Port
1061 3073 26 22 of
1099 3073 37 22 the
1148 3072 90 24 Islands

647 3099 27 21 of
679 3098 58 23 New
746 3098 102 23 Zealand
855 3107 6 13 :
862 3110 29 5 —

674 3129 97 23 Horned
785 3130 69 23 cattle
872 3130 125 29 (improved
1009 3130 90 27 breeds)
1114 3131 26 23 of
1152 3131 31 23 all
1198 3132 40 23 de-

646 3157 127 28 scriptions,

674 3188 93 27 Horses,
788 3188 59 23 from
868 3188 38 23 the
928 3189 51 22 best
997 3189 94 27 English
1111 3189 46 22 and
1174 3190 63 22 Arab

645 3215 72 26 studs,
733 3215 95 22 suitable
844 3215 35 22 for
896 3215 85 28 racing,
997 3215 84 28 saddle,
1092 3223 25 15 or
1129 3216 93 23 harness
1229 3225 6 19 ;

644 3241 47 22 and
699 3241 110 28 breeding
818 3249 80 20 mares,
1244 3251 2 12 :

674 3273 58 23 Pure
741 3274 76 21 Saxon
827 3274 47 22 and
882 3274 86 22 merino
978 3281 65 21 ewes,
1244 3279 2 23 j

674 3305 121 22 Half-bred
811 3305 113 23 Leicester
937 3306 46 22 and
999 3306 87 23 merino
1104 3314 65 19 ewes,
1185 3315 52 20 par-

645 3331 103 28 ticularly
758 3332 97 28 adapted
869 3332 34 22 for
912 3332 44 22 this
966 3337 102 23 country,
1078 3340 25 15 as
1112 3333 54 28 they
1175 3335 61 21 unite

646 3357 81 28 weight
737 3359 27 21 of
769 3366 88 16 carcass
868 3359 53 22 with
929 3359 98 23 fineness
1037 3360 26 22 of
1069 3360 64 22 wool.

672 3390 49 22 The
744 3390 152 28 undersigned
919 3398 42 15 can
988 3391 169 23 accommodate
1183 3399 54 21 pur-

646 3415 90 24 chasers
750 3417 27 22 of
790 3417 59 23 their
858 3417 68 22 Stock
942 3417 54 22 with
1013 3418 115 22 extensive
1143 3419 94 27 grazing

645 3450 62 20 runs,
717 3444 78 22 within
806 3446 42 21 100
856 3444 65 23 miles
929 3444 27 22 of
961 3444 45 22 this
1016 3444 60 23 Port.

907 3485 36 23 W.
958 3486 27 24 B,
1000 3486 97 23 Rhodes
1111 3486 44 22 and
1169 3486 39 22 Co.

648 3536 72 49 ON
735 3537 80 22 SALE
828 3541 25 18 at
872 3537 36 24 the
929 3538 71 23 Office
1020 3538 24 21 of
1061 3538 45 23 this
1123 3545 112 21 paper:—

726 3563 63 28 Keys
799 3564 24 21 of
832 3564 38 22 the
879 3564 68 23 Town
957 3565 26 22 of
990 3565 56 22 New
1056 3565 127 27 Plymouth,

674 3589 68 22 Plans
752 3591 26 21 of
785 3591 100 27 Country
896 3591 65 22 Land
969 3591 74 22 round
1056 3591 143 27 Wellington,
1209 3591 23 22 in

647 3622 59 21 case,

674 3642 69 22 Plans
752 3643 28 22 of
785 3643 93 28 Nelson,
889 3644 23 22 in
922 3651 58 20 case,

674 3669 80 26 Copies
769 3669 27 22 of
808 3670 39 23 the
863 3671 56 22 New
937 3671 101 22 Zealand
1052 3670 102 28 Journal,
1171 3672 60 26 1842,

646 3698 117 24 complete,
774 3696 84 28 bound,

673 3721 135 28 Chapman's
818 3723 115 28 Portfolio,
943 3724 85 27 bound,

672 3748 75 22 Prints
754 3749 26 21 of
785 3749 93 28 Nelson,

673 3775 75 22 Prints
757 3775 28 22 of
788 3775 142 29 Wellington,

672 3802 69 22 Plans
750 3802 28 21 of
783 3802 86 23 Nelson
879 3804 23 21 in
912 3804 84 27 Sheets,

673 3828 68 23 Plans
752 3828 26 22 of
784 3829 100 28 Country
894 3830 65 23 Land
968 3834 25 19 at
1006 3830 142 27 Wellington,

672 3855 69 23 Plans
750 3855 25 22 of
783 3855 37 22 the
830 3855 69 23 Town
909 3857 26 21 of
941 3857 58 22 New
1009 3855 126 27 Plymouth.

672 3886 132 29 September
813 3888 35 26 19,
858 3888 63 22 1843.

1275 683 66 20 Port
1363 683 153 21 Nicholson
1538 685 189 26 Agricultural
1747 688 112 21 Associ-

1524 712 84 21 ation.

1274 744 43 23 HP
1324 743 42 21 HE
1394 743 192 22 FOLLOWING
1621 746 107 22 PRIZES
1757 748 44 21 will
1829 748 28 22 be

1283 767 27 23 JL
1347 770 67 25 given
1425 776 23 14 at
1459 770 37 21 the
1508 772 91 25 ensuing
1615 773 98 27 meeting
1728 775 25 19 of
1767 774 35 21 the
1813 776 45 20 As-

1272 796 115 25 sociation,
1408 801 19 15 to
1448 796 28 21 be
1496 796 49 21 held
1563 803 21 15 &t
1603 798 44 21 Mr.
1663 799 107 22 Hunter's
1780 801 78 22 Stock-

1272 823 62 25 yard,
1346 823 31 20 Te
1392 824 52 24 Aro,
1462 830 29 14 on
1510 824 125 26 Thursday
1653 825 37 22 the
1705 827 51 21 28th
1773 827 43 27 day
1836 828 25 21 of

1273 848 78 22 March
1362 854 54 16 next.t
1418 860 28 4 —

1758 878 17 18 £
1800 885 16 12 t.
1839 880 18 17 d.

1300 903 19 20 1.
1336 901 42 22 For
1387 901 37 22 the
1436 903 47 20 best
1497 903 44 21 bull
1552 903 26 21 of
1585 910 43 20 any
1638 904 93 23 breed..
1764 908 52 20 10
1844 909 14 20 0

1297 934 20 20 2.
1333 933 47 21 The
1387 934 48 21 best
1444 934 65 21 milch
1519 942 46 14 cow
1573 936 26 21 of
1606 943 44 20 any
1656 937 75 27 breed,

1271 958 37 22 the
1319 966 78 19 person
1409 960 99 27 shewing
1519 965 21 17 to
1546 965 55 18 state
1610 962 36 22 the
1656 967 77 19 nature

1270 985 25 21 of
1302 985 40 22 her
1352 987 62 20 usuhl
1425 991 98 23 pasture,
1533 989 45 20 and
1590 989 37 21 the
1638 995 94 22 average

1270 1012 102 27 quantity
1383 1013 26 20 of
1416 1013 54 21 milk
1481 1014 42 21 and
1535 1015 71 21 butter
1621 1016 112 26 produced

1270 1045 39 19 per
1319 1039 60 21 week
1762 1045 53 21 10
1843 1047 13 20 0

1295 1071 21 20 3.
1332 1070 47 21 The
1404 1071 48 21 best
1476 1071 69 21 heifer
1569 1072 55 22 bred
1648 1073 21 21 in
1695 1073 38 22 the

1270 1096 91 28 Colony,
1373 1097 44 21 and
1433 1097 72 22 whose
1522 1098 41 22 sire
1572 1098 19 22 is
1604 1106 49 14 now
1664 1100 69 27 living

1268 1122 24 22 in
1302 1123 37 21 the
1350 1124 86 20 district
1761 1129 14 21 0
1789 1129 24 21 15
1842 1131 14 20 0

1295 1155 20 21 4.
1331 1154 48 22 The
1389 1155 50 21 best
1456 1162 47 15 ram
1520 1155 25 21 of
1561 1163 44 20 any
1620 1157 92 27 breed;.
1716 1158 20 21 if

1269 1184 40 18 not
1327 1181 55 21 bred
1396 1181 23 21 in
1437 1181 39 22 the
1486 1182 90 27 Colony,
1590 1187 22 17 to
1629 1188 55 17 state
1695 1184 37 21 the

1269 1207 62 25 place
1341 1208 56 20 from
1411 1207 89 22 whence
1510 1209 18 20 it
1542 1216 70 19 came,
1626 1210 45 21 and
1681 1210 50 22 how

1269 1233 52 27 long
1331 1234 23 21 in
1368 1234 43 21 this
1422 1234 86 22 district
1759 1240 14 19 0
1788 1240 26 21 10
1841 1242 14 19 0

1294 1266 21 21 5.
1331 1265 48 22 The
1404 1266 49 21 best
1477 1273 41 20 pen
1537 1268 26 20 of
1583 1267 63 22 three
1666 1276 64 19 ewes,

1269 1292 80 26 stating
1360 1292 37 21 the
1408 1292 75 26 breed,
1495 1293 45 22 and
1549 1294 17 21 it
1582 1295 96 26 possible
1694 1295 37 22 the

1269 1318 81 27 weight
1359 1318 26 21 of
1391 1319 43 21 last
1445 1327 88 14 seasons
1543 1320 43 26 clip
1757 1324 14 20 0
1786 1324 25 21 10
1841 1326 14 20 0

1295 1346 19 20 6.
1330 1345 48 21 The
1390 1346 47 21 best
1448 1353 43 19 pen
1503 1346 25 21 of
1535 1346 62 22 three
1605 1355 64 19 ewes,
1677 1349 54 21 bred

1268 1371 21 21 in
1302 1371 38 21 the
1356 1372 94 26 Colony,
1467 1372 82 27 stating
1568 1373 38 22 the
1623 1374 67 22 breed
1711 1376 24 21 of

1269 1398 41 21 sire
1321 1398 45 21 and
1375 1398 59 27 dam,
1446 1399 45 21 and
1501 1399 20 21 if
1530 1400 53 26 they
1594 1407 38 14 are
1648 1401 45 22 still
1707 1402 24 21 in

1269 1425 36 20 the
1319 1425 86 21 district
1759 1430 14 19 0
1788 1430 26 21 10
1841 1431 14 20 0

1295 1451 20 21 7.
1331 1451 44 21 For
1390 1452 38 21 the
1445 1452 90 21 stallion
1549 1453 49 21 best
1608 1453 123 23 calculated

1270 1480 20 18 to
1301 1478 102 26 improve
1415 1478 37 23 the
1459 1478 67 22 breed
1537 1479 25 23 of
1569 1480 77 21 saddle
1657 1480 75 24 horses
1761 1483 53 21 10
1841 1485 13 19 0

1295 1506 20 19 8.
1331 1501 42 24 For
1383 1505 40 21 the
1439 1505 90 21 stallion
1544 1506 48 21 best
1607 1506 124 23 calculated

1269 1533 20 19 to
1313 1531 101 27 improve
1438 1531 39 22 the
1500 1532 69 21 breed
1588 1532 27 21 of
1635 1533 95 27 draught

1268 1556 75 22 horses
1761 1562 10 21 1
1799 1563 14 20 0
1840 1564 15 20 0

1293 1585 14 20 9f9
1309 1600 5 7 f
1329 1583 46 22 For
1385 1584 37 21 the
1432 1585 50 21 bpst
1491 1592 61 14 mare
1760 1589 10 20 1
1799 1590 14 19 0
1840 1590 15 21 0

1295 1612 32 21 10.
1343 1611 47 21 The
1409 1611 49 21 best
1474 1611 43 21 colt
1526 1619 24 14 or
1567 1612 55 27 filly,
1636 1618 40 16 not
1691 1621 40 14 ex-

1268 1637 93 26 ceeding
1371 1640 44 19 two
1425 1645 65 19 years
1500 1638 43 26 old,
1556 1638 36 21 the
1602 1639 97 27 produce
1709 1640 26 21 of
1862 1639 2 28 ]

1268 1670 12 14 a
1289 1663 89 22 stallion
1390 1671 49 14 now
1450 1665 23 20 in
1484 1664 38 21 the
1532 1665 84 22 district
1757 1668 54 21 015
1841 1670 13 19 0

1295 1692 33 20 11.
1344 1690 44 22 For
1399 1690 37 22 the
1446 1691 49 21 best
1505 1691 52 21 boar
1758 1695 14 20 0
1799 1694 13 21 7
1841 1696 13 19 6

1270 1715 4 10 v
1295 1718 33 20 12.
1345 1717 44 21 For
1398 1717 38 21 the
1446 1717 49 22 best
1505 1718 107 27 breeding
1622 1726 43 14 sow
1680 1734 46 6 ....
1757 1722 14 19 0
1799 1721 13 22 7
1840 1722 14 20 6

1295 1745 34 20 13.
1346 1743 42 21 For
1408 1743 36 22 the
1465 1744 49 21 best
1529 1745 34 21 fat
1576 1746 52 26 pig;
1645 1745 36 22 the
1692 1753 39 14 ex-

1269 1769 80 22 hibitor
1366 1773 21 17 to
1408 1773 55 19 state
1479 1771 22 21 in
1523 1772 86 27 writing
1627 1772 37 21 the
1679 1772 52 22 food

1267 1797 44 21 and
1322 1797 91 21 method
1423 1797 26 21 of
1455 1797 90 29 feeding
1693 1814 34 9 .
1758 1801 14 20 0
1798 1799 14 23 7
1839 1801 14 20 6

1295 1825 33 20 14.
1357 1823 44 21 For
1413 1823 37 21 the
1462 1824 48 21 best
1521 1825 83 26 sample
1615 1825 26 21 of
1648 1825 80 27 wheat,

1268 1854 38 17 not
1316 1849 65 27 being
1391 1850 43 21 less
1443 1850 54 21 than
1504 1858 39 14 one
1555 1851 85 26 bushel,
1649 1853 82 26 stating

1269 1875 36 23 the
1325 1877 103 26 quantity
1439 1884 82 19 grown,
1540 1877 45 22 and
1603 1885 24 14 as
1641 1882 55 18 near
1709 1886 22 14 as

1264 1903 97 27 'possible
1399 1903 38 22 the
1465 1904 97 25 produce
1590 1911 40 20 per
1665 1912 51 14 acre
1724 1913 6 19 ;

1260 1929 109 28 [whether
1379 1929 17 21 it
1406 1930 18 20 is
1434 1929 38 22 the
1482 1930 48 22 first
1536 1938 52 19 crop
1595 1931 57 21 after
1661 1931 70 22 clear-

1269 1956 44 30 ia^,
1324 1962 25 14 or
1369 1956 59 20 what
1444 1963 63 16 crops
1526 1957 110 25 preceded
1646 1958 31 25 it;
1692 1958 38 22 the

1269 1981 81 27 weight
1360 1981 25 21 of
1394 1981 37 22 the
1442 1981 84 25 bushel,
1538 1986 23 18 at
1576 1983 60 23 what
1655 1983 76 26 period

1269 2015 67 18 sown,
1347 2007 44 22 and
1414 2008 38 22 the
1472 2009 90 21 method
1577 2010 26 20 of
1616 2009 101 28 planting
1726 2018 5 19 ;

1271 2034 36 22 the
1318 2035 140 26 competitors
1469 2042 37 14 are
1516 2037 125 25 requested,
1652 2037 21 21 if
1682 2044 51 19 pos-

1270 2061 63 25 sible,
1346 2066 22 16 to
1378 2066 56 16 state
1448 2061 36 21 the
1495 2069 65 15 name
1571 2063 26 21 of
1611 2063 37 21 the
1658 2063 75 22 differ-

1270 2091 39 18 ent
1319 2087 95 27 samples
1424 2089 23 19 of
1455 2089 63 26 grain
1758 2092 14 20 0
1787 2091 26 21 10
1842 2092 15 20 0

1298 2115 33 21 15.
1345 2115 49 21 The
1406 2115 47 21 best
1463 2115 82 26 sample
1556 2115 26 22 of
1588 2119 55 23 oats,
1654 2124 29 14 on
1694 2117 37 21 the

1270 2148 61 14 same
1342 2141 125 21 conditions
1479 2148 23 14 as
1512 2141 36 21 the
1558 2142 43 21 last
1759 2145 14 21 0
1800 2144 13 22 7
1840 2145 13 20 6

1298 2169 36 21 lii.
1349 2167 47 21 Tlie
1409 2167 47 21 best
1465 2168 84 27 sample
1564 2169 26 21 of
1603 2169 84 28 barley,
1698 2170 35 22 do.

1271 2194 34 24 do,
1389 2194 36 21 do.
1760 2198 13 20 0
1801 2197 12 22 7
1839 2198 13 20 6

1299 2221 32 22 17.
1348 2220 44 22 For
1402 2221 37 21 the
1449 2221 49 21 best
1509 2222 111 26 specimen
1632 2223 25 21 of
1669 2227 63 23 pota-

1272 2251 54 23 toes,
1346 2247 25 21 of
1388 2252 39 16 not
1442 2247 42 21 less
1503 2247 53 22 than
1574 2250 26 20 14
1610 2251 29 24 lb,
1657 2257 76 19 grown

1269 2274 57 21 from
1336 2274 109 26 imported
1455 2274 65 26 seed;
1532 2275 83 26 stating
1621 2276 36 21 the
1669 2276 62 26 kind,

1270 2300 38 22 the
1319 2300 86 22 district
1421 2301 44 23 and
1477 2306 77 16 nature
1569 2302 27 21 of
1607 2303 40 21 soil
1662 2303 71 21 \vhe:e

1270 2334 84 20 grown,
1368 2327 36 21 the
1413 2327 90 21 method
1514 2328 44 21 and
1568 2329 54 21 time
1630 2329 26 21 of
1663 2329 70 27 plant-

1270 2354 39 27 ing
1324 2354 45 21 and
1386 2354 77 27 taking
1480 2361 37 20 up,
1528 2355 58 21 what
1599 2357 101 26 quantity
1710 2357 25 21 cf

1270 2381 86 26 ground
1375 2380 92 27 planted
1488 2381 51 21 with
1559 2381 37 21 the
1613 2383 120 26 particular

1270 2411 46 17 sort
1331 2414 59 14 sown
1401 2407 46 22 and
1459 2407 37 21 the
1510 2407 97 27 produce
1622 2416 40 19 per
1674 2416 57 19 acre,

1270 2434 45 21 and
1331 2433 98 23 whether
1445 2441 91 14 manure
1551 2434 45 22 had
1613 2435 56 23 been
1679 2436 56 22 used

1270 2467 25 15 or
1303 2464 40 18 not
1761 2464 14 20 0
1800 2463 13 21 5
1842 2464 15 20 0

1298 2489 33 20 18.
1347 2488 44 21 For
1401 2487 36 21 the
1448 2488 50 20 best
1513 2488 112 26 specimen
1636 2489 26 21 of
1670 2493 63 22 pota-

1269 2516 54 24 toes,
1344 2514 26 21 of
1385 2517 38 17 not
1442 2514 44 21 less
1502 2514 53 22 than
1571 2516 26 20 14
1606 2517 30 23 lb,
1656 2522 76 19 grown

1270 2540 57 22 from
1346 2541 83 21 Native
1448 2540 59 27 seed,
1531 2541 44 21 and
1599 2541 71 22 under
1694 2541 37 24 the

1270 2575 61 13 same
1342 2566 125 22 conditions
1477 2574 25 14 as
1510 2567 37 21 the
1557 2568 44 21 last
1759 2570 14 20 0
1798 2568 14 21 5
1841 2569 15 21 0

1297 2595 34 21 19.
1346 2594 43 22 For
1401 2594 37 21 the
1455 2593 87 27 highest
1557 2594 89 22 dressed
1662 2595 71 26 speci-

1270 2628 51 14 men
1338 2620 27 22 of
1381 2620 53 26 flax,
1450 2620 27 21 of
1491 2625 37 17 not
1545 2621 42 21 less
1601 2621 54 21 than
1669 2623 24 20 10
1702 2623 29 23 ft,

1270 2648 82 26 stating
1362 2647 38 21 the
1410 2651 48 17 cost
1468 2647 27 21 of
1500 2647 130 27 production
1641 2655 38 20 per
1688 2653 43 21 ton,

1270 2674 45 22 and
1326 2674 36 22 the
1371 2681 94 14 manner
1476 2674 25 21 of
1509 2675 116 27 preparing
1636 2675 16 20 it
1683 2689 46 7 ....
1762 2676 9 20 1
1801 2677 14 19 0
1842 2677 14 20 0

1270 2705 48 21 The
1344 2705 121 22 successful
1489 2705 94 26 samples
1597 2706 35 21 for
1647 2705 36 22 the
1699 2706 34 21 six

1298 2731 182 23 last-meutioned
1489 2732 71 27 prizes
1571 2736 21 17 to
1604 2733 84 21 remain
1696 2733 37 21 the

1298 2762 102 24 property
1412 2758 25 21 of
1445 2758 37 21 the
1494 2759 93 26 Society.

1296 2794 35 21 20.
1346 2792 32 22 To
1389 2792 36 21 the
1435 2790 108 28 shepherd
1552 2792 48 22 who
1607 2792 56 23 shall
1674 2793 57 21 have

1270 2819 76 21 reared
1366 2818 36 21 the
1421 2823 96 21 greatest
1535 2826 38 19 per
1593 2823 92 22 centage
1709 2820 25 21 of

1271 2846 70 21 lambs
1350 2846 23 21 in
1384 2851 92 21 anyone
1485 2852 58 20 year,
1552 2846 23 20 in
1582 2846 45 21 this
1637 2846 94 26 district,

1270 2873 56 20 from
1336 2877 39 17 not
1385 2872 42 21 less
1438 2871 52 22 than
1503 2873 39 20 100
1551 2879 64 15 evve»>
1762 2874 52 21 10
1841 2874 15 20 0

1295 2900 23 20 2J
1326 2915 3 5 .
1347 2899 43 22 For
1400 2898 37 22 the
1449 2901 58 18 most
1514 2899 111 27 approved
1632 2903 99 22 account,

1269 2925 22 22 in
1314 2926 92 25 writing,
1427 2926 26 20 of
1469 2924 37 22 the
1530 2925 47 22 best
1597 2925 92 22 method
1710 2926 26 21 of

1269 2952 94 27 treating
1379 2951 66 22 cattle
1456 2951 45 22 and
1512 2951 68 28 sheep
1595 2952 95 22 affected
1704 2953 29 27 by

1269 2979 74 27 eating
1351 2982 48 18 tute
1759 2980 15 20 0
1788 2980 26 21 10
1841 2980 15 21 0

1295 3007 36 20 22.
1345 3005 48 22 The
1404 3004 75 23 fullest
1493 3010 100 21 account,
1603 3006 24 21 in
1636 3006 95 26 writing,

1269 3032 25 21 of
1307 3032 37 21 the
1362 3032 51 21 best
1425 3030 92 23 method
1533 3032 26 21 of
1571 3032 99 28 clearing
1681 3033 50 21 tim-

1269 3058 68 22 bered
1353 3058 63 26 land,
1434 3057 47 22 and
1500 3058 36 21 the
1551 3065 99 21 expense
1667 3059 26 21 of
1705 3059 25 26 it,

1268 3085 83 27 stating
1367 3085 37 22 the
1420 3084 87 22 district
1517 3089 22 17 to
1557 3084 73 23 which
1646 3084 37 23 the
1693 3084 38 23 de-

1267 3113 106 26 scription
1383 3111 85 27 applies
1490 3125 6 6 .
1502 3120 48 12 ...;
1756 3114 16 19 0
1785 3113 27 20 10
1839 3114 15 19 0

1294 3140 34 21 23.
1344 3138 85 25 Fullest
1437 3142 96 17 account
1542 3138 27 21 of
1581 3138 38 21 the
1637 3138 49 21 best
1695 3145 36 14 ro-

1269 3166 68 21 tation
1349 3166 26 21 of
1382 3171 62 20 crops
1452 3171 31 14 on
1491 3164 71 27 newly
1569 3164 88 22 cleared
1667 3164 63 26 land,

1267 3192 46 21 and
1322 3191 37 23 the
1371 3190 92 23 method
1472 3190 26 21 of
1510 3190 87 28 putting
1611 3190 61 22 them
1683 3191 46 22 into

1269 3218 35 22 the
1315 3218 88 27 ground
1756 3219 15 20 0
1786 3219 25 20 10
1839 3219 14 21 0

1293 3250 49 22 The
1351 3250 72 21 above
1433 3252 23 18 to
1466 3249 29 21 be
1512 3248 57 22 from
1585 3248 39 22 the
1634 3249 76 21 actual
1720 3248 132 29 knowledge

1267 3277 45 21 and
1329 3276 132 27 experience
1478 3275 26 21 of
1514 3275 36 22 the
1571 3283 91 20 persons
1676 3276 78 27 giving
1770 3276 36 22 the
1815 3276 37 22 in-

1267 3303 126 22 formation.

1293 3330 48 22 The
1358 3330 42 20 last
1411 3328 61 22 three
1482 3329 70 27 prizes
1563 3328 43 22 will
1616 3329 28 22 be
1656 3329 67 27 again
1733 3329 85 23 offered
1828 3333 24 18 at

1268 3356 36 22 the
1314 3359 55 19 next
1378 3355 131 27 September
1518 3357 107 25 meeting.

1293 3388 48 22 The
1352 3387 142 27 competition
1510 3387 44 21 will
1568 3387 28 21 be
1606 3394 57 21 open
1675 3390 21 18 to
1713 3387 139 22 Subscribers

1267 3415 55 21 from
1334 3421 44 20 any
1388 3417 50 24 part
1447 3414 27 20 of
1479 3413 37 22 the
1527 3413 110 22 Southern
1650 3414 99 25 District,
1756 3413 44 22 and
1812 3413 39 21 the

1267 3441 62 22 stock
1345 3445 65 21 must,
1422 3445 24 16 at
1463 3439 37 21 the
1517 3440 54 22 time
1582 3440 27 22 of
1621 3444 70 23 entry,
1703 3441 27 20 be
1740 3441 57 20 bona
1806 3439 45 22 fide

1269 3467 35 23 the
1322 3471 111 24 property,
1454 3465 44 23 and
1516 3466 23 22 iv
1562 3466 37 22 the
1619 3467 123 27 possession
1762 3467 29 26 of,
1808 3466 43 22 .the

1267 3499 62 24 party
1340 3495 21 21 in
1372 3493 73 22 whose
1456 3500 66 14 name
1531 3494 51 25 they
1592 3501 39 15 are
1641 3493 100 23 entered.
1754 3512 3 4 .

1293 3521 116 26 Cottagers
1428 3519 46 22 and
1491 3519 119 29 labouring
1625 3527 51 15 men
1695 3519 97 27 farming
1810 3523 41 18 not

1266 3554 60 15 more
1345 3547 54 22 than
1414 3545 45 23 five
1478 3552 62 16 acres
1555 3547 27 21 of
1596 3547 60 26 land,
1666 3546 47 22 and
1732 3549 41 19 not
1783 3545 67 27 being

1265 3573 148 26 Subscribers,
1432 3571 47 23 will
1496 3572 29 22 be
1543 3572 96 24 allowed
1653 3576 24 19 to
1695 3576 101 23 compete
1814 3573 37 22 for

1263 3600 73 29 prizes
1345 3607 30 15 on
1384 3602 109 29 payment
1500 3599 26 22 of
1532 3599 43 23 five
1585 3599 103 28 shillings
1696 3602 113 19 entrance.

1290 3627 48 23 The
1354 3625 135 25 Committee
1503 3626 44 22 will
1563 3627 92 27 appoint
1667 3625 76 23 skilful
1757 3632 93 21 persons

1263 3656 23 19 to
1301 3657 37 18 act
1352 3660 26 16 as
1394 3652 94 27 Judges,
1503 3653 57 23 from
1575 3660 73 16 waose
1667 3652 100 25 decision
1785 3652 63 23 there

1263 3679 55 23 shall
1329 3680 28 22 be
1368 3686 29 16 no
1409 3679 87 28 appeal.

1290 3706 86 22 Parties
1390 3705 120 27 intending
1526 3709 22 18 to
1563 3709 102 24 compete
1679 3706 36 22 for
1724 3712 45 21 any
1778 3705 25 23 of
1809 3705 51 23 the'

1263 3733 71 22 above
1342 3733 80 27 prizes,
1433 3735 60 19 must
1501 3732 50 27 give
1561 3733 75 21 notice
1645 3732 24 22 in
1681 3732 88 27 writing
1777 3735 22 19 to
1809 3732 39 22 the

1263 3761 124 24 Secretary,
1397 3766 30 14 on
1437 3766 26 14 or
1477 3759 74 22 before
1566 3759 111 26 Tuesday,
1690 3759 37 23 the
1740 3758 60 23 26th.
1804 3758 44 27 day

1263 3785 26 33 pf
1295 3786 89 26 March,
1396 3789 24 18 at
1429 3785 38 22 the
1477 3792 60 15 same
1547 3786 61 22 time,
1613 3785 77 28 giving
1700 3784 31 22 all
1746 3784 103 28 required

1262 3812 131 28 particulars
1402 3819 25 15 as
1437 3811 131 23 mentioned
1580 3812 78 26 above.

1263 3842 4 6 '
1290 3839 48 23 The
1352 3838 136 23 Committee
1505 3843 23 17 to
1541 3838 58 22 have
1611 3845 75 20 power
1704 3840 25 18 to
1742 3836 108 23 withhold

1260 3872 48 20 •any
1315 3866 61 27 prize
1385 3864 80 27 which,
1477 3864 23 22 in
1516 3865 37 22 the
1567 3865 91 28 opinion
1667 3864 28 23 of
1705 3864 39 22 the
1754 3863 93 28 Judges,

1263 3891 18 21 i
1278 3891 21 21 9
1291 3898 40 16 not
1337 3891 121 26 .deserved,
1624 3908 5 7 ,
1645 3909 11 2 _
1678 3909 3 5 ,
1731 3897 4 3 •
1862 3899 2 13 i

1916 690 40 22 All
1976 690 37 23 the
2029 692 61 22 stock
2105 694 44 22 and
2168 696 98 26 produce
2281 698 105 23 intended
2406 702 23 19 to
2443 701 29 21 be

1890 718 66 25 shew,
1967 721 23 18 to
2000 718 27 21 be
2037 723 23 17 at
2069 720 108 23 Hunter's
2187 723 139 28 Stock-yard,
2334 725 33 23 Te
2378 727 56 26 Aro,
2441 734 31 16 on

1890 750 25 13 or
1926 745 75 20 before
2011 746 26 20 10
2046 746 85 22 o'clock
2139 748 24 21 in
2179 748 38 21 the
2227 750 101 27 morning
2345 752 27 22 of
2378 752 39 22 the
2427 753 45 24 day

1889 769 26 21 of
1928 770 128 23 exhibition.
2084 772 47 23 The
2145 773 63 23 Yard
2222 776 46 21 will
2284 776 28 22 be
2325 785 57 18 open
2398 783 22 17 to
2435 779 37 23 the

1890 796 74 26 public
1975 800 22 18 at
2008 798 26 21 12
2044 798 93 23 o'clock.

1915 828 48 21 The
1974 828 137 23 Subscribers
2128 831 42 21 and
2186 831 59 23 their
2258 833 83 23 friends
2352 835 45 23 will
2416 836 55 23 dine

1888 857 23 18 at
1929 854 37 21 the
1983 855 53 27 Ship
2055 856 68 22 Hotel
2139 857 122 28 (Fuller's),
2279 860 32 22 Te
2325 862 55 25 Aro,
2391 869 29 15 on
2432 863 39 23 the

1888 881 44 26 day
1949 881 25 21 of
1989 881 36 22 the
2043 882 127 24 exhibition.
2200 885 48 21 The
2264 885 116 25 President
2396 889 24 22 in
2431 889 39 23 the

1888 906 69 22 chair.
1986 908 86 22 Dinner
2082 917 28 13 on
2120 910 38 22 the
2166 911 60 21 table
2234 913 14 19 5
2258 913 91 23 o'clock.

1914 938 90 22 Tickets
2018 941 40 25 55.,
2069 944 40 18 not
2122 941 114 29 including
2247 944 65 27 wine,
2323 949 21 18 to
2354 946 29 22 be
2392 947 46 22 had
2446 952 25 18 at

1888 965 38 21 the
1937 965 40 21 bar
1987 966 25 21 of
2026 967 36 21 the
2079 968 74 27 Hotel,
2169 973 23 17 at
2211 970 37 21 the
2261 972 84 21 Gazette
2356 973 71 23 Office
2445 982 26 15 or

1889 991 56 22 from
1955 991 38 22 the
2004 993 121 28 Secretary.

2063 1024 105 24 Charles
2184 1028 124 29 Clifford,

2198 1059 116 28 Honorary
2323 1062 119 28 Secretary.

1914 1087 146 30 Wellington,
2072 1090 79 23 March
2160 1093 8 20 1
2175 1094 8 19 1
2189 1108 6 10 ,
2208 1094 62 21 1844.

1919 1132 71 21 New
2004 1134 123 23 Zealand
2141 1137 110 27 Society
2267 1138 31 22 of
2309 1139 124 23 London.

1888 1165 165 51 HAVING
2065 1168 56 23 been
2138 1170 96 27 deputed
2251 1172 31 27 by
2299 1172 35 23 the
2355 1172 105 25 Member

1975 1193 26 21 of
2010 1193 41 23 this
2062 1195 87 28 Society
2160 1200 20 18 to
2193 1202 90 22 request
2300 1198 35 23 the
2349 1200 123 24 formation

1887 1220 25 19 of
1919 1226 14 13 a
1946 1220 66 22 Local
2028 1221 131 23 Committee
2175 1228 23 17 to
2215 1226 132 26 correspond
2363 1226 54 23 with
2431 1228 39 21 the

1886 1250 80 21 parent
1975 1247 89 27 Society
2072 1249 23 20 in
2111 1249 100 27 London,
2224 1251 55 23 such
2293 1252 83 23 settlers
2389 1261 24 14 as
2424 1254 46 23 feel

1887 1273 125 21 convinced
2024 1273 46 22 that
2079 1274 37 22 the
2126 1276 88 27 Society
2224 1277 40 22 has
2271 1277 54 23 been
2334 1279 136 24 established

1886 1299 36 19 for
1931 1299 73 21 useful
2014 1306 112 21 purposes,
2136 1302 44 22 and
2191 1303 35 21 for
2243 1305 120 27 promoting
2372 1306 38 22 the
2420 1306 51 23 best

1886 1328 104 18 interests
1999 1326 26 20 of
2032 1326 37 22 the
2086 1328 92 27 Colony,
2189 1336 40 15 are
2246 1332 117 25 requested
2372 1336 24 18 to
2404 1332 65 23 leave

1886 1351 58 21 their
1954 1358 66 15 name
2037 1357 23 17 at
2075 1361 37 20 my
2123 1355 61 21 office
2201 1363 30 14 on
2241 1364 25 14 or
2283 1357 73 23 before
2370 1359 38 22 the
2418 1361 51 21 31st

1885 1380 93 24 instant,
1991 1379 56 21 after
2062 1379 71 23 which
2149 1388 28 14 an
2187 1383 61 27 early
2258 1383 44 28 day
2312 1385 41 21 will
2366 1385 30 22 be
2406 1385 62 24 fixed

1886 1404 35 21 for
1931 1405 100 26 meeting
2039 1409 23 18 to
2072 1407 91 27 appoint
2171 1415 14 15 a
2196 1409 139 23 Committee.

2156 1442 102 23 Arthur
2276 1444 26 21 T.
2318 1444 123 24 Holroyd.

1913 1468 33 23 Te
1957 1469 56 28 Aro,
2025 1471 82 22 March
2118 1473 31 26 16,
2162 1475 59 21 1844.

2066 1517 98 22 Scotch
2179 1518 116 23 Church.

1885 1546 50 51 IT
1950 1547 18 22 is
1978 1550 144 27 respectfully
2136 1552 120 26 requested
2271 1552 50 22 that
2333 1553 32 22 all
2384 1555 84 26 parties

1945 1574 49 21 who
2003 1574 57 23 have
2069 1581 40 16 not
2118 1581 38 22 yet
2170 1578 53 27 paid
2238 1578 60 22 their
2312 1579 158 25 subscribtions

1886 1600 96 23 towards
2002 1601 38 22 the
2057 1604 97 21 erection
2171 1604 27 21 of
2216 1604 38 22 the
2274 1605 78 23 Scotch
2372 1607 97 28 Church,

1886 1626 44 21 will
1942 1626 28 22 do
1981 1635 25 14 so
2016 1632 23 18 at
2050 1628 56 23 their
2121 1630 90 22 earliest
2228 1633 149 23 convenience
2397 1637 22 18 to
2434 1634 38 22 the

1885 1652 58 22 Rev.
1954 1653 24 22 J.
1991 1654 167 24 Macfarlane.

1912 1685 83 23 March
2006 1689 32 24 18,
2050 1690 54 20 1844

1971 1734 243 28 GOVERNMENT
2245 1739 138 27 NOTICE.

1947 1790 112 22 Annual
2091 1793 147 28 Licensing
2270 1795 131 29 Meeting.

1888 1824 46 46 A
1952 1823 151 23 GENERAL
2119 1825 148 24 MEETING
2284 1828 27 22 of
2321 1829 37 23 the
2373 1830 98 24 Justices

1966 1850 26 21 of
1999 1850 38 22 the
2057 1851 69 22 Peace
2143 1853 35 21 for
2194 1853 70 23 Town
2280 1855 44 22 and
2338 1854 97 25 District
2448 1859 26 21 of

1886 1877 54 20 Port
1957 1877 130 27 Nicholson,
2103 1879 44 21 will
2163 1879 26 22 be
2203 1880 83 23 holden
2305 1885 21 18 at
2340 1882 39 23 the
2395 1884 77 23 Police

1886 1903 80 26 Office,
1979 1903 144 28 Wellington,
2133 1913 28 14 on
2178 1906 39 23 the
2227 1907 49 22 first
2285 1908 103 29 Tuesday
2399 1911 22 21 in
2432 1912 40 21 the

1884 1929 80 21 month
1982 1930 25 20 of
2020 1931 62 26 April
2098 1936 61 22 next,
2170 1936 23 17 at
2203 1934 79 22 eleven
2294 1935 85 22 o'clock
2392 1937 25 22 in
2432 1938 38 22 the

1885 1955 117 27 forenoon,
2018 1957 36 21 for
2070 1957 37 22 the
2121 1966 95 19 purpose
2227 1960 25 21 of
2265 1960 77 27 taking
2358 1963 48 22 into
2417 1971 54 14 con-

1886 1982 120 21 sideration
2018 1982 141 27 applications
2168 1985 35 21 for
2213 1985 108 24 Licences
2328 1988 35 21 for
2373 1989 38 22 the
2422 1991 47 21 sale

1886 2007 26 22 of
1929 2009 119 26 spirituous
2066 2009 88 28 liquors,
2171 2013 65 26 wine,
2255 2013 43 26 ale,
2316 2014 42 22 and
2374 2016 60 27 beer,
2445 2017 25 22 in

1886 2035 136 22 accordance
2029 2035 52 23 with
2091 2037 37 21 the
2136 2039 122 25 provisions
2266 2040 27 21 of
2299 2040 34 23 the
2340 2041 130 25 Ordinance

1886 2062 14 20 5
1910 2061 107 28 Victoria,
2030 2063 86 22 Session
2128 2064 38 27 11.,
2180 2065 42 22 No.
2234 2068 33 20 12.

2076 2095 95 22 Alfred
2186 2096 29 23 R.
2231 2097 121 29 Chetham,

2198 2128 66 22 Clerk
2274 2133 23 18 to
2308 2129 34 23 the
2352 2130 87 24 Bench.

1916 2155 75 23 Police
2002 2157 77 27 Office,
2090 2157 142 30 Wellington,

1970 2190 79 23 March
2059 2193 20 23 8,
2090 2193 60 21 1844.

1944 2235 123 23 ANCING
2094 2239 163 28 ACADEMY,
2285 2241 128 29 Exchange,
2438 2244 33 22 Te

1889 2287 23 9 »„
1952 2288 6 5 •
1970 2264 47 20 Aro
2020 2279 6 10 »
2044 2264 72 22 under
2138 2265 37 22 the
2199 2267 110 23 direction
2330 2269 27 21 of
2377 2270 94 22 Messrs.

1889 2288 104 22 Marriott
2011 2289 44 22 and
2076 2290 134 29 Hattersley,
2228 2301 69 21 every
2309 2295 102 29 Tuesday
2425 2297 47 22 and

1888 2315 83 26 Friday
1987 2315 118 28 Evenings.
2133 2318 78 23 Terms
2231 2324 24 18 at
2272 2329 80 19 rooms,
2369 2326 23 19 to
2410 2331 61 15 com-

1887 2348 77 14 mence
1975 2345 24 18 at
2008 2342 104 29 half-past
2121 2345 14 21 7
2143 2345 93 23 o'clock.

1914 2372 82 23 March
2004 2374 20 27 5,
2036 2376 59 21 1844.

1997 2423 89 24 RED
2118 2426 116 23 LION
2269 2428 91 28 INN,

2164 2467 29 15 BY

2050 2493 116 22 Richard
2195 2494 110 27 Brown,

2090 2534 84 15 KARORI
2190 2536 68 19 ROAD,

1891 2559 75 25 Wines,
1975 2559 79 26 spirits,
2062 2561 42 20 and
2109 2563 47 19 neat
2164 2562 79 27 liquers
2250 2563 28 25 of
2282 2564 35 21 the
2325 2565 43 20 best
2377 2566 89 27 quality.

1915 2592 81 23 March
2003 2595 21 23 5,
2036 2595 59 21 1844.

2089 2640 26 23 B.
2144 2641 118 29 LEVY,

1888 2671 202 27 Chronometer,
2105 2675 94 26 Clock,
2214 2677 22 20 &
2251 2677 98 23 Watch
2364 2679 107 26 Maker,

2054 2708 141 23 LAMBTON
2216 2710 91 26 QUAY,

1921 2737 228 24 WELLINGTON,
2177 2742 76 18 NEW
2278 2743 163 21 ZEALAND.

2037 2787 40 20 To
2091 2788 33 20 be
2139 2788 65 21 Sold
2219 2789 100 28 Cheap.

1888 2819 50 46 A
1968 2818 151 28 COTTAGE,
2127 2820 122 28 pleasantly
2256 2822 102 27 situated,
2368 2825 106 22 contain-

1962 2845 39 26 ing
2010 2846 155 26 sitting-room,
2177 2848 127 27 bed-room,
2316 2850 45 21 and
2371 2850 101 28 kitchen,

1887 2871 53 20 with
1957 2879 14 13 a
1987 2872 49 21 well
2053 2873 120 22 cultivated
2187 2875 92 25 garden.
2323 2876 43 22 For
2386 2877 87 23 further

1887 2898 138 27 particulars,
2036 2900 65 26 apply
2118 2903 21 18 to
2156 2900 44 22 Mr.
2218 2902 56 26 Roe,
2293 2905 23 19 at
2329 2903 38 22 the
2385 2905 89 21 Gazette

1886 2924 73 22 office.

1914 2957 113 28 February
2037 2960 20 25 6,
2069 2961 61 21 1844.

2057 3003 76 21 Meat
2147 3004 151 28 Company.

1886 3036 128 47 FRESH
2036 3036 91 27 PORK,
2147 3037 70 27 prime
2233 3039 79 27 joints,
2344 3041 61 23 from
2428 3042 38 23 4d.

1959 3067 23 16 to
1991 3062 37 22 sd.
2039 3070 39 19 per
2088 3063 29 21 lb.

2155 3095 35 23 W.
2205 3096 104 28 Fitcbb,
2323 3098 116 28 Manager.

1911 3120 116 29 February
2036 3121 34 27 27,
2082 3123 60 21 1844.
2392 3112 14 16 H

1885 3171 102 40 rpiHE*
1999 3179 78 20 Nelson
2099 3180 116 21 Examiner
2238 3182 43 20 and
2303 3183 50 21 New
2375 3185 97 23 Zealand

1891 3200 29 27 A
1958 3204 110 22 Chronicle
2082 3206 127 29 (published
2217 3211 25 19 at
2250 3208 101 29 Nelson,)
2366 3211 21 22 is
2401 3218 70 21 regu*

1882 3231 59 28 larly
1959 3232 139 21 transmitted
2112 3236 23 18 to
2151 3232 146 31 Wellington,
2317 3236 42 23 and
2374 3245 53 20 may
2441 3239 30 21 be

1883 3258 44 22 had
1938 3262 23 18 at
1970 3258 38 22 the
2018 3259 62 21 office
2090 3259 25 22 of
2126 3259 43 22 this
2177 3267 76 22 paper.

1910 3290 49 22 The
1968 3291 79 20 Nelson
2055 3291 115 21 Examiner
2184 3293 47 21 will
2238 3293 29 23 be
2278 3294 66 25 found
2354 3302 30 16 an
2394 3296 77 23 excel-

1882 3317 49 21 lent
1938 3317 100 23 medium
2047 3317 35 23 for
2091 3317 140 25 advertisers.

1909 3349 80 22 Terms
1997 3350 35 21 for
2041 3350 37 22 the
2088 3358 73 20 paper,
2171 3355 38 18 ten
2217 3352 102 28 shillings
2330 3360 40 22 per
2378 3358 80 23 quarte

1881 3375 96 28 payable
1985 3377 23 20 in
2019 3376 107 24 advance.

1910 3408 83 21 Orders
2016 3408 34 21 for
2069 3409 36 21 the
2127 3417 69 23 paper
2218 3410 44 24 and
2286 3411 185 22 advertisements

1882 3434 103 22 received
1995 3439 23 17 at
2027 3436 37 21 the
2076 3436 70 22 Office
2156 3437 25 21 of
2194 3437 44 21 this
2248 3444 74 20 paper.

2096 3498 154 25 FREIGHTS.

1881 3534 99 23 London
2370 3535 15 20 5
2412 3536 14 20 0
2453 3537 15 19 0

1880 3567 59 23 New
1952 3568 80 22 South
2049 3567 82 24 Walm
2144 3574 47 15 akd
2200 3566 30 22 V.
2241 3566 30 23 D.
2282 3566 27 22 L.
2333 3581 7 6 .
2347 3582 6 5 .
2370 3568 15 21 2
2412 3569 14 20 0
2453 3569 15 20 0

1879 3601 99 23 Nelson
2370 3603 15 20 2
2412 3603 15 19 0
2453 3602 16 20 0

1878 3637 127 25 TAHAHAii
2015 3645 47 15 and
2067 3637 73 23 Coast
2370 3639 15 19 2
2412 3639 15 19 0
2453 3639 14 19 0

1879 3674 134 23 Auckland
2281 3682 9 11 ••
2401 3674 39 20 »#•

1977 3738 113 23 AGENTS
2105 3737 57 22 FOR
2180 3736 188 29 THJ3~PAI»EII.
2397 3758 31 12 ,„.,
2448 3730 24 34 '^

1900 3775 39 20 Mr,
1950 3771 126 21 BUKCHAM
2168 3771 79 20 Petoni.
2285 3761 15 30 V
2377 3761 45 32 ■~t'
2424 3761 4 14 I
2437 3763 37 28 V

1900 3802 39 18 Mr.
1950 3801 22 19 C.
1983 3799 112 23 ELLIOTT,
2105 3799 106 21 Examiner
2216 3794 66 28 Office's
2282 3795 79 25 ifTeteon
2369 3798 91 24 HMvteur
2462 3793 12 15 8

1899 3829 41 18 Mr.
1950 3829 19 17 J.
1977 3829 23 18 B.
2008 3827 92 19 BAINES
2173 3827 49 19 New
2228 3827 109 23 Plymouth,
2343 3822 132 28 Tadnfefi?!?*

1900 3858 40 18 Mr.
1950 3858 27 18 H.
1987 3851 306 28 CHURTON.....'.Wanganul.
2325 3867 3 5 .
2359 3860 46 14 .^
2426 3852 48 22 b'C

1901 3889 38 22 Mr,
1951 3888 31 19 W.
1993 3888 33 18 Wl
2030 3887 62 20 LSON
2111 3899 57 9 ,...
2173 3888 42 21 Bay
2222 3887 24 18 of
2251 3881 76 27 Jsliindi'
2331 3898 6 11 ,
2341 3900 3 4 •
2384 3890 5 5 '
2395 3891 6 14 !
2405 3891 9 15 3
2418 3883 8 9 r-l',Yr
2427 3883 47 23 -l',Y
