2510 3999
50 3392 90 60 New
170 3392 209 60 Zealand
409 3392 209 60 Gazette

100 3456 69 26 AND
183 3452 217 27 WELLINGTON
419 3452 188 23 SPECTATOR.

167 3510 158 21 Wednesday,
342 3507 89 21 March
444 3507 34 24 20,
496 3507 58 21 1544.

1437 2870 100 30 Sydney,
1549 2870 130 23 December
1689 2870 23 27 9,
1728 2869 74 23 1843.

1320 2913 177 25 Gentlemen,
1498 2922 34 5 —
1532 2909 43 23 We
1597 2917 57 15 were
1673 2907 108 25 favoured
1808 2915 64 16 some

1286 2947 65 24 short
1367 2945 54 23 time
1440 2951 42 22 ago
1495 2943 53 23 with
1567 2950 57 23 your
1641 2942 71 25 letter,
1725 2940 119 31 enclosing
1857 2948 14 15 a

1287 2979 94 33 petition
1399 2976 122 24 addressed
1531 2980 21 19 to
1565 2976 119 23 Governor
1696 2973 101 31 Fitzroy,
1811 2974 59 23 from

1288 3013 37 23 the
1350 3011 144 24 Inhabitants
1515 3009 26 23 of
1566 3009 155 31 Wellington;
1752 3006 45 24 and
1820 3014 55 23 very

1287 3045 88 30 shortly
1385 3043 57 23 after
1454 3042 39 24 the
1510 3042 82 24 arrival
1604 3042 24 23 of
1643 3042 36 23 his
1694 3039 143 31 Excellency
1850 3040 24 23 in

1287 3079 47 24 this
1345 3081 58 29 port,
1415 3083 34 16 we
1466 3075 45 24 had
1523 3075 38 24 the
1576 3075 88 24 honour
1676 3073 22 25 of
1714 3080 29 16 an
1755 3073 117 23 interview

1289 3112 54 23 with
1361 3110 46 25 him
1419 3108 46 25 and
1476 3109 26 24 of
1516 3108 133 31 presenting
1665 3112 23 19 to
1697 3105 48 24 him
1758 3105 39 24 the
1812 3106 62 30 peti-

1289 3146 58 23 tion.

1324 3178 47 24 His
1388 3175 141 31 Excellency
1541 3173 54 24 then
1611 3171 122 34 expressed
1750 3171 37 24 his
1799 3173 76 22 inten-

1290 3212 48 23 tion
1350 3209 26 24 of
1389 3208 96 31 sending
1504 3216 14 15 a
1529 3207 88 24 written
1633 3206 69 32 reply,
1716 3205 45 24 and
1773 3212 34 16 we
1825 3213 49 15 now

1290 3244 90 24 enclose
1390 3249 14 16 a
1415 3249 58 24 copy
1485 3240 24 24 of
1525 3249 13 15 a
1548 3240 74 28 letter,
1634 3240 72 23 which
1717 3246 33 16 we
1762 3238 46 24 had
1820 3239 55 22 sub-

1290 3275 117 33 sequently
1418 3273 38 25 the
1467 3274 72 24 honor
1551 3273 22 23 of
1583 3273 113 31 receiving
1707 3272 59 23 from
1778 3271 57 24 him.

1325 3309 112 29 Trusting
1448 3306 50 24 that
1515 3306 38 24 the
1569 3306 111 23 attention
1695 3309 24 19 to
1731 3304 39 24 the
1781 3305 96 30 petition

1289 3340 115 36 promised
1422 3341 31 30 by
1465 3340 36 23 his
1514 3339 147 30 Excellency,
1675 3337 44 25 will
1737 3338 28 22 be
1776 3337 101 31 produc-

1292 3378 44 22 tive
1348 3374 26 25 of
1388 3380 116 17 measures
1516 3373 166 31 advantageous
1693 3375 22 20 to
1728 3370 39 23 the
1780 3370 98 24 Inhabi-

1291 3413 62 20 tants
1364 3407 24 25 of
1399 3406 151 30 Wellington,
1563 3405 45 23 and
1624 3404 104 30 assuring
1740 3410 45 23 you
1797 3403 27 24 of
1840 3403 39 24 the

1291 3443 104 31 pleasure
1404 3447 33 16 we
1447 3439 60 23 shall
1518 3446 52 16 ever
1578 3438 58 23 have
1646 3439 24 22 in
1678 3435 110 32 affording
1801 3440 23 20 to
1834 3444 45 23 you

1292 3475 44 25 and
1357 3474 70 28 them,
1449 3471 58 24 such
1528 3471 86 23 service
1632 3478 26 16 as
1679 3477 50 23 may
1745 3468 30 25 be
1792 3469 26 24 in
1838 3477 42 16 our

1293 3515 84 25 power.

1495 3536 43 24 We
1550 3544 46 21 are,
1609 3536 145 28 Gentlemen,

1539 3569 67 24 Your
1616 3569 103 24 obedient
1731 3573 114 24 servants,

1596 3602 60 24 Wm.
1668 3601 120 25 Walker
1801 3602 23 23 &
1837 3602 42 25 Co.

1294 3645 98 25 Messrs.
1404 3641 40 25 W.
1457 3641 30 24 B.
1500 3640 95 25 Rhodes
1607 3640 44 24 and
1663 3641 51 27 Co.,
1726 3639 153 32 Wellington.

1529 3712 58 33 Ship
1597 3712 136 32 Bangalore,
1744 3712 102 32 Sydney,

1562 3752 129 25 December
1701 3754 23 27 1,
1738 3754 75 23 1843.

1327 3797 176 26 Gentlemen,
1505 3806 34 5 —
1540 3793 12 24 I
1573 3793 58 24 have
1650 3792 38 24 the
1703 3792 74 24 honor
1788 3797 24 19 to
1825 3792 56 24 ack-

1293 3829 115 31 nowledge
1420 3828 39 23 the
1469 3827 86 31 receipt
1566 3826 26 23 of
1607 3834 13 15 a
1637 3826 95 31 petition
1749 3826 82 31 signed
1851 3825 31 31 by

1294 3864 98 24 Messrs.
1405 3861 39 25 W.
1458 3860 146 24 Fitzherbert
1614 3860 44 22 and
1670 3860 28 24 E,
1712 3858 113 29 Johnson,
1838 3858 44 23 and

1294 3898 63 23 three
1369 3894 103 25 hundred
1491 3893 43 24 and
1552 3894 141 30 seventy-six
1705 3891 65 24 other
1788 3891 94 23 inhabi-

1294 3936 62 18 tants
1367 3928 26 24 of
1401 3928 149 29 Wellington,
1565 3926 86 30 stating
1661 3926 47 24 that
1719 3925 60 23 their
1790 3928 93 26 present

1914 812 48 28 (To
1975 810 38 24 the
2026 810 86 24 Editor
2122 810 30 30 of
2164 809 39 24 the
2214 808 114 24 Southern
2342 808 81 31 Cross.)

1946 779 84 23 State
2049 785 30 16 of
2098 784 52 17 the
2169 777 116 23 Colony.
2305 776 49 24 No.
2373 778 22 22 2.

1913 846 54 27 Sir,
1969 857 33 4 —
2004 844 30 24 In
2052 843 156 24 continuation
2220 842 28 24 of
2265 850 37 23 my
2315 842 136 27 observations

1881 887 27 15 on
1922 878 46 24 this
1980 878 96 31 subject,
2091 885 61 15 more
2169 875 148 32 particularly
2329 875 52 22 with
2400 877 53 25 refer-

1881 919 54 16 ence
1949 916 22 18 to
2044 911 104 22 System
2159 916 31 17 of
2200 909 110 28 Direct,
2324 907 129 29 Impartial

2059 943 13 24 I
2081 943 64 24 deem
2154 943 19 22 it
2182 942 74 23 would
2265 946 39 19 not
2308 941 28 22 be
2343 941 110 33 irrelevant,

1882 978 78 23 before
1976 977 105 30 pointing
2100 980 40 19 out
2159 975 38 24 the
2215 982 92 16 sources
2325 974 57 23 from
2399 975 54 27 which

1882 1010 56 24 such
1957 1015 87 25 system
2056 1009 67 24 could
2141 1008 28 23 be
2182 1007 132 31 supported,
2328 1011 22 18 to
2371 1009 82 25 consider

1882 1043 80 30 briefly
1975 1043 38 23 the
2024 1047 93 19 amount
2128 1041 26 23 of
2163 1040 168 31 Expenditure,
2340 1040 47 23 that
2397 1042 56 24 would

1882 1077 28 23 be
1922 1075 127 31 absolutely
2061 1081 121 24 necessary
2195 1078 25 19 to
2236 1073 98 24 conduct
2346 1073 37 24 the
2402 1074 51 27 Local

1884 1109 158 24 Government
2055 1116 29 16 on
2095 1116 15 15 a
2120 1114 83 24 proper
2216 1107 126 23 consistent
2353 1106 66 24 scale.

1918 1142 11 24 1
1941 1149 38 16 am
1990 1141 120 33 prompted
2131 1146 23 18 to
2166 1140 47 23 this
2232 1141 30 29 by
2274 1144 43 19 two
2329 1147 90 15 reasons
2429 1149 27 15 :—

1884 1176 56 28 first,
1954 1175 38 23 the
2010 1175 140 31 publication
2162 1174 27 22 of
2206 1173 64 23 Lord
2288 1172 115 30 Stanley's
2422 1174 33 24 dts-

1884 1208 68 31 patch
1962 1212 23 19 to
1995 1208 38 23 the
2044 1208 87 23 Officer
2140 1206 176 30 administering
2323 1205 38 24 the
2370 1205 87 26 Govern-

1884 1246 71 24 ment,
1964 1241 68 23 dated
2044 1240 56 24 13th
2110 1239 90 28 March,
2213 1240 77 27 1843;
2303 1238 45 23 and
2361 1240 96 31 secondly,

1885 1274 29 31 by
1923 1274 38 24 the
1969 1281 54 23 very
2031 1274 123 30 important
2164 1273 53 26 fact,
2226 1272 74 22 which
2310 1271 147 31 distinguishes

1886 1308 45 23 this
1943 1307 81 30 colony
2036 1306 59 23 from
2114 1305 31 23 all
2157 1305 77 23 others
2244 1313 6 20 ;
2274 1304 97 31 namely,
2385 1305 44 23 that
2443 1314 14 16 at

1886 1341 29 23 its
1926 1340 141 27 foundation,
2081 1339 38 22 the
2131 1338 159 23 Government
2301 1337 156 27 establishment

1886 1374 41 23 has
1939 1379 40 17 not
1992 1374 56 22 been
2060 1372 87 23 formed
2159 1370 53 24 with
2223 1378 44 22 any
2278 1371 112 22 reference
2400 1379 22 16 or
2434 1380 23 15 re.

1886 1407 56 31 gard
1954 1413 22 16 to
1989 1407 38 22 the
2045 1405 96 24 number
2152 1404 25 23 of
2194 1403 38 23 the
2246 1403 123 31 European
2380 1405 77 30 popula.

1887 1441 55 27 tion,
1954 1440 42 22 but
2008 1441 22 21 in
2042 1445 155 24 consequence
2211 1437 25 23 of
2246 1438 38 22 the
2295 1437 89 22 various
2396 1438 61 24 settle-

1888 1477 86 25 ments,
1987 1470 189 31 simultaneously
2184 1469 146 24 commenced
2342 1470 24 22 in
2375 1469 82 26 different

1889 1511 62 26 parts
1962 1506 27 23 of
2006 1505 40 24 the
2067 1504 100 28 Islands,
2187 1503 36 24 far
2244 1502 85 24 distant
2346 1502 57 24 from
2421 1504 36 24 each

1888 1539 73 29 other,
1979 1538 53 24 with
2051 1536 177 32 comparatively
2241 1544 53 23 very
2305 1535 67 24 small
2383 1537 74 31 popula.

1889 1573 58 22 tion.

1924 1605 122 28 However,
2069 1602 109 31 although
2199 1602 45 23 this
2262 1602 160 24 circumstance
2432 1603 30 24 has

1890 1638 139 30 necessarily
2047 1636 110 25 rendered
2180 1636 40 23 the
2243 1635 81 23 annual
2347 1642 87 17 amount
2448 1638 17 23 of

1890 1671 161 31 Expenditure
2063 1678 26 16 so
2101 1677 53 23 very
2166 1673 74 27 great,
2253 1673 23 18 to
2286 1668 28 23 be
2326 1668 68 24 borne
2406 1670 20 22 in
2437 1669 28 25 the

1891 1704 63 31 early
1966 1704 56 31 days
2034 1704 25 23 of
2074 1702 38 25 the
2125 1701 82 31 colony
2219 1702 30 30 by
2261 1701 37 24 the
2310 1702 51 23 first
2374 1702 90 30 settlers;

1891 1742 45 27 yet,
1956 1738 19 23 it
1995 1741 62 19 must
2074 1737 29 23 be
2121 1735 164 28 remembered,
2304 1734 48 24 that
2370 1735 36 23 the
2417 1744 49 16 same

1892 1771 60 24 scale
1964 1771 26 23 of
2004 1769 181 27 establishment,
2199 1769 94 22 without
2310 1776 52 22 any,
2375 1776 24 15 or
2411 1769 54 24 much

1893 1803 123 25 additional
2037 1810 108 25 expence,
2169 1801 74 24 would
2264 1802 27 22 be
2313 1794 110 30 sufficient
2441 1802 25 24 for

1893 1845 62 16 more
1968 1837 55 24 than
2034 1836 43 24 five
2095 1836 67 23 times
2183 1836 39 22 the
2240 1838 93 27 present
2349 1835 117 30 population

1893 1870 117 32 dispersed
2033 1869 99 30 through
2154 1869 38 22 the
2216 1868 89 22 various
2329 1868 136 24 settlements.

1893 1904 134 28 Therefore,
2040 1903 19 23 if
2075 1901 38 24 the
2125 1907 93 25 present
2229 1900 148 31 expenditure
2389 1901 19 22 is
2424 1909 42 22 pro-

1895 1936 64 25 vided
1978 1937 35 23 for
2034 1937 29 30 by
2075 1936 71 23 direct
2168 1934 101 24 taxation
2281 1941 29 15 ou
2331 1934 38 22 the
2387 1940 80 25 present

1895 1970 138 30 population,
2047 1970 16 21 it
2072 1970 19 21 is
2099 1976 13 14 a
2124 1974 155 22 consequence
2293 1967 48 22 that
2348 1967 95 22 increase
2449 1968 19 21 of

1895 2002 138 23 inhabitants
2041 2000 45 23 will
2095 2000 105 23 decrease
2209 1998 176 32 proportionally
2394 1998 36 23 the
2437 2006 30 15 an-

1895 2035 52 23 nual
1953 2038 93 19 amount
2052 2033 72 23 which
2131 2032 55 24 each
2192 2031 126 23 individual
2323 2031 45 23 will
2375 2038 45 16 now
2427 2038 42 16 con-

1895 2069 83 23 tribute
1985 2076 7 20 ;
2006 2067 44 23 and
2058 2066 60 28 thus,
2128 2066 37 23 the
2176 2064 92 24 settlers
2276 2064 56 23 have
2341 2064 36 23 the
2385 2070 84 24 greatest

1894 2102 113 23 incentive
2019 2105 22 18 to
2059 2099 30 23 be
2100 2099 104 27 anxious,
2218 2097 44 23 and
2274 2105 28 15 no
2321 2096 45 24 less
2377 2101 66 19 active
2452 2099 17 22 in

1895 2135 109 30 bringing
2027 2133 68 24 about
2117 2132 38 23 the
2178 2130 175 25 establishment
2375 2130 25 23 of
2423 2130 46 23 Free

1895 2167 84 29 Trade,
1994 2167 52 23 with
2058 2174 14 15 a
2083 2165 127 24 consistent
2226 2163 60 24 scale
2298 2163 26 23 of
2340 2171 94 22 expense
2444 2163 25 23 for

1895 2200 98 24 internal
2003 2200 157 23 Government
2168 2207 6 19 ;
2189 2205 26 16 so
2224 2197 50 23 that
2285 2196 45 23 this
2343 2196 76 31 colony
2429 2204 40 22 may

1896 2238 89 24 attract,
1997 2233 45 23 and
2055 2240 53 23 very
2119 2239 56 16 soon
2196 2231 93 23 become
2302 2230 37 23 the
2352 2234 117 25 permauent

1896 2267 71 24 abode
1979 2266 25 24 of
2015 2272 121 17 numerous
2149 2264 153 30 enterprising
2314 2263 96 22 settlers.

1931 2300 52 24 The
2006 2299 104 31 dispatch
2132 2297 29 24 of'
2177 2296 65 24 Lord
2261 2296 103 30 Stanley,
2383 2296 42 23 and
2443 2295 28 23 the

1898 2334 86 23 minute
1997 2332 25 24 of
2039 2332 38 23 the
2097 2330 76 25 Board
2191 2330 25 23 of
2234 2329 123 30 Treasury,
2371 2337 35 15 are
2423 2334 48 18 most

1898 2374 86 21 severe,
1997 2365 45 25 and
2052 2365 50 23 well
2114 2364 95 24 merited
2222 2364 106 22 stricture
2340 2362 42 23 and
2392 2369 80 16 censure

1900 2408 29 15 on
1948 2400 39 23 the
2007 2403 52 27 past
2079 2402 160 26 management
2251 2396 25 23 of
2295 2395 38 24 the
2352 2395 94 23 finances
2455 2394 19 23 of

1900 2433 45 23 this
1965 2432 90 31 colony,
2069 2438 25 16 as
2107 2431 49 23 well
2177 2438 25 15 aa
2222 2433 59 19 most
2298 2428 120 24 admirable
2436 2432 36 19 text

1899 2466 44 23 and
1955 2469 121 24 comment,
2089 2464 34 23 for
2136 2463 37 24 the
2185 2463 75 24 future
2272 2462 174 23 administration
2455 2461 19 23 of

1899 2499 30 23 its
1942 2498 149 31 Exchequer.

1934 2531 48 24 His
2000 2530 115 32 Lordship
2126 2530 65 30 gives
2210 2537 29 16 an
2252 2529 93 31 explicit
2358 2531 88 20 account
2455 2525 19 25 of

1900 2565 38 23 the
1950 2565 43 23 few
2004 2570 99 24 meagre,
2116 2562 44 24 and
2172 2562 178 29 unsatisfactory
2357 2560 114 31 dispatchev

1902 2598 43 24 and
1964 2597 90 29 details,
2067 2597 49 23 that
2135 2596 28 23 he
2184 2595 42 24 has
2244 2595 103 23 received
2364 2595 54 23 from
2438 2593 34 23 this

1902 2631 88 31 colony,
2001 2631 32 30 by
2044 2630 73 23 which
2135 2629 29 23 he
2175 2629 20 23 is
2215 2628 54 31 only
2305 2626 115 25 furnished
2432 2625 41 24 with

1903 2665 36 23 the
1949 2671 69 24 gross
2025 2663 144 31 expenditure
2176 2661 66 24 down
2253 2666 22 19 to
2286 2660 38 24 the
2334 2660 42 24 end
2388 2660 24 23 of
2420 2658 54 32 April

1904 2700 73 26 1842,
1990 2697 104 30 together
2105 2696 54 23 with
2180 2695 39 23 the
2237 2694 98 31 receipts
2347 2701 28 16 on
2393 2696 81 21 account

1903 2732 25 23 of
1936 2731 54 24 land
2008 2735 23 19 to
2044 2730 38 23 the
2095 2737 61 15 same
2168 2727 80 33 period
2255 2736 6 21 ;
2279 2728 43 23 but
2333 2735 26 15 as
2371 2727 59 23 there
2441 2732 33 16 was

1902 2772 27 15 no
1942 2763 74 25 notice
2027 2762 31 31 (if
2065 2762 38 24 the
2114 2762 100 30 receipts
2222 2769 29 16 on
2262 2767 43 24 any
2314 2760 64 23 other
2388 2760 86 24 account,

1903 2797 38 24 the
1960 2797 147 24 information
2127 2795 48 24 still
2194 2795 101 23 remains
2316 2793 128 30 incomplete
2453 2797 21 16 on

1903 2830 51 24 that
1965 2835 60 19 most
2035 2830 124 31 important
2172 2827 148 31 particular,*
2332 2827 43 23 and
2389 2826 34 23 the
2435 2823 39 30 only

1903 2863 88 24 further
2002 2862 145 24 information
2159 2861 50 23 that
2222 2861 36 22 his
2275 2859 112 30 Lordship
2401 2865 73 25 posses-

1904 2896 48 29 sed,
1965 2903 46 16 was
2033 2891 54 28 that'
2100 2894 98 30 Captain
2220 2892 98 24 Hobsou
2336 2892 44 23 had
2401 2889 73 30 already

1904 2929 77 24 drawn
1991 2929 36 23 for
2043 2928 124 28 £1,0,000,
2180 2925 44 24 and
2245 2924 164 32 contemplated
2425 2922 50 24 addi-

1905 2962 69 24 tional
1986 2960 71 25 drafts
2077 2966 21 18 to
2111 2967 66 16 cover
2189 2959 142 24 deficiencies
2343 2959 34 23 for
2389 2958 34 23 the
2435 2962 41 25 year

1907 2997 62 22 1841
1971 3007 34 5 —
2008 2995 73 28 1842,
2094 2993 135 31 amounting
2240 2993 23 23 in
2275 2992 30 24 all
2324 2996 23 19 to
2359 2991 37 24 the
2406 2997 45 17 sum
2459 2987 18 24 of

1904 3030 123 28 £25,000.
2063 3027 32 24 In
2112 3035 14 15 a
2145 3026 142 31 subsequent
2305 3032 96 24 passage
2413 3023 22 24 of
2450 3021 26 24 his

1904 3061 112 32 dispatch,
2029 3060 53 24 with
2095 3060 115 24 reference
2223 3063 23 20 to
2259 3058 44 24 this
2315 3057 89 24 avowed
2415 3057 60 22 inten-

1904 3096 48 23 tion
1964 3094 25 24 of
2000 3094 98 31 Captain
2110 3093 106 28 Hobson,
2225 3091 64 24 Lord
2299 3091 93 31 Stanley
2399 3089 64 24 writes
2470 3094 5 16 :

2008 3127 38 23 the
2058 3134 52 16 sum
2121 3126 26 23 of
2164 3126 115 28 £10,000
2299 3123 111 33 proposed
2427 3127 19 18 to
2456 3120 20 23 be

1905 3160 108 33 provided
2024 3160 36 24 for
2070 3159 39 24 the
2121 3159 71 23 drafts
2210 3166 52 16 now
2273 3157 149 29 outstanding,
2434 3152 41 28 will,

1906 3195 13 24 I
1931 3202 37 16 am
1980 3200 81 22 aware,
2074 3199 66 17 cover
2157 3196 52 27 part
2221 3191 54 31 only
2287 3190 26 24 of
2323 3190 38 24 the
2372 3188 103 28 £25,000,

1907 3228 73 23 which
1992 3226 38 25 the
2048 3226 45 24 late
2105 3225 121 24 Governor
2243 3232 48 16 was
2307 3223 93 24 advised
2415 3221 24 30 by
2448 3217 28 25 th

1905 3260 129 24 Executive
2046 3257 94 25 Council
2148 3260 23 22 to
2178 3258 65 24 draw
2247 3257 58 31 for;
2318 3257 42 23 but
2367 3256 13 23 I
2389 3258 52 21 treat
2448 3251 28 24 the

1907 3298 94 19 amount
2009 3293 26 24 of
2042 3293 38 22 the
2090 3291 71 24 drafts
2168 3299 26 16 as
2202 3290 87 25 limited
2297 3294 23 21 to
2328 3289 37 24 the
2372 3286 103 29 £10,000,

1907 3327 97 24 because
2022 3326 13 24 I
2048 3331 82 18 cannot
2147 3325 42 23 but
2199 3324 61 31 hope
2281 3324 48 24 that
2341 3321 81 25 further
2434 3324 42 18 con-

1907 3360 123 24 sideration
2042 3358 74 25 would
2133 3359 57 23 have
2209 3357 37 24 led
2265 3357 49 24 that
2325 3356 76 23 officer
2416 3355 34 21 not
2458 3354 17 19 to

1907 3393 71 32 adopt
1988 3393 25 23 in
2025 3392 50 29 full,
2088 3392 37 23 the
2135 3399 55 23 very
2202 3390 29 24 ill
2234 3389 90 32 judged
2331 3383 145 30 recommenda-

1908 3426 60 24 tions
1978 3424 32 34 of
2016 3425 37 24 his

1940 3459 73 24 What
2023 3458 46 24 will
2081 3459 36 23 his
2126 3456 116 31 Lordship
2251 3455 74 29 think,
2336 3454 42 24 and
2389 3453 46 23 how
2441 3449 34 23 will

1897 3486 2 34 I
1908 3492 28 25 he
1957 3492 52 24 deal
2027 3492 53 23 with
2100 3491 47 24 Mr.
2169 3489 88 31 Boyd's
2269 3489 71 23 drafts
2352 3487 32 23 for
2401 3485 33 23 the
2449 3489 27 16 re-

1908 3526 103 30 maining
2022 3526 123 28 £15,000,
2157 3522 66 24 when
2235 3522 28 23 he
2276 3522 98 23 receives
2384 3517 92 26 informa-

1909 3560 48 23 tion
1975 3559 26 23 of
2018 3558 59 23 their
2096 3556 155 31 presentation
2272 3560 23 18 to
2314 3554 42 23 her
2373 3550 88 32 Majesty
2469 3553 7 15 s

1909 3592 76 24 Lords
1997 3592 25 22 of
2034 3590 37 24 the
2085 3589 116 30 Treasury
2208 3588 10 24 ?

1943 3625 52 24 The
2008 3623 90 24 settlers
2106 3621 58 24 have
2175 3620 118 31 certainly,
2303 3620 31 31 by
2343 3619 61 23 these
2414 3614 64 25 unfor-

1909 3662 80 20 tunate
1998 3654 107 26 financial
2121 3654 131 24 difficulties
2263 3654 26 23 of
2305 3653 38 23 the
2354 3651 82 28 colony,
2446 3645 33 24 ob-

1910 3690 77 25 tained
1998 3696 62 16 some
2070 3687 100 31 security
2178 3687 92 31 against
2279 3693 44 24 any
2332 3691 51 24 very
2392 3679 86 27 heedless

1910 3723 45 25 and
1970 3721 76 26 lavish
2061 3720 150 32 expenditure
2227 3721 26 22 in
2265 3719 75 24 future
2359 3713 82 34 beyond
2450 3710 28 24 the

1910 3755 75 25 actual
2006 3754 85 24 annual
2110 3761 108 21 revenue,
2240 3753 31 30 by
2291 3752 38 23 the
2352 3745 126 28 declaration,

1911 3789 48 24 that
1971 3788 42 23 her
2025 3786 122 32 Majesty's
2160 3786 159 24 Government
2329 3786 80 21 cannot
2424 3778 55 24 admit

1909 3821 73 25 under
1994 3820 38 23 the
2044 3820 52 31 plea
2107 3820 25 23 of
2141 3826 144 23 emergency,
2298 3817 49 24 that
2360 3816 34 23 the
2407 3813 73 23 Govef*

1910 3862 42 16 nor
1964 3855 20 22 is
1997 3858 23 18 to
2032 3853 104 23 consider
2149 3851 94 24 himself
2249 3849 103 32 justified
2363 3849 22 23 in
2399 3846 81 24 drawing

1910 3887 60 24 Bills
1983 3894 29 16 on
2025 3886 37 23 the
2075 3885 74 25 Lords
2162 3885 25 23 of
2197 3885 38 22 the
2248 3884 124 28 Treasury.

1945 3919 105 30 Nothing
2062 3926 41 17 can
2121 3919 29 23 be
2162 3922 105 25 stronger
2278 3915 54 24 than
2353 3912 60 26 Lord
2425 3910 55 25 Stan*

697 1641 42 23 We
752 1641 28 23 do
792 1643 40 20 not
851 1638 86 23 believe
949 1645 13 15 a
974 1636 58 32 body
1044 1635 24 25 of
1085 1635 89 24 British
1192 1635 54 24 sub-

663 1674 56 32 jects
737 1681 53 16 ever
807 1671 84 33 proved
912 1670 135 24 themselves
1067 1676 62 16 more
1141 1668 105 31 qualified

665 1713 21 17 to
698 1707 70 23 found
786 1715 13 14 a
816 1705 88 30 colony,
918 1703 53 24 than
991 1703 37 23 the
1046 1701 90 24 settlers
1149 1701 24 24 of
1191 1701 56 24 Port

665 1740 125 25 Nicholson
799 1748 7 20 ;
830 1739 41 23 but
894 1737 54 31 they
966 1737 56 23 have
1044 1735 45 23 had
1109 1739 23 19 to
1151 1734 96 25 contend

664 1774 53 23 with
736 1772 83 24 almost
836 1770 175 30 overwhelming
1022 1768 138 23 difficulties.
1197 1767 50 24 The

665 1807 64 29 delay
741 1806 85 30 arising
844 1808 38 20 out
895 1803 25 23 of
939 1802 37 24 the
988 1807 57 18 state
1054 1801 26 23 of
1095 1800 38 24 the
1145 1809 102 23 surveys,

665 1840 38 23 the
715 1839 53 24 land
779 1838 104 31 question
893 1835 44 24 and
948 1835 158 28 absenteeism,
1114 1833 43 24 has
1167 1835 81 23 caused

665 1873 39 23 the
724 1871 81 32 capital
825 1871 26 23 of
860 1869 72 23 which
953 1868 53 31 they
1018 1875 57 15 were
1086 1867 121 31 possessed
1226 1872 22 19 to

665 1906 28 23 be
706 1904 122 25 consumed
839 1904 22 23 in
874 1901 163 32 unproductive
1047 1900 85 29 modes,
1150 1901 44 23 and
1209 1900 39 24 has

666 1939 86 31 greatly
762 1936 94 31 damped
869 1936 48 24 that
926 1936 86 29 vigour,
1020 1941 25 15 so
1057 1933 107 23 essential
1176 1938 22 18 to
1212 1934 36 23 the

666 1979 91 16 success
769 1970 25 24 of
803 1978 14 15 a
828 1969 88 27 settler,
929 1967 43 24 and
982 1967 51 23 with
1044 1966 73 23 which
1127 1966 53 30 they
1191 1963 64 27 were'

667 2012 25 16 so
704 2003 49 23 well
765 2002 103 31 supplied
880 2001 66 22 while
958 2000 56 30 hope
1025 2000 24 21 of
1059 2006 100 20 success,
1171 2000 76 22 within

667 2045 13 15 a
692 2035 131 25 reasonable
835 2036 62 25 time,
910 2040 45 16 was
967 2031 123 24 sustained.

701 2076 50 25 The
772 2080 43 19 two
826 2075 51 22 first
895 2072 81 24 named
995 2080 89 15 sources
1098 2071 26 23 of
1143 2071 106 24 mischief

667 2118 38 16 are
716 2111 22 22 in
751 2115 105 25 progress
866 2107 25 23 of
901 2106 141 24 termination
1053 2113 5 19 ;
1073 2104 40 24 but
1120 2104 54 31 they
1185 2111 64 16 cease

667 2143 52 31 only
731 2147 23 19 to
767 2141 79 24 render
858 2139 113 24 absenteei
985 2146 22 16 m
1019 2145 61 16 more
1093 2137 94 23 hideous
1197 2137 52 23 than

667 2177 84 23 before.
788 2175 23 23 It
831 2179 71 19 meets
924 2180 26 15 us
966 2177 24 18 at
1007 2178 66 23 every
1092 2175 62 20 turn.
1191 2170 23 23 It
1230 2171 19 23 is

668 2210 37 23 the
717 2213 100 20 monster
837 2207 24 23 of
878 2205 39 25 the
937 2205 88 30 colony.
1060 2203 35 24 Its
1115 2203 45 24 evil
1173 2203 76 24 effects

666 2247 61 19 must
747 2243 29 22 be
793 2238 127 33 destroyed,
934 2246 25 16 or
978 2238 53 30 they
1042 2237 46 24 will
1108 2237 92 31 destroy
1213 2237 36 24 the

666 2276 138 22 settlement.

700 2312 118 26 Available
835 2311 54 25 land
910 2310 69 24 about
999 2309 56 25 Port
1079 2308 127 24 Nicholson
1230 2309 19 23 is

668 2352 38 19 not
717 2346 115 24 abundant
840 2344 45 25 and
894 2344 20 23 is
922 2343 95 24 difficult
1026 2342 25 23 of
1059 2349 86 16 access.
1171 2341 79 24 Union

668 2381 20 23 is
705 2379 107 25 essential
830 2383 23 19 to
873 2384 100 21 success,
992 2375 93 24 without
1105 2375 19 23 it
1143 2374 38 24 the
1199 2374 51 24 land

668 2418 82 19 cannot
769 2412 28 23 be
809 2409 141 33 approached
959 2419 5 19 ;
985 2409 18 23 if
1012 2409 18 23 it
1042 2407 87 25 existed
1141 2407 39 24 the
1192 2408 58 23 diffi-

668 2447 81 23 culties
760 2445 26 24 of
794 2443 113 33 approach
919 2442 66 24 could
995 2442 28 23 be
1035 2441 70 30 easily
1115 2441 135 30 conquered,

669 2478 120 33 especially
800 2477 56 24 with
875 2477 39 23 the
932 2475 36 24 aid
979 2475 25 24 of
1021 2474 38 24 the
1072 2473 124 25 assistance
1215 2474 35 24 the

670 2511 137 32 Company's
835 2510 80 32 Agent
941 2509 42 23 has
1015 2508 58 23 been
1110 2506 88 32 willing
1230 2511 20 20 to

670 2545 79 24 afford.

703 2578 24 24 A
738 2578 43 24 few
800 2577 55 31 days
873 2576 63 24 since
948 2583 33 15 we
993 2573 81 26 visited
1094 2573 38 24 the
1155 2572 99 25 Makara

670 2612 96 24 district.
801 2610 41 25 All
851 2609 50 24 who
913 2609 56 23 have
978 2608 57 23 been
1044 2607 62 24 there
1115 2606 89 24 declare
1216 2607 37 23 the

670 2645 54 24 land
735 2649 22 19 to
768 2644 29 24 be
809 2642 66 32 equal
892 2647 23 18 to
927 2642 38 23 the
979 2641 69 28 Hutt,
1061 2639 44 24 and
1122 2647 63 16 some
1198 2647 56 17 even

671 2682 71 20 assert
762 2678 30 23 its
810 2675 143 31 superiority.
990 2673 198 32 Unquestionably
1200 2678 55 18 next

672 2717 22 18 to
706 2711 37 23 the
756 2710 63 24 Hutt
830 2709 37 23 the
879 2708 100 23 Makara
997 2708 19 22 is
1029 2707 37 23 the
1077 2706 68 23 finest
1167 2706 88 23 district

673 2746 23 22 in
708 2744 38 23 the
755 2741 128 26 immediate
896 2739 184 32 neighbourhood
1091 2739 26 23 of
1127 2739 56 23 Port
1198 2739 56 24 Nic-

673 2778 88 23 holson.
798 2775 25 24 If
833 2774 120 24 cultivated
974 2774 18 23 it
1011 2773 65 24 alone
1093 2772 74 23 would
1184 2772 72 24 afford

673 2818 61 15 more
746 2809 53 24 food
811 2807 53 25 than
876 2807 21 23 is
909 2806 103 31 required
1026 2805 30 32 by
1068 2805 30 24 all
1117 2805 38 23 the
1167 2805 89 24 settlers

673 2844 24 22 in
709 2842 46 24 this
766 2842 137 23 settlement.
939 2839 51 24 The
997 2839 70 24 whole
1076 2844 98 26 produce
1184 2839 27 22 of
1220 2838 36 24 the

675 2876 63 25 Hutt
748 2875 44 24 and
804 2874 64 24 other
879 2873 100 23 districts
992 2872 73 31 might
1075 2873 27 22 be
1114 2872 117 31 exported,
1240 2872 20 24 if

675 2909 49 23 that
735 2908 89 24 district
838 2913 59 17 were
918 2905 128 24 cultivated.
1082 2905 51 24 The
1146 2909 77 19 centre
1234 2905 25 23 of

675 2943 19 23 it
710 2942 20 24 is
748 2941 84 23 distant
852 2939 54 30 only
923 2939 37 23 six
979 2938 65 24 miles
1064 2937 59 24 from
1143 2936 75 25 Lamb
1221 2943 36 18 ton

677 2974 76 32 Quay.
790 2973 24 24 It
830 2972 103 24 contains
942 2972 51 23 four
1011 2971 113 24 thousand
1133 2971 45 22 five
1199 2971 59 22 hun-

677 3007 54 25 dred
743 3014 62 17 acres
818 3006 24 23 of
859 3004 112 25 excellent
991 3004 60 29 land,
1063 3004 44 23 and
1126 3003 85 23 affords
1223 3004 35 23 the

677 3041 50 24 best
737 3047 79 17 means
823 3039 24 24 of
857 3038 187 23 communication
1054 3037 53 23 with
1119 3037 58 22 from
1191 3044 68 16 seven

678 3079 22 19 to
713 3073 78 25 twelve
808 3071 114 25 thousand
943 3078 63 16 acres
1017 3070 25 24 of
1059 3070 54 24 land
1132 3069 89 31 beyond
1234 3070 24 23 it.

678 3107 49 24 The
735 3113 78 18 means
821 3105 24 24 of
855 3104 187 24 communication
1053 3108 62 19 must
1123 3103 28 23 be
1161 3102 99 24 afforded

678 3140 30 31 by
719 3139 38 25 the
775 3138 93 25 Karori.
905 3137 62 23 That
983 3136 52 24 road
1053 3137 21 23 is
1085 3136 120 29 excellent,
1218 3136 43 24 and

678 3174 70 23 about
758 3173 63 23 three
832 3171 66 24 miles
910 3171 45 23 and
966 3178 13 15 a
990 3169 50 24 half
1049 3170 24 23 in
1083 3169 79 31 length
1171 3177 9 20 ;
1197 3174 25 19 at
1232 3169 29 23 its

679 3207 144 23 termination
840 3204 38 24 the
898 3204 51 23 best
968 3202 53 24 road
1040 3207 23 19 to
1084 3202 99 23 Mskara
1199 3209 60 17 com-

678 3247 100 20 mentes,
790 3238 38 23 the
840 3237 79 30 length
931 3236 26 24 of
966 3235 71 25 which
1048 3237 20 22 is
1081 3235 53 31 only
1144 3239 43 19 two
1197 3235 65 23 miles

680 3272 44 24 and
735 3280 14 16 a
759 3271 55 23 half.
851 3270 34 23 Of
901 3269 45 24 this
959 3269 99 24 distance
1075 3273 40 19 not
1131 3275 64 17 more
1207 3268 54 23 than

680 3304 49 25 half
738 3313 14 15 a
763 3303 53 25 mile
825 3302 74 24 would
910 3303 89 31 require
1015 3301 149 32 expenditure
1174 3300 27 24 of
1218 3308 45 25 any

679 3338 147 32 importance.
870 3335 52 24 The
941 3334 55 25 land
1014 3335 20 23 is
1052 3334 82 32 lightly
1153 3334 110 23 timbered

680 3371 38 24 the
729 3369 73 25 whole
811 3369 109 28 distance,
929 3368 44 24 and
984 3376 14 15 a
1005 3368 112 23 sufficient
1127 3367 55 23 road
1190 3367 73 31 might

679 3404 29 24 be
728 3404 66 24 made
812 3406 23 20 at
853 3409 14 16 a
878 3400 66 25 small
962 3408 106 24 expense.
1105 3400 101 31 Making
1227 3400 36 23 the

680 3437 86 24 Karori
793 3434 56 26 road
877 3439 50 19 cost
948 3442 15 15 a
985 3433 153 24 considerable
1167 3440 51 16 sum
1241 3433 26 23 of

680 3477 89 24 money.
805 3467 65 26 Most
880 3467 26 24 of
925 3467 37 24 the
981 3466 52 24 land
1053 3467 64 23 there
1133 3466 97 30 belongs
1242 3470 22 20 to

681 3503 126 28 absentees,
819 3500 49 24 who
879 3500 57 24 have
948 3504 40 19 not
1000 3499 140 25 contributed
1152 3506 43 16 one
1207 3496 57 26 shil-

680 3535 57 32 ling,
749 3534 86 31 though
853 3540 63 17 some
927 3533 25 23 of
969 3532 39 24 the
1019 3532 91 25 settlers
1122 3532 143 25 contributed

681 3576 25 16 as
717 3568 69 24 much
797 3575 26 16 as
835 3567 64 23 three
912 3565 87 31 pounds
1010 3573 41 24 per
1061 3573 51 16 acre
1122 3565 97 24 towards
1228 3566 37 23 the

680 3601 73 24 work.
787 3600 55 25 And
861 3599 68 24 mark
949 3598 39 23 the
1006 3602 109 21 contrast.
1152 3598 52 23 The
1225 3599 40 22 ab-

681 3637 77 21 sentee
775 3632 53 34 paid
844 3641 15 15 a
868 3632 44 24 few
929 3631 103 25 hundred
1047 3632 89 31 pounds
1153 3630 34 24 for
1199 3630 66 26 lands

680 3667 62 24 here.
779 3666 47 24 His
846 3665 112 32 purchase
969 3672 45 16 was
1035 3670 43 18 one
1094 3672 85 23 among
1198 3672 69 24 many

681 3699 160 32 speculations,
862 3698 45 23 and
926 3705 45 16 was
992 3698 109 31 probably
1122 3698 66 23 made
1211 3698 56 24 with

680 3732 69 25 funds
760 3733 26 24 of
794 3740 30 15 no
844 3735 101 20 moment
957 3735 22 19 to
999 3730 56 30 him,
1073 3730 44 24 and
1136 3731 38 23 the
1185 3730 81 25 failure

681 3773 25 16 or
718 3772 91 17 success
828 3764 24 24 of
869 3764 36 24 his
918 3768 93 19 venture
1023 3771 51 23 may
1093 3768 48 25 not,
1152 3763 68 24 affect
1230 3763 36 25 his

679 3799 109 31 position.
818 3797 51 25 The
877 3796 78 24 settler
965 3804 70 21 came,
1045 3804 25 16 as
1078 3797 17 23 it
1103 3804 45 16 was
1160 3796 105 32 thought,

680 3835 106 27 amongst
795 3837 96 24 savages
899 3839 7 20 ;
927 3829 28 24 he
967 3828 77 25 risked
1061 3829 36 24 his
1108 3829 40 24 life
1160 3829 46 24 and
1218 3837 48 17 em-

679 3863 90 28 barked
779 3864 30 26 all
821 3863 35 25 his
868 3870 80 17 means
962 3863 24 23 in
999 3863 36 23 the
1047 3862 164 32 undertaking,
1223 3863 43 24 and

680 3898 60 24 what
752 3898 19 24 is
792 3898 36 23 his
846 3900 79 22 return
936 3900 24 19 at
979 3895 37 24 the
1034 3896 43 23 end
1089 3896 25 23 of
1130 3896 81 31 nearly
1222 3896 45 24 five

678 3938 68 24 years
756 3931 11 24 ?
801 3929 47 32 yet
860 3929 39 25 the
917 3929 106 25 absentee
1035 3936 95 24 appears
1148 3936 63 17 more
1222 3929 43 25 ira-
1272 3934 2 17 I

274 3560 176 26 WHALING.

97 3607 44 25 We
153 3607 54 23 hear
219 3605 49 23 that
278 3604 39 23 the
336 3602 137 24 indications
493 3608 39 17 are
543 3601 75 24 stated
630 3607 21 18 to

64 3648 72 24 augur
148 3648 13 18 a.
172 3637 129 25 favourable
320 3643 91 17 season.
445 3634 40 23 All
503 3642 40 15 are
553 3635 98 23 anxious

64 3679 25 19 to
109 3672 35 25 aid
165 3674 24 22 in
210 3672 75 29 fitting
303 3674 39 19 out
369 3669 38 23 the
424 3664 111 32 fisheries,
553 3667 42 24 but
614 3667 37 24 the

64 3714 80 17 means
156 3706 35 23 for
203 3703 37 25 the
260 3710 97 25 purpose
376 3700 46 26 this
441 3707 88 22 season,
542 3707 37 17 are

64 3745 89 26 scanty.
190 3736 50 25 The
261 3737 95 23 stations
369 3742 57 17 were
438 3740 68 18 never
517 3733 24 23 in
553 3741 14 15 a
578 3732 73 24 befter

64 3772 122 25 condition.
211 3769 51 25 The
273 3773 94 22 amqunt
375 3764 83 28 needed
467 3771 22 19 to
501 3765 80 25 render
590 3765 61 24 them

65 3806 123 33 operative,
201 3798 84 35 taking-
292 3801 51 27 the.
346 3801 125 33 cheapness
477 3800 30 23 .of
522 3799 70 32 goods
604 3799 47 24 into

59 3843 109 25 .account,
186 3844 33 17 we
240 3835 28 28 do
288 3839 40 20 not
346 3834 87 24 believe
452 3834 19 23 is
489 3840 63 17 more
572 3832 56 24 than
639 3840 12 16 a

64 3871 66 29 tenth
147 3870 27 25 of
186 3870 40 24 the
238 3875 58 18 -sum
315 3867 105 31 required
439 3866 63 25 when
511 3879 5 6 •
524 3865 54 32 they
593 3869 58 20 wfere

63 3905 52 25 first
135 3895 147 33 established.
325 3900 46 24 We
390 3900 57 32 hope
469 3899 43 24 and
532 3903 60 20 trust
612 3898 39 24 the

60 3937 101 27 jrhalers
172 3935 47 26 will
235 3935 29 24 do
278 3933 66 26 .their
362 3936 93 22 utmost.
490 3931 89 26 Rather
597 3931 53 25 than

534 57 97 45 €§t
656 55 119 43 Wd»
801 51 209 44 gfcalaitfr
1036 49 195 45 ggytte
1251 45 104 40 ***
1370 39 303 45 WMUnytou
1693 31 260 50 JbjKrtator*

92 152 171 27 SHIPPING
282 147 276 30 INTELLIGENCE.

1872 119 110 24 situation
1993 118 20 23 is
2025 121 60 19 most
2102 118 139 30 precarious,
2254 116 49 24 that
2314 116 58 24 their
2382 119 63 26 settle.

1874 156 62 20 ment
1947 151 42 23 has
1999 151 59 22 been
2070 149 86 24 formed
2168 156 62 16 more
2247 149 55 23 than
2314 148 62 23 three
2387 158 58 26 years,

1874 185 44 23 and
1930 184 50 24 that
1999 183 53 30 they
2063 190 39 16 are
2122 182 47 23 still
2181 181 83 24 unable
2285 185 22 19 to
2319 180 77 25 obtain
2406 191 39 23 pas.

1874 218 88 23 session
1975 216 26 23 of
2016 215 59 24 their
2092 215 73 28 lands,
2179 214 50 23 that
2241 213 58 24 their
2316 213 130 28 fellow-colo.

1873 252 58 22 nists
1950 250 58 23 have
2028 249 58 23 been
2104 246 136 30 inhumanly
2260 246 135 30 massacred,
2415 253 32 23 and

1875 284 47 23 that
1934 283 55 30 they
2000 289 37 16 are
2058 280 111 32 painfully
2181 279 120 23 conscious
2323 279 48 23 that
2389 283 57 25 under

1875 317 101 29 existing
1995 315 176 23 circumstances
2192 312 56 30 they
2258 311 55 24 hold
2331 311 57 24 their
2406 313 41 28 lives

1875 349 44 23 and
1936 352 109 28 property
2057 346 53 32 only
2128 346 30 30 by
2179 344 127 24 sufferance
2326 344 26 23 of
2366 344 37 24 the
2418 355 29 18 na-

1875 382 67 22 tives.

1909 413 76 24 Allow
1997 420 36 16 me
2045 417 22 19 to
2079 419 79 17 assure
2179 418 46 23 you
2238 410 50 24 that
2298 409 60 24 their
2370 412 77 29 petition

1875 446 60 24 shall
1945 446 88 24 receive
2045 445 122 24 deliberate
2187 443 113 24 attention
2317 442 58 25 from
2392 452 31 17 me
2434 448 13 24 in

1877 479 59 23 New
1948 478 110 24 Zealand.

2014 510 14 25 I
2039 510 57 24 have
2109 511 38 22 the
2158 510 74 23 honor
2244 513 23 20 to
2279 509 38 28 be,

2082 542 146 29 Gentlemen,

2011 576 66 25 Your
2087 576 105 23 obedient
2199 574 94 24 humble
2300 580 97 23 servant,

1876 616 112 32 (Signed)
2188 615 110 23 Robert
2310 614 117 32 Fitzeoy,

2116 648 121 24 Governor
2249 648 25 22 of
2291 646 56 25 New
2360 647 90 29 Zealand,

2034 716 23 23 A
2071 716 24 23 U
2110 716 19 23 C
2142 716 24 23 X
2178 715 60 24 LA
2250 715 24 24 N
2285 714 32 25 D.

218 1415 122 21 CUSTOM
357 1413 108 22 HOUSE.

256 208 143 24 ARRIVED.

58 247 76 21 March
144 247 35 24 19,
189 247 69 19 cutter
273 241 132 26 Enterprize,
414 241 21 24 8,
445 238 96 25 Sinclair,
555 237 56 21 from

31 275 87 22 Nel<on.

61 304 61 19 Same
137 301 47 26 day,
202 297 120 28 brigantin*
336 295 123 24 Wanderer,
479 293 49 25 131,
546 292 70 20 Berns

32 330 56 20 from
98 328 92 21 Akaroa.
522 346 26 8 nn
567 347 4 2 .

63 356 61 20 Same
139 356 47 24 day,
205 353 103 20 schooner
319 351 67 20 Three
402 349 108 23 Brother;
521 346 27 20 32
565 347 56 21 tons,

33 383 106 23 Jackson,
150 382 54 20 from
215 380 51 19 Port
277 378 91 26 Cooper.

62 410 61 20 Same
139 409 49 25 day,
205 407 104 20 schooner
322 405 108 24 Industry,
447 403 34 24 24,
498 399 55 25 Bell,
567 399 55 20 from

36 436 41 21 Kai
87 436 66 21 Kora.
280 454 5 3 .
476 454 22 4 _
518 453 6 9 ,
568 451 9 7 .

63 463 60 20 Same
133 462 48 25 day,
189 460 137 26 brigantine/
334 458 59 22 don't
399 458 66 22 know,
476 453 83 27 Phelps,
565 453 56 20 from

35 490 36 21 the
82 490 44 26 Bay
136 489 24 20 of
174 488 89 21 Islands.

275 532 118 22 SAILED.

63 568 75 22 March
151 568 32 25 16,
192 567 104 21 schooner
304 566 64 22 Kate,
378 564 27 20 62
416 565 55 21 toa»,
482 558 138 24 Mtcfarlane,

34 598 34 21 for
78 596 90 26 Poverty
178 595 45 25 Bay
233 593 42 22 and
284 591 118 22 Auckland.

63 624 75 21 March
163 623 33 23 17,
221 617 118 29 briganbine
366 618 110 23 Governor,
503 614 40 21 147
564 614 58 22 toni,

35 651 141 23 Williamson,
186 650 35 19 for
230 648 89 20 Nelson.

64 678 75 21 March
160 677 25 20 18
205 675 103 21 schooner
325 672 62 26 Lady
406 670 74 27 Leigh,
501 669 40 21 109
563 669 58 24 tow,

37 705 61 24 Reid,
109 705 33 20 for
152 703 93 27 Sydney.

65 733 60 20 Same
135 732 48 26 day.
191 728 119 26 brigantlna
322 726 85 24 Sisters,
419 725 39 21 130
469 726 58 21 tons,
539 721 84 24 Clarke,

38 760 34 22 for
82 751 87 29 Nelson*
172 757 42 21 and
224 756 82 20 Hobart
315 754 75 21 Town.

261 805 34 21 IN
310 804 88 22 PORT.

63 842 111 21 Schooner
201 840 63 25 Erin,
291 839 27 20 25
342 841 61 18 tons.
431 834 122 27 Repairing.

65 870 109 21 Schooner
181 867 76 22 Nelson
266 866 86 25 Packet,
360 865 26 21 20
394 867 57 21 tons,
459 862 59 21 Cole.
546 860 77 25 Agent,

37 898 99 27 Captain.

65 926 110 20 Schooner
185 921 112 23 Susannah
308 921 56 23 Ann,
375 920 36 24 79,
423 919 84 20 Brown.
537 919 87 22 Agents,

38 953 84 21 Samuel
132 952 42 20 and
184 950 89 25 Joseph.

66 980 108 20 Schooner
183 978 82 24 Emma,
278 976 25 20 14
315 977 57 21 tons,
383 972 137 22 Greenwood.
548 971 77 24 Agent,

40 1007 82 21 Master
572 1023 15 4 _

66 1034 108 21 Schooner
184 1033 158 20 Perseverance,
351 1029 25 21 15
388 1031 55 21 tons,
451 1026 92 21 Tuawai.
571 1026 55 24 Cap-

38 1062 53 25 tain,
103 1062 76 25 Agent.
553 1078 8 9 ,
610 1080 4 3 .

68 1089 108 20 Schooner
193 1087 31 20 Sh
231 1084 108 28 pherdess,
356 1084 35 23 32,
403 1083 117 21 Anderson.
548 1079 78 25 Agent,

40 1116 109 21 Schultze.

68 1143 74 20 Cutter
158 1139 133 27 Enterprise,
309 1139 13 20 8
341 1141 56 21 tons,
409 1136 96 22 Sinclaia.
541 1135 86 25 Agents,

39 1170 94 21 Wallace
141 1169 43 20 and
193 1168 40 21 Co.

70 1196 124 26 Brigantine
212 1193 122 24 Wanderer,
346 1192 39 20 131
396 1193 56 22 tons,
463 1189 75 21 Berns.
566 1187 62 20 Sam-

40 1225 37 21 uel
85 1224 42 20 and
136 1223 88 25 Joseph,
235 1222 89 25 Agents.

69 1252 107 20 Schooner
196 1250 65 19 Three
278 1247 108 24 Brothers,
407 1245 26 21 32
451 1245 56 21 tons,
525 1241 103 21 Jackson.

41 1279 85 23 Lewyn,
137 1278 78 24 Agent.

70 1306 107 21 Schooner
192 1303 108 24 Industry,
311 1302 27 19 24
356 1302 58 23 tons,
423 1297 54 23 BeU.
505 1295 67 21 Waitt
586 1295 44 19 and

39 1333 76 27 Tyser,
127 1332 88 26 Agents.

71 1359 121 27 Brigantine
202 1358 15 21 I
223 1357 57 21 don't
291 1356 67 23 know,
370 1355 84 25 Phelps.

649 148 41 20 not
701 151 28 23 go
740 147 22 19 to
774 141 63 25 work
849 145 23 19 at
878 140 59 24 their
948 138 75 25 useful
1031 136 140 32 occupation,
1180 134 55 31 they

650 177 81 23 should
736 176 78 30 forego
823 174 99 24 advance
931 177 72 24 notes,
1011 171 45 23 and
1062 170 64 23 those
1132 173 23 19 to
1161 167 73 24 whom

651 209 53 31 they
714 216 39 16 are
764 209 24 22 in
798 207 60 28 debt,
866 205 46 24 and
924 205 47 23 who
979 203 72 24 would
1060 206 39 27 get
1104 201 41 23 'the
1153 206 82 24 money

650 250 26 15 so
687 241 110 28 received,
815 238 82 24 should
917 237 123 24 remember
1061 235 49 23 that
1127 237 115 27 payment,

650 274 46 23 will
706 279 40 18 not
765 274 28 22 be
814 271 105 24 obtained
938 271 31 29 by
979 269 99 31 keeping
1094 266 39 24 the
1151 265 83 31 parties

651 305 147 32 unoccupied.
849 304 48 24 But
914 302 98 24 advance
1029 305 64 20 notes
1114 298 74 31 might
1208 298 27 23 be

649 339 96 31 granted
757 339 19 23 if
792 338 37 23 the
845 336 77 32 public
940 335 73 23 would
1033 333 67 30 adopt
1119 331 71 28 them,
1213 335 21 19 to

651 372 38 24 the
706 372 45 24 end
771 370 24 24 of
810 370 38 24 the
866 375 89 22 season,
968 375 25 16 as
1014 374 14 16 a
1046 371 117 23 currency.
1199 363 44 31 By.

650 405 100 31 keeping
767 404 64 23 these
849 402 99 23 advance
967 404 65 19 notes
1049 399 24 23 in
1093 396 140 29 circulation,

651 437 38 25 the
701 444 82 23 money
792 434 105 32 required
917 432 74 25 would
1007 432 29 23 be
1055 429 115 25 obtained.
1206 429 28 23 In

651 471 45 24 fact
708 470 29 24 all
750 470 49 23 that
809 469 21 23 is
841 466 86 26 needed
938 471 24 19 to
982 465 26 24 fit
1026 468 38 20 out
1082 463 39 23 the
1140 462 95 24 stations

651 502 130 31 efficiently,
807 504 106 21 amounts
942 504 23 18 to
995 505 13 16 a
1035 504 52 16 sum
1114 502 26 17 so
1169 495 66 24 small

651 536 49 24 that
712 535 128 24 confidence
852 532 74 24 would
936 538 78 17 secure
1025 530 26 24 it.
1087 528 51 24 The
1150 527 54 31 plan
1216 528 19 23 is

651 568 88 32 simple,
752 567 44 24 and
807 566 42 24 has
861 565 61 24 often
932 564 60 24 been
1003 561 63 26 acted
1077 568 61 25 upon
1149 561 85 23 before.

651 601 66 25 Thus
729 608 40 24 say
781 600 37 23 six
828 598 112 24 thousand
959 595 87 32 pounds
1063 602 38 16 are
1113 593 104 32 required
1227 602 6 20 ;

651 635 44 24 and
714 634 64 24 there
797 640 40 16 are
855 631 69 24 about
942 630 52 23 four
1011 626 112 26 thousand
1141 634 94 23 persons

653 668 60 24 here.
748 666 25 24 A
792 664 151 25 contribution
964 662 26 24 of
1005 662 69 30 thirty
1091 659 106 31 shillings
1211 667 24 16 a-

651 700 66 29 head,
737 699 31 24 all
788 698 80 28 round,
889 695 75 25 would
984 694 60 32 yield
1065 693 47 24 this
1134 697 100 19 amount.

652 733 48 25 But
712 732 37 25 the
761 739 81 24 money
858 731 20 22 is
898 733 41 20 not
956 726 112 33 required,
1080 726 72 23 credit
1164 725 71 24 would

652 766 29 25 do
692 766 38 24 the
739 764 74 25 work.
849 763 41 24 All
902 762 48 24 that
969 760 73 25 would
1061 760 28 22 be
1100 758 107 31 required
1218 759 18 22 is

653 800 50 24 that
713 798 37 24 the
762 798 76 31 public
856 794 81 25 should
957 801 40 23 say
1008 801 33 16 we
1057 792 46 24 will
1114 792 69 30 adopt
1194 791 49 24 and-

653 832 106 24 circulate
771 839 14 16 a
796 829 98 30 whaling
913 834 108 23 currency
1041 831 22 18 to
1084 825 49 23 that
1151 828 84 20 extent.

654 866 25 23 If
694 865 45 24 this
752 871 80 17 course
842 869 58 17 were
913 859 138 28 san«tioned,
1063 866 33 15 we
1108 857 74 24 would
1195 864 42 16 un-

654 898 93 24 dertake
760 902 23 18 to
793 901 42 27 put
846 895 38 24 the
896 893 71 25 whole
979 893 53 30 plan
1042 892 48 23 into
1102 890 43 24 full
1157 897 80 24 opera-

654 932 55 26 tion,
727 931 25 23 in
774 937 42 16 one
836 927 72 24 week.
952 925 51 24 The
1020 924 59 31 good
1097 923 49 24 that
1167 923 72 23 would

654 972 70 16 ensue
736 963 74 23 would
819 961 29 24 be
867 968 13 16 a
899 959 82 32 supply
994 958 24 24 of
1033 958 31 23 oil
1075 961 23 19 at
1110 956 39 23 the
1162 956 44 24 end
1217 956 24 23 of

655 997 45 23 this
717 1003 62 24 year,
799 994 71 24 worth
889 993 57 23 from
967 990 140 32 twenty-five
1125 994 24 18 to
1170 989 69 31 thirty

654 1028 111 26 thousand
785 1027 95 33 pounds.
922 1025 31 29 If,
972 1024 111 28 however,
1101 1029 80 17 means
1203 1030 37 15 ara

654 1067 41 20 not
706 1067 21 19 to
739 1062 29 23 be
785 1059 112 29 obtained,
915 1066 31 16 we
967 1065 41 23 say
1019 1062 23 18 to
1054 1056 37 24 the
1103 1055 96 23 whalers
1212 1063 28 22 go

655 1101 23 19 to
689 1095 64 25 work
764 1094 94 24 without
875 1092 100 24 advance
988 1095 70 23 notes,
1072 1088 43 25 and
1127 1096 68 23 agree
1207 1088 33 23 for

656 1129 38 24 the
705 1132 91 27 present
809 1132 22 18 to
842 1127 78 29 forego
930 1132 67 23 every
1006 1122 76 25 article
1091 1126 38 19 not
1138 1121 103 31 required

656 1166 23 20 to
691 1161 58 31 keep
763 1160 60 31 body
842 1158 44 24 and
906 1157 49 24 soul
975 1156 109 31 together,
1098 1154 43 24 and
1161 1159 23 18 at
1204 1154 37 23 the

656 1195 43 23 end
710 1194 24 25 of
750 1194 38 23 the
795 1199 84 17 reason
889 1198 45 24 you
946 1189 46 24 will
1002 1188 47 24 find
1058 1187 132 32 yourselves
1201 1194 40 16 en-

657 1228 64 23 titled
733 1232 22 18 to
767 1234 12 16 a
791 1226 58 31 good
861 1223 73 25 round
954 1230 51 17 sum
1024 1221 54 23 with
1096 1221 59 30 good
1166 1220 76 24 health

656 1265 24 19 to
699 1259 68 33 enjoy
783 1260 26 23 it.
854 1257 48 24 But
920 1264 25 16 as
966 1263 33 15 we
1015 1255 58 23 have
1091 1253 49 24 said
1158 1254 83 28 before,

658 1293 128 24 confidence
797 1292 21 22 is
830 1291 31 23 all
872 1290 49 23 that
932 1290 20 23 is
964 1288 70 31 really
1046 1287 116 31 requisite.
1199 1286 44 24 Let

659 1327 16 23 it
687 1327 28 23 be
726 1325 88 24 backed
825 1324 31 31 by
873 1322 181 27 determination,
1076 1320 44 23 and
1138 1328 15 15 a
1169 1320 74 31 public

659 1360 101 30 meeting
779 1356 144 30 sanctioning
939 1355 60 24 what
1017 1355 21 22 is
1057 1360 129 23 necessary,
1200 1353 43 23 and

660 1393 38 23 the
710 1392 57 24 Port
778 1389 127 26 Nicholson
925 1388 89 24 settlers
1026 1386 73 31 might
1110 1385 63 24 show
1185 1386 58 22 their

660 1425 72 24 fellow
745 1424 107 24 colonists
861 1422 49 23 that
920 1420 132 32 apparently
1059 1419 184 24 insurmountabe

661 1458 129 24 difficulties
808 1464 51 23 may
878 1455 29 23 be
929 1453 112 25 mastered
1060 1453 23 22 in
1104 1460 13 15 a
1136 1456 107 24 moment,

661 1492 54 23 with
726 1491 38 24 the
776 1489 36 25 aid
824 1489 24 24 of
863 1488 50 23 that
931 1487 71 24 which
1022 1487 20 22 is
1061 1484 146 32 represented
1217 1485 26 31 by

662 1524 37 23 the
710 1523 57 24 little
779 1522 60 24 word
851 1528 92 18 union.

892 1579 125 25 ROADS.

1260 133 89 30 patient
1366 130 54 24 than
1432 128 39 24 the
1485 135 51 16 care
1547 133 62 17 worn
1628 125 131 29 immigrant
1775 120 71 24 about

1261 172 14 16 a
1286 168 87 20 return.

1296 196 57 24 Two
1365 194 65 26 miles
1441 193 45 24 and
1498 200 42 17 one
1551 191 50 24 half
1609 190 25 24 of
1644 189 134 32 practicable
1790 189 56 21 road

1261 230 58 23 have
1331 234 23 19 to
1365 229 28 23 be
1404 226 66 24 made
1481 231 24 18 to
1514 232 59 25 open
1583 223 39 24 the
1634 222 98 24 Makara
1745 220 99 23 district.

1263 261 151 29 Considering
1425 259 39 24 the
1482 260 138 29 importance
1632 255 25 24 of
1674 255 35 23 the
1721 252 89 24 district
1821 253 25 23 in

1262 295 69 29 itself,
1344 293 43 25 and
1399 300 26 16 as
1437 300 14 15 a
1461 298 79 17 means
1552 290 24 24 of
1590 286 190 29 communicating
1792 285 54 22 with

1263 326 124 25 thousands
1397 326 25 23 of
1432 332 63 16 acres
1507 322 89 32 beyond
1607 322 25 28 it,
1645 320 44 24 and
1699 318 38 24 the
1749 318 97 22 demand

1263 361 35 23 for
1329 358 109 26 available
1468 354 147 33 agricultural
1641 352 59 29 land,
1722 358 33 15 we
1778 349 68 24 think

1263 393 39 24 the
1320 391 54 25 road
1395 391 72 30 ought
1486 394 22 19 to
1527 389 27 23 be
1574 387 75 24 made.
1685 383 163 30 Entertaining

1263 426 46 25 this
1320 425 99 32 opinion,
1433 430 32 16 we
1485 420 119 26 examined
1625 419 37 24 the
1678 416 53 26 land
1749 416 98 30 register

1263 464 23 18 to
1298 459 62 23 learn
1379 457 31 30 by
1421 456 75 23 whom
1517 455 37 23 the
1573 452 55 24 land
1639 459 45 15 was
1700 448 54 24 held
1766 449 23 22 in
1809 448 38 23 the

1262 492 97 28 district,
1373 488 43 25 and
1435 492 41 20 out
1495 487 26 24 of
1529 487 59 30 forty
1600 485 96 24 sections
1714 481 71 24 found
1798 481 50 23 that

1263 523 38 25 thf
1301 532 25 16 cc
1338 530 57 17 were
1414 521 53 25 held
1484 521 31 30 by
1526 526 95 25 persons
1642 516 98 29 residing
1752 514 23 23 in
1789 514 59 23 New

1259 556 104 26 .Zealand
1373 573 5 11 ,
1396 554 44 25 and
1452 558 41 19 not
1512 559 42 17 one
1566 551 87 24 section
1670 551 23 22 in
1703 548 38 24 the
1759 547 89 23 district

1264 590 89 31 beyond
1364 588 65 25 could
1440 594 34 16 we
1493 585 48 25 find
1561 584 123 30 belonging
1699 585 23 19 to
1734 588 13 16 a
1759 580 87 23 settler.

1263 623 52 23 The
1322 629 61 17 same
1392 622 19 23 is
1418 620 37 24 the
1461 627 52 16 casa
1520 619 23 23 in
1549 617 92 24 Karori.
1661 614 82 25 Intbat
1750 613 96 28 district,

1265 655 54 32 only
1331 656 63 23 three
1405 662 26 15 or
1442 653 52 24 four
1505 652 98 23 sections
1621 650 79 29 belong
1712 652 23 18 to
1746 645 100 24 settlers.

1265 688 102 32 Finding
1378 686 45 25 this
1435 692 23 18 to
1479 686 28 23 be
1519 684 38 23 the
1568 691 60 21 case,
1641 690 33 16 we
1685 678 124 31 bethought
1821 686 27 16 us

1265 722 25 24 of
1297 720 150 30 ascertaining
1458 718 51 24 how
1521 724 66 23 many
1599 716 95 23 sections
1707 713 26 23 of
1748 712 100 30 agricul-

1265 754 59 25 tural
1346 753 53 25 land
1421 752 80 23 within
1524 758 13 15 a
1559 749 72 24 dozen
1654 748 63 24 miles
1745 745 25 23 of
1792 744 57 24 Port

1266 787 126 25 Nicholson
1425 785 85 30 belong
1543 787 22 19 to
1594 781 118 26 residents,
1735 777 45 24 and
1811 777 38 24 the

1265 820 73 24 result
1348 821 21 23 is
1380 819 50 23 that
1440 826 34 15 we
1487 820 82 20 cannot
1580 815 48 24 find
1646 820 85 18 owners
1743 812 54 22 here
1816 811 33 23 for

1266 853 72 32 thirty
1361 852 106 28 sections,
1493 858 24 15 or
1545 849 63 24 three
1637 845 110 26 thousand
1776 851 72 16 acres.

1267 887 62 23 Talk
1343 887 24 22 of
1376 885 61 24 Irish
1446 883 158 27 absenteeism,
1616 882 19 23 it
1646 881 19 23 is
1678 888 12 15 a
1697 878 65 31 joke.
1799 876 52 24 The

1267 917 128 26 Wakefield
1414 921 87 26 system
1521 916 19 23 is
1552 913 114 33 swamped
1684 914 28 28 by
1722 919 30 16 an
1769 910 81 23 autho-

1266 953 61 23 rized
1341 951 112 24 deviation
1464 950 58 23 from
1539 948 37 24 the
1595 947 116 32 principle.
1749 943 56 25 Had
1823 950 28 15 an

1267 988 158 28 arrangement
1436 984 58 23 been
1503 981 65 24 made
1580 985 23 20 to
1624 986 87 17 reserve
1733 982 37 18 ten
1783 976 68 23 thou-

1267 1019 57 24 sand
1336 1024 62 17 acres
1418 1016 135 24 convenient
1564 1019 23 19 to
1599 1014 38 23 the
1650 1018 64 20 town,
1729 1011 33 22 for
1776 1009 75 24 actual

1268 1052 98 28 settlers,
1379 1057 32 15 we
1429 1048 82 24 shouli
1529 1048 56 24 have
1606 1047 57 23 been
1676 1043 106 28 satisfied,
1795 1050 26 16 as
1837 1043 16 21 it

1268 1086 29 28 is,
1310 1084 38 23 the
1360 1082 77 25 settler
1449 1081 46 24 will
1506 1081 28 23 be
1554 1079 125 32 compelled
1692 1083 22 19 to
1735 1076 69 30 adopt
1816 1076 37 22 the

1268 1116 112 33 principle
1401 1115 27 23 of
1447 1114 134 32 dispersion,
1606 1114 78 22 unless
1703 1118 14 15 a
1740 1110 114 29 stringent

1269 1152 43 22 law
1333 1151 27 23 be
1383 1147 90 32 passed,
1498 1147 29 30 by
1548 1146 73 24 which
1644 1145 38 23 the
1702 1144 109 23 absentee
1834 1141 19 22 is

1268 1183 79 24 forced
1359 1187 21 19 to
1393 1181 71 23 throw
1483 1180 37 23 his
1539 1179 53 24 land
1609 1179 48 23 into
1670 1178 35 23 the
1717 1175 99 28 market,
1830 1181 24 16 or

1270 1217 60 23 lease
1343 1217 17 22 it
1372 1222 28 16 on
1413 1213 114 32 equitable
1540 1217 76 19 terms.
1653 1211 24 23 It
1688 1211 18 23 is
1718 1208 90 24 evident
1822 1214 32 15 we

1270 1249 58 24 shall
1340 1249 28 24 be
1380 1246 125 32 compelled
1522 1250 22 19 to
1562 1245 107 23 advocate
1687 1251 11 15 a
1715 1241 75 30 heavy
1802 1240 53 24 land

1270 1288 40 18 tax
1322 1290 25 16 as
1359 1280 37 25 the
1409 1280 53 29 only
1474 1286 78 17 means
1570 1278 26 24 of
1614 1275 133 34 preventing
1762 1274 40 23 the
1814 1281 41 23 ap-

1271 1316 107 32 plication
1398 1313 25 24 of
1441 1313 38 23 the
1491 1311 125 32 .principle,
1638 1309 30 32 by
1681 1308 72 25 which
1769 1306 87 31 mainly

1272 1349 38 23 the
1322 1346 89 26 settlers
1423 1353 58 16 were
1493 1344 96 24 induced
1601 1349 22 18 to
1644 1346 71 21 resort
1727 1346 23 18 to
1769 1339 87 24 Cook's

1272 1382 93 28 Straits,
1377 1379 57 24 from
1453 1379 70 30 being
1540 1377 109 24 defeated.
1686 1374 49 25 The
1747 1373 109 23 colonists

1273 1415 44 23 had
1327 1415 72 23 better
1413 1419 62 16 come
1487 1410 96 25 forward
1602 1409 44 24 and
1663 1407 52 26 look
1728 1407 58 23 after
1799 1406 58 23 their

1272 1449 95 22 interest
1385 1446 24 22 in
1429 1445 46 23 this
1486 1448 88 25 matter,
1588 1443 44 23 and
1646 1450 31 16 we
1696 1447 39 17 are
1747 1447 54 16 sure
1820 1438 38 24 the

1273 1481 119 24 Governor
1415 1478 46 23 will
1484 1477 80 24 render
1587 1484 67 22 every
1676 1473 65 26 relief
1769 1473 23 22 in
1822 1471 36 24 his

1273 1521 84 24 power.
1404 1511 77 23 These
1505 1518 37 16 are
1564 1517 30 17 no
1618 1509 68 24 times
1704 1507 37 23 for
1764 1505 92 32 apathy.

1273 1548 67 30 They
1351 1545 43 25 had
1406 1549 23 19 to
1441 1544 84 31 agitate
1536 1542 96 32 actively
1644 1539 123 34 politically
1778 1544 24 18 at
1816 1545 43 17 one

1274 1581 62 28 time,
1350 1579 52 30 they
1414 1582 61 19 must
1494 1577 82 31 agitate
1595 1575 94 30 socially
1699 1580 58 21 now,
1778 1579 26 16 or
1822 1570 38 24 the

1273 1614 129 23 settlement
1425 1610 46 23 will
1494 1610 28 23 be
1542 1609 112 24 scattered
1673 1612 20 19 to
1716 1605 39 24 the
1777 1604 81 24 winds.

1274 1647 45 24 Let
1329 1646 62 23 them
1402 1643 126 25 remember
1540 1643 53 30 they
1606 1646 61 19 must
1678 1639 52 25 look
1748 1645 23 17 to
1784 1637 74 24 them-

1274 1680 81 27 selves,
1368 1678 33 24 for
1422 1677 58 24 Port
1501 1675 126 25 Nicholson
1648 1675 19 23 is
1684 1681 23 16 as
1728 1671 97 31 nothing
1839 1675 22 19 at

1273 1713 75 28 home,
1362 1711 36 25 the
1410 1718 49 16 new
1472 1709 129 24 settlement
1612 1712 84 27 system
1707 1710 63 19 must
1778 1704 83 24 absorb

1266 1747 47 23 .the
1323 1743 91 34 general
1427 1743 118 24 attention.
1583 1741 23 24 It
1617 1742 20 22 is
1658 1739 88 25 evident
1758 1746 33 15 we
1804 1737 57 23 have

1274 1779 123 26 ourselves,
1410 1776 44 24 and
1475 1775 115 24 ourselves
1611 1774 73 28 alone,
1703 1776 24 19 to
1748 1770 113 28 consider,

1274 1812 45 25 and
1330 1812 20 23 if
1367 1817 32 16 we
1419 1813 84 20 cannot
1522 1812 89 28 protect
1630 1814 42 17 our
1684 1812 48 17 own
1752 1805 109 22 interests

1275 1847 54 29 they
1341 1851 37 18 are
1390 1843 82 23 indeed
1483 1841 114 31 hopeless.

1489 1901 159 23 NATIVES.

179 1471 98 27 Spirits
289 1470 55 21 and
357 1469 136 21 Tobacco.

71 1506 66 22 Stock
146 1511 27 15 on
192 1504 58 21 hand
264 1504 36 19 thr
310 1502 33 20 Ist
355 1501 111 21 ultimo.—
470 1498 90 26 Brandy,
577 1496 55 22 2548

41 1534 83 24 gallons
131 1541 6 14 :
163 1532 53 21 B.P.
230 1531 64 23 Rum,
311 1528 57 22 2766
384 1528 94 26 gallons;
506 1525 52 24 Gin,
579 1524 54 20 1115

42 1562 95 25 gallons;
152 1559 90 24 Arrack,
254 1558 38 20 180
303 1556 96 26 gallons;
414 1553 110 27 Whiikey,
539 1553 39 20 121
588 1551 45 26 gal-

42 1589 64 23 lons;
131 1594 48 14 case
188 1585 94 27 Brandy,
299 1585 26 20 30
341 1584 96 26 gallons;
461 1587 48 15 case
525 1581 51 22 Gin,
593 1581 40 18 188

42 1616 95 26 gallons;
153 1633 5 4 .
169 1613 106 29 Cor.dia]s,
299 1612 26 20 22
353 1611 95 25 gallons;
477 1609 29 24 fig
529 1607 104 24 Tobacco,

43 1644 84 22 329716
136 1650 5 16 ;
156 1642 42 20 roll
206 1641 106 21 Tobacco,
320 1638 40 21 301
366 1640 22 21 1b
397 1645 6 17 ;
413 1635 123 25 cavendish,
551 1634 40 23 750
591 1634 28 23 ft
628 1640 5 17 5

45 1671 84 26 Cigars,
138 1670 53 23 1599
191 1670 41 23 ft;
246 1667 78 22 Snuffs,
336 1666 41 20 322
384 1666 31 22 85.
512 1681 5 7 ,

71 1697 113 21 Delivered
186 1696 43 25 for
238 1695 59 20 home
308 1693 176 25 consumption.—
484 1691 99 24 -Brandy,
593 1691 42 18 579

43 1726 95 26 gallons;
165 1724 52 20 B.P.
229 1723 63 23 Rum,
318 1722 26 19 88
355 1720 95 26 gallons;
476 1718 41 20 Gin
536 1717 39 20 123
590 1716 45 26 gal-

43 1754 63 23 lons;
130 1751 111 26 Whiskey,
261 1750 26 20 64
307 1748 96 26 gallons;
431 1752 47 15 case
501 1744 93 25 Brandy,
622 1744 13 19 8

43 1781 96 26 gallons;
164 1784 48 15 case
228 1777 50 22 Gin,
303 1776 40 20 117
364 1776 95 24 gallons;
482 1773 29 26 fig
530 1771 105 24 Tobacco,

47 1809 54 20 1492
106 1809 37 22 ft;
167 1806 42 20 roll
232 1804 106 23 Tobacco,
349 1803 41 20 292
396 1803 30 22 ft.

73 1833 111 23 Delivered
193 1832 43 26 for
244 1830 180 26 Exportation.—
426 1827 92 26 Brandy,
536 1826 40 21 109
591 1826 45 26 gal-

45 1863 50 20 lons
101 1869 7 18 ;
132 1861 51 23 Gin,
194 1861 26 20 90
230 1859 82 26 gallons
320 1865 6 17 ;
341 1857 65 23 Rum,
428 1856 40 20 153
484 1854 82 27 gallons
575 1860 6 17 ;
609 1853 27 25 fig

47 1889 105 24 Tobacco,
163 1889 41 22 632
204 1889 41 22 ft;
261 1885 113 21 cavendish
383 1883 97 21 Tobacco
495 1882 38 21 277
533 1882 38 21 ft.

74 1916 102 23 Received
192 1916 45 19 into
256 1913 125 21 warehouse.
384 1922 27 4 —
412 1909 91 26 Brandy,
520 1908 55 21 2433
592 1907 44 26 gal-

45 1944 63 25 lons;
130 1944 28 25 fig
167 1942 104 23 Tobacco,
282 1939 54 22 3667
341 1941 36 22 ft;
400 1936 113 23 cavendish
531 1935 105 23 Tobacco,

47 1972 42 19 279
94 1972 23 19 ft

77 1998 64 21 Stock
150 2003 27 15 on
190 1996 58 21 hand
257 1996 35 20 the
306 1995 14 19 4
324 1995 23 19 th
355 1994 117 20 instant.—
472 1991 93 25 Brandy,
581 1989 55 20 4293

47 2026 97 24 gallons;
165 2024 65 23 Rum,
248 2023 53 20 2325
310 2021 95 26 gallons;
426 2019 50 23 Gin,
491 2019 41 19 902
541 2017 82 25 gallons
631 2022 5 17 ;

47 2053 90 23 Arrack,
158 2052 40 20 180
217 2050 98 26 gallons;
343 2047 112 24 Whiskey,
475 2045 38 20 121
540 2044 96 26 gallons;

48 2086 48 15 case
106 2080 92 24 Brandy,
209 2078 27 20 22
246 2076 81 27 gallons
335 2082 6 17 ;
367 2080 48 14 case
430 2073 50 24 Gin,
496 2072 26 21 71
542 2071 81 26 gallons
631 2076 5 17 ;

49 2107 104 24 Cordials,
164 2108 26 19 22
205 2105 82 26 gallons
296 2111 5 16 ;
320 2104 28 24 fig
357 2102 106 21 Tobacco,
479 2100 54 22 6014
533 2100 27 22 ft
570 2106 5 16 ;
597 2097 39 21 roll

48 2135 105 23 Tobacco,
165 2135 54 22 9ft;
234 2131 114 22 cavendiisa
358 2130 40 22 752
398 2130 27 22 f
433 2136 5 16 t;
456 2127 81 26 Cigars,
544 2126 53 23 1599
597 2126 39 23 ft;

50 2162 79 24 Snuffs,
139 2162 42 20 322
185 2162 30 21 ft.

77 2195 139 25 Wellington,
226 2193 75 21 March
310 2193 22 24 4,
344 2192 63 20 1844.

68 2253 273 27 GARDENER'S
379 2249 249 27 CALENDAR.

1310 1964 50 25 The
1373 1963 86 23 natives
1477 1962 47 23 had
1543 1967 39 18 not
1601 1962 57 22 been
1677 1959 50 32 paid
1746 1959 36 24 for
1804 1959 60 24 their

1276 1998 60 27 land,
1350 1998 23 21 in
1385 1995 45 22 this
1452 1995 95 28 district,
1561 2001 61 16 more
1644 1993 52 23 than
1714 1991 64 24 three
1798 1992 65 30 days,

1277 2030 76 23 before
1371 2028 52 30 they
1435 2026 145 24 commenced
1601 2026 67 31 again
1686 2024 122 30 molesting
1826 2024 39 23 the

1277 2063 98 23 settlers.
1412 2061 52 22 One
1481 2060 26 23 of
1522 2060 37 23 the
1575 2059 72 24 chiefs
1667 2058 47 24 who
1727 2057 81 30 signed
1827 2057 38 23 the

1277 2096 36 24 Te
1332 2096 48 23 Aro
1399 2093 64 28 deed,
1482 2094 42 22 has
1543 2093 65 28 been,
1627 2093 21 23 if
1669 2090 116 31 anything,
1799 2098 64 15 more

1278 2129 150 24 troublesome
1448 2127 63 23 since
1531 2125 36 24 the
1594 2130 106 27 payment
1722 2132 47 14 was
1789 2123 74 29 made,

1279 2162 54 24 than
1345 2162 28 23 he
1383 2167 46 16 was
1440 2160 86 23 before.
1562 2158 56 25 Two
1628 2159 56 31 days
1693 2157 71 28 since,
1776 2157 90 23 further

1278 2202 142 24 annoyances
1433 2201 58 16 were
1503 2192 103 32 reported
1618 2197 23 18 to
1654 2200 34 20 us,
1698 2190 59 23 from
1770 2190 96 23 another

1278 2236 88 16 source.
1402 2226 44 24 We
1458 2226 59 31 hope
1529 2226 37 23 the
1575 2224 156 25 Government
1740 2223 45 23 will
1799 2222 67 24 make

1279 2270 29 17 an
1320 2261 105 31 example-
1435 2260 26 24 of
1475 2267 44 16 one
1530 2266 24 16 or
1564 2263 43 19 two
1619 2259 25 23 of
1660 2258 35 23 the
1707 2256 96 28 natives,
1816 2256 51 23 who

1279 2303 69 24 prove
1365 2298 60 20 most
1442 2292 159 25 troublesome.
1637 2290 65 25 After
1722 2289 46 23 this
1786 2296 81 16 course

1280 2330 40 23 has
1333 2329 56 22 been
1400 2325 97 32 adopted
1515 2332 28 16 on
1556 2332 13 16 a
1590 2325 41 23 few
1648 2323 123 27 occasions,
1784 2323 19 22 it
1823 2322 44 23 will

1280 2362 27 24 be
1319 2360 108 24 admitted
1439 2359 50 24 that
1500 2358 38 24 the
1557 2357 75 32 policy
1652 2357 25 24 of
1691 2355 106 31 allowing
1809 2355 58 24 chil-

1280 2395 56 24 dren
1347 2399 22 18 to
1381 2397 36 19 act
1435 2400 25 15 as
1481 2391 53 30 they
1545 2391 76 31 please
1640 2391 20 23 is
1679 2390 35 24 the
1733 2395 55 24 very
1801 2393 66 18 worst

1280 2428 65 24 mode
1357 2426 25 25 of
1397 2425 121 30 educating
1530 2424 60 23 them
1602 2424 44 23 and
1665 2422 118 30 rendering
1806 2421 61 23 them

1280 2460 75 25 useful
1372 2458 44 24 and
1434 2457 104 32 pleasant
1555 2456 138 31 neighbours
1716 2461 25 17 or
1760 2461 107 23 compan-

1280 2495 60 22 ions.

1315 2550 44 24 We
1377 2548 55 24 hear
1451 2547 64 24 there
1536 2546 56 24 have
1612 2546 59 23 been
1689 2553 11 16 a
1722 2543 60 33 good
1802 2551 68 23 many

1282 2585 87 22 serious
1388 2581 117 24 robberies
1524 2579 78 32 lately.
1639 2578 57 24 This
1710 2579 20 21 is
1752 2577 118 23 doubtless

1282 2618 38 23 the
1332 2621 155 24 consequence
1498 2613 26 24 of
1533 2618 59 18 want
1609 2612 26 23 of
1653 2611 161 33 employment,
1827 2610 44 23 and

1282 2650 19 23 if
1310 2654 63 26 steps
1383 2655 38 16 are
1434 2652 40 18 not
1486 2645 68 25 taken
1575 2650 24 19 to
1620 2644 88 24 furnish
1728 2645 26 26 it,
1774 2651 34 16 we
1820 2651 51 22 may

1282 2687 81 27 expect
1374 2685 22 20 to
1408 2680 55 23 hear
1484 2680 26 23 of
1527 2678 161 32 depredations
1698 2677 70 31 being
1792 2684 30 16 on
1835 2676 36 24 the

1282 2717 115 26 increase;
1411 2713 34 24 foe
1453 2713 39 24 the
1502 2713 71 31 police
1583 2712 61 23 force
1652 2712 21 23 is
1684 2715 37 20 not
1730 2710 140 30 sufficiently

1284 2754 79 25 strong
1376 2752 21 19 to
1409 2750 94 28 prevent
1515 2752 147 17 occurrences
1677 2744 22 24 of
1710 2744 37 23 the
1761 2743 66 24 kind.

1467 2812 224 25 PETITION.

297 2316 99 18 MARCH.

87 2351 60 25 Peas
158 2358 51 23 may
222 2357 48 16 now
284 2349 27 22 be
324 2355 60 16 sown
397 2354 24 17 as
434 2353 29 17 an
475 2344 62 31 early
547 2351 54 25 crop
614 2344 24 23 in

52 2385 93 24 borders
157 2391 25 17 or
193 2383 65 24 other
269 2388 69 17 warm
348 2380 127 24 situations.
511 2377 43 24 We
564 2377 74 24 would

52 2417 144 25 recommend
208 2416 39 24 the
258 2415 62 30 early
331 2413 72 25 frame
419 2411 115 26 Warwick
545 2411 36 24 for
592 2411 46 23 this

52 2459 40 16 croPo
93 2459 22 23 P'
404 2479 8 10 ,
445 2480 6 5 .
543 2478 5 5 .
593 2476 14 13 t_

89 2485 51 23 Sow
153 2483 98 31 turnips,
263 2485 93 24 carrots,
369 2481 44 22 and
425 2483 78 20 winter
515 2481 103 28 spinach.

89 2517 69 25 Plant
170 2520 40 21 out
221 2515 135 24 cauliflower
368 2513 45 24 and
424 2512 99 30 cabbage
539 2510 83 31 plants.

89 2550 160 25 Strawberries
267 2554 52 25 may
329 2553 51 18 now
393 2546 27 23 be
431 2544 92 32 planted
533 2553 6 19 ;
558 2543 32 24 let
602 2543 38 24 the

54 2588 62 21 roots
127 2584 29 23 be
169 2582 50 24 well
230 2579 115 34 protected
355 2579 78 24 before
445 2578 110 32 planting,
571 2576 45 24 and
629 2583 13 16 a

54 2617 59 31 good
125 2617 110 28 watering
245 2616 68 29 given
324 2621 26 16 as
362 2619 55 18 soon
428 2619 26 16 as
470 2610 99 31 planted,
588 2609 53 31 they

56 2650 47 23 will
114 2658 56 15 soon
188 2647 71 25 strike
271 2652 57 24 root,
341 2645 46 25 and
405 2645 29 23 be
445 2642 138 26 established
600 2642 41 24 be-

56 2684 50 23 fore
116 2683 89 23 winter.

92 2716 51 24 Sow
157 2714 67 24 small
235 2713 111 30 salading,
355 2711 85 29 radish,
450 2718 69 21 cress,
532 2708 110 30 mustard,

57 2757 63 24 rape,
133 2748 44 24 and
187 2748 84 24 lettuce
285 2746 73 25 seeds.

94 2783 52 24 Sow
157 2788 92 24 grasses
260 2779 25 25 of
294 2779 31 24 all
336 2783 68 20 sorts.

57 2828 4 2 -
91 2816 55 24 Sow
157 2819 40 27 pot
208 2814 56 23 herb
277 2812 73 25 seeds.

100 2879 96 22 Latest
210 2878 85 21 Dates
310 2875 31 22 of
357 2875 104 28 Papers
475 2875 133 21 received.

59 2912 98 24 London
473 2906 99 23 October
619 2906 26 21 28

59 2945 85 30 Nelsqn
473 2939 78 24 March
634 2939 13 21 9

61 2979 122 24 Auckland
475 2974 113 26 February
620 2972 28 22 24

60 3012 83 28 Bayof
154 3011 88 24 Islands
474 3005 79 23 March
634 3005 13 21 5

61 3045 92 28 Sydney
475 3037 99 26 January
621 3037 28 21 22

60 3079 52 22 Van
122 3077 118 24 Dieman's
252 3075 65 24 Land
476 3072 100 27 January
622 3071 27 21 29

60 3112 53 23 Port
122 3110 83 28 Phillip
471 3103 31 23 Ju
503 3103 6 22 ]
511 3110 16 21 y
619 3101 28 23 27

60 3142 112 25 Adelaide
471 3134 129 30 September
623 3134 27 21 22

179 3200 99 23 Notice
295 3201 29 19 to
339 3199 186 20 Subscribers.
551 3217 13 12 p

66 3237 77 26 Papers
158 3234 47 20 will
217 3233 38 20 not
265 3232 25 21 be
301 3232 49 21 sent
368 3232 22 19 to
402 3235 91 22 persont
505 3227 68 26 living
583 3226 36 20 out
629 3225 23 26 of

66 3275 5 4 '
90 3270 53 23 Tort
154 3268 126 23 Nicholson,
296 3267 72 21 unless
376 3265 161 26 arrangements
545 3268 38 15 are
592 3260 60 22 made

87 3306 38 23 for
135 3305 37 20 the
177 3303 103 27 payment
289 3303 28 24 of
322 3302 38 21 the
368 3307 63 21 same,
440 3301 95 25 through
544 3305 28 15 an
581 3299 71 27 Agent

89 3341 24 18 at
126 3339 138 20 Wellington.
290 3342 4 4 •
