2529 4029
1912 2067 75 14 TARCH
1994 2076 4 5 .

1896 3883 75 17 Printed
1984 3883 37 17 and
2034 3884 100 20 published
2149 3889 56 17 nny
2220 3885 113 20 Wednesday
2341 3882 45 20 .and
2393 3879 78 20 SiturW

1917 3904 89 21 morning,
2020 3904 23 21 by
2062 3905 87 18 Sahdkl
2161 3906 90 19 Rxvams>
2267 3906 19 16 at
2300 3905 33 17 the
2347 3904 59 18 Offlpr
2414 3901 55 17 ortoe

1916 3936 44 28 wi.
1971 3936 282 32 &nne^ftr*t?Vemagtoß,
2266 3946 42 18 Port
2320 3943 101 19 NUhol.on,
2433 3940 38 17 Ntn

1917 3967 84 16 Zealand.

561 33 241 54 f*O&*!!>
826 32 210 52 *«#»««!
1061 32 188 55 #«?««
1272 32 93 49 »!»*
1372 32 318 55 .WfttnfltoK
1713 29 258 50 *»«tot«*

1889 119 221 28 WHOLESALE
2140 119 125 26 PRICES
2297 120 166 34 CURRENT.

1989 157 133 16 CORRECTED
2138 159 28 14 UP
2180 159 30 15 TO
2224 159 55 15 LAST
2296 159 80 17 NIGHT.

2231 185 17 18 £
2268 189 17 13 •-
2308 186 20 16 d.
2380 188 15 17 £
2449 195 9 16 4

1891 212 64 22 Alb:
1969 211 98 29 perhhd
2181 214 65 22 ...7
2273 215 15 20 0
2314 216 14 20 0
2345 229 19 7 ..
2381 217 13 22 7
2418 218 12 23 7
2454 225 11 19 q

2067 246 41 21 per
2112 239 102 22 barrel..
2230 241 15 20 5
2271 242 16 19 O
2313 242 15 20 0
2345 255 19 7 ..
2381 245 13 20 6
2420 247 12 20 0
2454 251 11 19 0

2068 265 91 28 perdoz
2235 268 14 19 0
2263 267 26 20 13
2317 268 14 20 0
2348 282 19 7 ..
2384 272 13 19 0
2411 272 23 22 14
2455 279 11 18 q

1892 293 100 22 Arback
1998 300 6 14 :
2020 292 43 22 Per
2072 292 47 27 gal.
2127 292 25 22 in
2160 291 63 23 bond
2236 294 14 20 0
2277 294 12 20 1
2317 294 14 21 0
2349 308 5 7 .
2361 308 6 7 .
2383 298 14 19 0
2422 300 12 20 2
2456 308 10 12 n

1892 319 94 22 Bread:
2000 319 44 22 Per
2053 319 46 22 2lb.
2110 318 50 23 loaf
2174 333 46 7 ....
2237 321 15 20 0
2277 321 16 20 0
2318 320 14 21 5
2350 334 19 8 ..
2385 324 13 20 0
2423 327 11 19 0
2455 331 11 19 0

1892 345 62 23 Beef
1960 353 6 15 :
1981 345 79 28 Fresh,
2078 352 90 16 carcase
2183 352 42 21 per

2009 372 25 22 lb
2169 386 47 7 *...
2234 374 14 20 0
2275 373 13 20 0
2303 373 27 21 10
2348 387 18 7 ..
2383 378 14 19 0
2421 378 13 21 0
2454 383 10 19 0

1984 409 5 11 /
2000 399 55 26 Salt,
2064 406 43 19 per
2119 399 68 22 tierce
2199 413 20 7 ..
2237 401 14 20 0
2275 401 17 20 O
2317 401 14 20 0
2348 413 19 8 ..
2384 403 15 20 6
2423 406 12 19 0

1893 425 107 23 Butter:
2018 424 66 29 Irish,
2094 425 80 29 perlb.
2197 439 20 7 ..
2237 427 14 21 0
2274 427 16 19 1
2316 427 16 20 2
2350 440 18 8 ..
2385 430 13 19 0
2425 431 8 21 I
2455 435 10 21 3

2014 452 70 22 Fresh
2239 454 14 20 0
2280 454 14 21 2
2321 455 13 19 6
2352 467 18 7 ..
2387 457 13 20 0
2423 458 12 20 3
2455 463 11 19 g

1893 484 110 17 brandy:
2019 478 60 23 First
2084 479 94 28 quality,
2186 486 41 21 per

2041 505 79 28 gallon
2128 505 24 22 in
2162 505 62 23 bond
2237 507 14 20 0
2278 505 15 23 6
2319 507 15 21 0
2352 520 5 6 .
2364 521 5 6 .
2386 510 13 19 0
2424 510 42 25 80

1893 532 87 22 Brown
1999 532 88 22 Stout:
2111 539 40 21 per
2164 531 54 23 hhd.
2233 533 15 21 6
2261 532 28 22 10
2315 534 15 20 0
2347 547 18 7 ..
2386 534 13 22 7
2413 536 22 21 10
2456 542 11 19 0

1894 559 100 23 Cigars:
2005 558 105 29 Manilla,
2117 566 40 21 per
2162 560 61 26 1000,
2238 560 14 20 3
2279 561 15 19 0
2320 561 79 20 0..S
2424 564 11 19 0
2456 568 10 19 0

2002 585 98 23 Inferior
2239 587 14 21 0
2279 587 15 20 0
2319 587 81 21 0..0
2424 590 11 20 0
2456 595 11 19 0

2002 612 139 27 Havannah,
2146 612 77 28 perlb.
2258 619 62 15 none
2352 627 5 5 •
2364 627 5 6 .
2387 615 14 20 0
2425 617 10 19 0
2456 622 11 19 0

2002 639 127 22 Chinsurah
2133 646 40 20 per
2178 640 73 21 10001
2267 640 27 20 10
2321 641 13 19 0
2352 653 19 7 ..
2387 642 14 20 0
2425 643 10 20 0
2456 648 9 18 0

2002 665 158 23 Alexandrian
2173 668 78 20 ....0
2279 668 14 20 0
2319 667 82 21 0..0
2425 670 10 19 0
2456 674 11 19 0

1894 693 89 22 Coffee
1989 700 6 15 :
2005 693 66 26 Java,
2080 700 42 21 per
2129 693 24 22 lb
2238 695 14 20 0
2278 694 16 20 0
2319 694 15 20 6
2352 706 19 8 ..
2388 695 13 20 0
2425 696 11 19 0
2456 700 10 20 9

1894 721 103 21 Cheese:
2012 719 109 23 Cheshire
2238 722 14 19 0
2279 721 12 19 1
2319 721 15 19 6
2352 734 18 6 ..
2388 722 13 20 0
2426 722 9 20 1
2456 727 9 19 9

2011 746 56 22 Pine
2077 746 75 28 Apple
2173 760 47 8 ....
2239 749 14 19 0
2279 749 15 19 0
2320 747 14 21 0
2352 760 18 7 ..
2388 749 13 19 0
2427 749 8 19 1
2455 753 10 20 2

2010 773 79 22 Dutch
2239 775 14 20 0
2279 775 15 20 0
2308 774 27 22 10
2352 787 19 7 ..
2388 775 14 20 0
2427 775 8 20 1
2456 780 9 19 0

1894 801 106 22 Candles
2007 807 5 15 :
2020 800 96 27 English
2122 808 58 19 wax,
2186 807 41 21 per

2037 827 24 21 lb
2238 829 14 20 0
2279 828 14 20 3
2319 828 15 20 0
2352 841 19 7 ..
2388 829 14 20 0
2427 829 10 20 3
2456 834 9 19 6

2024 853 83 22 Mould
2237 856 14 20 0
2279 855 12 19 1
2319 855 83 20 0..0
2427 856 11 20 0
2456 861 8 18 0

2026 880 72 28 Dips.
2237 882 15 20 0
2277 882 16 20 0
2319 881 15 20 0
2352 894 19 7 ..
2388 882 14 20 0
2427 883 11 19 0
2457 886 8 19 0

1895 907 93 22 Flour:
1998 909 35 19 Ist
2037 906 94 29 quality,
2142 910 83 25 perton

2019 933 26 23 of
2055 935 57 20 2000
2121 933 33 22 lbs
2225 935 27 21 22
2266 935 27 20 10
2319 935 15 21 0
2352 935 50 20 ..25
2427 936 12 20 0
2458 940 9 19 0

1994 961 45 22 2nd
2049 961 58 21 ditto
2226 961 25 21 15
2279 963 15 19 0
2320 962 14 20 0
2352 962 50 21 ..18
2420 963 18 20 .0
2457 967 9 20 0

1894 987 77 23 Flax:
1987 987 29 22 N.
2027 987 27 22 Z.
2063 994 41 21 per
2113 991 38 18 ton
2174 988 78 21 ....15
2280 989 14 20 0
2319 989 16 20 0
2354 1001 18 7 ..
2389 990 13 19 0
2427 990 11 19 0
2457 993 9 20 0

1922 1015 44 22 Do.
1967 1025 28 5 —
1996 1014 106 22 onboard
2103 1025 27 4 —
2131 1014 117 32 pressedl7
2275 1016 15 20 0
2317 1016 14 20 0
2350 1029 19 6 ..
2385 1016 14 20 0
2424 1016 11 20 0
2456 1019 9 20 0

1896 1041 47 22 Gin
1951 1049 6 14 :
1978 1041 52 23 Pale
2047 1042 25 21 in
2081 1041 62 22 bond
2239 1043 14 20 0
2279 1043 14 19 3
2319 1043 82 19 0..0
2426 1044 41 21 40

1945 1069 62 26 Case,
2014 1070 16 20 4
2036 1068 37 27 gal
2082 1069 39 21 4-5
2129 1068 24 22 in
2162 1068 61 22 bond
2239 1069 10 20 1
2279 1069 14 21 8
2319 1070 15 20 0
2352 1082 18 7 ..
2390 1069 10 20 1
2416 1069 23 21 10
2459 1074 9 19 0

1896 1094 82 23 Hams:
1993 1095 131 27 Yorkshire,
2139 1095 85 28 perlb.
2240 1098 13 19 0
2282 1096 11 20 1
2321 1096 14 21 0
2353 1109 18 7 ..
2390 1098 13 19 0
2429 1096 39 23 12

1895 1121 128 23 Mustard:
2038 1121 44 22 Per
2091 1122 71 21 dozen
2175 1123 119 20 ....018
2321 1124 83 20 0..0
2429 1124 39 21 00

1895 1149 101 22 Mutton
2004 1157 5 14 :
2031 1149 95 21 Carcase
2136 1156 40 20 per
2184 1149 24 21 lb
2218 1164 6 6 .
2239 1151 14 20 0
2280 1150 14 20 0
2321 1150 13 20 9
2353 1163 6 7 .
2366 1163 5 7 .
2390 1151 13 19 0
2428 1151 39 21 011

1895 1175 123 22 Muskets:
2034 1175 94 22 Walnut
2134 1175 93 22 stocked
2241 1178 13 19 0
2281 1177 13 20 0
2321 1177 14 20 0
2353 1190 19 7 ..
2390 1178 14 19 0
2429 1179 12 18 0
2461 1181 9 19 0

1895 1203 78 22 Milk:
1990 1203 43 22 Per
2038 1203 51 27 pint
2239 1204 14 20 0
2280 1204 14 19 0
2321 1204 13 19 3
2353 1216 18 7 ..
2390 1204 14 21 0
2428 1205 13 19 0
2460 1207 10 20 4

1894 1230 94 21 Maize:
2004 1237 39 20 per
2054 1229 80 22 bushel
2239 1232 14 19 0
2280 1229 13 22 7
2321 1230 82 21 0..0
2428 1232 13 19 0
2460 1234 10 19 0

1895 1256 44 22 Oil
1947 1264 5 14 :
1968 1256 105 25 Linseed,
2082 1263 42 20 per
2132 1256 77 27 gallon
2218 1258 35 19 .0
2280 1256 14 22 7
2321 1257 14 20 0
2354 1270 5 7 .
2366 1271 6 6 .
2390 1258 51 20 010
2460 1261 10 19 0

1969 1283 77 27 Black,
2051 1283 25 21 in
2080 1283 175 27 cask,perton24
2282 1284 14 20 0
2323 1284 14 19 0
2355 1298 18 5 ..
2391 1285 13 20 0
2429 1286 41 21 GO

2004 1311 80 26 Sperm
2235 1312 14 19 0
2275 1311 14 19 0
2317 1310 13 20 0
2350 1324 18 7 ..
2386 1312 13 19 0
2427 1312 9 18 0
2460 1314 8 17 0

1895 1337 77 22 Pork:
1988 1337 77 26 Fresh,
2082 1343 90 15 carcase
2187 1344 41 20 per

2011 1363 24 22 lb
2238 1366 13 19 0
2279 1365 14 20 0
2319 1364 14 20 5
2350 1378 20 6 ..
2388 1366 13 19 0
2428 1367 11 19 0
2460 1368 10 19 0

1896 1390 76 22 Pork:
1989 1390 66 27 Irish,
2065 1397 42 20 per
2115 1390 80 22 barrel-
2202 1405 18 5 ..
2239 1392 14 20 4
2281 1392 13 20 0
2322 1392 50 20 0..
2390 1392 12 20 5
2428 1392 12 20 5
2463 1395 9 19 0

1895 1417 131 22 Potatoes:
2047 1416 58 23 New
2119 1417 108 27 Zealand,

2072 1451 41 20 per
2121 1447 39 19 ton
2174 1445 79 21 ....4
2280 1446 14 20 0
2321 1446 15 19 0
2353 1458 6 7 .
2366 1458 6 7 .
2391 1446 12 21 f
2428 1448 44 19 00

1896 1471 94 22 Porter
1998 1478 5 15 :
2033 1471 105 27 Dunbar,
2147 1471 26 22 in
2179 1471 47 22 bot.

2062 1505 41 21 per
2112 1498 42 21 doz
2239 1500 14 19 0
2279 1500 14 19 0
2319 1500 83 21 0..0
2428 1501 12 20 0
2463 1503 9 18 0

2002 1524 88 28 Bryant
2100 1524 45 23 and
2154 1525 70 22 Davis
2238 1527 14 20 0
2280 1527 14 19 0
2320 1526 14 21 0
2353 1539 6 7 .
2366 1538 5 8 .
2390 1528 13 19 0
2428 1528 13 19 0
2462 1530 10 18 0

1895 1552 99 21 Picklbi
2004 1559 5 14 :
2040 1552 119 26 Assorted,
2188 1559 40 20 per

2067 1578 60 26 doz.,
2150 1582 77 24 quarts
2241 1580 11 19 1
2283 1580 11 19 i
2322 1580 14 20 0
2354 1593 19 7 ..
2392 1580 10 21 1
2418 1581 23 20 10
2463 1582 9 19 0

1895 1605 74 22 Pitch
1981 1613 6 14 :
2018 1604 140 28 Stockholm,
2188 1613 40 20 per

2042 1632 76 22 barrel
2241 1636 13 19 0
2281 1635 13 20 0
2322 1635 13 20 0
2354 1647 18 7 ..
2392 1635 9 20 1
2428 1635 13 20 5
2463 1637 11 19 ft

1896 1659 80 22 Plank
1985 1667 5 14 :
2018 1659 54 22 Port
2094 1659 133 27 Nicholson,

2043 1693 41 21 per
2094 1688 41 19 100
2143 1686 47 22 feet
2202 1701 19 6 ..
2240 1689 13 19 0
2268 1688 26 21 10
2321 1689 13 20 0
2353 1701 18 7 ..
2390 1690 12 19 0
2416 1689 24 22 12
2461 1691 10 19 0

1895 1712 70 23 Rice:
1978 1713 109 22 Common
2098 1720 40 20 per
2143 1716 49 20 cwt.
2204 1728 18 7 ..
2241 1716 13 19 0
2281 1717 13 18 0
2321 1716 14 19 0
2353 1728 19 7 ..
2390 1717 13 20 0
2418 1716 22 20 10
2462 1718 10 19 0

1977 1740 65 21 Good
2240 1742 10 21 1
2279 1742 15 21 4
2321 1743 15 20 0
2354 1756 17 6 ..
2390 1742 12 22 I
2418 1744 22 21 10
2461 1745 9 19 0

1895 1766 55 22 Rum
1957 1774 6 14 :
1980 1767 24 22 P.
2014 1767 26 22 B.
2053 1766 34 26 P.,
2102 1774 40 20 per
2150 1767 77 27 gallon

2015 1794 24 21 in
2055 1793 62 23 bond
2239 1796 13 20 0
2279 1796 14 20 3
2321 1796 12 19 0
2353 1810 18 5 ..
2389 1798 13 19 0
2427 1797 11 20 5
2461 1799 9 19 0

1895 1820 88 22 Sugar:
2000 1820 122 23 Mauritius
2131 1828 40 20 per
2178 1824 49 19 cwt.
2242 1824 13 19 0
2282 1824 14 19 0
2324 1824 49 19 0..
2406 1829 49 16 none

2003 1848 82 21 Brown
2100 1847 54 22 ditto
2238 1849 11 21 1
2277 1850 14 20 2
2318 1851 80 21 0..1
2426 1852 11 19 8
2460 1853 10 18 0

2003 1874 98 22 Refined
2116 1874 54 28 loaf,
2187 1883 40 20 per

2029 1901 24 22 lb
2240 1905 13 19 0
2280 1904 14 21 0
2321 1903 14 23 7
2353 1918 19 5 ••
2389 1905 13 20 0
2427 1905 12 20 0
2462 1906 8 20 8

2005 1928 96 22 Manilla
2121 1935 38 21 per
2173 1932 48 19 cwt.
2239 1931 10 21 1
2277 1932 15 19 0
2318 1932 15 19 0
2351 1944 18 7 ..
2388 1932 10 20 1
2426 1932 10 19 6
2460 1933 10 19 0

1894 1955 60 21 Salt
1961 1962 6 14 :
1985 1955 126 27 Liverpool,
2121 1963 40 16 per
2170 1958 40 19 ton
2217 1958 35 20 .o
2279 1958 14 19 0
2320 1958 14 20 0
2352 1970 18 7 ..
2389 1959 14 19 0
2428 1959 11 20 0
2463 1959 9 19 0

1894 1981 59 20 Soap
1962 1988 7 13 :
1995 1980 104 21 Hawes's
2121 1980 104 25 London,

2020 2009 87 23 perton
2225 2006 27 21 20
2279 2007 14 20 0
2319 2008 15 19 0
2352 2006 50 21 ..23
2428 2007 10 19 Q
2462 2008 9 18 0

2012 2032 121 28 Liverpool
2225 2034 26 21 16
2278 2034 15 19 0
2319 2034 14 19 0
2351 2033 50 21 ..18
2428 2033 9 19 0
2461 2034 9 19 0

1894 2060 105 22 Starch:
2015 2059 75 22 Perlb
2241 2061 13 20 0
2281 2062 13 18 0
2321 2061 14 19 9
2354 2073 18 6 ..
2390 2061 13 20 0
2430 2061 8 20 1
2463 2061 8 19 0

1894 2087 144 22 Scantling:
2054 2086 44 22 Per
2105 2088 40 20 100
2154 2086 68 23 feet..
2240 2088 14 19 0
2282 2087 13 21 8
2322 2088 14 20 0
2354 2100 18 7 ..
2390 2088 14 19 0
2418 2086 22 22 12
2463 2088 9 19 0

1895 2114 115 22 Shingles
2018 2121 5 14 :
2039 2114 44 22 Per
2091 2115 61 26 1000,
2160 2113 30 22 N.
2199 2113 26 22 Z.
2240 2116 14 19 0
2281 2114 13 20 9
2321 2115 14 20 0
2354 2127 5 6 .
2367 2128 5 5 .
2390 2116 12 19 0
2418 2114 23 21 12
2463 2115 9 18 0

2025 2140 73 28 Ditto,
2119 2140 28 22 V.
2159 2140 29 23 D.
2199 2140 27 23 L.
2241 2142 12 19 0
2281 2142 13 19 0
2322 2142 14 19 0
2354 2154 5 6 .
2367 2154 6 7 .
2390 2142 13 19 0
2418 2141 23 22 10
2463 2142 10 19 C

1894 2168 63 23 Tar;
1973 2167 55 23 Coal
2241 2168 10 20 1
2282 2168 11 19 1
2322 2169 14 19 0
2354 2181 19 6 ..
2392 2169 13 20 0
2429 2170 13 19 0
2464 2170 10 17 0

1977 2194 131 23 Stockholm
2243 2195 10 20 I
2283 2194 11 21 1
2323 2196 81 19 0..0
2429 2196 12 19 0
2465 2197 9 18 0

1894 2222 63 22 Tba:
1967 2222 81 28 Hyson
2053 2221 57 27 skin,
2115 2228 41 21 per
2165 2221 64 22 chest
2241 2223 13 20 5
2282 2224 14 19 0
2323 2222 14 20 0
2355 2234 18 8 ..
2392 2221 12 22 7
2430 2222 9 21 7
2465 2223 9 18 0

1971 2249 94 27 Congou
2230 2250 26 21 10
2282 2250 14 20 0
2324 2250 13 19 0
2355 2262 18 7 ..
2390 2250 14 19 0
2418 2249 23 20 18
2464 2250 10 19 0

1894 2276 106 22 Tobacco
2008 2283 6 15 :
2028 2274 145 28 Negrohead,
2188 2283 42 21 per

2054 2302 32 22 lb.
2099 2302 25 22 in
2140 2301 60 23 bond
2241 2304 13 20 0
2283 2304 9 20 1
2323 2304 50 20 0..
2390 2304 13 19 0
2430 2304 9 20 1
2464 2303 10 21 6

1895 2329 165 23 Turpentine;
2076 2329 45 22 Per
2124 2329 99 27 gallon..
2242 2332 13 19 0
2283 2331 13 20 8
2324 2331 14 20 0
2355 2343 19 6 ..
2392 2330 50 21 010
2465 2330 10 20 0

1896 2356 162 23 Whalebone:
2075 2356 44 22 Per
2127 2360 96 19 t0n....
2229 2358 27 20 90
2282 2358 14 20 0
2324 2357 118 20 0..1100
2465 2358 10 19 0

1896 2383 82 22 Wine:
1994 2383 90 28 Sherry,
2094 2391 42 21 per
2143 2383 52 28 pipe
2205 2385 50 20 ..28
2283 2385 13 20 0
2324 2385 14 20 0
2355 2385 51 20 ..40
2430 2385 12 20 0
2464 2384 11 19 0

2004 2410 73 28 Ditto,
2093 2417 41 21 per
2147 2410 80 22 dozen.
2244 2412 9 20 1
2282 2412 14 20 4
2324 2412 14 20 0
2355 2424 6 7 .
2368 2424 6 7 .
2391 2410 51 22 210
2465 2412 10 18 0

2005 2437 62 27 Port,
2077 2445 42 21 per
2127 2437 51 32 pipe
2203 2439 52 21 ..28
2282 2440 14 19 0
2322 2439 15 20 0
2354 2438 51 21 ..60
2429 2439 12 20 0
2463 2438 12 19 0

2072 2465 100 27 perdoz.
2202 2466 49 21 ..1
2280 2466 14 21 8
2321 2466 14 20 0
2353 2478 18 7 ..
2389 2466 13 20 2
2428 2466 11 19 8
2463 2465 11 19 0

2004 2487 152 33 Champagne,
2170 2491 57 22 ditto
2239 2493 15 21 2
2280 2492 14 21 5
2321 2493 14 20 0
2353 2505 18 7 ..
2388 2492 14 21 4
2416 2492 23 21 10
2462 2492 12 19 0

1896 2518 122 22 Poultry:
2033 2518 81 28 Fowls,
2121 2525 41 21 per
2167 2518 61 28 pair.
2243 2520 13 20 0
2284 2520 12 20 8
2324 2520 14 20 0
2355 2532 19 7 ..
2392 2520 14 19 0
2420 2519 22 20 16
2465 2519 10 18 0

2031 2544 86 28 Ducks,
2128 2545 57 22 ditto
2204 2560 19 5 ..
2241 2547 14 20 0
2269 2546 27 21 16
2322 2547 14 19 0
2354 2559 19 6 ..
2391 2547 13 18 0
2430 2546 12 20 0
2465 2546 10 19 0

2033 2572 81 27 Geese,
2122 2572 59 22 each
2203 2573 49 20 ..1
2281 2574 13 19 0
2322 2573 14 20 0
2354 2586 18 7 ..
2390 2573 13 20 0
2429 2574 13 19 0
2463 2572 11 19 0

2030 2598 111 29 Turkeys,
2152 2599 56 21 each
2242 2600 54 20 010
2324 2600 13 20 0
2355 2612 19 7 ..
2392 2600 14 20 0
2430 2600 13 20 0
2464 2599 11 20 0

2032 2625 106 28 Pigeons,
2147 2626 80 27 (wild,)

2058 2660 42 21 per
2108 2653 49 28 pair
2177 2667 46 7 ....
2241 2655 17 27 0;
2284 2654 10 20 1
2323 2654 82 20 0..0
2429 2654 12 20 2
2464 2653 10 20 0

2032 2680 85 27 Ducks,
2126 2680 36 22 do.
2173 2680 52 22 do..
2242 2681 15 21 0
2283 2680 13 21 4
2324 2681 14 20 0
2355 2694 20 6 ..
2392 2681 14 20 0
2430 2681 13 20 6
2464 2680 11 19 0

1896 2707 63 22 Eogi
1964 2715 5 14 :
1987 2707 44 22 Per
2040 2707 74 22 dozen
2244 2709 13 19 0
2284 2709 14 20 2
2324 2707 51 21 6..
2392 2708 14 20 0
2430 2708 12 20 3
2465 2706 10 21 0

1896 2735 78 21 Cows:
1989 2734 72 23 Milch
2231 2734 25 22 15
2284 2735 14 20 0
2325 2735 13 20 0
2356 2734 50 22 ..25
2431 2736 12 19 0
2465 2734 10 19 0

1896 2761 98 23 Mares:
2008 2761 78 23 Brood
2228 2762 28 21 50
2282 2763 14 19 0
2324 2763 14 19 0
2355 2762 51 21 ..80
2430 2762 12 20 0
2464 2761 11 20 0

1896 2788 117 22 Working
2030 2788 134 22 Bullocks:
2187 2788 44 22 Per

1922 2815 82 28 pair..
2230 2816 30 21 40
2284 2817 14 19 0
2325 2817 14 19 0
2357 2816 50 20 ..60
2431 2816 13 20 0
2465 2814 10 19 0

1896 2841 65 23 Hire
1971 2849 26 15 or
2008 2849 69 15 ditto
2084 2849 6 14 :
2107 2842 43 22 Per
2155 2843 53 27 day,
2216 2850 14 14 a

1924 2873 60 18 team
1994 2869 45 21 and
2046 2869 76 22 driver
2245 2870 10 20 1
2284 2871 14 19 0
2325 2870 82 20 0..2
2430 2871 14 19 0
2465 2869 11 19 0

1896 2896 89 22 Sheep:
1999 2895 64 22 Each
2243 2897 11 20 1
2282 2897 14 20 0
2323 2897 15 20 0
2354 2909 20 8 ..
2393 2897 9 20 1
2430 2897 12 20 8
2465 2895 10 19 0

1896 2923 66 21 Boat
1971 2922 74 22 Hire:
2059 2922 45 22 Per
2109 2922 51 31 day,
2164 2922 65 22 with-

2087 2952 42 19 out
2138 2948 87 23 hands.
2241 2951 13 19 0
2269 2950 27 20 10
2322 2951 15 20 0
2355 2963 18 7 ..
2393 2951 9 20 1
2430 2951 12 20 0
2464 2949 10 19 0

1896 2975 87 23 Wages
1990 2982 5 15 :
2023 2975 143 28 Mechanics;
2189 2983 41 21 per

2049 3003 65 21 week
2242 3004 14 20 2
2282 3004 14 20 0
2323 3004 51 20 0..
2392 3005 14 21 2
2420 3004 24 21 10
2464 3003 11 20 0

2032 3029 129 23 Labourers
2242 3031 11 21 1
2282 3031 14 20 4
2323 3031 14 21 0
2355 3044 19 7 ..
2393 3032 11 20 1
2420 3031 24 21 10

2134 3054 122 26 DUTIES.

1897 3084 99 22 British
2006 3084 94 23 Spirits
2313 3086 34 21 4s.
2356 3092 40 21 per
2403 3083 71 29 gallon.

1897 3111 106 22 Foreign
2013 3111 58 23 ditto
2314 3112 33 22 ss.
2357 3119 38 21 per
2401 3111 73 27 gallon*

1896 3138 106 22 Tobacco
2011 3139 179 28 manufactured,
2317 3140 30 21 Is.
2356 3146 39 21 per
2401 3135 30 25 Id.

2010 3165 219 23 Unmanufactured.
2235 3180 61 8 .....
2314 3165 37 23 s)d.
2361 3172 40 21 per
2407 3165 27 22 lb.

1898 3192 75 23 Snuff
2314 3195 25 20 2s
2340 3205 7 9 k
2356 3199 39 21 per
2401 3192 28 22 lb.

1897 3219 88 22 Cigars
2315 3221 33 21 2s.
2358 3226 38 22 per
2403 3219 28 21 lb.

1897 3245 83 24 Wines
2307 3247 26 22 15
2346 3253 39 22 per
2393 3247 51 21 cent

1896 3272 57 27 Tea,
1967 3273 86 28 Sugar,
2070 3274 87 27 Flour,
2174 3273 118 28 Wheat,!

1915 3299 46 23 and
1970 3299 65 23 other
2044 3301 89 27 Grain,
2143 3302 14 20 5
2165 3307 42 22 per
2215 3304 59 19 cent.
2287 3295 6 28 I
2317 3315 28 14 „•,
2383 3314 62 15 .„_.

1897 3325 40 24 All
1945 3326 64 22 other
2017 3327 109 22 Foreign
2131 3327 144 28 productions
2285 3317 13 43 f
2317 3317 30 20 ad
2356 3317 90 20 volorem
2447 3327 5 7 '

1911 3353 44 22 and
1959 3354 170 22 manufactures
2136 3355 26 21 10
2167 3362 42 20 per
2215 3359 58 18 cent.
2278 3349 15 33 J

2100 3381 188 25 EXCHANGE.

1897 3420 68 23 Bank
1973 3421 52 22 bills
2034 3429 29 14 on
2074 3421 96 23 London
2202 3409 17 44 -f
2225 3410 14 21 a
2241 3410 135 43 °**^
2378 3417 10 15 i
2396 3407 77 46 iß*f

2209 3439 11 24 L
2252 3445 40 20 per
2301 3442 60 18 cent,
2371 3440 101 25 premium*

1897 3461 36 22 On
1942 3461 90 28 Sydney
2319 3464 72 23 Ditto.

1897 3487 90 23 Private
1995 3489 51 22 bills
2296 3490 111 24 Nominal.

1918 3545 39 17 The
1967 3543 49 19 Niw
2027 3546 100 17 Zzjlt.jl.vh
2138 3548 93 17 Gazette
2237 3549 37 17 and
2284 3548 131 19 WxuLrNGioy
2425 3547 49 16 Swe-

1896 3570 12 15 ll
1910 3570 52 13 ator
1966 3566 16 17 is
1988 3567 98 20 published
2093 3572 55 17 every
2154 3569 114 22 Wednesday
2277 3570 37 17 and
2325 3569 90 21 Saturday.
2434 3566 38 18 Sub'

1894 3587 63 21 joined
1963 3591 31 12 are
2000 3588 32 15 the
2039 3589 66 16 terras:
2106 3596 23 5 —

1917 3607 64 17 Fbicx
1987 3612 24 13 of
2018 3612 42 13 thx
2067 3609 98 17 Pirn.-
2165 3610 56 22 Forty
2226 3611 83 21 shillings
2314 3615 34 17 per
2357 3614 70 14 annum,
2436 3610 37 18 pay-

1896 3628 40 17 able
1942 3628 20 17 in
1968 3629 81 17 adrance
2054 3635 5 14 ;
2070 3634 21 13 or
2098 3630 86 22 sixpence
2190 3632 30 17 for
2225 3632 59 22 single
2295 3633 92 16 numbers.

1917 3649 158 18 Advertisements
2080 3651 41 17 \rill
2126 3653 33 16 not
2164 3656 68 18 appear
2240 3653 20 17 in
2270 3654 32 16 the
2311 3656 79 17 ensuing
2399 3650 67 18 number

1896 3670 17 17 if
1921 3670 83 17 received
2009 3671 49 17 later
2063 3671 47 18 than
2121 3673 21 16 10
2148 3672 75 21 o'clock,
2230 3678 47 16 a.m.,
2284 3678 24 12 on
2315 3674 32 16 the
2353 3672 85 19 mornings
2444 3670 27 15 be-

1895 3691 39 17 fore
1947 3691 120 22 publication.
2088 3693 160 18 Advertisements
2260 3694 37 17 will
2305 3695 25 16 be
2340 3692 93 18 continued
2439 3688 31 18 and

1896 3711 78 21 charged
1985 3712 49 17 until
2042 3715 162 17 counter-ordered
2207 3721 5 15 ;
2216 3725 4 4 >
2223 3715 45 17 such
2274 3715 53 17 order
2331 3715 50 16 must
2387 3715 21 15 be
2411 3711 38 18 sent
2455 3711 17 14 to

1896 3732 31 17 the
1936 3733 56 17 Office
2003 3735 43 15 two,
2059 3734 51 21 days-
2123 3736 62 17 before
2194 3736 117 21 publication,
2321 3736 37 16 and
2368 3734 48 17 must
2425 3733 19 16 be
2452 3730 17 16 ia

1895 3753 80 21 writing..
1997 3753 160 20 Advertisements
2169 3757 84 16 received
2269 3756 52 22 after
2338 3756 22 17 10
2375 3753 62 18 o'clock
2449 3754 21 13 on

1896 3773 84 22 Tuesday
1992 3775 37 17 and
2039 3774 68 23 Friday
2117 3777 94 21 mornings
2221 3776 38 17 will
2267 3776 26 17 tw
2300 3775 79 22 charged
2388 3774 47 18 twics
2443 3771 27 17 tb*

1896 3795 54 17 usual
1955 3796 54 16 rates.
2315 3803 12 4 -

1917 3816 31 17 All
1953 3816 67 19 orders,
2030 3816 161 21 advertisements,
2201 3817 38 18 and
2248 3816 161 19 communications
2418 3817 17 14 to
2444 3814 28 16 »•

1896 3837 70 19 Editor,
1971 3841 31 12 are
2007 3838 101 19 requested
2112 3840 21 16 to
2139 3840 22 16 be
2166 3838 98 18 addressed
2269 3839 20 15 to
2295 3838 38 16 this
2338 3838 61 17 Office.

181 122 87 21 Town
286 120 31 21 of
329 120 169 21 Manewatu.

43 155 97 50 THE
162 153 214 24 PROPRIETORS
400 154 25 21 of
449 152 40 23 the
509 152 61 22 three
586 152 49 21 first

135 181 87 23 choices
237 183 24 19 at
268 181 40 21 the
327 180 43 22 last
384 180 107 22 selection
501 178 31 23 of'
539 181 95 25 country

43 208 74 27 lands,
129 207 84 27 having
230 207 147 24 determined,
384 213 62 20 upon
462 206 39 21 the
516 205 40 23 site
567 205 39 23 for
621 211 14 15 a

59 241 94 23 TOWN
169 240 122 23 ON/THE
306 239 190 25 MANEWATU
510 237 106 28 RIVER;

45 268 58 22 after
106 268 80 21 several
193 268 60 20 visits
262 270 23 19 to
294 267 39 23 the
341 265 187 32 neighbourhood,
537 265 49 22 and
595 264 39 23 the

44 297 59 20 most
109 303 4 2 '
121 293 87 24 careful
226 293 44 24 and
289 294 84 22 minute
392 291 151 23 examination
557 291 27 22 of
596 291 38 22 the

45 325 72 18 oiitire
134 321 92 27 district;,
240 320 68 23 aided
323 320 30 27 by
362 319 38 22 the
416 317 147 30 professional
574 317 58 28 •kill,

42 347 141 28 knowledge,
203 347 45 23 and
261 347 132 28 experience
408 345 32 22 of'
444 343 39 24 the
498 347 60 20 most
572 351 63 16 com-

44 377 79 25 petent
130 374 89 28 judges,
234 380 93 22 propose
342 376 24 18 to
381 371 55 23 offer
446 371 34 23 for
496 371 104 28 diipoial,
610 374 25 20 at

195 401 38 22 the
246 402 90 26 present
344 399 62 26 time,
417 397 69 23 about

45 431 219 24 TWENTY-FIVE
299 430 107 25 ACRES,
445 429 36 22 IN
518 429 117 23 ALLOT-

46 459 114 26 MENTS,
177 458 83 23 EACH
281 456 41 23 OF
346 456 64 22 ONE
430 455 150 26 QUARTER
595 456 39 22 OF

262 482 45 23 AN
323 482 90 22 ACRE.
441 481 4 5 *

71 512 48 22 Th«
129 514 48 26 spot
186 510 50 22 thus
245 509 101 22 selected
355 515 112 22 possesses
474 508 39 23 the
523 512 58 19 most
595 515 40 16 ex-
642 526 2 4 .

43 538 87 23 tensive
144 538 101 26 frontage
259 539 23 19 to
299 536 57 28 deep
369 539 68 18 water
451 535 29 22 of
489 542 43 26 any
548 543 29 14 on
596 536 38 21 the

43 565 66 22 river.
139 564 22 23 It
178 564 27 21 is'
216 562 96 23 situated
329 562 47 22 iust
387 565 23 19 at
426 562 49 22 that
494 562 62 27 point
574 562 59 23 from

108 590 72 23 which
189 597 15 15 a
212 590 53 22 road
277 589 73 22 would
360 588 84 23 branch
455 588 34 23 off
495 592 23 19 to
528 588 37 23 the

43 625 98 15 WOODED
163 625 47 14 AMD
231 623 98 16 FERTILE
349 623 118 14 DISTRICTS
489 623 74 14 ALONG
588 623 45 15 THE

216 651 53 14 BASE
285 651 28 13 OF
327 650 46 14 THE
388 650 75 19 HILLS,

44 671 46 22 and
102 670 70 23 above
182 670 73 23 which
264 670 44 21 the'
317 669 129 27 navigation
459 669 36 22 for
504 668 82 23 vessels
595 668 39 23 be-

45 705 75 15 oomes
130 698 86 25 tedious,
226 698 24 25 if
254 698 38 19 not
301 697 88 26 difficult
426 696 22 21 Tt
456 696 17 21 is
480 695 108 22 therefore
595 695 38 22 the

243 724 64 27 point
316 724 73 21 whore
400 722 36 22 the

45 758 90 24 LAND
150 758 69 23 AND
232 757 114 22 WATER
362 755 162 23 CARRIAGE
538 755 87 25 MEET

40 789 50 22 ■and
100 789 73 22 where
181 797 15 14 a
205 789 68 21 Town
291 796 60 16 must
368 795 28 14 be
411 795 91 14 formed
519 787 65 22 when
595 787 38 22 the

45 816 86 21 district
146 815 19 22 is
174 815 87 22 settled.
291 815 22 21 It
322 822 45 15 was
377 814 97 22 selected
490 814 30 27 by
530 814 37 22 the
580 815 53 21 Sur-

43 841 83 29 veying
136 841 59 22 Staff
206 848 24 15 as
240 841 37 22 the
287 841 137 22 rendezvous
433 841 38 22 for
484 840 59 22 their
555 840 62 28 body
626 849 6 19 ;

45 869 45 22 and
99 869 40 22 has
148 869 58 21 been
216 876 49 14 now
278 868 79 27 found,
367 868 57 22 after
435 867 87 23 several
537 867 97 22 months'

43 895 106 27 location,
160 899 22 18 to
196 895 28 22 be
233 894 37 22 the
280 898 59 19 most
353 895 167 26 advantageous
529 894 104 28 position,

43 922 59 22 from
118 922 29 21 its
161 921 98 29 peculiar
278 922 87 27 facility
381 921 27 22 of
417 919 113 30 approach
539 921 56 21 both
603 921 31 28 by

43 949 57 22 land
109 949 46 22 and
163 952 73 19 water.

74 976 28 22 In
113 975 152 22 confirmation
275 975 27 21 of
308 975 38 22 the
356 973 131 29 superiority
497 974 26 22 of
531 973 43 23 this
584 976 51 25 spot

44 1009 55 16 over
108 1009 45 21 any
162 1003 63 25 other
233 1006 38 24 yet
279 1002 91 26 known,
382 1001 37 22 the
430 1001 91 22 Messrs.
529 1001 104 26 Kebbell,

45 1029 59 22 after
121 1029 38 22 the
179 1029 150 22 examination
345 1029 27 21 of
387 1027 37 23 the
443 1028 60 21 river
519 1027 57 22 from
595 1027 38 22 the

45 1055 91 22 Paneiri
146 1056 46 22 Pah
203 1059 22 18 to
235 1056 27 22 its
272 1055 87 27 mouth,
370 1054 140 23 determined
523 1062 30 14 on
562 1058 72 18 erect-

283 1083 40 26 ing
336 1082 59 22 their
403 1094 5 6 >■

43 1116 70 22 SAW
129 1116 79 22 MILL
229 1114 231 23 IMMEDIATELY
475 1114 158 22 OPPOSITE.

43 1149 51 22 The
112 1149 70 22 works
200 1149 26 22 of
240 1149 50 22 that
308 1149 169 21 establishment
495 1156 37 14 are
551 1151 24 19 at
590 1148 45 22 this

45 1180 101 18 moment
163 1176 24 22 in
202 1176 63 28 rapid
271 1182 117 26 -progress,
406 1175 44 22 and
469 1175 38 22 the
525 1175 109 28 proposed
642 1178 2 24 j

45 1203 71 22 Town
125 1203 45 22 will
179 1203 134 26 necessarily
318 1197 92 33 partake
416 1202 26 21 of
448 1202 44 21 this
501 1201 132 28 advantage.

73 1236 50 22 The
142 1236 91 22 nucleus
248 1235 25 22 of
289 1243 13 14 a
321 1236 69 21 Town
405 1235 26 27 is,
441 1235 25 22 in
480 1235 51 27 fact,
543 1234 92 29 already

44 1262 99 26 created,
152 1262 30 28 by
192 1262 37 22 the
239 1262 166 22 concentration
421 1262 26 21 of
460 1261 38 22 the
509 1262 126 28 Surveying

46 1290 60 21 Staff
112 1297 29 14 on
151 1289 47 22 that
208 1293 55 23 spot,
274 1297 25 13 as
308 1289 38 21 the
356 1292 74 18 centre
446 1288 27 22 of
483 1289 151 21 communica-

45 1316 49 22 tion
104 1319 23 19 to
137 1316 38 22 the
184 1316 149 27 surrounding
342 1315 86 22 district
434 1323 5 19 ;
456 1315 38 22 the
504 1316 97 21 erection
612 1316 26 21 of

47 1344 92 21 Messrs.
150 1343 114 22 Kebbell's
280 1344 50 20 Saw
346 1342 63 22 Mills
426 1342 97 25 opposite
531 1350 5 20 ;
553 1342 30 28 by
597 1342 38 22 the

46 1373 166 24 arrangements
226 1370 33 20 for
273 1377 30 13 an
321 1370 113 20 extensive
446 1368 98 22 General
556 1370 63 20 Store
628 1377 5 19 ;

45 1396 48 22 and
101 1397 31 26 by
139 1396 37 22 the
185 1396 44 22 late
238 1396 135 31 application
379 1396 34 21 for
422 1403 14 14 a
442 1395 109 23 Licensed
557 1396 77 21 House

45 1430 30 14 on
85 1423 37 22 the
128 1427 52 28 part
189 1424 26 20 of
226 1430 29 14 an
264 1422 125 22 individual
403 1422 49 22 who
468 1423 47 27 has,
525 1422 61 22 since
597 1422 38 22 the

44 1450 120 22 formation
181 1450 26 22 of
222 1450 37 21 the
275 1449 93 27 Colony,
384 1449 96 28 pursued
497 1457 14 14 a
529 1450 106 22 lucrative

45 1477 65 21 trade
121 1476 53 22 with
182 1476 37 22 the
229 1476 94 26 natives,
336 1476 45 21 and
391 1476 73 21 whose
475 1476 130 27 knowledge
614 1477 24 21 of

45 1504 40 21 the
95 1503 135 27 advantages
240 1503 25 21 of
271 1503 39 21 the
320 1503 101 27 position,
429 1503 118 27 prompted
556 1503 46 21 him
614 1507 23 17 at

45 1537 58 15 once
114 1534 23 18 to
144 1531 73 26 prefer
227 1530 48 21 that
288 1530 143 26 application.

73 1557 49 22 The
132 1557 93 21 Natives
238 1557 30 27 by
277 1556 74 22 whom
368 1556 43 21 this
421 1556 54 22 land
486 1563 44 15 was
539 1557 96 21 claimed

45 1590 40 15 are
95 1584 61 27 quite
166 1583 107 28 prepared
282 1587 22 17 to
313 1583 50 27 give
370 1590 31 20 up
408 1584 130 26 possession,
546 1584 45 21 and
597 1591 38 15 are

45 1610 146 28 •xceedingly
202 1610 93 22 anxious
309 1613 23 18 to
346 1610 58 21 have
413 1617 14 14 a
437 1610 118 28 European
564 1618 71 20 popu-

43 1638 71 21 lation
125 1644 81 20 among
216 1637 67 26 them,
295 1636 84 28 having
396 1637 56 21 been
461 1644 60 20 upon
531 1637 36 21 the
577 1641 59 18 most

43 1664 99 27 friendly
149 1664 86 26 footing
244 1663 53 22 with
306 1664 38 20 the
356 1664 126 27 Surveying
492 1664 58 21 Staff
555 1664 81 27 during

41 1691 42 22 the
92 1691 50 22 four
151 1698 25 14 or
184 1691 43 21 five
236 1690 91 22 months
336 1690 53 28 they
409 1690 57 22 have
482 1691 56 21 been
548 1690 88 23 located

41 1718 75 23 there.

73 1745 34 21 As
117 1744 36 22 the
162 1744 137 27 Proprietors
308 1751 94 20 purpose
412 1747 21 18 to
443 1744 87 27 dispose
541 1745 26 21 of
572 1745 42 21 but
622 1752 14 14 a

42 1771 89 23 limited
146 1771 87 27 portion
250 1771 26 21 of
287 1770 39 22 the
339 1771 70 22 Town
424 1774 25 18 at
466 1774 95 26 present,
581 1771 54 34 they

42 1798 82 29 pledge
134 1798 132 22 themselves
274 1798 56 26 that,
341 1801 23 17 at
373 1804 30 15 no
421 1798 73 22 future
504 1798 63 27 sales,
578 1798 57 23 shall

43 1825 42 23 the
95 1826 127 22 allotments
231 1825 27 21 be
267 1827 41 25 put
314 1831 30 21 up
354 1827 23 19 at
386 1832 14 14 a
410 1822 45 24 Jess
465 1832 50 15 sum
523 1825 54 22 than
587 1833 49 15 now

45 1852 92 23 offered.

72 1880 23 23 A
114 1880 131 26 Prospectus
264 1878 46 22 and
329 1878 56 22 Plan
407 1879 25 21 of
446 1879 37 21 the
502 1879 67 21 Town
590 1879 45 23 will

43 1906 88 28 ahortly
140 1907 28 21 be
177 1905 68 28 ready
253 1905 36 21 for
297 1905 124 27 inspection
437 1908 22 19 at
473 1905 38 22 the
522 1905 80 23 Offices
613 1907 25 21 of

45 1934 92 22 Messrs.
149 1932 68 22 Waitt
225 1932 46 22 and
280 1932 78 27 Tyser,
368 1933 32 21 Te
410 1933 54 21 Aro.

73 1965 146 25 Wellington.
231 1964 64 22 April
305 1966 34 22 22.
350 1965 60 21 1842.

44 2010 124 26 Country
181 2010 126 21 Sections
324 2010 46 21 for
389 2009 60 21 Sale
471 2015 37 15 on
527 2010 108 22 Liberal

252 2037 2 5 '
290 2036 103 21 Terms.

47 2062 164 50 SEVERAL
245 2062 103 22 Sections
376 2064 26 21 of
433 2063 100 28 Country
561 2063 73 29 Land,

111 2088 90 29 already
211 2088 82 24 chosen
302 2090 25 21 in
337 2090 39 21 the
389 2090 93 22 Porirua
497 2090 92 28 district,
600 2092 35 21 for

45 2117 59 27 Sale,
115 2123 74 16 terms
198 2123 106 15 liberal.
335 2116 76 29 Apply
419 2121 24 18 to

141 2143 24 22 F.
180 2143 29 22 A.
223 2143 173 28 Molesworth,
412 2144 186 28 Murphy-stre«t,
610 2152 25 15 or

139 2170 36 21 W.
190 2170 29 21 V.
233 2170 108 28 Brewer,
353 2170 196 23 Manners-street.
642 2166 2 35 j

217 2216 65 22 Just
302 2217 159 26 Published,

45 2252 92 49 THE
162 2251 214 23 WELLINGTON
398 2252 183 23 ALMANACK
599 2253 36 23 for

120 2279 68 23 1843:

276 2314 126 14 CONTENTS.

71 2333 108 23 Weather
201 2333 77 27 Table,
300 2333 79 27 Cycles
400 2333 45 23 and
468 2333 167 23 Astronomical

42 2361 122 27 Numbers,
178 2360 117 27 Calendar,
312 2360 138 23 Gardener's
465 2361 45 21 and
524 2361 111 23 Farmer's

43 2388 117 27 Calendar,
172 2387 184 27 Meteorological
369 2387 69 22 Table
448 2387 35 22 for
499 2389 60 26 1840,
570 2389 63 26 1841,

43 2415 47 22 and
99 2416 61 26 1842,
172 2414 97 28 Eclipses
280 2412 28 24 of
314 2413 37 23 the
362 2414 47 22 Sun
419 2413 47 23 and
482 2414 78 28 Moon,
577 2415 58 22 New

43 2441 102 23 Zealand
160 2442 122 26 Company,
294 2441 54 22 Post
363 2440 72 22 Office
445 2441 146 28 Regulations
600 2442 35 22 for

42 2468 60 22 New
113 2467 106 28 Zealand,
231 2467 57 23 Civil
304 2467 186 28 Establishment,
503 2468 57 22 Fees
569 2469 65 22 Land

44 2495 92 23 Claims'
161 2495 77 26 Office,
264 2495 55 22 Post
341 2494 71 23 Office
413 2506 28 5 —
442 2495 101 23 Colonial
570 2495 64 28 Law,

43 2522 77 22 Police
146 2521 71 23 Office
217 2533 28 4 —
246 2521 67 28 Petty
337 2522 108 28 Sessions,
476 2522 112 28 Holidayt
612 2526 23 19 at
642 2520 2 35 j

48 2547 77 25 Public
135 2549 89 27 Offices,
235 2549 112 23 Discount
356 2549 70 28 Days.

252 2581 74 24 Price
341 2584 31 21 Is.
388 2582 36 23 6d.

194 2635 141 22 Situation
356 2635 127 22 Wanted.

44 2662 98 50 TWO
156 2668 77 22 young
247 2669 59 20 men,
320 2662 49 28 just
384 2662 89 23 arrived
482 2662 30 28 by
522 2662 38 22 the
569 2663 66 26 Mary

141 2689 58 22 from
219 2688 108 28 London,
346 2696 38 15 are
403 2688 94 24 anxious
516 2692 23 19 to
558 2690 78 21 obtain

42 2714 124 28 lituations,
177 2715 47 22 and
240 2715 46 22 will
302 2716 29 22 be
346 2716 71 22 found
433 2716 86 27 willing
532 2719 24 18 to
567 2716 68 23 make

43 2742 136 22 themselves
198 2742 117 28 generally
334 2742 80 23 useful.
449 2742 44 23 For
511 2742 123 28 reference,

48 2769 68 28 apply
125 2772 23 19 to
158 2768 37 23 the
205 2768 162 28 undersigned.

391 2796 96 22 Samuel
501 2796 36 23 Re
539 2804 66 15 vans.

270 2841 55 21 For
340 2841 70 25 Sale,

47 2874 93 51 THE
156 2874 143 23 COTTAGE
314 2874 96 25 situated
419 2875 24 23 in
461 2876 99 22 Oriental
577 2876 58 28 Bay,

122 2901 45 23 and
181 2902 69 28 lately
257 2902 109 28 occupied
380 2902 31 28 by
420 2902 38 23 the
475 2902 160 28 undersigned.

45 2929 23 22 A
154 2928 59 23 lease
222 2937 2 4 '
231 2929 26 22 of
272 2928 40 23 the
327 2929 85 22 section
425 2936 60 22 upon
504 2930 73 23 which
597 2930 38 22 the

44 2955 71 23 bouse
125 2956 75 22 stands
210 2956 44 23 will
262 2956 29 22 be
300 2956 104 28 granted.

72 2982 70 23 Town
151 2982 54 23 land
214 2982 45 23 will
266 2983 30 22 be
304 2983 70 22 taken
383 2984 24 22 in
416 2983 123 29 exchange.

73 3010 43 22 For
125 3009 84 23 further
217 3010 137 28 particulars,
366 3010 68 29 apply
442 3013 24 20 to

369 3044 98 23 George
480 3045 89 25 Dupr-A,
584 3052 25 14 or

368 3071 37 21 W.
419 3071 30 22 V.
464 3071 102 23 Brewer

125 3133 4 9 ,
180 3136 7 5 ,
214 3116 52 25 .W.
283 3116 34 23 M.
334 3116 107 27 SMITH,

46 3162 58 15 LATE
115 3161 237 15 SURVEYOR-GENERAL
363 3162 28 14 TO
403 3162 46 14 TUE
464 3162 51 15 NEW
530 3162 105 15 BBALAMD

282 3188 116 20 COMPANY,

75 3219 142 25 Surveyor,
231 3219 214 27 Draughtsman,
459 3220 56 20 and
529 3220 78 22 Land

290 3247 103 26 Agent.

45 3280 178 28 Tinakori-road,
235 3281 101 29 January
347 3283 22 26 4,
381 3284 62 22 1843.

116 3334 44 21 Ex
199 3334 76 26 Tyne
312 3336 57 20 and
383 3337 17 12 •«

48 3367 74 50 ON
150 3366 85 27 SALE,
259 3367 89 22 bottled
377 3369 72 27 fruits,
473 3369 87 28 raisins,
590 3370 46 23 and

127 3396 108 25 currants,
402 3410 17 4 -.
448 3409 3 3 .

76 3421 136 26 Carroways,
224 3423 113 24 nutmegs,
348 3421 81 28 cloves,
440 3422 40 23 &c.
492 3436 4 4 ■

76 3447 58 28 Split
142 3454 61 21 peas,
214 3448 104 26 oatmeal,
330 3448 81 22 Scotch
423 3447 87 34 barley,
520 3450 43 22 and
572 3457 64 21 sago,

75 3474 111 22 Hambro'
196 3474 46 22 and
253 3473 60 23 Irish
322 3474 57 28 pork
386 3475 26 21 in
421 3475 93 28 barreli,

196 3501 56 22 beef
256 3501 24 22 in
291 3501 88 32 tierces,

75 3527 97 28 English
180 3528 72 22 bacon
263 3528 65 27 (very
339 3528 64 27 ane),

75 3555 61 24 Loaf
142 3555 45 22 and
196 3551 77 26 Dutch
283 3555 89 26 cheese,

64 3581 90 23 'Prints'
159 3583 23 20 in
186 3582 69 27 'great
264 3581 94 28 variety,
391 3593 5 3 -
551 3586 4 3 '
580 3587 3 3 '

76 3609 83 27 Strong
167 3609 65 22 boots
242 3608 45 23 and
297 3608 73 27 shoes,
381 3609 41 21 &c

436 3642 31 22 D.
483 3643 22 22 S.
522 3643 85 23 Dvrie.

75 3670 90 26 August
174 3671 36 24 29,
221 3671 59 20 1845.

119 3716 53 20 For
187 3715 71 26 Sale,
273 3716 93 25 Seeds,
382 3721 35 15 ex

47 3749 94 47 JUST
165 3748 110 27 received,
296 3756 14 14 a
334 3748 103 23 valuable
459 3752 136 20 assortment
614 3751 26 21 of

111 3775 61 22 fresh
182 3775 69 23 Seeds
260 3776 60 22 from
331 3776 102 22 London.

228 3809 79 28 Office,
320 3810 90 27 August
419 3810 34 27 11,
466 3811 61 21 1843.

200 3868 6 4 -
237 3855 86 22 Fresh
339 3856 105 26 Butter,

48 3887 164 49 ALWAYS
228 3895 27 15 on
271 3889 51 22 Sale
338 3892 24 19 at
378 3889 38 24 the
426 3890 66 23 Meat
503 3890 134 30 Company's

129 3914 114 27 premises.

321 3942 37 22 W.
372 3943 104 28 Flygxb,
492 3944 117 28 Manager.

1457 119 115 20 Gazette
1588 119 90 20 Office.

1272 151 201 23 STATIONERY
1487 151 197 23 WHOLESALE
1698 152 21 21 &
1735 151 125 23 RETAIL.

1271 185 90 50 WE
1383 185 45 28 beg
1449 187 23 20 to
1495 192 118 16 announce
1632 185 38 22 the
1691 185 88 28 arrival,
1799 181 63 26 'from

1367 212 113 32 England,
1491 212 26 22 of
1524 211 39 23 the
1578 212 49 22 first
1635 215 51 24 part
1693 212 26 22 of
1727 218 42 26 pur
1784 215 79 19 exten-

1272 238 47 23 sive
1327 238 77 23 orders
1412 239 25 22 in
1447 239 44 22 this
1500 239 145 28 department
1653 239 26 22 of
1685 239 112 22 business:

1272 265 64 22 stock
1345 265 93 28 already
1447 266 93 22 consists
1555 267 27 20 of
1594 273 66 19 every
1670 265 75 22 article
1760 264 103 29 required

1272 291 36 23 for
1322 292 98 27 Schools,
1438 292 87 27 Banks,.
1536 293 87 27 Cojjrts,
1635 288 60 27 Xaw
1710 292 90 24 Offices,
1819 291 45 22 and

1272 317 92 29 Artists,
1374 319 41 22 &c.
1424 326 6 20 ;
1445 319 75 22 whilst
1529 319 37 22 the
1584 319 138 22 ornamental
1731 318 45 22 and
1793 314 70 26 draw-

1273 345 39 27 ing
1324 352 64 16 room
1402 345 129 28 stationery'
1541 345 41 23 has
1596 349 41 19 not
1647 343 59 25 been
1722 345 141 22 overlooked.

1272 371 49 23 The
1332 371 129 24 difficulties
1470 372 117 28 attending
1595 371 39 23 the
1644 372 47 22 first
1697 371 168 23 establishment

1273 398 84 28 having
1365 399 59 22 been
1440 406 123 21 overcome,
1574 398 46 23 and
1630 406 67 21 every
1712 398 81 23 arrival
1809 398 56 22 from

1274 425 107 27 England
1398 425 84 28 adding
1498 426 60 22 fresh
1574 425 112 23 additions
1697 428 25 20 to
1738 432 40 15 our
1793 425 70 27 stock,

1274 452 52 25 will,
1334 452 82 22 enable
1426 460 32 16 .us
1466 456 24 20 to
1505 453 83 22 reduce
1605 460 41 15 our
1660 453 93 26 charges
1762 459 30 15 on
1807 456 59 18 most

1275 479 89 22 articles
1372 483 25 18 at
1404 479 60 22 least
1471 481 28 21 50
1506 487 41 20 per
1556 484 60 18 cent.

1303 512 157 28 Storekeepers
1477 511 43 23 and
1539 511 119 23 wholesale
1677 510 86 23 dealers
1781 517 43 16 can
1836 510 29 22 be

1275 538 103 28 supplied
1393 541 23 20 to
1431 545 44 21 any
1484 541 85 23 extent,
1588 538 44 22 and
1648 545 29 15 on
1694 542 68 17 terms
1777 536 88 30 equally

1275 564 167 28 advantageous
1451 569 23 18 to
1484 572 45 20 any
1536 565 107 22 obtained
1651 565 24 22 in
1686 562 96 30 Sydney,

1303 592 98 27 Writing
1411 595 82 25 paper,'

1305 618 115 28 Imperial,

1303 646 82 27 Royal,
1490 668 4 10 f

1303 672 117 27 Foolscap,
1432 672 90 23 various
1532 672 112 28 qualities,

1267 704 3 5 '
1305 699 73 27 Large
1388 697 62 24 thick
1459 702 56 26 post,
1525 706 63 15 wove
1599 702 43 20 aha
1653 698 52 27 laid,

1304 726 60 22 Note
1505 747 4 2 .

1305 753 94 27 Playing
1407 754 72 26 cards,
1491 752 107 23 coloured
1606 753 44 22 and
1659 752 54 28 gold
1721 752 79 26 backs,
1808 759 3 3 '

1305 780 61 28 Copy
1379 780 77 28 books,
1487 801 10 7 ,

1305 806 71 23 Black
1385 807 52 25 lead
1445 806 94 29 pencils,
1607 829 4 5 ,
1640 829 4 6 ,

1305 833 68 23 India
1381 834 89 28 rubber,
1480 833 70 22 bottle
1561 832 46 24 and
1616 834 85 28 patent,

1305 860 69 28 Ivory
1383 860 83 22 folders
1474 860 45 22 and
1531 860 88 27 knives,

1305 887 47 22 Pen
1362 887 86 27 knives,

1305 914 88 27 Rulers,
1403 921 58 21 copy
1469 912 77 28 books,

1305 940 75 23 Blank
1390 940 51 23 bills
1451 940 26 23 of
1483 940 123 28 exchange^

1305 968 77 22 Letter
1392 967 46 22 and
1447 967 41 22 bill
1496 967 56 27 flies,

1306 994 44 22 Ink
1360 994 45 22 and
1414 994 41 22 ink
1465 994 107 28 powders,

1305 1021 76 22 Bibles
1392 1021 46 22 and
1446 1023 138 25 testaments,

1305 1048 99 27 Spelling
1412 1048 77 27 books,
1500 1048 97 27 various,

1305 1075 104 27 Primers,

1305 1102 127 22 Children's
1441 1101 70 23 books
1519 1102 24 21 in
1552 1103 65 25 great
1625 1100 92 28 variety,

1305 1129 74 22 Blank
1394 1129 174 21 Custom-house
1585 1128 74 26 forms,
1671 1128 34 22 for
1719 1128 146 26 auctioneers,

1277 1155 46 22 and
1332 1156 31 22 all
1372 1155 38 23 the
1420 1156 64 22 other
1494 1155 174 23 Custom-hoUio
1684 1159 68 17 torms
1762 1155 35 22 for
1809 1162 57 15 mer-
1874 1155 2 27 j

1277 1182 87 27 chants,

1305 1210 116 22 Seamen's
1430 1209 99 22 advance
1539 1211 72 24 notes,

1305 1237 116 21 Seamen's
1430 1233 88 25 articles
1529 1236 25 22 of
1561 1238 136 25 agreement,

1306 1263 137 27 Log-books,

1305 1290 75 22 Blank
1391 1291 67 25 writs,

1305 1317 136 22 Parchment
1449 1317 33 22 for
1490 1316 75 28 deeds,

1306 1344 80 27 Quills,

1303 1371 61 22 Thin
1372 1374 58 24 post,
1442 1371 63 27 ditto,

1304 1397 57 23 Fine
1370 1398 54 22 bath
1435 1401 57 24 post,
1502 1397 48 27 gilt,

1304 1425 89 22 Double
1409 1425 111 27 elephant,
1532 1424 148 28 antiquarian,
1696 1424 110 27 imperial,
1822 1424 45 23 and

1276 1452 63 27 royal
1349 1452 101 27 drawing
1460 1458 74 21 paper,

1304 1479 91 27 Oblong
1404 1478 92 33 clasped
1504 1477 173 23 memorandum
1686 1477 79 28 books,

1303 1505 89 23 French
1400 1506 90 26 tracing
1498 1512 76 26 paper,
1874 1504 2 34 j

1303 1533 90 22 Ladies'
1404 1532 45 22 and
1459 1532 147 28 gentlemen's
1618 1532 54 22 card
1682 1539 68 20 cases,
1874 1534 2 22 j

1303 1559 64 23 Ditto
1433 1559 37 22 do.
1530 1559 72 22 tinted
1613 1559 44 21 and
1667 1558 116 23 embossed
1793 1559 71 26 cards,
1874 1554 2 28 I

1304 1587 96 27 Sponge,
1412 1587 79 21 wafers
1500 1586 22 22 in
1534 1587 12 21 2
1557 1593 35 15 oz.
1603 1586 76 27 boxes,

1303 1613 71 23 Black
1395 1613 56 28 edge
1470 1613 45 22 and
1533 1613 114 22 bordered
1666 1617 52 18 note
1735 1613 46 21 and
1800 1613 67 21 letter

1275 1646 77 21 paper,

1304 1667 92 22 Invoice
1404 1667 79 27 books,
1495 1666 53 22 with
1557 1667 102 26 indexes,
1671 1666 88 22 various
1767 1665 64 28 sizes,

1304 1694 58 22 Cash
1372 1695 79 26 books,
1461 1694 65 22 ruled
1536 1693 90 28 double,
1636 1694 89 22 various
1735 1693 57 23 sizes

1304 1721 134 28 Envelopes,

1304 1748 88 22 Pewter
1400 1747 126 27 inkstands,

1303 1775 87 27 Ebony.
1393 1775 124 27 inkstands,
1526 1774 56 24 .with
1592 1775 101 26 drawers,

1303 1802 74 22 Broad
1389 1801 44 23 and
1442 1809 85 15 narrow
1537 1809 70 20 green
1616 1801 42 23 silk
1671 1801 85 27 ribbon,

1303 1829 65 22 Brief
1376 1829 45 21 and
1432 1829 57 21 deed
1498 1836 74 20 paper,
1874 1824 2 36 j

1303 1855 75 23 Ruled
1387 1863 69 20 paper
1466 1856 33 21 for
1508 1855 40 22 bill
1557 1855 78 25 heads,

1303 1883 73 26 Royal
1393 1883 68 26 hand,
1473 1882 81 22 double
1572 1882 63 23 hand
1650 1883 83 26 brown,
1751 1882 45 22 and
1805 1882 62 27 royal

1275 1910 76 21 brown
1362 1909 115 28 wrapping
1485 1917 76 20 paper,

1303 1936 99 27 Ledgers
1413 1936 45 22 and
1468 1940 96 18 account
1572 1936 79 27 books,
1662 1937 88 21 various
1760 1937 63 25 sizes,

1303 1963 83 22 Pocket
1395 1963 87 26 ledgers
1492 1963 44 21 and
1546 1963 171 22 memorandum
1726 1963 78 26 books,

1266 2001 5 4 '
1303 1989 120 26 Engraved
1433 1996 57 20 copy
1497 1989 53 27 slfps
1560 1989 47 21 and
1616 1989 77 26 books,

1304 2016 52 22 Best
1365 2015 80 22 Welch
1455 2018 66 19 slates
1538 2015 63 27 large
1609 2015 44 21 and
1663 2015 70 28 small,

1303 2043 110 21 Coloured
1421 2050 88 20 papers,

1528 2093 91 21 Seeds.

1277 2128 73 49 ON
1361 2128 86 27 SALE,
1459 2130 21 19 at
1491 2128 37 22 the
1538 2128 87 20 Gazette
1630 2128 78 27 Office,
1716 2128 24 21 in
1746 2127 121 28 quantities

1355 2158 23 18 to
1385 2155 45 22 suit
1439 2154 138 28 purchasers,
1589 2154 37 23 the
1637 2154 113 28 following
1759 2154 64 23 seeds
1831 2162 5 14 :
1839 2165 28 5 —

1303 2188 76 23 Sword
1390 2188 108 28 long-pod
1507 2189 65 26 bean,

1303 2220 122 28 Long-pod
1434 2221 65 27 bean,

1305 2254 110 28 Speckled
1425 2253 73 23 dwarf
1504 2253 86 30 kidney
1600 2254 65 27 bean,

1304 2286 75 24 Broad
1389 2286 67 28 bean,

1303 2318 76 22 Horse
1388 2318 68 27 bean,
1874 2311 2 33 j

1303 2350 87 23 Scarlet
1398 2357 93 20 runner,

1303 2382 69 28 Early
1381 2382 112 23 Warwick
1503 2389 49 22 pea,

1303 2414 69 28 Early
1383 2414 117 24 Mazarine
1509 2421 51 20 pea,
1874 2415 2 5 '

1303 2446 107 22 Prussian
1419 2446 53 22 blue
1482 2453 50 21 pea,
1874 2455 2 16 j

1303 2478 111 24 Nonsuch
1423 2485 49 21 pea,

1304 2510 57 23 Blue
1370 2509 103 30 imperial
1482 2517 50 21 pea,

1303 2542 96 29 Spanish
1408 2542 74 22 dwarf
1487 2549 51 21 pea,
1874 2537 2 36 j

1303 2575 73 26 Large
1386 2574 98 28 cabbage
1494 2575 93 27 lettuce,

1302 2607 135 23 Drumhead
1444 2607 100 29 cabbage
1553 2608 95 26 lettua*,

1301 2639 106 27 Cabbage
1418 2639 91 28 lettuce,

1303 2671 76 22 White
1390 2671 80 23 selesia
1477 2672 90 28 lettuce.

1303 2699 82 22 Brown
1393 2698 46 22 and
1449 2699 64 22 white
1522 2706 53 20 go»
1584 2699 91 27 ltttuev,
1874 2702 2 19 j

1303 2725 118 22 Battersea
1431 2726 107 28 cabbage,

1303 2751 133 24 Drumhead
1445 2753 108 28 cabbage,

1303 2779 50 22 Red
1363 2779 78 22 Dutch
1451 2780 106 27 cabbage,

1303 2806 96 23 Puller's
1405 2807 63 27 early
1476 2807 108 27 cabbage,

1305 2833 74 22 Vaiial
1387 2834 108 27 cabbage,

1303 2859 108 24 Prussian
1420 2860 67 23 white
1496 2861 83 28 turnip,
1585 2867 3 5 '

1270 2908 1 6 ,
1303 2887 88 24 Yellow
1399 2887 79 23 Swede
1487 2888 84 28 turnip,

1303 2914 83 32 Purple
1393 2917 39 25 top
1442 2914 77 23 Swede
1529 2914 83 29 turnip*

1303 2941 76 22 White
1389 2944 63 19 stone
1464 2942 82 28 turnip,

1304 2968 76 23 White
1389 2968 58 22 horn
1456 2969 83 27 turnip,

1304 2995 72 23 Silver
1384 2995 81 23 leaved
1473 2996 60 27 beet,

1303 3022 51 23 Red
1363 3022 59 27 beet,

1303 3048 76 23 White
1389 3049 60 27 beet,

1303 3075 110 28 Mangold
1422 3076 99 26 wurtzel,

1303 3102 143 27 Altringham
1456 3106 82 23 carrot;

1303 3129 69 28 Early
1381 3130 57 22 horn
1448 3132 95 24 carrot,..

1304 3158 65 25 Long
1378 3163 83 21 orange
1465 3175 3 7 ,
1471 3163 37 15 car
1510 3159 40 25 rot,

1304 3183 75 22 White
1390 3183 106 28 mustard,

1304 3209 83 24 Curled
1395 3217 67 20 cress,

1303 3238 65 26 Long
1377 3237 81 22 scarlet
1467 3237 74 22 radish
1538 3241 5 4 1
1542 3253 6 11 ,

1303 3264 75 23 White
1387 3264 76 28 turnip
1471 3264 82 28 radish,

1302 3291 51 23 Red
1361 3290 76 33 turnip
1445 3290 84 28 radish,

1303 3314 134 31 Strasburgh
1446 3318 76 27 onion,

1303 3344 80 23 Brown
1394 3344 98 29 Spanish
1501 3345 74 27 onion',

1303 3372 98 27 Parsnip;

1303 3398 82 23 Curled
1394 3398 97 28 parsley,

1303 3426 77 24 Green
1389 3424 78 23 curled
1479 3424 80 25 endivt

1301 3450 111 25 Batavian
1421 3451 89 28 endive,

1303 3475 68 31 Leek,

1272 3524 3 6 ,
1303 3507 136 29 Asparagus;

1303 3529 118 30 SeaJcaiT,.'

1303 3560 74 24 Globe
1386 3565 88 22 savoys.

1305 3585 81 26 Curled
1395 3586 97 29 brocoli,,
1513 3607 4 3 .

1303 3614 50 22 Red
1362 3612 59 23 solid
1428 3613 75 28 celery
1513 3614 47 22 and
1569 3614 68 23 whits
1648 3614 82 30 telary,

1305 3642 103 21 Summer
1417 3647 88 21 savory,
1654 3653 5 6 •
1679 3649 5 3 -

1304 3667 88 23 Winter
1400 3673 87 21 savory,

1304 3748 102 23 Brussels
1416 3753 96 22 sprouu,

1304 3775 95 27 Borage,

1302 3801 123 29 Angelica,

1301 3829 98 27 .Salsafy,

1304 3856 80 27 Sorell,

1271 3889 2 5 '
1306 3882 126 28 Lavender,

1270 3918 4 37 {
1285 3927 87 28 TUST
1386 3927 134 28 OPENED,
1526 3927 46 23 and
1583 3935 30 16 on
1623 3929 52 23 Sale
1683 3932 24 20 at
1715 3929 39 22 the
1764 3930 72 23 Office
1845 3931 27 22 of

1277 3958 28 18 V
1343 3954 43 22 tbia
1395 3953 79 29 Paper,
1485 3954 39 22 ink
1535 3955 78 21 stands
1622 3955 27 22 of
1656 3957 87 21 various
1752 3963 65 15 uxsa.

662 120 89 53 FOR
765 119 86 28 SALE,
866 126 28 15 ex
908 120 117 25 Margaret,
1036 119 49 26 &c,

732 147 29 20 25
774 147 78 21 tierces
861 146 56 27 beef,

688 174 13 21 3
715 176 50 19 tons
774 173 95 22 colonial
879 172 53 29 hay,
941 191 3 4 .

689 201 14 20 3
715 202 52 19 tons
776 199 62 22 Siam
847 206 78 20 sugar,.
968 216 3 6 ,
983 209 1 15 ;

679 248 2 6 ,
688 227 27 21 30
729 225 85 24 barrels
822 225 86 24 bottled
917 225 43 27 ala,

689 253 27 21 50
729 253 69 22 boxes
806 256 45 20 tea.

688 280 27 21 50
729 279 40 22 ash
782 286 57 20 oars,

688 307 28 21 30
729 308 50 20 tons
789 308 55 25 coal,
990 318 87 9 ......

689 332 59 28 Port,
759 333 83 27 sherry,
854 332 43 23 and
912 331 104 28 M*di«*
1024 331 25 23 in
1064 330 76 28 bottU,
1151 329 94 25 Ruther-

662 359 49 22 ford
720 359 46 22 and
774 359 94 27 Drury's
877 358 78 28 brand,
989 380 4 3 

690 385 100 28 Liquers,
800 386 24 22 in
833 385 73 23 dozen
915 392 69 21 ease*,

690 412 151 27 Champagne,

689 438 99 27 Brandy,
796 446 58 19 rum,
865 438 43 23 and
917 439 74 27 gin-in
1001 437 73 28 hhdi.,

688 467 27 20 30
729 468 50 19 tons
787 465 50 22 best
846 465 91 28 Sydney
945 465 76 27 .flour,.
1030 488 5 3 _

689 492 28 22 50
729 495 52 19 tons
791 491 87 23 Chilian
889 491 64 28 flour,
967 499 28 15 ex
1007 489 106 28 Cheerful.

979 531 85 23 Waitt
1078 531 44 22 and
1136 531 83 23 Tyser.

662 581 39 21 To
717 581 162 21 Gentlemen
894 580 148 28 intending
1056 582 29 20 to
1099 582 77 20 enter
1188 582 59 20 into

688 608 44 21 the
761 608 143 27 profitable
933 608 109 26 pursuit
1071 608 31 21 of
1127 608 122 26 Grassing

690 635 53 21 and
750 653 3 5 .
765 635 135 27 Breeding
918 635 94 25 Stock,
1033 634 44 22 for
1084 655 3 2 .
1095 635 91 21 which
1204 635 43 22 the

690 661 88 21 fertile
797 662 111 21 Islands
929 662 31 21 of
976 662 69 23 New
1064 662 122 21 Zealand
1204 667 44 17 are

689 695 31 15 so
734 688 153 27 peculiarly
901 689 127 26 adapted.

663 722 92 35 npHE
766 722 152 27 undersigned
927 723 44 27 beg
980 726 23 19 to
1010 722 82 23 inform
1103 722 58 23 their
1165 723 84 26 friends

670 745 29 26 X
732 749 47 22 and
795 749 38 22 the
847 749 75 25 public
937 749 124 27 generally,
1077 749 48 22 that
1142 749 53 28 they
1204 750 45 23 will

662 778 101 20 contract
786 776 35 22 for
840 773 37 25 the
902 776 100 28 delivery
1027 776 27 21 of
1074 776 37 22 the
1136 775 120 29 following'

663 802 134 28 description
810 803 27 22 of
843 802 74 28 Stock,
924 803 23 22 in
956 809 46 21 any
1012 803 54 22 Port
1075 803 25 22 of
1113 802 39 23 the
1162 804 88 23 Islands

663 830 26 21 of
694 829 57 22 New
762 829 100 22 Zealand
868 837 5 14 :
875 840 29 5 —
1098 849 3 6 ,
1113 844 9 12 

689 856 95 23 Horned
800 856 67 22 cattle
884 856 127 28 (improved
1023 856 90 27 breeds)
1129 856 27 22 of
1167 856 30 23 all
1211 856 39 23 de-

663 882 124 28 scriptions,
1113 900 3 10 1
1251 901 5 6 ,

690 911 91 25 Horses,
802 909 59 23 from
881 909 39 23 the
942 910 51 22 best
1012 909 112 28 English,
1127 909 45 23 and
1188 908 62 25 Arab

662 936 68 28 studs,
748 936 95 23 suitable
859 936 34 23 for
911 936 86 28 racing,
1012 936 84 29 saddle,
1107 944 26 15 or
1145 936 90 23 harness
1242 945 6 19 ;

662 963 45 23 and
715 963 109 27 breeding
833 971 80 19 mares,

690 990 57 22 Pure
757 990 76 22 Saxon
843 990 45 22 and
896 990 87 23 merino
994 997 65 20 ewes,
1158 1007 3 11 ,

690 1016 120 23 Half-bred
826 1017 113 22 Leicester
952 1016 47 23 and
1014 1017 87 26 merino
1120 1025 65 19 ewes,
1200 1025 50 21 par-

663 1043 103 28 ticularly
774 1044 96 28 adapted
884 1044 35 21 for
928 1043 44 22 this
982 1047 102 24 country,
1094 1051 24 15 a«
1127 1043 54 29 they
1188 1045 62 22 unite

663 1070 80 28 weight
753 1071 28 21 of
786 1078 86 15 carcass
882 1070 54 23 with
944 1071 99 22 fineness
1053 1071 27 21 of
1087 1071 63 22 wool.

689 1103 48 22 The
761 1102 150 28 undersigned
934 1110 42 14 can
1004 1103 168 22 accommodate
1198 1109 53 22 pur-

663 1130 88 22 chasers
767 1130 26 22 of
805 1129 59 23 their
873 1129 68 22 Stock
958 1129 54 22 with
1028 1130 117 22 extensive
1158 1130 93 27 grazing

663 1164 59 19 runs,
733 1156 79 22 within
822 1159 41 19 100
871 1156 65 22 miles
946 1157 26 21 of
978 1156 44 22 this
1033 1156 59 22 Port.

924 1190 34 21 W.
975 1190 26 21 B.
1017 1190 96 22 Rhode*
1127 1190 44 22 and
1186 1190 37 23 Co.

663 1236 149 21 HOLLO
821 1236 143 21 WAV'S
992 1235 256 22 OINTMENT.

771 1268 233 27 HOLLOWAY'S
1025 1268 114 27 PILLS.

664 1326 314 21 EXTRAORDINARY
988 1326 93 21 CURE
1097 1326 30 20 of
1135 1331 17 16 a
1161 1326 86 22 CASE

839 1353 229 25 ABANDONED,

664 1387 33 21 By
708 1386 98 27 GUY'S,
817 1394 46 14 the
872 1386 258 26 METROPOLITAN,
1143 1386 105 23 KING'S

713 1413 151 27 COLLEGE,
879 1421 47 14 and
941 1413 148 21 CHARING
1105 1413 91 22 CROSS

867 1440 180 22 HOSPITALS.

664 1473 51 22 This
731 1473 54 22 Fact
802 1481 45 14 was
862 1473 111 22 SWORN
992 1473 41 22 TO
1049 1472 44 23 this
1111 1472 39 23 Bth
1169 1472 43 29 day
1227 1474 25 21 of

691 1500 87 26 March,
786 1502 61 23 1842,
856 1500 78 22 before
944 1500 37 22 the
992 1500 70 27 Right
1071 1500 132 22 Honorable
1211 1500 36 22 the

692 1526 60 23 Lord
763 1527 87 27 Mayor,
861 1530 24 19 at
892 1526 39 23 the
944 1526 195 23 Mansion-house.

781 1561 142 25 Summary
944 1559 31 21 of
992 1559 138 21 Affidavit.

663 1592 103 50 WM.
781 1592 136 27 BROOKE,
933 1592 140 26 Messenger,
1092 1592 26 21 of
1128 1594 21 24 2,
1165 1592 84 22 Union-

760 1622 73 23 street,
842 1618 136 26 Southwark,
987 1618 102 25 London,
1099 1618 92 22 maketh
1197 1618 52 23 oath

664 1646 44 21 and
718 1646 65 26 saith,
801 1645 48 22 that
863 1646 28 21 he
903 1646 52 26 (this
965 1646 123 27 deponent)
1099 1652 46 15 was
1155 1645 94 23 afflicted

665 1672 50 23 with
720 1673 78 26 fifteen
807 1674 90 25 running
906 1674 68 20 ulcers
988 1679 30 15 on
1034 1672 35 21 his
1084 1672 41 21 left
1139 1679 54 21 arm,
1204 1672 45 23 and

664 1699 113 23 ulcerated
791 1707 60 15 sores
865 1700 45 21 and
928 1699 91 23 wounds
1038 1706 29 15 on
1083 1698 53 23 both
1150 1699 54 27 legs,
1214 1700 35 21 for

664 1726 72 23 which
758 1727 110 27 deponent
891 1734 43 15 was
958 1726 109 22 admitted
1091 1733 29 14 an
1145 1722 104 27 out-door

664 1753 85 27 patient
759 1758 23 17 at
791 1753 37 22 the
844 1753 159 28 Metropolitan
1019 1752 111 28 Hospital,
1141 1754 23 21 in
1175 1753 71 27 April,

665 1782 59 24 1841,
736 1777 72 26 which
818 1780 28 23 he
856 1780 117 23 continued
981 1780 34 21 for
1023 1780 78 26 nearly
1111 1780 49 21 four
1167 1780 79 22 weeks.

664 1806 88 23 Unable
769 1811 22 18 to
805 1807 87 22 receive
909 1815 13 14 a
936 1815 52 14 cure
1003 1807 70 27 there,
1085 1806 37 22 the
1138 1806 109 28 deponent

663 1834 80 27 sought
751 1834 67 22 relief
825 1838 23 18 at
857 1834 37 22 the
905 1834 62 22 three
977 1834 114 26 following
1099 1833 106 27 hospitals
1213 1841 5 15 :
1221 1845 26 5 —

665 1860 78 28 King's
753 1862 91 26 College
854 1861 104 27 Hospital
967 1861 24 22 in
999 1861 63 26 May,
1071 1861 35 21 for
1108 1862 45 25 five
1163 1862 82 26 weeks;

666 1887 70 27 Guy's
746 1888 104 28 Hospital
865 1889 23 20 in
899 1888 62 27 July,
972 1888 34 21 for
1021 1889 35 19 six
1071 1888 72 21 weeks
1150 1895 5 19 ;
1171 1888 43 22 and
1225 1892 23 18 at

665 1914 97 28 Charing
772 1916 64 21 Cross
852 1915 100 27 Hospital
969 1918 23 18 at
1005 1914 38 22 the
1054 1914 44 22 end
1113 1914 26 21 of
1152 1915 93 26 August,

663 1941 34 22 for
712 1949 62 14 some
790 1941 73 22 weeks
878 1949 74 19 more;
976 1941 73 22 which
1068 1940 113 28 deponent
1198 1942 47 25 left,

663 1968 67 26 being
738 1968 25 21 in
772 1976 14 13 a
795 1968 34 21 far
837 1975 68 14 worse
911 1968 113 21 condition
1031 1968 54 21 than
1093 1968 64 21 when
1166 1968 27 21 he
1203 1968 43 22 had

664 1994 85 27 quitted
761 1994 77 27 Guy's,
849 1994 74 21 where
938 1994 35 21 Sir
988 1994 102 26 Bransby
1100 1994 91 27 Cooper,
1202 1994 44 22 and

664 2020 61 22 other
734 2020 96 22 medical
845 2020 87 22 officers
941 2020 27 21 of
978 2020 37 22 the
1025 2020 168 22 establishment
1202 2020 44 23 had

663 2047 47 22 told
719 2047 112 27 deponent
841 2047 48 22 that
898 2047 37 22 the
945 2047 53 27 only
1009 2047 85 22 chance
1106 2048 25 21 of
1136 2049 71 25 saving
1214 2048 33 21 his

663 2074 39 26 life
713 2081 44 14 was
771 2077 21 18 to
802 2076 41 19 lose
857 2075 32 20 his
898 2081 45 14 arm
950 2077 10 18 !
988 2074 48 22 The
1053 2074 112 28 deponent
1175 2075 71 22 there-

663 2109 58 20 upon
730 2102 73 22 called
812 2109 59 21 upon
882 2102 41 22 Dr.
934 2100 85 29 Bright,
1032 2101 62 22 chief
1099 2102 115 27 physician
1225 2103 26 22 of

664 2129 78 27 Guy's,
759 2128 56 28 who,
827 2136 29 15 on
871 2129 98 27 viewing
984 2128 129 27 deponent's
1127 2128 118 28 condition;

663 2155 78 28 kindly
749 2156 45 22 and
804 2156 102 27 liberally
915 2156 55 27 said,
1066 2157 81 25 utterly
1156 2158 23 19 at
1188 2163 13 14 a
1207 2159 40 19 lots

662 2184 56 20 what
727 2185 22 19 to
760 2184 24 20 do
791 2184 42 24 for
842 2190 39 19 you
888 2186 10 18 I
911 2184 37 20 but
957 2184 49 19 here
1018 2184 19 19 is
1047 2184 186 26 half-a-sovereign
1240 2192 7 13 :

661 2217 26 20 go
697 2212 20 19 to
727 2212 45 20 Mr.
782 2212 116 26 Holloway,
910 2211 42 21 and
958 2213 37 24 try
1004 2212 57 19 what
1077 2212 61 24 effect
1151 2212 34 20 his
1192 2212 55 21 Pills

662 2238 42 21 and
714 2239 105 20 Ointment
835 2239 44 20 will
888 2239 56 26 have,
956 2245 24 14 as
988 2239 17 20 I
1010 2239 52 20 have
1064 2239 124 26 frequently
1200 2240 47 20 wit-

662 2266 70 20 nested
741 2267 35 19 the
783 2266 117 26 wonderful
908 2267 71 25 effects
991 2267 49 25 they
1049 2266 51 20 have
1110 2267 22 20 in
1141 2267 106 26 desperate

663 2300 61 14 cases.
753 2295 47 19 You
809 2300 39 14 can
858 2295 29 19 let
895 2300 33 14 me
936 2300 33 14 see
976 2299 42 21 you
1143 2293 54 25 This
1205 2301 42 15 un-

662 2320 129 28 prejudiced
798 2320 78 22 advice
885 2328 44 14 was
936 2320 104 23 followed
1047 2321 30 26 by
1085 2320 38 22 the
1129 2320 116 29 deponent,

663 2347 43 22 and
716 2355 13 14 a
738 2347 87 28 perfect
840 2354 52 16 cure
902 2347 93 23 effected
1010 2347 24 22 in
1049 2347 63 23 three
1122 2347 80 25 weeks,
1218 2347 29 28 by

663 2374 36 22 the
709 2381 38 15 use
755 2374 65 22 alone
830 2375 26 21 of
863 2374 138 28 Holloway's
1007 2373 55 23 Pills
1071 2374 45 22 and
1122 2373 123 28 Ointment,

663 2401 55 21 after
727 2401 51 23 four
793 2401 113 28 Hospitals
920 2401 45 22 had
982 2401 67 22 failed
1061 2401 5 22 !
1074 2401 6 23 !
1089 2401 5 22 !
1124 2401 73 22 When
1206 2401 40 23 Dr.

663 2427 79 28 Bright
751 2435 45 15 was
810 2427 75 23 shown
899 2428 32 27 by
941 2427 38 23 the
996 2428 119 28 deponent,
1127 2427 38 23 the
1180 2428 68 22 result

663 2455 26 21 of
695 2455 34 22 his
738 2454 80 23 advice
832 2455 46 21 and
887 2455 93 27 charity,
991 2454 29 24 he
1035 2454 55 27 said,
1200 2456 48 21 both

663 2483 113 20 astounded
790 2483 43 20 and
845 2482 104 27 delighted
955 2484 11 18 1
972 2483 44 25 for
1024 2483 16 20 I
1051 2483 88 26 thought
1150 2484 47 20 that
1205 2484 24 25 if
1235 2484 16 20 I

663 2516 45 15 ever
715 2516 45 15 saw
767 2516 42 20 you
817 2511 68 25 again,
892 2511 59 24 alive,
961 2511 18 19 it
988 2510 71 21 would
1067 2511 24 20 be
1099 2511 89 21 without
1194 2517 55 20 your

663 2544 52 15 arm.
734 2539 61 20 lean
804 2539 47 25 only
858 2544 94 20 compare
959 2538 43 20 this
1009 2544 50 14 cure
1068 2539 21 20 to
1098 2544 13 14 a
1121 2539 72 21 charm
1203 2539 45 22 "//.'

690 2572 76 22 Sworn
776 2575 23 18 at
804 2572 38 22 the

716 2599 27 22 of
749 2598 38 22 the
794 2598 47 29 city
848 2599 25 21 of
875 2598 107 28 London,
990 2598 43 23 this
1041 2593 10 27 I
1059 2600 52 21 Wm.
1122 2600 125 23 BROOKS.

716 2625 40 23 Bth
766 2626 43 28 day
818 2626 27 22 of
851 2626 86 28 March,
948 2627 62 21 1842.
1034 2621 13 36 J

716 2663 79 25 Before
800 2669 39 21 me,
896 2662 86 25 JOHN
997 2664 94 28 PIRIE,
1108 2665 94 23 Mayor.

664 2697 35 23 IN
713 2697 63 23 ALL
790 2697 104 23 Diseases
903 2698 26 22 of
939 2697 39 23 the
993 2697 63 28 Skin,
1068 2698 49 25 Bad
1127 2699 65 28 Legs,
1204 2700 45 23 Old

663 2724 110 27 Wounds,
781 2724 45 22 and
833 2724 85 28 Ulcers,
927 2725 49 22 Bad
981 2725 97 28 Breasts,
1087 2726 54 22 Sore
1149 2726 98 28 Nipples,

665 2751 83 28 Stoney
754 2751 45 23 and
809 2751 120 22 Ulcerated
936 2751 102 28 Cancers,
1047 2753 118 28 Tumours,
1173 2754 75 22 Swell-

663 2778 57 27 ings,
739 2778 68 26 Gout,
821 2778 162 27 Rheumatism,
1000 2778 44 22 and
1059 2779 122 28 Lumbago,
1193 2780 55 23 like-

664 2805 51 22 wise
724 2804 24 23 in
758 2812 62 15 cases
830 2805 26 22 of
863 2805 59 22 Piles
928 2813 6 19 ;
944 2805 39 21 the
993 2805 61 27 Pills,
1063 2806 24 22 in
1097 2807 30 21 all
1134 2807 38 22 the
1179 2807 69 23 above

665 2838 67 20 cases,
743 2831 69 28 ought
827 2835 22 19 to
864 2832 28 22 be
902 2832 55 22 used
972 2832 54 22 with
1040 2833 40 22 the
1092 2833 122 29 Ointment,
1225 2842 24 15 as

664 2859 28 27 by
711 2855 45 25 this
774 2866 79 15 means
871 2866 65 15 cures
953 2859 46 22 will
1017 2859 28 22 be
1061 2860 94 23 effected
1169 2861 53 24 with
1236 2869 13 15 a

664 2885 66 23 much
744 2888 89 25 greater
848 2886 116 27 certainty,
981 2886 46 22 and
1041 2886 24 22 in
1081 2887 53 25 half
1143 2887 38 26 the
1196 2889 53 22 time

664 2912 48 22 that
727 2913 18 22 it
763 2912 72 22 would
851 2913 87 28 require
952 2913 32 28 by
995 2913 69 29 using
1077 2913 38 22 the
1132 2914 117 25 Ointment

664 2939 71 22 alone.
764 2939 48 22 The
822 2939 117 23 Ointment
946 2939 20 22 is
975 2939 84 28 proved
1070 2944 23 18 to
1102 2941 28 22 be
1140 2949 15 14 a
1164 2943 83 22 certain

664 2966 91 28 remedy
765 2967 35 22 for
807 2966 38 22 the
855 2967 48 24 bite
911 2967 26 22 of
943 2967 155 23 moschettoes.

691 3000 79 28 Burns,
790 3000 101 28 Scalds,,.
892 2998 130 30 Chilblains,
1042 3000 107 29 Chapped
1168 3002 80 24 Hands

664 3026 46 23 and
718 3026 61 33 Lips,
791 3027 47 23 also
847 3027 99 22 Bunions
961 3028 46 22 and
1021 3028 49 22 Soft
1080 3028 77 29 Corns,
1167 3029 47 29 will,
1221 3030 27 23 be

664 3054 152 28 immediately
825 3054 68 22 cured
902 3054 30 28 by
941 3054 38 22 the
989 3062 40 14 use
1039 3055 27 21 of
1076 3054 38 23 the
1124 3055 123 25 Ointment.

691 3088 71 21 THE
776 3088 97 21 PILLS
884 3095 38 16 are
931 3092 40 19 not
981 3088 99 28 onlythe,
1085 3088 66 24 finest
1158 3092 90 28 remedy

664 3115 80 22 known
753 3115 66 22 when
828 3115 56 22 used
892 3115 54 22 with
958 3115 39 22 the
1013 3117 125 27 .Ointment,
1150 3117 39 22 but
1198 3125 23 15 as
1235 3125 14 15 a

665 3141 99 22 General
783 3142 114 22 Medicine
914 3142 64 22 there
986 3142 26 23 -is
1030 3142 95 28 nothing
1130 3145 78 27 -equal
1225 3150 22 17 to

665 3168 66 22 them.
751 3188 3 4 .
762 3168 33 22 In.
800 3175 95 16 nervous
901 3169 115 22 affections
1028 3169 57 28 thejr,
1089 3163 42 30 wSI
1142 3170 28 23 be
1180 3172 68 22 found

664 3196 26 21 of
697 3195 36 22 the
743 3198 97 24 greatest
849 3195 90 25 service.
967 3196 80 32 These]
1058 3195 53 23 Fills
1124 3204 45 21 are^
1186 3198 63 24 withr

664 3226 39 18 out
711 3221 126 28 exception,
847 3221 39 23 the
902 3222 67 25 finest
978 3218 95 27 Purifier
1087 3222 25 23 of
1124 3223 38 26 the
1177 3224 72 25 Blood

663 3255 52 16 ever
724 3248 138 26 discovered,
872 3249 45 22 and
920 3250 5 7 v
934 3249 112 22 OUGHT
1059 3249 40 22 TO
1115 3250 40 23 BE
1168 3249 80 26 USED

664 3275 41 23 BY
718 3275 64 22 ALL
796 3275 153 22 FEMALES.

672 3308 82 23 Orders
769 3309 103 23 received
881 3313 25 18 at
914 3309 37 22 the
1135 3313 93 23 Office.
1236 3319 4 3 '

762 3370 3 6 ,
795 3356 43 21 On
852 3356 70 26 Sale,
936 3362 36 15 ex

663 3389 180 50 WINDOW
858 3389 101 27 GLASS.
969 3391 83 28 20-fcl6
1063 3394 22 20 to
1095 3393 76 27 10+8,

759 3415 97 25 Leather
856 3428 26 5 —
883 3417 47 22 sole
939 3417 46 22 and
1000 3417 113 29 calf-ikin,

690 3443 60 22 Boat
758 3443 96 23 anchors
863 3443 45 23 and
917 3443 87 29 chains,

690 3470 42 22 An.
738 3473 132 19 astortment
878 3471 27 21 of
913 3471 161 28 hollow-ware,
1081 3482 4 7 '

692 3496 298 33 G|as^-war«en:.coniprising
997 3498 63 29 plain
1069 3499 45 24 and
1124 3503 38 27 cift
1169 3500 87 28 dinner,

664 3523 102 27 services,
783 3523 75 28 wines,
873 3524 115 29 tumblers,
1005 3525 112 28 druggistg
1130 3527 118 29 furniture,
1250 3530 4 9 1

664 3549 60 22 show
732 3550 92 27 glasses,
834 3551 44 23 and
888 3551 63 28 vials,
963 3553 50 26 &c.

691 3576 76 23 White
776 3577 52 23 lead
837 3577 45 23 and
891 3577 63 23 sheet
962 3578 60 28 lead,

692 3603 75 23 Prime
777 3604 60 22 Irish
845 3605 63 27 pork,
918 3605 52 28 split
977 3612 61 21 peas,
1049 3606 42 23 &c.

925 3643 114 23 Bethune
1054 3645 44 21 and
1113 3645 108 25 Hunter.

692 3674 131 28 September
832 3676 20 25 1,
863 3676 61 21 1843.

836 3720 77 21 Meat
928 3721 150 28 Company.

664 3753 187 50 WANTED,
866 3762 13 15 a
887 3755 71 24 vessel
967 3755 27 22 of
1007 3756 73 27 about,
1085 3753 41 33 30,'
1126 3753 53 33 tons,
1190 3762 23 19 to
1222 3760 27 22 b«

742 3787 2 5 '
760 3780 54 27 kept
830 3782 127 27 constantly
972 3783 119 29 employed
1104 3784 24 22 in
1146 3784 105 30 bringing

663 3807 61 28 ipigs^
730 3810 23 19 at
761 3814 16 16 a
786 3805 61 25 fixed
856 3809 59 26 price
925 3816 40 21 per
974 3810 85 28 pound,
1065 3811 59 23 from
1134 3811 37 24 the
1181 3817 68 23 coast,

664 3833 35 23 for
708 3834 44 23 this
763 3835 176 23 establishment

931 3870 161 29 .W»-Fi,yger,
1106 3873 118 30 Manager.

715 3922 22 22 N
743 3934 5 24 ;
752 3920 87 35 SAL#,
854 3925 21 20 at
875 3930 2 14 ;
887 3918 129 39 t%'offipfc
1023 3924 73 25 Wank
1106 3926 58 26 Bin
1175 3917 83 35 Boo'ici'

895 3950 72 28 office,
978 3950 57 24 Dec.
1043 3952 23 22 4.
