4240 5920
2635 827 160 20 MARRIAGE.

2440 868 110 21 MaION'EY
2555 867 211 21 —M'Oarthy.—On
2782 865 36 21 the
2830 865 53 20 'l4th
2903 864 78 32 Septem-

2490 895 43 26 ber,
2544 896 22 19 at
2579 895 31 20 St.
2620 894 95 25 Joseph's
2724 892 117 22 Cathedral.
2854 891 103 26 Dunedin,
2968 891 26 24 by

2490 922 36 21 the
2536 922 53 21 Rev.
2597 921 77 21 Father
2684 921 98 26 Murphy,
2792 920 56 20 'John
2860 919 102 24 Maloney,
2973 920 21 17 to

2491 949 88 22 Isabella
2599 948 103 25 Angelica,
2725 947 48 21 fifth
2794 946 102 22 cbuishter
2918 945 22 21 of
2962 945 32 21 Mr

2490 977 88 22 Michael
2589 976 117 26 M'Carthv,
2717 975 49 22 both
2776 975 21 20 of
2808 974 76 21 Millers
2895 974 52 20 F!at.

2451 1057 158 60 Mount
2641 1057 190 60 Benger
2863 1057 126 60 Mail

2868 1172 26 22 JUST
2900 1172 19 22 AND
2925 1172 26 22 FEAR

2535 1244 118 26 FRIDAY,
2667 1244 128 21 OCTOBER
2809 1243 19 24 2,
2855 1243 134 27 1896.

2590 1321 247 43 Introductory.

2442 1422 42 28 On
2505 1421 47 29 the
2574 1420 66 28 16th
2655 1418 75 37 May,
2754 1417 79 34 1880,
2856 1426 65 17 over
2943 1416 41 27 six-

2441 1465 64 25 teen
2520 1470 80 28 years
2614 1470 61 28 ago,
2690 1458 48 29 the
2759 1458 104 28 Mount
2884 1456 114 28 Bengek

2442 1502 77 28 Mail
2538 1511 56 18 was
2613 1498 136 30 launched
2771 1507 35 17 on
2826 1496 47 28 the
2893 1495 57 28 tide
2969 1494 30 28 of

2442 1542 93 38 public
2557 1540 111 38 opinion
2689 1539 37 38 by
2747 1537 46 29 Mr
2812 1535 74 29 John
2916 1533 62 30 Wea-

2426 1568 2 47 !
2442 1581 108 34 therall,
2578 1580 47 27 the
2654 1579 54 27 late
2731 1577 163 38 proprietor,
2924 1575 75 26 since

2444 1620 90 29 which
2556 1620 67 28 time
2645 1618 22 28 it
2693 1617 50 29 has
2774 1619 55 25 met
2858 1614 66 29 with
2952 1614 46 27 the

2427 1650 1 48 I
2443 1660 119 38 varying
2600 1660 124 27 fortunes
2778 1655 149 29 incidental
2970 1658 29 23 to

2427 1693 2 45 I
2442 1709 185 29 newspapers.
2667 1697 110 37 Duiing
2790 1696 47 27 the
2863 1694 87 28 whole
2971 1693 28 28 of

2427 1735 1 45 !
2444 1740 61 28 that
2529 1739 68 38 long
2624 1747 93 19 career
2751 1738 47 26 the
2834 1744 86 29 paper
2939 1735 59 34 has,

2427 1775 2 42 i
2444 1779 121 38 through
2589 1778 36 28 all
2656 1778 36 28 its
2727 1775 185 34 vicissitudes,
2943 1777 55 25 met

2427 1817 2 41 ;
2443 1820 64 29 with
2514 1829 137 29 generous
2656 1817 54 29 and
2721 1818 157 38 unvarying
2884 1817 115 36 support

2443 1862 69 27 from
2528 1860 47 28 the
2587 1858 93 40 public
2694 1859 150 36 generally,
2860 1857 54 27 and
2928 1857 70 26 from

2444 1902 47 28 the
2504 1900 99 40 people
2615 1898 29 31 of
2657 1898 47 30 the
2718 1898 109 30 district
2837 1899 27 28 in
2877 1896 105 39 particu-

2426 1936 2 54 j
2442 1942 48 35 lar,
2514 1952 16 17 a
2547 1942 57 26 fact
2625 1939 92 28 which
2738 1939 47 28 the
2808 1940 104 28 former
2936 1947 47 28 pro-

2427 1977 1 44 '
2442 1982 104 39 prietor
2559 1981 50 29 has
2623 1980 145 38 requested
2780 1991 31 18 us
2835 1986 28 23 to
2882 1978 117 39 heartily

2440 2022 209 38 acknowledge.
2689 2020 42 30 On
2742 2022 143 36 assuming
2894 2021 105 29 control

2441 2065 31 28 of
2492 2064 47 27 the
2563 2062 104 29 Mount
2696 2061 115 29 Bengek
2842 2062 84 34 Mail,
2961 2071 38 18 we

2440 2104 128 31 consider
2576 2103 23 28 it
2619 2105 155 37 opportune
2790 2106 27 26 to
2838 2102 93 30 follow
2953 2102 46 29 the

2440 2144 164 40 recognised
2617 2146 105 26 custom
2733 2144 29 27 in
2785 2144 96 38 laying
2903 2143 95 28 before

2440 2197 50 18 our
2502 2185 111 29 readers
2627 2195 16 17 a
2664 2184 98 28 sketch
2785 2184 30 28 of
2840 2185 47 28 the
2909 2184 89 38 policy

2439 2226 91 31 which
2543 2237 42 18 we
2606 2224 71 31 have
2700 2224 166 31 formulated
2888 2225 43 29 for
2951 2224 47 29 the

2438 2279 93 25 paper.
2572 2267 199 35 Recognijing,
2794 2277 30 16 as
2839 2277 40 16 we
2894 2267 44 31 do,
2950 2266 47 26 the

2437 2308 164 38 paramount
2613 2305 170 38 importance
2801 2304 31 29 of
2841 2303 155 37 Roxburgh

2436 2348 55 30 arrd
2512 2347 106 30 Millers
2637 2346 72 36 Flat,
2729 2357 30 18 as
2789 2349 130 36 amongst
2948 2346 48 29 the

2436 2389 73 30 chief
2522 2388 108 37 mining
2649 2391 108 25 centres
2780 2388 29 29 of
2834 2387 49 29 the
2904 2387 91 38 Ot-ago

2437 2429 147 38 goldfields
2608 2428 55 29 and
2688 2428 116 36 looting
2823 2427 122 29 forward
2966 2432 28 23 to

2437 2471 46 29 the
2494 2470 76 34 time,
2585 2469 28 29 in
2627 2468 47 30 the
2696 2479 66 19 near
2782 2468 103 36 future,
2915 2468 77 29 when

2437 2512 47 28 the
2499 2511 109 35 mining
2619 2510 161 37 population
2795 2511 28 26 in
2848 2511 77 26 these
2939 2511 53 26 and

2437 2551 37 29 all
2488 2551 47 28 the
2545 2549 188 38 surrounding
2747 2549 123 29 districts
2884 2549 56 28 will
2960 2549 34 29 be

2439 2591 105 40 largely
2573 2590 155 36 increased,
2756 2591 22 28 it
2811 2590 56 30 will
2889 2591 35 28 be
2944 2601 50 18 our

2440 2633 78 38 duty,
2529 2643 30 18 as
2569 2631 44 29 far
2622 2641 30 19 as
2662 2631 50 29 lies
2723 2631 96 29 within
2830 2641 50 19 our
2891 2641 103 28 power,

2439 2676 29 26 to
2481 2673 82 28 assist
2576 2672 29 27 in
2627 2671 55 28 and
2704 2674 126 34 promote
2856 2672 68 27 such
2946 2672 32 28 de-

2441 2713 157 38 velopment
2611 2711 38 39 by
2672 2711 47 29 the
2742 2711 138 38 thorough
2900 2721 79 30 repre-

2441 2754 138 28 sentation
2594 2753 29 28 of
2635 2753 47 27 the
2696 2753 84 28 views
2792 2753 29 27 of
2831 2753 47 27 the
2887 2753 108 36 mining

2440 2793 171 37 community
2639 2792 56 29 and
2717 2792 47 29 the
2787 2791 208 31 dissemination

2441 2835 29 29 of
2482 2834 160 38 up-to-date
2657 2833 178 28 information
2856 2833 91 28 useful
2966 2838 29 24 to

2441 2874 112 29 miners.
2593 2874 26 27 A
2632 2872 110 28 district
2754 2873 99 34 which,
2867 2873 45 27 for
2929 2874 67 28 such

2440 2926 16 18 a
2473 2914 118 39 lengthy
2620 2912 104 39 period,
2757 2913 51 28 has
2837 2912 112 36 yielded
2981 2925 16 17 a

2441 2955 106 36 steady,
2573 2954 152 28 consistent
2761 2956 95 24 return
2889 2954 30 27 of
2949 2954 47 28 the

2441 2994 125 35 precious
2581 2993 91 31 metal,
2688 2992 98 25 should
2801 2995 48 22 not
2862 2992 34 25 be
2911 2996 71 22 trust-

2440 3032 51 37 ing
2504 3034 29 26 to
2547 3031 47 28 the
2610 3029 57 30 fact
2681 3029 61 30 that
2754 3030 48 29 the
2824 3040 74 19 news
2912 3030 29 29 of
2960 3031 36 29 its

2441 3071 127 30 valuable
2578 3080 141 19 resources
2745 3071 92 38 might
2858 3071 138 38 percolate

2439 3113 124 36 through
2573 3112 47 27 the
2630 3111 130 28 channels
2769 3112 29 27 of
2808 3121 73 18 mere
2891 3113 105 35 gossip,

2439 3152 55 29 and
2508 3151 138 37 anything
2657 3150 189 38 approaching
2860 3151 136 37 adequate

2440 3191 219 41 representation
2673 3191 23 30 is
2711 3194 48 27 not
2771 3194 27 27 to
2813 3191 33 30 be
2860 3192 134 39 expected

2439 3234 71 28 from
2522 3233 125 38 journals
2660 3236 29 24 at
2711 3243 16 16 a
2747 3236 104 24 remote
2861 3233 132 36 distance,

2438 3276 43 28 far
2512 3274 109 29 outside
2644 3274 37 27 its
2710 3273 102 29 radius.
2852 3273 76 37 They
2947 3285 47 17 are

2439 3314 155 32 concerned
2608 3314 67 28 with
2689 3313 72 28 their
2774 3323 60 19 own
2853 3313 138 36 interests,

2437 3356 54 30 and
2506 3357 102 27 cannot
2621 3355 35 29 be
2669 3354 139 39 supposed
2824 3358 28 25 to
2872 3354 35 29 do
2925 3365 49 27 any-

2436 3398 83 36 thing
2533 3396 55 28 like
2601 3396 102 37 justice
2724 3399 28 24 to
2776 3406 73 23 ours,
2865 3396 127 29 however

2435 3436 83 30 much
2545 3436 66 39 they
2638 3446 63 27 may
2728 3434 67 28 wish
2823 3438 37 26 to.
2902 3436 87 38 Apart

2433 3480 72 28 from
2528 3479 69 34 that,
2619 3478 136 31 however,
2776 3476 47 28 the
2848 3477 93 38 public
2961 3479 29 27 of

2434 3518 154 40 Roxburgh
2600 3518 55 29 and
2663 3516 190 40 surrounding
2867 3517 122 31 districts
2998 3516 1 42 I

2433 3561 128 34 demand,
2576 3560 37 36 by
2638 3559 72 28 their
2734 3558 104 28 former
2863 3564 124 32 support,

2432 3600 61 28 that
2518 3600 66 36 they
2609 3598 99 28 should
2735 3598 69 27 have
2831 3598 72 28 their
2924 3609 62 18 own

2434 3640 66 29 local
2512 3639 119 38 journal,
2645 3638 54 28 and
2722 3638 65 35 they
2802 3638 68 28 have
2884 3649 16 17 a
2910 3639 77 38 right

2431 3683 29 26 to
2474 3682 100 36 expect
2584 3679 61 29 that
2655 3678 22 29 it
2689 3677 100 29 should
2809 3680 13 26 t
2830 3677 45 29 ike
2889 3689 35 27 up
2939 3680 46 28 the

2432 3722 119 36 position
2571 3723 30 25 in
2621 3720 47 28 the
2696 3719 85 28 ranks
2812 3719 29 28 of
2870 3720 114 28 colonial

2430 3762 163 38 journalism
2606 3760 89 28 which
2710 3760 47 27 the
2771 3763 172 34 importance
2957 3762 28 27 of

2430 3802 48 27 the
2507 3802 110 27 district
2644 3802 144 25 warrants.
2828 3800 39 26 To
2888 3801 97 28 realise

2430 3840 54 29 this
2494 3840 71 40 high
2584 3838 81 37 ideal,
2686 3839 76 36 then,
2786 3848 40 18 we
2853 3839 69 30 have
2942 3843 42 26 set

2428 3882 149 35 ourselves,
2597 3881 56 28 and
2672 3891 40 18 we
2739 3880 53 29 feel
2815 3880 167 40 thoroughly

2427 3922 141 28 confident
2587 3922 61 27 that
2674 3920 67 28 with
2770 3920 48 27 the
2846 3931 136 25 generous

2427 3965 116 32 support
2562 3962 112 35 already
2693 3960 134 30 accorded
2858 3972 40 24 us,
2927 3963 54 28 and

2461 3997 6 3 i
2481 3997 7 3 1
2660 3997 5 1 '

2427 4003 47 29 the
2495 4012 66 28 very
2584 4010 186 28 encouraging
2792 4010 134 28 promises
2953 4004 29 27 of

2425 4043 151 30 assistance
2590 4042 80 30 made
2681 4045 28 26 to
2724 4051 30 19 us
2769 4041 27 29 in
2816 4040 35 30 all
2865 4044 76 36 parts
2952 4042 29 31 of

2425 4085 47 28 the
2486 4085 117 35 district,
2615 4084 60 28 that
2685 4094 50 17 our
2748 4083 133 28 ambition
2895 4084 22 27 is
2931 4088 49 25 not

2425 4125 37 37 by
2487 4136 55 23 any
2561 4134 93 18 means
2674 4122 109 35 beyond
2804 4134 51 17 our
2874 4134 104 27 powers

2423 4164 30 29 of
2477 4164 254 38 accomplishment.
2773 4162 38 28 To
2845 4173 131 19 conserve

2423 4205 53 28 and
2498 4208 124 35 promote
2642 4204 48 27 the
2718 4203 106 37 mining
2847 4203 130 29 interests

2425 4245 63 37 will,
2516 4244 146 36 therefore,
2683 4244 34 28 be
2737 4253 50 18 our
2815 4244 59 27 first
2904 4254 71 19 care.

2424 4287 52 28 We
2490 4286 53 28 will
2554 4285 64 37 give
2631 4285 35 27 all
2681 4284 133 38 publicity
2826 4287 27 24 to
2869 4284 107 38 mining

2423 4329 123 33 matters,
2561 4324 123 29 whether
2694 4323 143 39 hydraulic
2846 4322 127 40 sluicing,

2423 4367 141 38 dredging
2582 4378 30 17 or
2634 4365 113 37 reefing,
2768 4364 55 28 and
2844 4364 28 27 in
2891 4375 83 28 every

2423 4408 105 37 species
2541 4407 29 28 of
2578 4407 153 36 legitimate
2755 4404 107 38 mining
2883 4408 75 24 enter-

2422 4448 73 37 prise
2516 4447 101 28 miners
2637 4456 63 26 may
2721 4448 83 25 count
2824 4454 35 18 on
2880 4455 31 17 us
2931 4445 44 28 for

2422 4487 35 28 all
2494 4487 47 28 the
2569 4486 149 29 assistance
2747 4485 27 27 in
2805 4494 50 18 our
2875 4494 98 28 power.

2423 4527 87 30 There
2530 4527 22 30 is
2580 4526 116 30 another
2714 4525 126 38 industry
2860 4524 27 29 in
2921 4525 54 30 this

2422 4569 109 27 district
2545 4568 98 32 which,
2658 4567 108 37 though
2777 4571 48 23 not
2835 4565 98 38 dating
2945 4578 30 17 so

2422 4607 43 29 far
2485 4607 81 35 back,
2587 4607 94 34 forms,
2705 4606 28 27 in
2757 4605 179 37 importance,
2959 4618 16 17 a

2422 4648 73 38 good
2506 4648 102 28 second
2618 4651 28 25 to
2657 4647 60 28 that
2726 4647 28 27 of
2766 4646 116 38 mining.
2922 4647 53 29 We

2422 4687 73 30 refer
2508 4691 28 25 to
2549 4687 68 30 fruit
2630 4687 171 28 cultivation.
2842 4686 27 29 It
2891 4687 22 28 is
2924 4687 34 29 im-

2422 4728 120 38 possible
2556 4731 28 25 to
2597 4727 206 30 over-estimate
2830 4727 46 28 the
2899 4729 61 28 valu-

2421 4768 62 27 able
2507 4767 100 28 results
2625 4767 84 37 likely
2724 4771 28 24 to
2772 4776 96 19 accrue
2904 4768 69 28 from
2988 4767 1 37 !

2420 4807 56 28 this
2488 4807 130 37 industry
2629 4807 170 35 throughout
2811 4806 46 28 the
2867 4807 106 37 colony,
2987 4804 2 40 j

2420 4846 53 27 and
2489 4856 40 17 we
2542 4846 69 27 have
2622 4846 22 27 it
2657 4856 35 17 on
2717 4846 47 27 the
2785 4844 108 28 authori
2898 4849 9 22 fc
2909 4856 16 25 y
2986 4844 3 39 |

2404 4884 2 43 j
2420 4889 111 36 experts
2544 4886 62 29 that
2620 4885 111 30 Central
2751 4885 89 39 Otago
2855 4884 31 35 is,
2902 4886 68 29 from

2419 4928 46 27 the
2487 4931 98 24 nature
2604 4927 30 28 of
2653 4926 36 27 its
2709 4927 50 27 soil
2779 4927 54 26 and
2854 4926 116 36 climate,

2417 4969 130 35 amongst
2560 4966 46 29 the
2621 4969 72 26 most
2713 4965 116 30 suitable
2848 4965 122 30 districts
2980 4962 1 42 j

2416 5011 28 24 to
2459 5008 33 27 be
2502 5007 87 28 found
2603 5007 25 28 in
2644 5018 54 23 any
2712 5011 115 31 country
2846 5006 44 28 for
2902 5007 68 28 fruit
2980 5006 1 36 j

2415 5047 172 28 cultivation.
2626 5047 39 28 To
2678 5047 86 28 foster
2774 5046 53 29 this
2840 5045 128 40 industry
2980 5045 1 40 i

2413 5087 71 28 shall
2497 5087 57 28 also
2568 5087 33 28 be
2615 5098 50 17 our
2684 5097 70 25 care,
2775 5085 54 29 aud
2844 5096 39 17 we
2897 5087 70 37 hope
2980 5085 1 42 j

2403 5126 1 42 [
2413 5127 47 28 the
2474 5127 53 37 day
2540 5127 23 28 is
2577 5130 48 25 not
2646 5127 43 28 far
2702 5127 103 28 distant
2820 5126 78 27 when
2918 5127 47 28 the
2980 5126 1 42 j

2413 5167 204 38 fruit-growers
2641 5167 29 28 of
2694 5167 55 28 this
2780 5165 109 29 district
2910 5167 51 28 will
2979 5165 1 40 ;

2411 5207 146 28 command
2580 5218 16 19 a
2621 5207 118 38 position
2766 5217 34 19 on
2826 5206 47 29 the
2897 5206 69 29 fruit
2978 5205 2 40 j

2411 5247 108 26 market
2532 5251 218 24 commensurate
2764 5247 66 26 with
2853 5247 47 27 the
2914 5247 50 27 full
2978 5247 1 28 i

2409 5294 140 20 resources
2557 5285 30 29 of
2603 5286 47 29 the
2661 5287 116 28 district.
2822 5285 58 29 The
2891 5286 72 38 agri-
2977 5285 1 39 ;

2408 5325 117 28 cultural
2547 5325 54 28 and
2620 5327 119 37 pastoral
2768 5326 130 28 interests
2921 5337 39 18 we
2976 5319 2 45 j

2408 5365 78 35 shall,
2506 5365 29 28 of
2560 5376 104 24 course,
2693 5366 101 37 always
2819 5371 142 33 represent
2976 5365 1 39 !

2407 5405 150 38 faithfully,
2567 5405 53 28 and
2636 5406 149 38 believing,
2811 5416 29 17 as
2855 5416 40 18 we
2916 5406 44 36 do,
2975 5396 2 48 !

2407 5446 60 27 that
2481 5446 46 27 the
2554 5446 66 28 time
2641 5447 48 27 has
2710 5457 60 18 now
2790 5446 108 28 arrived
2918 5447 43 28 for
2974 5442 1 38 j

2406 5486 47 27 the
2472 5484 158 29 settlement
2653 5486 30 27 of
2700 5486 201 38 agriculturists
2924 5496 35 18 on
2973 5484 2 40 j

2405 5525 85 28 farms
2491 5534 80 19 —we
2579 5526 76 29 j-efer
2665 5528 28 26 to
2709 5527 45 27 the
2775 5535 102 29 proper
2890 5526 69 29 class
2973 5522 1 42 |

2405 5566 30 27 of
2449 5575 71 26 men,
2533 5565 61 30 .who
2608 5575 45 21 are
2667 5566 62 27 able
2742 5566 54 27 and
2812 5566 104 38 willing
2930 5570 28 25 to
2972 5565 1 39 ;

2406 5604 79 29 make
2518 5615 17 18 a
2570 5606 199 27 remunerative
2800 5605 88 39 living
2923 5617 34 18 on
2971 5604 2 40 1

2404 5645 89 30 farms-
2493 5656 77 18 —we
2582 5645 69 28 shall
2670 5646 132 29 advocate
2822 5647 61 28 that
2903 5646 55 29 line
2971 5645 1 37 j

2404 5686 30 27 of
2458 5686 101 36 policy.
2597 5686 59 27 The
2691 5686 69 27 local
2785 5687 171 27 institutions
2970 5684 2 38 !

2405 5725 53 28 will
2471 5724 101 39 always
2585 5724 35 28 be
2632 5724 70 38 fully
2716 5725 137 37 reported,
2873 5726 81 28 while

2404 5770 28 24 to
2455 5769 115 25 matters
2592 5765 30 29 of
2644 5764 115 30 interest
2778 5765 108 30 outside
2905 5766 48 29 the
2968 5764 2 35 j

3020 221 106 30 district
3140 230 41 19 we
3195 220 69 29 shall
3277 220 157 29 endeavour
3457 222 28 25 to
3507 219 65 36 give

3020 271 16 18 a
3055 260 52 29 fair
3134 263 115 26 amount
3283 261 29 28 of
3342 258 228 40 representation.

3021 300 145 28 Comment
3186 311 35 17 on
3234 301 94 36 public
3336 301 89 37 topics
3433 310 40 17 we
3484 298 71 28 main-

3020 339 56 30 tain
3091 339 46 29 the
3150 339 77 39 right
3239 344 28 25 to
3282 350 112 29 express
3407 339 97 38 freely,
3518 336 54 31 and

3022 391 39 18 we
3074 381 69 28 shall
3157 385 48 25 not
3218 381 97 29 shrink
3329 381 70 29 from
3422 391 50 18 our
3493 379 79 38 duty,

3020 421 127 28 however
3176 422 173 37 unpleasant,
3385 426 28 24 to
3443 430 132 19 conserve

3023 461 46 28 the
3083 461 90 37 safety
3184 461 28 28 of
3225 462 46 27 the
3284 462 94 37 public
3392 461 66 28 weal
3481 470 30 18 as
3533 459 44 28 far

3023 511 30 18 as
3076 501 23 28 is
3112 501 28 27 in
3154 511 50 18 our
3225 511 100 27 power,
3347 511 41 19 we
3411 500 70 29 shall
3504 502 73 25 mete

3025 543 49 26 out
3084 540 102 39 justice
3197 541 167 39 impartially
3376 542 27 27 in
3424 552 50 18 our
3487 539 78 30 critic-

3025 582 61 35 ism,
3128 582 210 29 untrammelled
3385 583 38 38 by
3451 582 47 29 the
3537 580 28 28 in-

3025 623 106 27 fluence
3145 621 132 39 of.party,
3291 623 54 28 and
3360 624 70 37 hope
3452 623 37 38 by
3510 621 67 28 such

3027 662 162 28 wholesome
3201 663 134 35 methods,
3347 667 28 25 to
3384 673 85 28 prove
3478 673 15 16 a
3505 662 73 27 lever

3024 702 104 29 for-the
3149 702 94 37 public
3262 704 81 35 good.
3384 705 40 27 As
3446 712 40 19 we
3509 701 69 28 have

3023 741 68 36 said,
3112 752 50 19 our
3188 742 67 29 aims
3269 753 45 19 are
3333 743 80 38 lofty,
3441 743 51 28 but
3512 740 66 29 with

3023 783 47 28 the
3082 788 233 31 encouragement
3335 785 55 27 and
3413 786 116 34 support
3551 781 27 27 of

3023 821 47 30 the
3084 822 117 35 district,
3214 833 34 17 on
3272 824 89 27 which
3381 833 41 18 we
3441 822 55 29 feel
3516 830 62 19 sure

3025 872 40 18 we
3078 862 132 37 can'rely,
3223 873 41 18 we
3278 863 106 29 believe
3398 873 40 18 we
3462 872 50 18 can
3533 870 30 19 ac-

3024 902 134 37 complish
3172 903 55 28 fhis
3238 904 55 28 and
3307 904 82 27 much
3403 912 84 24 more,
3507 900 71 29 until

3025 952 40 17 we
3078 942 88 28 attain
3181 946 27 25 to
3216 943 46 28 the
3273 943 61 37 goal
3346 944 29 27 of
3388 953 50 18 our
3446 940 132 29 ambition

3023 982 127 29 —which
3164 983 23 30 is
3201 986 28 27 to
3238 984 130 33 worthily
3384 985 153 36 represent,
3551 990 27 19 as

3024 1023 36 28 its
3074 1023 73 28 chief
3159 1035 96 26 organ,
3272 1025 60 28 this
3353 1025 78 36 large
3451 1023 55 27 and
3529 1032 33 17 im-

3025 1066 112 34 portant
3150 1063 116 30 district.

3099 1154 70 41 The
3202 1154 127 42 Dismal
3368 1154 139 51 Swamp

3216 1206 192 41 Reservoir.

3010 1291 1 34 I
3029 1291 115 28 Before
3158 1293 41 26 the
3218 1292 146 28 dissolution
3380 1294 26 26 of
3419 1293 161 32 Parliament,

3011 1329 2 40 I
3028 1329 80 26 which
3123 1329 20 25 is
3156 1331 117 31 expected
3287 1332 24 23 in
3328 1340 11 15 a
3354 1331 70 25 short
3439 1331 66 29 time,
3528 1331 19 25 it
3561 1331 20 25 is

3011 1364 2 38 i
3029 1371 24 19 to
3068 1365 27 26 be
3110 1364 78 35 hoped
3201 1364 40 26 the
3256 1367 114 35 question
3387 1366 109 34 brought
3509 1374 33 27 up
3556 1364 25 28 in

3011 1401 2 36 I
3027 1402 41 26 the
3084 1401 84 27 House
3192 1402 30 35 by
3237 1404 41 24 the
3303 1403 65 26 Hon.
3394 1404 42 25 Mr
3458 1402 122 33 Larnach,

3011 1439 2 28 !
3027 1439 101 26 relative
3140 1444 24 20 to
3178 1439 41 26 the
3232 1441 171 26 conservation
3418 1441 27 25 of
3462 1447 74 20 water
3555 1442 23 25 in

3011 1472 2 38 '
3029 1477 47 24 this
3090 1475 97 26 district
3199 1476 30 34 by
3245 1477 39 26 the
3491 1477 48 26 will
3552 1478 28 25 be

3012 1511 1 34 |
3028 1512 110 33 brought
3156 1521 21 17 :o
3191 1522 12 17 a
3219 1514 100 27 definite
3333 1515 72 26 issue.
3444 1517 20 23 A
3480 1524 53 17 sum
3558 1515 26 26 of

3012 1550 2 42 j
3028 1550 143 30 .£200,000,
3186 1558 41 19 out
3243 1554 23 23 of
3281 1554 40 24 the
3335 1553 94 25 million
3444 1552 64 32 ioan,
3522 1554 20 25 is
3557 1559 23 20 to

3029 1587 28 26 be
3067 1587 128 34 expended
3218 1597 30 16 on
3274 1590 40 24 the
3337 1590 97 32 mining
3456 1590 124 35 industry,

3013 1623 1 33 |
3029 1624 47 26 and
3090 1623 127 28 doubtless
3237 1627 18 24 it
3269 1627 19 26 is
3304 1627 40 26 the
3366 1628 121 25 intention
3502 1626 27 27 of
3539 1627 42 27 the

3013 1662 2 36 !
3030 1662 116 25 Minister
3159 1662 54 25 that
3227 1664 41 25 the
3283 1664 99 26 Central
3403 1665 82 33 Otago
3508 1664 56 32 gold-

3013 1698 2 37 !
3028 1698 56 26 field
3100 1698 87 26 should
3202 1700 61 26 have
3288 1710 13 16 a
3321 1702 141 33 proportion
3488 1701 28 26 of
3533 1701 50 26 this

3011 1738 4 35 j
3029 1743 64 24 vote,
3104 1744 198 20 commensurate
3312 1739 57 25 with
3381 1740 31 24 its
3422 1740 160 33 importance.

3010 1773 5 14 1
3027 1773 54 26 The
3095 1773 96 27 district
3204 1775 20 24 is
3238 1775 149 34 fortunately
3411 1776 115 31 situated,
3545 1776 25 25 in-

3010 1804 5 40 ]
3029 1811 101 27 asmuch
3156 1820 27 18 as
3208 1812 53 26 that
3284 1813 18 26 it
3328 1822 122 26 possesses
3476 1822 13 17 a
3516 1813 66 34 huge

3011 1849 4 35 i
3030 1849 97 25 natural
3142 1851 122 26 reservoir
3277 1857 23 20 at
3314 1851 42 25 the
3371 1850 93 26 Di.-mal
3476 1850 109 34 Swamp,

3013 1886 2 28 ■
3030 1886 79 26 which
3126 1886 94 27 focuses
3236 1888 40 26 the
3291 1887 135 27 watershed
3441 1889 27 25 of
3491 1897 29 17 an
3541 1896 29 18 ex-

3013 1921 2 39 |
3030 1925 94 25 tensive
3139 1934 62 22 area,
3216 1926 48 25 and
3279 1926 79 26 which
3371 1926 40 30 ,bv
3431 1935 14 16 a
3459 1935 111 25 compara-

3014 1959 1 40 j
3030 1962 76 36 tively
3133 1962 125 27 moderate
3288 1963 172 36 expenditure,
3486 1971 45 18 c:m
3559 1962 27 27 be

3014 2001 1 35 i
3031 2001 70 26 made
3116 2001 40 26 tlie
3171 2009 84 18 source
3271 2001 26 26 of
3308 2011 13 17 a
3344 2008 146 28 permanent
3512 2006 74 21 water

3013 2033 2 41 j
3030 2038 98 36 supply,
3144 2039 36 25 lor
3202 2039 79 26 either
3293 2040 108 32 sluicing
3415 2049 27 16 or
3455 2039 130 32 irrigation

3013 2071 2 41 !
3029 2085 127 27 purpose?,
3170 2078 38 25 for
3222 2078 40 25 the
3277 2077 79 27 whole
3370 2076 28 27 of
3417 2077 41 26 the
3480 2082 104 30 country

3013 2113 1 34 i
3029 2114 62 28 from
3109 2114 137 33 Roxburgh
3259 2122 24 20 to
3296 2116 39 27 the
3350 2116 147 27 Beaumont.
3534 2114 52 27 The

3011 2139 4 13 i
3212 2140 14 10 r>

3012 2153 1 43 j
3029 2153 153 27 importance
3196 2154 56 27 and.
3273 2156 24 24 in
3321 2153 57 33 fact,
3403 2154 41 27 the
3464 2154 120 33 necessity

3011 2190 40 42 |of
3065 2190 59 26 such
3140 2199 12 16 a
3168 2191 66 26 work
3247 2192 19 25 is
3279 2192 95 35 beyond
3387 2190 175 38 question,wht
3571 2199 13 16 n

3027 2229 42 27 the
3084 2228 136 28 thousands
3235 2229 27 28 of
3272 2240 67 17 acres
3364 2230 25 27 of
3414 2228 90 37 proved
3519 2228 52 27 auri-

3027 2267 81 24 ferous
3130 2272 107 28 country
3262 2269 79 24 which
3368 2277 22 14 no
3394 2269 23 26 in
3423 2269 13 23 h
3441 2274 9 17 t
3476 2268 57 23 thus
3557 2267 28 23 be

3026 2302 98 28 utilised
3139 2304 29 34 (if
3182 2303 58 35 only
3256 2303 40 27 the
3307 2312 129 26 necessary
3448 2309 75 20 water
3535 2311 49 17 was

3025 2342 125 36 snpplied)
3170 2343 20 27 is
3213 2342 74 28 taken
3314 2343 52 27 into
3392 2342 194 28 consideration:

3025 2380 52 26 The
3092 2387 76 20 water
3180 2381 90 37 supply
3293 2387 25 21 at
3340 2387 100 29 present
3464 2378 120 28 available

3024 2418 157 33 throughout
3204 2420 42 25 the
3271 2425 106 27 country
3401 2418 143 26 mentioned
3563 2418 20 25 is

3023 2455 86 38 nearly
3124 2455 31 28 all
3171 2456 73 28 taken
3259 2467 41 25 up,
3321 2456 49 27 and
3396 2457 40 26 the
3457 2455 49 27 fact
3530 2455 52 26 that

3024 2496 41 26 the
3079 2495 99 34 groind
3193 2496 57 26 thus
3264 2495 99 27 utilised
3377 2495 20 26 is
3413 2494 28 27 of
3450 2503 13 18 a
3478 2493 104 36 payable

3023 2538 88 21 nature
3125 2534 20 25 is
3159 2533 25 26 in
3198 2533 65 26 i'selt
3277 2542 13 17 a
3304 2538 88 28 strong
3405 2537 135 27 argument
3554 2531 25 25 in

3024 2570 85 27 favour
3123 2570 27 27 of
3170 2570 41 27 the
3234 2570 172 27 Government
3430 2567 151 36 proceeding

3023 2609 60 27 with
3115 2610 41 25 the
3178 2608 173 35 enlargement
3376 2608 28 26 of
3423 2607 41 27 the
3486 2605 94 29 Dismal

3023 2647 100 35 Swamp
3134 2647 126 26 reservoir.
3300 2646 78 30 Then,
3390 2645 84 36 again,
3487 2654 13 16 a
3511 2644 69 34 large

3024 2690 63 21 tract
3100 2684 30 25 of
3139 2690 107 29 country
3260 2683 82 26 would
3362 2683 29 26 be
3413 2681 120 28 rendered
3552 2680 28 27 fit

3020 2722 40 28 for
3085 2721 59 28 fruit
3175 2721 148 28 cultivation
3353 2720 22 28 if
3396 2719 117 28 fertilised
3547 2717 33 37 by

3019 2760 144 32 irrigation.
3202 2759 25 26 It
3239 2760 21 25 is
3273 2766 44 19 not
3338 2767 130 25 necessary
3491 2762 25 22 to
3537 2766 29 17 en-

3024 2797 69 36 large
3103 2806 35 18 on
3153 2796 190 36 the-important
3354 2795 49 28 and
3417 2793 113 29 valuable
3544 2803 24 17 re-

3024 2837 71 30 sults,
3109 2841 45 21 not
3167 2836 58 33 only
3240 2842 25 19 to
3288 2836 41 25 the
3343 2834 79 33 Otago
3443 2832 136 35 gold-fields,

3025 2872 43 27 but
3081 2878 24 20 to
3117 2872 41 27 the
3169 2873 89 34 colony
3269 2881 26 17 as
3307 2881 12 17 a
3331 2870 87 33 whole,
3429 2874 153 31 consequent

3025 2919 32 17 on
3079 2909 61 27 such
3163 2910 92 26 certain
3279 2914 125 30 prospects
3429 2907 29 26 of
3476 2907 40 26 the
3539 2906 28 26 de-

3026 2947 140 34 velopment
3180 2947 28 26 of
3227 2947 67 26 these
3317 2952 49 21 two
3387 2946 138 34 important
3544 2944 24 26 in-

3025 2984 106 24 dustries
3152 2992 25 16 as
3199 2992 41 16 are
3262 2983 57 24 here
3342 2981 131 26 indicated.
3512 2981 69 32 They

3025 3028 40 18 are
3079 3024 85 31 patent
3178 3024 25 22 to
3217 3017 147 37 everybody,
3389 3016 47 27 and
3459 3025 32 18 no
3504 3015 76 28 doubt

3026 3057 41 26 the
3080 3057 128 35 Ministry,
3223 3057 60 25 with
3299 3055 40 27 the
3366 3055 82 26 fullest
3462 3053 102 27 informa-

3025 3095 51 26 tion
3091 3100 26 22 at
3139 3094 74 32 hand,
3236 3104 40 17 are
3299 3104 26 17 as
3348 3092 74 28 much
3445 3091 135 37 impressed

3025 3132 59 24 with
3100 3132 63 24 their
3174 3133 152 32 importance
3340 3140 25 16 as
3382 3139 42 19 we,
3438 3130 55 24 who
3509 3130 66 23 know

3025 3168 40 27 the
3079 3168 95 28 district
3186 3167 48 28 and
3246 3168 30 26 its
3290 3166 167 39 possibilities.
3494 3165 72 26 Minis-

3025 3209 65 30 tries,
3105 3208 121 28 however,
3253 3217 40 15 are
3319 3206 99 30 fallible,
3442 3205 48 26 like
3509 3205 71 26 other

3023 3245 92 26 human
3141 3245 164 31 institutions,
3337 3243 48 27 and
3416 3242 89 26 should
3537 3242 41 25 the

3022 3283 92 26 session
3130 3283 29 26 be
3173 3283 102 26 allowed
3300 3289 23 18 to
3337 3282 64 25 close
3416 3280 106 26 without
3537 3280 40 25 the

3023 3326 54 20 vote
3092 3319 75 35 being
3185 3319 145 27 earmarked
3357 3318 35 26 for
3415 3318 49 25 this
3485 3316 90 35 special

3020 3367 113 27 purpose,
3149 3358 41 27 the
3201 3357 104 28 chances
3319 3366 47 21 are,
3379 3354 59 28 with
3455 3354 39 27 the
3509 3364 53 26 pres-

3020 3406 55 16 sure
3083 3401 22 20 to
3117 3396 79 26 which
3209 3396 57 33 they
3278 3405 41 16 are
3330 3396 102 28 subject,
3443 3392 130 35 especially
3585 3392 1 44 j

3019 3443 30 16 on
3065 3432 40 26 the
3116 3441 44 18 eve
3171 3432 26 27 of
3204 3441 32 18 an
3247 3432 112 30 election,
3371 3431 52 26 that
3434 3429 40 26 the
3486 3439 88 24 money
3585 3429 1 34 j

3020 3471 47 27 will
3086 3471 27 26 be
3127 3470 126 35 expended
3268 3480 30 17 on
3323 3468 81 28 works
3425 3467 23 27 of
3471 3468 67 36 quite
3561 3478 12 15 a

3018 3509 113 28 different
3144 3509 126 26 character
3284 3507 60 26 from
3361 3507 40 25 the
3412 3507 80 32 origin
3503 3506 13 25 il
3532 3506 24 26 in-

3018 3550 94 25 tention
3159 3547 47 26 We
3232 3546 80 27 would
3342 3546 103 34 impress
3470 3554 30 16 on
3526 3553 46 17 our

3017 3586 115 31 member,
3147 3584 128 26 therefore,
3292 3584 41 24 the
3352 3591 111 25 urgency
3486 3581 24 25 of
3530 3582 40 24 the

3016 3628 96 25 matter,
3126 3621 49 27 ani
3189 3622 62 33 hope
3263 3621 53 26 that
3331 3620 28 26 he
3371 3619 48 26 will
3441 3619 73 34 bring
3529 3619 41 25 the

3014 3660 95 37 subject
3123 3669 33 23 up
3170 3659 72 33 again
3258 3665 24 20 at
3297 3658 40 25 the
3351 3656 98 26 earliest
3471 3656 83 26 favour-

3014 3698 53 27 able
3081 3697 170 36 opportunity.
3293 3695 44 27 Hi?
3352 3694 94 33 efforts,
3471 3703 27 18 so
3525 3694 43 30 far,

3014 3742 25 19 to
3062 3742 42 28 get
3119 3735 40 26 the
3173 3735 66 26 woik
3255 3733 144 36 prosecuted
3424 3733 61 26 have
3507 3732 59 26 been

3013 3772 233 31 characteristically
3289 3771 134 32 energetic,
3464 3769 47 27 and
3549 3769 19 26 it

3014 3812 19 24 is
3048 3819 24 17 to
3086 3810 28 26 be
3128 3810 80 33 hoped
3224 3810 28 24 he
3267 3808 49 25 will
3331 3808 28 25 be
3379 3807 54 26 able
3450 3813 24 20 to
3494 3815 70 25 carry

3018 3847 66 27 those
3098 3846 85 28 efforts
3194 3852 25 21 to
3232 3855 13 18 a
3259 3843 133 30 successful
3408 3843 158 28 termination

3012 3897 39 16 ere
3067 3887 151 26 Parliament
3240 3885 85 31 closes,
3351 3885 30 28 by
3405 3884 101 33 getting
3526 3881 40 27 the

3012 3929 56 20 vote
3085 3923 85 26 locked
3194 3932 31 24 up
3246 3931 26 16 so
3295 3921 54 25 that
3372 3921 19 25 it
3413 3929 45 17 can
3481 3920 28 26 be
3523 3928 28 16 ex-

3011 3960 94 37 pended
3121 3961 24 26 in
3160 3970 31 17 no
3205 3960 70 26 other
3288 3968 52 26 way

3034 4053 47 21 The
3093 4051 115 23 Alexandra
3218 4058 54 15 races
3338 4049 56 28 plao
3404 4051 22 20 to
3437 4049 45 27 day.

3033 4093 60 20 Loud
3121 4092 108 21 Glasgow
3251 4091 40 20 and
3310 4090 31 20 his
3364 4089 70 26 family
3454 4091 72 19 return
3541 4090 21 20 to

3006 4125 93 26 England
3124 4126 20 19 in
3166 4124 103 25 February

3032 4164 31 20 Mr
3072 4164 27 21 H.
3110 4164 21 20 S.
3141 4163 47 20 Fish
3199 4164 15 18 is
3223 4169 12 13 a
3243 4169 106 19 passenger
3362 4162 27 24 by
3402 4162 35 19 the
3447 4162 115 24 Tongariro,

3005 4199 97 26 expected
3126 4200 21 18 to
3167 4198 59 20 reach
3246 4197 96 21 Dunedin
3355 4197 35 21 the
3409 4198 44 20 first
3470 4197 54 20 week
3538 4197 21 20 in

3004 4232 124 20 November.

3030 4272 47 19 The
3088 4270 95 21 schedule
3193 4270 21 20 of
3224 4270 35 20 the
3278 4269 94 21 electoral
3385 4269 97 26 districts,
3493 4275 21 14 as
3533 4270 29 19 set

3004 4305 37 19 out
3053 4304 25 25 by
3089 4303 35 19 the
3136 4303 170 25 Representation
3322 4302 90 20 Ommis
3423 4302 42 23 ion,
3474 4303 15 19 is
3497 4301 65 21 issued

3002 4345 21 12 as
3033 4344 11 13 a
3054 4336 133 27 supplement
3202 4338 22 18 to
3238 4335 36 20 the
3287 4335 39 21 last
3342 4336 94 20 Gazette.

3028 4378 33 19 Mr
3072 4377 84 20 Watson
3172 4376 103 25 Shennan,
3291 4375 21 21 of
3326 4375 81 20 Conical
3423 4374 53 21 Hills
3489 4376 70 19 estate'

3002 4413 34 22 got
3047 4411 35 19 the
3096 4409 81 25 highest
3188 4409 53 24 price
3255 4409 31 19 for
3296 4409 50 19 New
3357 4408 87 20 Zealand
3456 4407 104 21 crossbred

3003 4444 50 20 wool
3070 4443 21 20 in
3115 4442 84 21 London
3223 4442 42 20 this
3288 4448 55 20 year.
3350 4440 57 26 —IOJ
3415 4440 21 25 1,
3445 4447 35 19 per
3503 4440 53 21 lb.—

3006 4476 116 24 Exchange.

3029 4515 46 21 All
3096 4513 112 23 interested
3223 4514 20 20 in
3258 4513 35 21 the
3311 4513 108 21 formation
3438 4512 22 20 (if
3477 4519 10 12 a
3505 4511 57 22 Good

3002 4552 112 26 Tenplars'
3136 4551 58 25 lodge
3216 4551 21 20 in
3260 4549 111 27 Roxburgh
3390 4556 34 13 are
3442 4548 80 21 invited
3540 4550 21 19 to

3004 4587 72 20 attend
3099 4593 12 14 a
3136 4586 89 25 meeting
3247 4586 20 19 in
3300 4585 36 20 the
3359 4585 123 20 Athenaeum
3513 4585 49 19 next

3004 4620 107 26 Thursday
3122 4619 92 26 evening.

3028 4660 48 19 The
3099 4658 144 26 appointment
3261 4658 16 19 is
3296 4656 93 26 gazetted
3404 4656 21 21 of
3444 4656 117 21 Alexander

3004 4692 68 21 Millar
3082 4693 54 24 Eyes
3147 4693 21 19 to
3185 4691 24 20 be
3226 4691 95 26 registrar
3331 4691 21 19 of
3366 4690 115 26 marriages,
3496 4689 65 21 births

3002 4726 41 21 and
3055 4726 81 25 deaths,
3154 4726 38 19 am'
3208 4725 41 20 also
3263 4724 124 24 vaqcina'ion
3404 4724 107 26 Imppctor
3530 4724 32 20 for

3004 4761 33 19 the
3054 4760 82 20 district
3142 4760 21 20 of
3181 4759 100 26 Gabriels,
3298 4760 42 20 vice
3357 4760 26 20 H.
3401 4760 21 19 J.
3445 4759 53 20 A!>el
3520 4759 30 26 (de-

3004 4795 70 21 ceased
3079 4795 3 21 1
3086 4811 5 4 .

3029 4833 18 19 A
3062 4835 150 17 NONiDFSCPiPT
3221 4830 64 19 circus
3295 4830 74 19 visited
3385 4830 119 25 Roxburgh,
3520 4830 37 20 and

2987 4863 1 31 !
3004 4866 74 28 played
3089 4866 48 22 here
3148 4865 39 21 last
3197 4864 74 25 Fiiday
3286 4871 25 13 an
3316 4864 8 20 J
3335 4864 101 23 Saturday
3454 4865 102 25 evening-,

2986 4903 1 27 i
3003 4906 61 21 Their
3090 4904 142 26 performance
3259 4904 15 19 is
3298 4903 43 20 said
3368 4905 21 18 lo
3416 4903 52 20 hive
3506 4903 50 21 been

2985 4937 1 30 j
3001 4939 139 25 meritorious,
3152 4939 37 19 but
3196 4945 21 13 as
3228 4937 54 20 their
3293 4937 45 20 visit
3348 4944 39 13 was
3398 4939 35 18 not
3443 4937 82 21 notified
3537 4938 19 19 in

2985 4971 1 29 !
2999 4981 41 19 any
3052 4981 52 19 way,
3115 4974 35 20 the
3160 4972 130 21 attendances
3301 4978 51 13 were
3368 4978 48 20 very
3426 4971 65 21 small,

2985 5010 1 28 j
3024 5014 41 19 We
3076 5020 33 13 are
3120 5012 47 26 glad
3177 5014 20 18 to
3208 5012 47 19 hear
3269 5011 46 20 that
3332 5011 33 20 Mr
3373 5011 21 20 J.
3406 5011 93 25 Biggans,
3511 5011 44 19 who

2985 5045 1 32 |
2998 5049 17 20 is
3033 5049 19 20 in
3071 5048 35 20 the
3116 5048 107 20 Lawrence
3236 5045 103 26 Hospital,
3350 5046 16 20 is
3376 5045 82 25 making
3467 5052 21 12 ns
3499 5045 46 19 satis-

2985 5080 1 28 -1
2998 5084 79 24 f.:c'oiy
3090 5089 91 19 progress
3191 5089 21 13 as
3224 5081 59 21 could
3294 5081 23 20 be
3331 5080 105 26 expected.
3466 5080 37 20 His
3513 5080 38 25 leg,

2985 5104 1 37 !
2997 5117 65 21 which
3073 5124 39 12 was
3124 5115 84 26 broken,
3216 5122 39 13 was
3265 5115 53 20 reset
3329 5114 25 25 by
3366 5114 35 20 Dr.
3419 5113 86 26 Newall,
3514 5113 39 21 and

2994 5158 12 14 a
3025 5151 51 25 deep
3097 5150 73 21 wound
3188 5157 25 13 on
3234 5156 38 14 one
3295 5149 21 20 of
3337 5148 32 21 his
3386 5148 64 21 hands
3469 5148 16 21 is
3509 5148 42 21 al.so

2996 5186 102 26 mending,

3020 5225 37 21 Mr
3078 5225 94 20 Thomas
3196 5224 140 26 Mackenzie,
3361 5224 36 20 the
3412 5223 91 21 member
3520 5224 31 20 for

2993 5259 83 26 Gluthn,
3090 5260 44 19 who
3146 5260 16 20 is
3172 5259 85 25 retiring
3264 5259 52 19 from
3332 5259 35 19 the
3376 5260 44 17 seat
3434 5258 40 22 and
3490 5258 60 25 goiDg

2993 5295 21 19 to
3030 5293 86 22 London
3135 5293 85 26 shortly,
3251 5299 40 14 was
3315 5291 116 28 banqueted
3455 5292 27 26 by
3510 5292 36 21 the

2992 5329 120 25 Opposition
3135 5330 21 19 at
3185 5327 109 26 Bellamy's
3321 5327 39 20 last
3388 5326 81 26 Friday.
3506 5326 43 20 The

2991 5362 141 21 Government
3151 5368 40 13 was
3212 5360 90 26 strongly
3319 5359 131 27 represented
3468 5367 24 13 cn
3513 5360 35 19 the

2990 5397 98 21 occasion.
3116 5397 18 20 A
3146 5397 88 19 monster
3255 5395 89 26 bar.quet
3364 5395 19 20 in
3399 5394 32 21 liis
3449 5395 88 20 constitu-

2990 5437 50 19 ency
3050 5432 21 19 to
3276 5428 68 21 before
3354 5428 30 21 his
3399 5427 117 27 departure,
3531 5428 16 20 is
3556 5425 1 34 j

2989 5472 25 13 on
3027 5464 35 20 the
3075 5464 60 25 tapis.

3013 5503 56 20 Miss
3084 5503 62 24 Fjsji,
3158 5501 45 21 who
3219 5501 36 21 has
3270 5501 50 20 been
3339 5501 66 24 acting
3415 5508 21 13 as
3448 5500 98 27 relieving

2988 5537 81 21 teacher
3077 5538 22 19 at
3117 5536 35 21 the
3171 5536 49 21 loctl
3241 5535 68 22 school
3328 5535 54 22 sincj
3400 5535 49 22 Miss
3468 5535 74 26 Hayes'

2987 5572 117 26 departure,
3121 5571 39 20 left
3182 5571 32 20 for
3237 5571 97 21 Dunedin
3361 5578 25 12 on
3414 5569 131 28 Wedoesday

2989 5605 99 21 mornin?.
3116 5602 78 28 During
3207 5603 37 21 her
3260 5604 30 19 bri
3304 5603 8 20 f
3325 5605 45 24 stay
3380 5603 20 21 in
3415 5603 120 27 Roxburgh,
3556 5599 1 39 j

2987 5639 49 21 Miss
3050 5639 48 20 Fish
3107 5638 36 21 has
3157 5637 58 22 made
3227 5645 60 19 rcrtny
3298 5637 77 22 friends
3385 5639 93 25 amongst
3488 5637 51 22 both
3556 5637 1 27 i

2987 5676 82 23 parents
3087 5674 39 20 and
3142 5673 99 23 children,
3256 5673 40 19 and
3319 5672 37 21 her
3380 5675 69 18 return
3468 5675 23 20 at
3505 5680 39 18 any
3556 5666 1 34 |

2987 5708 49 20 time
3048 5708 40 19 will
3099 5708 23 19 be
3137 5707 116 22 welcomed.
3284 5706 41 21 Her
3345 5714 100 13 successor
3459 5708 17 19 is
3494 5707 50 20 Miss
3556 5706 1 24 j

2986 5742 132 27 Sutherland,
3130 5741 95 28 formerlj
3255 5741 21 21 of
3299 5741 59 23 West
3377 5742 68 22 Taieri
3464 5742 79 27 School,
3556 5741 1 28 !

2986 5778 41 21 aid
3043 5778 36 21 she
3089 5778 79 21 arrived
3179 5778 47 21 here
3240 5777 38 22 last
3290 5778 93 26 evening.

3626 209 48 22 The
3696 209 74 26 fishing
3794 216 71 14 season
3885 210 79 25 opened
3986 212 114 28 yesterday,
4119 217 40 20 artfl

3599 244 79 27 though
3688 251 12 13 a
3712 244 40 20 few
3766 244 22 21 of
3801 252 38 13 our
3853 252 56 15 more
3927 247 133 22 enthusiastic
4076 251 77 26 anglers

3599 281 52 20 have
3672 280 52 21 been
3747 282 43 23 out,
3808 288 26 13 no
3857 282 136 26 phenomenal
4019 285 81 23 baskets
4121 296 33 14 are

3599 315 103 25 reported.
3730 315 43 21 The
3794 316 73 21 Teviofc
3884 318 67 26 creek,
3970 320 36 20 the
4024 320 131 27 Bengerbvr.i

3599 349 40 22 and
3655 349 118 28 Tallaburn,
3795 358 35 14 are
3845 351 21 22 in
3881 353 39 21 fine
3939 353 74 28 fishing
4031 356 66 27 order,
4116 361 40 22 and

3601 393 34 14 are
3657 387 99 26 expected
3770 390 21 19 to
3806 388 58 26 -yield
3878 389 39 21 f*ir
3933 393 59 24 sport
4006 398 21 14 as
4039 392 114 26 ths.saasou

3594 423 4 22 ,
3601 423 107 21 advances.

3632 462 37 22 Mb
3679 462 79 21 James
3771 463 96 21 Graks's
3875 463 49 21 Coal
3935 465 38 26 pit,
3986 467 22 18 at
4019 466 48 21 Coal
4077 470 70 26 creak,;
4154 471 6 20 i

3606 494 43 21 still
3659 495 145 27 smouldering.
3834 496 32 21 He
3885 497 36 20 has
3939 498 74 22 turned
4028 506 11 14 a
4053 503 73 20 stream
4141 505 20 19 of

3608 531 63 19 water
3680 530 45 20 into
3740 530 35 21 the
3786 531 91 26 working
3892 531 67 22 whre
3974 532 36 21 the
4026 534 38 21 fire
4081 536 24 27 is,
4126 537 40 23 hat

3608 564 36 21 has
3665 567 38 19 not
3723 565 52 22 been
3799 566 46 22 able
3870 570 22 18 to
3917 568 117 27 extinguish
4058 571 23 21 it.
4121 574 42 23 Toe

3608 602 139 26 probabilities
3756 609 35 15 are
3800 603 95 25 however
3909 604 46 21 that
3966 605 58 22 when
4035 607 35 21 the
4081 609 38 21 fire
4128 611 35 21 has

3608 637 108 27 destroyed
3723 638 40 21 the
3772 641 97 24 »up)'oits
3884 640 35 20 the
3930 641 45 20 roof
3990 642 41 21 will
4041 642 47 23 fair
4095 645 19 21 in
4128 647 38 21 and

3608 680 21 13 so
3638 673 90 21 smother
3740 674 16 20 it
3770 677 44 17 out.

3633 717 17 21 A
3666 723 52 20 cow,
3730 719 73 20 owned
3821 719 26 26 by
3859 720 32 21 Mr
3907 720 87 23 Michael
4014 723 116 30 M'Carthj,
4146 717 3 36 (
4154 729 12 20 >f

3608 752 84 22 Millar's
3711 753 54 26 Flat,
3782 760 39 14 was
3837 754 98 23 drowned
3953 757 52 22 from
4029 759 35 22 the
4081 761 84 24 Millar's

3608 788 45 20 Flat
3663 790 53 23 punt
3725 795 26 13 on
3764 788 133 28 Wednesday,
3918 790 44 22 The
3972 793 74 21 animal
4057 802 39 14 was
4107 797 58 28 being

3606 824 79 20 crowed
3692 824 20 20 in
3722 824 36 20 the
3765 825 52 24 punt
3827 825 40 20 and
3876 825 85 23 lurched
3969 827 51 22 from
4031 830 43 21 side
4085 834 21 17 to
4113 833 41 21 side

3605 859 121 25 apparently
3734 859 74 21 unable
3819 861 20 19 to
3849 860 51 26 keep
3910 861 36 21 her
3956 863 99 24 foothold.
4082 867 57 22 Final
4143 870 20 21 lv

3608 892 37 20 she
3663 891 93 21 tumbled
3774 893 45 20 into
3833 893 111 29 therriver,
3963 898 38 20 and
4021 899 78 27 though

3609 934 61 13 swam
3682 927 32 19 for
3723 927 36 20 the
3768 927 54 21 bauk
3832 929 36 20 she
3876 932 55 21 was'
3931 932 68 21 Unable
4009 935 20 19 to
4038 938 35 22 get
4081 937 72 21 ashore

3610 962 40 21 She
3662 969 39 13 was
3714 962 119 22 afterwards
3843 964 70 22 drawn
3926 966 46 22 into
3984 968 33 22 the
4027 974 82 20 current
4123 974 39 21 and

3611 997 81 22 washed
3705 998 59 21 down
3779 999 36 21 the
3829 1000 59 21 river.

3641 1039 17 19 A
3670 1037 34 26 big
3715 1045 43 13 case
3769 1039 15 20 is
3794 1040 90 26 pending
3898 1042 48 21 with
3961 1045 70 21 a'-view
4042 1047 20 19 to
4073 1054 36 15 on
4114 1050 39 20 test-

3613 1070 34 25 ing
3664 1070 36 21 the
3719 1071 91 25 Cyai.ide
3832 1073 120 28 Company's
3970 1079 71 23 patent
4057 1080 65 26 righ's
4142 1084 20 20 in

3614 1103 52 21 New
3702 1103 88 21 Zealand
3813 1105 75 25 (wiites
3910 1108 34 21 the

3613 1136 125 24 Wellington
3763 1145 56 14 corre
3830 1140 104 27 pondent).
3970 1144 33 21 Mr
4025 1146 77 23 Button
4125 1150 37 21 has

3617 1171 49 19 been
3685 1169 67 28 busily
3765 1173 88 25 engaged
3872 1176 90 26 working
3975 1185 28 14 uo
4023 1181 35 20 the
4073 1188 44 15 nse
4132 1183 30 21 for

3609 1204 1 34 •
3613 1211 57 14 gome
3683 1204 49 21 time
3751 1209 52 21 pas'.
3832 1207 32 21 Sir
3885 1208 78 23 Kohert
3980 1213 63 21 Stout
4061 1215 35 21 has
4114 1216 48 22 been

3611 1239 90 21 retained
3716 1241 21 19 to
3754 1247 76 21 appear
3847 1249 24 13 on
3884 1243 68 22 behalf
3964 1246 22 21 of
3999 1247 35 21 the
4047 1249 113 23 defendant

3611 1282 107 19 company.
3745 1275 44 22 The
3806 1284 44 14 c*se
3869 1279 40 21 will
3933 1280 23 21 be
3975 1284 91 21 watched
4085 1287 48 20 with
4150 1295 12 13 a

3611 1312 56 22 great
3679 1310 44 20 deal
3735 1311 21 19 of
3768 1312 85 21 interest
3865 1313 26 25 by
3904 1314 27 20 all
3944 1316 45 20 who
3999 1324 37 15 ,ire
4043 1319 115 23 .imoreetej

3610 1341 21 19 in
3644 1342 84 23 mining.

3640 1379 90 22 Robeht
3752 1381 115 23 Augustus
3889 1384 161 30 Butterfirlo,
4070 1398 25 13 an
4118 1393 47 25 aged

3616 1415 121 27 individual,
3749 1416 44 21 who
3803 1418 93 23 declared
3909 1420 47 21 that
3970 1422 25 20 he
4013 1423 73 27 fought
4100 1427 65 20 under

3615 1451 45 21 Vod
3671 1450 102 27 Teinpsltv
3786 1451 20 21 in
3820 1452 36 22 the
3866 1451 64 24 Maori
3945 1463 47 21 war,
4004 1458 84 24 pleaded
4097 1462 66 25 guilty

3613 1487 22 19 to
3658 1486 141 21 drunkenness
3817 1489 22 19 at
3860 1489 36 20 the
3918 1491 111 28 Roxburgh
4055 1499 59 18 court,
4135 1505 27 14 on

3609 1520 98 27 Tuesday.
3735 1520 54 21 That
3799 1521 25 21 he
3842 1529 39 14 was
3899 1526 93 25 posessed
4005 1528 22 21 of
4044 1536 11 14 a
4072 1531 89 22 militant

3612 1555 59 26 spirit
3682 1555 58 21 there
3749 1563 40 13 was
3798 1557 64 26 prima
3871 1559 48 21 facie
3931 1562 95 21 evideno
4036 1566 20 18 to
4066 1566 61 21 «how.
4139 1574 21 14 as

3611 1589 30 20 his
3652 1590 54 20 nasal
3725 1597 60 19 organ
3805 1598 38 13 was
3859 1595 110 19 somewhat
3985 1596 115 28 disfigured,
4116 1602 33 19 evi-

3614 1624 72 27 dently
3700 1625 35 20 the
3745 1626 64 20 result
3826 1627 22 19 <rf
3861 1634 11 14 a
3889 1630 81 21 onfiicl;
3987 1632 22 20 of
4022 1641 32 13 mo
4057 1641 19 14 re
4090 1641 69 17 recent

3612 1660 54 20 date.
3694 1661 32 19 Mr
3736 1661 85 26 Burton,
3832 1662 55 26 £P.,
3902 1664 89 23 ipfiicted
4000 1674 10 13 a
4020 1670 89 22 nominal
4119 1672 39 21 fine

3618 1694 22 20 of
3657 1695 28 20 2s.
3696 1695 33 20 61.

3641 1738 41 21 We
3691 1741 107 26 yesterday
3812 1743 57 21 witnt
3874 1744 44 22 sse-l
3929 1752 11 14 a
3946 1747 49 21 rtest
4011 1748 94 28 crushing
4119 1750 22 21 of
4151 1758 13 13 *

3617 1773 59 20 small
3689 1775 67 25 parcel
3773 1776 22 21 of
3807 1781 57 17 stone
3882 1779 61 22 taken
3959 1781 55 22 from
4033 1783 73 22 Elliott
4124 1787 40 19 and

3618 1807 91 23 Paikei's
3722 1810 66 27 claim,
3803 1812 66 23 which
3878 1814 50 27 they
3937 1815 52 22 have
4001 1819 91 26 recently
4102 1819 62 23 taken

3621 1852 28 20 up
3664 1854 25 13 on
3704 1849 35 21 the
3748 1852 78 23 ground
3843 1852 75 22 known
3932 1861 21 14 as
3974 1856 59 26 Day's
4051 1858 49 21 reef.
4126 1859 42 21 The

3622 1884 74 23 quartz
3709 1884 73 27 isveiy
3800 1885 64 28 likely
3881 1887 81 29 looking
3979 1892 57 20 stone
4054 1892 21 21 of
4093 1901 11 12 a
4125 1894 42 22 rich

3621 1919 76 27 colour,
3716 1921 39 20 and
3765 1929 11 12 a
3798 1923 69 25 pound
3881 1925 74 25 weight
3969 1927 20 19 of
4002 1927 17 20 it
4028 1936 40 12 was
4077 1931 50 19 tried
4138 1931 30 19 for

3617 1952 36 21 the
3683 1957 101 24 prospect'.
3824 1957 42 21 The
3891 1960 64 20 result
3977 1967 40 14 was
4040 1964 128 27 exceedingly

3621 1990 117 28 prcnoiring,
3744 1999 22 14 as
3776 1992 34 21 the
3820 1994 68 25 pound
3903 1995 74 27 weight
3986 1997 22 21 of
4022 1999 58 21 stone

3624 2027 71 21 betwe<
3703 2034 11 13 n
3725 2035 10 12 a
3749 2035 27 18 grs
3785 2028 20 21 in
3823 2030 39 20 and
3875 2038 12 13 a
3896 2030 43 21 half
3952 2033 39 19 and
4009 2037 40 17 two
4065 2036 66 25 grains
4147 2037 21 19 of

3619 2062 50 25 good
3679 2062 70 26 shotty
3759 2063 53 25 gold.
3840 2065 41 21 The
3894 2072 76 15 owneis
3988 2075 33 14 are
4037 2070 35 20 the
4082 2077 54 15 more
4146 2073 14 18 tr-

3621 2098 25 21 ie
3664 2098 154 26 congratulated
3837 2107 21 13 as
3876 2100 35 22 the
3932 2104 58 20 stone
4011 2112 39 14 was
4069 2106 58 21 taken
4145 2110 21 19 at

3618 2131 94 22 random,
3723 2132 39 20 and
3774 2139 39 14 wa«
3829 2136 35 17 not
3883 2135 70 25 picked
3972 2137 51 22 from
4038 2146 39 18 any
4094 2141 73 25 special

3621 2164 62 26 place.
3711 2165 56 27 They
3776 2173 34 13 are
3823 2167 107 26 confident,
3942 2169 51 21 from
4003 2172 93 25 previous
4106 2175 57 23 tests,

3618 2202 45 21 that
3675 2203 36 21 the
3724 2204 42 21 red
3781 2205 39 21 will
3830 2206 55 27 yield
3896 2207 44 21 well
3953 2208 54 28 right
4016 2209 94 29 through.

3643 2253 60 20 Some
3724 2253 100 22 members
3845 2254 23 21 <?f
3889 2256 40 21 the
3946 2257 63 21 circus
4026 2258 47 21 that
4089 2253 68 27 «visile,
4160 2261 6 19 1

3619 2285 110 25 Roxburgh
3738 2286 38 19 last
3787 2287 55 19 we,'k
3856 2287 39 19 had
3905 2294 12 13 a
3927 2294 76 14 narrow
4014 2296 69 19 escape
4093 2291 51 20 from
4155 2299 11 13 >i

3617 2317 77 22 serious
3704 2318 92 22 accident
3812 2320 22 21 at
3848 2319 84 23 Miller's
3950 2322 52 28 Flat,
4010 2324 22 21 at
4041 2323 36 22 the
4086 2324 38 22 end
4144 2325 21 21 of

3616 2353 38 22 last
3669 2355 61 21 week.
3747 2355 56 25 They
3815 2362 50 16 were
3875 2357 79 28 driving
3963 2366 11 13 a
3981 2360 87 21 somewh
4075 2364 14 17 it
4101 2360 64 27 frisky

3619 2388 58 21 horse
3690 2388 20 21 in
3723 2396 10 13 a
3744 2389 52 27 light
3803 2390 39 26 dog
3851 2393 50 23 cart,
3913 2392 56 21 when
3979 2400 12 14 a
4000 2393 166 27 traction.engine

3616 2422 71 25 passed
3699 2422 56 20 them
3767 2430 48 14 near
3828 2423 74 27 Eady's
3915 2425 68 22 Hotel.
4009 2427 43 20 The
4066 2427 58 21 horse
4136 2430 20 18 be-

3614 2454 82 27 coming
3706 2455 122 28 frightened,
3840 2456 68 23 bolted
3918 2465 18 14 a?
3944 2458 13 22 d
3965 2466 54 14 came
4030 2460 42 20 into
4083 2461 83 21 collison

3616 2490 48 22 with
3676 2498 54 14 some
3741 2494 55 24 posts
3807 2499 49 15 near
3864 2493 36 22 the
3913 2494 62 25 hotel.
4003 2494 33 23 JIo
4058 2496 48 21 then
4122 2504 33 14 con-

3614 2526 73 20 tinued
3702 2526 30 21 his
3748 2526 47 21 wild
3804 2534 74 20 caieer,
3892 2529 40 20 and
3945 2530 53 20 after
4011 2531 78 24 getting
4102 2531 32 20 rid
4146 2531 20 20 of

3614 2560 35 21 the
3661 2562 51 25 trap,
3725 2561 25 21 he
3760 2562 47 21 took
3817 2569 11 14 a
3838 2562 56 22 fence
3904 2564 51 20 c'ose
3965 2564 26 26 by
4000 2564 21 21 in
4038 2565 51 25 good
4103 2565 60 27 style,

3612 2596 83 27 landing
3718 2597 21 21 in
3762 2606 11 13 a
3795 2598 80 27 private
3900 2599 81 26 garden,
4000 2600 66 21 where
4088 2600 27 21 he
4129 2607 37 14 was

3613 2632 116 26 ultimately
3741 2634 90 21 rounded
3840 2640 35 20 up.
3903 2634 41 22 The
3962 2640 109 23 occupants
4089 2636 21 21 of
4129 2637 36 20 the

3610 2669 53 25 trap,
3678 2668 77 25 though
3771 2670 89 24 severely
3878 2670 84 23 shaken,
3979 2677 52 14 were
4049 2672 37 19 not
4105 2672 61 19 much

3612 2700 35 21 the
3658 2707 62 15 worse
3730 2701 32 21 for
3770 2701 35 21 the
3815 2701 98 28 accident,
3924 2702 38 21 but
3971 2702 36 22 the
4017 2703 77 21 vehicle
4108 2703 57 23 itself

3612 2741 39 14 was
3664 2735 21 20 in
3699 2734 51 23 need
3760 2736 21 21 of
3790 2736 104 21 extensive
3903 2737 83 25 repairs.

3758 2821 127 50 Mining
3912 2822 118 42 Notes.

3650 2903 54 26 Hie
3724 2903 98 27 Clutlia
3842 2905 73 28 riVor
3932 2905 80 35 keeps
4034 2908 28 24 at
4084 2915 15 18 a
4120 2907 47 25 low

3616 2941 76 26 level.
3729 2941 54 27 The
3796 2942 58 26 cold
3866 2942 117 27 weather
3994 2943 53 26 and
4057 2944 67 26 l'rost
4137 2954 30 17 on

3612 2978 45 24 the
3669 2978 62 24 hills
3746 2979 46 24 has
3803 2980 145 31 prevented
3961 2980 44 24 the
4019 2989 71 16 snow
4100 2980 67 26 from

3616 3013 121 35 melting,
3744 3014 53 25 and
3807 3023 28 16 as
3840 3016 45 33 yet
3895 3014 74 27 there
3980 3015 67 27 have
4057 3016 65 26 been
4135 3026 32 16 no

3616 3050 93 34 spring
3722 3051 88 30 floods,
3825 3051 85 26 which
3933 3053 105 35 usually
4056 3053 53 27 rise
4121 3054 46 26 the

3614 3087 71 27 river
3697 3098 16 16 a
3725 3088 50 27 few
3790 3088 52 27 feet
3853 3088 97 36 during
3960 3089 44 27 the
4013 3086 154 40 September

3610 3125 80 32 gales.

3647 3160 55 28 The
3722 3161 107 28 Ettrick
3850 3161 68 28 Gold
3940 3162 139 38 Dredging
4100 3164 62 27 Co.'.s

3612 3200 52 26 last
3678 3202 92 27 week's
3783 3204 93 24 return
3897 3212 52 17 was
3963 3202 62 27 68oz
4046 3205 28 24 of
4093 3205 69 33 gold,

3610 3238 52 24 and
3676 3247 28 16 so
3718 3238 42 26 far
3772 3248 27 16 as
3813 3248 47 16 one
3882 3248 48 17 can
3942 3239 89 35 judge,
4046 3241 44 26 the
4104 3241 58 26 lead

3606 3274 28 26 of
3646 3276 63 33 gold
3722 3277 22 25 is
3758 3276 83 35 likely
3854 3279 27 23 to
3894 3277 128 27 continue.

3641 3311 55 27 The
3718 3313 148 34 Roxburgh
3880 3312 68 27 Gold
3962 3313 61 27 S.D.
4038 3315 40 25 Co.
4093 3315 68 27 have

3606 3351 46 24 not
3664 3353 45 32 yet
3723 3359 71 18 come
3808 3359 31 17 on
3853 3354 27 23 to
3893 3351 88 27 better
3993 3352 109 34 ground,
4113 3352 48 28 but

3606 3387 46 26 the
3665 3388 100 34 dredge
3779 3389 21 24 is
3820 3398 56 16 now
3902 3389 115 31 working
4044 3391 84 26 where
4147 3401 15 16 a

3604 3424 54 24 rich
3675 3425 60 25 lead
3748 3425 26 24 of
3787 3424 63 34 gold
3874 3426 21 25 is
3921 3427 132 33 supposed
4075 3429 27 23 to
4121 3428 39 30 be,

3603 3461 52 26 and
3667 3462 88 26 better
3764 3461 96 28 results
3871 3472 43 17 are
3926 3463 93 28 looked
4029 3464 42 27 for
4081 3465 78 35 daily.

3637 3499 54 26 The
3705 3499 101 26 Golden
3826 3499 127 27 Treasure
3975 3500 120 37 Dreding
4117 3503 41 26 Cr.

3603 3536 120 27 declared
3745 3546 16 17 a
3785 3536 112 36 shilling
3921 3537 129 28 dividend
4063 3540 98 36 during

3601 3574 45 25 the
3683 3574 80 27 week,
3795 3575 53 24 and
3878 3575 46 25 the
3954 3575 103 26 Golden
4092 3578 68 25 Gate

3603 3609 139 36 Dredging
3756 3610 40 26 Co.
3819 3611 55 26 also
3888 3612 122 26 declared
4022 3622 16 17 a
4057 3613 103 27 similar

3600 3647 133 25 dividend.

3634 3684 56 26 The
3714 3684 101 27 Golden
3841 3684 62 27 Run
3935 3685 139 39 Dredging
4104 3687 51 35 Co.,

3600 3722 66 31 Ltd.,
3679 3723 46 26 lias
3736 3723 65 25 been
3812 3724 114 33 granted
3935 3725 39 25 six
3981 3726 159 35 months'pro-

3600 3760 98 25 tection
3711 3760 42 25 for
3764 3760 72 26 their
3858 3761 132 34 dredging
4003 3762 85 30 claim,
4104 3765 50 25 and

3598 3798 22 23 it
3633 3797 22 24 is
3669 3797 58 24 said
3740 3797 60 24 that
3810 3801 201 29 arrangements
4022 3808 43 16 are
4076 3801 79 30 being

3597 3833 77 26 made
3686 3833 64 25 with
3764 3833 59 25 that
3838 3835 151 34 company's
4010 3835 99 35 dredge
4128 3838 27 24 to

3597 3871 72 26 work
3691 3880 15 17 a
3726 3873 61 33 part
3809 3871 27 26 of
3854 3871 46 27 the
3914 3870 87 37 Otago
4014 3872 140 37 Dredging

3597 3908 64 24 Co.'s
3672 3909 78 25 claim
3761 3918 62 16 near
3835 3909 45 24 the
3892 3908 103 27 Millers
4008 3910 59 26 Flat
4077 3915 75 30 punt.

3630 3944 56 27 The
3708 3944 147 35 Roxburgh
3881 3945 205 36 Amalgamated
4109 3947 44 27 Co.

3597 3983 106 25 washed
3716 3992 35 23 up
3773 3983 47 24 No.
3837 3983 14 24 2
3875 3983 45 26 lift
3936 3985 149 34 yesterday,
4101 3988 52 24 and

3596 4018 45 26 the
3666 4019 144 25 handsome
3834 4021 94 24 return
3961 4019 27 25 of
4013 4021 62 26 920z
4100 4032 52 17 was

3595 4056 113 27 realised
3719 4056 41 26 for
3768 4056 45 27 the
3823 4056 77 27 usual
3912 4059 67 25 term
3989 4058 27 26 of
4024 4059 127 34 working.

3630 4094 85 26 There
3729 4094 46 26 has
3789 4094 65 26 been
3876 4095 73 33 quite
3973 4105 14 15 a
4011 4097 74 26 brisk
4108 4099 27 25 de-

3596 4131 78 24 mand
3693 4131 97 34 locally
3814 4131 42 25 for
3880 4131 105 26 Ettrick
4011 4132 137 36 Dredging

3594 4167 64 26 Co.'s
3672 4168 91 25 shares
3777 4168 98 35 during
3893 4169 46 25 the
3961 4170 78 32 week,
4054 4172 94 26 caused

3593 4205 135 26 doubtless
3742 4206 35 34 by
3790 4205 46 27 the
3850 4207 123 33 splendid
3998 4211 106 24 returns
4123 4213 25 26 of

3594 4242 50 26 last
3663 4242 78 27 week.
3782 4242 55 26 One
3851 4244 87 34 parcel
3949 4244 28 26 of
3990 4245 49 27 650
4052 4247 83 25 contri-

3592 4280 96 33 buting
3717 4280 98 30 shares,
3844 4280 46 26 the
3921 4286 127 31 property
4077 4284 27 24 of
4134 4299 14 15 ;l

3591 4317 149 33 gentleman
3759 4317 57 26 who
3838 4317 106 27 intends
3963 4320 139 32 returning
4121 4323 11 23 t
4144 4317 3 35 >

3592 4353 44 26 the
3651 4353 50 26 Old
3715 4353 125 37 Country,
3855 4364 68 18 were
3937 4356 123 35 disposed
4073 4357 27 27 of
4112 4359 35 34 by

3594 4390 41 26 Mr
3650 4392 100 25 Burton
3764 4395 26 22 at
3805 4393 44 25 15s
3862 4393 53 25 and
3930 4394 50 29 l(Jg.

3626 4428 56 26 The
3696 4428 94 35 Upper
3804 4428 119 35 Waipori
3937 4430 120 27 Alluvial
4079 4432 68 26 Gold

3592 4464 139 35 Dredging
3763 4465 135 35 Company
3921 4467 146 34 .(Limited)
4102 4470 30 24 ob-

3591 4496 90 33 tained
3695 4502 68 27 from
3785 4502 41 26 No
3849 4503 13 28 I
3877 4503 99 35 dredge
3990 4505 61 24 14oz
4065 4506 82 27 4dwt.

3590 4540 28 26 of
3630 4540 69 34 gold,
3717 4541 52 26 and
3782 4540 68 27 from
3861 4541 49 26 No.
3924 4543 14 25 2
3964 4542 98 34 dredge
4085 4544 61 27 10oz

3590 4578 89 26 15dwt
3690 4578 27 24 of
3726 4579 62 32 gold
3802 4578 41 24 for
3854 4580 50 24 last
3916 4580 92 24 week's
4017 4580 129 31 dredging

3625 4614 11 25 '1
3646 4614 32 26 lie
3691 4613 112 27 Jutland
3826 4615 61 25 Fiat
3911 4615 145 36 (Waipori)
4078 4617 67 27 Go'd

3592 4651 104 35 Mining
3710 4651 136 36 Company
3861 4652 138 34 (Limited)
4021 4654 124 27 obtained

3590 4689 62 26 370z
3665 4689 71 26 sdwt
3756 4689 42 26 for
3811 4690 48 26 144
3881 4689 87 27 hours'
3983 4700 86 26 wages
4083 4693 62 26 time

3590 4726 84 26 —133
3705 4727 79 25 hours
3815 4727 84 27 actual
3926 4728 219 34 dredging—last

3592 4764 76 25 week.

3777 4839 173 51 Sporting.

3720 4925 14 16 fi
3741 4922 55 19 LEX
3800 4922 37 19 AN
3840 4923 59 19 DBA
3913 4923 96 21 BACES.

3621 4960 58 28 Tiie
3697 4960 159 28 Alexandra
3878 4970 74 18 races
3974 4962 64 28 take
4062 4962 76 39 place

3571 5001 1 38 1
3585 5005 27 24 to
3628 5001 61 36 day,
3704 5001 54 27 and
3772 5001 46 27 the
3832 5002 121 27 weather
3967 5002 84 37 being
4065 5014 73 17 more

3583 5040 100 28 settled
3698 5040 77 28 there
3789 5039 24 29 is
3835 5040 84 30 likelv
3941 5045 28 25 to
3984 5042 34 28 be
4031 5054 16 16 a
4061 5042 77 29 lame

3902 5071 7 6 k
4101 5070 17 10 o

3584 5081 162 27 attei.dance
3786 5082 13 25 'J
3811 5081 32 27 lie
3865 5091 97 18 course
3983 5092 22 17 is
4029 5083 59 27 said
4109 5089 28 23 to

3583 5120 33 28 be
3639 5122 27 25 in
3690 5120 72 35 good
3784 5120 82 28 order
3886 5120 55 29 and
3962 5122 76 28 there
4061 5133 46 18 are
4120 5136 16 15 a

3581 5160 52 28 fair
3655 5161 113 27 number
3791 5160 30 28 of
3848 5160 101 29 entries
3973 5162 27 27 in
4021 5167 71 24 most
4108 5165 29 28 of

3581 5201 45 29 the
3640 5211 84 24 razees,
3741 5211 28 18 so
3784 5201 59 30 that
3858 5201 76 30 there
3948 5201 99 31 should
4062 5204 34 29 be
4118 5216 16 19 a

3579 5242 73 36 good
3676 5242 76 35 day's
3775 5245 87 33 sport.
3909 5242 58 28 The
3990 5244 144 39 following

3578 5281 93 28 horses
3685 5280 68 29 have
3768 5280 98 38 passed
3887 5282 124 40 through
4031 5282 103 42 during

3578 5322 46 27 the
3647 5320 162 30 week.—A.
3824 5322 102 39 King's
3941 5324 192 29 filverstream

3581 5361 53 36 (for
3654 5361 45 28 the
3725 5362 48 37 big
3793 5362 158 39 handicap).
3974 5364 30 28 T.
4029 5364 88 29 Buddi-

3575 5401 122 29 combe's
3730 5402 77 38 Lady
3837 5404 111 28 Ilanlon
3980 5405 58 35 (the
4061 5405 71 30 hack

3577 5445 98 33 races),
3692 5442 134 39 Biggans'
3848 5444 124 33 Outram,
3986 5445 147 39 Macpheiv

3576 5483 72 27 son's
3666 5482 132 38 Blizzard,
3814 5484 128 28 Sheath's
3962 5484 85 39 Tiger
4059 5486 42 29 Lil
4108 5499 24 25 v,

3574 5522 119 30 Tilson's
3720 5523 144 38 Highland
3900 5524 69 36 Lad,
3994 5526 139 41 Activity,

3574 5563 54 27 and
3645 5562 102 38 Boyd's
3763 5564 147 29 Charlville
3927 5565 54 35 (for
3992 5567 47 28 the
4051 5572 79 33 trot).

3576 5604 25 27 A
3615 5602 67 29 local
3697 5604 127 38 sporting
3837 5605 140 39 authority
4001 5609 83 28 sends
4099 5621 32 18 us

3575 5644 46 28 the
3647 5643 143 40 following
3817 5645 55 38 tips
3902 5647 55 30 for';
3979 5648 48 29 the
4058 5651 75 29 chief

3575 5689 111 24 events:
3690 5686 197 28 —Alexandra
3909 5687 146 40 handicap,
4078 5692 44 28 fcil-

3573 5731 161 24 verstreain.
3774 5724 102 41 Flying
3888 5717 148 51 handicap,
4047 5729 86 32 Tio-er

3575 5764 68 40 Lily
3683 5765 66 30 Two
3763 5766 62 29 mile
3838 5771 63 33 trot,
3906 5767 144 42 Highland
4062 5772 68 32 Lad,

1720 125 206 42 ■MOUNT
2013 127 227 61 BE-pjSER
2329 127 153 40 MAIL.

3711 117 167 41 October
3900 117 179 45 2,1695.

96 1386 47 30 TO
162 1379 217 35 BESIDENTtt
409 1376 46 30 OF
478 1375 168 31 MILLERb

314 1420 107 28 FLAT.

194 1507 4 34 (
207 1512 94 22 GREAT
320 1509 129 22 AUCTION
462 1507 72 21 SALE

348 1554 32 19 OF

92 1598 184 33 TALBOYS'
310 1594 179 32 SALVAGE
522 1591 123 31 STOCK

185 1641 90 36 (From
291 1638 156 29 Cromwell
459 1636 94 35 Fike),

128 1691 176 40 Comprising
314 1689 133 37 Clothing
458 1688 53 28 and
520 1686 124 38 Drapery

183 1734 29 28 of
226 1741 81 27 every
322 1729 177 37 description.
541 1726 62 29 Sale
616 1730 29 24 at

183 1771 167 30 Arbuckle's
360 1772 89 32 btore,
457 1768 105 28 Millers
572 1766 73 35 Flat,

108 1827 42 29 On
165 1822 191 35 TUESDAY,
372 1822 52 28 6th
442 1817 183 36 OCTOBER,

247 1867 39 24 At
299 1872 52 19 one
365 1860 117 30 o'clock.

127 2010 9 10 •
428 1994 177 29 Auctioneer.

333 2058 267 30 DISPENSAR
608 2059 35 27 Y.

183 2161 45 37 F.
273 2154 266 42 JEFFERY,

84 2219 132 27 CHEMIST,
230 2215 189 25 BOOKSELLER.
435 2210 205 27 TOBACCONIST,

145 2254 82 21 NEWS
240 2251 104 26 AGENT,
360 2248 164 24 STATIONER,
539 2248 37 20 kc.

84 2331 130 33 FANCY
244 2328 125 33 GOODS
401 2326 55 31 and
488 2323 151 33 PATENT

144 2378 215 33 MEDICINES
380 2377 29 27 of
431 2376 35 28 all
488 2374 93 29 kinds.

260 2471 98 23 AGENT
378 2469 81 22 FOR-

82 2516 125 28 Dresden
221 2514 85 26 Piano
321 2512 48 27 Co.

82 2556 89 29 North
181 2552 172 39 Queensland
360 2551 65 28 Fire
430 2549 151 28 Insurance
590 2546 47 29 Co.

80 2596 107 38 Kaglari
202 2594 135 38 Bicycles.

89 2662 55 52 Y.
332 2654 304 41 WILLIAMS,

109 2730 201 24 HAIRDRESSER
329 2729 62 21 AND
410 2725 201 26 TOBACCONIST,

277 2770 165 27 Lawrence.

118 2843 152 29 LADIES'
301 2839 298 32 HAIRCOMBINGS

163 2883 112 29 MADE
294 2881 93 29 INTO
407 2879 146 29 PLAITS.

84 2960 102 28 Orders
196 2959 37 35 by
242 2959 63 35 post
313 2954 139 37 promptly
459 2952 131 29 attended
599 2954 38 25 to.

141 3021 59 25 00
221 3019 21 24 K
304 3020 20 23 A
358 3020 14 21 £
433 3014 173 26 THIS!

139 3099 103 26 BOOTS
260 3102 37 21 tor
311 3099 42 23 the
371 3097 82 28 Great,

167 3144 74 23 Boots
262 3144 37 21 for
321 3143 41 22 the
377 3141 91 27 Small;

137 3187 73 26 Boots
225 3186 36 25 for
282 3185 40 25 the
341 3184 80 30 Miort,

169 3234 71 21 Boots
258 3232 38 23 for
313 3232 40 22 the
372 3231 54 22 Tall
442 3238 6 21 ;

131 3281 79 24 ,Bcots
225 3278 36 24 for
280 3279 40 22 the
339 3276 98 31 Yuung,

166 3321 74 23 Boots
258 3320 36 22 for
309 3319 39 23 the
369 3319 46 23 Uid
427 3326 6 20 ;

168 3386 56 24 And
241 3384 102 24 BOOTS
360 3384 45 24 and
425 3383 105 25 SHOES

288 3443 36 24 for
341 3441 29 24 all
393 3446 25 19 at

183 3508 22 23 H
219 3528 5 5 .
273 3504 269 29 DAILLIE'S,

85 3552 116 30 Opposite
217 3548 161 25 Ocrr.rr.ercial
398 3548 82 29 Hotel,
501 3547 131 30 Roxburgh

108 3614 132 26 <dP*Corre
256 3613 47 25 and
322 3618 90 21 inspect
426 3613 40 23 the
484 3613 80 23 Stock.

160 3674 20 21 U
207 3671 19 23 B
254 3671 20 24 K
301 3671 23 24 K
351 3671 19 22 T
500 3669 22 24 K
557 3673 19 21 A
606 3668 26 27 Y.

127 3738 124 24 Gekebai,
277 3736 106 25 Pbapeb
399 3744 50 17 aj;d
463 3736 129 23 Clothier

202 3779 61 25 Ross
285 3779 70 25 Place
378 3778 133 25 Lawrence.

142 3846 58 24 New
220 3845 46 24 and
284 3842 160 25 Fashionable
466 3842 107 31 I)rßpery

111 3879 78 32 Large
200 3879 64 25 etock
372 3878 47 23 ar:d
433 3878 63 29 Poys
506 3878 112 31 Ciothiog

141 3912 86 23 Ladies
242 3912 47 23 aLd
302 3911 125 23 thildiens
438 3912 132 29 requisites.

108 3956 76 24 Visits
214 3955 132 31 Roxburgh
390 3954 46 25 and
472 3954 160 33 surrounding

77 3991 104 22 <2istrict3
194 3991 114 26 monthly.

87 4048 44 26 HJ
158 4048 19 23 0
214 4046 18 24 T
261 4045 19 25 B
314 4045 20 24 E
365 4045 21 24 ft

205 4189 180 28 DERATING

71 4260 181 30 .COSTIPaTION,
399 4264 42 17 ISH
459 4256 88 31 Liyee,
584 4257 44 25 &c.

110 4304 85 23 Unlike
207 4311 73 21 many
296 4302 72 23 kinds
384 4303 25 22 of
423 4302 117 23 cathartic
556 4303 64 22 fiiedi-

77 4346 73 17 cir.es,
166 4337 31 23 do
212 4341 42 19 not
265 4335 71 25 make
349 4343 45 21 you
406 4334 45 25 feel
458 4342 81 16 worse
550 4334 80 25 before

76 4380 46 23 you
155 4370 45 25 feel
230 4370 77 23 better
358 4368 71 24 Their
458 4369 122 29 operation
611 4369 19 24 is

75 4404 89 31 gentle,
191 4403 41 23 but
254 4401 127 29 thorough,
408 4401 47 23 and
482 4402 145 22 unattended

69 4436 62 24 'with
144 4435 164 30 disagreeable
321 4433 90 28 effects,
422 4433 58 24 such
493 4441 27 15 as
533 4441 97 22 nausea,

73 4470 96 31 griping
183 4468 78 30 pains,
276 4466 43 24 &c.

218 4499 134 32 Operating
378 4499 56 23 Pills
455 4506 40 16 are
514 4498 41 24 the
576 4499 52 23 bast

73 4536 83 31 family
169 4534 84 33 physic
277 4533 52 26 that
352 4532 44 26 has
418 4534 63 23 iever
503 4532 59 25 been
582 4532 35 25 dis-

73 4570 113 24 covered,
220 4569 66 29 They
301 4567 96 24 cleanse
407 4566 40 24 the
463 4566 88 24 bowels
568 4567 60 23 from

72 4604 33 23 all
119 4601 119 30 irritating
253 4600 149 29 substances,
414 4598 48 25 and
479 4598 68 26 leave
563 4599 65 24 them

68 4645 14 15 n
102 4644 14 15 a
129 4635 99 28 healthy
241 4633 134 24 condition.

102 4668 51 23 The
166 4668 53 21 best
230 4665 98 27 remedy
341 4668 83 19 extant
436 4664 34 22 for
482 4664 40 23 the
531 4663 63 22 bane
606 4663 24 22 of

72 4708 43 16 our
146 4699 58 23 lives
253 4695 161 31 constipation
443 4696 48 22 and
524 4695 106 29 sluggish

70 4735 69 25 liver.

103 4768 77 22 These
197 4763 56 25 Pills
263 4766 99 29 prevent
373 4760 78 26 fevers
461 4760 47 24 and
519 4760 30 24 all
561 4759 70 23 kinds

72 4802 26 22 of
116 4799 108 24 sickness
249 4799 30 29 ly
300 4795 124 30 removing
449 4794 32 22 all
501 4793 130 30 poisoious

72 4838 87 19 matter
180 4832 61 23 from
258 4831 41 21 the
317 4828 96 23 bowels.
446 4826 12 21 1
467 4828 45 27 bey
533 4830 97 24 operate

70 4864 100 30 briskly,
182 4868 39 25 yet
235 4862 92 29 mildly,
340 4860 99 22 without
451 4865 47 21 any
511 4858 64 29 pain.

104 4898 20 22 If
147 4904 47 23 you
217 4898 56 20 take
296 4901 15 16 a
333 4899 83 18 ievere
439 4891 62 28 cold,
522 4889 48 24 and
590 4897 39 16 are

72 4929 142 26 threatened
239 4927 55 23 with
317 4934 14 15 a
351 4926 72 26 fever,
442 4924 55 22 with
519 4923 69 28 pains
606 4924 21 22 in

73 4964 41 22 the
138 4960 71 28 head,
232 4959 68 28 back,
324 4957 47 24 and
392 4956 78 25 limbs,
493 4962 22 16 01
540 4962 26 16 or
583 4959 45 20 two

72 4996 73 23 doses
168 4995 25 23 of
216 4991 100 30 Seigel's
340 4988 132 32 Operating
496 4986 59 26 Pills
583 4988 45 24 will

71 5028 76 24 break
172 5034 31 22 up
233 5025 40 23 the
301 5023 53 24 cold
385 5022 48 23 and
460 5026 99 26 prevent
588 5021 39 24 the

68 5063 75 22 fever.

101 5096 21 21 A
135 5091 86 26 coated
235 5096 96 24 tongue,
344 5089 55 24 with
413 5096 14 16 a
441 5087 111 24 brackish
564 5092 63 20 taste

70 5128 21 23 is
103 5125 89 25 caused
206 5125 29 28 by
250 5124 48 23 foul
314 5127 86 19 mattar
414 5122 23 23 in
454 5121 40 23 the
508 5121 118 24 stomach.

70 5162 21 21 A
109 5159 44 23 few
169 5158 72 23 dozes
260 5157 26 23 of
303 5155 96 30 Peigel's
418 5153 130 31 Operating
566 5153 59 25 Pills

70 5192 45 24 will
128 5192 97 24 cleanse
238 5190 39 24 the
289 5188 117 29 stomach,
418 5194 96 18 remove
528 5188 40 23 the
577 5186 46 24 bad

68 5232 71 22 tabte,
151 5225 47 23 and
219 5231 89 16 restore
324 5223 40 23 the
376 5222 113 30 appetite,
503 5221 49 24 and
568 5220 55 25 with

75 5265 8 18 t
94 5259 71 28 bring
176 5257 63 28 good
253 5256 87 23 health.

100 5291 81 23 Oftent
185 5285 2 33 ;
188 5288 162 30 .mesdisease,
361 5294 26 16 or
397 5285 109 33 partially
516 5285 105 32 decayed

68 5324 66 24 food,
171 5329 85 17 causes
293 5321 115 27 sickness,
441 5327 99 21 nausea,
574 5321 47 23 and

68 5357 130 24 diarrhoea.
232 5355 22 23 If
276 5353 40 25 the
338 5353 88 23 bowels
448 5360 40 17 are
510 5353 111 24 cleansed

88 5397 39 17 om
140 5389 48 23 this
201 5386 112 31 impurity
325 5386 56 23 with
393 5393 15 16 a
420 5385 58 24 dose
489 5386 26 23 of
524 5385 98 31 Seigel's

68 5423 131 31 Operating
210 5420 66 26 Pills,
287 5420 68 24 these
367 5418 164 31 disagreeable
540 5419 82 25 effects

67 5456 46 23 will
126 5454 94 29 vanish,
232 5453 48 24 and
294 5453 62 30 good
371 5452 82 23 health
466 5453 46 22 will
523 5453 80 24 result

96 5488 98 31 Seigel's
214 5486 134 31 Operating
375 5484 58 24 Pills
460 5489 99 26 prevent
584 5486 27 23 ill-

64 5521 84 26 effects
162 5521 59 23 from
232 5526 82 17 excess
330 5519 22 22 in
365 5518 81 30 eating
458 5526 26 15 or
500 5518 119 30 drinking.

67 5559 19 21 A
99 5555 65 31 good
176 5554 58 24 dose
248 5558 24 19 at
284 5552 106 24 bedtime
401 5550 97 24 renders
511 5559 14 15 a
535 5559 85 23 person

61 5588 31 25 .fit
103 5589 36 23 for
154 5587 111 24 business
284 5592 16 17 n
311 5585 41 24 th;
364 5584 120 30 morning.

96 5621 77 25 These
199 5619 64 29 Pills,
284 5617 70 31 being
381 5616 176 31 sugar-coated,
581 5624 39 17 art

61 5656 114 35 pleasant
187 5659 24 19 to
224 5653 64 24 take!
322 5651 53 24 The
385 5651 165 29 disagreeable
559 5654 61 21 taste

78 5695 99 20 emmen
188 5692 25 18 to
228 5689 63 20 most
303 5685 54 30 pills
369 5691 40 16 are
422 5684 120 23 obviated.

155 5754 32 25 A.
211 5751 23 25 J.
260 5748 111 26 WHITI
409 5748 112 25 Limited

216 5783 103 28 London
346 5782 122 32 England.

676 219 293 56 JJAMILTON
1031 227 38 36 &
1138 228 98 43 GO.,

746 291 176 41 TAILOES,
942 296 230 40 CLOTBIEES,

930 359 57 20 AND

689 397 274 35 GENTLEMEN'S
986 402 239 32 OUTFITTERS

680 462 88 36 (Next
808 463 101 30 Mount
1139 467 94 39 Office)

765 526 206 39 SCOTLAND-ST.,
986 529 162 33 ROXBURGH.

716 627 89 39 Style,
826 628 56 37 Fit,
902 631 56 28 and
983 632 217 41 Workmanship

866 681 185 32 Guaranteed.

770 731 3 35 ■
784 731 150 31 Overcoats
951 738 29 26 to
995 735 135 31 Measure.

714 823 272 32 MOD-MATE
1019 827 80 28 Pill
1113 827 93 31 CES.

676 912 25 28 A
723 912 94 29 choice
835 913 40 29 lot
895 914 29 28 of
943 914 126 39 Samples
1083 917 28 28 of
1124 917 114 28 Tweeds

824 964 104 40 always
941 967 28 28 in
991 968 97 28 fctock-

679 1039 283 54 JTEKB.E.RT
1010 1044 101 27 AND
1162 1045 74 36 CO.,

868 1107 171 22 LAWRENCE.

832 1197 154 30 Importers
1006 1208 32 20 of
1039 1217 36 4 —

672 1245 203 38 Ironmongery

762 1291 192 37 Agricultural
977 1291 183 39 Implements

682 1363 7 20 ?
938 1338 191 37 Agricultural
1148 1338 87 32 Seede

850 1394 218 31 GROCERIES

695 1451 96 29 TEAS
903 1452 100 29 TEAS
1118 1453 98 29 TEAS

679 1497 128 37 (Ceylon)
899 1498 122 36 (Indian)
1113 1498 120 35 (China.)

687 1571 182 40 TOHNS
911 1573 31 37 &
981 1574 254 42 M'COMBE,

675 1655 131 22 GROCERS
821 1657 62 20 AND
901 1657 138 20 GENERAL
1053 1657 182 24 MERCHANTS,

815 1706 160 27 MILLERS
995 1706 99 28 FLAT.

712 1785 57 28 The
808 1785 105 39 largest
944 1785 55 28 and
1033 1785 200 30 best-assorted

675 1825 86 30 Stock
775 1827 30 28 of
819 1826 116 29 General
950 1826 93 29 Goods
1064 1827 26 27 in
1115 1838 54 27 any
1184 1838 33 27 up-

674 1870 117 35 country
805 1871 74 24 store
892 1867 28 28 in
935 1867 100 36 Otago.

712 1906 142 31 Groceries
879 1908 56 29 and
958 1907 157 30 Provisions
1135 1908 29 29 of
1186 1909 48 29 the

675 1948 62 27 best
747 1947 83 29 kinds
845 1951 28 25 at
883 1952 73 25 most
965 1949 161 28 reasonable
1135 1949 98 38 prices.

711 1987 151 40 Crockery,
896 1989 163 37 Glassware,
1087 1990 128 28 Ironmon-

673 2041 78 27 gery,
767 2031 94 34 Boots,
876 2031 98 34 Shoes,
989 2031 49 29 &c.

711 2069 161 29 Customers
887 2072 99 28 waited
1000 2083 35 17 on
1050 2073 27 28 in
1099 2072 34 30 all
1158 2076 75 36 parts

671 2111 30 29 of
713 2111 47 29 the
777 2112 118 30 district.

871 2190 157 22 AGENCIES:

672 2227 178 32 Manchester
864 2229 63 31 Fire
941 2231 151 31 Insurance
1108 2232 48 30 Co.

672 2271 159 25 Australian
842 2271 108 26 Mutual
960 2272 149 27 Provident
1121 2274 110 26 Society

688 2310 11 2 __
1212 2297 12 11 J

747 2398 26 28 R
833 2399 106 29 FIN
960 2400 117 30 LAY
1098 2401 132 38 SON,

754 2450 162 22 BARRISTER
931 2453 62 20 AND
1007 2453 157 26 SOLICITOR,

668 2543 70 29 Will
764 2544 97 28 attend
888 2545 47 27 the
962 2544 153 40 Roxburgh
1144 2546 86 30 Court

820 2584 80 29 when
922 2587 158 38 requested.

669 2653 104 37 Money
784 2656 28 25 to
822 2652 78 29 Lend
910 2665 34 16 on
956 2653 136 30 Freehold
1104 2655 127 38 Security

669 2791 42 53 F
798 2792 44 37 A.
922 2791 309 47 MILLER,

669 2866 136 26 BUILDER,
819 2866 108 21 JOINER
941 2866 63 21 AND
1025 2867 199 21 UNDERTAKER

1226 2890 5 10 >

764 2916 72 29 Ross
858 2916 99 37 Place,
979 2917 165 30 Lawrence.

672 3006 126 29 PLANS
811 3006 81 28 AND
908 3007 323 29 SPECIFICATIONS

812 3060 26 27 A
861 3058 224 29 SPECIALTY.

669 3151 155 35 Quantities
839 3151 139 38 Prepared
1002 3151 55 27 and
1079 3151 150 28 Estimates

694 3191 88 30 Given
796 3191 44 30 for
853 3191 36 30 all
902 3191 102 30 classes
1018 3191 29 31 of
1061 3191 137 30 Builders'

901 3232 99 27 Work.

662 3297 34 55 J
779 3298 49 37 H.
893 3298 330 41 PEARSON,

708 3361 269 38 CONTBACTOR,
997 3362 183 37 BUILDER,

917 3424 54 19 AND

802 3467 279 31 UNDERTAKER.

666 3543 146 29 Contracts
828 3542 83 29 taken
924 3543 42 29 for
980 3543 139 31 Builders'
1139 3546 82 30 vVork

785 3584 29 27 of
828 3593 82 28 every
924 3584 177 38 description.

728 3655 199 23 ESTIMATES
958 3657 194 22 PREPARED.

702 3715 25 28 A
743 3715 196 30 well-assorted
966 3716 85 30 Stock
1073 3718 29 29 of
1123 3718 82 29 Furni-

665 3759 60 24 ture
739 3756 101 38 always
854 3767 34 18 on
902 3758 83 28 hand.

703 3796 134 28 Funerals
848 3798 154 27 conducted
1015 3799 27 26 in
1053 3799 36 27 all
1103 3803 75 33 parts
1192 3799 31 28 of

665 3835 46 28 the
738 3835 125 30 District.
903 3836 106 31 Hearse
1035 3838 135 40 provided
1199 3839 22 28 if

662 3876 137 39 required.

662 3940 62 56 B.
835 3944 57 39 w
957 3945 20 39 I
1043 3946 38 40 H
1148 3947 37 39 N
1211 3979 7 13 ,

659 4011 136 27 PAINTER,
819 4013 131 28 GLAZIER,
975 4015 93 21 PAPER
1087 4015 133 27 HANGER,

735 4039 69 22 SIGN
824 4041 115 23 WRITER
961 4043 62 21 AND
1047 4043 95 23 HOUSE

848 4071 178 28 DECORATOR,

752 4109 71 29 Ross
844 4111 99 36 Place,
964 4113 163 29 Lawrence.

698 4189 41 29 On
757 4189 62 30 Sale
833 4202 16 17 a
859 4191 77 39 large
948 4193 54 28 and
1012 4194 93 29 varied
1116 4198 88 25 assort-

660 4233 76 25 ment
749 4230 29 29 of
793 4231 69 36 Oils,
877 4231 104 38 Paints,
1005 4233 100 37 Scrim,
1128 4235 90 36 Glass,

659 4269 232 42 Paperhangirgs
913 4274 54 28 and
988 4274 137 30 Painters'
1146 4275 55 29 Sun-

659 4310 84 29 dries.

696 4351 69 30 New
776 4353 53 29 and
839 4353 172 31 fashionable
1019 4355 74 30 Wall
1105 4356 113 39 Papers,

660 4392 71 28 from
746 4393 37 28 5d
805 4404 50 27 per
875 4395 77 38 piece
975 4397 138 36 upwards.
1153 4401 49 24 Pat-

659 4434 77 27 terns
750 4438 62 23 sent
825 4444 35 18 on
881 4435 178 38 application,
1075 4441 63 33 post
1151 4436 67 29 free.

697 4473 147 28 Estimates
858 4474 84 38 given
956 4475 43 28 for
1024 4475 117 29 General
1164 4476 36 28 Re-

659 4513 84 39 pairs.

698 4554 163 30 Celebrated
878 4556 131 30 Lustruss
1029 4558 91 35 Paint,
1134 4558 83 38 ready

658 4595 101 34 mixed,
774 4596 35 28 all
825 4595 123 30 Colours.

665 4657 72 51 M.
944 4661 33 34 B
1024 4661 34 34 L
1104 4662 28 35 0
1171 4662 46 41 Y,

686 4723 202 21 WHITEHAVEN
903 4725 111 26 STREET,
1028 4725 169 24 LAWRENCE.

660 4803 130 28 BOARD
814 4804 82 28 AND
926 4804 221 30 RESIDENCE
1168 4806 50 27 AT

705 4854 256 29 REASONABLE
983 4855 188 29 CHARGES.

770 4934 95 28 Meals
886 4944 31 19 at
936 4944 49 20 all
1005 4936 107 29 Hours.

677 5014 59 28 The
750 5015 63 28 best
827 5015 245 31 Accommodation
1094 5018 43 29 for
1150 5018 48 29 the

798 5054 159 41 Travelling
971 5057 107 30 Public.

656 5142 103 29 GOOD
775 5142 201 31 STABLING.
1015 5144 98 30 OATS
1130 5144 82 30 AND

768 5182 127 30 CHAFF
916 5184 52 29 ON
992 5181 123 38 SAiTIT

656 5248 216 51 HUGH
947 5252 263 41 BEUCE,

745 5316 202 31 BOARDING
975 5318 141 37 HOUSE,

682 5370 319 37 Whitehayen-street,
1024 5372 156 38 Laurence

719 5422 144 39 (Opposite
877 5423 118 39 English
1010 5424 130 39 Church.)

663 5516 81 20 FIRST
762 5515 85 21 CLASS
869 5515 250 24 ACCOMMODATION
1140 5517 56 21 FOR

738 5555 58 21 THE
810 5555 186 22 TRAVELLING
1011 5556 113 22 PUBLIC.

699 5635 78 31 Good
801 5635 131 40 Stabling
957 5636 54 29 and
1030 5635 133 31 Paddock

802 5684 256 29 Accommodation.

735 5776 3 34 ■
738 5776 164 34 —Charges
922 5776 202 30 Moderate,—

1305 217 189 30 DISPOSAL
1515 219 48 29 OF
1589 220 199 31 BUSINESS.

1269 290 108 29 WM.
1397 291 117 27 M'KAY
1533 293 88 27 wishes
1641 298 25 22 to
1684 293 80 35 notify
1783 294 42 26 the

1373 327 122 28 residents
1515 329 28 26 of
1557 329 140 37 Roxburgh
1712 330 48 27 and
1774 339 37 19 sur-

1269 364 127 36 rounding
1409 366 118 27 Districts
1542 367 54 27 that
1609 368 30 27 he
1653 368 44 27 has
1710 368 113 37 disposed

1269 401 27 27 of
1305 402 38 27 his
1356 403 130 35 Tailoring
1501 404 118 28 Business
1639 416 30 16 on
1693 407 48 26 and
1762 407 62 27 after

1268 439 95 27 the'lst
1376 441 120 35 proximo,
1512 449 24 19 to
1550 443 93 26 Messrs
1668 443 155 28 Hamilton

1269 484 57 19 and
1340 477 54 34 Co.,
1415 478 55 26 who
1493 479 50 26 will
1566 480 26 26 in
1612 480 83 26 future
1717 481 107 27 conduct

1269 512 41 27 the
1324 513 121 28 business.
1483 515 30 26 In
1528 516 79 36 doing
1629 527 34 23 so,
1679 517 29 26 he
1731 518 44 26 has
1799 525 25 20 to

1269 551 76 27 thank
1362 552 37 27 his
1422 562 134 18 numerous
1578 560 103 30 patrons
1704 555 37 26 for
1761 557 64 26 their

1269 596 111 30 support,
1395 590 48 28 and
1458 591 80 27 would
1558 593 45 27 ask
1625 603 12 17 a
1660 594 165 27 continuance

1269 627 27 26 of
1324 628 41 26 the
1395 637 67 17 same
1490 635 25 20 to
1544 630 38 27 his
1609 640 145 18 successors.
1803 635 19 24 A

1268 672 98 26 prompt
1380 666 143 27 settlement
1543 668 27 25 of
1589 668 32 26 all
1636 670 128 25 Accounts
1777 670 47 26 due

1269 708 24 19 to
1307 701 51 28 him
1374 702 48 27 will
1436 703 91 35 oblige.

1303 778 95 28 Messrs
1413 779 156 30 Hamilton
1587 792 59 18 and
1660 785 55 32 Co.,
1730 796 29 15 on
1776 787 38 26 tak-

1268 814 46 35 ing
1328 824 57 17 over
1399 816 40 26 ftie
1453 817 112 28 business
1585 820 75 36 lately
1679 823 93 25 carried
1794 833 30 16 on

1270 851 28 34 by
1316 852 41 26 Mr
1371 853 66 26 Wm.
1458 854 106 35 M'Kay,
1579 856 48 36 beg
1641 866 24 18 to
1684 868 84 16 assure
1789 860 36 26 his

1270 887 48 27 late
1337 890 143 27 Customers
1495 893 47 25 and
1558 894 41 26 the
1613 895 120 27 residents
1747 896 24 24 of
1785 897 41 25 the

1269 924 97 28 district
1380 928 128 36 generally
1522 930 54 25 that
1589 940 33 17 no
1636 932 71 26 effort
1728 933 47 26 will
1798 933 27 26 be

1270 964 113 34 wanting
1397 974 30 16 on
1443 966 64 26 their
1520 974 53 28 part
1595 973 25 21 to
1633 970 57 35 give
1705 969 40 27 the
1758 980 67 17 same

1269 1000 153 28 satisfaction
1439 1003 52 27 that
1505 1004 44 26 has
1563 1005 93 37 always
1676 1007 58 27 been
1749 1009 75 34 given

1269 1037 24 24 in
1321 1039 41 24 the
1393 1046 62 27 past.
1493 1041 13 25 1
1516 1043 47 34 hey
1588 1043 72 36 hope,
1693 1045 31 35 by
1754 1047 71 25 strict

1268 1075 124 26 attention
1424 1083 24 19 to
1479 1076 121 36 business,
1624 1088 25 19 to
1680 1082 71 26 merit
1783 1083 41 25 the

1266 1117 104 28 support
1383 1112 28 26 of
1422 1113 40 27 flie
1473 1114 88 34 public.

1266 1171 265 33 APPLICATION
1559 1177 76 30 FOR
1662 1180 163 30 SPECIAL

1481 1216 131 31 CLAIM.

1439 1286 105 29 District
1557 1300 6 15 :
1582 1291 83 35 Otago
1679 1293 112 33 Mining.

1381 1322 64 28 Date
1458 1322 4 39 :
1479 1325 59 27 IGrh
1549 1327 154 34 September
1717 1331 73 28 181)0.

1300 1358 37 28 To
1352 1359 40 28 tl>e
1409 1361 107 29 Warden
1531 1370 25 21 at
1570 1366 148 38 Roxburgh.

1269 1403 26 53 J
1328 1403 152 29 HEHEBY
1516 1409 75 34 apply
1622 1411 36 26 for
1688 1422 13 17 a
1731 1413 96 35 Special

1331 1440 81 27 Cliiiin
1445 1444 36 24 for
1512 1444 167 37 Goldniining
1710 1458 117 27 purposes

1270 1476 78 25 under
1362 1478 42 24 the
1418 1481 138 31 provisions
1579 1484 28 24 of
1651 1485 53 26 The
1724 1487 104 34 Mining

1270 1515 57 28 Act,
1354 1514 82 32 1891,'
1470 1517 25 25 of
1517 1514 40 36 tlie
1583 1519 71 28 lands
1681 1522 147 28 hereinafter

1265 1550 139 32 described,
1415 1553 80 27 which
1508 1554 62 28 have
1584 1557 59 26 been
1656 1558 58 36 duly
1727 1561 101 26 marked

1268 1587 24 24 in
1307 1588 151 27 accordance
1473 1592 58 26 with
1548 1593 41 27 the
1611 1596 99 35 mining
1732 1598 83 35 regula-

1268 1625 73 27 tions.

1423 1665 119 28 JAMES
1562 1667 161 37 ELLIOTT,

1583 1708 89 32 14584,
1693 1710 99 34 4/9/96.

1303 1769 82 28 Name
1399 1773 47 25 and
1462 1774 99 28 address
1571 1777 25 27 in
1608 1777 42 27 full
1665 1778 29 27 of
1700 1780 125 36 applicant

1300 1806 85 30 James
1402 1809 94 36 Ellioit,
1512 1815 91 27 station
1619 1825 126 28 manager,
1762 1818 48 28 Rox-

1266 1844 85 28 burgh.

1301 1883 113 38 Locality
1430 1886 80 28 where
1523 1888 40 28 the
1574 1889 58 29 land
1644 1891 97 38 applied
1756 1893 36 28 for
1806 1895 19 27 is

1264 1921 176 29 situated—ln
1466 1927 175 29 Whitecoomb
1655 1933 96 35 Survey
1765 1933 44 25 Dis-

1267 1959 62 31 trict
1357 1967 24 19 at
1402 1962 117 34 junction
1551 1967 24 25 of
1606 1975 53 20 east
1684 1978 48 18 anu
1764 1976 60 21 west

1267 1997 121 28 branches
1402 2003 23 22 of
1442 2002 114 28 Waikaia
1573 2004 80 29 River.

1302 2035 94 28 Extent
1409 2041 23 22 oi
1448 2039 56 27 land
1517 2042 97 35 applied
1630 2044 104 28 for—4o
1748 2055 75 17 acres.

1301 2076 111 25 Amount
1428 2077 23 25 of
1465 2079 89 35 capital
1571 2081 119 35 proposed
1704 2085 27 24 to
1744 2083 27 27 be
1785 2084 25 26 in-

1265 2112 227 30 vested—£2.ooo.

1301 2149 124 35 Proposed
1442 2153 70 25 mode
1535 2155 27 25 of
1583 2156 115 36 working
1712 2157 40 28 the
1766 2157 56 28 land

1303 2186 138 28 Hydraulic
1455 2189 115 37 sluicing.

1304 2224 7 27 1
1320 2235 49 18 enn
1386 2227 36 27 fur
1437 2229 79 27 which
1536 2231 91 34 special
1651 2232 72 28 claim
1749 2241 75 29 grant

1263 2263 19 24 is
1297 2266 111 31 required

1299 2299 106 27 (jeneral
1427 2311 18 15 i>
1455 2304 81 26 n.a;ks
1549 2320 13 3 -
1576 2304 64 38 Pegs
1655 2307 100 26 marked
1771 2307 31 27 X.

1298 2337 80 27 Dated
1394 2346 24 19 at
1437 2342 136 38 Roxburgh
1590 2345 48 26 this
1663 2346 57 27 10th
1735 2347 47 27 dav
1798 2347 24 27 of

1262 2375 153 37 Sfpteiub.T,
1434 2380 72 26 i$!)G.

1296 2447 53 25 Th-e
1362 2448 77 28 a'»ove
1453 2451 150 35 application
1618 2454 48 27 and
1681 2465 47 26 any
1743 2456 65 36 objec-

1264 2492 62 20 tions
1342 2487 49 27 will
1416 2489 27 25 be
1470 2491 73 25 heard
1571 2499 23 19 at
1621 2494 41 25 the
1688 2494 132 27 Warden's

1262 2523 74 25 Office
1350 2530 25 20 at
1400 2525 138 36 Roxburgh
1561 2538 31 16 on
1618 2530 62 26 23rd
1705 2531 115 30 October,

1264 2559 74 28 1890.

1298 2600 58 34 Any
1370 2608 90 28 person
1474 2601 113 39 desiring
1606 2611 25 21 to
1644 2605 82 36 object
1740 2611 26 23 to
1780 2606 41 28 the

1263 2638 123 34 granting
1400 2639 23 26 of
1437 2648 13 17 a
1473 2642 91 34 special
1587 2643 71 27 claim
1674 2644 97 35 applied
1785 2646 37 26 for

1263 2680 75 25 must,
1358 2676 67 33 prior
1446 2682 24 20 to
1496 2678 40 26 the
1562 2679 114 37 hearing,
1695 2688 70 20 enter
1784 2683 38 25 his

1263 2709 137 36 objections
1425 2719 26 22 at
1477 2714 40 28 tLe
1543 2716 134 30 Warden's
1702 2719 76 28 Office
1797 2726 26 21 at

1264 2749 149 36 Roxburgh.

1301 2785 122 30 Received
1437 2794 26 21 at
1476 2789 133 30 Warden's
1626 2792 76 29 Office
1716 2800 24 22 at
1756 2794 50 28 Rox-

1264 2822 81 36 burgh
1360 2835 31 16 on
1407 2826 61 27 16th
1482 2828 153 36 September,
1650 2832 73 34 1890,
1743 2841 26 18 at
1792 2834 30 24 12

1263 2860 93 27 o'clock
1371 2871 74 19 noon.

1315 2909 214 31 FREDERICK
1547 2914 171 39 JEFFERY,

1463 2951 76 27 Clerk
1556 2952 129 30 Warden's
1700 2958 87 27 Court.

1263 3006 265 32 APPLICATION
1553 3009 75 31 FOR
1660 3013 164 35 SPECIAJ,

1478 3048 133 33 CLAIM.

1435 3120 106 29 District
1555 3133 6 16 :
1579 3125 83 34 Ofago
1676 3129 110 35 Mining.

1247 3154 1 45 I
1364 3154 83 30 Date:
1469 3158 58 27 16th
1543 3160 153 39 September,
1714 3167 71 28 180(i.

1247 3194 1 45 I
1296 3194 37 27 To
1350 3195 41 27 the
1407 3195 110 29 Warden
1532 3206 23 20 at
1571 3201 148 38 Roxburgh.

1265 3238 24 26 T
1307 3238 145 28 HEHEHI
1469 3241 73 37 apply
1554 3244 38 25 lev
1605 3254 13 17 a
1632 3245 94 38 Special
1742 3248 79 29 Claim

1328 3278 36 24 for
1378 3278 168 36 Goldmining
1559 3291 119 27 purposes
1692 3287 78 26 under
1782 3288 40 25 the

1258 3314 140 33 provisions
1413 3315 28 26 of
1451 3320 16 10 41
1478 3316 13 26 'J
1501 3316 30 27 he
1545 3319 103 36 Mining
1662 3324 57 27 Act.

1257 3351 25 26 of
1315 3351 43 26 the
1392 3352 70 27 lands
1503 3354 150 32 hereinafter
1684 3361 137 29 described,

1258 3389 80 27 which
1372 3390 63 27 have
1469 3391 59 28 betn
1573 3396 59 35 duly
1665 3398 101 26 markid
1797 3401 23 25 in

1256 3426 156 28 accordance
1424 3428 59 26 with
1496 3429 40 26 the
1549 3433 99 35 mining
1658 3434 164 37 regulations.

1451 3479 31 27 D.
1501 3480 32 26 H.
1549 3481 160 35 PARKER,

1559 3520 27 26 U
1592 3521 57 35 GOO,
1667 3522 84 38 10/9/9
1751 3522 29 38 G.

1290 3585 80 27 ]\ame
1384 3588 48 25 and
1446 3588 102 28 address
1562 3592 23 25 in
1599 3592 43 26 full
1655 3593 28 26 of
1689 3595 126 33 applicant

1254 3623 67 27 —D.
1339 3624 34 27 H.
1388 3624 103 35 Parker,
1507 3628 87 33 miner,
1609 3629 146 36 Roxburgh.

1290 3660 112 38 Locality
1418 3663 80 27 where
1513 3665 41 26 the
1576 3667 60 26 land
1659 3668 96 35 applied
1777 3668 36 27 for

1254 3699 20 26 is

1254 3737 114 32 District,
1383 3746 25 19 at
1429 3739 60 26 head
1512 3741 28 26 of
1562 3742 148 35 Campbell's
1733 3744 77 28 Creek

1253 3774 49 28 and
1317 3775 124 37 ISuggety
1456 3777 85 36 Gully.

1288 3812 94 26 Extent
1389 3815 23 23 of
1424 3814 57 26 land
1493 3816 97 34 applied
1601 3816 123 28 for—loo
1735 3828 74 17 acres.

1287 3852 112 26 Amount
1414 3853 23 26 of
1451 3854 89 36 capiial
1556 3855 120 38 proposed
1691 3864 25 21 to
1731 3856 28 29 be
1772 3859 25 26 in-

1251 3891 84 25 vested
1373 3891 108 32 £2,000.

1286 3927 125 36 Proposed
1425 3930 70 25 mode
1505 3930 28 25 of
1541 3930 114 37 working
1666 3932 40 27 the
1717 3932 93 28 land—

1251 3965 155 37 Tunnelling
1420 3967 47 28 and
1482 3969 128 34 crushing.

1284 4004 73 25 'leim
1373 4005 35 24 for
1423 4005 80 26 which
1526 4007 91 33 special
1638 4008 72 26 claim
1733 4016 76 27 grant

1250 4040 20 28 is
1284 4040 181 38 required—2l
1486 4051 78 27 years.

1286 4079 108 27 General
1409 4082 216 35 remarks—Pegs
1642 4083 101 26 marked
1758 4084 33 27 X.

1287 4116 81 27 Dated
1383 4124 24 19 at
1429 4118 139 37 Roxburgh
1584 4121 48 25 this
1649 4121 60 26 16th
1723 4121 46 36 day
1785 4122 28 26 of

1250 4153 155 36 September,
1422 4155 74 28 18'JC*.

1284 4224 6 9 r
1291 4224 7 26 J
1308 4224 30 26 he
1352 4224 78 28 above
1444 4226 150 37 application
1608 4228 48 27 and
1669 4238 48 26 any
1732 4229 65 35 objec-

1252 4263 65 26 tions
1338 4263 49 26 will
1413 4263 28 27 be
1465 4264 73 28 heard
1565 4273 24 19 at
1614 4266 40 26 the
1677 4267 133 27 Warden's

1251 4301 74 24 Office
1345 4306 26 20 at
1394 4301 138 36 Roxburgh
1555 4312 31 17 on
1609 4304 63 26 23rd
1695 4304 114 33 October,

1251 4337 75 28 1890.

1284 4377 58 33 Any
1357 4385 88 26 person
1460 4377 112 35 desiring
1586 4384 23 20 to
1623 4379 80 37 object
1724 4386 25 20 to
1769 4380 40 26 the

1250 4414 123 33 granting
1387 4414 28 24 of
1424 4423 13 16 a
1451 4414 89 35 special
1554 4416 73 25 claim
1653 4416 97 35 applied
1773 4418 36 25 for

1250 4455 74 27 must,
1348 4450 67 35 prior
1438 4456 24 20 to
1482 4451 41 26 the
1547 4451 112 37 hearing,
1679 4461 70 19 enter
1771 4454 38 26 his

1249 4487 138 34 objections
1412 4492 25 21 at
1464 4487 40 27 the
1531 4487 132 30 Warden's
1683 4491 75 27 Office
1783 4498 25 19 at

1251 4522 119 37 Roxburg
1376 4524 23 27 h.

1284 4562 122 27 Received
1422 4571 24 18 at
1463 4564 129 28 Warden's
1607 4567 75 26 Office
1700 4574 24 20 at
1740 4568 50 27 Pox-

1250 4598 80 37 burgh
1345 4609 31 17 on
1397 4600 61 28 16th
1480 4602 152 37 Sep'ember,
1649 4605 74 33 1896,
1736 4612 24 20 at
1776 4605 32 27 12

1249 4637 89 26 o'clock
1354 4648 75 17 noon.

1301 4684 211 29 FREDERICK
1531 4689 171 33 JEFFERY,

1452 4724 73 26 Clerk
1542 4725 130 28 Warden's
1686 4728 86 27 Court.
1821 4718 1 37 I

1249 4801 91 52 W,
1414 4806 61 62 J.
1537 4807 268 62 Martin,

1235 4869 1 61 |
1249 4888 284 32 WATCHMAKER
1550 4892 24 29 &
1588 4892 217 38 JEWELLER,

1341 4941 71 28 Ross
1432 4942 99 35 Place,
1552 4943 163 31 Lawrence.

1248 5021 141 36 Watches,
1411 5022 101 28 Clocks
1531 5024 56 28 and
1609 5024 146 35 Jewellery
1775 5028 29 28 of

1290 5061 36 28 all
1340 5062 183 38 descriptions
1536 5063 69 39 kept
1618 5065 27 27 in
1661 5065 95 31 Stock.

1262 5112 69 29 Nice
1347 5112 138 30 Selection
1498 5115 30 28 of
1547 5115 77 36 Gem,
1639 5116 144 41 Wedding

1375 5156 54 27 and
1444 5153 110 40 Keeper
1567 5155 98 40 Rings.

1241 5235 18 19 A
1274 5234 106 21 CHOICE
1402 5236 184 21 ASSORTMENT
1607 5239 36 20 OF
1662 5240 137 21 ARTICLES

1262 5268 140 20 SUITABLE
1412 5269 55 20 FOR
1481 5270 144 22 WEDDING
1637 5272 151 22 PRESENTS.

1297 5336 156 38 Spectacles
1465 5341 30 25 to
1510 5338 62 28 Suit
1583 5339 38 28 all
1636 5339 106 39 Sights.

1259 5416 104 33 Watcii
1396 5425 55 20 and
1485 5417 90 30 Clock
1611 5417 119 33 Repairs
1760 5431 18 19 a

1443 5459 157 30 Specialty.

1237 5537 116 38 Repairs
1367 5548 30 18 or
1411 5537 102 30 Orders
1531 5540 71 29 from
1617 5541 47 30 the
1678 5546 116 37 country

1288 5578 37 37 by
1347 5582 63 34 post
1432 5579 55 28 will
1509 5582 106 28 receive
1637 5588 112 33 prompt

1441 5621 147 30 attention.

1441 5685 115 28 —Plain
1571 5685 112 39 Sewing
1697 5689 29 28 of
1738 5699 55 28 any

1345 5724 277 38 description.—Mrs
1640 5726 136 34 Weathjer-

1236 5773 56 27 all,
1312 5764 165 39 Roxburgh.

1890 293 92 32 NEW
2014 294 179 31 SEASON'S
2225 293 142 29 GOODS!

1851 452 94 49 W.
1989 452 72 52 T,
2103 448 305 64 Talbeys,

2022 547 222 34 ROXBURGH.

1856 719 70 29 Now
1953 720 131 39 Showing
2104 729 15 18 a
2143 716 136 41 SjiletHlid
2297 715 97 30 Assort-

2069 774 78 27 ment
2167 770 30 29 of

1897 867 105 34 New
2034 864 140 37 Goods
2191 864 9 34 1

2059 946 108 35 iNew
2199 942 143 38 Goods
2359 943 7 35 I

2030 1027 162 36 Consisting
2211 1025 31 29 of

1857 1091 103 34 Prints,
1993 1091 26 28 in
2052 1093 112 26 Newest
2196 1089 129 28 Patterns
2356 1088 55 28 and

1933 1142 163 40 Colourings
2096 1146 67 23 —at
2177 1140 36 29 5d
2227 1151 48 28 per
2287 1140 69 38 yard

1857 1205 52 29 Lot
1920 1206 29 28 of
1957 1208 16 26 'I
1978 1205 284 51 epii^TS,Kjringliams,
2271 1203 141 29 Satteene?

1933 1257 164 39 Corduroys,
2130 1256 54 30 and
2227 1256 124 39 Crepons
2382 1255 29 30 in

2184 1309 53 26 ami
2251 1308 121 36 Designs

1858 1373 138 30 Beautiful
2017 1379 50 35 fpt
2097 1371 29 30 of
2159 1371 103 38 Fancy,
2289 1369 121 40 Striped,

1932 1425 54 28 and
1995 1424 116 39 Figured
2118 1423 118 29 Muslins
2245 1423 43 28 for
2297 1422 115 29 Blouses

1930 1477 108 27 —from
2051 1476 54 35 o|d
2121 1486 49 27 per
2182 1475 66 37 yard

1860 1538 134 39 Splendid
2008 1539 37 29 lot
2058 1539 30 29 of
2102 1538 104 40 Spring
2217 1537 54 29 and
2286 1537 128 29 Summer

1933 1590 71 28 Hats

1894 1719 89 29 NtW
2020 1719 157 36 GLOVES,
2207 1715 169 32 RIBBONS

2107 1792 55 19 AND

2038 1846 194 29 VEILING?.

1855 2004 198 30 TRIMMING
2069 2003 112 29 SILKS
2195 2002 82 30 AND
2293 2001 119 30 GIMPS

1996 2062 34 28 In
2050 2062 67 28 New
2138 2062 139 28 Patterns.

1975 2206 68 29 Nice
2061 2205 178 29 Assortment
2259 2203 29 29 of

1902 2272 57 26 NE
1973 2272 35 26 W
2054 2269 276 28 UMBRELLA
2342 2268 29 33 S,

1954 2333 70 30 from
2038 2333 31 29 4s
2085 2332 53 30 lid
2153 2335 27 26 to
2197 2331 47 30 10s
2260 2330 45 30 Gd.

1850 2492 118 29 MEN'S
2010 2489 205 36 CLOTHING,
2259 2488 148 37 SHIRTS,

1956 2542 132 35 PANTS,
2116 2540 185 37 SCARVES,

2009 2594 158 37 BRACES,
2188 2594 61 37 &c.,

1883 2661 39 27 At
1945 2660 92 28 Prices
2059 2664 29 24 to
2109 2659 66 37 defy
2194 2659 189 37 competition.

1854 2815 83 55 W.
1961 2815 58 55 T.
2053 2814 359 67 TALBOYS,

1990 2906 288 31 ROXBURGH.

2008 2981 17 38 k

1964 3047 188 26 XOTI
2191 3047 19 26 C
2248 3045 21 28 E
2289 3066 6 6 .

1853 3114 88 34 rpHE
1956 3114 71 20 Public
2043 3114 21 20 of
2081 3113 113 25 Roxburgh
2213 3112 40 20 and
2274 3111 136 24 surrounding

1936 3154 94 21 Distticts
2045 3160 34 13 are
2096 3152 83 21 notified
2197 3151 47 20 that
2261 3160 25 13 on
2301 3153 39 20 and
2357 3153 53 20 after

1836 3193 1 28 I
1851 3196 40 22 this
1902 3196 47 22 date
1960 3195 36 22 the
2007 3194 70 27 Piopri
2091 3195 46 25 tary
2147 3193 21 22 of
2178 3193 36 22 the
2225 3194 82 22 MOL'NT
2317 3194 93 22 BENGER

1836 3228 1 29 !
1850 3237 62 19 Mail
1934 3234 42 21 will
2001 3234 24 20 be
2052 3233 126 21 transferred
2208 3234 51 19 from
2293 3234 32 19 Mr
2351 3233 57 20 John

1836 3272 1 30 |
1851 3274 125 21 Weatherall
1996 3275 21 19 to
2041 3273 75 20 Messrs
2135 3273 75 20 Dunne
2229 3272 39 21 and
2289 3272 119 26 Matthews,

1851 3314 44 20 who
1907 3320 79 13 assume
1997 3312 79 21 control
2086 3312 22 20 of
2118 3312 34 20 the
2174 3319 62 18 paper
2245 3311 160 21 henceforward.

1874 3354 35 21 All
1924 3354 103 21 Accounls
2036 3352 66 26 o*ing
2112 3354 21 19 to
2144 3352 47 21 date
2201 3351 42 21 will
2254 3351 23 21 be
2285 3351 46 27 paid
2343 3352 21 20 to
2375 3351 33 20 Mr

1849 3392 133 22 Weatherall.

1873 3432 25 20 In
1909 3431 92 24 severing
2008 3429 32 22 liis
2050 3429 118 21 connection
2186 3429 48 21 with
2246 3429 35 21 the
2291 3436 69 19 paper,
2373 3429 33 19 Mr

1848 3471 125 22 Weatherall
1985 3471 75 21 desires
2070 3472 21 19 to
2102 3469 66 22 thank
2185 3469 35 21 the
2238 3476 62 19 many
2317 3468 89 22 Friends

1846 3511 130 26 throughout
2006 3511 34 19 the
2070 3509 87 21 Di.stiict
2189 3509 45 20 who
2257 3509 52 20 have
2329 3508 75 26 always

1844 3551 98 21 accorded
1952 3551 42 21 him
2004 3558 11 13 a
2025 3551 73 25 hearty
2109 3550 40 21 and
2163 3549 75 21 cordial
2258 3549 94 25 support,
2363 3547 40 21 and

1844 3591 25 19 he
1882 3590 66 20 would
1958 3590 36 19 ask
2005 3590 31 20 for
2050 3596 12 13 a
2081 3589 137 20 continuance
2238 3588 21 19 of
2276 3588 53 18 their
2342 3587 61 21 confi.

1843 3629 63 21 dence
1922 3628 88 21 towards
2023 3628 32 20 his
2065 3634 113 14 successors
2190 3627 51 25 who,
2254 3626 25 20 he
2288 3626 50 20 feels
2349 3632 46 14 sure

1844 3667 39 21 will
1899 3667 124 26 thoroughly
2035 3667 60 21 merit
2105 3667 35 20 the
2152 3667 87 26 support
2253 3665 21 21 of
2290 3664 27 21 all
2327 3664 76 21 classes

1841 3707 21 20 of
1872 3707 35 21 the
1919 3706 134 26 community.

1866 3746 121 26 Roxburgh,
2000 3746 48 20 14th
2060 3745 130 26 September,
2201 3744 34 22 189
2235 3744 23 22 G.

1867 3812 75 20 Messrs
1958 3813 75 19 Dunne
2049 3812 41 19 and
2110 3812 111 19 Matthews
2231 3817 106 13 announce
2347 3809 54 20 that'

1839 3850 77 28 having
1926 3850 111 28 purchased
2048 3850 35 21 the
2095 3850 59 28 plant
2172 3849 39 22 and
2223 3848 95 28 goodwill
2330 3847 22 22 of
2365 3846 36 23 the

1839 3892 85 21 Mount
1935 3893 91 20 Bexger
2039 3891 59 21 Mail
2108 3891 52 20 from
2180 3891 32 20 Mr
2232 3890 21 20 J.
2265 3888 126 21 Weatherall

1838 3930 36 21 the
1881 3930 92 21 business
1983 3929 110 21 connected
2111 3928 111 20 therewith
2236 3927 39 20 will
2286 3933 21 13 as
2319 3927 79 19 hereto*

1838 3970 43 21 fore
1892 3970 24 20 be
1927 3969 77 22 carried
2013 3976 26 14 on
2050 3970 21 20 at
2084 3968 36 22 the
2135 3968 80 23 J'OUNT
2232 3967 90 22 Benger
2339 3966 59 20 Mail

1840 4008 70 25 Office,
1935 4008 95 20 Scotland
2053 4008 70 22 street,
2145 4006 120 25 Roxburgh.
2303 4005 32 20 On
2357 4005 39 20 and

1837 4047 53 21 after
1904 4047 81 27 Friday,
2001 4047 40 21 2nd
2058 4045 96 24 October,
2176 4045 35 22 the
2230 4052 32 20 pa;
2272 4051 21 15 er
2316 4043 42 22 will
2372 4043 25 21 le

1837 4087 107 24 published
1954 4094 24 13 on
1993 4087 73 24 Friday
2077 4087 101 22 morning.

1986 4137 27 29 N
2034 4136 207 30 OTICW.

1822 4211 2 46 j
1856 4221 20 28 A
1893 4220 47 28 LL
1960 4219 117 30 Friends
2089 4219 30 28 of
2132 4219 194 37 Temperance,
2347 4217 32 28 de-

1929 4261 88 29 sirous
2042 4259 28 30 of
2091 4260 47 27 the
2161 4257 146 31 formation
2331 4257 29 29 of
2380 4268 15 18 a

1840 4301 77 28 Good
1929 4301 148 38 Templars'
2084 4300 97 37 Lodge
2192 4301 26 26 in
2230 4298 163 34 Roxburgh,

1839 4351 45 18 are
1908 4339 144 41 requested
2079 4343 28 26 to
2133 4339 95 30 nttend
2255 4350 16 17 a
2297 4337 98 30 Public

1840 4381 136 36 Meeting,
1988 4386 27 23 to
2029 4381 35 28 be
2074 4381 64 28 held
2150 4381 44 28 for
2204 4381 61 28 that
2275 4389 119 28 purpose

1839 4421 27 28 in
1877 4421 47 28 the
1938 4421 176 34 Athenaeum,
2124 4431 33 17 on
2171 4419 223 34 THURSDAY,

1840 4461 53 28 Stii
1909 4459 182 35 OCTOBER,
2105 4463 28 25 at
2147 4461 15 26 8
2179 4471 64 26 p.m.

1934 4511 158 30 THOMAS
2113 4510 183 38 ANDREW,

2201 4552 153 30 Convener.

1924 4617 83 29 MOA
2027 4616 99 29 FLAT
2147 4615 158 30 SCHOOL.

1839 4703 99 41 rpHE
1966 4702 98 27 Annual
2095 4701 140 28 BASKET
2263 4699 131 29 SOCIAL

1821 4739 1 40 j
1920 4741 48 26 and
1982 4740 122 27 DANCE
2124 4741 24 25 in
2164 4739 38 26 aid
2216 4739 28 26 of
2255 4739 40 26 the
2307 4739 85 25 Funds

1821 4776 1 35 I
1837 4778 28 26 of
1875 4779 40 25 the
1929 4778 76 27 above
2027 4778 89 26 School
2138 4778 48 26 will
2203 4776 56 27 take
2273 4776 68 35 place
2361 4786 31 16 on

1820 4814 2 35 j
1838 4816 145 31 FRIDAY,
1998 4816 65 25 IGth
2076 4814 170 31 OCTOBER,
2258 4821 23 17 at
2296 4814 14 24 8
2325 4822 15 23 p
2351 4822 40 21 m.,

1820 4851 40 38 jin
1894 4852 40 25 the
1960 4852 176 26 Commodious
2161 4851 113 25 Granarv
2301 4849 24 24 of
2350 4849 41 24 the

1820 4885 1 39 i
1837 4889 96 28 Ettrick
1948 4891 77 30 Mills,
2037 4889 85 35 kindly
2138 4888 50 27 lent
2201 4887 30 37 by
2246 4887 41 26 Mr
2300 4885 90 27 M'Gill

1820 4927 1 54 j
1834 4927 37 26 for
1885 4928 41 25 the
1939 4929 118 25 occasion.

1868 4977 19 25 A
1902 4976 67 34 large
1980 4976 131 35 gathering
2124 4975 20 26 is
2155 4973 62 36 fully
2228 4972 159 35 anticipated,

1820 5010 1 44 |
1833 5014 47 25 and
1897 5013 67 26 there
1978 5024 43 16 can
2037 5013 28 27 be
2079 5023 31 16 no
2122 5010 143 28 reasonable
2275 5010 112 34 grounds

1820 5047 1 40 |
1833 5058 24 19 to
1872 5051 122 34 grumble,
2007 5052 35 25 for
2056 5049 80 36 ample
2150 5057 71 27 space
2235 5048 19 25 is
2268 5047 117 33 provided

1820 5084 1 45 |
1832 5088 37 26 for
1882 5098 120 17 everyone
2016 5089 56 25 who
2086 5097 44 16 can
2151 5086 58 26 with
2228 5084 155 27 satisfaction
2394 5084 1 45 j

1830 5127 71 35 enjoy
1918 5126 39 26 the
1970 5126 168 34 exhilarating
2152 5124 139 26 evolutions
2305 5122 24 25 of
2343 5122 40 26 the
2394 5122 1 47 j

1829 5163 126 33 Quadrille
1969 5165 45 25 and
2030 5163 90 27 Wahz.

1865 5212 80 28 Prices
1967 5214 27 26 of
2016 5213 143 28 Admission
2182 5216 25 21 to
2230 5207 80 30 Social
2333 5209 48 27 and

1828 5252 91 30 Dance,
1934 5252 28 25 3s
1975 5252 46 25 and
2039 5252 26 25 Is
2079 5251 30 26 Gd
2121 5260 7 22 ;
2148 5247 126 31 Children,
2291 5247 33 25 Is.

1825 5324 175 29 TENDERS
2021 5324 75 29 FOR
2114 5319 265 33 WATER-RACE.

1825 5419 189 44 RENDERS
2034 5418 50 28 will
2103 5418 30 28 be.
2150 5414 111 30 received
2286 5414 31 35 by
2338 5413 40 27 the

1910 5457 167 35 undersigned
2103 5456 36 25 for
2163 5453 174 31 constructing
2365 5460 13 17 a

1825 5500 75 20 water
1914 5503 54 17 race
1980 5495 28 26 of
2018 5494 31 26 25
2065 5493 85 27 chains
2169 5492 79 33 (more
2261 5499 28 16 or
2310 5488 58 32 less)

1823 5530 186 36 Specifications
2032 5540 55 27 may
2110 5529 29 28 be
2161 5537 56 18 seen
2243 5533 25 20 at
2289 5526 42 27 Mr
2352 5524 16 28 J

1823 5569 149 27 M'lntosh's
1983 5569 131 29 residence,
2128 5566 164 27 Dumbarton.
2315 5563 46 26 Ten-

1822 5607 55 26 ders
1908 5606 37 27 clo
1948 5617 7 10 i
1959 5617 13 16 e
2014 5616 30 17 on
2086 5601 205 32 SATURDAY,
2322 5600 54 27 3rd

1822 5644 172 29 OCTOBER.
2030 5644 54 28 The
2096 5643 86 27 lowest
2194 5651 27 16 or
2232 5649 48 24 any
2291 5638 86 28 tender

1820 5688 45 20 not
1877 5683 146 35 necessarily
2044 5680 124 35 accepted.

2039 5729 29 33 jJ,
2089 5724 182 34 M-'INTOSH,

2173 5769 167 27 Dumbarton,
2389 5769 2 27 j

2434 235 297 43 PRELIMINARY
2764 230 226 34 ANNOUNCE-

2436 264 26 25 L
2656 277 118 29 MENT.

2482 379 209 30 ROXBURGH
2721 379 94 28 GLEE
2842 375 103 30 CLUB.

2605 466 77 26 Look
2700 475 53 17 out
2773 474 54 19 for

2456 513 129 30 GRAND
2613 513 162 27 OPENING
2804 510 172 31 CONCERT.

2508 604 181 29 PROGRAMME
2708 614 29 18 IN
2759 605 121 28 FUTURE
2907 602 82 28 ISSUE

2672 691 28 27 F.
2719 689 173 34 JEFFERY,

2738 741 63 28 [lon.
2823 740 135 35 Secretary.
