4240 5920
113 228 25 41 A
167 227 177 41 Domestic
371 226 227 42 Difference.

105 326 29 27 A
145 328 80 25 court
239 324 29 29 of
277 323 52 29 law
343 323 24 28 is
381 323 97 39 hardly
490 323 46 30 tlie
549 324 78 39 place

65 373 31 25 to
112 366 63 29 look
188 367 45 27 for
245 376 16 17 a
282 365 119 29 scintilla
414 365 29 28 of
458 370 118 25 humour
598 377 30 19 as

68 422 16 15 ;i
117 407 68 34 rule,
221 405 47 28 the
300 404 186 39 proceedings
519 407 98 37 usually-

69 448 86 35 being
165 447 31 28 o£
206 459 13 14 a
230 450 72 25 most
313 444 106 39 prosaic
436 445 90 29 order.
571 447 57 28 The

67 497 63 21 cise
156 487 29 27 ot'
211 485 100 28 Galvin
338 494 25 17 v.
392 484 109 35 Galvin,
538 486 89 28 which

68 539 77 22 came
166 527 95 30 before
282 525 47 30 Mr
352 525 156 38 McCarthy,
534 526 28 30 S.
578 527 50 36 M.,

67 573 55 27 last
145 568 110 35 Friday,
282 567 139 33 however*
439 567 123 27 afforded
582 569 46 26 the

67 614 154 36 spectators
247 605 190 31 considerable
458 607 169 33 merriment,

66 650 93 30 Avhicli
185 657 54 18 was
271 644 159 31 intensified,
464 647 80 28 when
569 647 60 28 Mrs

67 688 146 34 GalviuV.
228 685 183 31 comfortable
451 686 90 36 figure
573 687 55 28 and

66 728 207 43 good-natured
298 727 120 28 features
437 727 138 38 appeared
599 728 26 26 in

64 776 50 26 the
152 768 200 34 witness-box;
379 766 56 29 and
463 767 57 28 also
547 767 78 28 when

64 816 51 26 her
164 808 129 30 husband
329 807 148 38 presented
515 807 112 29 himself

65 860 29 22 to
156 849 134 29 ventilate
350 847 42 27 his
450 846 171 37 grievances.

66 889 148 40 Although
252 889 47 28 the
341 887 182 38 proceedings
556 897 70 19 were

66 936 90 28 under
178 934 48 25 the
246 929 141 29 Destitute
412 927 120 30 Persons
561 929 63 33 Act,

67 978 78 26 there
158 972 47 28 did
219 973 50 25 not
279 978 102 29 appear
388 967 138 38 anything
540 967 70 28 desti-

66 1021 60 23 tute
140 1023 31 19 or
183 1011 147 37 neglected
344 1009 85 26 about
445 1009 60 28 Mrs.
515 1007 108 32 Galvin,

66 1065 52 18 nor
131 1052 47 30 did
192 1051 49 27 her
254 1049 130 28 evidence
396 1048 95 34 betray
501 1046 79 27 much
597 1050 27 23 to

66 1096 47 28 the
122 1097 139 30 contrary.
293 1088 75 28 VVith
379 1087 46 28 the
436 1090 104 23 utmost
550 1094 19 28 g
578 1085 44 28 >od

66 1136 119 27 humour
205 1131 47 29 she
278 1127 104 30 related
404 1124 65 39 ,that
494 1125 49 28 she
570 1124 53 28 had

65 1177 73 26 been
151 1170 117 30 married
291 1173 28 24 to
333 1167 48 28 the
394 1162 151 32 defendant
559 1174 66 18 over

66 1217 36 26 20
115 1223 80 28 years
214 1218 54 29 ago
289 1215 28 20 at
341 1205 138 33 Danediu,
494 1204 53 26 a-d
569 1204 54 26 had

66 1257 65 27 nine
143 1251 134 31 children.
317 1246 77 38 They
416 1244 72 29 lived
510 1242 113 39 happily

66 1294 71 30 Until
152 1294 76 28 three
241 1298 81 27 years
329 1297 64 27 ago,
403 1285 87 33 when,
501 1284 120 36 through

67 1345 75 20 some
155 1331 108 36 trifling
275 1324 285 35 misunderstanding,
574 1322 49 28 her

66 1373 131 32 husbaud
209 1371 56 28 and
279 1366 123 31 children
424 1364 51 28 left
486 1364 61 34 her,
569 1364 54 27 and

68 1416 75 29 built
173 1411 116 31 another
313 1408 87 28 house
524 1404 43 41 by■
597 1404 26 26 in

70 1456 90 30 which
175 1455 65 36 they
254 1452 72 25 went
341 1454 28 20 to
383 1446 64 27 live!
487 1444 75 36 They
576 1443 49 28 left

70 1499 50 27 her
132 1497 28 27 in
174 1495 47 27 the
234 1491 45 28 old
294 1490 93 26 house.
428 1485 56 28 She
502 1484 57 27 had
579 1489 48 23 not

70 1537 113 30 spoken'
192 1540 27 22 to
233 1533 49 27 her
294 1525 128 32 husband
437 1534 85 25 siuce,
534 1534 44 18 1101
594 1524 33 26 he

69 1586 29 22 to
112 1578 57 28 her.
211 1573 54 30 She
283 1578 84 21 never
386 1564 131 31 intended
542 1572 28 21 to
592 1574 36 29 go

70 1627 29 19 to
113 1619 54 26 live
178 1614 68 29 with
256 1614 55 26 him
322 1609 92 37 again,
425 1617 36 17 Ou
472 1610 116 24 account
600 1605 28 27 of

72 1659 43 28 his
135 1659 149 27 treatment
297 1650 29 29 of
340 1650 57 27 her.
438 1646 58 29 She.
513 1650 51 33 got
581 1645 49 27 her

72 1698 138 38 groceries
242 1693 56 29 and
307 1686 4 50 •
329 1689 89 38 goods
444 1692 28 22 at
500 1686 28 27 M
545 1686 57 36 Kay
618 1696 12 16 s

70 1746 84 27 store,
186 1734 56 31 and
268 1734 48 27 her
343 1726 128 31 husband
498 1724 62 41 paid
588 1725 42 28 for

70 1782 78 27 them
162 1777 70 30 until
245 1773 94 37 lately,
360 1770 80 27 when
463 1767 34 28 he
519 1765 111 30 refused

72 1829 29 22 to
114 1831 54 27 pav
181 1820 45 27 for
239 1817 47 28 the
299 1814 118 35 drapery
432 1809 48 28 slie
505 1813 50 31 got
576 1807 54 28 and

70 1860 139 31 required.
250 1856 55 28 She
329 1851 78 29 made
431 1858 75 19 some
531 1857 99 27 money

70 1905 38 33 by
132 1902 49 27 her
206 1896 121 40 poultry,
347 1890 55 30 and
425 1887 75 30 lived
526 1898 29 17 111
581 1886 46 29 liei

70 1938 155 32 hnsband's
250 1937 88 26 house
362 1931 55 28 and
444 1927 116 33 section,
575 1926 55 28 and

70 1983 55 28 had
139 1992 16 17 a
169 1981 96 36 buggy
280 1973 55 31 and
355 1971 60 40 pair
439 1969 27 28 of
487 1968 94 28 horses
602 1966 28 29 of

70 2025 50 27 lier
133 2032 60 19 own
205 2032 7 22 ;
234 2020 51 27 bat
299 2016 49 28 she
362 2011 46 29 did
423 2015 48 24 not
483 2009 82 28 thmk
575 2009 54 27 this

71 2062 146 29 sufficient,
231 2057 55 29 and
296 2056 49 26 she
357 2050 108 29 wanted
478 2051 33 25 £1
526 2060 15 15 a
552 2049 76 26 week

70 2108 29 23 to
126 2102 35 28 do
188 2100 75 27 what
364 2089 77 31 liked
466 2086 164 29 with.-Mr

72 2143 125 28 Galvin's
211 2138 132 30 evidence
358 2131 55 38 (for
423 2128 127 36 defence)
574 2136 55 19 was

154 2177 168 37 interesting
371 2172 44 27 He
429 2169 60 28 said
504 2168 41 27 his
566 2167 64 28 wife

70 2223 55 29 had
139 2221 47 30 the
200 2223 73 26 store
287 2223 72 31 open
372 2216 28 25 to
415 2211 49 28 her
482 2213 28 23 to
525 2210 49 36 get
593 2206 35 29 all

70 2260 156 41 requisites,
241 2258 51 29 but
306 2257 47 27 the
375 2252 49 29 bill
447 2260 55 17 was
515 2248 115 38 getting

70 2305 102 27 higher
183 2309 83 27 every
280 2305 74 30 year,
372 2292 54 29 and
444 2289 56 30 this
524 2298 66 26 year
609 2293 21 22 it

70 2353 57 19 was
141 2336 190 38 considerably
359 2333 99 37 higher
482 2329 67 28 than
575 2328 55 27 last

70 2396 66 23 year
148 2396 7 24 ;
174 2379 148 34 therefore,
345 2374 34 29 he
393 2369 126 33 declined
534 2372 28 25 to
576 2378 52 29 pay

70 2419 22 35 it
112 2426 45 27 all.
197 2423 45 26 He
265 2416 135 35 minutely
421 2409 146 31 described
588 2411 42 26 his

72 2474 93 20 means
179 2462 28 31 of
221 2462 105 27 income
339 2456 72 27 from
425 2452 42 28 his
479 2451 81 33 farm,
574 2448 54 28 and

69 2505 56 29 lrid
139 2504 57 28 also
216 2497 125 32 received
364 2503 75 20 some
465 2500 99 26 money
586 2489 44 28 for

70 2545 115 36 playing
194 2542 48 29 the
247 2536 157 40 bag-pipes.
427 2531 44 30 He
481 2529 147 30 described

70 2596 15 17 a
101 2585 53 37 trip
169 2584 33 27 he
216 2580 83 36 lately
314 2576 54 28 had
389 2580 29 21 to
441 2571 123 38 Sydney,
586 2575 28 22 to-

70 2625 98 37 gether
181 2621 66 30 with
261 2620 47 29 the
323 2613 108 33 trouble
444 2610 56 31 and
520 2613 60 26 cost
600 2609 29 28 ot

69 2665 147 37 obtaining
243 2658 104 31 certain
380 2651 113 31 musical
526 2651 88 27 instru-

69 2711 93 24 ments
186 2696 220 37 there—Annie
430 2693 54 28 and
513 2691 117 37 Bridget

71 2747 99 28 Galvin
194 2738 174 41 (daughters)
392 2735 57 29 also
475 2741 71 30 gave
573 2741 42 17 evi-

70 2780 254 36 dence.—Though
345 2780 77 26 there
451 2782 69 19 were
546 2781 84 27 many

70 2828 135 37 apparent
218 2822 78 38 signs
310 2818 29 28 of
352 2813 203 32 consideration
574 2810 54 27 and

71 2867 74 37 good
158 2865 106 34 feeling
278 2857 119 32 towards
411 2854 65 29 each
496 2852 74 29 otliei
588 2861 27 17 in-

72 2906 109 30 dicated
195 2906 27 27 in
237 2904 47 28 the
305 2898 141 32 evidence,
470 2893 76 29 there
573 2900 55 18 was

71 2947 157 29 sometimes
242 2954 16 17 a
271 2942 70 27 little
362 2935 146 36 side-light
533 2933 37 26 let
590 2941 37 23 in,

68 2987 89 29 which
172 2982 111 33 showed
299 2981 60 29 that
381 2977 28 28 in
558 2974 52 25 mat-

66 3033 57 23 ters
137 3027 32 28 of
193 3023 82 30 social
299 3021 135 35 etiquette
457 3014 46 27 Mr
527 3011 99 29 Galvin

67 3070 29 25 et
115 3076 71 18 uxor
204 3063 65 28 held
290 3059 128 29 different
439 3052 135 39 opinions,
595 3060 30 17 as

66 3107 94 28 where
179 3105 61 27 Mrs
261 3099 100 31 Galvin
383 3091 180 37 humorously
583 3099 28 18 re-

66 3146 77 30 lated
156 3145 62 29 that
231 3153 37 20 on
280 3150 52 20 one
345 3135 126 33 occasion
515 3131 15 29 I
545 3130 80 29 made

66 3188 49 27 the
129 3195 84 25 sugar
226 3183 55 28 and
294 3183 74 26 meat
380 3177 39 38 fly
440 3180 28 23 at
491 3183 47 27 my
561 3172 49 27 hus-

66 3226 103 32 band's
291 3218 85 32 —Mr
402 3212 146 41 M'Carthy
563 3208 65 32 held

67 3270 49 25 the
125 3266 152 28 defendant
287 3258 180 40 responsible,
482 3255 56 28 and
549 3254 79 27 made

68 3316 37 18 an
118 3305 82 28 order
211 3304 44 27 for
276 3302 48 27 15s
345 3308 50 29 per
416 3295 78 28 week
517 3293 43 27 for
583 3292 46 26 the

69 3347 193 31 maintenance
277 3342 29 31 of
322 3340 59 31 Mrs
395 3334 110 34 Galvin.

261 3436 173 46 Obituary.

109 3541 59 27 The
190 3537 86 30 death
297 3536 24 27 is
345 3531 129 40 reported
498 3530 40 36 (as
563 3529 67 28 hav-
646 3529 4 55 |

70 3584 50 26 in«*
154 3577 131 32 occurred
327 3573 124 36 recently
489 3575 28 24 at
560 3569 54 27 Kir-

73 3621 115 39 goorlie,
207 3617 131 30 Western
357 3610 150 36 Australia,
527 3609 29 29 of
577 3608 58 29 Mi..
646 3605 3 55 |

74 3659 153 33 Archibald
256 3655 113 34 Woods,
402 3666 16 15 a
449 3653 105 26 former
587 3649 44 27 old

73 3702 124 29 resident
210 3699 29 28 of
259 3696 55 29 this
328 3694 117 33 district,
462 3690 55 28 and
530 3700 15 16 a
559 3689 73 27 deci-
648 3689 1 42 ■

74 3742 83 38 dedly
175 3737 118 41 popular
310 3734 58 30 and
388 3732 82 30 much
490 3727 144 40 respected
648 3727 2 53 j

74 3784 97 26 miner.
211 3779 59 27 The
288 3786 75 18 news
385 3775 51 27 lias
455 3769 117 31 reached
592 3769 42 27 his

74 3821 108 30 friends
207 3819 27 27 in
261 3817 56 28 this
343 3812 111 30 district
479 3807 156 38 indirectly,
648 3807 3 53 |

75 3865 52 27 but
152 3863 28 27 in
201 3859 68 30 such
290 3869 16 17 a
326 3864 115 20 manner
460 3864 30 16 as
510 3849 126 31 unfortu-

74 3903 95 36 nately
182 3906 29 23 to
224 3901 77 26 leave
316 3906 35 18 no
366 3904 74 19 room
455 3894 43 26 for
510 3890 88 28 doubt
606 3899 30 17 as
649 3890 2 49 j

74 3944 49 28 the
147 3939 179 40 intelligence
351 3930 222 39 was'conveyed
600 3930 36 35 by
650 3930 1 49 1

76 3994 52 17 one
143 3981 61 29 who
218 3976 148 31 witnessed
386 3974 43 29 his
446 3972 93 30 death.
585 3970 52 27 Ihe
650 3970 3 41 j

77 4021 134 31 deceased
225 4030 56 17 was
291 4028 17 17 a
322 4026 62 19 man
396 4014 61 28 well
472 4022 35 28 up
518 4012 27 27 in
557 4021 11 27 }
578 4019 58 19 ears
650 4012 1 40 i

78 4064 55 29 and
161 4063 46 28 the
233 4069 81 19 cause
340 4057 30 28 of
408 4055 42 27 his
476 4053 85 28 deatn
584 4059 53 19 was
650 4053 3 43 j

80 4105 150 36 dysentery
255 4097 102 30 caused
372 4096 36 35 by
426 4096 46 25 the
491 4097 98 23 nature
610 4090 30 27 of
650 4090 3 51 j

77 4144 49 30 the
145 4141 134 38 drinking
289 4141 84 26 water
382 4134 56 30 and
448 4138 47 25 tiie
515 4136 138 26 extreme*

79 4186 64 27 heat
164 4183 29 27 of
213 4183 47 27 the
282 4177 166 29 Westralian
475 4172 162 30 Goldfields.

81 4221 155 33 Archibald
243 4216 149 36 Woo.ds,or
405 4212 152 37 ''Archie/'
568 4221 31 19 as
606 4212 32 28 he
651 4212 2 47 j

81 4275 56 17 was
161 4264 100 26 known
286 4263 30 24 to
327 4254 3 38 -
344 4258 42 27 his
410 4254 114 33 friends,
540 4263 56 17 was
618 4262 15 17 a
651 4254 2 38 \

81 4304 104 40 typical
206 4301 88 30 miner
315 4298 28 30 of
354 4296 47 31 the
415 4296 61 28 best
497 4292 76 37 kind,
587 4301 51 19 one
651 4290 2 55 J

82 4347 63 27 who
168 4343 54 29 had
244 4351 72 28 gone
335 4336 122 38 through
477 4335 47 28 the
537 4332 102 38 plucky
652 4332 1 47 j

82 4385 57 29 and
152 4384 187 29 adventurous
360 4387 92 20 career
475 4375 88 28 which
587 4384 54 17 was

83 4427 48 29 the
152 4432 126 22 common
296 4420 41 29 lot
361 4418 28 29 of
408 4417 35 28 all
463 4416 47 28 the
530 4415 113 39 pioneer

83 4468 117 36 diggers
222 4463 29 29 of
281 4463 79 27 these
392 4457 120 29 colonies
541 4467 28 17 in
596 4454 46 29 the

84 4507 76 36 early
183 4504 68 37 days
275 4501 112 37 leaving
406 4509 16 16 a
436 4496 150 30 creditable
600 4504 28 18 re-

84 4546 66 28 cord
165 4543 102 29 behind
282 4542 66 28 him.
389 4542 40 25 As
443 4546 14 18 a
470 4546 96 28 young
578 4544 62 18 man

84 4588 37 28 h*
139 4583 100 31 lauded
259 4583 29 28 in
303 4578 139 32 Australia
462 4577 28 27 in
504 4576 46 28 the
568 4574 73 38 early

82 4627 95 34 ■fifties,
191 4624 55 30 and
259 4623 73 29 after
346 4620 95 38 trying
454 4619 46 28 the
513 4616 129 29 different

83 4666 80 30 fields
173 4665 66 27 with
251 4662 119 37 varying
380 4661 125 26 fortunes
519 4658 34 27 he
566 4665 76 20 came

83 4715 30 21 to
127 4706 56 28 this
197 4703 105 36 Colouy
316 4701 26 27 in
358 4699 46 29 the
424 4708 65 28 year
504 4695 54 29 'O3.
599 4696 44 27 He
652 4695 1 44 j

83 4743 130 31 followed
232 4752 37 27 up
291 4741 47 27 the
356 4739 96 28 rushes
467 4738 26 25 in
515 4735 129 29 different

82 4789 78 37 parts
175 4783 55 29 and
245 4778 154 37 ultimately
421 4774 100 30 landed
541 4785 34 17 on
596 4774 48 28 the

87 4825 112 31 Central
208 4826 93 32 Otago
309 4816 152 33 Goldfields
469 4816 86 34 ab?ut
565 4814 78 30 1370.

85 4868 44 30 He
161 4863 113 31 worked
295 4862 61 28 first
383 4864 31 23 at
442 4856 154 38 Roxburgh
617 4856 25 27 in

86 4907 89 28 Lucas
217 4904 55 27 and
314 4899 91 28 Wood
410 4898 109 27 house's
564 4896 79 28 claim

85 4944 144 37 trucking,
244 4941 52 30 and
318 4938 163 29 afterwards
496 4939 33 25 lie
543 4945 54 19 was
617 4935 26 28 in

87 4993 66 24 turn
166 4981 144 42 employed
330 4991 35 18 on
380 4978 94 38 nearly
488 4987 82 28 every
585 4986 45 19 sur-

86 5026 141 37 rounding
241 5023 82 29 claim
337 5020 88 38 being
439 5017 164 39 recognised
615 5028 29 17 as

86 5080 17 17 a
116 5068 62 28 first
190 5066 71 28 class
270 5061 134 40 practical
418 5061 96 26 miner.
554 5058 89 28 When

82 5110 36 28 he
131 5107 52 29 left
192 5105 45 28 for
248 5103 130 27 Western
390 5099 140 29 Australia
543 5099 34 27 he
590 5098 53 28 had

84 5160 37 19 an
140 5147 119 29 interest
285 5141 29 30 in
340 5141 47 30 the
416 5139 69 28 local
512 5138 134 29 Hercules

86 5189 90 34 claim,
202 5182 58 32 aud
292 5181 58 30 also
383 5180 30 28 in
445 5190 75 17 some
551 5179 29 27 of
599 5178 47 28 the

85 5228 142 37 dredging
234 5223 106 31 claims.
368 5219 101 29 Archie
479 5228 54 19 was
544 5218 100 29 known

85 5277 30 23 to
128 5270 43 29 his
185 5265 106 31 friends
300 5273 30 19 as
339 5273 16 18 a
370 5271 62 19 man
446 5260 28 29 of
494 5259 82 39 pluck
591 5258 53 30 and

87 5309 164 37 enterprise,
262 5314 70 28 open
344 5302 55 29 and
408 5300 238 38 straightforward

87 5360 30 18 as
129 5350 50 28 the
191 5347 64 36 day,
270 5343 53 28 and
338 5351 52 20 one
403 5341 90 28 whose
507 5340 75 27 word
594 5348 54 18 was

88 5389 102 35 always
211 5386 44 27 his
281 5382 85 29 bond.
408 5381 43 28 He
485 5389 56 18 was
573 5378 30 28 of
633 5389 17 16 a

89 5426 92 41 genial
189 5423 99 40 kindly
302 5422 175 40 disposition,
488 5418 54 29 and
557 5427 90 19 wasm

89 5471 59 25 fact
161 5478 15 17 a
189 5467 121 38 genuine
324 5463 139 39 specimen
476 5460 29 28 of
525 5463 99 24 ntiture
637 5469 13 17 s

91 5519 62 19 own
178 5507 169 39 gentlemen,
369 5514 30 18 so
420 5500 83 31 much
527 5510 39 24 so,
591 5498 60 28 that

92 5550 44 28 his
156 5548 105 28 friends
281 5548 64 28 here
371 5546 94 35 regret
485 5541 42 28 his
547 5540 55 28 loss
622 5550 30 16 as

93 5588 108 39 though
222 5588 22 28 it
258 5597 56 17 was
335 5596 16 18 a
372 5582 128 41 personal
523 5581 112 29 bereave-

95 5633 78 25 ment
197 5633 29 25 to
251 5627 68 30 each
342 5626 29 29 of
403 5624 85 30 them.
532 5620 41 31 He
599 5629 54 19 was

96 5670 75 38 sixty
183 5679 79 28 years
276 5668 29 29 of
323 5676 53 29 age
389 5665 55 30 and
458 5660 166 33 unmarried.

788 227 70 41 The
912 222 172 43 Weather.

890 309 36 21 Ob'
941 317 5 3 -
961 308 93 21 LAMBS
1092 305 36 21 BY
1157 305 59 21 TIIE

823 343 82 24 SNOW
950 341 101 23 STORM.

695 416 57 27 The
771 412 142 40 strangely
926 410 69 30 local
1010 411 95 29 nature
1120 407 29 28 of
1168 407 47 27 the

659 457 119 27 weather
785 454 29 27 in
825 454 54 26 this
891 452 110 28 climate
1011 460 54 17 was
1076 447 137 35 curiously

658 492 174 37 exemplified
853 501 35 19 on
912 489 123 38 Monday
1059 488 60 33 last,
1135 486 78 27 when

656 534 136 41 although
813 534 47 28 the
879 532 54 37 day
954 539 56 21 was
1030 525 181 40 exceedingly

658 576 53 27 fine
729 574 56 28 and
798 583 81 17 warm
901 572 64 27 here
980 570 65 28 with
1059 579 15 16 a
1094 569 53 26 few
1169 576 44 18 oc-
1223 569 1 34 i

656 614 120 32 caiional
797 622 51 20 sun
866 611 120 30 showers
999 609 23 29 it
1037 617 53 19 was
1105 605 110 38 raining

658 654 108 30 heavily
805 654 81 28 down
925 654 126 33 country,
1094 647 54 30 and
1187 650 28 23 at

658 694 123 30 Miller's.
801 692 71 28 Flat.
924 690 57 28 The
1012 690 123 27 contrast
1160 696 55 17 was

658 746 64 26 very
746 732 164 30 marked'on
932 732 49 26 the
1001 728 99 29 arrival
1121 726 28 29 of
1168 725 47 28 the

655 776 124 35 coaches,
794 774 45 28 the
855 770 143 31 travellers
1011 770 38 36 by
1063 769 47 28 the
1135 767 58 28 Law-

656 826 80 18 rence
756 814 84 28 coach
860 812 124 37 arriving
1003 808 117 30 covered
1135 809 28 26 in
1177 805 36 28 all

656 855 45 30 the
734 863 90 28 wraps
853 851 55 29 and
940 854 76 24 coats
1042 849 66 35 they
1132 845 80 29 could

654 894 146 30 command
814 892 55 30 and
882 895 53 26 wet
949 895 28 24 at
987 890 69 33 that,
1070 886 80 30 while
1166 885 47 29 the
1223 885 1 39 ,

653 945 167 30 passengers
842 934 38 36 by
905 931 46 29 the
977 930 133 29 northern
1129 926 84 30 coach
1223 926 1 49 j

654 986 76 19 came
752 976 29 26 in
804 974 66 28 dust
895 972 90 28 laden.
1025 969 59 28 The
1105 966 108 30 sudden

653 1016 121 35 changes
793 1018 27 22 to
835 1012 87 26 which
937 1019 41 18 we
992 1019 45 18 are
1055 1007 158 29 sometimes
1223 1007 1 44 >

654 1054 108 37 subject
775 1062 55 18 was
844 1051 57 27 also
915 1051 95 27 shown
1030 1058 35 17 on
1089 1044 124 38 Monday
1223 1044 1 47 j

654 1094 89 28 which
763 1101 54 19 was
840 1102 16 17 a
877 1089 109 39 perfect
1010 1084 203 31 midsummer's
1223 1084 1 48 j

653 1135 63 36 day,
762 1132 80 28 while
883 1131 48 27 the
973 1127 145 37 following
1158 1125 53 35 day
1223 1125 1 46 j

653 1184 55 18 was
741 1171 68 30 such
846 1181 30 17 as
917 1169 91 38 might
1041 1167 69 27 have
1142 1165 69 27 been
1223 1165 1 42 j

653 1212 135 39 expected
816 1211 27 27 in
869 1210 46 28 the
938 1207 103 28 middle
1055 1206 29 27 of
1106 1205 104 32 winter,

654 1264 76 18 snow
754 1251 53 29 and
828 1251 70 28 sleet
918 1247 100 38 falling
1040 1244 171 38 throughout
1223 1244 1 41 <

653 1294 47 26 the
722 1292 62 37 day.
825 1291 57 27 The
903 1298 76 19 snow
1002 1285 106 28 started
1128 1284 85 26 about
1223 1284 1 45 j

688 1342 78 19 a.m.-
780 1341 34 20 on
840 1328 140 37 Tuesday,
1001 1325 57 29 and
1084 1324 68 38 kept
1178 1332 33 18 on
1223 1324 1 41 I

651 1374 70 28 .with
736 1372 96 35 steady
853 1369 169 40 persistence
1043 1364 172 38 throughout
1223 1364 1 45 j

656 1414 47 28 the
717 1421 110 31 greater
840 1415 61 35 part
919 1409 29 30 of
968 1408 46 28 the
1029 1407 53 36 day
1096 1404 76 35 with,
1195 1403 21 29 it

657 1454 29 28 is.
701 1454 105 34 feared,
828 1455 80 37 great
928 1447 172 31 destruction
1126 1449 29 24 to
1169 1444 47 28 the

657 1505 96 27 young
763 1494 100 29 lambs.
903 1492 28 27 It
941 1489 53 28 will
1004 1489 33 27 be
1053 1498 15 17 a
1081 1486 53 29 few
1149 1485 68 36 days

661 1536 93 28 before
776 1535 47 29 the
850 1531 141 36 mortality
1017 1529 128 35 amongst
1171 1525 46 27 the

660 1575 90 31 lambs
771 1574 56 30 will
846 1575 37 29 be
900 1571 71 38 fully
990 1570 111 34 known,
1117 1567 48 28 but
1178 1574 40 19 we

661 1618 68 28 hear
847 1616 23 28 is
894 1610 192 33 considerable
1107 1608 55 28 loss
1185 1616 33 19 ou

662 1658 47 28 the
736 1656 109 36 Teviot,
870 1654 66 30 Mea
961 1651 63 30 Flat
1046 1647 56 32 and
1121 1646 100 30 Mount

662 1698 114 36 Benger
794 1697 126 27 stations.
959 1693 53 27 Ihe
1024 1691 67 28 fruit
1102 1688 119 39 gardens

661 1748 43 19 we
719 1748 46 19 are
780 1737 63 39 glad
861 1741 28 24 to
903 1736 74 27 learn
992 1741 72 19 were
1077 1733 49 25 not
1138 1726 84 39 badly

662 1778 119 30 affected
804 1778 37 39 by
863 1778 47 28 the
931 1783 75 21 snow
1027 1769 108 37 though
1157 1767 65 39 they

663 1820 121 29 suffered
806 1820 36 27 bv
863 1818 47 28 the
929 1816 72 28 frost
1013 1813 54 29 last
1087 1809 136 35 Satniday

661 1860 144 38 morning,
821 1860 48 26 the
895 1855 105 39 apricot
1022 1863 65 27 crop
1105 1854 29 25 at
1159 1849 64 29 Coal

663 1900 89 29 Creek
782 1897 159 37 sustaining
961 1889 189 35 considerable
1177 1889 32 28 da-

664 1950 88 28 mage.
797 1940 40 27 To
857 1947 74 19 some
952 1936 29 27 of
1002 1934 46 27 the
1062 1931 96 28 claims
1178 1929 46 28 the

662 1979 145 32 increased
822 1984 85 23 water
919 1975 100 39 supply
1035 1972 54 28 will
1112 1971 35 28 be
1161 1969 47 28 wel-

662 2032 76 18 come
755 2021 68 29 such
838 2030 30 19 as
882 2018 48 29 the
950 2014 95 32 Island
1065 2011 88 31 Block
1168 2012 38 27 Fx-

663 2061 102 28 teuded
792 2060 89 27 which
901 2058 49 26 has
971 2057 69 26 been
1055 2054 65 26 shut
1142 2052 81 26 down

663 2101 42 28 for
726 2105 77 24 want
825 2099 28 28 of
886 2101 86 24 water
994 2091 132 38 recently.
1166 2089 58 28 The

661 2146 115 34 greater
788 2138 119 31 number
927 2136 29 30 of
974 2135 47 29 the
1041 2133 95 31 claims
1148 2130 57 29 how-

661 2192 66 18 ever
748 2191 72 18 were
840 2180 27 26 in
889 2188 36 18 no
946 2175 69 29 need
1031 2174 28 28 of
1079 2176 85 25 water
1177 2170 46 27 the

661 2221 102 40 supply
780 2220 84 38 being
879 2218 76 40 quite
978 2214 137 30 sufficient
1128 2210 96 30 before

662 2262 47 29 the
725 2263 107 36 change
846 2260 27 27 in
888 2259 46 27 the
948 2255 131 29 weather.

816 2355 70 47 The
933 2355 136 44 Courts.

689 2456 204 25 MAGISTRATE'S
907 2453 104 26 COUttT,
1025 2450 172 24 ROXBURGH.

759 2535 106 26 FRIDAY,
889 2524 72 28 25TH
981 2528 164 22 SEPTEMBER.

740 2573 82 26 (Before
832 2573 20 21 S.
863 2572 23 22 £.
896 2569 114 26 tt'C-ulliy,
1022 2568 17 21 E
1040 2578 8 9 ?
1050 2575 29 19 q.,
1087 2565 63 26 S.M.)

851 2613 71 22 CIVIL
947 2610 89 22 CASES.

698 2650 122 28 Thomas
844 2644 146 30 Redmond
1014 2653 25 18 v.
1068 2641 95 30 James
1191 2638 32 31 C.

662 2688 126 36 Pennell,
806 2687 89 30 Claim
909 2686 38 28 £2
963 2685 40 29 3s.
1019 2683 56 35 (3d.,
1090 2681 43 30 for
1148 2679 75 30 work

662 2732 70 27 done
755 2730 28 28 in
804 2727 146 37 removing
971 2729 93 23 stones
1084 2723 72 28 from
1176 2721 32 28 de-

662 2769 142 30 fendant's
826 2768 69 28 fruit
915 2765 115 39 garden.
1072 2763 53 28 Mr.
1148 2761 57 28 Mac-

660 2809 103 31 donald
797 2808 43 28 for
879 2803 130 41 plaintiff.
1075 2800 149 31 Plaintiff's

660 2850 132 29 evidence
809 2847 106 36 having
929 2846 69 28 been
1022 2844 85 38 given
1128 2841 80 30 defen-

657 2891 67 28 dant
762 2897 71 31 gave
867 2886 132 30 evidence
1024 2894 35 18 on
1092 2881 43 30 his
1163 2890 59 19 own

657 2930 98 29 behalf
764 2928 57 28 and
833 2926 88 30 called
933 2922 130 32 Malcolm
1079 2921 144 38 Campbell

657 2977 27 23 to
700 2971 75 28 show
792 2967 103 29 breach
908 2965 30 29 of
957 2967 137 26 contract.
1116 2962 89 37 Judge-

657 3015 76 24 ment
756 3011 44 25 for
819 3009 37 26 £2
878 3010 74 24 costs
973 3008 53 31 Bs.,
1040 3001 180 40 professional

655 3050 53 35 fee,
722 3050 38 27 £1
783 3048 36 28 Is.

771 3101 105 21 COCNTY
896 3098 107 21 BY-LAW
1022 3097 89 21 CASES.

695 3135 94 30 Police
803 3144 27 18 v.
848 3132 122 29 William
984 3130 29 29 J.
1027 3128 87 40 Keys,
1136 3126 86 39 using

656 3187 16 18 a
697 3176 120 28 traction
854 3173 102 37 engine
985 3181 37 18 on
1056 3182 17 15 a
1098 3168 68 28 road
1192 3173 30 21 at

657 3215 88 31 Black
759 3212 99 33 Jack's
872 3211 92 38 creek,
977 3209 97 30 within
1088 3206 133 41 Tuapeka

659 3260 120 32 County,
812 3255 117 28 without
962 3264 16 17 a
997 3252 113 28 license.
1164 3249 54 28 Mr.

658 3293 168 31 Macdonald
844 3293 44 27 for
902 3292 47 27 the
962 3290 133 36 Tuapeka
1110 3288 110 34 County

661 3333 124 34 Council.
809 3332 54 30 Mr.
879 3330 115 31 Dalziell
1006 3328 45 30 for
1064 3328 48 30 the
1125 3325 80 31 defen-

660 3379 76 27 dant.
778 3374 150 29 Constable
950 3372 96 36 Fouhy
1069 3370 55 28 and
1146 3368 74 30 John

661 3417 90 38 Inglis
758 3414 107 38 having
877 3413 84 37 given
971 3411 131 27 evidence
1117 3409 44 27 for
1175 3408 47 27 the

662 3455 176 40 prosecution
857 3452 55 29 and
933 3449 116 30 Council
1059 3448 104 37 having
1173 3447 33 27 ad-

662 3495 114 30 dressed
790 3495 47 27 the
853 3493 86 28 Court
952 3495 29 24 at
995 3490 51 28 full
1060 3488 108 38 length,
1180 3487 42 28 his

663 3535 132 38 Worship
810 3531 129 32 reserved
953 3531 43 29 his
1015 3529 132 29 decision.

701 3577 91 28 Police
814 3585 25 17 v.
863 3572 122 28 William
1006 3570 78 35 Paul,
1104 3569 84 37 using
1207 3579 15 17 a

665 3626 118 30 waggon
813 3613 67 29 with
1035 3610 67 28 tires
1128 3608 94 29 drawn

664 3659 36 34 by
726 3665 73 19 more
823 3655 68 26 than
915 3654 42 26 six
980 3650 125 34 animals,
1124 3652 28 24 to
1176 3649 47 27 wit

665 3706 83 19 seven
762 3696 126 35 (horses.)
931 3692 54 27 Mr.
998 3688 166 30 Macdonald
1175 3699 32 26 ap-

665 3736 100 39 peared
791 3735 45 27 for
860 3733 47 28 the
933 3730 152 29 defendant
1113 3730 27 26 in
1169 3728 54 28 this

664 3787 62 18 case
740 3775 54 29 and
809 3775 47 27 the
876 3771 132 39 Tuapeka
1031 3770 107 37 County
1155 3777 69 21 Were

667 3812 215 42 unrepresented
922 3813 35 36 by
991 3809 121 30 counsel.
1171 3808 52 28 Mr.

654 3849 1 38 ;
667 3855 165 32 Macdonald
855 3850 135 32 admitted
1009 3851 48 28 the
1077 3850 80 35 facts,
1175 3849 49 28 but

654 3890 1 44 |
667 3899 66 29 to.k
759 3895 105 30 several
889 3895 51 26 law
966 3892 92 38 points
1080 3890 90 28 which
1192 3890 32 27 he

654 3927 1 47 1
667 3944 71 23 went
752 3936 69 38 fully
836 3936 57 26 into
907 3934 28 26 in
950 3932 40 27 his
1004 3930 114 28 address
1134 3934 28 23 to
1176 3930 48 26 the

654 3969 1 40 I
667 3975 188 33 Court-—tiis
870 3972 129 37 Worship
1014 3970 59 30 said
1088 3971 33 27 he
1136 3969 88 29 would

667 4020 64 39 give
752 4017 40 28 his
813 4015 121 29 decision
956 4012 27 28 in
1006 4011 68 29 both
1095 4020 75 19 cases
1190 4019 34 19 on

654 4051 1 41 j
668 4066 66 22 next
747 4059 87 28 Court
847 4055 63 37 day,
925 4053 80 32 &3rd.
1021 4052 129 28 October.

809 4138 148 25 WARDEN'S
983 4137 102 23 COURT.

723 4210 147 28 SATtJEDAY,
902 4201 72 29 20TH
995 4207 164 21 SEPTEMBEIt,

782 4249 82 27 (Before
881 4247 90 20 Warden
985 4245 21 20 M
1017 4245 94 25 oartliy.)

848 4280 198 23 applications.

705 4320 59 29 The
783 4316 146 38 following
948 4311 184 41 applications
1154 4321 72 20 were
1240 4303 3 51 |

671 4361 74 29 dealt
771 4358 114 29 with;—
886 4355 73 29 John
988 4354 31 29 F.
1046 4353 93 34 lvitto,
1161 4353 9 35 (
1184 4371 9 13 ,
1205 4362 21 18 r.

671 4402 127 33 Burton,)
827 4395 178 41 prospecting
1030 4404 63 18 area
1114 4393 113 36 Quartz,

671 4444 53 29 3uo
747 4442 37 37 by
806 4439 53 29 300
880 4435 83 41 yards
984 4441 28 22 at
1036 4433 190 35 LimtnerlaW,

672 4480 135 40 Objected
822 4484 27 23 to
860 4479 35 35 by
905 4477 46 27 the
963 4475 155 37 Roxburgh
1136 4473 75 29 Amal-

671 4521 130 40 gamated
828 4519 48 28 Co.
935 4515 66 37 (Mr.
1038 4513 188 37 Macdonald.)

672 4560 132 31 Granted.
806 4560 120 26 —Same
939 4555 140 38 applicant
1094 4554 43 28 for
1145 4558 85 24 water

671 4613 62 20 race
747 4600 52 30 700
811 4597 84 41 yards
909 4597 72 28 from
992 4594 108 30 station
1115 4594 113 30 Bouud-
1242 4594 1 44 j

671 4654 47 17 arv
733 4641 99 34 Creek,
846 4637 190 32 Lammerlaw,
1050 4645 74 19 same
1137 4635 93 37 objec-
1242 4635 1 40 j

672 4692 65 20 tors.
739 4678 172 30 —'Granted.

710 4722 32 28 F.
754 4720 33 28 G.
799 4719 81 27 lvitto
890 4716 54 28 aud
953 4713 116 30 another
1078 4714 152 38 protection
1242 4713 1 44 j

672 4763 44 28 for
730 4763 15 26 3
759 4758 112 30 months
885 4762 28 23 to
927 4755 179 38 prospecting
1119 4764 63 18 area
1201 4760 30 21 at.

674 4798 170 34 Anderson's
878 4797 71 34 Flat,
970 4794 128 38 objected
1130 4799 29 24 to
1191 4795 36 38 by

672 4843 75 30 John
761 4840 110 37 Ewing,
884 4835 152 41 adjourned
1050 4835 59 29 sine
1122 4835 53 29 die.

711 4882 38 30 H.
766 4877 172 33 Weatherail
954 4876 55 29 and
1031 4877 93 28 others
1140 4875 45 37 (R.
1200 4877 27 28 J.
1242 4875 1 40 j

673 4922 147 35 Pitchers):
838 4918 94 28 Water
945 4926 71 24 race,
1028 4917 17 26 (j
1058 4916 86 26 heads
1157 4915 70 29 from
1241 4908 2 49 |

674 4964 102 38 Snowy
817 4959 55 30 and
911 4955 118 31 Bullock

674 5004 132 31 Granted.

709 5047 76 29 John
800 5042 99 37 Ewing
916 5040 57 37 (Mr
987 5038 137 37 Gilkison)
1139 5049 6 18 :
1172 5038 57 28 Ex-
1242 5038 1 41 ;

673 5088 108 31 tension
808 5084 28 28 of
856 5090 86 20 water
959 5090 62 19 race
1042 5080 71 27 from
1133 5079 98 29 Teviot
1242 5079 1 43 j

676 5131 90 28 River.
769 5122 175 40 —Objected
975 5125 30 23 to
1038 5121 36 34 by
1117 5119 112 29 Messrs.

677 5172 176 36 v-crimgeour
885 5162 55 29 and
963 5159 160 29 Alexander
1154 5159 58 29 Mac-

676 5202 301 39 donald.—adjourned
992 5201 41 28 till
1048 5199 78 28 23rd.
1144 5200 61 29 Oct.

715 5246 203 35 FrancisKitto
931 5240 206 41 (Mr.Burton);
1151 5240 65 30 Pros-

677 5297 114 34 pecting
799 5300 63 17 area
875 5289 44 27 for
931 5290 107 34 quartz,
1052 5283 54 29 dOO
1121 5283 37 37 by
1179 5282 54 30 300

679 5332 80 28 yards
779 5337 28 23 at
825 5326 190 30 Lammerlaw.
1017 5322 174 38 —Objected
1206 5326 28 24 to

678 5372 37 36 by
749 5371 46 28 the
835 5366 157 36 Roxburgh
1020 5359 214 39 Amalgamated

679 5411 40 28 M.
741 5409 23 30 &
792 5410 30 29 S.
843 5407 48 30 Co.
916 5406 64 38 (Mr.
1007 5401 229 39 Macdonald).—

670 5451 1 31 I
680 5451 132 31 Granted.
1112 5451 3 31 .
1206 5451 2 31 ■

719 5492 73 28 John
838 5490 100 37 Ewing
976 5487 68 37 (Mr.
1075 5484 138 36 Gilkison)
1231 5494 5 16 ;

670 5518 1 49 [
682 5532 59 28 Tail
763 5541 61 19 race
849 5530 53 28 300
919 5528 82 39 yards
1024 5531 28 25 at
1067 5524 171 31 Anderson's

670 5565 1 35 I
684 5572 70 28 Flat.
757 5569 170 31 —Granted.

721 5611 94 30 James
853 5609 98 30 Fisher
996 5608 67 38 (Mr.
1096 5604 118 34 Burton)
1233 5614 6 17 ;

670 5644 1 52 j
686 5651 96 31 Water
791 5661 59 20 race
864 5651 65 36 (two
942 5650 96 37 heads)
1051 5649 70 28 from
1133 5658 16 17 a
1158 5644 82 31 creek

670 5684 1 41 i
686 5703 51 19 one
746 5693 64 29 mile
815 5693 87 28 above
912 5688 216 32 Fourteen-mile
1140 5684 101 31 Beach,

670 5732 1 44 j
684 5732 172 30 —Granted.

670 5764 1 44 i
724 5773 75 30 John
825 5771 155 31 McKenzie
1010 5769 66 39 (Mr.
1100 5765 119 38 Burton)
1237 5774 6 19 :

1246 219 98 28 Water
1357 228 60 18 race
1430 217 61 36 (one
1503 216 32 27 lie
1540 225 16 18 a
1563 214 22 38 1.)
1601 214 72 28 from
1686 210 119 31 Evans's

1248 257 259 39 gully.—Granted.

1284 298 34 26 D.
1344 297 37 27 H.
1408 296 105 27 Parker
1537 293 56 28 and
1619 292 93 28 otliers
1739 290 65 36 (Mr.

1247 337 115 35 Burton)
1382 346 5 18 :
1418 332 143 31 fxteuded
1585 331 80 30 claim
1691 329 29 30 of
1752 329 53 28 five

1246 388 75 18 acres
1335 381 27 24 at
1383 376 60 28 Red
1463 374 97 29 Jack's
1575 373 125 33 Terrace,
1714 379 89 29 upper

1248 416 134 29 Waikaia.
1385 413 170 30 —Granted.

1281 457 76 26 John
1374 456 100 35 Ewing
1488 450 4 41 :
1518 453 66 28 Two
1597 451 159 29 bv-washes
1773 450 28 26 in

1244 493 185 42 Thompson's
1463 492 92 38 Gully,
1589 490 57 29 also
1689 499 53 19 one
1773 488 28 27 in

1245 536 159 29 Williams's
1432 534 92 37 Gully,
1548 533 79 29 three
1659 530 30 30 in
1711 529 72 31 Cock-

1246 575 95 28 burn's
1363 574 92 36 Gully,
1479 583 51 19 one
1544 573 29 27 in
1595 571 98 36 Rocky
1708 570 92 35 Gully.

1244 615 73 29 —all
1331 614 171 29 withdrawn.
1545 611 83 30 Same
1653 609 148 40 applicant,

1245 657 77 27 three
1340 656 80 28 other
1452 652 164 38 by-washes'
1630 651 28 27 in
1681 650 100 35 Thomp-

1244 695 75 29 son's
1361 694 92 37 Gully,
1479 697 53 24 two
1563 692 29 28 ia
1628 687 173 31 Willliams's

1246 736 90 37 Gully,
1363 735 78 27 three
1462 734 29 26 in
1513 729 175 33 Cockburn's
1709 728 92 34 Gully,

1246 782 52 22 two
1319 776 28 28 in
1370 774 97 38 Rocky
1483 773 91 38 Gully,
1590 775 54 24 two
1670 769 29 28 in
1720 767 81 30 Rae's

1245 811 177 40 Gully.—All
1435 812 154 39 adjourned
1602 814 28 24 to
1645 809 79 28 23rd.
1740 808 61 28 Oct.

1281 853 155 37 Roxburgh
1448 849 214 39 Amalgamated
1679 848 37 28 M.
1732 847 24 27 &
1771 846 29 27 S.

1244 895 47 29 Co.
1310 896 56 35 (Mr
1380 892 196 37 Macdouald):
1600 888 153 29 Extension
1773 885 28 30 of

1244 936 47 28 tail
1306 946 70 18 race.
1380 932 170 30 —Granted.

1279 977 75 28 John
1402 974 99 37 Ewing
1538 971 58 35 (Mr
1641 968 138 35 Gilkison)
1794 978 5 16 :
1813 968 1 50 j

1242 1015 87 29 Flood
1347 1023 70 24 race,
1432 1012 53 28 No.
1510 1013 43 31 4a,
1580 1011 87 34 thirty
1693 1007 105 33 chains,
1813 1000 1 47 !

1242 1065 65 17 near
1321 1054 45 28 the
1381 1051 87 30 outlet
1481 1051 29 27 of
1536 1050 135 28 Hercules
1695 1047 63 27 Flat
1771 1045 29 28 of
1813 1045 1 37 i

1242 1087 446 41 Cockburn'sGully.—Objected
1712 1091 28 24 to
1761 1085 37 38 by

1242 1134 108 37 George
1365 1131 158 29 Cockburn.
1526 1127 171 32 —Granted.

1283 1174 26 28 P.
1327 1173 28 28 C.
1372 1171 103 28 Grant:
1498 1169 154 29 Surrender
1670 1167 29 29 of
1717 1175 66 20 occu-

1242 1214 91 38 pation
1349 1212 110 32 license,
1474 1208 94 39 33/87.
1571 1205 190 40 —Accepted.

1281 1252 106 30 Golden
1411 1249 61 29 Run
1496 1249 148 40 XJredging
1661 1247 59 36 Co.,
1733 1244 66 30 Ltd.

1245 1294 57 36 (Mr
1325 1291 117 35 Burton)
1457 1301 5 16 :
1511 1289 159 30 Protection
1691 1289 44 26 for
1758 1285 43 28 six
1813 1285 1 50 j

1245 1333 111 31 months
1394 1330 29 30 of
1472 1330 74 29 their
1587 1327 102 41 special
1721 1325 80 30 claim
1813 1320 1 53 j

1248 1374 128 38 185/9t)R.
1378 1371 172 29 —Granted.

1284 1417 30 27 P.
1325 1414 96 35 Laffey
1431 1412 54 29 and
1495 1412 94 28 others
1601 1410 57 37 (Mr
1666 1407 117 36 Burton)
1799 1419 5 16 ;

1246 1459 35 28 80
1296 1456 84 30 heads
1402 1451 70 31 from
1489 1452 46 28 the
1555 1449 98 31 Teviot
1671 1449 95 28 River.
1768 1463 38 5 —

1248 1496 135 41 Objected
1415 1499 28 24 to
1473 1494 39 37 by
1538 1492 45 28 Mr
1616 1489 188 35 Scrimgeour,

1246 1534 156 40 Roxburgh
1413 1531 213 41 Amalgamated
1635 1529 112 37 Mining
1757 1527 49 29 Co.

1250 1582 57 36 (Mr
1320 1575 190 38 Mncdonald),
1529 1572 55 31 and
1608 1571 75 30 John
1705 1568 101 39 Lwing

1252 1625 56 35 (Mr
1322 1619 148 32 Gilkison).
1473 1613 172 30 —Refused.

1286 1664 28 29 J.
1338 1662 30 29 C.
1383 1656 150 32 Nicholson
1556 1653 54 29 and
1634 1651 94 30 others
1752 1649 57 35 (Mr

1251 1703 126 35 Dalziell)
1424 1698 137 34 Ordinary
1571 1693 141 39 dredging
1728 1691 80 28 claim

1241 1730 1 50 |
1252 1746 67 29 Dec.
1343 1743 58 34 'B6,
1419 1738 83 31 block
1529 1745 51 26 in,
1606 1734 120 37 Benger,
1754 1730 54 30 and

1241 1771 1 53 i
1254 1786 68 38 strip
1332 1784 28 29 of
1372 1780 64 32 land
1446 1779 88 30 below
1548 1785 75 21 same
1634 1771 176 42 —Objected

1241 1813 1 50 I
1253 1833 28 23 to
1291 1828 37 35 by
1340 1826 91 34 Otago
1445 1820 70 29 Gold
1528 1816 147 38 Dredging
1688 1814 48 30 Co.
1754 1813 57 38 (Mr

1241 1856 1 44 I
1254 1856 187 44 Mncdonald).
1444 1856 210 40 —Adjourned.

1291 1908 30 28 P.
1361 1903 130 31 Beardon
1532 1897 55 30 and
1620 1895 94 31 others
1754 1893 57 36 (Mr

1241 1929 1 56 j
1255 1947 134 34 Pitchers)
1404 1954 5 17 :
1432 1939 158 30 Protection
1612 1937 43 27 for
1669 1936 16 27 3
1699 1934 112 28 months

1241 1978 1 46 j
1253 1989 44 28 for
1311 1987 102 37 Quartz
1427 1978 184 42 Prospecting
1626 1978 83 31 Area,
1723 1983 89 31 upper

1258 2028 136 29 Waikaia.
1399 2020 169 33 —Granted.

1290 2068 112 35 Mining
1583 2070 6 16 r
1622 2056 188 30 CftxiCGllcition

1241 2095 1 53 j
1252 2109 30 28 of
1295 2105 121 32 licensed
1429 2101 127 37 holding,
1571 2098 54 28 No.
1644 2095 127 39 188/90r.

1241 2140 1 38 '
1255 2147 146 31 Cancelled
1416 2140 187 38 accordingly.

1290 2189 31 29 F.
1337 2188 32 29 G.
1382 2187 80 27 Kitto
1474 2195 5 17 :
1491 2179 153 32 Surrender
1654 2177 29 29 of
1693 2187 101 27 occupa-

1241 2216 1 43 i
1252 2230 56 29 tion
1321 2229 102 29 license
1432 2225 53 29 No.
1642 2216 168 40 adjourned.

1290 2270 123 28 Herbert
1431 2264 91 30 Park:
1547 2259 107 39 Special
1678 2258 80 28 claim
1783 2256 28 30 of

1253 2312 34 28 30
1301 2321 86 24 acres,
1400 2308 83 27 block
1504 2313 48 22 ix.,
1571 2297 240 41 Benger.—tinal

1241 2335 1 53 j
1253 2352 116 36 hearing
1397 2347 72 29 fixed
1491 2346 44 27 for
1557 2340 156 29 December
1732 2341 79 25 couit

1253 2393 64 36 day.

1289 2433 96 36 Laffey
1411 2430 54 28 and
1492 2428 47 28 Co.
1554 2438 5 16 :
1587 2423 109 39 Special
1717 2422 93 33 claim,

1241 2459 1 46 !
1251 2472 82 29 block
1366 2480 69 25 viit.,
1460 2469 118 36 Benger.
1583 2462 161 31 —Ordered
1783 2465 28 25 to

1253 2514 34 27 be
1319 2509 144 40 surveyed.
1466 2504 151 32 —Several
1656 2502 154 39 objections

1252 2553 102 37 lodged
1379 2556 29 24 to
1439 2551 35 27 be
1496 2543 164 34 considered
1688 2547 29 24 at
1746 2541 66 30 final

1241 2583 1 47 i
1253 2593 115 37 hearing
1383 2601 35 19 on
1432 2590 124 35 January
1570 2589 78 25 court
1662 2583 63 37 day.

1291 2633 91 37 Otago
1402 2630 71 30 Gold
1496 2626 148 37 Dredging
1659 2625 134 37 Conpany
1807 2632 6 19 :

1256 2673 110 39 Special
1393 2672 79 29 claim
1500 2670 28 28 of
1568 2668 35 29 50
1629 2664 167 31 acres.—Ad-

1252 2714 119 39 journed
1386 2714 44 28 for
1444 2709 157 38 surveyor's
1614 2709 103 35 report.

1292 2754 70 29 Kdie
1388 2752 54 30 and
1469 2747 175 42 Kilpatrick:
1680 2745 134 29 Licensed

1254 2794 117 37 holding
1402 2793 30 28 of
1474 2792 33 27 10
1543 2798 87 22 acres,
1651 2784 83 30 block
1767 2794 47 26 IX.,

1255 2835 121 37 Benger,
1403 2836 59 26 east
1496 2828 73 32 bank
1603 2827 29 30 of
1665 2825 110 30 Clutha.

1256 2874 134 29 Granted.

1291 2914 75 30 John
1411 2912 102 37 Ewing
1555 2909 56 38 (Mr
1654 2906 138 38 Gilkison)
1808 2906 4 43 ;

1255 2954 108 35 Special
1386 2953 79 29 claim
1492 2955 28 24 at
1546 2945 173 33 Anderson's
1741 2945 71 35 Flat,

1257 2995 48 25 100
1327 2989 265 40 acres.—Objected
1615 2992 28 24 to
1665 2987 36 35 by
1725 2985 31 27 F.
1778 2985 33 28 G.

1251 3032 82 29 Kitto
1355 3031 56 29 and
1432 3031 96 29 others
1554 3027 58 38 (Mr
1634 3024 137 36 Dalziell).
1775 3041 37 4 —

1251 3072 164 39 Adjourned
1430 3070 71 29 until
1512 3070 48 28 the
1570 3071 101 26 matter
1679 3065 51 28 has
1741 3065 69 28 been

1250 3111 153 31 submitted
1418 3114 28 26 to
1460 3111 49 29 the
1523 3108 130 30 Minister
1665 3105 30 30 of
1709 3105 102 28 Mines.

1288 3154 34 28 In
1332 3153 55 29 this
1396 3161 62 21 case
1468 3151 44 29 his
1524 3148 131 38 Worship
1666 3145 145 30 remarked

1250 3203 30 18 as
1290 3193 107 28 follows
1410 3203 5 17 :
1419 3191 138 28 —Before
1566 3187 168 40 proceeding
1744 3185 68 28 with

1251 3234 48 30 the
1321 3233 118 38 hearing
1460 3231 28 31 of
1514 3230 55 30 this
1597 3227 178 40 application,
1797 3224 14 31 I

1251 3274 68 26 wish
1342 3278 28 22 to
1393 3273 65 27 read
1481 3272 48 26 the
1550 3269 144 34 following
1721 3268 91 31 letter,

1251 3311 125 30 received
1391 3311 39 38 by
1443 3319 44 19 me
1502 3309 71 28 from
1594 3307 49 28 the
1666 3305 146 38 Secretary

1251 3354 28 29 of
1292 3353 47 30 the
1354 3352 105 30 Millers
1477 3350 64 30 Flat
1555 3347 111 41 Mining
1681 3346 113 32 Associa-

1253 3395 58 27 tion
1324 3405 45 16 :

1439 3431 79 21 Millers
1527 3429 54 25 Flat,
1592 3429 45 21 21st
1646 3428 67 26 Sept.,
1724 3428 58 20 1893.

1252 3459 44 21 The
1304 3459 99 26 Warden,
1415 3458 73 26 Clyde.

1276 3488 55 20 Dear
1340 3487 39 25 Sir,
1382 3487 35 20 —I
1427 3493 32 13 am
1471 3484 107 27 requested
1588 3484 27 25 by
1625 3483 36 21 tlie
1673 3483 80 21 Millers
1767 3483 44 21 Flat

1253 3514 82 21 Miners'
1346 3515 127 20 Association
1484 3516 22 18 to
1511 3515 54 18 state
1575 3513 46 20 that
1627 3519 11 13 a
1645 3511 113 21 resolution
1769 3517 40 14 was

1251 3542 70 24 pasied
1337 3541 39 22 and
1392 3540 77 22 carried
1486 3539 145 26 unanimously
1650 3540 22 20 at
1690 3546 12 13 a
1722 3538 91 25 meeting

1251 3570 48 21 held
1317 3569 27 27 hy
1361 3570 47 19 that
1427 3568 52 26 tnly
1498 3575 25 13 on
1547 3567 110 26 Siturday,
1678 3564 48 24 19th
1747 3566 65 22 inst.:

1273 3596 54 21 That
1382 3596 129 26 prospecting
1521 3595 58 20 o'aim
1594 3592 22 22 of
1627 3595 72 19 Me-srs

1251 3624 39 21 and
1302 3624 34 21 Ivit
1342 3626 27 23 to,
1384 3622 122 22 Anderson's
1519 3622 34 21 Fia
1556 3624 7 12 f
1566 3621 4 28 ,
1582 3622 24 20 be
1617 3621 106 24 protected
1730 3621 82 26 against

1252 3660 7 11 f
1264 3652 113 20 ncroachnv
1462 3648 40 22 str.d
1535 3657 41 18 j'oti
1612 3656 34 13 are
1677 3648 136 26 respectfully

1252 3682 87 23 leqiesti
1346 3676 13 23 d
1384 3681 21 17 to
1426 3675 87 27 adjourn
1539 3676 95 26 granting
1667 3675 32 21 Mr
1722 3675 88 26 E>ving's

1252 3706 122 26 application
1385 3705 53 21 until
1448 3711 26 14 an
1483 3711 37 13 am
1523 3709 40 15 War
1577 3706 21 17 to
1614 3704 36 19 the
1660 3702 113 21 resolution
1790 3702 17 20 is

1253 3732 90 21 received
1361 3732 54 21 from
1433 3732 34 21 the
1483 3732 96 19 Minister
1596 3730 21 20 of
1642 3730 170 21 Mines.-—Yours

1253 3759 113 26 faithfully,
1505 3759 23 20 P.
1539 3759 22 21 C.
1573 3758 86 26 Ok.vn%
1669 3758 115 26 Secretary;

1253 3796 79 34 Now,
1347 3796 79 26 while
1436 3795 14 26 I
1464 3795 68 28 shall
1544 3795 101 36 always
1659 3793 54 28 feel
1727 3793 23 28 it
1765 3802 46 28 my

1253 3836 68 37 duty
1336 3840 28 24 to
1378 3835 63 38 give
1461 3843 82 28 every
1565 3831 203 32 consideration
1784 3836 27 25 to

1253 3886 56 27 any
1318 3874 260 35 recommendation,
1586 3876 72 27 bona
1667 3873 53 30 fide
1732 3873 78 30 made

1253 3927 36 17 on
1312 3916 95 37 purely
1431 3915 92 38 public
1546 3914 122 38 grounds
1694 3915 38 36 by
1757 3924 54 27 any

1257 3955 109 29 miners'
1389 3953 164 31 association
1575 3953 28 30 in
1625 3953 140 30 reference
1784 3956 28 27 to

1256 3997 45 27 the
1316 3996 126 39 question
1457 3995 28 28 of
1500 3995 133 38 granting
1644 4005 31 18 or
1685 3994 128 38 refusing

1254 4047 55 28 any
1333 4036 177 39 application,
1536 4039 47 35 yet
1608 4035 23 28 it
1660 4035 92 29 would
1777 4035 35 28 be

1256 4077 96 37 highly
1378 4077 139 36 improper
1542 4075 44 29 for
1610 4086 54 25 any
1693 4075 119 34 Warden,

1257 4117 77 27 when
1349 4115 112 38 dealit-g
1476 4113 63 31 with
1555 4125 54 29 any
1620 4114 131 40 disputed
1765 4124 32 30 ap-

1257 4157 257 38 plication—where
1540 4157 48 28 the
1614 4157 142 38 questions
1784 4160 29 24 at

1256 4198 71 28 issue
1347 4207 46 19 are
1417 4197 95 39 purely
1533 4198 126 27 between
1682 4200 55 24 two
1758 4196 44 28 liti-

1255 4242 83 33 gants
1361 4238 28 28 in
1415 4238 73 28 their
1513 4241 126 34 sepxrate
1661 4237 55 28 and
1740 4237 58 27 indi-

1255 4277 92 29 vidual
1368 4275 214 41 capacities—-to
1605 4277 82 27 listen
1707 4280 29 24 to
1760 4286 53 28 any

1257 4318 249 30 recommendation
1518 4317 163 38 emanating
1693 4316 72 30 from
1779 4327 35 19 an

1255 4358 195 39 irresponsible
1465 4357 83 37 body,
1560 4358 67 28 such
1638 4367 30 18 as
1676 4368 16 17 a
1702 4355 111 31 miners'

1256 4398 163 29 association
1448 4395 193 38 undoubtedly
1667 4397 33 29 is.
1740 4397 74 29 Such

1257 4451 43 17 ass
1321 4438 114 30 ciations
1457 4448 54 26 are,
1532 4438 57 29 like
1610 4438 80 29 other
1713 4437 103 29 similar

1259 4480 104 34 bodies,
1395 4479 83 28 liable
1510 4484 27 22 to
1574 4479 35 27 be
1634 4478 119 28 affected
1779 4479 36 37 by

1259 4519 123 38 passions
1396 4518 54 28 and
1464 4517 164 39 prejudices,
1640 4518 55 28 and
1706 4522 28 24 to
1746 4518 69 28 view

1259 4563 114 24 matters
1386 4558 28 28 in
1427 4569 16 17 a
1457 4558 122 39 partisan
1602 4558 97 37 spirit;
1720 4557 94 30 whilst

1259 4599 133 35 wardens,
1404 4598 78 30 when
1493 4598 112 39 dealing
1615 4598 65 29 with
1690 4598 124 39 opposed

1259 4639 106 37 mining
1377 4639 191 37 applications,
1579 4649 45 17 are
1637 4638 88 28 called
1740 4649 73 26 upon

1259 4685 27 22 to
1309 4678 122 28 exercise
1450 4677 114 38 judicial
1590 4677 150 35 functions,
1760 4677 55 28 and

1259 4718 137 28 therefore
1421 4717 88 37 ought
1523 4721 28 24 to
1565 4716 69 38 keep
1650 4716 165 30 themselves

1258 4758 73 28 clear
1342 4757 30 28 of
1384 4757 36 28 all
1441 4762 81 33 party
1544 4766 31 18 or
1598 4757 126 36 personal
1746 4757 68 29 bias.

1260 4798 12 29 I
1288 4802 73 25 must
1374 4807 48 28 say
1437 4798 60 28 that
1512 4797 46 28 the
1571 4795 82 30 letter
1666 4795 149 31 addressed

1259 4844 26 24 to
1300 4849 43 19 me
1358 4838 35 39 by
1415 4838 47 29 the
1485 4837 105 29 Millers
1617 4836 62 30 Flat
1702 4837 112 29 Miners'

1259 4879 172 29 Association
1453 4878 23 28 is
1498 4888 16 17 a
1537 4877 82 28 letter
1640 4878 61 28 that
1727 4878 88 37 ought

1258 4929 83 17 never
1354 4922 28 23 to
1396 4918 70 27 have
1481 4917 68 26 been
1565 4915 149 29 addressed
1731 4919 29 24 to
1780 4926 35 17 an

1257 4958 97 32 official
1368 4956 157 40 occupying
1539 4955 47 29 the
1607 4956 121 37 position
1750 4955 29 30 of
1798 4965 17 19 a

1258 4999 156 40 goldfields'
1429 4997 119 29 warden.
1591 4996 54 28 For
1665 4997 78 28 these
1756 5006 45 19 rea-

1257 5050 73 25 sons,
1344 5040 47 28 the
1405 5037 116 37 hearing
1534 5036 29 28 of
1577 5033 56 30 this
1647 5033 166 41 application

1260 5080 53 28 will
1328 5079 116 38 proceed
1455 5078 59 37 just
1528 5086 30 18 as
1571 5075 22 28 if
1616 5076 15 28 I
1653 5075 56 30 lied
1732 5086 84 19 never

1259 5120 124 28 received
1403 5119 47 27 the
1464 5118 82 27 letter
1560 5115 13 27 I
1588 5115 69 29 have
1668 5113 60 41 just
1740 5113 76 30 read.

1759 112 201 40 MOUHT
1983 134 9 18 ?
2046 107 229 41 BEHGER
2362 101 155 44 MAIL.

153 122 172 55 Friday,
351 126 168 41 Ootobar
541 127 38 43 2,
605 127 119 42 1393.

125 5769 77 22 Wheat
210 5767 38 22 has
258 5767 52 22 ri«»
322 5765 21 21 1»
353 5770 37 22 p«r
404 5763 85 28 quarter
503 5760 41 22 tLis
560 5758 56 23 week
633 5758 21 23 in

96 5800 40 22 Lor.
138 5797 48 22 don.

1839 209 339 51 pOMMERCIAL
2225 209 165 35 HOTEL,

1840 257 39 18 V
2028 258 167 25 ROXBURGH.

1902 354 36 29 H,
1962 353 35 29 H.
2019 351 110 33 Heron,
2150 346 168 39 Proprietor.

1868 458 58 27 Oae
1940 455 28 29 of
1982 456 46 27 the
2041 454 63 27 best
2117 452 100 27 knewn
2238 449 55 27 and
2313 450 75 25 most

1830 494 180 32 comfortable
2032 489 151 32 Hostelries
2206 488 28 27 in
2257 488 47 27 the
2327 487 18 26 L
2356 496 14 27 p-

1830 541 117 33 country
1962 534 137 30 Districts.

1868 587 79 29 Cobb
1961 585 53 29 and
2031 582 73 30 Co.'s
2119 579 85 37 Royal
2227 578 67 29 Mail
2317 577 70 28 Line

1829 628 29 29 of
1882 627 120 30 Coaches
2016 622 122 37 running
2159 621 125 28 between
2309 617 59 29 Law-

1831 678 80 18 rence
1935 666 55 28 and
2014 665 184 36 Queenstown
2221 659 91 28 arrive
2330 657 58 29 and

1830 706 212 40 depart.datly;-'

1831 800 117 38 Liquors
1962 798 29 29 of
2004 797 47 29 the
2065 796 61 28 best
2135 790 102 31 brands
2246 792 66 38 only
2321 791 68 39 kept

2044 837 29 26 in
2088 833 88 30 stock.

1828 942 126 29 Busies
1966 942 54 28 and
2037 939 101 30 Saddle
2148 938 103 29 Horses
2260 949 35 17 011
2308 938 78 29 Hire.

1872 968 17 12 O
1894 968 16 12 O

1829 1025 283 55 RAILWAY
2188 1023 199 36 HOTEL,

1921 1094 67 21 ROSS
2007 1092 98 25 PLACE,
2128 1090 168 23 LAWRENCE.

1828 1161 110 36 John
1967 1160 151 44 Laffey,
2150 1158 238 46 Proprietor

1906 1218 79 37 (Late
2000 1219 28 28 of
2042 1218 146 29 Havelock
2203 1218 108 37 Hotel.)

1866 1299 19 29 J
1896 1299 33 28 L.
1944 1299 69 38 begs
2036 1302 27 26 to
2077 1297 126 30 intimate
2217 1300 60 27 that
2291 1300 35 26 he
2340 1300 49 27 has

1830 1339 155 39 purchased
2018 1340 48 28 the
2098 1339 94 32 aboV&
2213 1338 179 30 well-known

1832 1380 142 37 Hostelry,
1983 1381 55 27 and
2056 1381 93 36 hopes,
2160 1380 34 32 by
2206 1378 80 30 strict
2300 1382 76 24 atten-

1833 1422 57 26 tion
1905 1424 28 23 to
1947 1420 48 27 the
2005 1420 118 28 comfort
2133 1421 29 27 of
2174 1417 153 31 Travellers
2337 1418 53 28 and

1834 1461 47 28 the
1893 1460 95 38 public
2003 1460 151 38 generally,
2168 1464 28 26 to
2211 1464 73 25 meet
2297 1460 67 28 with
2378 1470 15 18 a

1834 1502 52 27 fair
1900 1500 80 29 share
1993 1501 30 28 of
2037 1505 161 34 patronage.

1872 1540 59 29 The
1957 1540 124 35 Kailway
2104 1541 24 29 is
2151 1551 51 19 one
2216 1541 28 28 of
2258 1542 47 27 the
2318 1541 60 28 best-

1834 1582 150 39 appointed
1997 1581 101 30 Hotels
2108 1582 107 30 outside
2224 1582 29 30 of
2265 1582 129 29 Dunedin

1836 1623 99 29 Under
1947 1622 87 29 J.L.'s
2050 1627 203 32 management,
2263 1624 47 27 the
2321 1633 55 18 com-

1836 1664 56 29 fort
1906 1662 29 29 of
1944 1669 114 32 patrons
2067 1663 54 28 will
2133 1664 35 28 be
2180 1664 77 29 made
2268 1674 15 18 a
2294 1662 100 40 special

1836 1705 116 33 feature,
1966 1704 55 28 and
2034 1714 36 19 no
2084 1705 82 28 effort
2177 1704 54 29 will
2246 1705 35 28 be
2296 1703 98 39 spared

1837 1750 28 25 to
1879 1745 65 39 give
1957 1754 84 29 every
2056 1744 180 31 satisfaction.

1838 1819 58 29 The
1909 1820 63 28 best
1985 1819 104 29 brands
2103 1820 30 29 of
2155 1819 104 37 Wines,
2284 1820 111 39 Spirits,

1875 1860 55 28 and
1947 1859 65 29 Ales
2025 1860 103 39 always
2147 1859 67 39 kept
2227 1860 28 28 in
2269 1861 88 27 stock.

1841 1934 129 38 Simpson
1983 1933 55 28 and
2056 1933 98 28 Hart's
2167 1933 66 28 Ales
2246 1933 101 38 always
2361 1944 35 17 on

2088 1973 68 40 Tap.

1829 2048 1 32 I
1840 2048 158 28 First-class
2011 2048 130 32 Stabling
2155 2048 241 27 Accommodation

2121 2077 17 8 o

1846 2123 285 57 jy[ASOHIC
2180 2121 216 45 HOTEL,

1935 2184 69 21 ROSS
2018 2184 98 24 PLACE,
2131 2183 167 20 LAWRENCE.

1839 2253 33 28 R.
1894 2252 113 29 WEBB
2216 2252 180 29 PnorniETOß.

1876 2333 59 29 The
1989 2333 125 30 Masonic
2171 2333 101 28 affords
2295 2332 36 28 all
2351 2332 48 28 the

1840 2373 131 32 comforts
1985 2373 29 30 of
2027 2386 16 17 a
2056 2374 89 36 home,
2158 2373 54 30 and
2227 2373 23 30 is
2264 2372 130 40 provided

1840 2416 67 27 with
1921 2415 47 28 the
1990 2425 67 28 very
2077 2416 63 27 best
2154 2414 243 29 Accommodation

1829 2456 55 32 ,for
1910 2454 163 30 Travellers.
2113 2455 157 28 First-class
2304 2453 93 28 Table.

1841 2497 68 28 Best
1928 2495 98 28 Wines
2049 2496 54 28 and
2127 2495 100 39 Spirits
2249 2495 101 37 always
2370 2494 29 26 in

1841 2535 89 31 stock.

1965 2603 134 22 CHARGES
2119 2602 158 22 MODERATE.

1879 2659 59 29 The
1963 2659 160 39 Proprietor
2149 2657 98 30 wishes
2272 2661 30 26 to
2324 2657 75 29 draw

1843 2699 110 40 Special
1977 2701 137 28 attention
2139 2703 29 25 to
2196 2700 47 27 the
2269 2698 130 37 Stabling

1842 2741 248 29 Accommodation
2110 2739 143 39 provided,
2267 2738 90 30 which
2377 2739 22 27 is

1844 2781 155 33 unlimited,
2013 2781 54 27 and
2081 2781 29 27 of
2123 2781 47 27 the
2183 2781 61 27 best
2258 2779 77 29 kind,

1846 2856 152 58 yICT
2012 2856 62 29 0K
2088 2857 14 27 I
2116 2855 26 29 A
2218 2853 181 34 HOTEL,

1932 2925 72 21 PEEL
2016 2924 112 25 STREET,
2145 2921 167 23 LAWRENCE.

1865 3013 171 36 Ronald
2067 3010 311 41 Montgomery,

2034 3069 180 27 Pkopbietor.

1842 3163 59 29 One
1924 3162 30 30 of
1977 3161 48 29 the
2046 3164 72 25 most
2143 3159 181 30 comfortable
2342 3159 57 29 and

1867 3199 234 33 best-conducted
2114 3199 155 30 Hostelries
2279 3209 36 20 on
2325 3199 48 29 the

1992 3243 91 36 Otago
2097 3241 159 30 Goldfields.

1943 3331 59 23 HOT
2023 3330 63 24 AND
2107 3330 73 23 COLD
2198 3329 100 24 BATHS.

1870 3401 111 30 Sample
2001 3401 97 29 Rooms
2119 3410 51 19 for
2189 3402 182 29 Travellers.

1843 3483 169 37 Passengers
2020 3481 87 30 called
2119 3483 42 29 for
2169 3483 47 29 the
2225 3483 75 38 early
2307 3483 92 28 Train.

1843 3558 210 54 yiCTORIA
2071 3558 146 30 LIVERY
2231 3558 169 31 STABLES

1933 3626 71 22 PEEL
2018 3626 112 26 STREET,
2146 3625 166 22 LAWRENCE.

1842 3695 36 42 T.
1907 3693 122 51 Dwyer
2075 3704 7 30 :
2131 3704 7 30 :
2194 3693 205 51 Proprietor.

1880 3782 59 28 The
1952 3792 66 27 very
2032 3781 63 28 best
2110 3780 129 38 Stabling
2256 3781 143 37 provided,

1842 3822 66 28 with
1922 3833 16 17 a
1952 3820 101 30 Groom
2067 3821 102 39 always
2183 3820 28 28 in
2224 3821 174 29 attendance.

1842 3905 26 26 A
1891 3902 160 29 Handsome
2077 3902 55 28 and
2161 3899 238 40 Well-appointed

1940 3951 155 38 Hearse
2121 3962 52 25 on
2203 3951 102 36 Hire.

1878 4040 159 30 First-class
2070 4040 96 38 Single
2200 4040 54 28 and
2289 4040 108 29 Doable

1842 4081 141 37 Buggies;
2003 4081 67 33 also,
2088 4079 107 29 Ladies'
2211 4080 54 27 and
2287 4080 98 29 Gentler-

1841 4121 88 30 men's
1945 4119 102 30 Saddle
2063 4119 116 30 Horses.

1848 4194 194 60 COBB
2114 4194 52 57 &
2231 4195 169 61 CO.'S

1955 4276 172 23 TELEGRAPH
2154 4278 69 20 LINE
2249 4278 35 21 OF

1895 4329 130 29 ROYAL
2046 4329 97 29 aiAIL
2168 4328 186 31 COACHES.

2051 4381 23 29 L
2084 4391 117 19 iwrence

1881 4431 157 31 Beaumont
2165 4429 67 30 Moa
2246 4429 61 31 Flat

1881 4478 100 28 Teviot
2162 4476 159 29 Alexandra

1881 4523 88 39 Clyde
2169 4522 144 29 Cromwell

1880 4571 176 29 Arrowtown
2169 4569 107 36 Queens
2279 4574 72 24 town

2103 4622 64 27 And

1919 4669 57 28 Alll
1996 4668 200 30 Intermediate
2222 4669 106 29 Places.

1882 4750 79 29 Cobb
1975 4749 55 28 and
2055 4749 75 29 Co.'s
2154 4748 155 40 Telegraph
2337 4751 68 29 Line

1844 4791 29 30 of
1888 4789 88 40 Royal
1990 4789 68 29 Mail
2083 4789 121 30 Coaches
2227 4791 76 28 leave
2326 4791 60 28 Law-

1844 4842 81 19 rence
1946 4831 44 29 for
2012 4831 48 28 the
2081 4830 153 29 Beaumont
2256 4831 54 28 and
2331 4831 56 30 Rox-

1845 4872 92 37 burgh
1956 4881 83 28 every
2062 4870 71 38 day;
2152 4871 56 28 and
2231 4871 74 30 leave
2329 4872 57 29 Rox-

1844 4912 93 36 burgh
1969 4911 44 26 for
2044 4911 171 32 Alexandra,
2250 4911 155 36 Cromwell,

1843 4953 183 32 Arrowtown,
2040 4948 57 29 and
2119 4949 183 36 Queenstown
2320 4961 82 32 every

1843 4991 137 37 Tuesday,
2006 4990 145 39 Thursday
2174 4991 56 28 and
2255 4990 147 42 Saturday,

1844 5031 132 37 reaching
1985 5031 186 35 QueenstoWn
2182 5032 47 27 the
2238 5040 73 21 same
2319 5043 67 19 even-

1844 5075 59 35 ing.
1943 5075 169 33 Passengers
2126 5071 76 30 leave
2221 5071 129 31 Duuedin
2365 5075 38 37 by

1846 5115 46 28 the
1907 5112 63 27 8.15
1983 5120 65 18 a.m.
2073 5111 90 34 train;
2184 5111 77 29 leave
2281 5111 104 36 Queens-

1846 5158 73 25 town
1934 5162 35 19 on
1983 5161 75 19 same
2072 5150 67 38 days
2152 5155 29 25 at
2195 5153 16 26 5
2221 5162 73 24 a.m.,
2308 5154 79 29 reach-

1846 5196 49 37 ing
1909 5192 156 38 Roxburgh
2084 5198 28 23 at
2127 5193 16 27 8
2157 5202 78 27 p.m.,
2248 5193 54 28 and
2316 5195 71 28 arriv-

1846 5234 51 39 ing
1916 5238 29 25 at
1967 5233 148 31 Lawrence
2137 5239 29 24 at
2195 5234 62 28 1.45
2278 5243 66 28 p.m.
2368 5245 35 18 on

1846 5276 144 38 following
2004 5276 77 30 davs.

1884 5325 132 29 Dunedin
2036 5325 130 37 Booking
2183 5323 84 30 Office
2281 5324 43 29 for
2338 5326 50 28 Pas-

1848 5376 114 27 sengerg
1976 5365 54 28 and
2045 5365 109 28 Parcels
2167 5376 5 17 :
2200 5364 70 29 N.Z.
2284 5364 121 39 Express

1850 5405 74 30 Co/s
1940 5405 94 35 Office,
2045 5407 207 32 Alanse-street,
2267 5404 129 29 Dunedin

1884 5457 83 30 Head
1994 5456 101 29 Office;
2129 5456 174 34 Peel-street,
2326 5456 60 29 Law-

1849 5508 91 20 rence.

1982 5536 38 30 H.
2042 5536 119 30 CRAIG
2180 5543 24 22 &
2227 5536 66 35 CO,

2188 5577 180 38 Proprietors.

1883 5653 107 26 Wanted
2021 5652 317 27 Known—Refreshments,
2364 5655 39 22 tea

1849 5687 82 28 coffee,
1943 5687 51 30 pies
2004 5687 46 23 and
2062 5686 184 31 confectionery,
2255 5690 52 25 etc.,
2318 5685 85 25 sorted

1851 5723 26 20 at
1926 5718 139 25 Kiniston's
2116 5718 162 23 refreshment
2325 5724 79 17 looms

1850 5758 72 25 everj
1937 5751 115 32 Saturday
2065 5750 223 32 evening.—Adrt.

2498 4826 124 26 MESSRS
2650 4823 87 26 K!DD
2768 4822 70 24 aND
2862 4821 66 27 00.,

2541 4871 109 33 Surgical
2668 4869 46 25 and
2735 4862 111 30 Mech?.ni
2856 4865 29 25 ;al

2659 4902 111 23 Dentists

2630 4942 45 33 (By
2704 4941 91 31 exam,)

2438 5048 89 66 Mr
2548 5040 86 29 XIDD
2663 5042 54 23 Wbo
2740 5038 44 25 baa
2807 5036 46 26 had
2880 5037 107 25 fourteen

2545 5090 70 23 years
2630 5080 135 31 experience
2785 5076 56 25 with
2860 5076 39 24 Mr
2923 5077 24 22 S.
2967 5076 20 24 s.

2435 5121 81 28 Myers
2543 5123 55 21 may
2625 5114 28 22 be
2681 5109 127 26 consulted
2836 5115 23 17 at
2888 5108 99 24 Heron's

2434 5147 158 28 Commercial
2606 5144 73 26 Hotel
2693 5141 136 29 Roxbufeh,
2853 5142 57 27 ?ept
2932 5141 55 22 «25th

2434 5186 47 22 and
2498 5184 25 24 in
2537 5182 78 23 future
2626 5184 71 23 every
2707 5175 78 23 fourth
2797 5174 93 30 Friday.

2467 5221 31 20 As
2522 5221 33 19 we
2584 5210 80 26 intend
2688 5207 96 29 visiting
2817 5207 47 22 this
2895 5205 92 24 district

2435 5249 109 27 monthlv
2554 5247 18 25 it
2584 5244 45 25 will
2646 5249 57 19 save
2721 5240 101 32 patients
2835 5239 40 23 the
2886 5243 101 26 expense

2435 5285 24 24 of
2473 5284 72 29 going
2558 5287 24 18 to
2594 5278 79 26 Town,
2702 5273 45 26 and
2764 5280 27 17 as
2808 5280 34 17 we
2860 5276 113 26 guafante

2435 5318 29 22 all
2478 5315 63 24 work
2558 5311 105 32 patients
2674 5314 53 23 may
2747 5305 49 31 rely
2818 5313 32 15 on
2866 5306 90 28 getting

2434 5348 127 26 first-class
2575 5341 88 26 article.

2464 5379 74 25 Teeih
2562 5372 122 28 extracted
2714 5368 48 27 and
2792 5373 42 24 rep
2845 5367 58 24 aced
2931 5367 55 22 with

2434 5417 136 25 temporary
2582 5409 38 23 art
2631 5404 60 25 ficial
2703 5409 57 17 ones
2775 5400 84 24 Within
2871 5402 28 20 48
2914 5398 73 24 hours

2465 5445 107 25 Painless
2584 5437 141 28 txtarctions
2739 5434 57 25 with
2805 5432 99 25 Nitrous
2913 5431 74 25 Oxide

2434 5480 47 23 Gas
2497 5475 118 26 Cocoaine
2631 5469 73 26 Ether
2721 5477 26 16 or
2761 5467 162 24 Chloroform.

2449 5510 117 29 Stopping
2575 5505 57 27 with
2641 5503 64 24 Gold
2715 5500 125 30 Amalgam
2852 5505 27 17 or
2887 5498 100 24 Cement

2464 5543 82 28 Single
2558 5539 77 25 Tooth
2649 5537 48 23 10s.
2714 5536 54 22 Sets
2780 5530 95 32 equally
2890 5529 81 24 moder-

2434 5584 56 17 ate..
2537 5570 187 30 Arrangements
2740 5565 47 25 will
2799 5564 30 24 be
2845 5562 69 24 made
2931 5562 55 22 with

2434 5610 67 25 those
2521 5605 54 26 who
2591 5605 88 25 cannot
2704 5606 47 25 pay
2775 5596 44 25 full
2842 5598 98 21 amount
2961 5596 25 21 at

2433 5650 67 18 once.
2545 5637 74 26 Teeth
2640 5634 70 26 made
2734 5632 32 31 by
2794 5628 68 26 other
2885 5629 102 23 dentists

2434 5675 101 31 proving
2547 5669 184 28 unsatisfactory
2739 5671 53 25 may
2801 5663 30 25 be
2840 5663 147 29 remodeled

2432 5712 25 20 at
2467 5706 70 25 small
2546 5704 62 25 cost.

2645 5743 55 25 -2s
2716 5739 40 30 6d,
2789 5736 111 28 (*as-7s
2913 5734 43 26 6d»

2425 196 205 59 BOTH
2676 194 190 57 EYES
2923 190 157 56 AND
3124 181 169 62 TWO
3336 181 216 61 EARS.

2730 264 86 35 (FOR
2836 264 26 27 A
2881 261 176 33 MOMENT,
3078 260 168 35 PLEASE,)

2420 345 133 30 VOUR
2572 344 130 29 interests
2715 352 47 27 my
2775 340 103 30 careful
2892 339 92 38 study.
3023 337 55 30 We
3092 347 61 27 may
3166 337 71 28 have
3251 338 56 26 met
3324 334 105 34 before,
3443 343 31 19 or
3487 341 48 29 per-

2509 386 70 36 haps
2592 385 70 27 liav.e
2676 392 85 18 never
2773 384 65 24 met.
2880 380 73 34 Still,
2967 389 40 18 we
3020 388 51 19 can
3092 378 35 27 be
3139 376 105 29 friends
3257 376 29 27 in
3301 374 140 33 sunshine,
3455 376 99 30 storm,

2418 429 115 35 poverty
2546 435 32 18 or
2591 422 109 29 wealth.
2742 420 58 29 One
2815 419 60 29 Call
2888 429 31 18 or
2932 428 52 19 one
2998 417 89 28 Order
3099 415 56 29 will
3168 415 34 28 be
3215 415 49 27 the
3277 414 60 28 first
3351 412 29 29 of
3394 422 91 28 many.

2492 465 102 26 Orders
2608 464 37 34 by
2659 462 76 31 Post,
2749 460 87 32 Wire,
2848 469 31 16 or
2892 459 165 33 Messenger
3067 457 100 34 always
3177 455 104 27 receive
3293 452 101 37 special
3403 451 146 27 attention.

2491 502 79 36 New,
2584 500 82 37 Neat,
2679 499 55 30 and
2749 496 176 31 Serviceable
2939 495 92 30 Goods
3045 504 46 19 are
3103 492 126 30 received
3242 501 83 29 every
3341 490 86 28 week.

2492 544 47 28 All
2564 542 111 28 Parcels
2698 539 138 30 delivered
2862 537 134 38 (carriage
3015 536 75 38 paid)
3106 539 29 25 to
3148 545 70 28 your
3231 534 76 28 door.
3346 531 130 29 Patterns
3497 529 55 29 and

2418 583 126 39 Samples
2558 584 61 26 sent
2634 581 68 28 Post
2717 579 78 28 Free.

2648 670 99 71 E.
2836 660 490 86 PIM&NT,

2569 776 103 33 CASH
2692 773 167 37 DRAPER,
2878 772 205 37 MILLINER,
3102 770 84 31 AND
3205 767 212 31 IMPORTER.

2803 825 72 29 Rosi
2897 824 97 35 Place,
3015 824 165 28 Lawrence,
3348 836 5 4 •

2460 894 291 553 §
2926 923 232 39 WHAT'S
3224 920 187 40 THIS?

2960 1025 193 25 Tweed—Mossiel,
3167 1023 95 27 Kaiapoi,
3272 1023 41 21 and
3323 1017 201 31 Boslyn-tfrousers
3534 1020 22 20 to

2845 1060 99 19 measure,
2954 1054 53 19 from
3018 1054 40 20 15s.

2826 1089 93 23 Colonial
2928 1089 40 21 and
2978 1088 84 27 Euglish
3072 1087 73 21 Tweed
3154 1087 38 21 Sac
3201 1086 56 22 Suits
3267 1087 22 20 to
3297 1091 100 20 measure,
3416 1083 53 21 fiom
3484 1082 28 22 £3
3527 1082 29 21 3s.

3034 1157 71 29 WE
3162 1154 144 30 WANT

2777 1198 43 22 Our
2830 1205 61 20 many
2902 1197 84 22 Friends
2996 1197 40 20 find
3045 1197 36 20 the
3091 1195 70 28 public
3168 1197 21 19 to
3198 1196 60 20 know
3267 1194 47 21 that
3322 1200 30 14 we
3357 1193 56 21 have,
3416 1193 44 26 just
3469 1191 86 27 opened,

2926 1232 26 14 ex
2961 1231 33 15 s.s.
3007 1224 113 25 Kaikoura,
3131 1230 38 14 our
3179 1223 92 21 Season's
3279 1221 104 26 shipment
3393 1220 21 21 of

2775 1281 97 22 GENTS'
2887 1281 74 20 HATS
2976 1280 53 24 (best
3042 1278 85 26 iftakes),
3144 1278 68 25 TIES,
3228 1277 133 22 COLLARS,
3376 1274 103 22 SHIRTS
3489 1273 69 26 (ready

2825 1308 60 21 made
2893 1315 22 13 or
2925 1312 21 15 to
2955 1306 73 25 ordei),
3040 1304 126 23 CYCLING
3174 1304 34 21 S\i\
3217 1303 108 22 EATERS
3334 1302 41 21 and
3384 1301 126 22 CYCLING*

3085 1327 165 27 StOCKINGS.

2827 1390 71 26 Agent
2916 1390 31 20 for
2966 1389 97 26 Tuapeka
3080 1386 110 22 for—New
3212 1384 68 28 Rapid
3302 1384 103 27 Bicycles;
3428 1383 49 26 also,
3496 1381 62 28 Cycle

2777 1418 83 27 Lamps,
2869 1417 63 25 Bells,
2943 1417 85 21 Outside
3038 1416 82 21 Covers,
3131 1414 40 21 and
3179 1414 28 21 all
3216 1412 135 27 Cyclealities.

2917 1637 95 30 ROSS
3033 1635 134 36 PLACE,
3186 1632 230 31 LAWRENCE.

2438 1931 358 96 BESET!
2834 1928 158 94 MO
3025 1926 132 94 SO,
3187 1921 359 94 LIMITED.

2525 2134 147 57 KAC
2679 2130 153 61 BITS
2841 2126 137 60 KIN
3008 2122 290 64 SEASON.
3342 2120 138 61 1896.

2438 2304 179 57 JQXLGS'IY
2636 2305 21 23 &
2672 2303 60 29 CO.,
2750 2302 117 26 Limited,
2946 2297 144 24 tointimite
3104 2295 49 26 that
3172 2296 55 30 they
3241 2292 58 27 hold
3316 2292 101 24 Auction
3440 2289 64 26 Sales
3523 2289 25 25 of

2501 2374 118 27 RAB3II
2640 2372 81 27 KINS
2747 2369 117 32 regularly

2792 2439 131 26 VERY
2992 2440 56 59 jyJ
3062 2436 94 26 OND
3174 2435 73 24 AY.

2500 2549 135 25 Particular
2647 2548 114 25 attention
2777 2548 18 23 is
2808 2545 53 30 paid
2877 2549 25 19 to
2921 2545 40 23 the
2973 2542 107 30 Classing
3094 2540 45 24 and
3161 2538 115 31 exposing
3289 2536 40 27 the
3351 2536 67 25 skins
3436 2535 35 26 for
3489 2534 58 27 sale.

2441 2583 143 25 Valuations
2596 2589 37 15 a>-e
2646 2581 71 23 made
2734 2581 23 22 of
2770 2587 72 21 every
2855 2578 34 23 lot
2899 2583 64 23 prior
2975 2582 8 18 t
2992 2585 6 13 »
3022 2576 50 22 sale
3090 2573 49 24 and
3155 2581 29 15 no
3197 2571 69 24 tffjrt
3287 2570 21 24 is
3320 2569 85 32 spared
3419 2575 24 18 to
3466 2576 84 18 secure

2441 2616 102 33 Highest
2564 2615 93 24 Market
2680 2612 81 27 Value.

2836 2676 311 31 SHEEPSKINS.

2501 2752 119 23 DalgetY
2637 2749 47 24 and
2701 2747 53 30 Co.,
2766 2745 110 30 Limited,
2889 2744 57 25 bold
2960 2743 60 23 sales
3034 2741 78 27 Rvery
3326 2738 37 23 All
3375 2736 69 26 sk.ns
3457 2737 95 25 classed

2439 2786 48 24 and
2499 2785 85 23 valued
2596 2784 14 22 b
2626 2783 50 22 tore
2695 2782 57 22 sale.
2788 2780 102 29 Hiyheht
2905 2778 95 23 Market
3012 2770 76 29 Value
3099 2773 112 24 returned
3231 2774 36 22 for
3281 2771 33 25 all
3326 2771 195 30 Consignment®,

2501 2852 115 27 Proceeds
2632 2851 24 25 of
2679 2849 49 26 sale
2752 2848 109 26 remitted
2878 2846 130 33 promptly.
3055 2843 89 25 Advice
3158 2845 69 22 notes
3245 2841 47 25 and
3316 2840 75 25 labels
3415 2839 137 26 forwarded

2441 2899 30 17 on
2489 2888 152 33 application.

2506 2957 103 22 Addr.as
2626 2962 59 20 your
2705 2954 183 26 consignments
2907 2953 26 18 to

2909 3014 158 29 DALGETY
3083 3022 50 18 and
3149 3013 58 30 CO.,
3230 3012 121 28 Limited,
3371 3012 122 27 Danedin,

3225 3348 3 53 !
3286 3384 9 6 -

2975 3396 18 10 »
3035 3401 6 6 ,
3048 3402 6 5 .
3103 3397 8 9 ,•
3117 3389 37 18 'XI
3159 3389 17 18 .T
3208 3385 3 22 '
3221 3394 6 10 /
3239 3385 38 22 V?/
3284 3394 10 13 '.'.

2796 3354 53 48 SJi

2721 3396 32 17 pa

2943 3432 22 7 .«a
2969 3430 8 9 A

3156 3476 106 24 W-i'/M'-''
3282 3476 2 24 •

3254 3715 32 23 )'ti,
3290 3715 4 23 :
3294 3715 2 23 >
3298 3718 6 9 J

3175 3733 131 28 ww:p.m

3177 3755 25 18 »';,
3208 3754 12 24 J;
3231 3755 37 18 //.y-
3276 3754 2 24 :
3290 3763 13 14 /i;

2679 3721 47 19 Hs#/

2684 3743 30 15 ÜBI

3140 3765 40 38 SI

2773 3770 26 10 W

3173 3780 5 23 I
3185 3789 19 15 >;
3207 3789 23 16 #;
3235 3785 21 16 ><;
3263 3788 33 30 •/■///j
3305 3780 2 38 :

3147 3822 165 40 sßteeßte

3147 3845 162 52 ®!;^4

2730 3881 27 37 1

3177 3891 27 29 'f,
3208 3891 105 25 **»■</W?/

3177 3902 76 61 if,-'
3262 3920 48 32 -/,■/

3178 3978 10 7 '/.
3193 3977 10 9 «/
3215 3975 13 11 'v/
3251 3975 12 12 /.-
3291 3977 8 4 '•
3306 3975 1 12 .

2903 3915 30 47 i

2828 3945 2 22 •
2839 3945 9 22 I;

2736 3992 44 27 «Ti

2946 4010 28 56 4

2717 4064 45 19 =M,C

3106 4079 198 86 mlß®

2935 4097 41 31 ♦T.

3182 4152 29 33 #
3223 4152 37 35 '"'://
3272 4154 24 33 ?„;
3303 4152 2 35 :

2794 4159 85 19 ir.tiTcii*

3188 4184 61 21 //!•/'.''■/
3256 4189 12 12 >/

3075 4199 9 14 ♦
3096 4199 12 17 4

2773 4231 108 26 IiTTwTII

2999 4245 36 17 j.--,

2776 4254 35 35 A

2905 4283 37 43 ft

3051 4297 28 36 n

2948 4306 59 24 H7?l

3144 4349 162 37 Ww^-m

3144 4372 82 19 .TTr.Lji.
3242 4378 7 13 f
3249 4378 15 13 j,

3133 4406 32 24 m
3165 4376 142 52 w&u

2863 4380 35 18 vtM

2899 4401 32 21 ??n

3171 4525 99 64 WM
3271 4533 5 34 ;
3277 4527 41 69 $

3086 4473 33 16 Cj'J

2892 4533 111 17 I-TiWiT'T*
3008 4533 2 17 •
3017 4539 6 9 j

3008 4609 41 15 «i;»^

2846 4641 69 23 r'tirlr
2921 4644 34 20 i'<i
2960 4641 44 23 !*•«

2688 4652 55 20 Mini

3042 4842 111 28 fancy
3179 4840 111 27 goods
3308 4838 69 26 and
3396 4837 166 27 drapery.

3031 4907 99 53 FJ
3172 4904 136 23 WATKRS
3334 4903 90 23 desires
3450 4906 25 20 to
3500 4901 74 28 notify

3073 4956 5 6 .
3111 4938 53 24 that
3178 4937 43 24 she
3233 4936 71 29 keeps
3315 4934 23 24 in
3348 4934 66 24 ttock
3430 4932 87 26 Ladies
3528 4937 46 20 and

3024 4971 115 28 Children
3149 4979 11 17 s
3178 4967 197 33 Underclothing,
3391 4966 49 27 and
3452 4967 30 25 all
3501 4965 73 28 kinds

3024 5007 23 24 ef
3062 5007 116 30 Drapery.

3054 5051 80 29 Faocy
3147 5048 81 25 Goodi
3239 5056 14 16 a
3268 5045 135 33 Specialty.

3059 5094 134 24 Christmas
3202 5090 48 26 and
3261 5091 55 24 New
3330 5089 64 26 Year
3405 5094 137 26 present*-*

3145 5134 13 15 a
3175 5131 65 24 great
3254 5124 87 28 variety
3352 5129 23 18 to
3388 5124 83 31 hand/

3144 5158 135 28 Inspection
3290 5156 96 25 Invited

3047 5190 111 31 Painting
3172 5191 45 23 and
3229 5195 36 18 a»*t
3289 5186 154 28 needlework
3455 5189 88 28 taught

3112 5225 112 23 bummer
3236 5220 83 27 Goods
3335 5229 53 17 now
3402 5229 30 17 on
3449 5221 62 25 hand

3022 5268 269 28 Address—Ormond's
3300 5266 117 34 Building
3428 5266 144 33 Roxburgh.

3070 5405 30 30 H,
3149 5407 76 26 HA
3267 5409 11 24 I
3310 5409 22 25 N
3367 5409 24 25 H
3424 5407 21 26 A
3478 5405 36 27 M,

3120 5479 5 33 |
3141 5481 24 24 Is
3184 5482 117 31 prepared
3325 5484 25 22 to
3376 5481 78 31 repair

3140 5552 108 26 BOOTS
3276 5559 51 17 and
3356 5550 101 26 SBOES

3140 5629 23 22 at
3191 5623 124 26 moderate
3344 5621 106 33 charges.

3050 5696 60 25 Also
3130 5694 149 27 iccordeons
3303 5693 48 25 and
3378 5691 166 27 Concertinas'

3595 252 59 56 D.
3699 252 64 57 M

3795 251 12 24 I
3838 251 19 23 T
3888 251 18 24 C
3939 250 24 24 H
3994 250 20 23 E
4045 250 20 25 L
4095 249 20 24 L
4130 266 6 9 .

3647 391 69 24 TOE
3761 390 161 26 POPULAR
3957 389 118 29 HOUiE,

3768 452 199 25 L.VWRENCE.

3602 532 9 17 s
3625 531 51 17 now
3694 522 104 33 opening
3817 529 31 24 up
3868 520 39 26 his
3930 518 63 27 First
4015 518 124 33 Shipment

3605 568 23 22 of
3645 567 144 23 SUMMER
3805 564 170 28 DRiPERY,
3993 563 130 25 consisting

3603 609 26 25 of
3636 609 30 26 all
3678 610 39 25 the
3725 610 70 25 latest
3806 608 118 27 novelties
3934 609 35 24 for
3981 606 39 25 the
4029 605 93 32 coming

3672 657 91 22 season,
3782 649 47 24 and
3843 649 77 31 prices
3934 650 22 21 to
3976 647 88 23 match*

3708 687 123 31 Millinery
3846 695 15 16 a
3883 684 137 33 Speciality.

3661 726 5 13 1
3689 731 22 19 •>.
3733 716 25 13 54
3774 716 18 32 V
3803 716 3 34 -
3902 716 4 34 ■
3920 716 3 34 .
4045 731 16 7 *'
4081 716 4 34 •
4096 731 20 15 rtl
4134 724 14 22 H
4169 716 3 34 1

3645 778 3 35 ■
3662 778 3 35 |
3681 799 27 13 w
3708 780 14 27 '..
3737 778 1 35 .
3864 791 45 18 J»«r!r
3922 795 20 14 in
3954 785 8 22 f
3992 778 4 35 '
4009 785 38 24 hih
4059 785 6 22 I
4080 786 65 23 Jaift)
4156 784 7 23 f

3622 829 110 30 (§3*N.B.
3786 828 76 24 Visiis
3896 826 92 25 Millers
4014 824 54 26 Flat
4094 823 47 27 and

3594 867 128 34 Roxburgh
3734 874 73 25 every
3822 866 35 26 six
3876 864 86 27 week*.

3664 1399 47 17 Bv
4073 1400 43 19 TO

3619 1436 129 22 ROYAL
4013 1435 45 23 HER
4066 1431 113 27 MAJESTY

3619 1472 143 21 /arrant
4083 1467 93 30 Queen-.

3622 1508 249 30 ;:nY£fEcaKra«i
3888 1506 295 32 iiiilHMPMifiiJiLES.

3619 1435 129 23 ROYAL

3619 1471 144 23 -ARRANT
3779 1447 214 51 -M&mm

3788 1491 3 16 -
3851 1491 67 16 *vT±-4y'f-

3701 1793 100 28 ftilifm'.y
3850 1797 63 24 &3A

3652 2744 153 34 TOTHILL,
3827 2745 140 26 VNUT3ON
3998 2747 18 21 &
4035 2743 61 30 CO.,

3693 2793 145 25 Esk-*treet,
3857 2789 164 31 InvercargiU,

3611 2838 54 26 Sole
3678 2839 89 30 Ageats
3782 2837 35 25 for
3832 2839 76 28 Ucag>
3924 2835 47 25 and
3984 2832 140 26 Southland.

3594 3294 64 25 TdP
3698 3295 173 28 GREATEST
3912 3299 149 26 WONDER
4106 3302 44 25 GF

3683 3342 3 34 ;
3724 3342 145 28 MODERN
3899 3344 102 29 TIMES

3627 3382 249 58 HOLLO
3888 3387 220 56 WAYS

3662 3453 92 26 PILLS
3784 3455 73 25 AND
3888 3457 178 26 OINTMENT

3773 3537 70 26 THE
3871 3538 93 28 PILLS

3595 3581 83 29 Purify
3690 3582 41 22 the
3742 3581 51 23 Bio-
3802 3582 121 29 d,correct
3933 3585 32 23 all
3976 3586 130 24 borders
4119 3589 27 23 of

3594 3612 39 26 tLe
3645 3612 80 31 Liver,
3736 3614 59 24 Ston
3806 3614 176 34 aeh,Kidneys,
3992 3619 47 24 and
4046 3617 99 27 Bowels

3594 3647 64 29 They
3683 3647 134 29 invigora'e
3845 3648 47 23 and
3914 3654 91 21 restore
4020 3654 26 21 to
4062 3653 84 23 health

3594 3680 144 24 Debilitated
3749 3680 184 31 Constitutions,
3944 3684 47 23 and
4001 3692 42 16 are
4051 3684 83 25 invalu-

3592 3713 53 24 able
3672 3713 23 22 in
3726 3713 31 23 all
3790 3713 142 31 complaints
3964 3715 131 27 incidental
4125 3725 25 17 to

3595 3745 104 25 Females
3711 3746 27 24 of
3747 3745 33 25 all
3790 3754 65 22 ages.

3726 3790 70 24 THE
3829 3791 181 26 OINTMENT

3594 3831 10 26 I
3640 3840 28 16 an
3685 3832 118 25 intaliiole
3822 3840 99 26 rem&uy
3951 3843 27 17 or
4006 3837 52 26 Bad
4076 3838 69 33 Legs,

3593 3866 51 24 Bad
3660 3866 104 31 Breasts,
3786 3866 46 24 Old
3859 3866 118 33 Wounds,
4005 3871 71 26 Sores
4099 3862 48 36 audi

3595 3901 88 22 Ulcers.
3715 3899 34 24 K
3784 3901 58 24 Sore
3867 3901 109 31 Throats,
4002 3904 143 32 Bronchitis,

3592 3933 105 30 Coughs,
3735 3932 80 30 Colds,
3859 3934 74 30 Gout,
3973 3936 173 33 Rheumatism,

3593 3965 133 26 Grlandular
3735 3967 133 30 Swellings,
3876 3969 48 22 and
3932 3968 33 24 all
3972 3969 59 24 Skin
4039 3970 110 27 Diseases

3615 4000 42 21 has
3672 4005 30 16 no
3715 3998 71 31 equal

3627 4045 183 25 Manufactured
3854 4046 58 31 only
3959 4052 25 21 at
4026 4047 123 28 Professor

3598 4078 160 25 Bolloway's
3775 4078 198 29 Establishment,

3595 4121 33 29 78,
3643 4122 72 24 NEW
3724 4122 55 24 OXi
3788 4123 65 23 ORD
3869 4123 127 31 STREET,
4015 4125 133 26 LONDON

3598 4174 52 21 A.na
3662 4180 52 23 may
3726 4173 28 22 be
3769 4172 45 24 had
3825 4174 25 23 of
3861 4174 32 23 all
3907 4176 118 24 Medicine
4037 4176 111 25 Vendors

3729 4205 147 32 throughcat
3886 4207 40 25 the
3940 4208 83 27 world,

3815 4240 87 23 should
3912 4240 56 24 look
3980 4245 25 19 to
4020 4242 39 24 fchs
4075 4242 64 24 Labe

3596 4278 30 15 on
3638 4271 41 23 the
3695 4271 57 23 Pots
3768 4271 49 23 and
3829 4271 87 25 Boxes.
3951 4273 23 24 If
3990 4274 41 23 the
4050 4275 98 23 address

3596 4307 63 20 isnot
3671 4303 34 29 78,
3714 4303 60 26 New
3784 4304 90 26 Oxford
3888 4306 260 33 street,London,they

3598 4344 38 14 are
3648 4337 111 29 apulions

3728 4539 275 26 NOTICE

3625 4609 17 21 k
3669 4605 40 25 LL
3735 4606 78 25 C&ttle
3839 4606 47 24 and
3912 4605 89 25 Horses
4029 4607 75 23 found
4123 4616 31 15 on

3612 4630 44 39 j\
3699 4644 106 24 Sections
3821 4644 19 27 1,
3855 4644 15 22 2
3884 4644 46 22 and
3955 4644 22 30 3,
3996 4644 75 25 Block
4093 4644 61 31 VII,

3603 4690 59 18 alter
3675 4684 46 24 this
3732 4682 61 29 date,
3810 4680 45 25 will
3871 4681 28 23 be
3923 4681 146 26 impounded
4083 4684 71 25 withe

3603 4728 40 20 out
3656 4722 93 25 further
3761 4722 87 24 notice

3893 4762 34 26 H.
3946 4764 30 25 H.
3999 4763 113 26 HKRO&

3635 4807 139 31 Roxburgh,
3783 4811 107 29 January
3903 4809 49 28 9th,
3966 4811 9 22 J
3980 4811 51 22 896.

1291 5215 69 25 Orta
1364 5207 3 36 :
1371 5214 39 29 nly
1429 5214 40 22 the
1497 5212 53 21 best
1563 5208 115 24 medicins
1691 5208 88 23 known
1796 5207 22 24 is

1264 5248 194 26 -ander&Sous
1481 5244 65 24 Kuca
1557 5241 51 32 ypti
1620 5241 108 26 Extract.
1760 5240 58 24 Test

1263 5286 28 22 its
1305 5281 132 29 eminently
1450 5276 115 33 powerful
1580 5275 81 25 effects
1677 5274 23 24 in
1717 5274 98 30 coughs,

1263 5313 130 28 co'ds,ir,fl'
1405 5319 66 18 enza;
1484 5311 38 23 the
1533 5308 72 24 relief
1612 5309 21 23 is
1645 5309 163 23 instataneous

1265 5348 26 24 In
1302 5351 91 21 senous
1406 5351 64 17 casee
1481 5351 5 12 >
1493 5342 32 23 nd
1540 5341 118 23 accidents
1672 5341 24 21 of
1705 5339 29 24 all
1745 5338 72 25 kinds

1265 5382 26 23 be
1301 5380 58 29 they
1372 5374 106 30 wounds,
1488 5374 81 29 hurnr,
1582 5371 130 31 sealdingsj
1724 5370 94 31 sprains

1266 5415 16 23 it
1296 5412 19 24 i<
1333 5411 40 23 (be
1382 5408 74 25 safest
1480 5406 160 30 remedy--no
1653 5403 163 31 swelling-in

1266 5443 180 29 ir.flammation,
1480 5437 60 27 Like
1552 5436 135 33 surprising
1701 5434 84 29 effects
1794 5436 24 26 in

1266 5487 81 21 croup,
1376 5473 121 34 diptheria
1534 5471 131 25 bronchitis
1681 5469 137 26 inflammas

1267 5514 48 23 tion
1328 5513 22 21 of
1362 5510 42 24 the
1416 5509 77 29 lungs,
1505 5504 120 30 swellirps
1639 5508 48 22 etc;
1698 5502 120 25 diarrhoea

1268 5546 121 27 dvsentry,
1406 5541 110 24 desepses
1530 5538 27 23 of
1567 5538 102 29 kidneys
1681 5544 48 16 ana
1755 5534 51 26 urin-

1269 5585 39 22 ary
1320 5582 97 21 organs.
1451 5571 28 25 In
1492 5579 42 16 u?c
1547 5575 24 19 at
1587 5570 32 23 all
1632 5567 118 32 hospitals
1771 5565 47 26 and

1268 5608 101 27 medic.'il
1382 5607 83 24 clinics
1477 5605 31 23 all
1520 5611 56 16 over
1588 5603 40 23 the
1641 5601 79 31 globe,
1733 5604 85 26 pat!on

1271 5642 49 26 ised
1334 5642 30 27 by
1378 5640 36 24 his
1434 5636 104 33 Majesty
1565 5636 42 25 the
1621 5634 66 30 Kir*
1715 5634 24 25 of
1757 5633 62 30 Italy

1270 5673 108 28 crowned
1397 5672 55 24 with
1464 5669 79 26 medal
1555 5668 49 26 and
1618 5667 67 32 d'plo
1694 5674 30 18 na
1735 5670 24 21 at
1780 5665 40 25 the

1273 5705 174 26 International
1460 5702 139 24 Kxhib'tion
1617 5705 23 19 at
1663 5698 157 25 Amsterdam

1271 5740 72 24 Trust
1359 5738 22 24 in
1399 5737 41 25 the
1456 5733 123 34 approved
1593 5732 83 25 article
1693 5728 127 33 andrtjeet

1270 5781 16 18 a
1297 5772 6 24 1
1315 5772 89 26 others.

3605 4990 229 66 Greatford
3866 4990 193 29 botanical
4092 4995 63 25 dis,

3715 5025 146 25 SENSING
3878 5026 174 25 COMPANY.

3632 5090 23 28 jf
3664 5097 47 27 you
3727 5099 40 16 are
3782 5090 51 26 tick
3847 5092 22 23 in
3887 5099 48 23 any
3960 5097 52 25 Way
4034 5094 122 25 whatever

3603 5127 57 24 send
3677 5133 13 17 a
3704 5125 111 29 stamped
3827 5125 117 30 envelope
3956 5130 23 20 to
4001 5133 44 17 oar
4067 5134 89 24 agency

3607 5160 142 30 Wellington
3761 5165 7 22 ;
3782 5160 63 22 state
3862 5157 42 25 the
3927 5165 53 18 case
4001 5167 26 15 as
4041 5159 117 30 minutely

3604 5201 37 16 are
3655 5191 102 32 possible
3781 5191 48 25 and
3844 5198 48 24 you
3916 5191 94 25 receive
4027 5192 81 24 advice
4126 5192 32 32 by

3605 5231 81 20 return
3704 5227 59 29 post.
3779 5225 50 24 Our
3837 5225 86 30 agents
3940 5232 40 17 are
3989 5223 34 26 all
4031 5224 125 33 qualified.

3605 5260 22 24 If
3638 5267 45 24 you
3705 5257 96 28 enclose
3822 5258 27 26 2s
3863 5256 32 27 6d
3913 5266 35 18 we
3970 5257 48 27 will
4033 5259 59 26 send
4108 5266 48 25 you

3605 5301 42 17 our
3657 5294 51 24 best
3723 5292 96 28 remedy
3834 5293 39 23 for
3883 5292 41 23 the
3937 5300 61 22 case;
4011 5292 87 31 lasting
4109 5301 46 22 you

3605 5330 45 20 two
3668 5325 86 25 weeks.
3787 5324 54 25 You
3859 5332 54 16 save
3928 5332 87 22 money
4040 5333 48 16 aua
4099 5326 43 24 doc-

3605 5358 55 24 tors'
3688 5357 62 26 bills,
3781 5357 54 24 You
3855 5356 94 25 receive
3976 5357 83 25 advice
4079 5365 31 16 on
4124 5355 32 27 all

3604 5391 87 29 points,
3710 5389 45 25 and
3777 5390 40 23 the
3828 5394 81 25 purest
3925 5390 118 24 remedies
4057 5395 52 19 aent
4130 5397 27 17 at

3604 5430 29 17 no
3647 5428 67 20 extra
3735 5426 50 22 cost
3800 5423 57 25 than
3871 5421 19 25 if
3904 5423 136 31 personally
4054 5423 102 31 bought,

3603 5456 31 31 by
3645 5457 71 31 doin&
3734 5464 59 23 your
3805 5456 111 25 business
3932 5456 59 25 with
4003 5465 30 17 us
4047 5457 33 32 by
4094 5460 62 28 post

3602 5490 101 23 Consult
3714 5491 25 22 at
3753 5496 65 17 once.
3855 5489 120 25 Ailments
3990 5490 79 25 which
4081 5497 40 18 are
4133 5491 25 24 at

3601 5522 40 24 the
3653 5526 58 21 time
3722 5522 104 31 thought
3839 5524 25 23 to
3877 5522 29 26 be
3917 5522 60 32 light
3993 5531 39 17 are
4041 5522 65 27 often
4115 5524 43 24 the

3601 5555 128 31 beginning
3744 5555 26 25 of
3781 5556 92 25 serioUa
3887 5562 182 26 consequences,
4082 5557 76 24 which

3601 5585 19 25 if
3635 5588 72 26 uken
3724 5587 25 25 in
3765 5588 56 26 time
3830 5595 39 19 are
3882 5587 109 27 checked
4000 5593 48 22 and
4059 5589 83 26 cured.

3631 5650 207 30 GREATffQRD
3864 5651 191 29 BOTANtOAL
4075 5653 52 26 CO,

3603 5691 150 33 Wellington
3763 5701 9 21 ;
3786 5692 51 26 also
3846 5694 25 23 at
3887 5692 106 32 Sydney,
4012 5692 146 33 Melbourne,

3664 5726 137 32 Capetown,
3812 5725 49 26 and
3873 5724 101 27 Lincoln
3984 5724 148 34 (England),
