2543 4040
66 158 40 18 not
124 161 36 15 see
175 152 84 26 clearly
274 151 49 22 that
340 151 37 22 tbe
395 150 64 22 trade
477 151 26 21 of
521 150 66 23 Kafia
605 150 46 22 and

67 181 133 26 Waingaroa
216 178 45 21 and
280 178 93 26 perhaps
388 183 55 15 even
459 177 118 22 Manukau
591 176 62 22 itself

67 207 46 21 will
122 207 28 21 be
159 206 133 24 transacted,
302 203 149 22 commanded
460 204 36 27 by,
515 203 45 22 and
574 203 76 22 subor-

68 234 76 21 dinate
158 234 23 18 to
190 230 146 25 Wellington.

286 285 145 25 NELSON.

101 352 37 31 By
149 352 38 23 the
198 350 106 29 Nimrod,
317 351 71 24 which
409 352 87 23 arrived
513 352 45 23 last
569 352 81 23 Satur-

68 386 50 29 day,
132 392 31 16 we
182 384 56 24 have
256 385 100 23 received
374 383 90 25 Nelson
474 384 138 24 Examiners
629 385 26 23 of

67 418 39 23 the
119 417 41 26 7th
171 418 45 23 and
228 418 58 23 14th
299 417 64 31 May.

95 456 22 21 A
132 455 117 27 requision,
265 454 79 28 signed
358 454 31 28 by
405 455 80 22 almost
504 463 66 19 every
584 454 66 23 land-

51 484 92 19 owner
153 482 22 21 in
187 481 42 22 this
247 483 131 25 settlement,
389 482 42 21 has
445 482 56 22 been
518 481 131 26 forwarded,

66 516 40 20 per
111 508 94 25 London,
214 512 21 17 to
243 508 37 22 the
289 509 111 21 Directors
410 509 25 21 of
442 509 36 21 the
485 509 56 21 New
551 508 100 22 Zealand

60 536 132 26 .Company;
219 535 37 21 the
273 536 73 26 object
365 536 25 21 of
406 535 71 22 which
492 536 19 21 is
529 539 22 17 to
569 535 81 22 induce

68 562 69 26 them,
148 562 19 21 if
173 561 103 27 possible,
287 566 22 17 to
319 564 39 25 put
370 562 54 21 such
440 569 13 14 a
466 561 66 22 check
542 568 61 20 upon
613 562 37 21 the

67 588 47 23 sale
129 588 25 22 of
165 588 38 21 the
214 588 94 22 sections
316 592 38 24 yet
363 588 87 26 unsold,
463 595 23 15 as
496 588 55 21 shall
563 588 54 21 tend
628 592 22 17 to

68 622 78 17 ensure
158 615 57 20 their
224 615 67 27 being
306 615 122 27 purchased
443 616 28 25 by
482 614 72 22 actual
564 615 86 20 settlers

65 641 77 22 rather
149 641 56 22 than
221 642 29 26 by
260 643 119 24 absentees,
391 641 49 22 who
452 641 51 21 look
513 648 59 20 upon
584 641 66 21 land-

67 668 84 31 buying
160 668 22 21 in
193 668 61 21 these
445 667 70 27 solely
522 675 24 14 as
551 675 14 13 a
572 674 77 20 specu-

66 695 69 21 lation
145 695 72 21 which
226 702 57 20 may,
295 695 45 22 and
355 694 51 27 they
416 694 56 27 hope
483 694 49 25 will,
544 697 51 18 turn
612 698 38 17 out

67 721 57 22 well.
152 721 48 22 The
210 719 83 30 feeliug
302 728 44 15 was
360 728 24 14 so
398 720 96 27 general,
506 727 31 15 we
547 727 53 20 may
610 728 40 19 say

65 748 120 27 universal,
199 749 22 20 in
232 749 77 20 favour
319 748 25 21 of
350 754 60 14 some
421 746 52 22 such
484 750 55 23 step,
553 746 49 22 that
613 747 37 22 the

38 769 15 30 f
65 774 90 22 address
170 782 44 14 was
232 782 30 13 no
282 780 76 15 sooner
372 773 116 26 suggested
503 773 54 22 than
571 773 19 22 it
604 781 45 14 was

66 801 75 22 drawn
151 808 37 20 up,
198 801 85 26 signed,
296 799 45 23 and
349 802 56 19 sent.

93 835 84 21 Nelson
193 834 17 21 is
226 834 121 27 beginning
356 836 23 18 to
391 833 51 27 give
453 833 105 22 evidence
575 834 25 21 of
612 834 38 22 the

64 860 82 22 arrival
162 860 26 21 of
202 860 100 22 civilized
319 867 50 15 men
379 867 28 14 on
421 859 38 22 the
471 860 75 22 shores
556 860 25 22 of
594 861 56 21 New

65 886 107 26 Zealand,
181 886 34 21 for
224 888 19 20 it
250 886 41 22 has
301 894 48 15 now
357 894 14 13 a
377 886 51 27 gaol
438 894 25 14 or
471 887 92 28 lock-up
573 888 76 26 house,

65 913 86 22 backed
167 914 28 26 by
205 913 37 22 the
257 914 80 21 stocks.
366 912 56 23 Alas
432 914 34 21 for
477 914 84 22 human
571 919 79 17 nature

64 940 49 21 that
128 940 18 21 it
161 940 80 21 should
254 940 29 22 be
294 948 36 20 so;
346 940 40 21 but
395 947 24 14 so
435 940 17 22 it
466 941 18 21 is
485 952 28 4 —
514 941 135 21 civilization

64 967 45 21 and
121 967 36 22 the
167 967 89 27 gallows
265 968 4 20 !

100 1003 50 23 Our
156 1003 86 22 friends
253 1007 25 18 at
285 1003 86 23 Nelson
383 1002 57 23 have
452 1010 53 15 seen
516 1003 40 22 the
565 1002 84 23 Auck-

63 1036 55 23 land
140 1037 124 28 estimates,
287 1036 134 29 amounting
443 1040 21 18 to
490 1036 38 22 the
551 1043 52 15 sum
628 1036 25 22 of

62 1070 124 27 £55,280,
209 1069 46 23 and
272 1069 56 22 have
350 1069 120 30 compared
496 1069 36 22 the
558 1070 91 29 portion

64 1102 74 23 which
149 1103 21 22 is
182 1102 101 22 awarded
296 1106 22 18 to
330 1101 58 23 their
400 1101 135 29 settlement,
544 1101 54 23 with
612 1101 37 23 the

63 1138 108 28 payment
182 1134 54 30 they
248 1134 56 23 have
325 1133 89 31 already
426 1133 64 24 made
509 1140 21 17 to
548 1134 39 23 the
601 1135 49 22 Go-

63 1171 119 20 vernment
204 1167 145 30 Exchequer.
396 1166 67 31 They
485 1167 44 23 had
558 1167 92 30 already

62 1201 54 31 paid
138 1208 62 16 more
224 1201 54 22 than
301 1201 94 27 £1400,
421 1200 43 23 and
487 1208 37 15 are
544 1201 106 30 liberally

62 1234 104 24 awarded
177 1234 105 28 £1,161,
304 1236 49 21 11s.
374 1233 38 24 3d.
449 1233 69 24 Their
534 1234 115 23 contribu-

62 1269 61 22 tions
135 1267 77 23 within
235 1267 36 23 the
292 1274 52 23 year
362 1265 34 24 for
410 1266 74 24 which
503 1267 44 23 this
560 1275 51 15 sum
629 1268 21 23 is

64 1300 158 31 appropriated
240 1300 45 23 will
304 1307 52 23 very
376 1300 111 30 probably
511 1305 92 18 amount
626 1305 24 18 to
658 1300 2 11 '

62 1335 98 22 £8000.
198 1333 72 30 Truly
289 1333 52 30 they
360 1338 40 25 get
419 1333 40 23 bin
480 1341 14 15 a
511 1341 54 23 very
584 1333 66 23 small

62 1366 133 24 instalment
204 1375 5 19 ;
236 1366 47 27 but,
304 1367 23 21 in
346 1365 37 23 the
403 1365 128 24 O'Connell
551 1366 98 30 fashion,

62 1400 55 30 they
128 1403 61 19 must
207 1399 53 23 take
272 1399 59 23 what
343 1398 52 31 they
413 1406 41 15 can
459 1404 52 26 -get,
527 1399 45 23 and
591 1399 58 31 hope

62 1433 36 23 for
111 1440 69 16 more.

91 1470 48 22 The
148 1471 112 20 Auckland
269 1470 108 21 Standard
384 1470 19 21 is
413 1477 12 14 a
432 1477 67 20 paper
508 1470 71 22 raised
590 1478 59 20 upon

64 1497 38 22 the
112 1499 61 20 ruins
180 1498 23 21 of
212 1498 38 21 the
259 1498 88 21 Herald.
378 1497 22 21 It
406 1497 18 22 is
440 1497 41 26 (we
490 1497 88 22 believe
588 1497 62 22 there

64 1525 19 20 is
99 1531 29 14 no
144 1525 67 21 doubt
225 1531 27 15 on
269 1526 35 20 the
322 1524 93 27 subject)
438 1524 36 21 the
490 1531 66 20 organ
573 1524 25 21 of
613 1524 37 22 the

64 1551 165 26 Government;
245 1552 44 21 and
298 1552 93 20 viirabile
406 1552 64 23 dictu,
482 1551 36 21 the
534 1554 116 19 strenuous

64 1578 108 21 advocate
179 1578 25 21 of
211 1578 38 21 the
256 1578 124 23 Wakefield
391 1581 80 19 system
479 1578 25 21 of
511 1578 138 26 emigration,

65 1604 45 21 and
127 1612 28 14 an
170 1609 82 23 urgent
268 1606 110 27 suppliant
394 1605 34 21 for
443 1604 36 22 the
495 1606 117 20 assistance
628 1605 26 21 of

64 1631 49 21 that
414 1639 24 14 as
462 1638 13 13 a

63 1658 157 26 instrument,'"
226 1658 38 21 the
271 1659 55 22 New
333 1658 98 23 Zealand
440 1658 121 28 Company.
590 1658 60 22 Here

64 1684 19 21 is
101 1685 60 27 quite
178 1685 93 22 another
287 1686 54 21 view
358 1686 26 21 of
428 1686 35 20 the
481 1685 95 21 theories
595 1685 24 21 of
638 1693 13 14 a

229 1711 45 22 and
319 1712 36 22 the
371 1712 99 27 specious
484 1712 80 21 bubble
576 1712 26 21 of
614 1711 36 22 the

66 1738 183 27 self-supporting
268 1742 79 24 system
396 1738 75 27 begins
492 1744 20 16 to
532 1741 94 19 assume'
638 1747 13 13 a

65 1765 64 26 form,
141 1772 13 14 a
163 1766 125 26 substance,
299 1773 49 19 nay,
361 1773 13 13 a
383 1766 73 26 value,
470 1765 180 28 unaccountably
658 1766 2 24 j

66 1796 23 16 at
108 1792 102 21 variance
231 1792 51 21 with
302 1793 27 21 its
347 1792 48 26 airy
417 1792 117 21 character.
565 1792 84 26 Verily,
658 1796 2 18 I

65 1818 144 27 impartiality
232 1818 18 21 is
269 1827 42 14 one
335 1820 72 20 virtue
426 1819 25 20 of
471 1818 37 22 the
530 1818 120 23 Auckland
658 1821 2 26 |

66 1845 101 27 Printing
177 1845 122 27 Company.
328 1846 32 22 To
370 1845 29 22 all
410 1846 53 26 they
471 1846 51 26 give
533 1852 13 15 a
555 1845 93 25 chance,

64 1871 44 21 and
123 1872 54 21 each
195 1872 28 26 by
239 1877 62 17 turns
316 1872 75 22 makes
407 1879 38 14 use
461 1879 23 15 or
498 1873 56 20 their
570 1872 80 27 capital

66 1898 42 21 and
123 1898 58 21 their
195 1904 69 22 types.
294 1900 44 21 But
351 1898 113 28 seriously,
483 1899 42 22 this
539 1900 111 20 Auckland

66 1926 109 20 Standard
189 1925 18 22 is
224 1933 14 14 a
255 1926 109 28 curiosity,
384 1925 44 22 and
442 1929 22 18 to
479 1933 25 14 us
521 1934 13 13 a
548 1926 101 23 valuable

64 1959 49 15 one.
145 1952 55 21 Who
211 1952 39 22 has
261 1953 55 21 been
328 1958 22 17 fit
360 1952 59 23 work
433 1952 21 22 in
464 1952 119 23 Auckland
602 1961 47 20 pro-

64 1979 124 27 selytizing,
198 1979 61 22 what
267 1980 18 21 it
293 1980 19 21 is
319 1979 47 22 that
374 1978 42 23 has
424 1980 79 21 caused
513 1980 43 21 this
564 1981 85 26 change

66 2010 21 17 to
102 2013 61 14 come
179 2006 46 21 o'er
234 2006 37 21 the
286 2006 60 28 spirit
356 2006 27 20 of
394 2006 37 21 the
446 2006 74 21 dream
532 2007 26 21 of
569 2007 80 22 official

64 2032 153 26 slumberings,
235 2039 31 14 we
284 2040 37 13 are
335 2036 23 17 at
374 2039 14 14 a
402 2032 43 21 loss
463 2037 21 16 to
499 2039 72 20 guess.
602 2034 45 21 Can

64 2066 41 13 our
120 2059 87 21 readers
221 2059 46 21 find
282 2066 13 14 a
308 2059 48 22 clue
373 2062 22 17 to
410 2059 36 21 the
461 2063 98 23 mystery
574 2060 23 21 in
611 2059 36 22 the

43 2085 174 26 -following?—

115 2122 41 22 Let
171 2121 43 21 this
228 2121 28 22 be
271 2121 63 27 fairly
350 2125 41 24 put
403 2121 24 21 in
444 2122 137 28 comparison
597 2125 51 21 with
658 2133 2 21 \

64 2149 55 21 each
129 2148 73 22 man's
210 2148 105 27 probable
325 2149 59 26 gain,
395 2149 29 26 by
432 2149 103 28 allowing
546 2150 37 21 the
595 2151 53 21 New
658 2143 2 33 |

64 2175 99 21 Zealand
172 2175 115 27 Company
294 2183 14 14 a
316 2175 63 22 share
390 2175 22 21 in
423 2175 36 21 the
470 2176 146 22 colonization
628 2179 24 20 of
658 2179 2 9 '

63 2202 38 22 the
109 2201 118 23 Auckland
238 2203 90 21 district.
357 2201 48 22 The
414 2202 75 27 public
496 2203 26 21 of
526 2203 121 23 Auckland
658 2203 2 10 '

63 2236 51 20 may
131 2229 26 21 be
174 2229 113 21 informed
303 2229 46 22 that
365 2229 18 20 it
398 2236 43 14 was
453 2229 36 21 the
504 2229 54 22 wish
573 2231 27 20 of
611 2231 36 22 the
658 2226 2 15 !

63 2256 113 27 Company
185 2256 48 20 that
242 2256 57 22 their
309 2255 81 23 second
400 2254 89 27 district,
499 2264 49 14 now
558 2257 90 28 planted

62 2286 22 18 at
103 2283 91 25 Nelson,
213 2282 81 22 should
311 2283 55 21 have
384 2282 56 22 been
461 2283 87 22 located
568 2288 24 16 at
610 2285 37 22 the
658 2290 2 12 '

62 2309 93 28 Capital.
184 2309 33 22 Of
226 2309 36 22 the
272 2310 114 32 £300,000^
392 2312 22 18 to
425 2309 26 21 be
459 2310 103 22 received
572 2311 29 26 by
610 2312 37 21 the
658 2313 2 24 ;

62 2336 116 27 Company
193 2336 35 22 for
243 2336 38 22 the
297 2336 44 22 sale
360 2336 26 20 of
397 2335 64 22 lands
475 2336 23 22 in
515 2337 36 22 the
565 2339 82 21 second
658 2339 2 14 '

62 2363 131 26 settlement,
205 2371 45 14 one
261 2370 108 15 hundred
386 2370 46 14 and
448 2370 65 14 fifty
527 2371 120 16 thousand

62 2397 85 15 pounds
165 2397 36 14 are
219 2394 21 17 to
257 2390 26 22 be
297 2389 88 29 applied
401 2391 21 19 to
433 2391 35 19 the
482 2393 104 19 exclusive
596 2400 51 20 pur-

61 2423 52 20 pose
120 2417 24 21 of
149 2417 131 26 emigration
291 2417 22 21 in
324 2417 47 21 that
382 2417 117 26 particular
508 2419 137 27 settlement;
658 2428 2 12 ;

62 2450 63 15 fifty
141 2451 121 14 thousand
278 2451 87 15 pounds
382 2444 34 21 for
428 2444 118 28 rendering
557 2445 36 21 the
603 2450 44 17 set-
658 2455 2 18 ;

60 2469 93 23 tlcmeut
172 2470 151 22 commodious
342 2470 44 22 and
406 2472 115 21 attractive
542 2472 102 28 already;
658 2484 2 4 •

61 2497 48 26 and,
122 2497 22 21 in
163 2497 36 21 the
210 2504 77 14 course
297 2497 25 21 of
333 2504 13 14 a
356 2497 71 26 single
438 2499 83 26 month,
534 2499 42 21 five
587 2499 60 28 large

61 2523 59 27 ships
138 2524 57 22 have
214 2524 86 22 arrived
318 2527 23 18 at
360 2524 92 26 Nelson,
471 2525 106 28 bringing
596 2527 51 21 with

61 2550 59 22 them
135 2551 101 27 upwards
256 2551 27 21 of
297 2558 36 14 one
350 2552 102 20 thousand
468 2554 115 24 emigrants
584 2565 26 3 —
612 2554 35 21 the
658 2570 2 5 ,

62 2577 64 22 cabin
144 2584 125 21 psssengers
285 2577 23 23 in
324 2586 41 14 one
376 2579 26 21 of
414 2579 60 22 these
483 2580 66 27 ships,
567 2587 33 14 we
611 2588 36 14 are

62 2604 115 27 informed,
198 2605 124 27 possessing
339 2612 30 15 an
388 2610 118 23 aggregate
526 2607 80 27 capital
625 2608 25 21 of

61 2630 47 27 fifty
120 2631 110 22 thousand
242 2633 90 26 pounds.
658 2627 2 30 I

112 2665 62 26 Now,
188 2664 59 22 what
254 2666 20 21 is
285 2666 68 27 doing
362 2666 34 21 for
407 2666 87 26 Nelson,
508 2667 136 23 would'have
658 2668 2 13 '

59 2691 57 22 been
135 2692 58 21 done
212 2692 36 21 for
265 2693 126 27 Auckland,
411 2693 42 21 had
475 2694 36 21 the
532 2696 114 27 Company
658 2702 2 6 '

59 2718 57 22 been
124 2718 92 23 allowed
228 2723 21 17 to
259 2720 63 26 plant
332 2720 57 21 their
398 2720 83 22 second
491 2721 81 28 colony
579 2721 52 23 here
638 2731 5 18 ;
658 2728 2 22 ;

61 2745 50 27 and,
123 2745 79 22 should
218 2746 46 21 that
280 2746 80 28 liberty
369 2754 56 14 even
435 2751 38 23 yet
481 2747 28 22 be
519 2749 95 26 granted
624 2754 22 17 to
658 2744 2 29 j

60 2772 68 26 them,
150 2772 59 21 what
226 2772 40 22 has
285 2774 56 21 been
358 2773 57 22 done
431 2775 42 21 for-
483 2775 91 25 Nelson,
590 2776 57 21 their
658 2774 2 21 !

60 2799 83 22 second
153 2798 85 28 colony,
250 2800 44 21 will
310 2797 38 29 yel
364 2800 27 22 be
409 2801 55 21 done
473 2801 35 21 for
517 2802 127 27 Auckland,

61 2825 57 22 their
127 2825 58 22 third
196 2826 87 27 colony.
313 2827 40 21 We
362 2826 110 23 therefore
481 2828 104 27 urgently
592 2836 53 21 urge

59 2859 59 21 upon
135 2852 38 21 the
187 2852 135 28 landowner,
334 2854 39 20 the
383 2854 120 27 merchant,
516 2855 37 21 the
568 2855 78 22 house-
658 2850 2 24 !

59 2878 96 28 builder,
180 2878 37 22 the
240 2880 146 28 storekeeper,
412 2881 37 21 the
473 2881 111 27 publican,
609 2883 37 21 the
658 2876 2 27 i

58 2906 100 26 butcher,
179 2906 37 21 the
233 2906 75 26 baker,
329 2906 43 22 and
391 2907 63 21 other
473 2908 132 27 tradesmen,
624 2913 21 18 to

61 2933 104 21 consider
177 2932 36 21 the
231 2934 102 24 probable
344 2940 163 21 consequences
516 2938 22 18 to
550 2935 43 21 this
603 2940 45 17 set-

59 2960 95 21 tlement
162 2959 122 27 generally,
296 2960 43 21 and
353 2962 23 19 to
386 2960 91 22 himself
487 2961 23 21 in
521 2962 123 27 particular,

61 2987 26 21 of
101 2986 96 28 opening
214 2986 37 21 the
268 2986 85 28 Capital
363 2986 44 22 and
417 2988 26 20 its
455 2988 189 28 neighbourhood,

60 3020 24 15 as
100 3021 14 14 a
128 3012 54 23 field
191 3012 35 22 for
243 3012 37 22 the
297 3013 124 27 colonizing
436 3015 124 26 operations
574 3017 25 19 of
610 3016 37 22 the

59 3040 57 21 New
126 3039 102 23 Zealand
238 3040 125 28 Company;
365 3051 29 4 —
396 3040 35 22 the
444 3042 108 26 powerful
567 3043 79 26 engine

61 3067 71 21 which
149 3066 81 27 would,
247 3066 31 28 by
292 3067 47 21 that
353 3074 82 19 means,
454 3068 151 28 immediately
618 3070 28 22 be

59 3093 96 28 brought
163 3093 47 22 into
221 3093 71 22 active
303 3094 113 27 operation
426 3094 24 22 in
464 3095 90 28 making
563 3096 83 22 known

61 3120 37 22 the
109 3122 135 25 advantages
253 3120 26 22 of
287 3120 42 24 this
338 3121 137 27 settlement;
491 3122 38 22 the
539 3127 64 22 great
612 3131 35 15 ac-

61 3148 81 21 cession
156 3148 25 21 of
188 3148 80 21 labour
277 3148 42 21 and
330 3148 79 27 cupital
420 3148 48 21 that
477 3149 79 27 would;
570 3156 86 16 conse-.

61 3175 98 27 quently,
170 3174 28 22 be
208 3174 106 22 attracted
323 3174 81 26 hither,
414 3175 23 21 in
448 3175 102 22 addition
562 3181 29 22 to,
602 3177 44 21 and

61 3201 172 28 independently
247 3202 29 26 of,
294 3202 45 22 the.
346 3202 123 27 colonising
482 3203 128 26 operations
624 3204 26 21 of

61 3228 36 21 the
104 3229 120 27 Company.
254 3228 33 22 Of
294 3228 36 22 the
337 3228 97 27 £50,000
443 3232 23 18 to
476 3229 33 30 be,
515 3229 88 28 applied
612 3231 35 21 for

61 3255 115 27 rendering
187 3255 37 22 the
235 3255 127 22 settlement
376 3258 24 18 at
414 3252 102 25 Nelson''
524 3257 123 21 commodi-

62 3289 38 14 ous
118 3282 46 22 and
182 3282 131 27 attractive,'
333 3282 38 22 the
391 3282 115 27 Company
525 3283 81 22 intend
623 3288 28 24 to^

62 3308 75 23 devote
157 3309 97 26 £15,000
273 3313 21 17 to
308 3309 105 28 religious
431 3316 49 15 uses
495 3309 44 22 and

62 3339 77 23 ments,
149 3336 96 27 £15,000
256 3340 21 18 to
285 3336 36 22 the
328 3335 168 23 establishment
502 3337 25 21 of
534 3344 14 14 a
553 3337 92 28 college,

62 3362 44 22 and
126 3363 96 27 £20,000
240 3363 94 22 to\vards
336 3359 55 37 v^e
411 3369 190 22 encouragement
624 3365 26 21 of

62 3393 68 19 steam
141 3389 129 28 navigation
287 3391 33 21 for
337 3389 38 23 the
390 3389 83 23 benefit
485 3390 26 22 of
524 3391 38 21 the
572 3391 75 22 settle-

51 3432 3 6 ,
62 3420 66 19 ment.
156 3417 33 22 To
199 3417 43 22 this
252 3417 132 26 settlement,
396 3417 44 21 and
456 3420 21 19 to
487 3425 68 20 every
565 3417 82 23 indivi-

62 3442 48 23 dual
120 3444 100 22 member
229 3444 27 22 of
261 3452 40 14 our
311 3443 143 28 community,
464 3444 37 22 the
512 3445 135 26 advantages

62 3470 25 21 of
100 3470 36 22 the
151 3478 101 14 measure
268 3478 49 15 now
327 3471 120 27 suggested
461 3478 36 15 are
508 3476 36 18 too
556 3471 91 23 evident

61 3499 22 19 to
92 3497 85 28 require
187 3497 140 23 illustration.

108 3530 52 28 But,
169 3531 61 22 what
242 3532 19 21 is
271 3532 25 21 uf
302 3532 68 22 much
382 3539 62 14 more
453 3532 145 27 importance,
609 3532 38 22 the

60 3556 101 23 interests
170 3558 26 21 of
203 3558 55 22 New
269 3558 100 23 Zealand
378 3559 120 27 generally,
511 3567 23 14 as
545 3567 14 14 a
565 3559 82 22 British

62 3584 76 28 colony
140 3592 42 20 ,>no
191 3584 43 23 less
245 3585 54 22 than
310 3586 49 22 that
368 3586 25 21 of
401 3586 36 21 the
449 3586 77 28 people
538 3586 25 22 of
570 3586 77 22 Auck-

61 3610 58 28 land,
131 3612 73 21 would
214 3612 27 21 be
250 3612 122 28 promoted,
383 3612 20 22 if
410 3613 47 22 that
465 3613 107 28 powerful
583 3613 64 22 Com-

61 3644 55 21 pany
126 3639 45 22 and
181 3638 38 23 the
230 3639 67 22 Local
306 3639 154 23 Government
468 3647 57 15 were
537 3640 75 28 acting
620 3640 24 22 in

61 3661 105 30 harmony
177 3666 36 21 for
224 3666 38 21 the
270 3673 100 16 common
379 3666 74 28 object
460 3667 25 22 of
491 3667 29 22 its
530 3666 65 29 rapid
602 3668 43 21 and

62 3692 117 22 successful
190 3692 153 23 colonization.
374 3692 26 22 In
411 3693 38 22 the
456 3694 60 22 work
525 3695 26 21 of
558 3694 87 27 legisla-

61 3717 42 23 tion
115 3727 29 14 no
160 3719 125 27 advantage
301 3718 80 24 should
395 3720 27 22 be
431 3721 66 27 given
514 3725 23 18 to
549 3729 46 19 any
605 3729 40 14 one

60 3746 115 25 particular
194 3746 135 22 settlement.
367 3746 26 21 If
409 3746 37 23 the
467 3748 57 22 New
544 3748 101 22 Zealand

62 3772 112 28 Company
184 3780 56 15 were
257 3773 66 22 made
341 3780 39 15 use
395 3774 27 21 of
431 3781 24 14 as
468 3774 38 22 the
519 3775 126 27 colonizing

59 3798 136 28 instrument,
212 3799 37 22 the
266 3800 160 26 Government,
442 3801 87 22 instead
547 3802 27 22 of
589 3802 56 22 their

60 3826 101 25 powerful
172 3826 128 28 opposition,
312 3826 76 23 would
396 3828 86 21 receive
493 3828 58 22 their
562 3829 81 21 cordial

61 3853 154 27 co-operation.
243 3853 48 22 The
306 3859 87 16 success
409 3854 25 21 of
447 3854 56 22 their
513 3856 130 26 enterprise,

60 3880 42 21 and
119 3880 37 22 the
175 3880 124 28 prosperity
318 3880 26 22 of
362 3880 36 21 the
418 3880 86 28 colony,
524 3882 74 22 would
616 3890 27 20 go

59 3904 179 29 hand-in-hand;,
259 3907 57 22 their
335 3906 82 26 efforts,
443 3908 58 21 their
524 3910 118 26 exertions,

59 3932 54 23 their
125 3934 75 22 future
210 3934 129 28 prosperity,
351 3934 73 21 would
438 3934 28 22 be
481 3935 38 22 the
535 3943 77 15 means
622 3936 25 22 of

58 3958 117 30 benefiting
184 3960 38 22 the
232 3965 94 24 country
336 3964 22 19 at

704 150 68 23 What
777 150 28 22 do
811 158 46 20 you
861 150 64 22 think
931 151 26 21 of
959 152 47 19 that
1012 151 9 21 1
1035 150 90 23 Beware
1129 152 26 21 of
1160 151 89 34 flattery
1256 160 6 19 ;

678 176 29 23 do
718 180 40 19 not
765 180 38 23 get
817 185 54 14 over
880 176 111 23 confident
1002 184 24 14 or
1035 177 114 22 conceited
1156 185 58 19 upon
1226 178 38 22 the

678 203 100 25 strength
788 204 25 20 of
821 204 23 21 it.
873 203 71 22 There
955 205 18 20 is
979 210 40 15 one
1030 203 163 23 misstatement
1201 204 60 28 here,

678 232 98 25 namely,-
809 230 49 21 that
866 230 19 21 it
898 237 45 14 was
953 230 36 22 the
998 229 54 22 wish
1063 229 25 22 of
1099 230 37 21 the
1149 231 116 27 Company

678 256 48 21 that
736 256 57 22 their
807 256 85 21 second
906 256 90 26 district,
1011 263 50 15 now
1069 256 91 28 planted
1169 261 24 17 at
1209 257 56 22 Nel-

678 290 47 19 son,
737 282 79 23 should
831 282 58 22 have
898 283 59 21 been
969 282 89 22 located
1067 286 24 18 at
1106 283 37 22 the

678 309 47 22 The
736 310 115 26 Company
861 308 38 23 did
908 312 39 19 not
953 308 52 22 wish
1016 309 107 27 anything
1133 310 25 21 of
1163 310 37 21 the
1210 314 53 23 sort,

678 335 40 22 but
727 336 37 21 the
775 336 155 21 Government
939 334 44 27 did,
992 334 44 23 and
1046 335 34 22 for
1088 343 52 19 very
1147 336 59 27 good
1214 343 51 15 rea-

678 363 58 26 sons^
746 362 40 21 but
792 361 48 22 that
851 364 88 19 matters
946 366 38 17 not
990 368 57 15 now.
1068 362 42 21 We
1118 362 46 22 fear
1169 362 49 22 that
1226 363 38 22 the

679 388 77 22 wishes
762 388 25 21 of
790 395 41 14 our
837 387 120 22 Auckland
961 393 170 23 contemporary
1138 394 40 17 cart
1184 387 79 29 hardly

678 414 28 22 be
711 414 109 27 complied
825 414 62 21 with.
902 414 88 22 Almost
995 414 30 21 all
1033 414 36 22 the
1077 415 101 22 valuable
1187 414 53 23 land
1245 417 19 20 is

677 448 58 19 gone
741 449 5 18 ;
758 441 42 21 Mr.
807 441 101 20 Clendon
918 441 41 21 has
965 448 54 13 same
1025 441 26 22 of
1057 442 24 21 it.
1107 441 87 27 Where,
1203 442 59 27 then,

678 468 18 20 is
706 467 37 22 the
748 467 61 26 land,
818 467 38 21 the
863 467 44 22 sale
914 468 25 21 of
941 468 71 21 which
1021 468 18 20 is
1049 471 22 18 to
1082 468 76 28 supply
1165 468 38 22 the
1209 469 54 22 emi-

677 495 85 25 gration
772 493 73 22 fund?
873 493 41 22 We
925 495 76 21 should
1018 495 28 20 be
1056 501 54 20 very
1119 495 52 26 glad
1185 500 20 17 to
1216 496 48 21 find

678 520 49 21 that
736 527 25 14 no
770 520 63 27 place
844 521 22 20 in
878 520 56 22 New
943 521 99 21 Zealand
1052 520 52 27 had,
1120 522 29 26 by
1162 522 103 28 previous

677 547 43 21 bad
730 550 164 23 management,
911 552 38 17 cut
958 547 61 22 itself
1040 550 38 19 out
1092 548 25 21 of
1129 548 36 21 the
1180 548 84 22 advan-

677 576 61 25 tages
757 578 22 16 to
796 572 27 22 be
838 573 92 22 derived
947 575 55 20 from
1020 574 36 21 the
1073 575 103 24 adoption
1190 576 25 21 of
1226 575 38 22 the

677 599 125 23 Wakefield
813 602 88 25 system,
913 600 98 22 whether
1026 601 73 21 under
1111 601 37 22 the
1165 602 99 27 auspices

676 625 27 21 of
713 626 37 22 the
759 625 57 23 New
825 625 101 23 Zealand
944 628 114 27 Company
1071 635 26 14 or
1111 632 49 23 not;
1176 628 40 22 but
1231 636 33 14 we

676 652 47 22 fear
731 653 47 21 that
788 652 37 22 the
834 653 54 27 only
896 653 64 28 reply
976 657 21 18 to
1013 653 37 22 the
1071 653 97 24 demand
1185 655 33 21 for
1232 662 29 15 an

677 679 130 26 emigration
817 679 57 22 fund
885 679 42 23 will
937 681 28 21 be
976 680 47 22 that
1033 681 26 21 of
1069 681 37 21 the
1117 681 115 22 cherubim
1242 685 23 18 to

677 706 31 21 St.
720 706 82 22 Cecilia
802 717 28 4 —
917 714 50 14 nous
976 709 132 26 n'avouspas
1116 709 25 20 de
1150 710 49 25 quoi

704 739 47 22 The
776 740 153 22 Government
951 742 54 26 brig,
1031 741 93 27 Captain
1147 742 116 27 Richards,

676 766 88 22 arrived
774 766 52 21 here
832 774 29 14 on
868 767 110 28 Tuesday,
991 768 82 27 liaving
1083 769 39 21 left
1131 769 44 21 Mr.
1187 769 76 27 Spain,

677 792 37 22 the
725 792 64 23 Land
798 793 89 22 Claims'
898 794 164 28 Commisioner,
1074 799 24 17 at
1110 795 52 22 Port
1171 795 94 22 Nichol-

676 827 48 14 son.

955 848 28 10 -■>*-

677 870 21 22 A
709 870 92 22 Letter
817 878 28 14 to
866 879 45 14 the
922 872 94 21 Editor.
1021 879 26 14 of
1063 879 45 14 the

821 905 30 14 by
860 898 26 21 E.
900 898 28 21 G.
936 898 151 26 Wakefield,
1099 905 28 14 on
1136 905 45 15 the
1188 905 76 15 means

807 931 26 14 of
844 924 122 22 National
978 924 157 21 Emigration.

815 974 129 26 [Concluded
946 976 61 24 from
1016 980 38 15 our
1063 975 58 25 last.]

704 1012 47 20 The
767 1012 59 19 third
844 1012 112 20 condition
974 1018 50 19 was,
1042 1012 49 20 that
1106 1012 36 22 the
1157 1013 66 21 mode
1242 1013 24 21 of

677 1036 46 22 sale
735 1036 121 27 (whatever
871 1037 37 22 the
924 1038 58 26 price
998 1037 44 22 and
1059 1038 38 21 the
1112 1046 39 14 use
1165 1039 65 22 made
1241 1040 25 21 of

677 1063 38 21 the
725 1063 210 28 purchase-money)
946 1064 80 22 should
1037 1065 27 21 be
1074 1065 68 22 based
1153 1073 28 14 on
1191 1067 73 21 sound

676 1089 128 27 principles.
828 1090 43 22 For
885 1091 67 27 along
960 1091 65 21 while
1035 1091 10 21 I
1052 1091 46 22 had
1103 1096 40 18 not
1152 1093 113 26 imagined

678 1116 48 21 that
734 1116 43 21 this
784 1123 44 14 was
838 1124 13 14 a
859 1121 82 18 matter
947 1117 25 22 of
979 1117 66 22 much
1054 1119 137 26 importance
1200 1128 6 18 ;
1220 1120 44 21 and

678 1143 54 21 such
743 1149 92 21 appears
851 1147 22 18 to
888 1144 56 21 have
960 1145 56 21 been
1028 1145 82 26 always
1125 1145 40 22 the
1176 1149 55 19 state
1242 1147 24 21 of

678 1169 63 22 mind
751 1170 25 20 of
787 1170 63 22 those
860 1170 50 22 who
920 1171 55 21 have
991 1171 44 21 had
1045 1175 22 17 to
1078 1172 47 21 deal
1136 1173 129 28 practically

679 1196 51 21 with
748 1196 37 22 the
803 1197 92 27 subject.
925 1197 93 28 Inquiry
1028 1198 45 21 and
1082 1199 113 22 reflection
1206 1199 58 22 have

678 1223 79 27 taught
769 1230 36 14 me
821 1223 49 22 that
878 1224 38 22 the
931 1225 64 21 mode
1005 1225 26 21 of
1044 1225 47 21 sale
1104 1225 39 21 has
1157 1225 75 23 effects
1242 1227 24 21 of

677 1249 38 21 the
733 1253 97 23 greatest
845 1254 106 19 moment.
990 1251 24 21 If
1026 1259 14 14 a
1055 1252 98 22 uniform
1167 1253 61 26 price
1245 1254 19 20 is

677 1276 104 27 adopted,
798 1276 113 23 whatever
926 1278 37 22 the
973 1278 83 27 quality
1067 1279 45 21 and
1125 1279 105 22 situation
1242 1280 24 21 of

677 1302 38 22 the
725 1303 59 27 land,
796 1304 61 27 then,
872 1304 75 22 unless
957 1304 61 22 there
1029 1305 27 21 be
1067 1305 81 26 always
1157 1313 28 14 on
1195 1306 45 22 sale
1252 1314 13 14 a

678 1331 101 26 quantity
787 1331 64 27 equal
861 1335 22 17 to
896 1331 38 21 the
941 1335 68 18 wants
1017 1332 25 21 of
1049 1332 38 21 the
1096 1333 103 21 colonists
1208 1333 56 22 from

678 1357 52 21 time
746 1362 21 16 to
787 1357 61 27 time,
866 1357 44 23 this
925 1358 124 22 restriction
1064 1359 25 21 of
1102 1359 100 28 quantity
1220 1361 43 20 will

677 1382 57 22 have
751 1384 37 21 the
805 1391 59 15 same
875 1385 64 21 effect
953 1392 23 14 as
986 1390 28 16 an
1025 1386 99 21 increase
1135 1386 25 21 of
1173 1386 58 26 price
1242 1387 22 21 in

678 1409 145 28 diminishing
833 1411 37 21 the
886 1411 126 28 proportion
1023 1411 72 22 which
1104 1411 54 23 land
1168 1413 64 22 bears
1242 1417 21 17 to

677 1436 136 27 population.
852 1437 25 22 If
891 1439 70 21 under
976 1439 36 21 the
1028 1439 52 26 plan
1097 1439 24 21 of
1137 1447 13 14 a
1166 1439 97 23 uniform

678 1464 58 25 price
747 1464 37 21 the
791 1471 91 20 surveys
892 1472 37 14 are
940 1468 38 18 not
993 1465 85 21 carried
1089 1465 31 21 far
1129 1466 23 22 in
1164 1466 98 22 advance

677 1490 26 21 of
710 1490 36 22 the
754 1495 67 17 wants
829 1491 25 21 of
859 1491 37 22 the
904 1491 110 26 colonists,
1023 1492 36 21 the
1071 1492 75 22 choice
1152 1494 26 20 of
1183 1493 80 27 buyers

677 1516 44 22 will
730 1518 60 20 often
802 1518 26 21 be
838 1518 114 22 restricted
964 1522 22 18 to
997 1519 41 21 lots
1047 1519 23 21 of
1079 1519 90 23 inferior
1179 1521 84 26 quality

678 1551 25 13 or
713 1544 101 26 position,
830 1552 23 14 so
864 1552 24 14 as
899 1549 21 17 to
931 1545 100 22 occasion
1046 1553 14 14 a
1070 1549 64 19 waste
1145 1547 26 21 of
1183 1547 80 26 capital

677 1566 46 25 and
732 1571 85 21 labour.
848 1571 25 22 If
884 1571 36 23 the
931 1572 63 22 mode
1005 1573 26 20 of
1042 1573 45 21 sale
1096 1573 19 21 is
1126 1573 27 26 by
1164 1573 97 27 auction,

677 1601 23 17 at
706 1604 13 14 a
728 1597 41 21 low
776 1601 66 22 upset
849 1598 66 27 price,
926 1599 50 21 with
985 1606 13 14 a
1005 1599 54 21 view
1071 1603 21 18 to
1103 1607 13 14 a
1125 1600 80 27 selling
1211 1608 50 14 ave-

677 1631 51 19 rage
739 1624 26 22 of
775 1625 67 21 much
854 1625 77 26 higher
940 1630 92 17 amount
1041 1626 30 27 by
1082 1634 75 14 means
1168 1627 25 21 of
1200 1634 62 14 com-

677 1650 99 27 petition,
785 1651 53 21 then
845 1651 63 26 (with
915 1652 37 22 the
960 1653 118 26 exception
1084 1653 26 21 of
1113 1653 84 22 certain
1203 1659 60 22 spots

677 1678 95 27 adapted
782 1678 34 21 for
828 1683 69 17 towns
912 1679 43 21 and
965 1678 113 23 suburban
1092 1680 50 27 lots)
1155 1681 36 21 the
1203 1681 60 26 price

678 1705 104 21 obtained
791 1705 46 21 will
847 1705 89 27 depend
945 1713 28 14 on
983 1706 38 21 the
1032 1707 100 26 quantity
1140 1711 40 23 put
1188 1714 31 19 up
1228 1708 37 21 for

678 1731 51 21 sale.
761 1731 22 21 If
790 1732 37 21 the
838 1733 101 26 quantity
950 1740 55 20 open
1021 1737 22 17 to
1055 1734 126 25 purchasers
1196 1735 67 21 much

678 1758 93 22 exceeds
780 1759 58 21 their
844 1763 74 23 wants,
931 1759 35 22 the
976 1759 82 28 selling
1064 1760 56 27 price
1129 1760 45 22 will
1183 1760 80 27 hardly

678 1792 51 14 ever
748 1785 83 21 exceed
842 1786 46 23 ,the
908 1789 62 24 upset
987 1787 60 26 price
1068 1787 34 26 (as
1121 1787 100 28 happens
1240 1788 23 21 in

678 1811 91 23 Canada
778 1812 45 21 and
835 1811 133 28 throughout
979 1813 37 21 the
1026 1813 81 22 United
1117 1814 89 26 States),
1218 1815 45 21 and

678 1838 37 21 the
725 1838 87 22 auction
822 1839 43 21 will
877 1839 27 22 be
914 1847 13 14 a
936 1847 60 15 mere
1007 1840 104 27 mockery
1121 1841 25 21 of
1158 1842 106 26 competi-

679 1864 52 22 tion.
762 1865 27 21 In
802 1865 42 22 this
862 1874 56 18 case,
935 1867 37 21 the
981 1866 77 22 lowest
1074 1871 62 24 upset
1149 1867 60 27 price
1220 1868 43 21 will

677 1892 69 27 really
753 1893 27 20 be
791 1892 37 21 the
838 1893 122 28 regulating
972 1894 58 26 price
1038 1898 101 23 contrary
1147 1898 23 18 to
1181 1895 37 21 the
1227 1895 36 21 in-

679 1919 94 21 tentions
781 1919 26 21 of
815 1919 37 21 the
859 1923 150 24 government.
1035 1921 35 21 On
1078 1921 35 21 the
1124 1921 62 21 other
1192 1921 69 26 hand,

678 1945 68 21 under
757 1945 36 21 the
809 1948 89 20 auction
908 1947 59 27 plan,
983 1947 17 21 it
1011 1947 71 21 would
1096 1952 40 17 not
1151 1952 80 18 matter
1240 1949 21 21 in

678 1971 37 21 the
724 1972 62 27 least,
797 1973 60 21 what
862 1980 44 14 was
912 1974 36 21 the
959 1977 64 24 upset
1026 1974 60 27 price
1092 1975 19 21 if
1117 1975 38 21 the
1163 1975 101 27 quantity

677 1998 95 27 brought
790 2003 22 17 to
831 2000 46 21 sale
888 2008 55 14 were
960 2000 70 22 below
1049 2001 37 21 the
1102 2006 70 17 wants
1186 2001 26 21 of
1226 2001 37 22 the

678 2024 109 22 colonists.
817 2025 27 21 In
854 2026 44 21 this
906 2027 63 21 latter
980 2034 56 18 case,
1049 2027 36 21 the
1091 2028 60 25 price
1161 2028 103 20 obtained

676 2051 69 22 would
757 2052 69 27 really
834 2052 28 22 be
874 2052 77 22 settled
961 2053 29 26 by
998 2053 147 26 competition,
1157 2061 22 14 or
1189 2054 75 22 rather

676 2077 30 27 hy
722 2078 37 21 the
779 2078 76 22 officer
869 2079 27 21 of
911 2079 37 22 the
962 2083 147 24 government
1124 2081 48 21 who
1190 2080 73 22 deter-

677 2104 76 22 mined
780 2105 38 21 the
837 2106 102 27 quantity
957 2109 22 18 to
1007 2106 28 22 be
1055 2107 80 21 offered
1154 2107 33 21 for
1209 2108 54 21 sale.

678 2132 102 20 Another
789 2137 62 21 great
867 2133 109 26 objection
994 2137 23 17 to
1031 2133 38 21 the
1078 2134 87 21 auction
1182 2134 54 26 plan
1245 2135 19 21 is

677 2158 48 21 that
741 2159 17 20 it
773 2159 114 22 occasions
897 2159 70 28 delay,
986 2159 29 27 by
1024 2160 113 27 requiring
1151 2161 74 21 notice
1241 2163 22 19 in

677 2184 62 22 order
756 2184 47 22 that
819 2186 62 21 there
897 2187 88 26 maybe
1001 2187 153 28 competition;
1172 2188 18 20 it
1204 2188 60 22 often

676 2212 95 26 subjects
783 2215 21 18 to
813 2212 187 27 disappointment
1011 2213 61 22 those
1079 2214 48 22 who
1135 2215 56 21 have
1202 2219 63 20 spent

676 2238 53 21 time
735 2238 41 22 and
785 2246 79 20 money
871 2240 256 27 inselectingparticular
1132 2241 50 26 lots,
1189 2241 74 22 which

676 2264 57 22 after
750 2265 29 21 all
794 2273 37 14 are
849 2266 103 22 obtained
964 2267 23 26 bj
1002 2267 78 26 higher
1094 2267 88 23 bidders
1193 2272 23 17 at
1226 2269 37 21 the

676 2291 56 26 sale;
743 2292 45 21 and
798 2293 22 20 in
828 2293 90 21 Canada
927 2293 42 22 and
982 2293 36 21 the
1029 2293 81 23 United
1118 2295 77 26 States,
1207 2299 58 18 most

676 2318 122 28 assuredly,
814 2319 19 21 it
848 2320 61 26 gives
920 2321 101 21 occasion
1035 2324 23 18 to
1074 2329 11 13 a
1094 2326 64 23 great
1171 2326 94 17 amount

676 2345 26 21 of
713 2346 99 27 jobbing,
831 2347 103 27 trickery,
952 2347 43 22 and
1009 2347 86 22 fraud.*
1129 2349 47 21 The
1192 2348 74 27 single-

676 2372 124 28 advantage
817 2373 119 22 attributed
945 2378 21 18 to
981 2374 18 21 it
1009 2374 24 27 is,
1050 2375 48 21 that
1105 2375 19 21 it
1133 2375 87 22 obtains
1232 2377 33 20 for

676 2399 37 21 the
730 2400 152 22 Government
894 2408 61 14 more
971 2408 83 20 money
1071 2402 53 21 than
1142 2410 44 19 any
1200 2402 65 22 other

676 2426 64 21 mode
748 2427 26 20 of
785 2426 53 22 sale.
868 2427 45 21 But
920 2427 19 22 is
950 2427 41 23 this
1007 2435 28 14 an
1046 2427 123 28 advantage
1175 2429 11 21 ?
1216 2429 21 21 Is
1247 2430 18 21 it

677 2452 107 22 desirable
795 2453 49 22 that
854 2453 37 22 the
902 2455 155 21 Government
1066 2455 80 22 should
1160 2459 37 24 get
1205 2456 58 22 from

676 2479 36 21 the
732 2480 56 22 class
804 2481 27 21 of
845 2480 54 22 land
910 2481 79 28 buyers
998 2489 62 15 more
1078 2481 54 23 than
1146 2483 37 21 the
1203 2483 60 27 price

676 2506 69 22 which
756 2507 19 21 is
785 2507 111 22 sufficient
906 2508 31 22 for
949 2516 13 14 a
971 2507 43 23 due
1024 2510 128 26 proportion
1162 2510 101 22 between

676 2533 75 28 people
767 2534 43 21 and
924 2535 54 21 And
990 2535 20 21 if
1021 2536 18 20 it
1049 2543 54 15 were
1115 2536 110 22 desirable
1242 2540 21 18 to

676 2563 36 23 get
722 2568 61 14 more
793 2561 53 22 than
859 2561 48 22 that
920 2562 108 22 sufficient
1037 2563 66 27 price,
1116 2563 71 22 would
1197 2564 18 21 it
1224 2568 41 17 not

676 2587 27 21 be
718 2587 93 22 secured
821 2595 56 15 even
891 2596 59 14 more
962 2589 69 28 easily
1045 2589 44 22 and
1099 2591 74 27 surely
1183 2590 30 25 by
1224 2590 40 22 ad-

676 2613 53 28 ding
740 2614 37 22 the
790 2615 88 21 desired
893 2622 75 16 excess
979 2620 21 17 to
1011 2624 12 14 a
1039 2616 111 22 sufficient
1165 2617 98 23 uniform

676 2640 64 27 price,
751 2641 54 22 than
815 2641 30 28 by
855 2641 37 23 the
903 2643 88 22 auction
1003 2643 52 26 plan
1071 2644 51 22 with
1132 2644 30 22 all
1170 2644 30 21 its
1210 2645 54 21 irre-

676 2667 118 27 gularities,
801 2669 28 21 its
835 2669 143 28 dependence
984 2677 27 14 on
1018 2670 38 22 the
1063 2672 99 26 quantity
1167 2671 98 28 brought

676 2698 20 18 to
705 2694 52 26 sale,
768 2695 28 21 its
805 2696 92 27 notices,
910 2697 81 27 delays,
1003 2696 203 29 disappointments,
1219 2698 45 22 and

676 2723 117 24 rogueries.
824 2723 9 21 I
846 2723 62 21 know
915 2723 47 22 that
972 2723 37 22 the
1019 2725 89 21 auction
1118 2725 50 27 plan
1179 2725 40 22 has
1230 2733 34 14 re-

676 2748 147 23 commended
838 2749 63 22 itself
913 2751 28 26 by
956 2750 36 22 the
1009 2750 61 28 large
1085 2759 60 15 sums
1159 2751 106 23 obtained

676 2775 33 21 for
722 2776 65 22 small
803 2777 110 26 quantites
923 2777 24 22 of
961 2777 55 22 land
1031 2778 93 23 marked
1134 2783 38 18 out
1187 2779 31 28 by
1228 2779 37 22 the

676 2802 152 22 Government
845 2811 24 14 as
885 2805 122 21 town-sites
1023 2805 44 21 and
1082 2807 111 20 suburban
1208 2806 55 28 lots;

676 2828 38 22 but
727 2829 18 21 it
755 2836 53 20 may
821 2830 28 21 be
866 2831 131 27 questioned
1007 2831 104 28 whether*
1129 2833 22 21 if
1163 2833 37 21 the
1218 2833 47 21 Go-

676 2859 116 19 vernment
802 2857 67 21 could
880 2857 73 22 obtain
963 2858 37 22 the
1012 2859 110 22 sufficient
1132 2860 61 27 price
1209 2860 56 26 (and

676 2889 67 20 more,
758 2883 19 21 if
791 2890 61 15 more
868 2891 57 15 were
941 2885 95 26 thought
1055 2885 116 28 desirable)
1184 2887 30 27 by
1226 2887 38 22 the

676 2908 77 28 simple
767 2908 53 27 plan
838 2910 26 22 of
880 2918 13 14 a
909 2911 58 22 fixed
984 2911 96 23 uniform
1092 2913 68 28 price,
1177 2913 19 21 it
1212 2913 53 22 does

676 2935 74 28 wisely
760 2939 22 18 to
797 2937 122 22 encumber
933 2937 63 23 itself
1003 2939 52 21 with
1073 2939 37 22 the
1118 2940 87 27 pursuit
1215 2941 24 21 of
1251 2948 14 14 a

676 2961 100 23 business
793 2970 25 14 so
836 2962 68 23 liable
920 2967 21 19 to
959 2965 182 28 miscalculation,
1160 2974 26 14 so
1202 2967 61 22 often

676 2989 82 27 ending
767 2989 23 21 in
797 2989 186 28 disappointment
992 2998 83 22 among
1085 2993 37 21 the
1132 2995 81 26 buyers
1221 2995 44 21 and

676 3015 129 28 reproaches
824 3017 87 26 against
929 3017 36 23 the
976 3018 82 27 sellers,
1079 3020 44 21 and
1139 3021 69 21 above
1226 3021 38 27 all,

676 3042 63 22 when
748 3041 141 24 undertaken
901 3045 29 26 by
939 3045 38 21 the
989 3045 153 23 Governmeut
1143 3062 5 11 ;
1159 3055 25 14 so
1194 3050 38 25 apt
1242 3052 23 18 to

676 3069 111 22 stimulate
807 3070 82 27 merely
908 3071 136 27 speculative
1063 3073 154 28 investments,
1240 3083 25 14 as

676 3096 46 22 that
732 3097 26 21 of
766 3096 106 29 choosing
882 3097 38 23 the
929 3098 52 22 sites
988 3099 25 21 of
1019 3099 107 23 intended
1137 3104 70 19 towns
1218 3102 22 22 in
1251 3110 14 14 a

676 3122 162 28 half-explored
858 3129 101 24 country,
979 3126 46 22 and
1044 3127 80 27 selling
1143 3132 57 17 town
1221 3134 44 17 and

676 3150 122 22 surburban
815 3151 42 21 lots
871 3151 28 28 by
911 3153 97 21 auction.
1039 3153 22 22 Is
1079 3153 18 22 it
1106 3158 21 17 to
1143 3155 26 22 be
1179 3156 86 21 wished

676 3176 47 22 that
739 3177 37 22 the
795 3177 155 24 Government
965 3179 82 23 should
1063 3181 50 22 take
1124 3181 36 22 the
1176 3186 51 23 part
1242 3183 24 21 of

676 3202 156 29 land-jobbing
842 3206 126 27 companies
978 3214 24 14 or
1016 3207 142 28 individuals,
1171 3209 94 22 without

676 3229 36 23 the
723 3231 119 28 pecuniary
852 3233 180 23 responsibilities
1042 3234 47 22 that
1099 3235 83 27 belong
1193 3239 23 18 to
1226 3236 37 23 the

676 3256 77 23 latter?
783 3257 24 21 If
818 3262 46 23 not,
880 3259 37 22 the
927 3260 89 22 auction
1026 3261 52 27 plan
1085 3261 42 23 has
1138 3269 29 16 no
1177 3270 87 15 recom-

676 3284 128 22 mendation
819 3288 23 18 to
852 3282 93 26 balance
962 3287 29 21 its
1002 3287 193 24 inconveniences.
1225 3290 38 22 An

676 3310 85 27 alleged
776 3311 174 24 inconvenience
964 3314 26 21 of
1000 3315 38 20 the
1051 3316 95 21 uniform
1160 3316 61 27 price
1236 3318 25 26 is,

676 3336 46 22 that
730 3337 18 22 it
757 3337 99 28 requires
865 3339 72 32 ample
951 3348 94 18 surveys
1054 3341 45 22 and
1113 3342 37 22 the
1159 3343 74 27 fixing
1242 3344 24 21 of

676 3370 13 14 a
877 3373 59 20 price
952 3367 31 27 by
993 3367 121 29 authority;
1133 3369 81 27 which,
1229 3371 35 21 in-

676 3389 56 23 deed
741 3391 18 21 it
767 3391 52 21 does
825 3399 5 14 :
839 3391 40 22 but
887 3400 24 14 so
922 3393 50 22 does
982 3393 38 23 the
1027 3395 88 22 auction
1126 3396 60 27 plan,
1198 3396 21 22 if
1226 3397 38 22 the

676 3417 99 28 quantity
786 3417 94 28 brought
890 3422 22 18 to
925 3420 46 22 sale
981 3420 28 22 be
1018 3422 80 27 ample,
1114 3424 59 21 since
1180 3424 25 21 in
1217 3423 48 22 that

676 3451 48 15 case
735 3444 37 22 the
783 3444 54 22 bulk
848 3445 26 21 of
884 3447 128 25 purchasers
1023 3448 45 22 will
1081 3449 45 27 buy
1136 3454 24 18 at
1174 3450 38 22 the
1223 3457 40 21 up-

676 3473 32 19 set
715 3471 61 26 price
783 3478 5 19 ;
800 3471 45 23 and
855 3472 17 22 it
882 3473 18 21 is
910 3473 73 27 surely
991 3474 70 23 better
1071 3476 192 28 tosficknowledge

676 3497 43 22 and
728 3498 49 22 face
793 3498 38 22 the
842 3499 106 28 difficulty
959 3501 27 21 of
996 3500 69 29 fixing
1074 3502 37 22 the
1129 3503 62 27 right
1203 3504 60 28 price

676 3525 27 25 by
713 3524 49 27 law,
772 3524 56 22 than
840 3529 21 18 to
868 3526 40 22 fail
917 3526 22 22 in
950 3527 38 21 the
998 3530 94 26 attempt
1101 3533 23 18 to
1134 3530 71 22 evade
1216 3530 49 23 that

676 3551 106 26 difficulty
789 3551 31 27 by
827 3559 24 14 so
861 3552 106 27 irregular
977 3555 41 21 and
1026 3557 115 21 uncertain
1151 3565 14 14 a
1175 3565 88 19 process

676 3585 22 14 as
708 3586 14 14 a
732 3579 120 27 capricious
859 3579 119 23 limitation
983 3581 26 21 of
1014 3581 38 22 the
1061 3583 100 29 quantity
1167 3584 96 26 bronght

676 3608 20 18 to
706 3605 54 22 sale.
790 3605 27 21 In
828 3605 50 28 fact,
894 3606 106 27 however,
1011 3609 85 22 neither
1111 3610 36 22 the
1157 3618 45 14 one
1212 3610 51 28 plan

676 3639 39 14 nor
730 3631 37 23 the
777 3631 72 25 other.
854 3633 41 21 has
910 3634 57 22 been
977 3634 75 27 firmly
1061 3636 134 23 established
1211 3638 52 21 with

676 3659 25 21 its
711 3665 80 21 proper
799 3661 208 26 accompaniments.
1033 3663 77 22 Under
1120 3664 36 21 the
1165 3664 98 22 uniform

676 3685 56 28 plan,
745 3686 37 22 the
791 3685 61 28 price
861 3685 40 23 has
914 3687 58 22 been
982 3688 36 22 far
1028 3692 34 19 too
1071 3689 42 22 low
1120 3697 7 20 ;
1144 3691 72 22 under
1225 3692 38 21 the

676 3713 85 21 auction
772 3712 59 27 plan,
844 3716 38 19 tne
887 3715 103 27 quantity
997 3715 40 22 has
1044 3716 56 22 been
1107 3716 34 23 far
1147 3720 38 19 too
1191 3720 70 25 great,

676 3746 23 15 or
708 3739 37 22 the
755 3743 66 24 upset
830 3739 60 26 price
899 3743 37 19 too
946 3741 53 28 low;
1011 3743 45 21 and
1066 3743 87 22 instead
1163 3744 25 22 of
1193 3744 72 22 either

676 3767 49 26 plan
737 3766 68 26 being
814 3766 59 22 fixed
889 3767 28 28 by
927 3767 38 23 the
974 3768 54 22 final
1040 3769 75 23 choice
1127 3771 25 22 of
1160 3770 104 23 Govern-

676 3797 65 23 ment,
758 3793 55 21 both
827 3793 58 22 have
894 3795 57 22 been
966 3795 38 21 the
1013 3797 86 26 subject
1110 3797 26 22 of
1148 3798 116 27 perpetual

676 3824 141 23 controversy
826 3819 46 23 and
880 3821 131 23 indecision.
1017 3831 7 4 -

699 3847 47 23 The
757 3847 74 22 fourth
842 3848 112 22 condition
965 3856 52 19 was,
1027 3850 118 27 supposing
1154 3850 39 21 the
1203 3851 60 27 price

676 3877 19 19 to
709 3875 29 21 be
749 3873 116 27 sufficient,
885 3875 47 21 that
947 3875 38 21 the
1004 3880 98 20 greatest
1120 3877 84 23 liberty
1218 3878 45 21 and

676 3932 38 17 7*l
721 3931 47 17 have
775 3931 46 16 been
828 3931 76 16 assured
911 3932 46 19 that,
964 3932 20 16 at
994 3936 11 12 a
1012 3934 63 14 recent
1086 3932 38 17 lale
1132 3933 18 17 in
1162 3933 94 18 Australia
1256 3934 5 12 ll

675 3957 40 15 very
727 3952 92 21 improper
837 3951 89 18 influence
940 3956 38 13 wai
992 3953 45 16 used
1051 3955 18 14 to
1084 3955 76 20 prevent
1178 3954 83 22 biddings

675 3974 67 16 •g»imt
750 3974 31 16 tbe
789 3972 107 18 purcliM«r»
903 3973 19 17 of
927 3973 67 17 certain
1003 3974 41 16 lott.

1291 151 85 28 facility
1386 151 26 22 of
1423 152 104 22 selection
1537 152 78 22 should
1630 153 29 22 be
1673 154 100 22 afforded
1787 157 24 19 to
1824 162 53 20 pur-

1292 177 94 22 chasers.
1425 178 74 22 When'
1512 179 37 22 the
1560 180 153 22 Government
1722 185 49 22 gets
1780 180 38 22 the
1828 186 49 17 true

1291 204 121 21 maximum
1413 215 27 5 —
1440 204 49 22 that
1502 206 25 25 is,
1546 206 39 21 the
1600 205 89 27 highest
1698 214 61 19 price
1774 207 103 28 required

1292 230 34 21 for
1341 230 38 22 the
1396 231 52 27 only
1464 239 93 19 purpose
1576 232 54 21 with
1648 231 72 23 which
1739 237 67 17 waste
1823 234 53 22 land

1292 256 69 27 ought
1378 263 52 16 ever
1446 261 22 18 to
1486 258 29 22 be
1534 258 92 22 saddled
1640 259 53 22 with
1709 267 43 19 any
1772 260 58 27 price
1832 272 26 3 —
1859 261 18 21 it

1292 283 70 26 ought
1370 290 25 14 so
1404 286 22 19 to
1435 291 96 18 manage
1544 287 91 20 matters
1649 285 49 22 that
1709 293 31 14 no
1754 286 123 28 purchaser

1292 307 80 24 should
1379 307 29 23 be
1423 308 121 30 compelled
1559 314 22 18 to
1597 311 53 22 take
1666 312 54 21 land
1738 314 26 20 of
1785 313 92 22 inferior

1291 335 84 27 quality
1385 343 24 14 or
1417 337 95 27 position
1520 337 64 22 while
1600 337 62 22 there
1675 345 44 15 was
1735 346 45 20 any
1796 340 25 21 of
1838 340 38 21 the

1292 369 96 19 superior
1398 362 53 23 kind
1461 363 75 22 within
1546 363 74 22 reach.
1649 364 47 22 The
1702 368 90 24 system,
1804 366 73 22 there-

1291 387 54 27 fore,
1355 389 98 27 requires
1463 390 71 28 ample
1543 397 98 20 surveys.
1671 390 145 29 Unsurveyed
1824 392 53 22 land

1291 414 18 21 is
1318 419 39 16 not
1364 415 54 22 land
1427 416 34 21 for
1470 416 37 22 the
1517 423 93 21 purpose
1626 416 26 21 of
1669 416 43 23 this
1727 421 89 24 system,
1833 426 42 20 any

1291 448 59 14 more
1361 441 53 22 than
1423 442 112 27 unpicked
1545 446 74 18 cotton
1629 450 25 14 or
1668 444 139 23 unthrashed
1821 452 54 15 corn

1291 467 17 21 is
1333 467 25 22 fit
1373 467 35 22 for
1424 469 93 22 market.
1560 469 137 27 Practically,
1720 470 36 22 the
1778 475 59 18 want
1853 472 26 22 of

1292 494 71 27 ample
1371 501 91 21 surveys
1470 496 41 21 has
1519 499 38 18 not
1564 496 56 21 been
1627 497 99 26 severely
1732 497 41 22 felt
1784 498 92 27 (though

1291 520 18 21 it
1324 520 37 21 led
1376 521 22 21 in
1418 522 68 21 South
1496 522 113 22 Australia
1625 526 22 17 to
1713 524 72 27 costly
1800 524 76 23 device

1291 547 26 21 of
1582 553 24 16 at
1625 548 36 22 the
1676 550 74 26 public
1767 552 108 26 expense)

1291 573 94 22 because
1393 574 87 22 neither
1490 575 37 22 the
1536 575 97 21 uniform
1646 582 40 15 nor
1696 576 38 21 the
1743 580 65 24 upset
1815 577 61 27 price

1292 599 39 21 has
1340 607 45 20 any
1395 601 71 22 where
1475 601 57 22 been
1542 601 53 27 high
1614 602 86 27 enough
1719 606 22 18 to
1755 603 67 22 make
1835 604 19 21 it
1864 611 13 14 a

1290 630 64 22 great
1362 627 104 28 hardship
1476 628 48 21 that
1533 628 38 22 the
1581 628 54 21 land
1646 629 24 20 of
1679 628 35 22 the
1724 630 47 21 best
1781 629 94 27 position

1291 652 44 22 and
1343 653 82 28 quality
1436 661 44 15 was
1495 658 39 18 not
1548 662 56 20 open
1621 657 22 19 to
1658 656 120 26 puchasers
1784 664 5 18 ;
1804 656 42 22 but
1860 657 20 21 if

1292 686 51 14 ever
1353 680 37 21 the
1399 681 59 26 price
1470 681 78 22 should
1564 682 26 21 be
1606 682 74 21 raised
1694 689 25 14 so
1736 689 26 15 as
1779 686 22 18 to
1817 688 60 17 meet

1291 705 37 21 the
1347 707 65 21 views
1428 708 115 27 expressed
1562 708 28 27 by
1609 708 58 21 Lord
1686 708 97 23 Howick
1801 710 22 21 in
1840 710 36 21 the

1292 732 67 22 South
1379 733 128 23 Australian
1527 734 131 22 Committee
1679 735 25 21 of
1726 736 41 21 last
1786 737 89 26 session,

1292 759 71 27 ample
1383 766 89 21 surveys
1488 761 43 21 will
1545 761 28 22 be
1588 761 171 28 indispensable,
1776 762 24 22 in
1813 762 64 23 order

1292 785 47 21 that
1345 785 62 22 there
1416 794 52 19 may
1477 787 29 22 be
1517 795 13 14 a
1539 787 56 22 wide
1604 788 54 21 field
1666 789 34 20 for
1708 789 85 22 choice.
1823 790 54 21 And

1291 811 53 23 hsre
1354 812 18 22 it
1381 820 51 19 may
1442 814 28 21 be
1487 814 49 21 well
1550 818 23 17 to
1583 815 75 21 notice
1668 819 44 17 two
1722 816 122 26 objections
1853 820 23 17 to

1291 839 55 21 such
1364 846 14 14 a
1395 841 59 25 price
1473 848 25 14 as
1517 841 59 21 Lord
1589 841 97 22 Howick
1701 842 18 21 is
1734 842 109 28 supposed
1854 848 22 16 to

1291 866 153 27 contemplate.
1481 867 46 21 The
1547 868 47 21 first
1613 867 26 27 is,
1658 868 48 21 that
1722 869 54 21 such
1786 876 14 13 a
1808 870 67 26 price,

1292 891 99 23 whether
1399 893 60 21 fixed
1470 900 24 14 or
1501 898 70 23 upset,
1581 894 54 21 land
1650 895 25 21 of
1690 895 91 21 inferior
1791 895 84 27 quality

1292 926 23 13 or
1324 919 93 26 position
1425 920 74 22 would
1509 925 38 17 not
1553 921 47 21 find
1607 921 136 26 purchasers'.
1773 922 65 21 Then
1846 922 31 22 let

1291 945 17 21 it
1317 945 85 22 remain
1409 947 132 26 purchased,
1551 954 23 14 so
1584 947 54 26 long
1648 954 22 14 as
1681 948 62 21 there
1758 948 20 21 is
1794 949 83 22 prefer-

1292 971 47 22 able
1350 972 54 21 land
1413 978 22 16 to
1447 973 45 21 sell.
1522 974 44 22 But
1576 973 64 21 when
1648 974 36 22 the
1691 975 123 27 preferable
1825 975 51 22 land

1292 997 44 22 had
1345 999 55 21 been
1407 999 84 27 bought
1497 1000 44 22 and
1550 1000 128 26 cultivated,
1689 1001 47 22 and
1744 1002 38 21 the
1793 1001 84 22 district

1291 1024 44 22 had
1346 1025 54 21 been
1411 1027 92 25 peopled
1513 1027 42 21 and
1564 1027 118 27 improved,
1693 1027 38 22 the
1741 1028 54 21 land
1804 1028 73 22 which

1291 1051 45 21 had
1346 1051 54 22 been
1409 1055 23 18 at
1447 1053 46 21 first
1509 1053 122 28 neglected,
1649 1055 83 26 though
1747 1055 46 21 still
1810 1060 65 17 waste

1290 1077 66 27 itself,
1372 1079 72 22 would
1460 1086 28 15 no
1506 1080 77 27 longer
1603 1081 27 21 be
1648 1081 23 21 in
1688 1081 38 22 the
1743 1082 68 21 midst
1827 1082 27 21 of
1865 1089 12 14 a

1292 1108 73 22 waste,
1390 1105 38 21 but
1449 1107 71 21 would
1538 1107 57 21 have
1619 1108 105 31 acquired
1748 1116 13 14 a
1785 1109 92 26 position

1292 1132 97 26 superior
1400 1135 21 18 to
1432 1133 48 21 that
1494 1133 25 21 of
1530 1141 42 20 any
1586 1134 56 21 land
1656 1141 23 14 in
1696 1134 36 22 the
1748 1140 74 20 waste,
1835 1135 42 22 and

1291 1157 71 23 would
1372 1158 59 27 then,
1452 1159 73 23 unless
1540 1160 110 22 rendered
1666 1161 82 27 wholly
1762 1161 75 22 sterile
1847 1163 30 26 by

1291 1188 83 23 nature,
1386 1185 59 22 fetch
1455 1187 37 21 the
1503 1187 58 26 price
1571 1187 26 21 of
1609 1187 36 21 the
1654 1187 50 22 best
1713 1188 54 22 land
1777 1189 22 21 in
1812 1193 65 17 waste

1292 1211 94 22 districts
1393 1220 7 19 ;
1410 1213 44 21 and
1463 1213 19 21 if
1489 1220 42 20 any
1538 1213 80 26 wholly
1625 1214 59 20 steril
1694 1215 55 21 land
1765 1215 112 22 remained

1291 1237 34 21 for
1343 1246 52 14 ever
1407 1239 86 27 unsold,
1509 1240 17 21 it
1541 1239 72 22 would
1629 1241 100 21 occasion
1745 1248 30 14 no
1790 1244 86 24 greater

1290 1263 173 25 inconvenience
1470 1266 52 22 than
1534 1266 45 22 that
1588 1266 71 21 which
1665 1267 44 21 had
1716 1268 58 21 been
1783 1267 94 23 decreed

1291 1291 29 26 by
1329 1295 78 18 nature
1423 1292 71 22 under
1513 1300 66 19 every
1597 1293 65 21 mode
1677 1294 25 21 of
1720 1295 155 21 colonization.

1291 1317 48 23 The
1358 1319 83 21 second
1461 1319 108 27 objection
1588 1323 23 17 to
1629 1327 13 13 a
1656 1320 111 22 sufficient
1781 1322 60 26 price
1852 1322 23 25 is,

1292 1345 47 21 that
1347 1345 85 27 though
1442 1346 92 22 suitable
1545 1347 33 21 for
1588 1345 48 22 rich
1646 1346 52 22 soils
1715 1347 72 22 which
1804 1349 73 21 would

1291 1371 66 21 make
1367 1379 12 14 a
1390 1373 60 26 large
1464 1377 74 17 return
1555 1377 22 17 to
1597 1373 80 27 capital
1694 1374 44 22 and
1755 1375 86 26 labour,
1861 1375 17 21 it

1291 1398 73 22 would
1383 1399 26 21 be
1429 1403 37 17 too
1484 1399 52 26 high
1555 1399 35 22 for
1608 1403 64 23 great
1689 1404 51 24 part
1757 1401 25 21 of
1799 1401 55 22 such
1865 1410 12 13 a

1291 1429 94 23 country
1395 1432 24 15 as
1428 1426 117 25 Australia,
1562 1426 73 22 where
1651 1427 36 21 the
1703 1428 59 21 main
1781 1428 97 27 employ-

1291 1455 61 18 ment
1362 1452 25 21 of
1404 1453 80 26 capital
1500 1453 19 21 is
1534 1453 182 28 sheep-fanning,
1735 1455 45 21 and
1797 1457 79 25 where,

1291 1477 22 22 in
1324 1485 60 15 some
1396 1479 94 22 districts
1506 1479 84 22 several
1607 1487 61 14 acres
1684 1488 36 15 are
1737 1481 103 28 required
1856 1486 21 17 to

1292 1505 49 21 feed
1351 1513 14 13 a
1373 1505 74 28 sheep.
1477 1506 54 22 And
1541 1507 44 21 this
1595 1507 110 26 objection
1714 1514 60 16 must
1785 1508 26 21 be
1822 1508 55 27 fully

1292 1531 112 28 admitted,
1444 1533 45 21 But
1503 1533 23 21 in
1539 1533 120 26 admitting
1668 1535 23 26 it,
1710 1535 37 21 the
1761 1538 118 19 statement

1292 1558 39 22 has
1339 1561 23 19 to
1372 1559 25 21 be
1407 1559 66 21 made
1484 1559 47 22 that
1545 1559 88 28 nobody
1646 1561 40 21 has
1703 1569 51 14 ever
1769 1562 108 27 proposed

1292 1589 21 17 to
1322 1589 40 24 put
1371 1592 14 14 a
1394 1586 60 26 price
1465 1594 27 14 on
1504 1586 35 22 the
1550 1594 39 14 use
1606 1587 26 21 of
1648 1589 89 20 natural
1753 1592 124 24 pasturage.

1294 1613 53 19 That
1358 1612 70 27 might
1436 1613 29 21 be
1472 1613 92 27 granted
1574 1613 33 21 for
1623 1615 99 26 nothing,
1745 1622 24 14 as
1786 1615 28 21 all
1825 1616 52 21 land

1291 1639 54 21 used
1355 1643 22 17 to
1387 1639 34 26 be,
1432 1639 41 21 but
1482 1640 23 21 in
1513 1640 61 21 strict
1583 1642 126 25 proportion
1724 1645 23 18 to
1764 1642 37 21 the
1817 1643 60 21 stock

1291 1665 54 28 kept
1362 1666 30 27 by
1410 1666 38 21 the
1466 1671 96 22 grantee,
1581 1667 45 21 and
1646 1676 28 13 on
1697 1669 112 21 condition
1830 1669 49 21 that

1292 1693 115 21 whenever
1423 1693 102 27 anybody
1542 1693 88 23 wanted
1644 1697 22 19 to
1686 1695 45 27 buy
1750 1702 43 19 any
1809 1695 26 21 of
1853 1696 23 26 it,

1292 1719 47 22 that
1348 1719 88 28 portion
1451 1720 76 22 should
1534 1721 29 21 be
1573 1721 104 22 resumed
1727 1723 39 20 the
1778 1722 100 22 Govern-

1292 1750 62 18 ment
1364 1746 33 21 for
1404 1746 53 26 sale,
1468 1747 91 21 without
1569 1754 56 15 even
1637 1756 12 13 a
1658 1749 110 26 tendency
1776 1752 21 18 to
1806 1749 74 21 defeat

1292 1773 37 21 the
1339 1773 75 27 object
1424 1773 25 21 of
1460 1773 100 28 insisting
1576 1781 28 14 on
1616 1782 14 14 a
1637 1776 61 26 price
1708 1776 33 21 for
1752 1783 67 20 every
1828 1783 49 15 acre

1292 1799 102 26 acquired
1405 1806 24 14 as
1437 1806 130 21 permanent
1576 1805 111 24 property.

1318 1827 47 21 The
1376 1826 49 22 fifth
1436 1827 109 21 condition
1556 1834 51 20 was,
1619 1829 53 26 that,
1684 1828 111 22 whatever
1807 1829 72 27 might

1291 1853 27 21 be
1330 1853 36 21 the
1378 1853 59 26 price
1447 1853 43 21 and
1499 1853 35 22 the
1545 1854 66 22 mode
1623 1855 25 21 of
1664 1855 51 27 sale,
1734 1856 54 21 both
1799 1856 79 22 should

1292 1880 33 21 be*
1329 1879 86 28 applied
1432 1880 119 27 uniformly
1567 1885 23 17 to
1606 1881 29 22 all
1650 1886 59 23 parts
1726 1883 27 20 of
1769 1890 13 14 a.
1800 1883 79 27 colony

1292 1907 44 21 and
1346 1911 21 17 to
1379 1906 27 22 all
1417 1907 38 21 the
1466 1907 94 22 colonies
1572 1908 26 21 of
1609 1916 44 19 any
1660 1916 78 20 group.
1769 1909 48 22 One
1825 1909 53 28 plan

1292 1933 21 21 in
1325 1940 42 15 one
1377 1933 70 27 place,
1457 1934 41 21 and
1509 1935 92 21 another
1616 1935 23 21 in
1655 1936 92 21 another
1762 1936 62 27 place
1842 1942 38 16 not

1292 1959 34 22 far
1345 1961 36 26 off,
1400 1967 56 14 were
1475 1968 48 14 sure
1543 1966 21 16 to
1585 1965 128 19 counteract
1734 1963 53 21 each
1809 1963 69 21 other.

1292 1986 52 22 This
1353 1988 18 20 is
1380 1994 23 14 so
1414 1987 90 21 obvious
1515 1994 21 15 as
1546 1988 99 27 scatcely
1659 1993 22 17 to
1699 1989 96 28 require'
1805 1991 75 25 expla-

1293 2014 86 25 nation;
1397 2017 38 22 yet
1454 2013 23 21 in
1496 2014 36 21 the
1548 2015 54 26 only
1616 2022 70 21 group
1701 2016 25 21 of
1743 2017 98 21 colonies
1860 2017 18 21 in

1292 2039 71 22 which
1375 2039 36 22 the
1421 2040 64 21 mode
1495 2041 25 21 of
1538 2041 52 25 sale,
1608 2041 52 22 with
1677 2050 14 13 a
1709 2043 57 21 view
1776 2045 21 19 to
1808 2043 71 21 immi-

1291 2066 94 27 gration,
1397 2066 39 22 has
1445 2067 56 21 been
1511 2067 55 22 tried
1576 2072 24 17 at
1609 2068 37 26 all,
1663 2069 17 21 it
1696 2069 40 21 lias
1751 2069 56 21 been
1825 2071 55 21 tried

1292 2093 70 21 under
1378 2100 12 14 a
1410 2094 82 26 variety
1513 2094 26 21 of
1559 2095 163 22 modifications
1739 2100 23 17 at
1773 2095 36 22 the
1819 2104 60 14 same

1292 2119 60 21 time.

1320 2146 47 22 The
1377 2146 58 22 sixth
1445 2147 110 22 condition
1573 2156 51 17 was,
1640 2149 122 28 supposing
1776 2149 36 21 the
1831 2150 49 21 uni-

1293 2172 55 22 form
1368 2180 24 14 or
1407 2177 64 24 upset
1567 2179 23 17 to
1609 2175 28 21 be
1833 2177 47 21 that

1292 2199 56 22 sales
1367 2203 22 18 to
1408 2208 63 14 come
1491 2201 78 23 should
1590 2201 28 22 be
1638 2203 137 27 anticipated
1794 2203 29 27 by
1844 2203 36 22 the

1292 2227 81 26 raising
1384 2227 25 21 of
1414 2227 61 22 loans
1486 2235 27 14 on
1524 2228 37 22 the
1571 2229 95 26 security
1682 2229 24 22 of
1724 2230 75 22 future
1816 2230 62 27 sales,

1292 2253 44 22 and
1356 2254 36 21 the
1407 2261 40 14 use
1466 2254 25 21 of
1512 2255 36 21 the
1567 2256 108 27 proceeds
1692 2257 25 21 of
1738 2256 55 22 such
1817 2257 63 22 loans

1293 2280 86 27 applied
1387 2288 24 14 as
1421 2288 13 14 a
1443 2280 57 23 fund
1515 2282 34 21 for
1565 2283 138 26 emigration.
1738 2283 55 22 This
1809 2284 19 21 is
1846 2291 34 14 re-

1293 2307 76 27 quired
1388 2308 33 20 for
1440 2315 14 13 a
1472 2316 48 14 new
1540 2310 86 26 colony,
1651 2309 96 23 because
1773 2310 38 22 the
1835 2311 46 21 first

1294 2334 117 27 emigrants
1421 2335 44 21 will
1481 2335 75 27 hardly
1570 2335 50 28 give
1637 2336 37 22 the
1692 2337 112 21 sufficient
1821 2339 59 26 price

1295 2360 107 26 (whether
1412 2365 65 24 upset
1486 2370 24 13 or
1519 2363 107 26 uniform)
1639 2363 56 22 until
1705 2364 39 21 the
1755 2364 125 22 settlement

1292 2387 25 26 is,
1336 2388 23 21 in
1378 2395 61 15 some
1458 2396 107 21 measure,
1585 2389 105 28 peopled;
1706 2390 47 22 and
1771 2391 19 21 it
1804 2391 28 23 is;
1837 2391 43 22 still

1293 2422 60 14 more
1363 2415 102 26 required
1475 2415 35 22 for
1517 2416 36 22 old
1564 2417 102 26 colonies,
1678 2417 95 22 because
1781 2417 24 21 in
1815 2425 65 21 every

1293 2448 41 14 one
1345 2442 26 22 of
1381 2442 61 21 them
1453 2443 37 21 the
1501 2442 117 23 discarded
1626 2443 53 28 plan
1690 2445 23 21 of
1725 2444 107 28 granting
1841 2445 39 22 has

1293 2468 79 22 caused
1381 2469 56 21 such
1447 2476 27 15 an
1486 2477 75 15 excess
1572 2470 27 21 of
1614 2470 54 22 land
1680 2471 22 21 in
1719 2472 127 27 proportion
1858 2475 21 18 to

1291 2495 84 27 people,
1384 2495 55 26 that,
1449 2500 78 23 except
1536 2497 35 21 for
1586 2498 84 21 certain
1686 2497 38 22 old
1743 2506 99 14 reserves
1857 2506 24 14 or

1292 2522 119 27 peculiarly
1431 2523 87 28 eligible
1537 2526 65 25 spots,
1623 2524 62 22 there
1704 2525 76 22 would
1797 2525 29 22 be
1851 2533 29 14 no

1291 2549 129 25 purchasers
1428 2553 23 18 at
1460 2550 37 22 the
1505 2551 112 21 sufficient
1625 2551 61 27 price
1695 2551 58 22 until
1765 2552 37 21 the
1813 2560 67 20 popu-

1292 2575 68 23 lation
1371 2576 24 21 of
1408 2576 37 22 the
1456 2577 80 27 colon}'
1543 2585 44 14 was
1595 2578 155 28 considerably
1758 2579 121 22 increased.

1292 2601 23 22 It
1324 2603 39 21 has
1378 2603 55 22 been
1450 2604 100 27 objected
1568 2608 24 18 to
1608 2604 53 22 such
1679 2605 63 22 loans
1761 2605 49 22 that
1828 2605 52 28 they

1293 2629 72 22 would
1381 2629 97 23 burthen
1498 2631 38 21 the
1555 2630 80 28 colony
1655 2631 54 22 with
1729 2632 59 22 debt.
1828 2633 50 21 And

1291 2655 59 23 what
1360 2657 51 21 then
1418 2657 9 21 ?
1464 2658 47 21 The
1525 2657 116 28 incurring
1656 2659 26 21 of
1693 2658 54 22 debt
1756 2659 34 21 for
1800 2666 13 14 a
1822 2660 58 26 good

1292 2683 79 27 object,
1391 2684 37 21 the
1447 2684 127 29 borrowing
1592 2685 25 21 of
1635 2692 80 21 money
1731 2686 54 21 with
1799 2693 13 14 a
1825 2687 55 21 view

1324 2710 70 27 profit,
1405 2711 18 21 is
1435 2718 23 15 as
1468 2711 122 27 legitimate
1600 2718 14 14 a
1622 2719 76 15 course
1710 2713 27 21 of
1748 2713 132 28 proceeding

1291 2737 34 21 for
1336 2738 165 22 Governments
1516 2746 24 14 as
1556 2739 36 21 for
1609 2738 145 27 individuals,
1773 2740 108 27 provided

1294 2763 35 22 the
1339 2764 115 22 borrowed
1463 2772 80 21 money
1553 2765 21 21 is
1584 2765 46 21 laid
1639 2768 39 19 out
1687 2773 23 14 so
1730 2773 24 14 as
1769 2770 22 17 to
1806 2766 74 23 insure

1292 2790 37 22 the
1340 2798 76 15 means
1426 2791 25 22 of
1461 2792 29 22 its
1499 2795 131 24 repayment
1642 2793 52 21 with
1711 2793 66 27 profit
1786 2793 93 23 besides.

1294 2817 62 26 Now,
1367 2818 20 22 if
1398 2819 37 21 the
1447 2819 153 22 Government
1609 2819 94 28 peopled
1713 2821 29 20 its
1757 2820 54 21 land
1826 2821 53 27 first,

1294 2844 42 22 and
1345 2845 48 22 sold
1403 2845 18 22 it
1431 2846 135 26 afterwards,
1586 2845 19 22 it
1619 2846 73 22 would
1706 2847 28 21 be
1750 2847 49 21 able
1808 2850 23 18 to
1841 2848 39 21 sell

1293 2871 17 21 it
1318 2871 34 22 for
1361 2880 13 14 a
1382 2877 65 22 great
1456 2873 47 21 deal
1515 2880 61 14 more
1588 2873 52 21 than
1658 2873 22 21 if
1696 2873 19 22 it
1731 2873 48 22 sold
1795 2875 17 20 it
1828 2874 51 28 first,

1293 2897 43 22 and
1344 2899 95 27 peopled
1447 2899 19 22 it
1480 2899 135 22 afterwards.
1653 2900 55 21 This
1726 2901 19 21 is
1760 2901 82 27 proved
1851 2902 29 27 by

1293 2924 36 22 the
1339 2930 62 22 great
1410 2926 45 22 and
1463 2927 64 27 rapid
1532 2927 98 22 increase
1637 2927 23 21 in
1672 2927 36 22 the
1720 2928 87 21 market
1817 2928 63 22 value

1294 2951 24 22 of
1338 2951 54 23 land
1411 2953 48 22 that
1477 2954 125 27 invariably
1622 2954 63 21 takes
1705 2954 62 27 place
1786 2954 26 21 in
1830 2961 49 16 new

1293 2978 135 23 settlements
1447 2980 72 22 which
1534 2983 81 19 attract
1632 2981 137 27 population.
1809 2982 25 21 If
1844 2982 36 21 the

1294 3005 152 23 Government
1455 3007 64 22 could
1529 3007 67 28 begin
1606 3007 29 28 by
1646 3007 78 28 taking
1734 3008 77 28 people
1823 3012 21 18 to
1854 3010 26 20 its

1292 3032 53 22 land
1356 3033 90 22 without
1455 3035 139 27 borrowing,,
1599 3034 47 21 that
1656 3035 76 21 would
1743 3036 24 21 be
1780 3035 36 21 the
1833 3035 48 22 best

1294 3066 85 20 course;
1396 3061 41 20 but
1445 3062 35 19 the
1492 3062 136 20 Government
1638 3063 39 19 has
1684 3069 27 13 no
1719 3062 92 26 capital.'
1833 3062 47 22 The

1292 3085 119 24 advocates
1421 3087 23 22 of
1457 3088 62 23 loans
1527 3089 35 22 for
1578 3088 131 27 emigration
1725 3093 23 17 to
1764 3089 28 21 be
1808 3088 72 22 raised

1293 3120 27 14 on
1332 3113 36 22 the
1378 3115 91 27 securit3
1484 3115 25 22 of
1519 3115 73 22 future
1602 3116 56 21 sales
1670 3115 25 22 of
1710 3115 62 26 land,
1789 3122 90 20 propose

1293 3139 53 28 only
1355 3140 48 22 that
1413 3141 37 22 the
1459 3142 108 27 powerful
1576 3142 36 21 aid
1623 3142 26 21 of
1660 3142 82 26 capital
1759 3142 79 21 should
1852 3142 28 21 be

1291 3167 96 27 brought
1397 3170 22 19 to
1430 3168 36 22 the
1477 3169 59 22 work
1548 3170 26 21 of
1585 3168 154 27 colonization,
1767 3168 65 27 They
1840 3175 39 21 say

1292 3196 23 18 to
1338 3194 48 25 the.
1399 3195 142 28 Goverment,
1569 3195 50 22 take
1644 3196 104 26 example
1764 3195 59 22 from
1842 3195 37 22 the

1291 3221 165 23 manufacturer
1465 3222 25 22 of
1504 3226 83 23 cotton,
1607 3222 47 21 who
1670 3222 47 27 lays
1736 3226 37 17 out
1787 3221 34 22 his
1831 3229 47 14 own

1292 3254 25 14 or
1326 3254 13 14 a
1348 3247 115 24 borrowed
1473 3249 79 28 capital
1562 3249 24 22 in
1595 3249 103 26 building
1708 3256 13 14 a
1731 3249 92 26 factoiy,
1835 3249 44 21 and

1291 3275 117 27 providing
1422 3275 18 22 it
1456 3276 50 21 with
1522 3275 129 27 machinery
1661 3276 44 21 and
1716 3282 44 15 raw
1770 3275 107 27 material,

1292 3301 120 28 reckoning
1421 3309 31 18 on,
1465 3303 36 21 the
1517 3309 87 21 powers
1616 3302 25 21 of
1657 3302 133 27 production
1808 3302 70 21 which

1292 3327 37 21 the
1338 3335 38 14 use
1387 3329 25 21 of
1419 3329 79 28 capital
1508 3330 69 27 gives,
1589 3335 24 15 as
1623 3336 14 14 a
1645 3335 79 15 means
1735 3329 24 22 of
1766 3329 113 27 replacing

1292 3354 33 21 his
1334 3354 135 23 investment
1478 3357 50 21 with
1538 3356 74 28 profit.
1647 3356 46 21 But
1709 3356 168 26 Governments,

1291 3381 18 21 it
1319 3388 50 21 may
1378 3382 29 21 be
1419 3383 74 27 urged,
1503 3390 38 15 are
1549 3390 25 15 so
1583 3382 99 23 wasteful
1693 3383 23 21 in
1728 3382 58 22 their
1796 3383 81 26 outlay,

1292 3407 44 22 and
1345 3416 24 13 so
1377 3412 39 24 apt
1426 3413 23 18 to
1463 3410 28 21 be
1506 3414 145 22 extravagant
1671 3408 65 23 wlien
1751 3410 53 26 they
1822 3409 57 22 have

1292 3434 101 23 facilities
1404 3436 25 21 of
1438 3436 138 28 borrowing?
1613 3436 48 22 The
1680 3443 88 15 answer
1785 3436 26 26 is,
1832 3436 48 21 that

1292 3461 37 21 the
1338 3462 101 22 business
1449 3463 25 21 of
1477 3463 78 28 laying
1565 3467 39 18 out
1611 3470 83 20 money
1705 3470 28 14 on
1740 3462 137 27 emigration,

1292 3487 46 22 and
1369 3489 117 22 afterward
1508 3490 80 26 selling
1609 3493 68 18 waste
1701 3490 54 21 land
1780 3491 38 24 (on
1840 3489 46 22 the-

1292 3515 98 26 simplest
1399 3516 70 27 plan,)
1479 3524 52 20 may
1541 3517 28 21 be
1579 3516 65 22 made
1654 3523 14 14 a
1677 3516 63 21 work
1748 3516 26 21 of
1783 3516 94 27 routine,

1292 3541 46 22 and
1347 3549 23 14 so
1380 3543 100 26 guarded
1490 3544 29 27 by
1527 3543 116 28 publicity,
1654 3546 6 8 r
1663 3543 46 21 and
1727 3543 63 21 other
1800 3543 80 22 checks

1292 3571 22 18 to
1329 3572 169 24 extravagance,
1517 3577 24 14 as
1556 3574 23 17 to
1595 3569 106 27 preclude
1714 3569 32 21 all
1760 3569 88 27 danger,
1857 3570 26 21 of

1292 3598 72 19 waste.
1402 3596 92 28 Indeed,
1513 3596 131 28 experience
1654 3595 19 22 is
1683 3596 93 21 here'on
1786 3595 38 22 the
1833 3596 47 22 side

1292 3621 25 22 of
1338 3623 61 21 those
1419 3623 49 22 who
1484 3628 92 23 propose
1597 3623 47 21 that
1664 3622 48 26 the.
1727 3623 154 22 Government

1292 3648 79 23 should
1380 3656 39 15 use
1431 3657 12 13 a
1452 3650 79 27 capital
1540 3650 24 21 in
1572 3649 125 26 colonizing
1703 3656 14 14 a
1723 3648 60 27 large
1790 3654 91 17 amount

1292 3675 25 21 of
1327 3675 37 22 the
1374 3676 106 27 proceeds
1489 3677 26 21 of
1526 3676 38 21 the
1574 3675 57 22 sales
1646 3676 26 21 of
1689 3680 68 17 waste
1772 3675 51 22 land
1841 3676 39 23 has

1291 3701 57 22 been
1367 3703 116 27 expended
1496 3710 29 14 on
1541 3702 132 27 emigration
1682 3703 72 20 under
1762 3702 38 22 the
1811 3703 70 22 direc-

1292 3729 47 21 tion
1362 3729 26 22 of
1413 3730 161 25 Government,
1599 3729 45 21 and
1668 3729 55 21 with
1743 3729 138 24 remarkable

1292 3762 85 15 success
1388 3763 24 14 as
1421 3760 96 23 respects
1525 3755 56 22 both
1589 3762 109 21 economy
1704 3755 44 22 and
1755 3756 127 29 well-doing

1292 3782 25 21 of
1327 3783 37 20 the
1374 3790 136 20 passengers.
1539 3782 46 22 But
1600 3781 95 22 another
1710 3783 99 27 objector
1823 3791 57 21 says,

1291 3809 21 21 if
1323 3808 36 23 the
1378 3809 150 22 Government
1547 3809 41 21 has
1604 3812 43 18 two
1663 3809 68 22 much
1748 3817 80 21 money
1847 3812 35 21 for

1292 3835 138 28 emigration,
1440 3836 19 21 it
1468 3835 44 22 will
1521 3835 58 22 send
1588 3839 38 18 out
1636 3838 36 19 too
1683 3843 69 21 many
1761 3837 119 28 labourers,

1291 3861 43 23 and
1345 3862 61 22 there
1418 3862 43 22 will
1470 3862 27 22 be
1507 3862 105 26 suffering
1621 3862 35 22 for
1665 3866 62 19 want
1739 3864 26 21 of
1784 3864 98 28 employ-

1292 3892 67 23 ment,
1389 3888 60 28 Why
1458 3888 80 23 should
1548 3889 38 21 the
1597 3889 155 23 Government
1763 3898 53 14 ever
1825 3894 56 19 have

1479 3923 83 20 money
1581 3916 35 21 for
1633 3917 150 26 emigration?-

1291 3941 78 23 should
1388 3943 19 21 it
1425 3949 52 15 ever
1494 3943 85 22 borrow
1596 3950 62 15 more
1677 3943 55 22 than
1752 3944 88 27 enough
1860 3949 22 18 to

1290 3969 77 28 supply
1377 3969 56 24 from
1445 3969 52 22 tima
1506 3972 20 19 to
1545 3970 52 21 time
1615 3969 36 24 the
1667 3969 139 24 ascertained
1823 3975 59 19 want

1903 157 26 20 of
1937 156 80 22 labour
2025 157 24 21 in
2056 157 36 21 the
2108 158 97 22 colonies
2220 162 24 18 to
2261 158 71 23 which
2348 159 37 22 the
2393 176 4 5 .
2404 163 83 24 system

1904 189 43 15 was
1956 183 103 27 applied?
2096 184 56 21 And
2169 191 57 15 even
2243 184 22 22 if
2279 184 38 22 the
2335 186 153 22 Government

1899 216 61 14 •were
1971 216 23 14 so
2004 211 93 21 careless
2105 217 23 14 as
2136 214 23 18 to
2169 211 92 21 commit
2265 211 59 23 .such
2333 219 76 19 errors,
2425 212 61 22 there

1903 235 19 21 is
1932 242 78 15 reason
2052 236 85 22 believe
2147 237 49 21 that
2205 244 30 14 an
2243 244 76 14 excess
2330 238 24 21 of
2369 238 118 28 labouring

1903 261 131 26 emigration
2049 261 89 28 beyond
2157 263 36 21 the
2212 267 70 18 wants
2298 263 25 22 of
2340 264 37 22 the
2393 264 93 23 colonies

1903 287 73 22 would
1985 287 28 22 be
2023 289 156 27 accompanied
2189 289 31 27 by
2230 296 29 14 an
2267 293 91 18 amount
2368 291 25 21 of
2408 291 78 27 capital

1903 314 111 22 sufficient
2023 319 23 17 to
2057 315 87 27 employ
2155 316 37 21 the
2202 315 88 28 capital.
2327 317 48 21 The
2394 317 93 27 emigra-

1905 340 45 22 tion
1960 340 27 22 of
1997 340 77 22 labour
2084 348 70 15 seems
2164 341 82 28 always
2256 347 21 16 to
2290 342 49 27 give
2350 343 99 22 occasion
2465 348 22 17 to

1904 367 37 21 the
1960 368 129 26 emigration
2114 368 26 21 of
2163 368 93 27 capital;
2284 369 21 21 if
2329 376 13 14 a
2365 369 124 26 shipowner

1905 393 86 27 trading
2000 397 23 18 to
2032 401 45 20 any
2087 395 26 20 of
2123 394 37 22 the
2169 394 106 22 southern
2294 394 95 23 colonies
2399 402 40 15 can
2449 396 39 22 but

1903 418 31 22 fill
1945 420 35 21 his
1987 423 97 25 steerage
2092 420 52 22 with
2152 428 127 20 passengers
2289 422 26 20 of
2326 421 35 22 the
2372 421 117 28 labouring

1904 445 62 27 class,
1978 446 27 22 he
2014 446 19 22 is
2043 451 73 24 pretty
2126 454 48 15 sure
2186 448 26 20 of
2222 447 88 27 finding
2321 451 119 24 occupants
2454 448 36 22 for

1905 472 36 21 the
1952 473 76 21 cabins
2036 481 6 19 ;
2058 474 45 21 and
2122 474 42 21 this
2184 474 73 21 would
2273 474 27 21 be
2316 474 43 22 still
2375 481 61 15 more
2453 475 35 21 in-

1905 498 97 27 variably
2013 500 36 21 the
2060 507 49 15 case
2126 500 21 21 if
2157 500 37 22 the
2204 500 79 22 labour
2292 500 129 27 emigration
2433 508 56 14 were

1903 531 61 14 more
1974 530 101 17 constant
2085 527 43 21 and
2138 534 61 14 more
2210 526 69 27 easily
2289 526 106 27 foreseen,
2408 535 28 13 so*
2442 527 48 21 that

1904 551 119 26 capitalists
2033 552 79 23 should
2123 554 27 21 be
2158 561 62 14 more
2235 554 84 21 certain
2336 554 25 21 of
2378 554 112 27 obtaining

1905 575 76 24 labour
1990 585 28 14 on
2028 578 56 22 their
2094 580 78 21 arrival
2182 580 24 21 in
2216 580 37 21 the
2269 580 87 26 colony.
2395 580 12 21 I
2423 580 66 22 know

1905 604 26 21 of
1942 611 29 14 no
1981 604 62 21 other
2053 605 108 27 objection
2171 609 23 18 to
2204 606 38 22 the
2249 607 122 27 borrowing
2378 606 26 22 of
2409 613 81 21 money

1905 629 32 22 for
1957 630 129 27 emigration
2105 639 28 15 on
2209 632 70 27 single
2295 636 95 24 security
2407 633 26 21 of
2452 633 37 21 the

1903 656 129 23 land-sales.
2070 658 44 21 But
2126 662 23 18 at
2165 659 29 21 all
2206 663 83 23 events,
2300 659 43 22 this
2353 660 18 21 is
2382 666 23 15 so
2416 666 74 15 essen-

1905 683 62 27 tially
1985 687 50 23 part
2049 684 26 21 of
2092 684 37 22 the
2148 688 82 22 system
2248 686 115 27 originally
2382 686 109 28 proposed

1905 709 29 27 by
1945 717 43 19 me,
1999 710 54 26 that,
2072 710 20 22 if
2108 712 29 21 all
2151 713 36 21 the
2202 711 68 22 other
2281 712 121 22 conditions
2418 713 24 21 of
2461 713 29 21 its

1905 736 99 28 working
2013 737 48 22 well
2071 737 44 22 had
2131 739 59 22 been'
2204 738 103 26 adopted,
2326 739 10 21 I
2351 739 79 22 should
2445 740 44 21 still

1904 769 39 21 say
1953 763 49 22 that
2010 763 18 22 it
2038 764 44 21 had
2093 768 40 17 not
2143 765 56 22 been
2209 764 66 27 fairly
2285 765 62 21 tried.

1931 800 48 22 The
1988 801 93 22 seventh
2095 802 45 21 and
2154 802 43 21 last
2207 801 112 22 condition
2328 809 51 19 was,
2395 802 47 21 that
2451 802 38 22 the

1905 826 71 22 whole
1993 830 81 23 system
2084 827 79 22 should
2175 829 27 21 be
2213 828 66 26 fixed,
2295 835 24 14 or
2328 830 22 19 at
2360 829 55 20 least
2423 835 23 14 so
2456 829 35 20 far

1905 853 59 21 fixed
1974 860 24 14 as
2008 858 39 17 not
2061 857 21 19 to
2091 855 28 21 be
2129 855 66 21 liable
2207 858 21 18 to
2240 854 84 27 change
2340 855 22 21 in
2374 862 42 19 any
2427 855 24 21 of
2462 855 29 21 it*

1904 880 98 21 material
2023 883 59 24 parts
2101 881 93 22 without
2212 880 75 29 public
2307 881 118 21 discussion
2446 881 42 22 and

1906 906 72 27 ample
1989 907 79 21 notice.
2093 907 10 22 I
2112 907 240 27 cannotimaginehow
2360 907 43 22 this
2413 907 80 22 should

1904 932 29 21 be
1943 933 57 21 done
2016 936 78 25 except
2107 935 29 26 by
2147 939 36 22 a,ct
2192 935 27 21 of
2232 934 141 22 Parliament.
2404 935 30 20 At
2441 941 50 20 pre-

1905 961 49 19 sent
1963 960 130 27 everything
2101 961 18 21 is
2127 961 24 21 in
2162 968 14 15 a
2184 964 57 18 state
2251 961 25 20 of
2289 961 146 26 uncertainty,
2451 964 41 18 not

1906 989 21 17 to
1938 993 39 20 say
1987 986 26 21 of
2017 987 114 27 perpetual
2142 988 93 25 change.
2260 987 96 26 Nobody
2367 987 125 22 concerned

1905 1012 23 21 in
1939 1013 37 21 the
1988 1016 80 18 matter
2077 1020 71 16 seems
2161 1017 22 19 to
2194 1014 66 21 know
2271 1014 58 21 what
2342 1014 19 21 is
2372 1013 32 22 his
2413 1021 79 20 proper

1904 1038 107 27 business,
2029 1039 44 22 and
2091 1041 42 21 still
2151 1041 42 21 less
2204 1040 58 21 what
2279 1048 51 19 may
2343 1040 86 29 happen
2439 1040 24 22 in
2480 1049 13 13 a

1905 1067 80 21 month
1995 1066 52 22 with
2062 1070 86 25 respect
2162 1070 21 19 to
2202 1074 42 20 any
2254 1070 51 22 part
2314 1067 24 21 of
2352 1067 37 21 the
2400 1067 91 27 subject.

1906 1092 32 22 At
1947 1100 41 14 one
1998 1093 54 21 time
2063 1093 37 22 the
2110 1094 115 27 Secretary
2235 1093 25 22 of
2274 1094 60 21 Stale
2352 1093 139 28 determines,

1906 1119 45 22 and
1961 1120 37 21 the
2009 1120 115 22 Governor
2134 1121 56 21 finds
2201 1128 60 14 some
2275 1127 78 15 reason
2364 1121 35 21 for
2409 1120 83 22 declin-

1905 1146 39 27 ing
1961 1150 22 18 to
2000 1149 36 19 act
2050 1154 27 14 on
2089 1147 37 21 the
2141 1147 130 23 instruction
2281 1155 4 4 -
2278 1163 7 15 }
2302 1151 22 17 at
2340 1147 98 26 another,
2455 1147 37 22 the

1907 1173 117 21 Governor
2039 1174 76 21 makes
2133 1182 12 13 a
2154 1175 52 27 plan
2223 1174 25 21 of
2261 1173 35 22 his
2312 1181 56 19 own,
2385 1173 71 22 which
2473 1174 19 22 is

1906 1203 86 18 overset
2007 1200 30 27 by
2046 1200 35 22 the
2098 1202 115 26 Secretary
2228 1200 23 22 of
2265 1201 67 21 State.
2362 1201 130 21 Sometimes

1906 1226 183 22 Commissioners
2108 1235 36 14 are
2164 1231 21 18 to
2202 1228 29 21 do
2247 1227 137 26 everything,
2402 1227 37 21 the
2450 1227 41 21 Co-

1904 1251 70 23 lonial
1985 1253 76 26 Office,
2072 1257 54 18 next
2136 1254 37 22 the
2184 1253 67 23 Local
2262 1254 173 25 Governments;
2447 1253 45 23 and

1906 1278 110 23 decisions
2030 1280 26 20 of
2067 1281 36 21 the
2117 1283 84 19 utmost
2219 1287 152 20 consequence
2386 1286 36 15 are
2439 1287 52 14 con-

1905 1305 94 27 tinually
2010 1306 64 21 made
2091 1314 23 14 as
2127 1307 89 27 lightly,
2232 1307 46 21 and
2293 1307 52 21 with
2356 1314 24 14 as
2392 1306 56 22 little
2458 1314 34 14 re-

1906 1332 143 27 sponsibility,
2061 1340 24 14 as
2091 1333 21 21 if
2115 1334 88 26 nobody
2211 1333 44 22 had
2261 1341 28 13 an
2297 1333 90 21 interest
2392 1333 22 21 in
2423 1333 67 22 them.

1907 1358 26 21 In
1944 1366 43 14 one
1994 1359 127 22 settlement
2127 1361 78 26 to-day
2213 1360 52 27 they
2275 1359 39 23 sell
2322 1361 28 25 by
2362 1359 98 28 auction;
2468 1360 22 22 in

1906 1385 93 22 another
2006 1386 57 21 close
2070 1387 36 26 by,
2117 1390 23 18 at
2146 1387 37 21 the
2190 1387 97 21 uniform
2292 1387 59 26 price
2359 1390 132 18 to-morrow.

1907 1411 68 22 What
1990 1413 87 26 portion
2093 1413 26 22 of
2130 1413 36 22 the
2182 1413 108 28 proceeds
2301 1413 25 21 of
2339 1412 119 23 land-sales
2473 1413 18 22 i
2499 1411 7 30 3

1907 1438 95 22 devoted
2009 1442 22 18 to
2037 1439 148 28 immigration
2194 1440 70 22 varies
2271 1439 137 27 continually
2416 1446 75 21 every-

1907 1464 78 23 where.
2016 1467 32 21 As
2060 1470 20 18 to
2092 1474 67 20 many
2170 1467 79 28 points,
2261 1467 37 21 the
2308 1467 109 26 language
2425 1466 25 21 of
2457 1474 34 14 re-

1905 1492 111 26 gulations
2026 1493 19 21 is
2053 1500 22 14 so
2087 1501 69 20 vague
2167 1501 24 15 as
2199 1497 21 18 to
2230 1493 70 22 admit
2310 1493 24 21 of
2349 1493 102 22 different
2456 1493 35 21 in-

1908 1521 159 25 terpretations,
2079 1521 42 21 and
2131 1521 128 21 sometimes
2270 1524 21 18 to
2301 1520 89 22 behard
2402 1524 21 16 to
2433 1527 60 14 com-

1907 1545 106 27 prehend.
2043 1547 151 26 Distinctness,
2213 1546 136 27 uniformity,
2362 1546 69 26 order,
2448 1547 46 21 and

1906 1573 98 26 stability
2020 1580 37 14 are
2075 1573 79 23 almost
2170 1573 83 27 utterly
2263 1574 98 26 wanting;
2375 1574 22 20 in
2416 1573 79 21 almost

1907 1606 66 20 every
1982 1600 123 26 particular.
2131 1600 143 27 Considering
2282 1601 35 20 the
2328 1599 165 27 unwillingness

1906 1625 25 21 of
1937 1630 58 17 most
2002 1634 50 14 men
2063 1631 21 17 to
2091 1628 92 21 embark
2191 1627 58 21 their
2253 1627 99 21 fortunes
2363 1634 22 14 in
2395 1634 13 13 a
2418 1633 76 15 career

1907 1652 70 22 which
1993 1653 80 27 hardly
2083 1654 81 22 admits
2177 1654 27 22 of
2217 1653 143 23 calculations
2378 1659 23 15 as
2417 1656 21 18 to
2454 1653 38 22 the

1906 1678 74 22 future
1995 1687 24 14 or
2033 1680 36 22 the
2084 1684 93 23 present,
2195 1681 38 21 the
2247 1681 87 21 wonder
2350 1679 25 27 is,
2392 1684 38 17 not
2446 1680 47 21 that

1906 1712 61 15 more
1977 1706 40 22 has
2031 1710 39 18 not
2084 1708 56 21 been
2154 1708 57 21 done
2222 1707 53 21 with
2289 1707 37 21 the
2336 1714 49 14 new
2395 1706 64 22 mode
2470 1707 25 21 of

1907 1732 156 28 colonization,
2081 1734 42 22 but
2141 1734 48 22 that
2207 1741 34 17 so.
2245 1733 67 22 much
2329 1733 40 22 has
2383 1733 58 22 been
2457 1740 36 14 ac-

1908 1760 143 27 compiished.

1934 1791 47 22 The
1998 1799 63 20 array
2072 1792 26 21 of
2109 1792 161 28 requirements
2284 1792 19 21 is
2315 1792 68 21 much
2395 1791 45 22 less
2448 1792 46 21 for-

1907 1817 98 22 midable
2014 1818 51 21 than
2077 1819 17 21 it
2103 1826 92 20 appears
2206 1823 22 17 at
2237 1818 46 22 first
2293 1818 70 28 sight;
2380 1825 23 14 as
2413 1818 43 21 will
2465 1818 28 21 be

1907 1845 106 21 manifest
2022 1849 22 18 to
2056 1845 61 22 those
2126 1846 47 21 who
2182 1846 92 21 observe
2281 1845 48 22 that
2334 1852 13 15 a
2357 1845 137 27 compliance

1908 1871 51 22 with
1969 1871 60 22 them
2040 1872 74 22 would
2125 1872 53 22 tend
2187 1872 75 21 rather
2273 1876 21 17 to
2303 1872 98 27 simplify
2407 1871 53 22 than
2471 1874 23 19 to

1907 1898 130 28 complicate
2048 1898 136 28 theprocess.
2210 1899 46 21 Nor
2263 1906 38 15 are
2309 1899 38 21 the
2355 1898 139 22 deficiencies

1898 1921 2 23 I
1908 1925 45 20 and
1965 1933 69 14 errors
2040 1926 72 21 which
2130 1927 17 20 it
2158 1926 95 21 exhibits
2264 1933 13 14 a
2286 1926 25 21 fit
2326 1926 86 26 subject
2421 1925 25 21 of
2459 1932 35 14 re-

1907 1952 83 26 proach
2000 1955 22 18 to
2034 1959 42 20 any
2084 1960 49 14 one.
2157 1952 92 22 Instead
2256 1952 25 21 of
2288 1952 149 28 complaining
2447 1952 48 21 that

1908 1985 13 14 a
1934 1985 80 15 nearer
2030 1980 110 26 approach
2155 1983 22 18 to
2195 1978 121 29 perfection
2333 1979 40 21 ha
2376 1979 17 21 3
2388 1982 38 17 not
2441 1978 54 22 been

1898 2005 2 26 j
1908 2005 73 27 made,
1993 2013 32 13 we
2035 2006 56 21 shall
2098 2006 28 21 be
2135 2013 63 14 more
2210 2007 48 25 just
2267 2005 20 21 if
2293 2013 32 14 we
2336 2012 87 20 expi'ess
2434 2005 62 21 satis-

1898 2026 2 28 i
1908 2031 82 21 faction
2009 2036 23 17 at
2047 2032 35 22 the
2098 2033 63 27 rapid
2182 2039 102 21 progress
2298 2032 25 21 of
2336 2032 160 27 improvement

1909 2059 72 20 which
1995 2058 37 21 the
2046 2063 87 23 present
2146 2059 95 22 exhibits
2257 2059 24 20 in
2295 2058 138 27 comparison
2443 2058 52 21 with

1909 2085 38 20 the
1958 2085 119 22 barbarous
2086 2086 77 26 doings
2174 2086 26 21 of
2213 2092 35 15 ren
2263 2092 63 20 years
2336 2093 49 19 ago.
2413 2085 55 21 This
2477 2086 18 20 is

1908 2111 45 21 still
1964 2119 13 14 a
1990 2119 49 14 new
2054 2113 93 27 subject.
2176 2112 46 23 But
2234 2112 39 21 the
2283 2115 57 18 most
2355 2111 93 22 careless
2458 2112 38 21 ob-

1909 2145 74 14 server
2000 2143 58 17 must
2074 2140 101 27 perceive
2194 2140 47 20 that
2255 2139 61 21 there
2333 2139 20 21 is
2367 2146 13 13 a
2397 2139 99 27 growing

1909 2172 63 15 sense
1990 2166 25 20 of
2028 2166 27 21 its
2073 2167 149 26 importance;
2243 2165 45 22 and
2307 2166 99 21 eminent
2420 2166 76 27 public

1898 2194 2 26 j
1909 2199 60 19 men,
1987 2200 28 13 on
2031 2192 53 22 both
2101 2194 57 21 sides
2173 2201 25 14 as
2212 2197 20 16 to
2242 2195 71 24 party,
2331 2196 57 17 have
2402 2192 53 27 paid
2472 2199 23 15 so

1898 2222 2 25 |
1909 2214 67 27 much
1988 2220 107 21 attention
2106 2224 21 17 to
2137 2220 24 27 it,
2173 2219 49 22 that
2234 2219 183 27 unquestionably
2427 2219 20 21 if
2459 2219 37 22 the

1908 2245 72 22 whole
1990 2253 50 14 case
2050 2252 57 16 were
2116 2254 48 15 now
2181 2245 130 23 considered
2328 2246 29 27 by
2366 2253 91 20 persons
2471 2246 25 22 in

1909 2272 111 28 authority
2030 2273 52 22 with
2096 2274 37 21 the
2145 2274 74 27 object
2228 2273 24 21 of
2265 2273 101 27 devising
2380 2279 12 14 a
2405 2273 91 26 general

1898 2318 2 1 .
1907 2299 53 27 plan
1974 2299 25 22 of
2011 2300 154 27 colonization,
2183 2307 61 15 some
2260 2307 52 19 very
2322 2299 59 27 good
2395 2307 100 14 measure

1908 2326 75 22 would
1993 2326 26 22 be
2030 2327 37 21 the
2075 2327 77 22 result.

1936 2359 33 20 At
1977 2358 37 22 the
2023 2362 91 24 present
2123 2359 59 27 time,
2199 2359 12 21 I
2222 2366 36 14 am
2268 2362 40 18 not
2319 2366 24 14 so
2354 2359 107 27 sanguine
2472 2366 23 14 as

1909 2388 22 18 to
1941 2385 57 28 hope
2009 2386 47 21 that
2063 2393 43 20 any
2116 2389 94 24 attempt
2219 2386 43 21 will
2276 2386 27 21 be
2314 2386 111 27 presently
2432 2385 63 22 made

1898 2417 2 23 |
1908 2415 23 18 to
1941 2412 47 21 find
1999 2415 38 18 out
2046 2413 45 21 and
2101 2413 106 21 establish
2217 2412 36 22 the
2268 2412 48 22 best
2326 2412 93 28 possible
2429 2412 67 22 mode

1910 2439 25 21 of
1948 2440 140 26 proceeding.
2126 2440 56 22 And
2195 2439 82 22 indeed
2291 2440 17 20 it
2323 2447 53 19 may
2390 2439 26 21 be
2434 2446 64 20 ques-

1909 2466 76 21 tioned
2002 2466 105 27 whether,
2125 2474 24 14 as
2164 2466 91 27 regards
2268 2473 14 13 a
2295 2466 87 27 subject
2396 2466 45 21 still
2455 2466 43 21 im-

1907 2492 109 28 perfectly
2025 2493 142 27 understood,
2180 2494 18 21 it
2208 2492 70 23 would
2288 2493 27 21 be
2326 2493 51 21 wise
2387 2496 22 18 to
2419 2493 45 21 aim
2475 2497 23 17 at

1908 2520 132 26 perfection.
2068 2520 25 21 In
2101 2521 42 21 this
2150 2527 57 20 case,
2220 2520 84 27 though
2310 2520 38 21 the
2357 2523 82 18 newest
2445 2520 55 21 road

1909 2546 72 27 might
1991 2550 39 18 not
2039 2548 134 26 necessarily
2183 2547 27 21 be
2220 2547 37 21 the
2268 2554 52 19 very
2331 2547 53 26 best,
2395 2546 37 22 the
2443 2553 54 27 very

1909 2573 48 21 best
1967 2573 73 22 would
2055 2574 27 21 be
2096 2574 82 27 wholly
2188 2581 50 15 new
2254 2577 22 18 to
2289 2580 68 21 many
2366 2582 5 18 ;
2386 2573 44 21 and
2444 2573 55 22 such

1908 2607 60 19 ways
1985 2607 37 14 are
2040 2604 37 23 apt
2091 2604 23 18 to
2129 2601 27 22 be
2175 2601 42 21 full
2232 2601 26 21 of
2268 2600 64 22 lions.
2362 2601 21 21 A
2398 2607 100 15 measure

1908 2627 112 21 sufficient
2026 2627 35 21 for
2070 2627 38 22 the
2117 2628 54 22 time
2183 2627 71 28 might
2264 2627 27 22 be
2302 2626 96 28 adopted
2408 2626 92 22 without

1898 2674 2 6 ,
1908 2654 102 26 startling
2020 2654 109 27 anybody.
2159 2655 45 22 Let
2219 2661 25 15 us
2256 2654 37 22 but
2307 2654 57 27 keep
2375 2654 90 26 moving
2474 2654 24 21 in

1908 2680 39 22 the
1966 2681 52 27 path
2035 2681 92 22 marked
2144 2685 39 18 out
2201 2682 27 26 by
2240 2681 58 21 what
2311 2681 41 21 has
2369 2681 55 21 been
2440 2681 58 21 done

1908 2707 92 28 already
2011 2708 44 21 and
2071 2708 51 21 with
2140 2712 63 23 great
2219 2707 173 27 acknowledged
2408 2707 88 27 benefit,

1908 2734 24 21 in
1942 2742 41 14 one
1998 2742 69 19 group
2077 2735 26 21 of
2115 2741 40 16 our
2169 2735 103 22 colonies.
2303 2734 21 22 It
2334 2734 74 22 would
2424 2734 75 21 suffice

1910 2761 35 21 for
1955 2761 36 22 the
2002 2767 87 22 present
2098 2761 21 21 if
2127 2762 37 22 the
2174 2765 145 24 government
2329 2761 79 21 should
2418 2761 82 21 submit

1910 2794 13 14 a
1933 2795 100 15 measure
2048 2793 22 16 to
2082 2789 136 21 Parliament
2227 2789 35 21 for
2276 2788 83 27 raising
2375 2787 44 22 and
2427 2789 73 25 fixing

1911 2814 36 22 the
1963 2815 60 28 price
2035 2815 109 26 (whether
2159 2815 100 23 uniform
2268 2822 25 14 or
2306 2815 71 27 upset)
2394 2815 26 20 of
2432 2818 66 18 waste

1910 2841 54 23 land
1974 2843 23 21 in
2017 2843 29 19 all
2057 2842 36 22 the
2105 2843 98 21 colonies
2214 2843 24 21 of
2253 2842 36 22 the
2304 2841 110 22 Southern
2428 2848 71 21 group

1908 2880 26 4 —
1938 2868 105 28 devoting
2049 2869 38 21 the
2095 2870 78 27 whole,
2186 2877 25 13 or
2216 2876 13 15 a
2239 2869 60 26 large
2302 2869 64 26 fixed
2372 2868 126 31 proportion

1910 2896 26 21 of
1953 2896 37 21 the
2008 2895 106 28 proceeds
2132 2897 26 21 of
2174 2896 37 22 the
2226 2896 57 21 sales
2297 2899 23 17 to
2340 2895 130 27 emigration
2472 2906 28 4 —

1909 2923 141 27 authorizing
2066 2922 37 22 the
2120 2923 37 21 the
2174 2922 115 22 executive
2305 2926 23 16 to
2339 2922 56 21 raise
2406 2921 31 27 by
2447 2921 51 22 loan

1910 2956 28 15 on
1955 2949 37 22 the
2007 2949 96 28 security
2114 2950 25 21 of
2153 2949 39 22 the
2207 2953 67 17 waste
2288 2948 65 21 lands
2371 2948 24 22 of
2406 2948 55 21 each
2477 2949 26 21 of

1909 2977 63 21 those
1980 2976 97 22 colonies
2087 2976 126 27 separately
2222 2975 53 27 (and
2285 2975 92 21 without
2387 2982 43 19 any
2436 2975 64 21 other

1909 3007 121 22 guarantee
2044 3004 56 20 from
2115 3002 154 26 Parliament,)
2286 3009 12 13 a
2309 3001 83 22 certain
2407 3008 50 14 sum
2465 3003 35 20 for

1909 3030 38 21 the
1958 3029 46 23 sole
2014 3036 93 21 purpose
2118 3030 25 21 of
2152 3029 78 28 giving
2240 3035 13 15 a
2262 3028 45 21 free
2317 3035 91 20 passage
2420 3033 22 16 to
2454 3028 47 22 lhat

1910 3057 79 26 colony
2000 3059 22 17 to
2032 3063 90 20 persons
2130 3057 25 20 of
2161 3056 38 21 the
2211 3055 115 26 labouring
2334 3055 55 21 class
2397 3056 104 27 properly

1908 3082 98 23 selected
2006 3094 27 3 —
2035 3082 43 22 and
2091 3082 91 27 placing
2192 3082 36 21 the
2239 3081 177 23 administration
2461 3083 37 21 the

1908 3110 42 21 law
1960 3109 23 21 in
1995 3109 38 21 the
2042 3109 72 21 hands
2124 3110 26 21 of
2161 3116 14 14 a
2185 3108 82 29 special
2277 3108 139 28 department
2425 3109 26 22 of
2460 3109 39 22 the

1909 3136 102 22 Colonial
2024 3135 78 22 Office.

1943 3196 92 23 Several
2058 3195 78 24 letters
2159 3196 57 23 have
2235 3195 80 24 within
2339 3195 37 24 the
2394 3195 45 24 last
2456 3196 43 23 few

1908 3234 55 31 days
1975 3235 57 22 been
2051 3235 103 22 received
2173 3233 36 33 (in
2227 3234 139 31 Plymouth)
2383 3235 58 24 from
2461 3235 39 24 the

1907 3272 51 23 first
1969 3272 89 23 settlers
2070 3273 25 22 in
2111 3273 57 23 New
2181 3272 125 31 Plymouth
2316 3282 6 20 ;
2342 3273 30 23 all
2385 3273 25 23 of
2424 3273 73 22 whom

1907 3311 72 31 speak
1997 3316 61 19 most
2079 3312 134 31 favourably
2225 3312 26 23 of
2270 3312 37 23 the
2328 3312 53 24 land
2395 3312 25 23 of
2441 3311 58 24 their

1908 3351 115 30 adoption,
2042 3350 44 24 and
2105 3351 80 24 breath
2199 3360 13 14 a
2223 3352 67 30 spirit
2301 3351 27 24 of
2343 3356 154 19 contentment

1908 3389 57 23 such
1976 3396 25 16 as
2013 3389 20 23 is
2046 3394 38 18 not
2101 3390 68 24 usual
2180 3390 59 24 from
2255 3398 95 23 persons
2362 3398 25 14 so
2400 3390 96 22 circum-

1908 3427 94 24 stanced
2021 3436 25 15 as
2065 3428 38 23 the
2115 3429 127 23 colonizers
2255 3429 26 23 of
2293 3429 45 23 this
2359 3427 137 24 settlement.

1908 3465 30 24 In
1950 3473 42 16 one
2005 3465 25 24 of
2045 3467 38 23 the
2101 3467 80 24 letters
2195 3471 50 20 sent
2262 3467 73 29 home,
2354 3467 18 22 it
2383 3466 19 23 is
2415 3464 82 30 stated,
2503 3482 3 6 ,

1980 3504 38 25 the
2037 3506 80 31 people
2138 3507 52 23 that
2207 3514 63 16 came
2289 3507 24 22 in
2334 3505 37 24 the
2394 3503 103 25 William

1898 3557 2 13 i
1908 3542 80 32 Bryan
2004 3543 57 24 have
2071 3549 39 26 got
2124 3549 82 27 twenty
2220 3544 66 32 yards
2299 3543 25 24 of
2338 3543 89 30 ground
2438 3543 59 23 back

1898 3577 2 35 [
1909 3585 24 20 to
1950 3581 64 24 build
2031 3582 62 24 their
2110 3583 87 24 houses
2214 3590 30 16 on
2261 3581 44 24 and
2315 3581 36 24 for
2369 3581 59 23 their
2445 3589 55 23 gar-

2027 3620 64 25 This'
2098 3622 21 22 is
2249 3628 14 15 a
2269 3620 53 23 wise
2331 3626 111 21 measure,
2449 3619 51 24 -and

1910 3666 13 16 a
1941 3666 51 16 new
2004 3659 87 24 feature
2108 3660 24 23 in
2152 3660 39 23 the
2211 3661 192 21 commencement
2415 3657 25 23 of
2458 3665 41 16 our

1909 3697 94 24 modern
2014 3697 107 24 colonies.
2159 3697 50 24 The
2227 3696 66 24 effect
2304 3696 47 23 will
2366 3696 37 28 be,
2486 3703 14 15 a

1910 3736 66 30 spirit
1988 3736 25 22 of
2030 3740 157 19 contentment
2197 3733 47 25 will
2261 3733 87 32 prevail
2354 3741 94 24 -among
2453 3734 45 23 -the

1909 3772 121 32 labouring
2042 3774 91 28 classes,
2152 3773 45 24 and
2208 3780 29 16 an
2256 3771 61 32 early
2329 3772 90 23 tesbb'e
2425 3769 75 34 igiveii

1910 3819 25 16 as
1947 3816 22 19 to
1982 3811 38 24 the
2031 3811 95 31 fertility
2138 3811 26 24 of
2173 3810 38 24 the
2223 3809 50 29 soil,
2284 3808 70 25 which*
2366 3807 134 28 wiU!iehiHii
2505 3816 2 5 '

1911 3857 29 16 an
1952 3849 139 24 attachment
2103 3854 23 18 to
2137 3849 41 23 the
2189 3847 79 31 colony
2280 3847 46 24 and
2338 3856 13 15 a
2362 3848 138 24 determina-

1911 3889 48 22 tion
1978 3892 22 19 to
2013 3888 94 23 remain.
2144 3887 67 29 This,
2228 3894 33 16 we
2430 3879 70 34 is^the

1910 3926 84 23 motive
2006 3925 24 23 of
2047 3925 38 23 the
2106 3924 195 32 Superintendent
2321 3925 25 24 in
2357 3925 37 25 the
2407 3926 93 32 plan.be

1912 3963 41 23 has
1966 3962 103 33 adopted.
2072 3974 33 7 —
2106 3962 122 24 Fahnottth
2239 3962 97 26 Packet.
2369 3969 5 2 '
2410 3986 8 2 .

563 60 102 50 ©8*
685 63 120 43 vrtto
830 61 209 45 fEtalmb
1063 65 192 47 4Sr#?*tt*
1278 66 92 40 atttr
1393 66 301 47 tSß£*aiugtou
1725 64 253 50 Spectator,
