2540 4020
729 1668 170 21 SHIPPING
918 1668 273 21 INTELLIGENCE.

890 1725 145 18 ARRIVED.

696 1762 52 23 May
757 1762 20 21 3,
790 1762 46 23 ship
849 1762 94 21 Clifford,
951 1762 49 23 528,
1011 1762 74 23 Sharp,
1098 1762 55 18 from
1162 1762 92 23 London,

671 1787 48 20 with
729 1787 113 25 emigrants
852 1786 33 20 for
900 1787 88 19 Nelson.

696 1814 52 26 May
755 1815 21 23 4,
783 1814 103 20 schooner
895 1814 113 26 Chapman,
1018 1815 33 24 12,
1064 1814 190 26 Stepheusoafrom

671 1843 33 19 the
718 1844 66 17 coast.

696 1869 52 23 May
755 1870 19 22 6,
785 1870 104 19 schooner
896 1869 118 23 Elizabeth,
1024 1868 77 24 Smith,
1108 1870 55 19 from
1170 1870 84 22 Sydney-

904 1914 115 17 SAILED.

696 1948 53 24 May
759 1948 20 22 5,
795 1948 78 24 barque
887 1948 129 24 Brougham,
1032 1948 50 23 227,
1096 1948 113 23 Robinson,
1224 1948 33 19 for

669 1974 51 20 New
740 1974 120 26 Plymouth.
901 1974 122 26 L'assengers
1024 1985 26 3 —
1052 1974 21 20 J.
1094 1974 24 21 T.
1140 1974 117 31 Wicks|eed

669 2002 58 26 Esq.,
739 2002 54 25 lady,
805 2001 42 20 aud
857 2002 13 18 2
881 2001 102 24 children,
997 2002 41 19 and
1053 2004 114 24 servants.^
1171 1994 74 34 .\*\^

697 2029 61 18 Same
776 2028 47 25 day,
844 2028 48 25 ship
917 2028 95 25 Clifford,
1030 2024 125 30 Sharp,~f6r
1172 2029 83 23 Nehpn,

669 2056 49 19 with
729 2055 113 25 emigrants
852 2054 41 20 and
904 2056 89 24 original
1004 2061 69 19 cargo.

697 2082 52 26 May
759 2082 20 24 6,
791 2082 103 19 schooner
903 2083 75 23 Anita,
988 2083 49 24 219,
1047 2082 64 26 King,
1120 2083 33 20 for
1163 2082 93 21 Manilla.

697 2110 60 19 Same
774 2110 47 25 day,
832 2110 105 19 schooner
951 2110 69 25 Royal
1033 2111 63 24 Mail,
1109 2110 34 24 90,
1161 2110 53 26 Hay,
1225 2110 32 20 for

669 2137 96 18 Manilla.

896 2181 35 18 IN
945 2182 85 17 PORT.

723 2218 82 24 Barque
818 2218 113 23 Clydeside,
944 2218 131 19 Mathieson.

722 2244 106 19 Schooner
841 2244 105 19 Governor
954 2244 93 24 Hobson,
1061 2244 80 20 Smith.

725 2272 51 24 Ship
788 2271 88 20 Martha
885 2271 111 25 Ridgway,
1009 2271 75 21 Webb.

725 2299 107 20 Schooner
844 2299 101 23 Blossom,
956 2299 81 19 Tulett.

848 2326 134 25 Enterprise,
994 2326 117 19 Skidmore.

849 2352 109 26 Industry,
971 2353 123 25 M'Gregor.

725 2380 123 26 Brigantine
859 2381 56 25 Ann,
927 2380 98 26 Higgins.

724 2408 83 26 Barque
817 2408 108 25 Brilliant,
938 2407 91 21 Ritchie.

722 2435 52 26 Brig
784 2435 86 23 SAerne,
883 2434 72 21 Innin.

725 2462 106 20 Schooner
843 2463 112 18 Susannah
967 2462 57 25 Ann,
1036 2461 82 27 Swany.

728 2489 51 26 Ship
790 2489 93 25 London,
895 2489 96 20 Atwood.

725 2517 106 20 Schooner
840 2517 99 24 Look-in,
951 2517 73 19 Stobo.

726 2545 83 25 Barque
819 2544 72 26 Regia,
904 2543 63 26 Kyle.

725 2572 111 20 American
842 2571 123 26 .brigantine
978 2572 22 19 O.
1005 2571 143 25 C.Raymond,
1155 2572 97 21 Denizen.

725 2599 106 20 Schooner
844 2599 112 25 Chapman,
969 2599 139 25 Stephenson.

846 2627 120 23 Elizabeth,
978 2625 76 21 Smith.

842 2682 122 18 CUSTOM
980 2682 111 18 HOUSE.

912 2743 109 10 IMPORTS.

699 2773 29 19 In
738 2778 45 14 the
820 2773 197 23 O.C.^Raymond,
1021 2773 5 7 1
1028 2773 5 10 '
1045 2777 64 14 from
1126 2773 128 19 Adelaide.

671 2810 26 4 —
697 2801 77 24 Agent,
784 2799 22 21 J.
821 2799 70 21 Wade.
893 2810 28 4 —
921 2801 13 19 3
952 2799 79 20 barrels
1047 2799 87 24 braudy,
1146 2799 39 20 119
1204 2799 50 20 ditto

671 2833 53 17 rum,
737 2827 39 20 146
786 2827 52 19 ditto
849 2827 55 23 beef,
915 2827 12 19 3
939 2827 54 19 ditto
1009 2826 61 26 park,
1082 2826 53 20 2042
1151 2827 43 19 feet
1204 2833 50 16 oars,

671 2855 13 19 6
694 2855 50 24 kegs
755 2855 59 23 nails,
824 2855 28 19 74
870 2860 59 14 cases
944 2854 95 23 tobacco,
1051 2853 25 21 70
1089 2853 76 20 barrels
1180 2856 39 20 tar,
1230 2855 24 19 22

671 2882 57 19 brass
738 2882 66 25 pipes,
816 2881 12 20 3
844 2881 79 20 barrels
942 2882 62 23 flour,
1016 2881 11 20 9
1046 2881 74 19 tierces
1137 2881 81 26 treacle,
1230 2879 24 22 30

671 2915 40 18 jars
725 2909 65 24 snuff,
806 2909 78 23 44,000
902 2909 112 19 American
1030 2909 74 24 cigars,
1122 2908 10 18 1
1151 2914 47 14 case
1214 2909 40 20 clo-

671 2936 68 25 thing,
751 2936 11 20 1
777 2936 35 19 do.
826 2942 61 19 -caps,
898 2936 13 19 3
927 2942 58 13 cases
1001 2935 63 20 white
1080 2935 92 25 vinegar,
1182 2936 11 19 1
1204 2936 50 20 ditto

671 2963 114 24 chocolate,
794 2963 39 19 144
843 2963 65 19 boxes
917 2963 59 23 fruit,
986 2963 40 19 679
1033 2962 88 20 bundles
1127 2963 127 20 whalebone.

699 2990 28 20 In
739 2996 45 14 the
935 2996 65 14 from
1017 2989 133 20 Sydney.—
1150 2987 104 28 ./..'Wade,

671 3018 76 25 Agent.
749 3029 26 3 —
776 3018 26 19 41
816 3017 85 24 shooks,
913 3018 24 19 6f
957 3017 76 20 tierces
1051 3016 61 25 beef,.
1117 3017 12 19 3
1140 3017 59 20 casks
1210 3018 44 23 salt,

671 3046 26 19 40
708 3045 87 20 bundles
805 3044 101 26 hooping,
913 3045 27 19 40
950 3044 51 25 bags
1009 3044 71 23 coffee,
1092 3044 39 20 182
1143 3044 34 20 do.
1188 3051 66 19 sugar,

671 3074 26 18 34
708 3073 69 20 chests
795 3074 40 22 tea,
848 3073 25 18 12
890 3078 54 18 oars,
959 3072 26 20 90
996 3072 49 25 bags
1061 3071 62 24 flour,
1136 3072 25 19 10
1178 3072 76 20 barrels

744 3101 26 20 20
780 3100 79 20 barrels
868 3099 71 24 bread,
949 3100 27 19 92
986 3099 49 25 bags
1046 3098 43 25 do.,
1098 3099 13 19 4
1122 3099 62 20 hhcls.
1194 3099 60 24 flour,

673 3128 12 19 6
700 3128 57 20 bales
772 3127 85 23 calicoe,
873 3127 11 19 1
904 3133 47 14 case
968 3126 68 23 shoes,
1054 3126 10 19 1
1083 3126 50 19 hhd.
1150 3129 78 23 porter,
1245 3127 9 19 4

671 3156 78 19 barrels
759 3155 60 25 hops,
831 3154 39 21 137
880 3154 51 26 bags
940 3155 61 22 flour,
1014 3154 10 19 1
1035 3152 51 21 hhd.
1097 3154 81 24 arrack,
1186 3154 12 19 6
1208 3154 46 26 kegs

671 3183 63 19 snuff,
746 3183 59 19 lkeg
814 3182 96 20 tobacco,
921 3183 26 18 12
960 3180 105 21 bullocks.

821 3241 114 12 INWARDS
936 3246 28 4 —
965 3239 141 14 COASTWISE.

699 3270 29 21 In
738 3276 46 14 the
820 3269 131 21 Susannah
1051 3275 64 14 from
1134 3268 94 22 Kapiti.
1232 3280 22 4 —

673 3299 74 25 Agent,
758 3298 21 21 J:
793 3298 98 20 Wade.—
891 3297 54 20 -Part
954 3297 25 20 of
990 3297 90 25 original
1089 3302 69 19 cargo,
1170 3297 27 23 2$
1206 3298 48 25 kegs

673 3326 92 23 tobacco,
778 3326 10 19 1
797 3326 60 19 chest
873 3327 42 22 tea,
931 3326 26 19 50
974 3324 52 26 gals,
1037 3324 80 24 arrack,
1127 3323 16 24 i
1151 3327 37 17 ton
1197 3328 57 23 pota-

673 3355 51 21 toes,
737 3354 24 19 15
772 3352 88 20 bundles
869 3352 129 20 whalebone.

904 3411 110 12 EXPORTS.

699 3441 29 21 In
738 3446 46 15 the
1025 3445 46 14 for
1089 3439 104 20 Sydney.
1195 3450 27 4 —
1225 3439 31 21 W.

670 3469 142 23 Fitzherbert;
819 3469 78 24 Agent.
898 3478 27 4 —
927 3469 11 18 1
957 3467 59 20 cask-
1024 3467 105 23 charcoal,
1141 3467 10 19 1
1246 3467 10 19 1

671 3503 47 14 case
731 3497 112 22 furniture,
854 3496 13 19 2
882 3501 58 14 cases
953 3495 56 23 shot,
1020 3495 11 19 8
1050 3493 59 21 casks
1125 3495 132 24 gunpowder,

672 3524 38 20 111
727 3524 50 25 bags
795 3523 47 24 salt,
854 3524 12 18 2
884 3523 61 19 casks
960 3521 54 21 head
1029 3523 83 22 matter,
1131 3521 27 21 69
1173 3521 85 21 bundles

670 3551 62 25 bone,
744 3552 25 19 28
779 3551 85 20 baskets
873 3550 49 24 flax,
933 3550 13 20 3
953 3550 47 25 logs
1010 3549 84 24 timber,
1106 3549 25 19 15
1143 3551 48 17 tons
1199 3552 59 23 pota-

670 3582 54 16 toes.

762 3629 124 19 AGENTS
898 3629 58 19 FOR
972 3627 72 21 THIS
1056 3626 110 20 PAPER.

691 3662 38 17 Mr.
741 3661 126 18 BURCHAM
960 3660 76 18 Petoni.

692 3683 37 17 Mr.
744 3683 17 17 F.
774 3683 22 17 G.
809 3682 88 18 MOORE
962 3681 72 17 Nelson
1042 3680 76 17 Haven.

692 3704 38 17 Mr.
741 3704 23 16 R.
776 3704 116 16 BARRETT
967 3702 46 17 New
1021 3701 108 22 Plymouth,
1136 3700 101 19 Taranaki.

692 3724 38 17 Mr.
742 3725 25 16 H.
777 3724 122 17 CHURTON
964 3723 115 22 Wanganui.

692 3744 37 18 Mr.
741 3745 29 17 W.
783 3745 98 18 WILSON
901 3744 104 21 ......Bay
1012 3744 21 17 of
1042 3742 83 18 Islands.

692 3789 40 17 The
739 3789 96 21 following
842 3794 31 12 are
881 3789 34 18 tho
922 3790 79 21 quarter
1012 3789 46 21 days
1066 3788 22 17 of
1096 3787 40 18 this
1144 3792 58 18 paper
1209 3794 3 11 :
1214 3797 23 4 —

776 3816 68 18 March
1105 3817 57 16 31st..

776 3836 52 17 June
1106 3834 57 20 30th7

777 3857 111 21 September
1106 3858 51 17 30th.

777 3879 105 16 December
1105 3880 48 17 31st.

692 3905 82 18 Persons
781 3905 110 21 previously
1090 3904 51 18 their
1146 3909 69 21 papers
1222 3905 35 18 and

676 3926 162 22 advertisements,
845 3927 53 17 must
906 3927 56 17 settle
970 3926 34 18 the
1016 3927 91 17 accounts
1115 3926 37 18 due
1159 3931 26 18 up
1196 3928 20 16 to
1227 3926 30 18 tho

676 3947 48 14 date.
1093 3946 3 6 '

1449 130 123 22 LATEST
1588 130 108 21 DATES.

1295 162 74 18 London
1456 163 42 18 Jan.
1541 166 16 15 4.
1586 163 40 21 Bay
1633 163 21 18 of
1663 163 77 18 Islands
1743 176 5 5 .
1752 176 5 5 .
1762 164 44 18 Peb.
1839 166 15 16 4.

1294 182 73 22 Sydney
1455 184 55 21 April
1526 186 31 16 33.
1586 184 80 18 Thames
1760 185 48 18 Mar.

1296 208 39 14 van
1356 203 100 18 Dieman's
1586 205 44 17 Port
1638 205 70 22 Phillip
1723 218 36 5 ....
1764 204 48 19 Mar.
1827 207 27 16 20.

1314 224 51 18 Land
1457 225 44 18 Jan.
1539 226 18 17 0.
1585 226 90 17 Adelaide
1762 226 48 18 Mar.
1838 229 16 15 2.

1278 492 93 41 New
1402 492 216 41 Zealand
1649 492 217 41 Gazette

1327 556 65 21 AND
1406 556 213 25 WELLINGTON
1632 560 186 22 SPECTATOR.

1419 625 131 27 Saturday,
1566 626 67 22 May
1637 628 19 25 7,
1666 628 61 21 1842.

1317 678 79 24 Before
1407 680 137 30 proceeding
1556 685 21 18 to
1592 681 90 31 Sydney
1694 690 33 15 we
1747 682 119 23 conceived

1283 720 32 15 we
1333 711 43 24 had
1394 713 66 22 made
1485 713 57 22 such
1560 720 169 25 arrangements
1748 723 24 15 as
1792 715 73 23 would

1282 745 79 24 relieve
1372 753 29 16 us
1411 746 61 23 from
1483 753 52 16 ever
1554 748 66 29 again
1637 748 85 30 having
1733 753 23 18 to
1774 748 35 23 fill
1828 748 37 23 the

1283 778 191 29 EditoriaLchair,
1487 787 26 15 or
1524 779 24 23 in
1560 787 44 22 any
1616 787 47 23 way
1675 785 23 18 to
1715 781 53 23 take
1779 788 53 24 part
1842 782 23 21 in

1284 812 36 22 the
1332 817 155 26 management
1498 812 24 23 of
1533 812 37 23 the
1579 812 57 23 New
1647 813 105 23 Zealand
1764 814 102 23 Gazette:

1283 844 72 24 While
1367 849 24 18 at
1411 845 100 31 Sydney,
1524 854 33 15 we
1570 846 90 23 entered
1680 855 64 23 upon
1764 851 101 19 transac-

1284 879 55 22 tions
1350 877 76 24 which
1437 878 45 23 will
1494 878 98 24 demand
1611 887 24 15 so
1651 880 70 22 much
1741 881 63 28 time,
1817 880 49 23 that

1284 918 54 16 were
1349 918 32 16 we
1401 911 86 31 willing
1504 916 22 19 to
1548 916 64 19 enter
1630 920 63 24 upon
1712 913 39 23 the
1771 913 52 23 task
1844 914 24 22 of

1283 945 120 30 managing
1421 953 41 15 our
1478 945 92 31 journal
1590 946 72 30 again,
1680 946 75 24 which
1775 955 34 15 we
1828 955 37 15 are

1283 981 46 24 not,
1339 976 51 31 (the
1402 977 62 24 chief
1477 986 82 16 reason
1569 978 36 24 for
1615 979 74 23 which
1704 981 20 21 is
1737 980 43 22 and
1792 979 73 24 which

1283 1018 32 15 we
1327 1010 50 23 dare
1395 1016 23 18 to
1439 1012 88 23 confess
1547 1013 20 22 is
1588 1020 40 15 our
1645 1014 127 22 conviction
1784 1013 25 23 of
1825 1021 40 15 our

1283 1048 39 18 not
1338 1043 69 31 being
1429 1044 126 32 qualified,)
1576 1053 40 15 our
1637 1046 64 23 other
1720 1047 144 30 occupations

1283 1076 70 24 would
1364 1077 82 23 render
1457 1078 18 22 it
1486 1078 139 30 impossible.

1316 1116 90 31 During
1423 1125 40 14 our
1481 1118 104 28 absence,
1598 1126 24 15 as
1633 1120 19 22 it
1671 1120 20 22 is
1702 1119 52 23 well
1773 1119 90 29 known,

1283 1150 63 22 death
1358 1150 42 23 has
1413 1150 107 31 deprived
1538 1158 26 16 us
1586 1151 25 23 of
1622 1159 40 15 our
1673 1152 128 31 intelligent
1821 1153 44 22 and

1282 1183 87 23 faithful
1377 1191 107 23 manager
1494 1183 45 23 and
1551 1184 134 24 sub-editor.
1718 1185 47 23 His
1774 1186 65 30 place
1847 1186 18 23 it

1282 1216 41 23 has
1334 1216 56 23 been
1402 1224 40 16 our
1454 1217 59 30 good
1530 1217 90 23 fortune
1638 1223 23 17 to
1677 1218 68 29 refill,
1757 1219 54 22 with
1823 1227 42 15 one

1283 1257 31 15 we
1332 1249 82 24 believe
1434 1257 67 23 every
1519 1257 49 23 way
1580 1250 50 23 well
1647 1251 107 31 qualified
1771 1251 36 24 for
1827 1252 38 23 the

1283 1282 56 24 task.

1316 1322 47 24 The
1374 1324 146 22 unfortunate
1539 1323 100 23 accident
1654 1323 75 24 which
1747 1324 40 23 has
1800 1325 65 23 made

1283 1357 18 22 it
1319 1364 117 23 necessary
1447 1357 35 22 for
1493 1356 39 23 the
1553 1357 84 30 gallaut
1657 1357 97 31 Captain
1771 1357 95 24 Liardet

1284 1393 21 19 to
1322 1390 93 29 proceed
1435 1394 22 18 to
1473 1390 117 30 England,
1609 1390 40 23 has
1669 1390 106 31 deprived
1795 1399 26 15 us
1844 1391 24 23 of

1283 1422 37 23 the
1337 1423 96 22 services
1455 1423 25 22 of
1494 1423 39 22 the
1553 1423 129 30 gentleman
1702 1424 50 23 who
1770 1424 41 23 has
1830 1425 35 22 for

1284 1463 56 15 some
1362 1456 92 23 months
1478 1456 85 23 Edited
1593 1456 35 22 the
1660 1456 102 24 Gazette.
1807 1458 56 23 'Mr.

1284 1489 130 22 Wicksteed
1424 1489 42 23 has
1477 1490 57 22 been
1546 1490 120 30 appointed
1684 1494 23 19 to
1720 1491 145 31 superintend

1284 1522 36 22 the
1333 1522 73 23 affairs
1421 1522 25 23 of
1461 1522 37 23 the
1517 1523 57 23 New
1593 1523 101 23 Zealand
1714 1524 117 30 Company
1844 1529 22 18 at

1284 1555 53 23 New
1354 1555 132 31 Plymouth,
1500 1556 45 23 and
1554 1557 131 31 proceeded
1702 1564 29 15 on
1744 1557 121 31 Thursday

1284 1588 49 29 last,
1349 1589 25 22 in
1392 1589 38 23 the
1451 1588 138 31 Brougham,
1606 1593 22 19 to
1647 1590 35 22 fill
1701 1597 29 15 an
1748 1591 63 22 office
1831 1590 35 23 for

1284 1621 69 24 which
1364 1630 33 15 we
1409 1621 68 24 think
1487 1623 19 22 it
1523 1622 44 23 will
1586 1623 27 22 be
1631 1623 71 22 found
1713 1623 30 23 he
1754 1624 19 22 is
1786 1623 79 31 highly

1285 1655 109 31 qualified.

1316 1695 40 23 We
1377 1703 38 15 are
1434 1700 23 18 at
1477 1700 92 26 present
1588 1696 94 31 seeking
1704 1704 13 15 a
1736 1697 129 30 gentleman

1285 1728 101 31 qualified
1404 1734 22 18 to
1447 1729 33 23 fill
1499 1729 47 23 Mr.
1565 1729 153 23 Wicksteed's
1738 1730 70 28 office,
1823 1730 42 23 and

1286 1766 75 26 expect
1373 1762 87 30 shortly
1472 1767 21 18 to
1506 1767 60 18 meet
1583 1762 52 23 with
1648 1771 100 15 success.
1785 1763 28 23 In
1829 1764 37 22 the

1284 1803 62 15 moan
1358 1796 54 22 time
1425 1804 31 15 we
1469 1795 58 31 hope
1548 1796 45 23 this
1612 1796 143 30 explanation
1774 1797 45 22 will
1839 1797 27 22 be

1286 1837 12 14 a
1309 1829 110 22 sufficient
1431 1837 82 15 excuse
1531 1829 36 23 for
1583 1829 37 23 the
1638 1834 93 26 present
1747 1830 119 30 imperfec-

1286 1862 53 22 tions
1353 1861 25 24 of
1393 1862 38 23 the
1446 1861 101 24 Gazette.

1317 1919 33 31 By
1369 1919 38 24 the
1425 1920 111 23 schooner
1546 1919 129 29 E-'izabeth,
1694 1920 73 23 which
1779 1920 88 23 arrived

1284 1953 116 30 yesterday
1421 1953 59 22 from
1505 1952 100 30 Sydney,
1628 1960 33 16 we
1680 1953 58 23 have
1763 1953 103 23 Colonial

1284 1992 76 24 papers
1374 1989 23 19 to
1409 1985 38 22 the
1460 1985 59 23 23rd
1530 1985 77 30 April.

1308 2035 3 5 ■
1319 2025 47 22 The
1377 2025 53 30 brig
1447 2024 85 30 Agnes,
1552 2024 54 23 with
1627 2025 74 27 cattle,
1722 2025 86 27 horses,
1823 2025 43 23 and

1285 2058 59 22 other
1357 2065 75 23 cargo,
1446 2065 43 15 was
1501 2063 23 17 to
1538 2057 42 23 sail
1592 2057 55 23 from
1660 2058 94 30 Sydney
1762 2058 104 23 immedi-

1285 2091 54 30 ately
1352 2091 57 22 after
1421 2091 37 22 the
1471 2091 119 29 departure
1598 2090 24 23 of
1632 2091 36 22 the
1678 2090 131 29 Elizabeth,
1823 2092 44 23 and

1284 2132 49 21 may
1339 2124 111 23 therefore
1460 2124 26 22 be
1500 2124 117 30 expected.
1644 2124 44 22 We
1695 2124 48 22 find
1750 2124 23 22 in
1783 2124 37 23 the
1827 2125 39 23 ad-

1285 2158 106 29 vertising
1410 2157 102 23 columns
1531 2157 25 22 of
1581 2157 38 22 the
1640 2156 94 23 Herald
1755 2157 37 23 the
1814 2159 53 30 brig

1284 2190 97 23 Eleanor
1404 2190 134 23 announced
1556 2190 35 22 for
1613 2190 45 23 this
1679 2194 59 27 port,
1761 2191 44 23 and
1828 2192 38 22 the

1284 2222 123 24 B?-istolian
1420 2223 44 23 and
1476 2223 37 23 the
1530 2222 109 29 Tomatin,
1659 2223 35 23 for
1714 2223 38 23 the
1774 2224 52 31 Bay
1846 2225 24 22 of

1286 2256 87 23 Islands
1384 2256 44 23 and
1445 2256 129 24 Auckland.
1621 2256 51 24 The
1689 2256 47 23 last
1755 2258 81 22 named
1847 2259 20 23 is

1286 2289 36 23 the
1332 2290 72 23 vessel
1414 2289 73 23 which
1499 2297 46 15 was
1557 2293 23 19 to
1598 2297 92 23 convey,
1694 2290 38 23 the
1745 2290 87 32 Bishop
1846 2292 24 22 of

1286 2322 55 24 New'
1350 2322 101 24 Zealand
1472 2322 43 23 and
1533 2324 45 21 suit
1596 2327 22 18 to
1638 2323 101 30 Sydney,
1760 2324 51 28 and,
1833 2333 33 14 we

1284 2363 109 23 presume,
1404 2356 44 23 will
1460 2355 95 31 proceed
1567 2355 53 23 with
1632 2356 62 23 them
1705 2360 21 19 to
1743 2357 58 23 their
1811 2357 56 23 final

1285 2389 140 24 destination.
1467 2388 43 23 We
1526 2390 52 29 give
1589 2388 36 23 the
1637 2389 40 23 list
1689 2389 25 23 of
1728 2397 137 24 passengers

1284 2422 29 30 by
1324 2421 45 24 her.
1385 2435 5 4 •

1310 2460 44 21 The
1374 2460 70 26 Right
1467 2460 118 21 Reverend
1607 2460 39 21 Dr.
1668 2461 94 26 Selwyn,
1785 2461 82 28 Bishop

1284 2486 25 22 of
1329 2486 52 22 New
1403 2486 107 27 Zealand,
1529 2486 60 27 lady,
1611 2487 42 21 and
1673 2495 39 14 son
1722 2496 5 19 ;
1754 2487 36 22 the
1813 2488 54 27 lady

1285 2513 24 21 of
1321 2513 33 21 the
1365 2512 68 22 Chief
1440 2513 85 21 Justice
1538 2513 24 21 of
1576 2513 56 22 New
1642 2514 108 26 Zealand,
1762 2515 37 21 the
1808 2515 57 22 Rev.

1285 2540 23 21 C.
1320 2540 86 26 Dudley
1423 2540 44 21 and
1482 2540 60 26 lad}',
1559 2540 55 22 Rev.
1624 2541 34 21 W.
1670 2541 24 21 C.
1712 2541 86 26 Cotton,
1809 2542 56 22 Rev.

1284 2567 24 21 T.
1319 2566 135 24 Whitehead,
1467 2566 55 22 Rev.
1534 2567 33 21 W.
1580 2567 24 21 C.
1615 2567 69 27 Reay,
1697 2568 56 21 Rev.
1760 2569 34 20 W.
1806 2569 58 26 Cole,

1284 2593 52 22 Rev.
1354 2593 26 21 B.
1400 2593 25 21 L.
1436 2593 97 26 Watson,
1550 2593 45 22 Mr.
1612 2595 43 21 and
1672 2595 56 21 Mrs.
1743 2595 64 26 Lisle,
1821 2596 44 22 Mr.

1284 2620 42 21 and
1341 2620 56 21 Mrs.
1418 2620 140 27 Bainbridge,
1584 2621 53 21 Mrs.
1659 2621 72 21 Smith
1755 2622 45 21 and
1818 2629 46 19 son,

1284 2647 43 21 Mr.
1336 2647 97 26 Farmer,
1446 2647 42 21 Mr.
1501 2646 82 27 James,
1597 2647 41 22 Mr.
1650 2648 59 26 Butt,
1722 2648 44 22 Mr.
1782 2649 82 26 Evans,

1284 2674 43 20 Mr.
1337 2673 83 27 Fisher,
1435 2674 42 21 Mr.
1487 2674 96 26 Nichell,
1595 2674 42 21 Mr.
1651 2675 78 24 Smith,
1742 2675 42 21 Mr.
1797 2676 67 26 Hunt,

1285 2700 43 21 My.
1336 2700 77 26 Aider,
1432 2700 44 22 Mr.
1493 2701 95 26 Trotter,
1605 2701 43 21 Mr.
1660 2701 46 21 and
1715 2701 55 23 Mrs.
1782 2703 83 26 Sooter,

1285 2726 43 22 Mr.
1346 2726 86 28 Geode,
1451 2727 116 21 Monsieur
1587 2727 101 27 Deloise;
1714 2729 46 21 and
1778 2729 88 21 sixteen

1284 2757 102 23 steerage.

1319 2788 64 23 Some
1395 2789 84 24 violent
1487 2790 100 23 weather
1597 2790 44 23 had
1649 2790 58 23 been
1719 2791 147 30 experienced

1285 2826 22 19 at
1319 2821 97 32 Sydney,
1421 2821 42 24 the
1470 2820 135 33 Himalaya,
1620 2823 97 31 Captain
1725 2824 84 29 Burns,
1822 2825 45 22 had

1283 2856 54 22 been
1355 2856 68 22 saved
1442 2856 53 23 with
1510 2861 65 26 great
1593 2856 110 32 difficulty
1720 2857 58 24 from
1798 2858 69 30 being

1284 2888 103 23 wrecked-
1395 2896 61 23 upon
1468 2889 118 32 Pinchgut
1597 2889 79 24 Island
1688 2900 6 19 ;
1714 2890 45 23 and
1776 2891 38 23 the
1829 2899 39 15 sea

1284 2922 19 22 is
1313 2921 114 24 described
1435 2930 24 15 as
1468 2922 85 32 having
1562 2923 57 23 been
1628 2924 101 30 running
1738 2932 24 15 so
1769 2924 56 31 high
1833 2924 34 23 for

1284 2959 42 18 two
1333 2954 62 30 days,
1407 2955 49 23 that
1468 2955 37 24 the
1516 2964 67 23 spray
1594 2956 44 24 had
1647 2957 85 23 dashed
1745 2957 58 23 clear
1815 2965 53 15 over

1284 2987 37 23 the
1329 2987 73 24 North
1409 2988 76 24 Head.
1508 2989 25 23 A
1540 2990 63 30 large
1611 2991 89 29 portion
1711 2990 25 23 of
1746 2990 37 23 the
1791 2990 77 24 dwell-

1284 3021 39 30 ing
1329 3020 70 24 house
1411 3022 24 22 of
1445 3022 37 23 the
1494 3023 77 23 officer
1592 3023 24 23 of
1637 3023 38 23 the
1691 3023 80 23 Water
1790 3024 78 23 Police

1285 3054 85 23 Station
1391 3054 43 23 had
1451 3055 58 23 been
1527 3056 91 23 washed
1635 3064 72 22 away,
1730 3056 44 23 and
1794 3065 42 15 one
1847 3057 25 23 of

1284 3087 37 22 the
1331 3087 64 23 boats
1406 3088 86 23 dashed
1503 3093 23 19 to
1539 3089 82 31 pieces.

1317 3127 47 23 The
1374 3128 115 31 following
1501 3133 87 19 extract
1600 3129 114 24 describes
1728 3129 38 24 the
1774 3130 94 31 damage

1286 3161 52 22 done
1350 3161 31 29 by
1393 3166 77 18 recent
1483 3162 82 23 floods.

1313 3198 23 22 In
1355 3205 151 21 consequence
1532 3200 25 21 of
1578 3200 37 21 the
1633 3201 46 21 late
1707 3201 73 28 heavy
1802 3202 65 26 rains,

1284 3227 54 19 most
1359 3225 27 21 of
1405 3225 37 22 the
1464 3226 88 27 bridges
1579 3227 99 22 between
1707 3229 91 27 Sydney
1827 3230 43 21 and

1285 3251 133 27 Razorback,
1437 3252 57 23 have
1516 3255 56 19 been
1595 3253 46 22 laid
1661 3255 73 21 under
1754 3258 73 24 water,
1846 3256 25 21 in

1285 3285 54 15 some
1351 3285 61 15 cases
1426 3286 23 14 so
1465 3279 55 28 deep
1537 3280 48 21 that
1599 3288 90 19 persons
1705 3289 28 14 on
1747 3281 124 24 horseback

1285 3305 43 21 had
1335 3309 22 17 to
1369 3305 61 22 swim
1437 3306 56 21 their
1503 3307 74 21 horses
1588 3314 51 15 over
1649 3308 71 22 above
1731 3309 74 27 them^
1809 3310 32 21 all
1848 3310 26 22 of

1285 3332 56 21 them
1355 3338 38 15 are
1409 3340 61 14 more
1480 3341 25 13 or
1519 3333 43 21 less
1579 3334 117 28 damaged,
1713 3335 44 22 and
1771 3343 60 15 some
1846 3338 28 20 of

1286 3359 57 21 them,
1353 3366 37 14 are
1400 3359 93 28 entirely
1504 3360 84 22 carried
1599 3368 68 25 away,
1679 3362 45 21 and
1734 3362 72 23 unless
1817 3364 53 27 they

1286 3392 35 14 are
1334 3385 152 28 immediately
1496 3387 103 28 replaced
1614 3388 89 22 neither
1712 3393 64 23 carts,
1795 3390 73 28 drays,

1285 3419 39 14 nor
1332 3412 116 27 carriages,
1460 3413 43 22 will
1512 3413 28 22 be
1551 3414 49 21 able
1611 3418 21 18 to
1642 3412 39 30 ply
1687 3423 28 14 on
1726 3416 59 22 these
1795 3417 73 22 roads.

1286 3439 45 21 The
1341 3439 91 21 Penrith
1447 3440 55 21 road
1516 3440 41 22 has
1569 3441 47 21 also
1630 3442 57 21 been
1704 3443 123 28 materially
1835 3444 35 21 in-

1282 3465 73 27 jured;
1367 3465 37 22 the
1416 3466 105 27 Neapean
1531 3474 47 15 rose
1588 3467 79 28 higher
1676 3469 24 21 in
1711 3469 37 22 the
1760 3471 78 21 course'
1848 3470 29 22 of'

1286 3499 13 14 a
1308 3491 38 23 few
1355 3492 67 22 hours
1433 3493 51 21 than
1492 3494 18 21 it
1519 3494 45 22 had
1575 3502 51 14 ever
1635 3495 58 22 done
1701 3496 77 21 before
1787 3497 35 22 for
1832 3497 38 22 the

1286 3518 41 22 last
1334 3523 80 23 twenty
1424 3526 70 20 years.

1313 3554 128 31 -Subjoined
1453 3556 19 22 is
1481 3556 38 22 the
1531 3556 68 23 latest
1611 3562 95 18 account
1714 3558 31 24 .of
1759 3554 41 27 the'
1807 3554 63 35 Syd-

1285 3595 42 22 ney
1336 3587 101 24 markets
1448 3588 54 23 with
1513 3589 75 22 which
1599 3597 32 15 we
1642 3590 58 23 have
1712 3596 48 18 met
1767 3600 6 15 :
1775 3604 34 4 —

1312 3630 83 26 During
1405 3630 37 21 the
1451 3630 67 28 week,
1531 3630 36 22 the
1577 3634 95 24 greatest
1680 3634 139 27 tranquillity
1828 3634 42 22 has

1285 3656 108 28 prevailed
1402 3657 23 21 in
1437 3657 36 21 the
1480 3658 147 21 Commercial
1636 3659 109 27 Markets,
1756 3660 44 22 and
1807 3661 63 22 busi-

1285 3690 47 15 ness
1339 3683 41 22 has
1388 3684 55 21 been
1450 3684 92 26 limited,
1552 3684 82 27 arising
1639 3686 57 22 from
1704 3686 37 22 the
1749 3687 121 22 inclement

1286 3714 51 17 state
1349 3710 25 21 of
1381 3710 40 25 the.
1428 3710 101 28 weather,
1532 3722 28 4 —
1560 3710 37 22 the
1608 3712 128 22 alterations
1745 3714 57 21 have
1809 3714 59 22 been

1285 3737 41 21 but
1332 3737 49 21 few.

1312 3770 45 22 Tea
1366 3770 40 22 has
1417 3770 107 27 declined,
1541 3770 44 22 and
1594 3778 50 21 may
1654 3779 51 15 now
1715 3773 29 21 be
1755 3774 82 27 quoted
1847 3777 24 18 at

1286 3797 34 23 £6
1333 3804 40 21 per
1392 3797 68 27 chest,
1473 3799 98 21 'without
1590 3805 44 20 any
1649 3799 62 27 large
1729 3799 56 23 sales
1800 3800 70 27 being

1287 3823 98 23 effected.

1313 3858 82 22 Sugar.
1396 3869 27 4 —
1425 3859 48 22 The
1487 3866 66 20 cargo
1565 3866 28 14 ex
1610 3859 95 21 Caroline
1717 3859 41 22 has
1768 3860 102 28 changed

1286 3884 74 27 hands,
1378 3885 41 22 but
1433 3886 38 21 the
1484 3886 70 26 figure
1571 3885 40 22 has
1625 3890 39 18 not
1679 3886 135 28 transpired;
1832 3887 37 22 the

1286 3910 83 23 holders
1381 3912 25 21 of
1413 3912 37 22 the
1461 3919 64 21 cargo
1536 3920 28 14 ex
1573 3914 51 19 Fair
1633 3914 128 21 Barbadian,
1771 3921 37 14 are
1820 3914 50 21 ask-

1285 3938 38 26 ing
1334 3938 48 23 £35
1397 3946 40 20 per
1447 3942 47 19 ton.
1523 3939 48 23 The
1586 3940 75 23 lowest
1675 3941 72 28 figure
1759 3943 23 20 at
1795 3940 74 23 which

1897 131 43 21 this
1949 130 75 22 article
2037 131 20 21 is
2065 137 51 15 now
2130 135 22 18 to
2168 132 29 22 be
2207 132 124 28 purchased
2344 133 19 22 is
2371 134 53 23 £30.
2453 135 28 22 In

1897 157 63 22 other
1969 157 89 21 articles
2067 157 61 23 there
2137 159 19 21 is
2165 166 29 15 no
2202 159 121 22 alteration.

1930 191 30 24 In
1969 191 102 24 addition
2079 196 22 19 to
2111 193 38 23 the
2156 195 85 23 vessels
2249 194 91 30 already
2349 197 132 23 announced

1896 232 25 16 as
1934 224 126 24 advertised
2078 226 24 22 in
2114 226 108 31 England
2241 227 35 23 for
2293 227 59 23 New
2371 228 108 30 Zealand,

1896 265 37 15 we-
1945 257 49 23 find
2007 257 32 31 by
2054 257 39 24 the
2110 258 90 32 Sydney
2216 257 99 32 Herald,
2336 260 39 24 the
2392 260 88 32 Tobago

1897 290 80 23 should
1988 290 29 23 be
2030 290 80 24 added.

1931 323 141 23 Mercantile,
2084 329 93 19 matters
2196 325 45 24 had
2251 325 69 25 much
2328 327 117 31 improved
2456 327 25 24 in

1897 356 99 30 Sydney,
2017 355 43 24 but
2071 357 45 22 had
2126 359 102 23 received
2239 367 12 15 a
2263 364 131 26 temporary
2407 360 72 23 check

1895 388 32 32 by
1940 389 37 23 the
1988 392 79 20 return
2080 390 24 22 of
2127 399 13 15 a
2150 391 63 31 large
2229 393 89 29 portion
2329 393 26 22 of
2370 393 37 23 the
2420 393 60 31 scrip

1895 421 77 24 issued
1982 421 32 31 by
2023 421 39 23 the
2082 422 65 24 Loan
2165 424 125 32 Company.
2338 425 58 24 This
2409 426 70 23 Com-

1895 463 61 22 pany
1966 455 20 22 is
1999 454 98 31 charged
2108 456 30 31 by
2158 456 38 24 the
2216 457 96 25 London
2331 457 74 23 Times
2425 459 55 23 with

1895 489 242 29 misrepresentations,
2146 490 45 22 and
2198 490 37 23 the
2243 491 77 23 article
2329 491 20 22 is
2358 491 123 24 concluded

1895 521 31 30 by
1935 529 12 14 a
1959 525 107 18 sentence
2076 521 73 23 which
2157 522 98 24 exhibits
2268 532 13 14 a
2298 525 94 22 ruinous
2411 532 68 23 pros-

1895 558 51 26 pect
1958 558 22 18 to
1994 553 38 23 the
2043 553 91 24 holders
2145 555 26 23 of
2179 555 46 23 this
2231 557 92 29 -species
2332 557 26 22 of
2365 562 115 26 property,

1896 586 46 23 and
1953 586 149 31 anticipating
2112 594 61 24 upon
2185 588 39 22 the
2234 590 80 22 arrival
2325 590 25 22 of
2365 590 37 24 the
2418 598 62 15 news

1939 621 67 30 panic
2017 620 24 22 in
2061 619 93 32 Sydney
2171 621 123 30 exceeding
2313 624 110 30 anything
2443 627 39 26 yet

1896 652 82 23 known
2007 653 24 22 in
2060 652 65 24 those
2234 666 33 4 —
2267 661 60 23 upon
2345 656 73 23 which
2443 656 38 23 the

1895 683 90 32 Sydney
1997 685 94 23 Herald
2100 686 104 23 remarks
2240 694 32 15 we
2284 691 60 19 trust
2355 689 18 22 it
2383 689 46 23 will
2439 693 41 19 not

1895 718 28 23 be
1935 727 24 14 so
1970 718 45 23 bad
2024 726 26 15 as
2059 718 38 24 the
2109 718 74 24 Times
2195 719 140 31 anticipates,
2347 720 42 25 but
2398 723 19 22 it
2434 722 46 23 will

1895 758 66 16 cause
1973 756 64 26 great
2050 751 92 25 distress
2144 765 33 4 —
2178 752 47 23 will
2236 753 50 22 ruin

1930 785 49 22 The
1992 785 67 22 latest
2071 785 62 23 dates
2144 785 104 24 received
2264 786 24 22 in
2304 786 92 31 Sydney
2413 795 31 23 up
2457 792 22 18 to

1895 817 38 23 the
1944 818 60 23 23rd
2016 818 75 29 April,
2105 826 57 16 were
2174 823 24 19 to
2210 818 38 24 the
2269 819 57 23 26th
2345 819 134 30 December,

1893 850 120 23 furnished
2023 851 32 29 by
2067 851 36 22 the
2116 851 113 24 Tomatin.
2305 866 3 6 >
2340 857 7 4 '

2004 912 73 24 THE
2096 913 104 24 FIRST
2217 913 149 26 EXPORT.

1928 969 43 23 We
1978 969 58 23 have
2048 969 54 31 long
2114 970 110 30 exported
2236 971 28 22 oil
2274 971 44 22 and
2330 971 64 24 other
2400 971 79 24 valua-

1893 1003 37 23 ble
1941 1002 100 31 produce
2062 1003 97 30 brought
2175 1002 57 24 liere
2243 1003 58 23 from
2314 1004 37 22 the
2370 1009 68 24 coast,
2455 1005 25 23 in

1895 1035 115 31 exchange
2032 1035 37 24 for
2092 1036 37 23 the
2153 1037 89 22 various
2263 1037 89 22 articles
2376 1037 104 24 obtained

1893 1069 59 23 from
1964 1069 38 23 the
2013 1069 130 23 merchants
2163 1070 25 22 of
2204 1070 37 22 the
2254 1075 52 25 port
2314 1079 5 19 ;
2341 1070 41 24 but
2392 1079 33 15 we
2438 1071 41 23 be-

1893 1102 66 28 lieve,
1970 1102 63 23 until-
2050 1110 58 21 now,
2121 1111 29 15 no
2172 1103 78 23 article
2269 1103 113 31 produced
2401 1104 80 23 within

1895 1135 37 24 the
1944 1135 57 24 Port
2010 1135 41 23 has
2060 1136 58 23 been
2128 1136 99 30 shipped
2237 1140 22 19 to
2268 1144 13 15 a
2288 1136 89 30 foreign
2386 1141 95 26 country

1894 1176 25 15 or
1938 1168 168 31 neighbouring
2124 1169 81 30 colony
2216 1169 35 23 for
2264 1169 54 23 sale.
2356 1169 39 23 On
2405 1169 74 24 Tues-

1894 1201 49 31 day,
1957 1201 39 23 the
2008 1200 29 23 Li
2047 1201 29 30 dy
2088 1200 75 32 Leigh
2182 1201 144 23 commenced
2345 1209 40 16 our
2401 1207 80 26 export

1894 1235 71 28 trade,'
1976 1235 30 29 by
2018 1234 82 31 taking
2117 1239 21 18 to
2161 1234 93 31 Sydney
2271 1237 30 20 20
2319 1238 52 20 tons
2387 1235 23 23 of
2425 1244 56 22 very

1893 1268 45 22 fine
1947 1272 112 26 potatoes,
2073 1275 77 22 grown
2159 1267 31 31 by
2203 1267 47 23 Mr.
2261 1267 149 24 Molesworth
2420 1277 61 23 upon

1894 1301 39 23 the
1957 1300 68 24 Hutt.
2064 1300 147 31 Mentioning
2232 1300 37 23 the
2289 1300 70 29 Hutt,
2378 1309 32 15 we
2429 1310 52 23 may

1895 1334 93 23 observe
2008 1334 50 22 that
2076 1341 32 15 we
2128 1333 141 24 imderstand
2279 1334 49 23 that
2339 1334 78 24 fifteen
2429 1340 50 18 tons

1895 1367 26 23 of
1931 1371 102 26 potatoes
2051 1371 23 19 to
2093 1367 37 23 the
2150 1374 51 16 acre
2218 1367 56 23 have
2291 1367 58 23 been
2368 1368 111 29 obtained,

1895 1400 43 23 and
1950 1400 51 23 that
2012 1408 13 15 a
2037 1400 67 23 small
2123 1400 66 30 patch
2203 1400 26 23 of
2242 1400 80 28 wheat,
2341 1408 62 24 upon
2416 1409 63 16 mea-

1895 1437 123 24 surement,
2039 1433 91 23 showed
2154 1433 38 23 the
2211 1441 53 23 crop
2286 1438 23 18 to
2326 1433 30 23 be
2374 1434 65 31 equal
2457 1439 23 19 to

1894 1465 75 31 ninety
1988 1466 94 23 bushels
2100 1471 22 18 to
2142 1467 38 22 the
2197 1474 58 15 acre.
2292 1466 69 28 Poor,
2379 1468 100 30 pitiable,

1895 1500 110 29 starving,
2017 1500 108 29 helpless,
2137 1500 58 22 Port
2206 1499 126 23 Nicholson
2343 1500 88 24 settlers
2439 1501 5 23 !

1935 1559 136 24 CATTLE
2090 1559 71 24 AND
2181 1559 121 25 OTHER
2321 1560 118 24 STOCK.

1930 1614 43 23 We
1997 1616 58 22 have
2078 1615 57 23 been
2144 1638 7 4 .
2158 1616 112 23 informed
2292 1616 48 23 that
2363 1617 36 23 the
2422 1617 57 25 Drs.

1897 1648 82 30 Imky,
1996 1649 24 22 of
2039 1648 105 24 Twofold
2162 1649 58 30 Bay,
2239 1649 56 23 have
2314 1649 88 24 divided
2422 1651 59 24 their

1897 1682 72 26 stock,
1991 1682 44 22 and
2053 1682 82 30 agreed
2154 1682 56 23 each
2222 1687 21 18 to
2260 1682 50 31 ship
2323 1687 21 19 to
2360 1684 121 30 particular

1896 1715 75 30 places
1991 1720 22 18 to
2035 1715 65 23 avoid
2119 1716 134 30 interfering
2269 1716 54 23 with
2334 1717 55 23 each
2404 1717 77 24 others

1896 1748 110 23 markets.
2043 1748 73 28 Thus,
2126 1750 23 21 in
2162 1748 96 23 relation
2269 1753 23 19 to
2304 1749 58 24 New
2373 1750 107 30 Zealand,

1898 1789 41 15 one
1959 1781 25 23 of
1999 1781 64 23 these
2082 1783 129 28 gentlemen
2233 1783 17 22 is
2269 1786 21 19 to
2308 1782 51 31 ship
2378 1784 64 23 stock
2459 1788 22 19 to

1897 1814 122 23 Auckland
2033 1814 45 23 and
2090 1816 29 21 its
2132 1815 185 31 neighbourhood
2325 1825 7 19 ;
2354 1816 93 24 another
2459 1821 22 19 to

1897 1848 38 22 the
1949 1847 138 31 Company's
2107 1849 116 30 Principal
2242 1849 135 23 Settlement
2390 1851 44 22 and
2451 1851 30 22 its

1898 1881 89 22 natural
2005 1881 164 30 dependencies
2179 1891 6 19 ;
2207 1882 43 22 and
2268 1882 37 23 the
2323 1882 61 24 third
2402 1887 22 19 to
2442 1884 38 23 the

1898 1914 87 23 Second
2006 1914 143 24 Settlement.
2186 1915 29 23 In
2229 1916 131 22 connection
2371 1916 54 23 with
2436 1917 45 23 this

1897 1953 167 25 arrangement,
2078 1948 36 22 the
2123 1947 111 24 Brilliant
2246 1948 40 23 has
2299 1948 90 32 already
2400 1950 81 23 landed

1897 1980 68 22 about
1977 1988 42 14 one
2031 1980 104 23 hundred
2147 1980 44 23 and
2203 1981 70 30 thirty
2284 1981 58 23 head
2351 1987 23 18 at
2386 1983 95 28 Nelson,

1896 2013 44 21 and
1951 2013 61 29 forty
2023 2013 59 21 head
2092 2013 62 22 here.
2192 2013 75 22 These
2278 2014 66 21 cattle
2358 2014 54 23 have
2423 2015 58 22 been

1896 2044 81 23 landed
1996 2046 23 21 in
2041 2045 111 23 excellent
2170 2046 72 28 order,
2262 2046 85 30 arising
2366 2047 58 23 from
2444 2046 37 24 die

1897 2078 141 23 remarkable
2059 2078 138 31 advantages
2218 2079 72 22 which
2307 2079 103 24 Twofold
2431 2080 51 31 Bay

1896 2116 103 25 presents
2011 2119 25 15 as
2048 2119 14 14 a
2074 2112 63 29 place
2147 2112 59 22 from
2219 2112 73 22 which
2304 2117 22 18 to
2338 2112 51 31 ship
2405 2114 75 23 cattle.

1897 2144 50 22 The
1959 2145 67 22 cattle
2043 2145 95 30 shipped
2149 2146 59 22 from
2226 2145 91 31 Sydney
2329 2154 37 15 are
2384 2147 97 31 brought

1897 2177 114 24 hundreds
2023 2178 26 23 of
2062 2178 73 29 miles,
2151 2178 52 29 and,
2217 2179 24 22 of
2255 2187 85 20 course,
2354 2187 53 23 very
2419 2188 61 15 com-

1896 2211 77 30 monly
1992 2211 74 23 arrive
2085 2211 62 23 there
2169 2213 25 21 in
2217 2220 28 15 an
2269 2212 123 24 exhausted
2414 2218 66 24 state,

1897 2245 116 30 requiring
2025 2245 110 23 attention
2147 2246 35 22 for
2195 2253 62 15 some
2269 2246 52 22 time
2340 2246 76 23 before
2428 2246 54 31 they

1897 2278 74 22 would
1982 2278 28 22 be
2022 2278 24 22 in
2056 2286 13 15 a
2081 2279 115 22 condition
2206 2279 27 22 fit
2241 2279 35 22 for
2288 2279 113 30 shipment
2410 2289 6 19 ;
2436 2280 45 23 this

1897 2311 74 22 would
1989 2311 26 22 be
2035 2311 105 23 attended
2158 2311 55 23 with
2226 2320 12 14 a
2254 2312 104 23 material
2375 2321 106 23 expense,

1897 2343 73 23 which
1991 2345 76 30 prices
2085 2345 73 23 would
2175 2350 42 18 not
2232 2345 88 31 justify,
2342 2346 45 23 and
2408 2346 75 23 which

1897 2377 66 23 could
1975 2381 38 19 not
2024 2378 29 22 be
2067 2378 68 30 given
2146 2378 41 23 but
2201 2383 23 18 at
2235 2379 37 22 the
2283 2379 48 22 risk
2344 2379 26 23 of
2379 2379 102 31 destroy-

1897 2411 39 30 ing
1954 2411 38 22 the
2010 2411 72 23 trade.
2119 2412 33 22 At
2170 2411 105 24 Twofold
2292 2412 50 30 Bay
2360 2413 36 22 the
2415 2413 67 23 cattle

1897 2451 37 15 are
1952 2451 25 16 in.
1999 2444 39 23 the
2060 2444 195 31 neighbourhood,
2279 2445 44 23 and
2344 2445 57 24 have
2423 2446 59 31 good

1896 2481 121 27 pasturage
2036 2482 23 18 to
2081 2477 38 23 the
2140 2483 65 26 port;
2231 2479 52 30 they
2304 2486 46 21 are,
2363 2479 118 29 therefore,

1896 2514 41 26 put
1958 2518 28 15 on
2005 2510 71 23 board
2095 2511 24 23 in
2138 2512 37 22 the
2187 2512 51 23 best
2248 2512 99 30 possible
2361 2512 121 30 condition,

1897 2543 50 28 and,
1969 2543 20 23 if
2009 2544 39 22 the
2071 2552 95 23 passage
2191 2546 19 22 is
2234 2545 109 30 tolerably
2361 2546 120 29 fortunate,

1897 2577 72 22 arrive
1981 2580 23 19 at
2015 2576 61 23 their
2095 2576 136 25 destination
2250 2578 77 31 nearly
2342 2579 25 23 in
2379 2579 36 23 the
2428 2587 54 15 con-

1896 2609 71 23 dition
1988 2611 22 21 in
2030 2610 74 22 which
2123 2611 53 30 they
2199 2619 57 15 were
2279 2611 102 31 shipped.
2417 2612 65 23 With

1895 2647 124 25 respectto
2032 2644 69 29 price,
2114 2643 18 23 it
2148 2652 53 22 may
2212 2644 28 23 be
2257 2645 127 29 remarked,
2400 2653 84 23 among

1897 2675 36 23 the
1945 2683 123 15 numerous
2078 2676 76 31 places
2166 2681 23 18 to
2203 2677 71 23 which
2286 2677 39 23 the
2337 2677 56 25 Drs.
2406 2679 77 31 Imlay

1897 2708 58 31 ship,
1985 2708 93 31 Sydney
2102 2709 30 23 is'
2140 2709 114 29 included,
2274 2710 19 23 it
2310 2718 53 23 may
2380 2712 27 22 be
2429 2719 54 16 con-

1898 2742 81 22 cluded
2007 2742 119 29 therefore,
2152 2742 49 24 that
2226 2743 53 31 they
2295 2750 42 16 can
2357 2744 81 31 supply
2457 2752 28 16 us

1897 2782 29 15 on
1937 2775 73 22 better
2020 2780 70 18 terms
2102 2775 56 24 than
2176 2776 104 30 shippers
2292 2776 59 23 from
2363 2785 43 23 any
2419 2778 64 23 other

1896 2813 51 25 part
1975 2809 25 21 of
2020 2808 59 23 New
2109 2809 74 23 South
2211 2809 86 24 Wales.
2342 2809 143 33 Respecting

1897 2841 75 28 breed,
1994 2849 33 15 we
2046 2849 51 23 may
2110 2842 96 23 observe
2227 2843 47 23 that
2293 2851 33 15 we
2345 2844 140 23 entertained

1898 2874 36 23 the
1946 2874 51 24 idea
2008 2875 54 23 that-
2071 2875 36 23 the
2119 2876 56 23 Drs.
2191 2876 75 31 Imlay
2283 2884 57 16 were
2359 2877 126 23 celebrated

1896 2908 76 22 rather
1988 2908 34 23 for
2034 2909 111 23 immense
2156 2909 69 23 herds
2236 2909 55 24 than
2306 2910 35 23 for
2353 2910 74 29 breed,
2443 2910 42 23 but

1897 2941 38 23 the
1945 2941 67 23 cattle
2024 2942 99 30 brought
2135 2947 22 19 to
2167 2943 59 23 New
2238 2943 100 23 Zealand
2351 2943 134 24 establishes

1897 2974 59 23 their
1968 2975 66 22 claim
2047 2975 90 31 equally
2146 2976 120 31 totality
2276 2984 24 15 as
2309 2981 24 18 to
2346 2976 123 32 quantity.'

1931 3007 44 23 We
1994 3015 59 15 were
2074 3008 92 31 pleased
2184 3014 24 18 to
2227 3017 37 16 see
2281 3010 49 22 that
2347 3010 44 24 Dr.
2409 3010 76 31 Imlay

1898 3048 44 15 was
1956 3041 139 24 determined
2109 3047 21 18 to
2143 3043 52 30 give
2206 3043 38 22 the
2257 3043 89 25 settlers
2360 3043 36 23 the
2406 3043 79 24 fullest

1898 3074 84 22 benefit
1994 3074 25 23 of
2035 3074 37 24 his
2085 3076 60 23 visit.
2183 3076 95 31 Having
2290 3076 103 23 obtained
2405 3084 13 14 a
2429 3083 55 16 con-

1898 3107 110 23 siderable
2026 3116 52 15 sum
2090 3108 24 23 of
2130 3117 83 23 money
2225 3109 57 23 from
2295 3109 36 22 the
2346 3109 137 29 settlement,

1898 3140 29 23 he
1945 3141 74 30 began
2036 3145 23 19 to
2078 3143 91 30 enquire
2188 3142 100 23 whether
2307 3142 29 22 he
2359 3142 65 22 could
2446 3147 40 26 get

1900 3174 99 31 supplies
2011 3175 36 22 for
2058 3175 35 23 his
2104 3177 96 22 stations
2210 3175 59 22 from
2280 3174 148 31 Wellington,
2440 3176 45 23 and

1899 3214 33 16 we
1951 3208 62 24 have,
2025 3208 47 22 had
2089 3208 37 23 the
2146 3209 102 30 pleasure
2269 3207 24 23 of
2313 3208 79 31 seeing
2413 3209 74 30 goods

1900 3240 106 31 shipping
2017 3242 24 22 in
2052 3241 38 23 the
2101 3241 113 23 Brilliant
2224 3240 35 23 for
2270 3240 103 24 Twofold
2384 3241 59 31 Bay.

1933 3274 44 23 Dr.
1991 3274 76 31 Imlay
2078 3282 45 16 was
2136 3272 130 25 astonished
2278 3277 21 19 to
2310 3273 49 24 find
2376 3274 37 24 the
2431 3283 55 22 pro-

1900 3314 64 23 gress
1981 3307 91 30 already
2084 3308 65 22 made
2160 3312 23 18 at
2195 3307 57 23 Port
2264 3306 132 30 Nicholson,
2409 3309 46 22 and
2463 3309 25 22 is.

1899 3340 114 31 generally
2026 3348 26 15 so
2067 3340 51 23 well
2129 3339 100 24 satisfied
2240 3339 54 23 with
2305 3339 36 24 his
2356 3342 44 30 trip
2413 3346 23 18 to
2447 3339 38 25 tlie

1900 3373 56 23 New
1980 3373 101 23 Zealand
2105 3372 136 31 Company's
2261 3372 155 31 Settlements,
2435 3375 51 22 that

1900 3414 32 17 w.e
1943 3415 53 22 may
2008 3406 136 30 confidently
2155 3410 58 18 state
2226 3404 48 25 that
2286 3406 39 23 the
2337 3408 89 23 settlers
2438 3408 47 23 will

1899 3439 169 23 henceforward
2086 3439 26 23 be
2125 3438 139 31 abundantly
2275 3440 104 31 supplied
2390 3441 54 23 with
2455 3448 30 16 an

1889 3467 5 7 '
1900 3472 111 23 excellent
2020 3471 69 24 breed
2102 3472 24 23 of
2136 3471 66 24 stock
2215 3479 27 16 on
2250 3472 38 24 the
2299 3478 61 19 most
2370 3474 115 24 moderate

1899 3509 77 19 terms.

1932 3556 51 23 The
1997 3556 58 23 18th
2068 3556 24 22 of
2101 3556 53 30 July
2162 3557 19 23 is
2194 3557 38 23 the
2242 3557 69 25 latest
2322 3559 52 23 date
2382 3558 101 24 received

1898 3590 24 22 in
1933 3589 117 31 England,
2062 3589 58 24 from
2132 3589 150 31 Wellington.
2310 3609 6 7 ,

1901 3647 29 19 To
1939 3646 35 20 the
1985 3646 78 20 Editor
2072 3646 26 25 of
2107 3648 34 19 the
2178 3649 54 20 New
2244 3643 94 26 Zealand
2349 3650 85 20 Gazette
2443 3649 43 20 and

2056 3674 125 26 Wellington

1932 3707 79 23 Dear
2026 3707 54 30 Sir,
2081 3721 34 3 —
2117 3708 24 24 It
2157 3709 50 24 has.
2214 3710 50 31 just
2282 3711 107 24 occurred
2407 3715 23 20 to
2448 3718 36 16 me

1899 3740 49 23 that
1958 3740 39 23 the
2008 3740 116 33 following
2133 3743 109 23 statistics
2254 3752 52 23 may
2317 3745 28 23 be
2358 3743 127 32 acceptable

1899 3778 23 18 to
1934 3773 37 23 the
1983 3773 92 24 readers
2087 3775 25 22 of
2126 3775 38 24 the
2180 3775 102 26 Gazette.

2156 3809 14 23 I
2183 3817 44 20 am,
2240 3810 53 23 dear
2305 3810 46 28 Sir,

2201 3842 78 23 Yours
2290 3843 123 30 faithfully,

2231 3875 82 25 Fred.
2327 3876 22 24 J.
2363 3876 88 24 Knox.

1932 3905 72 24 Table
2016 3906 103 32 shewing
2136 3907 38 24 the
2191 3908 95 24 number
2298 3909 26 22 of
2337 3909 86 23 vessels
2443 3908 43 24 and

1898 3938 59 25 their
1980 3944 107 26 tonnage,
2108 3941 75 25 which
2202 3941 59 25 have
2280 3941 89 25 arrived
2386 3946 23 20 at
2430 3942 56 25 Port

704 43 100 46 Wt)t
827 42 121 41 Xcto
973 42 210 42 &ealattb
1206 42 187 47 ©a?*ti*
1417 43 93 42 anft
1532 43 303 46 WMUixQt^n
1857 40 254 50 Sptttatot.

1402 278 97 21 Notice
1514 280 30 19 to
1559 279 181 21 Subscribers.

1285 315 75 24 Papers
1374 315 46 19 will
1431 316 37 18 not
1482 315 23 20 be
1517 316 47 20 sent
1580 316 21 20 to
1612 322 89 19 persons
1713 316 65 26 living
1792 318 36 18 out
1845 316 27 25 of

1310 349 52 19 Port
1371 348 119 26 Nicholson,
1506 350 69 20 unless
1590 352 155 24 arrangements
1757 357 36 13 are
1808 351 60 19 made

1306 382 35 24 for
1350 383 35 19 the
1390 384 100 24 payment
1499 384 27 25 of
1531 384 35 20 the
1575 390 61 20 same,
1647 385 94 25 through
1750 391 26 13 an
1788 385 78 25 Agent,

1312 417 22 19 at
1343 416 132 26 Wellington.
1485 417 2 5 '

767 129 193 26 Immigration
978 129 184 26 Department.
1190 136 5 24 \

675 162 205 24 /CLASSIFIED
893 154 39 29 list
942 162 26 21 of
978 161 140 27 immigrants
1130 163 96 28 brought
1235 167 19 19 to

675 194 41 18 V/
746 188 136 27 Wellington
903 191 23 19 at
941 188 38 22 the
995 195 98 20 expense
1103 189 33 20 'of
1152 190 37 22 the
1203 191 51 21 New

673 216 99 22 Zealand
791 215 123 27 Company,
933 215 25 21 in
981 214 39 21 the
1039 214 50 28 ship
1106 216 91 28 London,
1217 217 37 23 700

673 246 57 23 tons,
743 242 92 27 Captain
845 241 105 27 Atwood,
959 241 59 21 from
1028 241 103 22 London.

983 274 54 16 Male.
1059 274 79 17 Female.
1179 276 57 18 Total.

701 302 87 27 Adults,
800 301 97 22 married
987 302 27 21 55
1096 302 26 21 55
1190 306 40 20 HO

713 329 52 27 Do.,
801 329 71 27 single
990 330 26 19 12
1099 330 26 19 13
1204 331 26 22 25

989 382 27 21 67
1098 382 26 21 67
1150 385 2 6 '
1191 384 37 22 135

701 405 104 26 Cliildren
814 409 104 21 between
927 409 14 21 7
951 408 45 21 and
1006 409 27 20 14
1042 414 64 21 years
1113 423 61 7 .....
1204 412 27 20 48

927 438 9 18 1
950 435 46 21 and
1017 436 14 21 7
1203 438 27 21 43

924 461 78 22 Under
1018 463 10 19 1
1205 465 25 20 19

806 515 66 22 Total
1189 517 39 22 245

951 568 84 17 Married.
1091 567 66 21 Single.
1177 570 57 17 Total.

699 596 151 27 Agricultural
858 596 104 21 labourer
976 597 27 20 18
1110 597 16 19 4
1203 600 28 19 22

700 624 91 21 Baker-*
989 624 14 19 2
1111 623 14 20 0
1217 626 14 19 2

701 649 138 22 Blacksmith
990 650 12 20 3
1113 650 11 19 1
1217 652 15 20 4

700 676 146 22 Boot-maker
989 677 14 19 2
1113 677 11 19 1
1217 679 13 20 3

699 703 129 27 Bricklayer
950 702 52 22 .7
1111 703 14 19 0
1217 704 13 22 7

699 729 146 22 Brickmaker
990 730 10 20 1
1111 730 15 20 0
1218 732 10 19 1

701 756 183 22 Cabinet-maker
989 757 13 20 3
1111 757 14 19 0
1217 759 13 20 3

701 783 120 26 Carpenter
990 783 13 21 6
1111 783 15 19 4
1205 786 26 19 10

701 809 56 22 Flax
767 809 85 21 dresser
989 810 11 20 1
1111 810 14 20 0
1218 812 10 19 1

701 836 115 21 Gardener
937 834 7 21 '.
952 850 5 5 .
990 836 12 20 5
1113 837 11 19 1
1217 838 13 20 6

699 863 190 21 Harness-maker
911 877 46 5 ....
990 863 11 20 1
1112 863 14 20 0
1219 864 9 20 1

699 889 93 22 Painter
988 890 14 20 3
1111 890 14 19 0
1217 892 13 19 3

700 916 90 27 Sawyer
988 916 16 20 4
1111 917 14 19 0
1216 918 14 19 4

976 969 28 21 56
1099 970 25 20 11
1204 971 26 21 67

699 997 133 26 Sempstress
1110 997 14 19 6
1216 999 13 19 6

700 1023 93 21 Servant
1111 1022 14 22 7
1162 1030 6 7 '
1217 1024 37 24 7..

860 1075 65 26 Tptal
1202 1079 27 20 80

916 1110 30 21 D.
957 1110 139 26 RIDDIFORD,

986 1136 153 27 Immigration
1150 1138 79 26 Agent.

683 1181 78 24 |/\OR
775 1181 84 27 SALE,
870 1181 31 27 by
912 1181 37 21 the
959 1181 149 27 undersigned
1108 1192 28 4 —

698 1235 104 27 Superior
811 1237 50 24 port
871 1234 45 22 and
925 1235 78 26 sherry
1012 1235 23 21 in
1048 1242 67 21 cases,

698 1261 144 27 Champagne
852 1261 23 21 in
887 1261 63 27 ditto,

699 1288 91 27 Brandy
800 1289 23 20 in
834 1292 90 23 quarter
934 1288 71 27 casks,

699 1315 46 21 Gin
754 1315 24 21 in
788 1314 64 22 hhds.

996 1342 26 22 T.
1035 1343 33 21 M.
1085 1343 140 22 Partridge.

673 1368 80 22 March
763 1369 33 26 25,
807 1369 62 20 1842.

701 1414 76 37 ~jMfa
812 1417 222 25 /CONSIGNEES
1051 1418 39 21 OF
1105 1419 107 28 GOODS,
1229 1427 25 14 ex

692 1440 90 38 T^^Hra
882 1445 95 24 London,
994 1452 36 14 are
1045 1445 117 27 requested
1172 1449 20 18 to
1206 1454 48 20 pass

674 1466 131 31 iji^TTT^iii
824 1471 58 21 their
898 1472 82 21 entries
999 1475 23 17 at
1036 1472 37 20 the
1090 1472 164 23 Custom-house

822 1498 45 21 and
877 1499 56 21 send
943 1498 113 26 alongside
1063 1498 34 22 for
1107 1499 57 21 their
1174 1500 80 27 Goods,

673 1523 111 22 otherwise
804 1524 53 28 they
873 1525 46 21 will
936 1526 29 20 be
984 1525 98 27 charged
1098 1526 37 20 the
1148 1527 61 21 usual
1219 1527 35 21 de-

673 1557 107 21 murrage.

965 1579 83 21 Waitt
1063 1578 43 22 and
1120 1579 82 27 Tyser,

1148 1607 80 23 Agent.

104 136 23 25 -,
146 120 245 49 GOVERNMENT
419 119 169 39 ftOTICE.^

307 167 142 27 Wellington,
454 158 62 37 [May
524 169 21 25 4,
557 168 60 20 1842.

57 201 149 50 NOTICE
217 202 40 26 ,'IS
282 200 129 23 HEREBY
424 191 189 41 JGIVEN^<hat
614 198 3 7 1
615 206 30 18 ,.a

128 231 4 4 '
141 228 87 27 County
235 229 69 21 Court
314 228 26 21 of
347 227 56 22 Civil
410 226 62 23 arid'
472 226 101 23 Criminal
580 226 65 21 Judi-

59 258 75 18 cature
144 255 35 21 for
188 255 36 21 the
235 254 111 22 Southern
355 254 94 21 District
461 254 25 21 of
496 253 56 22 New
562 253 81 26 Ulster,

59 281 45 21 will
122 281 29 21 be
169 280 90 28 holden,
277 280 78 22 within
374 280 38 21 the
433 280 68 22 Court
520 280 85 25 House,
623 283 22 17 at

59 307 136 27 Wellington
213 306 116 26 aforesaid,
349 313 28 14 on
398 306 108 27 Tuesday,
532 306 38 21 the
593 306 52 22 17th

57 334 94 27 instant,
162 338 23 18 at
193 336 14 20 9
219 333 87 22 o'clock
319 334 25 20 in
359 333 39 21 the
407 333 116 25 forenoon,
534 332 64 22 when
616 332 29 21 all

57 367 91 20 persons
156 360 71 28 und^r
235 360 158 26 recognizance
402 363 23 18 to
441 366 81 21 appear
532 366 24 15 as
571 365 74 21 prose-

59 390 78 24 cutors,
158 387 118 25 witnesses,
296 393 26 14 or
341 386 139 26 defendants,
500 386 76 23 before
590 385 54 22 such

59 414 74 26 Court,
154 420 37 15 are
209 412 104 28 required
330 416 24 18 to
370 413 52 26 give
440 412 59 22 their
512 412 133 22 attendance

57 440 54 21 then
121 439 44 22 and
177 439 73 27 there;
266 438 45 23 and
322 439 29 21 all
360 446 92 20 persons
467 439 50 22 who
533 439 57 22 have
606 445 39 20 ap-

57 466 63 27 peals
134 470 24 17 to
172 466 111 27 interpose
294 473 24 14 or
334 466 62 21 other
407 466 99 21 business
517 469 22 18 to
550 468 95 19 transact

57 499 38 14 are
112 492 88 22 desired
210 496 23 17 to
249 492 50 27 give
309 492 59 21 their
381 492 140 27 attendance,
532 492 54 21 time
600 491 50 22 and'

56 518 64 28 place
130 519 115 22 aforesaid.

302 545 95 22 Robert
412 545 28 22 R.
457 546 99 25 Strang,

380 571 67 22 Clerk
457 572 26 21 of
490 572 37 21 the
537 572 79 21 Peace.

149 616 111 28 Principal
272 616 128 27 Surveyor's
410 616 77 27 Office,
499 616 144 27 Wellington,

310 643 56 27 May
374 644 20 25 4,
407 644 59 20 1842.

57 676 147 49 NOTICE
224 677 28 22 IS
271 677 131 21 HEREBY
421 677 107 26 GIVEN,
548 677 50 20 that
616 683 27 14 on

140 703 107 27 Monday,
266 704 60 21 June
341 705 19 24 6,
377 704 59 26 1842,
448 703 37 22 the
501 703 108 27 township
623 703 24 21 of

57 729 129 28 Wanganui
195 730 46 21 and
250 730 96 27 Country
346 730 111 27 Sections
465 730 24 21 in
497 730 49 21 that
552 730 91 27 district,

55 756 47 21 will
111 757 28 20 be
149 756 83 22 thrown
240 764 57 20 open
307 757 36 20 for
349 756 105 23 selection
464 760 23 18 at
495 757 37 21 the
538 756 107 22 Resident

57 783 129 27 Surveyor's
196 783 70 22 Office
282 786 24 18 at
318 783 136 27 Wanganui,
466 786 23 19 at
499 785 24 20 11
536 791 48 14 a.m.
595 790 50 24 pre-

56 809 77 27 cisely,
148 810 45 21 and
202 810 56 21 close
268 814 23 17 at
299 810 16 21 4
325 817 46 14 p.m.
381 817 5 19 ;
402 817 41 14 one
452 810 51 21 half
508 810 38 21 the
557 809 88 22 choices

56 836 46 21 will
109 837 30 20 be
149 837 63 21 made
220 844 29 13 on
259 836 37 21 the
306 836 49 21 first
362 837 50 27 day,
420 837 45 22 and
476 837 35 21 the
518 836 127 22 remainder

57 870 30 14 on
96 862 38 22 the
145 863 79 21 second
233 870 25 14 or
268 863 114 27 following
392 863 50 28 day.

83 889 48 22 The
148 889 66 22 Plans
223 889 45 22 will
281 889 30 22 lie
326 897 57 20 open
392 890 34 21 for
442 890 123 28 inspection
576 892 22 19 at
607 890 37 21 the

57 915 113 28 Principal
180 917 128 26 Surveyor's
326 917 70 20 Office
414 920 22 18 at
446 917 144 27 Wellington,
600 916 45 21 and

56 945 24 19 at
88 942 37 22 the
136 943 109 21 Resident
252 943 131 26 Surveyor's
393 943 71 22 Office
474 947 23 18 at
506 943 136 26 Wanganui,

54 969 59 21 from
130 969 28 21 10
172 977 47 14 a.m.
236 972 23 19 to
273 971 14 20 4
302 977 48 14 p.m.
367 970 59 27 daily
436 971 56 21 until
509 971 39 21 the
565 971 42 26 day
622 970 25 21 of

56 995 114 23 selection.

218 1023 94 22 Samuel
328 1023 107 22 Charles
450 1024 84 27 Brees,

282 1049 112 29 Principal
405 1051 115 26 Surveyor,

318 1077 57 21 New
384 1077 102 21 Zealand
496 1078 119 26 Company.

55 1121 68 21 Port
139 1121 153 22 Nicholson
315 1122 166 21 Mechanics'
501 1123 142 25 Institute,

136 1148 97 21 Public
247 1148 109 25 School,
371 1149 55 20 and
440 1149 122 26 Library.

56 1181 73 48 ON
145 1181 145 22 TUESDAY
311 1181 147 23 EVENING
478 1182 93 27 NEXT,
588 1183 55 27 May

120 1207 59 26 10th,
190 1216 13 14 a
215 1216 102 14 lecture
334 1208 45 22 will
393 1208 28 22 be
438 1209 114 21 delivered
568 1210 22 21 in
606 1210 37 21 the

55 1233 84 23 Rooms
158 1230 26 25 of
204 1235 36 21 the
266 1235 71 21 above
356 1235 136 27 Institution,
510 1236 30 27 by
556 1236 42 22 Mr.
620 1237 22 21 J.

54 1260 148 28 Woodward,
221 1261 54 27 (late
292 1262 85 22 Master
396 1262 26 21 of
438 1263 37 21 the
492 1263 83 21 British
591 1263 52 28 Day

55 1287 87 28 School,
175 1288 141 27 Shoreditch)
351 1296 30 14 on
408 1289 144 22 Education.
595 1290 47 22 The

55 1314 97 22 Lecture
171 1315 44 21 will
234 1315 108 28 comprise
343 1326 26 5 —
371 1315 99 23 General
489 1316 56 22 view
564 1317 25 21 of
605 1317 37 21 the

55 1341 88 27 subject
143 1352 27 5 —
171 1341 125 23 Education
307 1338 32 26 'as
358 1350 13 14 a
387 1342 91 22 Science
479 1355 26 3 —
505 1344 34 21 To
555 1343 29 22 be
599 1343 44 21 dis-

55 1367 129 27 tiuguished
210 1369 58 21 from
297 1369 134 22 Instruction
440 1381 28 4 —
475 1371 43 21 Art
541 1371 26 21 of
586 1371 56 21 Mis-

54 1394 125 22 Education
180 1406 27 5 —
207 1395 64 27 Duty
281 1395 26 21 of
320 1403 14 13 a
344 1396 145 28 Community
497 1397 23 21 in
531 1397 79 27 regard
621 1402 21 16 to

54 1421 38 21 the
104 1421 123 23 Education
242 1423 26 21 of
280 1422 28 22 its
320 1422 120 22 Members.
468 1424 33 21 To
512 1431 130 14 commence

54 1450 23 18 at
90 1448 51 22 half
156 1452 49 23 past
219 1456 68 14 seven
304 1449 85 21 o'clock
407 1450 116 27 precisely.
553 1450 89 22 Admit-

52 1477 64 19 tance
121 1477 23 19 to
150 1476 120 27 Members,
280 1475 59 26 (who
349 1483 38 14 are
395 1476 93 22 allowed
499 1484 21 14 to
525 1477 117 22 introduce

54 1508 14 14 a
81 1501 63 27 lady)
158 1502 45 22 free
211 1510 6 19 ;
235 1505 21 19 to
270 1503 192 22 non-subscribers
478 1505 30 20 Is.
538 1504 69 22 Cards
620 1504 25 21 of

54 1527 151 29 Membership
211 1536 38 14 are
256 1536 50 14 now
315 1529 76 27 ready,
399 1530 45 22 and
451 1538 41 14 can
501 1531 30 21 be
537 1531 105 21 obtained

54 1554 26 22 of
83 1555 44 21 Mr.
134 1555 22 21 J.
164 1555 104 28 Jackson,
275 1555 36 22 the
318 1556 126 28 Treasurer,
452 1557 188 28 Lambton-quay.

271 1590 63 21 John
350 1590 123 28 Knowles,
490 1592 122 26 Secretary.

81 1615 56 27 May
146 1616 21 26 5,
179 1618 59 20 1841.

233 1661 82 21 Clerk
329 1661 125 21 Wanted.

52 1693 177 50 WANTED
245 1702 13 14 a
272 1694 68 22 Clerk
354 1698 23 18 at
393 1695 36 22 the
445 1696 76 21 Union
538 1696 67 22 Bank
619 1696 25 21 of

137 1721 119 27 Australia,
267 1721 149 25 Wellington.-
447 1723 76 27 Apply
537 1723 30 27 by
576 1723 66 22 letter

52 1748 55 26 only,
124 1747 118 23 addressed
259 1751 22 18 to
297 1748 39 21 the
351 1749 114 27 Mariager,
478 1750 83 26 stating
576 1757 65 21 expe-

51 1774 83 26 rience,
153 1775 129 27 references,
302 1776 41 21 &c.
382 1776 100 28 Security
497 1776 46 22 will
560 1777 27 22 be
606 1784 35 14 re-

52 1800 85 28 quired.

80 1828 55 26 May
142 1829 21 25 4,
174 1829 60 21 1842.

51 1872 177 49 WANTED
239 1873 238 27 IMMEDIATELY,
483 1882 13 14 a
504 1875 136 21 Gentleman

149 1903 21 17 to
191 1900 53 21 Edit
258 1900 38 21 the
311 1901 53 20 New
381 1902 94 20 Zealand
494 1902 87 20 Gazette
600 1903 42 19 and

53 1927 126 25 Wellington
198 1928 118 25 Spectator.
358 1928 44 21 For
416 1929 137 26 particulars,
573 1929 67 28 apply

50 1953 71 21 tothe
133 1953 129 28 Proprietor,
273 1958 22 18 at
304 1954 39 22 the
353 1955 78 22 Office.

50 1998 178 49 WANTED
243 1999 35 21 for
292 1999 39 21 the
347 1999 138 22 Mechanic's
500 2000 112 27 Institute,
628 2008 13 14 a

148 2032 78 19 person
236 2028 23 18 to
269 2029 37 18 act
316 2033 25 13 as
356 2026 118 21 Librarian
490 2027 44 20 and
550 2027 91 20 School-

50 2054 94 18 master.
161 2077 5 5 _
181 2051 156 22 Testimonials
352 2052 26 21 of
389 2053 164 26 qualifications
568 2054 39 21 &c.
618 2056 22 19 to

50 2077 29 22 be
96 2080 48 19 sent
159 2077 23 22 in
191 2085 30 15 on
231 2086 25 14 or
264 2078 77 22 before
350 2079 39 21 the
400 2079 52 21 14th
461 2079 91 22 instant.

356 2112 65 22 John
435 2113 124 27 Knowles,

487 2141 123 26 Secretary.

50 2165 134 22 Institution
196 2166 90 26 Rooms,
297 2166 118 27 adjoining
424 2167 187 27 Barrett's-hotel,

257 2193 56 27 May
323 2195 20 25 3,
355 2194 61 20 1842.

50 2237 184 48 WANTED,
251 2244 14 15 a
283 2237 78 28 steady
377 2241 159 19 man-servant.
567 2238 74 29 Apply

147 2266 22 18 to
179 2264 37 22 the
227 2264 154 22 Freemason's
391 2265 96 21 Tavern.

120 2307 106 23 ANTED
252 2309 22 21 A
302 2309 87 22 GOOD
422 2310 92 21 COOK.
565 2310 75 27 Apply

148 2338 22 17 to
179 2334 37 23 the
226 2336 155 21 Freemason's
389 2336 96 22 Tavern.

78 2368 188 28 Lambton-quay,
282 2369 64 28 April
357 2371 19 25 8,
389 2371 60 21 1842.

49 2413 178 48 WANTED
238 2421 30 14 an
278 2415 72 21 active
363 2423 77 19 young
454 2423 59 19 man,
532 2416 68 21 about
616 2416 25 21 15

146 2448 64 19 years
229 2442 27 20 of
276 2448 49 20 age,
343 2444 23 19 to
385 2446 36 17 act
438 2450 23 13 as
482 2442 101 22 assistant
593 2443 23 20 in
628 2449 14 14 a

49 2466 92 27 general
151 2470 65 20 store.
245 2468 77 28 Apply
332 2472 22 17 to

309 2496 129 21 Anderson
449 2495 45 22 and
503 2496 111 21 Rowand.

78 2524 158 28 Willis-street,
255 2526 191 28 Lambton-quay,
462 2528 65 26 April
535 2529 33 25 30,
581 2529 59 20 1842.

289 2571 40 20 To
344 2571 58 24 Let,

52 2603 52 48 A
132 2602 257 23 SUBSTANTIALLY
412 2604 94 23 BUILT
530 2605 110 26 HOUSE,

118 2629 122 27 consisting
257 2630 26 21 of
298 2630 51 21 four
364 2638 81 20 rooms,
457 2631 53 22 with
525 2639 14 14 a
557 2632 52 21 roof
621 2632 24 21 of

52 2655 53 22 Van
124 2655 116 23 Dieman's
264 2657 68 22 Land
355 2657 104 29 shingles,
480 2658 44 22 and
543 2665 14 14 a
579 2658 63 22 brick

52 2682 111 27 chimney,
176 2683 100 27 together
290 2684 54 21 with
359 2686 78 26 nearly
448 2693 41 14 one
499 2692 51 15 acre
561 2685 25 22 of
596 2685 46 22 cul-

53 2709 87 22 tivated
149 2710 44 21 and
201 2710 49 21 well
259 2710 83 22 fenced
348 2710 63 22 land.

80 2736 49 21 The
139 2736 68 22 house
217 2737 19 21 is
245 2737 124 27 pleasantly
379 2738 94 22 situated
480 2738 23 21 in
511 2746 14 14 a
531 2738 112 22 sheltered

54 2765 54 25 spot,
119 2762 24 22 in
153 2763 220 32 Majoribank-street

82 2790 43 21 For
290 2791 68 27 apply
372 2794 22 19 to
411 2791 50 22 Mr.
472 2792 108 27 Brewer,
593 2792 49 22 Mr.

54 2816 73 27 Park,
140 2823 24 14 or
174 2817 48 22 Mr.
235 2817 95 22 Robert
341 2818 120 21 Langdon.

81 2861 94 21 House
189 2862 55 21 and
259 2862 78 21 Land
350 2863 29 19 to
394 2863 33 20 be
448 2863 58 25 Let,
523 2869 31 14 or
568 2864 45 20 the

216 2889 84 20 Lease
315 2890 30 19 to
360 2889 33 20 be
409 2889 73 21 Sold.

55 2921 93 22 rriHE
163 2921 98 22 LEASE
274 2922 20 21 is
307 2922 36 21 for
354 2925 138 25 twenty-one
501 2930 71 20 years,
584 2923 58 22 from

61 2943 31 27 JL
130 2948 127 27 Christmas,
275 2950 61 25 1840,
355 2949 25 22 of
393 2950 78 27 nearly
481 2950 37 21 the
532 2950 72 21 Avhole
621 2950 26 21 of

54 2975 39 21 the
102 2975 70 22 Town
182 2976 58 21 Acre
250 2976 44 22 No.
304 2976 48 22 576.
381 2976 47 22 The
439 2984 50 14 acre
498 2976 41 22 has
550 2984 13 14 a
571 2977 72 21 front-

54 3008 41 19 age
114 3001 26 22 of
155 3003 40 20 two
212 3003 76 21 chains
302 3003 44 21 and
363 3010 13 14 a
389 3003 51 22 half
456 3006 22 19 to
494 3003 149 22 Hawkstrne-

55 3030 73 25 street,
141 3029 42 21 and
193 3029 40 22 lies
249 3029 25 22 in
290 3037 13 14 a
312 3029 110 22 sheltered
432 3034 50 23 part
491 3030 26 21 of
528 3030 37 22 the
575 3034 67 19 town.

55 3054 48 22 The
112 3055 71 21 whole
193 3056 26 21 of
229 3056 20 21 it
263 3056 40 21 has
312 3056 60 22 been
380 3057 81 22 fenced
466 3057 32 27 in,
511 3057 46 22 and
565 3057 18 22 is
593 3065 49 14 now

55 3081 72 21 under
136 3082 135 28 cultivation,
278 3083 54 22 with
343 3083 37 22 the
389 3084 96 26 promise
495 3084 26 21 of
529 3084 114 22 abundant

55 3114 63 20 crops
127 3108 26 20 of
162 3109 132 26 vegetables.
323 3110 23 21 A
355 3114 81 18 stream
446 3118 53 14 runs
511 3110 96 28 through
617 3112 24 26 it,

54 3133 101 27 yielding
165 3142 27 14 an
203 3136 72 27 ample
285 3137 78 26 supply
374 3137 26 21 of
414 3137 111 22 excellent
541 3142 68 17 water
619 3138 23 21 in

55 3160 39 21 the
102 3160 83 22 hottest
193 3168 97 15 summer
299 3163 103 22 weather.

83 3187 47 21 The
145 3187 112 28 buildings
274 3189 59 26 (now
349 3190 107 27 occupied
471 3191 29 27 by
510 3191 46 22 Mr.
566 3191 77 22 Wick-

55 3213 72 26 steed)
149 3215 82 20 consist
250 3215 25 21 of
292 3223 43 14 one
353 3217 26 20 of
399 3217 132 27 Manning's
554 3218 88 27 houses,

55 3238 206 24 weather-boarded
269 3243 44 20 and
318 3243 50 21 well
377 3243 98 28 painted,
482 3247 160 25 twenty-seven

55 3267 47 21 feet
111 3267 30 26 by
151 3266 109 28 eighteen,
271 3275 14 14 a
293 3268 91 22 kitchen
396 3270 53 21 with
463 3271 62 21 brick
540 3272 103 26 chimney

56 3293 45 22 and
115 3300 64 20 oven,
196 3295 136 26 out-houses,
342 3296 96 27 pigsties,
453 3298 118 27 cow-shed,
581 3298 62 22 fowl-

55 3320 77 27 house,
150 3321 39 21 &c.
217 3321 73 21 There
308 3321 19 21 is
343 3323 46 20 also
401 3330 14 14 a
419 3330 4 10 i
428 3324 130 22 substantial
573 3326 70 21 maori

55 3351 96 23 cottage,
162 3347 51 21 with
219 3354 13 14 a
241 3347 105 28 chimney
351 3349 58 21 built
417 3351 80 27 mostly
503 3351 53 22 with
563 3352 79 21 bricks.

56 3374 24 22 A
97 3373 114 23 verandah
230 3378 106 18 connects
355 3375 36 21 the
410 3377 109 27 principal
541 3378 102 28 building

54 3400 56 23 •with
120 3400 38 22 the
168 3400 89 22 kitchen
269 3401 44 21 and
323 3401 37 21 the
370 3404 71 20 maori
451 3406 94 26 cottage.

84 3427 48 23 The
148 3427 70 23 whole
231 3427 75 22 would
323 3427 27 21 be
366 3434 14 14 a
394 3429 94 22 suitable
502 3431 78 27 family
589 3432 54 22 resi-

57 3454 78 27 dence,
153 3461 30 20 or,
198 3454 21 22 if
234 3453 67 22 taken
317 3461 30 14 on
365 3455 145 29 speculation,
530 3458 72 26 might
616 3459 26 22 be

55 3481 120 28 profitably
184 3480 138 22 subdivided.

85 3507 48 22 The
142 3507 58 23 lease
210 3508 43 22 will
271 3507 27 22 be
313 3506 55 28 sold,
381 3514 24 15 or
415 3507 37 23 the
467 3514 103 24 property
579 3511 33 22 let
621 3514 22 19 at

57 3541 14 15 a
79 3535 130 21 reasonable
221 3534 81 22 annual
312 3539 57 17 rent.
398 3534 45 22 For
459 3539 73 23 terms,
543 3538 66 26 apply
619 3542 23 17 to

57 3561 92 21 Messrs.
161 3561 64 27 Hort,
236 3561 109 27 Mocatta,
356 3560 46 22 and
417 3561 46 27 Co.,
475 3569 23 14 or
507 3563 46 22 Mr.
563 3564 80 22 Alfred

57 3585 106 24 Ludlam.
649 3582 2 29 j

248 3633 67 20 Coal
336 3632 118 27 Mining.

57 3665 68 48 AS
149 3664 197 23 ABUNDANCE
369 3664 39 21 OF
428 3664 82 22 COAL
529 3664 40 23 has
590 3666 53 22 been

138 3691 127 23 discovered
273 3692 24 21 in
308 3691 57 21 New
378 3690 108 28 Zealand,
497 3698 45 20 any
554 3692 89 22 Gentle-

57 3725 54 14 man
122 3725 26 15 or
157 3718 114 27 Company
278 3718 50 22 who
333 3718 40 21 has
381 3725 13 13 a
402 3721 102 24 prospect
511 3719 26 20 of
543 3719 101 26 entering

57 3744 49 22 into
115 3745 39 21 the
169 3745 69 27 trade,
249 3752 53 21 may
309 3745 59 21 have
379 3744 36 21 the
424 3744 96 22 services
530 3745 26 21 of
567 3752 13 14 a
595 3752 48 20 per-

59 3777 41 14 son
109 3771 51 22 who
169 3772 40 21 has
218 3772 46 22 had
273 3772 54 27 long
337 3771 129 27 experience
477 3772 22 20 in
510 3772 135 26 conducting

58 3797 90 27 mining
165 3799 124 27 operations
304 3799 25 21 in
332 3799 38 20 -all
383 3798 29 20 its
422 3798 162 27 departments;
601 3800 44 19 and

57 3822 49 23 has,
116 3824 47 21 also
177 3831 14 15 a
203 3825 107 27 practical
320 3824 134 28 -knowledge
475 3824 30 22 of
515 3824 129 28 machinery

57 3850 105 25 requisite
170 3850 34 23 for
214 3851 38 23 the
261 3852 100 26 working
370 3851 37 21 the
418 3859 67 13 same.

71 3873 104 28 ''Letters
184 3878 118 23 addressed
309 3878 60 28 (post
377 3877 62 28 paid)
451 3878 34 21 for
492 3878 23 21 S.
523 3878 35 27 T.,
569 3880 22 20 to
602 3878 43 22 this

59 3901 78 29 Office,
148 3904 44 22 will
200 3904 28 22 be
236 3905 132 27 punctually,
377 3904 106 23 attended
492 3908 30 18 to*

87 3936 142 31 Wellington,
241 3939 56 27 May
306 3940 90 26 5,1842.
