2540 4020
48 143 126 25 Nicholson
185 141 82 29 during
278 139 38 23 the
326 139 82 23 month
419 140 26 22 of
459 139 76 30 April,
547 139 36 22 for
594 139 35 22 the

48 183 66 25 years
134 175 71 26 1840,
217 174 41 27 41,
275 171 45 24 and
337 173 43 28 42,
393 180 25 15 as
429 171 71 24 taken
518 171 59 23 from
593 169 36 24 the

48 208 125 23 Exchange
184 205 115 26 Shipping
308 204 64 24 List.

82 368 52 23 The
153 366 115 31 following
290 366 87 24 vessels
400 375 38 15 are
461 365 126 25 advertised
609 365 22 22 in

50 400 96 24 London
154 408 6 15 :
162 412 34 4 —
196 399 51 24 The
258 397 105 32 Mettish,
375 399 106 29 Orleana,
490 399 44 23 and
541 397 90 24 Indem-

49 433 48 30 nity
110 433 39 27 .for
172 432 142 30 Wellington
344 432 46 24 and
412 432 95 29 Nelson,
526 430 44 25 and
595 430 36 23 the

48 465 87 24 Louisa
147 464 114 31 Campbell
269 465 35 23 for
316 465 133 24 Auckland.

266 521 148 23 NELSON.

48 571 108 25 Report
179 578 31 17 of
240 580 37 15 an
306 572 191 24 Examination
525 578 30 16 of
583 576 48 17 the

82 604 102 23 Shores
196 612 54 17 and
264 604 92 25 Lands
369 606 132 22 adjacent
517 611 32 16 at
562 603 71 23 Mas-

83 644 79 17 sacre
174 637 66 30 Bay,
259 638 132 24 Tasman's
405 637 81 28 Gulf,
505 644 53 16 and
570 644 63 15 also

82 678 34 16 at
128 670 157 30 Wanoanui,
299 679 33 16 on
342 673 54 21 *he
407 670 130 23 Western
550 669 83 23 Coast

83 711 32 16 of
128 711 49 16 the
186 704 107 24 Middle
301 704 107 28 Island,
422 703 65 23 New
496 703 135 23 Zealand.

87 738 72 23 1840.

217 771 39 23 By
268 770 52 23 Mr.
335 770 130 23 Tuckett.

188 802 127 27 [Concluded
316 801 64 25 from
389 808 38 14 our
435 801 59 26 last.]

83 857 52 24 The
145 858 59 23 river
210 857 103 24 'Takaka
322 857 66 23 flows
398 857 95 31 parallel
504 861 22 19 to
540 857 37 23 the
588 857 45 22 line

50 890 25 23 of
93 890 42 26 ,the
159 891 117 23 mountain
299 898 80 23 range,
405 895 23 18 at
452 890 69 23 about
546 898 13 15 a
581 890 52 23 mile

50 923 85 24 distant
150 924 59 23 from
229 925 30 22 its
276 924 54 28 foot,
349 923 115 31 generally
482 923 100 31 skirting
596 923 37 22 the

48 956 72 24 forest
135 964 29 16 on
181 957 38 23 the
238 961 62 19 west.
312 965 6 5 '
337 956 52 24 The
406 956 53 22 land
477 956 102 23 between
596 956 37 22 the

48 990 60 23 river
120 990 43 23 and
179 990 38 23 the
235 995 95 18 western
348 997 71 22 range
437 989 25 22 of
477 989 117 22 mountain
613 989 20 22 is

48 1022 36 24 for
95 1023 39 23 the
144 1027 61 19 most
214 1028 51 26 part
277 1022 95 23 covered
383 1021 53 23 with
448 1021 59 23 fern.

83 1055 51 24 The
146 1056 99 23 Takaka
264 1056 96 30 empties
378 1053 63 24 itself
455 1054 48 22 into
516 1053 116 23 Massacre

49 1088 58 31 Bay,
128 1093 23 18 at
170 1088 115 30 Rangiata
303 1087 75 28 Cliffs,
398 1086 69 23 about
485 1086 64 23 three
567 1086 66 23 miles

47 1121 114 24 W.N.W.
185 1121 26 23 of
231 1121 39 22 the
292 1120 80 23 mouth
396 1119 25 23 of
447 1119 37 23 the
508 1119 123 31 Motupipi.

47 1154 163 32 Approaching
221 1153 38 23 the
275 1157 63 19 coast
357 1152 64 23 these
440 1156 43 19 two
501 1153 72 22 rivers
593 1161 40 23 ap-

47 1188 132 30 proximate,
191 1187 44 22 but
243 1194 14 15 a
266 1186 53 23 mile
332 1185 80 24 inland
424 1185 36 23 the
477 1185 74 31 valley
562 1186 21 22 is
593 1190 40 18 not

47 1221 46 23 less
105 1220 55 23 than
177 1220 45 23 five
240 1220 64 23 miles
322 1220 26 22 in
360 1218 76 29 width,
450 1223 48 18 east
510 1219 44 22 and
569 1224 62 23 west,

48 1253 140 30 contracting
198 1257 23 19 at
232 1253 37 23 the
282 1253 123 30 extremity
414 1257 22 18 to
449 1256 43 19 two
504 1252 73 29 miles,
590 1252 43 23 and

45 1288 25 22 in
90 1286 86 30 length,
196 1286 78 30 nearly
290 1286 77 28 south,
380 1290 39 18 ten
438 1285 74 24 miles.
555 1286 79 22 About

47 1324 43 19 two
109 1319 65 23 miles
193 1319 80 23 within
293 1319 67 23 short
379 1319 20 23 is
416 1318 132 29 unwooded,
565 1318 69 31 being

48 1352 95 24 covered
153 1352 55 23 with
228 1360 97 22 grasses,
339 1352 58 28 fern,
411 1351 43 23 and
473 1351 84 24 bushes
569 1361 6 18 ;
595 1352 38 23 the

47 1385 127 25 remainder
185 1385 31 23 all
226 1385 76 29 forest,
315 1385 26 23 in
353 1384 73 24 which
443 1384 39 23 the
494 1385 86 23 Totara
591 1385 44 23 and

49 1419 64 24 other
124 1419 63 31 pines
200 1426 37 15 are
249 1418 123 28 abundant,
385 1426 24 15 as
422 1418 46 23 also
480 1417 38 24 the-

50 1457 52 19 cent
113 1452 55 28 fern,
179 1451 45 23 and
235 1460 14 15 a
259 1452 87 30 variety
358 1451 26 23 of
393 1451 36 23 the
440 1450 63 32 palm
515 1451 71 23 called
596 1451 38 23 the

50 1486 98 30 cabbage
160 1488 54 26 tree,
227 1485 79 29 which,
321 1485 87 30 though
424 1484 98 31 perhaps
538 1485 25 22 of
576 1485 58 22 little

41 1519 74 23 'value
127 1519 24 22 in
163 1518 141 29 themselves,
318 1522 70 19 attest
400 1518 36 22 the
449 1518 102 22 richness
563 1518 26 22 of
596 1518 38 22 the

50 1552 44 23 soil
112 1552 43 23 and
173 1551 38 24 the
231 1552 74 30 genial
324 1555 152 27 temperature
497 1551 26 22 of
537 1551 39 23 the
594 1551 39 22 cli-

50 1590 61 18 mate
120 1594 6 14 :
143 1585 24 24 in
183 1585 54 28 fact,
257 1585 44 23 this
316 1584 76 30 valley
403 1585 20 22 is
442 1584 53 22 shut
513 1584 24 22 in
556 1592 30 15 on
605 1584 30 23 all

51 1619 68 27 sides,
131 1618 41 24 but
184 1618 47 23 that
243 1617 96 24 towards
358 1617 38 23 the
409 1622 62 18 coast
489 1625 24 14 or
525 1617 108 28 N.N.E.,

49 1652 60 23 from
121 1651 37 23 the
169 1652 79 27 winds,
262 1652 42 22 and
315 1651 43 23 has
370 1651 111 23 therefore
496 1650 38 23 the
548 1650 87 23 climate

52 1685 24 23 of
91 1693 14 15 a
116 1685 66 23 much
193 1685 81 30 higher
284 1683 104 24 latitude.

85 1718 14 23 I
110 1718 80 31 gained
202 1726 14 14 a
233 1719 87 21 curious
339 1717 73 30 rocky
422 1716 86 23 mound
527 1718 107 22 interme-

52 1751 59 24 diate
123 1751 92 24 betwixt
226 1751 37 23 the
276 1755 42 18 two
337 1751 80 28 rivers,
431 1750 68 23 about
515 1754 43 19 two
569 1750 65 23 miles

147 1785 58 23 from
217 1784 73 22 which
302 1784 13 22 I
461 1791 13 15 a
485 1784 57 22 view
558 1784 26 22 of
598 1783 37 23 the

51 1819 72 22 entire
134 1818 80 30 valley,
226 1817 42 23 and
280 1817 105 23 estimate
395 1817 37 22 the
442 1821 77 18 extent
531 1817 25 22 of
565 1817 69 22 avail-

50 1851 51 23 able
112 1851 53 23 land
176 1856 24 18 at
212 1852 89 27 20,000
314 1858 72 15 acres.

83 1884 117 30 Rangiata
210 1884 57 23 cliffs
280 1884 86 23 consist
377 1883 81 30 chiefly
471 1883 24 23 of
503 1883 118 23 limestone
628 1892 5 14 :

50 1917 54 31 they
116 1918 82 23 extend
213 1917 77 30 nearly
302 1921 44 19 two
359 1917 72 27 miles,
445 1916 53 23 with
518 1924 29 15 an
565 1916 69 23 inter-

50 1951 37 22 val
100 1951 25 22 of
139 1951 49 23 half
202 1958 14 15 a
235 1950 52 23 mile
297 1950 96 23 without
404 1949 56 23 rock
476 1957 29 15 on
521 1949 38 23 the
578 1949 54 23 face.

50 1984 70 23 From
132 1984 70 23 hence
213 1983 79 23 blocks
304 1984 26 22 of
345 1983 43 22 red
405 1982 44 23 and
469 1982 67 23 white
549 1982 85 23 marble

49 2024 39 16 are
106 2017 127 29 constantly
244 2016 116 27 detached,
374 2016 63 29 lyiug
456 2022 29 16 on
506 2015 39 23 the
564 2015 71 23 beach

49 2049 105 24 beneath.
190 2049 76 24 There
285 2056 81 15 occurs
384 2049 24 22 in
429 2048 38 23 the
487 2048 49 23 face
558 2048 25 22 of
597 2048 37 23 the

51 2083 50 23 cliff
115 2090 13 15 a
138 2082 56 31 lofty
205 2081 56 24 rock
273 2081 24 23 of
312 2081 52 23 soft*
370 2081 122 23 sandstone
504 2089 25 15 or
541 2081 52 30 grit,
611 2082 24 21 in

50 2115 84 29 which,
146 2120 22 19 at
179 2115 103 23 different
293 2114 100 31 heights,
407 2122 37 15 are
455 2114 63 23 veins
531 2114 24 22 of
565 2122 14 14 a
588 2114 47 23 coal

159 2148 57 24 This
228 2147 55 23 rock
295 2148 19 22 is
326 2147 108 23 identical
443 2147 53 22 with
506 2147 47 22 that
562 2147 73 22 which

52 2181 97 32 prevails
172 2186 23 19 at
216 2181 87 23 Nelson
322 2180 86 23 Haven
417 2189 5 20 ;
450 2180 71 28 there,
543 2180 34 22 for
598 2180 37 22 the

52 2219 61 19 most
123 2219 56 26 part,
191 2214 72 24 below
281 2213 37 23 the
331 2221 40 15 sea
379 2223 6 19 ;
411 2213 53 23 here
476 2213 18 23 it
506 2213 19 22 is
539 2217 38 19 not
595 2220 40 16 ex-

52 2248 94 29 tensive,
169 2248 36 23 for
226 2248 24 22 in
268 2247 45 23 less
334 2247 55 22 than
409 2255 14 14 a
442 2246 104 23 hundred
567 2246 68 31 yards

52 2277 87 27 further
149 2280 39 24 the
199 2281 118 23 limestone
329 2288 96 23 appears
435 2280 74 30 again.
534 2284 2 4 '

85 2314 14 23 I
111 2314 91 23 entered
215 2314 39 23 the
266 2313 99 24 Takaka
384 2314 66 28 river,
464 2313 44 22 and
525 2313 110 22 ascended

52 2348 17 22 it
87 2347 68 23 about
171 2347 51 23 four
239 2347 72 28 miles,
330 2347 61 22 until
409 2354 40 15 our
466 2353 106 24 progress
590 2354 45 14 was

51 2381 103 31 impeded
165 2381 31 30 by
207 2388 14 15 a
231 2380 71 30 rapid,
315 2379 75 24 which
402 2379 38 24 the
450 2380 54 23 boat
516 2379 74 23 would
597 2384 39 18 not

51 2422 62 23 pass.
149 2414 40 30 Up
202 2418 22 18 to
243 2413 45 23 this
301 2414 66 30 point
384 2414 18 22 it
413 2414 20 22 is
451 2413 48 23 still
510 2412 43 23 and
571 2413 65 30 deep,

52 2455 29 15 on
93 2455 30 15 an
134 2454 94 23 average
240 2447 69 22 above
322 2447 80 22 twelve
414 2446 45 23 feet
470 2447 22 22 in
512 2445 69 31 depth
593 2446 43 22 and

52 2480 102 31 upwards
177 2480 25 23 of
229 2484 41 18 two
293 2480 106 22 hundred
421 2480 23 22 in
467 2479 77 23 width.
553 2486 5 4 •
586 2479 49 23 The

52 2514 103 30 quantity
172 2513 24 23 of
217 2516 68 19 water
304 2513 135 30 discharged
457 2513 19 22 is
496 2512 63 29 such,
580 2512 54 28 that,

53 2546 85 34 within^
142 2554 14 14 a
163 2546 92 30 furlong
266 2546 26 23 of
306 2546 38 23 the
366 2550 69 24 coast,
447 2546 79 30 nearly
538 2550 21 18 at
576 2546 61 22 flood

52 2579 52 29 tide,
115 2580 29 23 its
156 2584 69 24 wjater
236 2580 20 22 is
273 2583 40 19 not
323 2580 26 22 in
367 2579 38 23 the
419 2579 58 23 least
494 2579 142 31 perceptable

52 2612 81 31 degree
144 2613 78 23 saline.
259 2612 49 24 The
329 2617 97 19 western
447 2612 62 23 bank
529 2613 20 22 is
566 2620 69 23 gene-

52 2646 57 30 rally
120 2645 57 24 from
188 2647 38 22 six
238 2650 21 19 to
271 2647 52 22 nine
342 2646 47 23 feet
409 2645 69 23 above
495 2645 38 24 the
544 2645 59 24 level
614 2646 25 23 of

52 2678 38 24 the
101 2683 74 25 water,
188 2679 40 23 the
239 2683 88 19 eastern
339 2679 47 23 less
399 2679 54 23 than
465 2679 64 23 three
537 2688 7 19 ;
557 2683 39 26 yet
607 2687 29 15 on

52 2711 45 24 this
108 2712 66 23 latter
188 2712 138 30 exclusively
339 2720 38 15 are
397 2712 38 23 the
454 2713 75 22 native
548 2712 88 30 planta-

52 2745 68 29 tions,
133 2746 42 22 and
186 2745 64 23 these
262 2746 63 22 excel
344 2753 45 22 any
402 2746 72 22 which
487 2745 14 23 I
512 2743 124 25 have'seen

54 2777 127 25 elsewhere.

84 2811 81 23 Above
176 2812 39 22 the
226 2812 64 30 rapid
305 2811 39 23 the
363 2812 61 23 river
442 2811 111 31 appeared
571 2812 66 30 again

53 2844 96 31 tranquil
160 2844 43 23 and
210 2844 63 31 deep.
310 2844 39 24 On
361 2844 37 24 the
406 2843 61 24 bank
477 2844 72 22 which
559 2852 79 15 causes

52 2877 38 23 the
102 2876 70 32 rapid,
186 2876 13 24 I
210 2876 70 24 found
292 2885 63 15 some
367 2878 126 30 specimens
507 2877 25 22 of
541 2877 55 28 coal,
610 2885 25 15 so

53 2909 69 29 hardj=
130 2909 48 23 that
193 2909 56 31 they
258 2909 44 24 had
320 2917 64 16 worn
395 2910 73 23 round
487 2918 25 14 as
524 2909 38 24 the
574 2915 64 18 stone

53 2943 101 31 pebbles,
166 2943 48 28 but,
234 2942 65 23 when
316 2942 98 29 broken,
434 2942 37 24 the
489 2943 88 23 surface
594 2951 44 15 was

54 2980 61 19 most
125 2976 108 28 lustrous,
246 2976 44 22 and
301 2976 43 22 the.
348 2976 85 31 quality
442 2977 109 30 superior.
588 2976 50 24 The

54 3009 51 24 best
116 3009 56 29 coal,
181 3009 13 23 I
206 3016 46 16 was
263 3009 119 28 informed,
393 3010 20 22 is
426 3017 30 23 up
469 3009 37 23 the
518 3009 81 31 valley,
610 3017 29 16 on

53 3043 39 23 the
101 3047 55 19 west
165 3042 47 23 side
226 3042 24 24 of
264 3042 108 24 Takaka.
372 3044 3 6 1
407 3042 36 23 As
459 3043 18 22 it
494 3043 19 22 is
525 3050 14 15 a
551 3043 89 31 mighty

52 3076 68 28 river,
134 3076 36 23 the
337 3076 168 30 appropriately
516 3076 67 23 share
600 3076 38 23 the

54 3116 74 16 name.
163 3108 34 24 At
203 3110 30 22 its
241 3108 86 29 mouth,
335 3108 32 31 by
375 3109 37 22 the
419 3109 66 23 inner
493 3108 53 29 cliff,
553 3109 86 23 several

54 3142 55 23 beds
125 3143 25 22 of
160 3142 48 23 coal
219 3150 38 15 are
268 3142 82 23 visible
367 3142 92 23 betwixt
470 3141 57 31 high
541 3142 44 23 and
595 3142 44 23 low

54 3179 68 19 water
134 3176 84 28 marks,
236 3176 84 29 having
331 3175 39 23 the
382 3183 62 15 same
457 3174 37 32 dip
511 3175 44 23 and
566 3174 73 24 direc-

54 3209 47 22 tion
109 3217 32 23 as,
148 3209 41 23 but
201 3213 42 19 not
255 3209 65 31 equal
330 3209 26 22 in
369 3208 85 31 quality
467 3212 29 24 to,
509 3208 50 23 that
570 3212 23 18 at
603 3209 36 22 the

54 3242 130 31 Motupippi
192 3251 7 20 ;
219 3250 42 15 nor
278 3242 67 23 could
360 3242 19 22 it
390 3242 28 22 be
430 3240 93 24 worked
534 3241 56 23 with
603 3242 37 22 the

32 3278 4 5 '
55 3283 61 16 same
128 3276 132 30 advantage.
296 3275 30 24 In
336 3275 46 23 this
395 3275 13 23 I
419 3282 47 15 was
475 3274 163 31 disappointed,

54 3308 125 32 intending,
198 3309 45 23 had
255 3308 13 24 I
285 3308 74 24 found
376 3308 59 31 good
454 3308 50 22 coal
517 3308 62 29 here,
592 3307 49 23 that

54 3341 38 24 the
111 3341 109 24 schooner
231 3342 82 23 should
331 3341 61 24 have
415 3341 92 24 entered
524 3341 39 23 the
582 3342 58 22 river

55 3375 44 23 and
111 3375 94 31 shipped
216 3376 70 22 them.
322 3375 78 25 There
414 3375 19 23 is
452 3374 95 24 another
557 3374 81 31 valley,

54 3416 24 15 or
85 3407 77 24 rather
172 3408 73 29 basin,
254 3408 155 31 immediately
416 3408 89 30 beyond
516 3407 122 31 Rangiata,

54 3445 40 19 not
111 3449 25 15 so
148 3442 123 28 extensive,
271 3465 11 9 ti
282 3442 41 23 but
336 3442 67 31 equal
421 3442 24 22 in
459 3442 87 30 quality
557 3445 23 19 to
592 3441 49 23 that

32 3481 8 24 \
55 3475 25 22 of
87 3474 39 23 the
134 3473 104 30 Takaka,
249 3475 236 31 containingperhaps
493 3475 66 25 7000
567 3482 71 21 acres,

56 3507 81 31 chiefly
149 3507 72 23 forest
238 3508 61 24 landi
336 3508 94 23 Thence
448 3513 23 18 to
489 3508 38 23 the
549 3508 90 24 Ourere

55 3541 63 23 there
140 3541 20 23 is
183 3548 14 16 a
217 3540 103 32 frontage
339 3541 26 23 of
381 3542 68 23 about
467 3541 81 24 twelve
564 3541 74 29 miles,

55 3574 84 31 having
150 3581 29 16 an
195 3581 95 23 average
302 3574 70 31 depth
384 3574 25 24 of
418 3575 69 23 about
499 3575 63 23 three
574 3575 65 23 miles

56 3608 24 22 of
95 3608 57 23 nice'
161 3607 90 30 sloping
265 3607 50 23 fern
333 3607 62 24 land.
432 3608 65 23 Thus
511 3607 12 24 1
536 3609 102 22 estimate

56 3640 37 23 the
113 3640 100 24 distance
229 3640 59 23 from
306 3640 39 23 the
363 3640 116 31 Rangiata
494 3641 59 24 Cliff
560 3646 24 18 to
602 3642 43 22 the'

55 3673 79 24 mouth
145 3673 24 24 of
178 3673 38 26 the
229 3673 89 23 Ourere
330 3678 24 18 at
363 3673 79 24 fifteen
452 3675 77 23 miles.
563 3675 76 23 There

56 3715 36 15 are
104 3711 42 19 two
159 3706 67 24 small
236 3705 64 32 pahs,
313 3710 24 19 at
358 3714 42 15 one
417 3715 24 14 or
460 3708 54 23 both
528 3708 24 23 of
566 3708 73 23 which

48 3739 99 24 •Emanu
165 3739 149 31 occasionally
324 3739 96 29 resides,
433 3740 43 23 and
494 3741 20 23 is
530 3741 110 30 regarded

57 3781 23 15 as
92 3773 57 24 their
166 3772 62 24 chief
235 3781 5 15 :
313 3772 20 23 is
351 3772 73 25 called
435 3772 202 33 Te-porra-porra,

39 3804 4 3 '
57 3806 43 23 and
111 3806 37 24 the
156 3805 64 25 other
232 3805 119 25 Tukarua.
388 3805 49 24 The
449 3807 85 23 natives
546 3807 93 24 kindled

56 3839 52 24 fires
131 3844 29 22 to,
172 3844 81 19 attract
269 3847 28 15 us
315 3846 25 16 as
358 3846 35 15 we
409 3844 60 18 went
486 3840 74 30 along,
574 3842 40 22 but
625 3849 14 16 a

56 3871 71 32 heavy
139 3873 63 23 swell
217 3872 59 24 frbm
288 3872 37 23 the
344 3871 131 24 north-east
492 3874 109 31 running.,
609 3882 29 16 on

56 3905 36 23 the
104 3906 73 28 shore,
189 3906 56 23 with
255 3905 68 24 much
342 3905 58 29 surf,
416 3905 103 24 deterred
530 3913 37 16 me
579 3907 59 24 from

57 3939 132 34 attempting
200 3943 23 20 to
234 3938 61 25 land.

692 136 34 24 At
736 136 39 23 the
788 136 98 28 Ourere,
897 135 79 28 Rolfe,
987 135 85 23 known
1083 140 23 18 at
1118 135 87 24 Nelson
1218 143 24 14 as

659 169 38 23 the
706 176 74 17 owner
788 169 25 23 of
818 169 38 23 the
863 168 88 29 Eliza,,
960 169 19 21 is
986 168 105 30 building
1097 172 44 19 two
1148 168 93 28 vessels,

660 209 42 16 one
714 202 25 23 of
747 202 70 23 ahout
828 203 31 22 12
872 201 46 23 and
929 201 38 22 the
980 200 64 23 other
1056 201 68 23 about
1136 203 31 21 80
1178 205 50 18 tons
1237 209 5 14 :

661 235 49 23 The
717 234 83 24 former
809 234 43 23 will
865 241 57 16 soon
932 234 29 22 be
969 233 132 31 completed,
1112 233 45 23 and
1164 234 79 22 loaded

659 268 35 23 for
705 267 57 23 Port
772 267 96 23 Nelson.
875 279 3 3 ■
906 266 40 23 He
965 266 42 23 has
1023 267 38 22 the
1079 267 123 22 assistance
1221 267 26 22 of

660 305 43 19 two
718 300 65 23 other
794 300 67 22 white
878 307 61 21 men,
952 299 45 23 and
1016 299 39 23 the
1071 299 118 30 good-will
1199 299 45 23 and

661 338 92 26 support
765 333 25 22 of
806 333 37 22 the
854 333 96 28 natives,
964 331 49 24 who
1031 332 54 23 here
1098 340 38 15 are
1147 332 96 23 anxious

660 366 34 23 for
710 373 26 16 us
748 370 23 19 to
783 365 66 23 settle
861 369 105 26 amongst
977 364 70 29 them,
1060 364 44 24 and
1115 365 36 23 his
1168 369 76 19 enter-

660 400 59 29 prise
728 399 44 23 and
784 399 118 22 execution
910 406 39 15 are
957 397 60 23 alike
1028 398 129 24 creditable.
1165 401 4 5 '
1193 397 51 23 The

662 432 88 23 Ourere
770 432 21 22 is
812 431 46 23 also
878 439 14 14 a
908 430 63 31 large
991 432 67 27 river,
1083 431 77 23 which
1180 431 64 23 flows

661 464 97 31 through
773 472 13 15 a
795 464 43 23 fine
848 463 75 31 valley
931 473 6 20 ;
956 464 41 23 but
1009 463 38 23 the
1057 464 60 23 river
1124 465 20 22 is
1157 463 88 32 subject

661 502 22 19 to
700 497 87 24 sudden
797 496 78 30 floods,
888 497 79 30 rising,
981 496 54 31 they
1047 505 47 23 say,
1106 502 42 18 not
1164 497 80 22 unfre-

662 531 91 30 quently
765 530 148 30 twenty'feet,
925 529 136 32 inundating
1071 530 39 22 the
1119 530 71 23 forest
1201 529 44 23 and

662 564 103 30 carrying
784 563 64 23 down
866 563 39 23 the
924 562 71 23 forest
1011 567 59 18 trees
1079 571 6 15 :
1103 562 54 24 thus
1176 562 69 24 Rolfe

662 597 87 23 obtains
761 596 82 23 timber
858 596 36 23 for
913 596 175 31 ship-building,
1101 596 95 23 without
1207 596 38 22 the

662 629 86 24 trouble
760 629 26 23 of
792 629 79 31 felling
884 637 24 15 or
924 630 118 30 removing
1052 630 26 22 it.
1116 629 93 31 Subject
1223 632 21 19 to

663 662 43 23 this
718 663 168 30 disadvantage,
896 662 64 23 there
971 663 20 22 is
1004 662 115 23 doubtless
1131 670 14 14 a
1157 666 57 19 tract
1224 662 24 22 of

664 698 87 26 10,000
765 703 62 16 acres
839 703 30 15 on
880 696 29 23 its
922 695 82 23 banks.

695 729 84 28 Treno,
803 736 13 16 a
832 729 76 23 native
927 728 66 29 chief,
1014 728 42 23 has
1074 728 58 23 built
1155 731 42 19 two
1221 735 25 15 or

661 762 63 23 three
733 762 83 23 houses
823 762 62 23 here.
922 761 50 24 The
981 761 134 23 samechief
1127 761 42 22 has
1181 769 14 14 a
1200 761 46 31 pah

663 795 70 23 called
744 795 37 23 Ta
796 795 91 28 Mattai,
907 795 69 23 about
993 794 51 22 four
1061 794 66 22 miles
1144 794 65 22 N.E.
1225 793 24 23 of

663 828 36 23 the
712 828 98 29 Ourere,
823 828 44 23 and
884 827 111 31 Toupata,
1013 827 69 23 about
1100 834 69 15 seven
1181 827 64 23 miles

661 861 87 23 further
769 865 22 19 to
810 861 37 23 the
866 865 56 19 east.
966 859 161 24 Intermediate
1144 859 101 23 between

663 895 106 30 Toupata
780 894 44 23 and
836 894 35 23 Ta
879 893 85 23 Mattai
970 893 20 22 is
1000 892 143 29 Pakouwou,
1156 900 13 15 a
1181 893 66 22 small

663 928 128 22 settlement
797 927 137 29 vbelonging
956 930 21 18 to
1006 924 147 24 To-waukau
1178 924 68 32 (alias

663 959 152 31 Go-ashore.)
860 959 71 23 From
953 958 82 22 thence
1056 958 21 22 is
1100 966 15 14 a
1136 958 64 23 track
1224 963 22 18 to

662 992 135 30 Wanganui,
812 990 165 25 Te-waukau's
991 991 113 31 principal
1121 992 124 23 residence.

661 1025 78 23 About
757 1025 52 23 four
819 1024 77 24 .miles
918 1024 44 23 and
982 1032 15 14 a
1017 1024 51 23 half
1089 1024 97 31 through
1208 1024 39 23 the

661 1058 75 28 forest,
748 1065 52 16 over
812 1065 28 15 an
852 1065 54 23 easy
918 1061 84 23 ascent,
1016 1057 44 23 and
1073 1065 45 20 you
1129 1057 68 24 reach
1209 1057 37 24 the

662 1098 39 16 sea
722 1098 29 16 on
770 1091 39 23 the
828 1090 64 23 other
911 1090 56 28 side,
990 1090 74 22 which
1085 1090 63 24 flows
1167 1091 37 23 six
1223 1098 24 16 or

662 1131 67 16 seven
745 1124 67 23 miles
829 1124 80 22 within
931 1124 38 22 the
993 1127 63 19 coast
1073 1123 61 29 here,
1155 1124 68 30 along
1235 1132 12 14 a

661 1164 86 16 narrow
770 1157 85 28 chasm,
875 1157 26 23 in
918 1156 77 31 places
1016 1156 46 24 less
1085 1156 54 23 than
1159 1159 31 21 20
1203 1157 44 23 feet

661 1191 57 22 from
746 1191 58 22 rock
824 1194 21 19 to
866 1190 66 23 rock.
979 1189 80 24 About
1081 1189 50 23 half
1151 1197 49 23 way
1224 1194 21 19 to

662 1224 129 31 Wanganui
803 1224 36 22 the
852 1223 56 23 frith
920 1231 77 23 opens,
1011 1222 52 29 and,
1077 1227 22 18 at
1107 1223 56 30 high
1171 1227 74 24 water,

661 1262 103 25 presents
774 1265 30 14 an
816 1257 76 22 inland
905 1264 39 15 sea
957 1257 24 22 of
1003 1256 78 30 nearly
1100 1256 63 23 three
1181 1257 66 22 miles

662 1291 21 21 in
697 1290 75 29 width,
787 1290 42 23 and
841 1290 69 22 about
922 1293 39 19 ten
980 1290 25 22 in
1027 1288 88 31 length,
1132 1289 59 23 from
1209 1289 38 23 the

663 1328 87 18 eastern
762 1327 22 19 to
800 1323 38 23 the
856 1326 96 19 western
974 1323 128 29 extremity.
1146 1322 38 23 On
1202 1323 45 22 this

663 1356 71 29 track,
746 1356 70 23 about
828 1358 33 21 40
873 1356 106 22 minutes'
998 1355 60 23 walk
1153 1356 94 22 Pakou-

663 1397 55 21 wou,
731 1391 24 21 in
767 1389 38 23 the
815 1389 43 23 bed
870 1389 25 22 of
910 1397 14 14 a
943 1393 91 24 stream,
1055 1389 20 22 is
1085 1388 70 23 bared
1167 1397 14 14 a
1192 1389 55 31 deep

662 1424 51 21 vein
725 1423 25 22 of
758 1422 59 31 good
831 1422 56 28 coal,
899 1426 24 19 at
935 1430 29 15 an
976 1422 111 23 elevation
1103 1422 25 23 of
1150 1425 23 20 at
1190 1422 57 23 least

663 1455 103 24 200tfeet
777 1456 68 23 above
857 1455 39 23 the
907 1455 57 23 level
977 1455 25 23 of
1017 1455 38 23 the
1072 1463 46 20 sea,
1136 1455 55 23 with
1201 1455 46 23 less

663 1493 107 26 apparent
782 1489 44 30 dip,
840 1488 45 24 and
904 1489 96 29 varying
1017 1488 25 23 in
1061 1488 109 23 direction
1189 1488 58 23 from

663 1522 37 23 the
711 1522 66 23 usual
790 1530 85 20 course,
885 1522 52 22 here
946 1521 68 23 about
1021 1521 118 28 W.S.W.,
1153 1521 94 23 extend-

663 1556 46 29 ing,
734 1555 12 23 I
765 1555 57 23 have
839 1555 58 23 little
917 1554 77 29 doubt,
1014 1554 100 31 through
1124 1554 38 23 the
1177 1555 70 22 entire

663 1596 67 23 range
743 1589 25 22 of
783 1588 59 29 hills,
856 1587 59 24 back
927 1592 23 19 to
962 1588 37 22 the
1012 1587 99 24 Ourere.

681 1636 4 2 -
697 1622 56 23 This
765 1622 49 23 coal
822 1622 39 22 has
872 1621 53 30 only
933 1620 102 31 recently
1042 1621 56 22 been
1108 1621 138 24 discovered,

664 1655 42 23 and
717 1655 18 23 it
746 1655 20 23 is
773 1655 75 23 'hence
861 1655 49 23 that
922 1654 69 24 Rolfe
1010 1661 51 16 now
1079 1655 88 22 obtains
1188 1655 59 22 coals

663 1688 34 23 for
718 1688 35 23 his
772 1688 70 30 forge,
863 1688 85 30 having
965 1687 130 31 previously
1113 1688 98 30 brought
1231 1688 18 22 it

663 1721 57 23 from
732 1721 138 31 Wanganui.
910 1721 14 23 I
943 1721 75 23 attach
1036 1728 62 16 more
1110 1721 138 30 importance

663 1759 22 18 to
697 1754 44 23 this
753 1754 49 23 coal
815 1754 53 23 than
881 1759 22 18 to
917 1754 37 23 the
965 1754 68 23 lower
1049 1754 62 28 beds,
1127 1754 120 30 especially

663 1787 19 23 if
697 1796 37 22 my
757 1788 128 31 conjecture
908 1787 82 23 should
1011 1787 27 23 be
1056 1787 94 23 verified
1174 1787 24 23 of
1218 1788 30 22 its

663 1822 67 30 being
753 1822 134 22 continuous
910 1820 58 23 from
989 1820 39 23 the
1046 1820 90 23 Ourere
1158 1824 21 19 to
1203 1820 45 23 this

664 1860 50 25 spot
723 1864 5 13 :
738 1855 18 22 it
767 1854 74 23 would
848 1854 27 22 be
889 1862 61 14 more
960 1854 70 29 easily
1044 1853 98 28 worked,
1155 1853 44 23 and
1209 1853 39 23 the

664 1887 89 24 Ourere
765 1887 73 23 would
850 1887 72 23 afford
934 1895 12 14 a
958 1887 106 22 tolerable
1077 1892 50 26 port
1141 1887 33 22 for
1185 1887 63 22 load-
1256 1909 3 6 ,

664 1921 38 30 ing
714 1921 88 23 colliers
816 1920 22 23 of
852 1923 45 21 100
911 1925 51 18 tons
975 1920 105 23 burthen.
1117 1919 132 23 Pakouwou

663 1954 19 23 is
695 1954 52 30 only
766 1954 129 28 accessible,
916 1961 56 15 even
991 1958 21 17 to
1037 1961 13 14 a
1068 1953 60 27 boat,
1149 1957 23 18 at
1194 1953 55 29 high

663 1991 74 19 water.
784 1986 51 24 The
852 1986 54 23 land
919 1986 68 30 along
999 1986 65 23 shore
1077 1987 19 21 is
1109 1986 58 30 good
1179 1993 24 15 as
1215 1986 34 22 far

663 2027 24 15 as
710 2019 112 31 Toupata,
845 2019 42 22 but
908 2019 40 22 the
967 2019 101 29 frontage
1088 2019 26 22 of
1135 2019 39 22 the
1191 2018 58 23 level

663 2052 52 23 land
727 2060 28 15 on
769 2060 28 15 an
817 2060 93 22 average
928 2052 53 22 does
995 2056 41 18 not
1048 2051 82 23 exceed
1143 2059 41 15 one
1198 2051 51 23 mile

663 2086 24 22 in
696 2086 101 22 breadth.
841 2085 96 31 Beyond
958 2085 105 29 Toupata
1080 2085 38 22 the
1130 2084 53 23 land
1195 2092 54 15 soon

664 2120 131 21 terminates
807 2119 22 21 in
841 2127 62 14 mere
916 2118 56 23 sand
984 2118 63 22 hills.

698 2151 38 24 On
748 2152 38 22 the
797 2151 177 23 north-western
986 2156 69 23 coast,
1069 2151 102 22 between
1188 2150 62 30 Cape

664 2184 110 23 Farewell
786 2184 43 23 and
846 2184 137 31 Wanganui,
1003 2184 38 23 the
1059 2184 88 23 natives
1167 2184 24 22 of
1212 2184 38 22 the

663 2218 55 30 pahs
728 2218 58 22 have
796 2217 53 23 land
859 2218 25 22 in
895 2218 139 28 cultivation,
1047 2221 23 19 at
1081 2217 74 23 which
1178 2217 69 23 Ireno

664 2259 44 15 was
720 2251 54 23 then
785 2255 90 26 potatoe
893 2250 102 31 digging.
1044 2250 24 23 A
1087 2258 102 23 message
1205 2258 46 15 was

664 2288 50 19 sent
723 2288 21 19 to
760 2284 56 29 him,
836 2284 41 23 but
895 2283 13 24 I
931 2283 125 31 proceeded
1078 2288 22 18 to
1121 2283 130 30 Wanganui

664 2317 74 23 before
757 2317 37 23 his
801 2325 2 3 ■
813 2317 90 23 arrival.
946 2317 33 23 At
998 2316 130 31 Wanganui
1146 2316 38 23 the
1203 2316 49 23 coal

664 2351 53 23 field
728 2351 18 23 is
758 2358 56 23 very
831 2351 116 23 extensive
956 2359 8 13 :
986 2350 63 23 there
1068 2358 38 15 are
1127 2349 51 24 four
1196 2349 55 23 beds

664 2384 79 23 visible
745 2396 32 4 —
779 2384 37 23 the
826 2391 71 23 upper
915 2391 50 21 one,
985 2387 23 20 at
1027 2383 57 31 high
1103 2383 149 23 water-mark

664 2417 68 23 about
743 2417 105 30 eighteen
861 2417 79 23 inches
952 2417 24 22 in
988 2417 77 30 depth,
1078 2416 51 24 half
1138 2416 26 23 of

664 2451 19 22 is
696 2450 24 23 of
734 2450 93 23 inferior
845 2450 85 31 quality
932 2463 33 3 —
967 2456 42 17 two
1030 2450 156 23 intermediate
1202 2450 50 23 thin

664 2483 54 23 beds
731 2483 24 23 of
770 2483 113 24 excellent
901 2483 48 23 coal
968 2483 76 24 follow
1045 2496 32 3 —
1079 2483 43 23 and
1143 2491 14 15 a
1176 2483 76 23 fourth

665 2517 25 22 of
704 2517 66 31 equal
782 2517 93 31 quality,
895 2522 23 18 at
933 2517 44 22 low
999 2516 161 26 warter-mark
1183 2524 69 23 appa-

664 2550 73 31 rently
748 2550 70 23 about
828 2555 38 19 ten
878 2550 79 23 inches
977 2550 72 24 thick.
1092 2549 105 24 Beneath
1207 2551 21 21 is
1240 2558 13 14 a

665 2588 96 19 stratum
772 2584 25 23 of
813 2584 49 23 iron
874 2584 58 30 clay,
941 2583 111 31 tolerably
1063 2583 57 28 rich,
1133 2583 119 23 encrusted

665 2624 28 16 on
706 2617 37 23 the
755 2617 87 23 surface
855 2617 54 23 with
925 2616 80 31 highly
1023 2616 103 24 oxidized
1144 2617 49 22 iron
1205 2624 46 21 ore,

664 2650 78 31 giving
762 2650 19 23 it
798 2658 15 15 a
830 2650 149 23 clinker-like
1000 2657 148 24 appearance.
1195 2650 57 23 This

666 2683 57 23 shell
739 2683 77 23 would
835 2688 40 18 not
893 2683 29 23 be
941 2683 88 31 readily
1046 2683 92 28 fusible,
1155 2683 42 23 but
1214 2683 40 23 the

665 2716 56 23 bulk
733 2717 24 22 of
772 2717 39 22 the
823 2722 97 18 stratum
932 2716 74 24 would
1016 2717 27 23 be
1056 2716 123 31 eminently
1191 2725 35 15 so.

699 2749 81 24 Above
793 2749 36 23 the
847 2750 50 23 coal
918 2750 37 23 the
967 2750 46 23 soft
1032 2750 121 23 sandstone
1166 2758 25 14 or
1197 2750 57 31 -grit

666 2783 56 22 rises
742 2784 25 21 in
786 2782 57 32 lofty
863 2783 58 24 clifs.
959 2783 50 24 The
1035 2783 49 24 coal
1101 2784 20 22 is
1145 2788 109 26 apparent

666 2815 80 31 chiefly
754 2817 25 21 in
790 2816 38 23 the
838 2821 96 19 western
943 2816 50 23 half
1004 2816 26 24 of
1039 2817 38 23 the
1084 2816 64 24 firth.
1178 2816 76 24 There

666 2850 19 21 is
696 2856 29 15 no
737 2849 119 23 limestone
869 2854 23 18 to
903 2850 28 22 be
939 2857 54 16 seen
1005 2854 25 19 at
1038 2849 138 31 Wanganui.
1203 2850 51 23 The

666 2882 80 22 timber
758 2882 21 22 is
791 2882 116 31 generally
920 2883 73 28 small,
1012 2883 42 23 but
1064 2883 64 23 there
1141 2890 38 16 are
1191 2891 63 15 some

667 2915 123 23 admirable
801 2923 66 15 coves
879 2915 35 23 for
930 2916 169 30 ship-building
1110 2924 6 15 :
1134 2916 63 23 there
1217 2924 37 15 are

667 2948 47 22 also
727 2956 12 14 a
750 2948 44 22 few
812 2948 109 24 detached
939 2953 63 26 spots
1020 2949 72 23 worth
1113 2949 140 31 cultivating,

667 2981 41 23 but
719 2989 29 15 no
762 2981 95 29 district,
870 2981 45 24 and
926 2982 38 23 the
976 2982 58 23 cliffs
1043 2982 42 23 and
1099 2982 66 23 shore
1179 2991 37 15 are
1229 2991 25 15 so

664 3019 65 26 Steep
741 3014 50 23 that
809 3022 41 16 one
863 3022 41 16 can
917 3015 54 30 only
982 3022 55 25 pass
1045 3016 59 22 from
1115 3024 42 14 one
1169 3021 52 26 spot
1233 3021 21 18 to

667 3048 93 22 another
772 3048 25 22 in
810 3056 13 15 a
835 3043 59 34 boat',
913 3057 26 14 or
951 3056 53 16 over
1016 3049 38 22 the
1072 3049 54 23 mud
1138 3049 65 23 when
1216 3050 38 23 the

667 3080 45 24 tide
723 3081 19 23 is
755 3085 47 19 out.
838 3082 52 23 The
908 3087 106 18 entrance
1026 3087 23 18 to
1062 3082 37 23 the
1111 3082 54 23 firth
1176 3083 21 23 is
1208 3083 52 23 less*

667 3113 54 24 than
741 3114 52 23 half
810 3122 13 15 a
840 3115 54 23 mile
915 3116 24 22 in
958 3115 110 29 breadth;
1089 3115 95 24 without
1203 3117 20 22 is
1242 3125 13 14 a

668 3147 94 30 shifting
774 3148 49 28 bar,
834 3148 74 23 which
920 3149 20 23 is
952 3148 88 31 heaped
1057 3156 30 24 up
1108 3149 31 30 by
1151 3157 13 15 a
1174 3149 80 23 north-

667 3181 104 30 westerly
789 3181 49 30 gale
859 3182 44 23 and
925 3182 106 30 partially
1052 3182 117 31 dispersed
1191 3183 32 31 by
1242 3191 13 14 a

668 3214 177 31 south-easterly
863 3223 50 15 one.
930 3229 4 4 •
950 3215 13 23 I
982 3223 47 15 saw
1045 3216 18 22 it
1082 3220 22 18 at
1122 3216 43 22 low
1178 3221 75 24 water,

668 3246 52 23 with
738 3254 13 15 a
770 3247 52 30 gale
844 3247 100 31 blowing
966 3249 59 23 from
1049 3249 45 23 the'
1108 3249 144 24 north-west.

668 3279 74 24 There
765 3287 46 16 was
831 3288 14 15 a
863 3281 148 25 .tremendous
1035 3283 56 28 surf,
1121 3283 133 30 apparantly

668 3313 93 23 without
772 3321 14 15 a
796 3321 95 23 passage
900 3323 6 20 ;
929 3315 46 22 still
987 3315 64 23 there
1062 3323 46 15 was
1125 3316 56 23 then
1192 3324 62 15 some

667 3345 46 24 feet
724 3346 25 23 of
758 3351 68 18 water
838 3343 65 38 oh^it,
917 3347 45 23 and
979 3346 38 24 the
1028 3349 46 22 rise
1086 3348 25 23 of
1123 3349 38 23 the
1174 3349 45 23 tide
1232 3353 23 19 at

668 3378 37 23 the
727 3378 118 24 harbour's
853 3396 3 4 .
868 3380 80 23 mouth
969 3381 21 22 is
1013 3381 113 31 evidently
1150 3383 61 22 often
1230 3391 24 15 as

668 3412 67 23 much
746 3419 25 16 as
784 3412 104 31 eighteen
899 3412 54 25 feet.
990 3414 66 23 Once
1070 3415 35 28 -in,
1127 3423 14 15 a
1151 3415 103 24 hundred

668 3445 85 23 vessels
765 3446 74 30 might
849 3446 31 23 lie
892 3454 87 16 secure.

702 3478 144 24 Te-waukau
861 3479 99 24 and.Ku
971 3480 82 23 t'Ekia
1064 3488 37 16 are
1119 3480 39 24 the
1169 3482 85 30 princi-

667 3511 38 32 pal
715 3511 101 24 resident
829 3512 71 24 chiefs
913 3513 25 23 of
954 3513 140 31 Wanganui.-
1127 3514 71 31 Epoti
1211 3516 44 22 and

668 3544 82 30 Etaha,
764 3545 50 24 who
826 3546 57 23 used
895 3550 22 19 to
924 3546 74 24 reside
1008 3552 23 18 at
1044 3546 126 28 Roukawa,
1181 3553 22 18 to
1216 3548 38 24 the

668 3578 135 24 south-west
816 3579 23 23 of
854 3579 138 31 Wanganui,
1012 3580 44 23 and
1068 3588 57 16 were
1143 3582 111 30 principal

667 3619 59 21 men,
744 3611 58 24 have
814 3612 41 23 left
873 3612 45 23 this
931 3612 88 24 district
1031 3613 33 24 for
1082 3613 38 24 the
1139 3614 113 30 Orowrra,

668 3645 68 23 about
752 3649 85 27 twenty
857 3645 64 32 days'
939 3645 98 32 journey
1055 3647 31 30 by
1103 3647 55 23 land
1174 3652 22 19 to
1216 3648 37 23 the

668 3678 142 29 south-frest,
830 3686 28 15 on
874 3680 37 22 the
931 3684 70 19 coast.
1033 3680 151 28 ,Te-waukau
1201 3689 52 22 says

668 3712 48 23 that
734 3711 54 31 they
808 3711 74 25 would
899 3717 78 19 return
996 3712 21 24 if
1032 3713 38 23 the
1087 3713 67 23 white
1172 3715 81 30 people

666 3744 73 25 would
748 3752 62 16 come
819 3745 44 24 and
868 3746 48 24 live
924 3750 23 19 at
955 3746 137 30 Wanganui.
1120 3746 38 24 He
1167 3747 85 31 objects

666 3783 23 19 to
702 3786 39 16 our
753 3778 96 31 sending
857 3779 87 23 vessels
953 3779 35 23 for
1000 3779 56 29 coal,
1070 3779 45 24 and
1124 3784 70 19 states
1204 3780 48 23 that

667 3812 53 30 they
738 3812 102 23 received
859 3819 31 16 no
912 3817 114 26 payment
1043 3812 34 23 for
1099 3812 93 31 loading
1213 3814 39 21 the

666 3845 84 23 Jewess
760 3854 6 19 ;
790 3845 48 28 but,
862 3845 22 23 if
902 3845 39 23 the
955 3845 80 23 whites
1052 3845 75 23 would
1145 3845 66 23 settle
1230 3851 22 17 at

666 3878 137 30 Wanganui,
824 3877 52 23 then
894 3877 55 31 they
965 3878 75 30 might
1056 3878 57 23 send
1132 3878 39 23 the
1183 3878 68 23 -coals

666 3918 70 23 away.
772 3910 41 24 He
830 3908 126 26 conducted
971 3918 36 15 me
1026 3918 29 15 on
1073 3918 38 23 my
1127 3916 80 18 return
1228 3917 23 17 to

667 3943 123 29 Pakawou,
810 3951 28 16 on
856 3943 39 23 the
915 3943 58 26 27th
991 3943 25 24 of
1032 3943 90 29 March,
1146 3945 45 23 and
1213 3945 38 24 the

1270 140 61 17 same
1353 136 98 30 evening
1470 135 13 23 I
1505 134 106 31 Returned
1634 139 22 18 to
1681 134 66 28 Tato,
1771 139 23 18 to
1816 135 37 22 the

1262 167 2 28 I
1270 167 117 23 schooner.
1424 168 46 22 She
1482 168 89 22 arrived
1587 175 29 14 on
1629 167 38 22 the
1680 167 54 27 22d,
1754 167 45 22 and
1810 167 44 23 had

1270 199 44 23 lost
1325 200 38 23 the
1381 208 65 23 spars
1457 200 35 23 for
1512 208 41 15 our
1572 200 82 28 boring
1671 200 79 27 frame,
1770 199 84 31 having

1270 232 57 23 been
1338 233 90 30 obliged
1440 237 23 19 to
1474 237 38 19 cut
1522 233 60 23 them
1593 232 68 23 adrift
1670 232 25 22 in
1703 240 14 15 a
1724 232 73 31 heavy
1806 241 47 15 sea.

1270 265 92 31 During
1378 274 41 22 my
1430 266 99 28 absence,
1538 265 37 23 the
1585 265 88 23 natives
1691 264 45 24 had
1749 265 57 23 been
1818 266 36 22 in-

1271 297 71 24 duced
1352 299 31 30 by
1396 299 37 23 the
1445 299 62 22 chief
1522 298 121 23 Ekkawau
1654 302 23 18 to
1690 297 76 23 refuse
1777 302 76 24 water,

1271 331 58 28 coal,'
1339 339 24 15 or
1381 336 72 24 stone,
1465 331 36 23 for
1518 331 38 23 the
1574 330 118 28 schooner,
1710 330 78 23 unless
1800 338 54 23 pur-

1271 363 82 24 chased
1362 364 61 23 from
1442 364 63 23 them
1522 364 24 23 in
1567 362 67 24 small
1652 363 131 30 quantities,
1803 368 23 19 at
1843 372 12 15 a

1271 401 59 18 most
1342 397 127 23 exorbitant
1485 397 69 31 price.
1590 395 14 24 I
1622 395 84 23 landed
1717 401 23 18 at
1758 396 39 23 the
1809 396 46 31 pah

1271 429 43 23 and
1326 429 116 24 discussed
1450 430 37 23 the
1497 432 80 21 rctatter
1586 429 134 28 with-them,
1731 430 123 29 reproach-

1271 463 40 30 ing
1322 462 61 24 them
1395 463 54 23 with
1461 463 59 23 their
1536 469 118 16 meanness
1668 462 45 22 and
1724 462 129 24 fickleness.

1305 495 13 23 I
1330 496 54 23 took
1397 504 61 15 some
1474 496 67 31 pains
1552 500 22 18 to
1586 495 113 22 ascertain
1712 494 36 23 the
1759 495 95 30 popula-

1271 528 47 22 tion
1326 528 25 23 of
1359 529 38 23 the
1407 529 45 30 bay
1460 529 45 23 and
1514 529 31 22 its
1552 528 100 29 vicinity,
1665 527 46 23 and
1722 527 37 23 the
1769 528 85 24 follow-

1272 562 39 29 ing
1322 569 36 15 are
1371 561 38 24 the
1419 562 83 23 results
1513 561 26 24 of
1547 569 38 22 my
1593 561 92 29 inquiry
1694 569 5 20 ;
1703 573 32 3 —
1736 560 120 24 Raukawa

1273 596 31 21 30
1322 602 59 21 men,
1404 603 94 20 women,
1518 594 44 23 and
1579 594 110 22 children.
1726 592 130 32 Wanganui

1273 629 39 26 16,
1325 627 105 31 Toupata
1442 630 39 26 30,
1494 628 132 23 Pakouwou
1635 628 23 26 8,
1672 626 36 23 Ta
1720 625 84 24 Mattai
1814 629 40 27 20,

1273 660 97 28 Ourere,
1390 661 52 30 only
1454 660 125 24 occasional
1597 658 113 25 residents
1721 658 58 24 from
1792 660 64 23 other

1273 693 63 31 pahs,
1354 693 111 24 Tukarua
1480 696 39 26 10,
1532 693 34 23 Te
1578 700 67 24 porra
1655 700 69 23 porra
1736 694 39 26 10,
1798 693 59 23 Tata

1273 728 39 26 30,
1334 726 131 31 Tukkapou
1484 726 45 23 and
1548 726 96 30 Toupou
1663 727 42 21 20.
1739 725 68 24 Total
1828 734 29 15 on

1273 759 37 23 the
1331 759 81 24 shores
1431 759 22 23 of
1471 759 117 24 Massacre
1607 758 50 31 Bay
1677 760 55 23 174.
1734 771 34 4 —
1768 757 90 25 Nelson

1273 791 134 25 Examiner.

1306 834 24 24 A
1347 836 100 30 meeting
1465 837 24 22 of
1505 836 38 22 the
1564 836 97 22 Justices
1681 834 25 23 of
1724 834 37 24 the
1782 835 74 23 Peace

1273 868 35 23 for
1319 868 45 23 this
1376 869 89 23 district
1476 877 46 14 was
1543 869 52 22 held
1615 876 30 15 on
1656 868 116 30 Tuesday,
1785 873 23 18 at
1819 869 39 22 the

1275 900 77 24 Police
1371 901 80 29 Office,
1470 902 46 29 for^
1532 902 37 23 the
1586 909 100 23 purpose
1704 900 23 24 of
1751 902 108 30 granting

1273 934 124 31 publicans'
1409 935 104 23 licenses.
1550 935 37 22 An
1607 934 159 31 adjournment
1785 939 22 18 to
1820 935 38 22 the

1274 967 114 30 following
1406 968 42 30 day
1463 968 55 22 took
1536 968 70 31 place,
1617 968 26 22 in
1661 974 155 24 consequence
1836 968 24 22 of

1275 1000 36 23 the
1324 1001 123 30 applicants
1460 1006 39 18 not
1509 1001 84 29 having
1609 1000 106 23 obtained
1727 1001 39 22 the
1783 1004 74 20 atten-

1275 1033 68 23 dance
1364 1034 25 23 of
1404 1034 57 23 their
1481 1035 103 22 sureties.
1628 1033 39 24 On
1686 1033 38 24 the
1743 1034 116 31 following

1273 1067 104 30 morning
1395 1072 24 18 at
1438 1072 43 23 ten,
1502 1067 38 23 the
1557 1067 123 30 adjourned
1698 1067 100 30 meeting
1812 1075 46 15 was

1273 1100 60 28 held,
1347 1100 33 23 H.
1394 1100 31 23 A.
1440 1100 139 30 Thompson,
1593 1100 66 30 Esq.,
1674 1100 78 23 Police
1769 1100 89 30 Magis-

1274 1137 64 24 trate,
1352 1133 97 31 Captain
1460 1133 133 28 Wakefield,
1608 1133 76 28 R.N.,
1698 1133 43 22 and
1761 1133 97 30 Captain

1274 1166 115 30 England,
1407 1174 30 15 on
1454 1166 37 23 the
1510 1166 79 28 bench,
1602 1165 65 23 when
1686 1165 97 24 licenses
1802 1173 57 16 were

1274 1199 94 30 granted
1384 1204 22 18 to
1423 1199 38 23 the
1479 1199 115 30 following
1611 1206 96 23 persons
1717 1207 5 15 :
1724 1211 32 4 —
1758 1199 102 23 Richard

1275 1232 73 28 Mills,
1368 1232 86 31 Joseph
1472 1232 87 28 Hoare,
1571 1231 102 23 William
1692 1231 87 29 Millar,
1800 1232 60 23 John

1277 1265 92 28 Collins,
1382 1265 77 24 James
1477 1265 129 28 Cockburn,
1619 1264 102 23 Edward
1738 1264 61 23 John
1816 1264 44 24 El-

1274 1298 179 28 lerm,-William
1464 1298 100 30 Wright,
1575 1297 43 23 and
1628 1297 125 23 Frederick
1764 1297 96 31 Augus-

1275 1336 36 18 tus
1324 1331 75 31 Lloyd
1410 1331 44 23 and
1472 1331 90 23 Turner
1579 1329 55 32 (one
1652 1330 106 31 license).
1761 1344 32 4 —
1797 1330 62 23 Exa-

1275 1365 78 28 miner,
1365 1365 73 30 April
1451 1366 40 22 23.

1309 1415 49 23 The
1379 1415 86 31 barque
1492 1415 119 28 Brilliant,
1638 1414 96 31 Captain
1759 1413 101 30 Ritchie,

1276 1448 86 23 arrived
1378 1448 53 23 here
1451 1457 28 14 on
1499 1448 101 30 Monday
1611 1448 108 30 morning
1737 1447 53 29 last,
1802 1448 59 23 from

1276 1481 101 23 Twofold
1397 1482 56 30 Bay,
1466 1483 24 21 in
1510 1486 38 18 ten
1568 1481 61 30 days.
1666 1481 44 23 Dr.
1729 1481 84 30 Imlay,
1832 1481 30 31 by

1276 1514 72 23 whom
1371 1514 40 23 she
1435 1523 44 14 was
1504 1514 122 28 chartered,
1652 1514 88 23 arrived
1763 1515 25 22 in
1809 1514 49 23 her.

1277 1547 50 24 Her
1346 1556 66 22 cargo
1431 1556 45 15 was
1496 1547 64 23 stock
1579 1547 59 23 from
1659 1547 35 23 his
1714 1547 147 23 well-known

1275 1580 67 24 herds
1364 1580 45 24 and
1430 1581 80 28 flocks,
1524 1581 137 29 -consisting
1685 1580 25 23 of
1736 1582 31 22 30
1792 1580 70 23 milch

1266 1618 79 24 'cows,
1370 1616 32 22 80
1422 1615 90 28 heifers,
1535 1614 29 25 17
1587 1613 114 28 bullocks,
1722 1615 15 21 4
1757 1613 69 28 bulls,
1846 1615 17 22 4

1275 1647 85 29 horses,
1381 1649 47 22 100
1448 1655 65 21 ewes,
1534 1647 44 22 and
1597 1648 31 21 50
1647 1646 105 23 wethers.
1801 1646 61 24 Uni-

1275 1681 74 23 versal
1366 1680 135 24 admiration
1519 1688 45 15 was
1583 1679 123 31 expressed
1719 1684 21 18 at
1759 1679 38 23 the
1815 1681 46 22 fine

1277 1714 112 23 condition
1407 1714 25 23 in
1450 1714 74 23 which
1543 1713 52 30 they
1607 1720 56 15 were
1682 1712 89 24 landed.
1813 1712 48 24 Mr.

1277 1747 99 28 Revans,
1399 1747 25 23 of
1446 1747 57 23 Port
1524 1746 132 28 Nicholson,
1675 1746 50 23 who
1744 1754 46 14 was
1808 1746 55 23 here

1325 1780 42 23 her
1390 1780 89 28 arrival,
1504 1779 124 31 purchased
1654 1779 39 22 the
1718 1779 79 29 whole,
1819 1780 44 22 and

1276 1813 41 23 has
1327 1813 42 23 left
1379 1813 63 24 them
1460 1813 72 23 under
1546 1813 35 22 the
1601 1820 50 15 care
1671 1812 26 23 of
1713 1812 47 23 Mr.
1774 1813 89 23 Druin-

1277 1846 75 23 mond.
1401 1846 24 23 It
1448 1847 20 22 is
1498 1846 47 23 Mr.
1572 1846 112 22 Kcvans's
1706 1846 112 22 intention
1842 1851 21 18 to

1277 1879 55 23 have
1345 1888 12 14 a
1376 1879 63 30 large
1459 1879 63 30 dairy
1534 1878 172 23 establishment
1725 1878 52 23 here
1788 1888 5 19 ;
1821 1879 44 23 and

1277 1913 28 22 he
1322 1913 41 22 has
1384 1913 41 22 left
1446 1913 145 22 instructions
1611 1911 54 23 with
1687 1912 35 22 his
1743 1916 80 26 agents
1841 1917 23 18 to

1278 1946 66 22 make
1368 1946 38 22 the
1435 1953 120 21 necessary
1579 1949 178 26 arrangements.
1813 1945 50 23 The

1278 1977 110 24 Brilliant
1400 1979 54 22 sails
1465 1978 88 30 to-day.
1557 1991 31 3 —
1589 1977 61 23 Ibid.

1263 2003 24 22 i
1322 2013 7 8 '
1486 2009 3 4 '
1567 2017 14 8 ♦
1644 2017 11 6 •-

1333 2038 196 23 ENGLISH
1559 2038 231 23 EXTRACTS.

1310 2082 161 23 Departure
1494 2090 30 15 of
1549 2090 50 15 the
1621 2082 99 23 Bishop
1743 2091 31 14 of
1799 2083 65 23 New

1278 2116 135 22 Zealand.
1415 2128 33 3 —
1451 2115 37 24 On
1502 2115 111 30 Saturday
1625 2115 45 23 last
1688 2115 38 23 the
1742 2115 87 32 Bishop
1843 2117 25 22 of

1280 2148 54 24 New
1347 2148 100 24 Zealand
1461 2148 54 23 took
1533 2149 36 22 his
1581 2148 119 31 departure
1712 2149 35 22 for
1762 2149 101 30 Sydney,

1279 2190 28 15 on
1325 2182 35 22 his
1379 2189 48 23 way
1448 2186 21 18 to
1491 2181 57 23 New
1571 2181 108 29 Zealand,
1703 2182 30 31 hy
1752 2183 38 22 the
1813 2183 51 31 ship

1279 2214 109 28 Tomatin,
1410 2214 76 24 hound
1505 2215 35 23 for
1559 2215 36 23 the
1613 2214 85 24 former
1717 2216 71 30 place.
1827 2216 38 23 He

1279 2249 81 22 carries
1368 2247 55 24 with
1435 2248 47 22 him
1494 2248 39 23 the
1544 2248 116 31 good-will
1670 2249 25 22 of
1705 2249 29 22 all
1747 2249 48 23 who
1807 2249 58 23 have

1279 2282 56 23 been
1344 2281 79 31 placed
1432 2282 24 22 in
1464 2282 189 23 communication
1663 2281 54 23 with
1725 2281 55 24 him.
1806 2282 59 24 Pre-

1279 2315 64 23 vious
1364 2319 25 19 to
1412 2315 36 22 his
1472 2315 126 30 departure,
1621 2314 39 23 thfe
1684 2315 56 23 New
1764 2315 101 24 Zealand

1280 2348 119 30 Company
1411 2347 92 24 entered
1521 2348 47 23 into
1587 2348 87 23 certain
1695 2354 171 25 arrangements

1279 2381 34 23 for
1325 2381 37 23 the
1374 2381 128 31 promotion
1512 2381 25 23 of
1547 2381 135 28 Education,
1696 2382 43 22 and
1752 2381 38 23 the
1804 2383 61 30 Sup-

1278 2418 52 28 port
1343 2414 24 23 of
1381 2414 40 23 the
1437 2414 100 29 Church,
1555 2414 74 23 which
1646 2422 38 15 are
1698 2414 125 25 calculated
1843 2421 22 18 to

1280 2448 49 30 give
1338 2452 65 26 great
1411 2447 140 24 satisfaction
1559 2452 22 18 to
1589 2447 38 23 the
1638 2447 95 31 Colony.
1771 2449 95 31 Subject

1280 2486 21 17 to
1311 2480 37 23 the
1357 2481 108 31 approval
1478 2481 26 22 of
1521 2481 161 28 Government,
1696 2482 19 21 it
1726 2481 40 23 has
1780 2482 83 23 offered

1281 2519 22 18 to
1315 2514 98 23 advance
1422 2522 13 15 a
1446 2522 51 15 sum
1510 2514 24 23 of
1543 2514 96 28 £5,000
1651 2515 31 30 by
1691 2522 47 23 way
1747 2515 24 23 of
1782 2524 12 14 a
1805 2515 60 29 loan,

1281 2555 28 15 on
1323 2547 38 23 the
1374 2548 99 30 security
1486 2547 24 23 of
1521 2548 36 23 the
1573 2548 73 26 native
1658 2555 98 21 reserve,
1769 2548 35 23 for
1812 2557 54 23 pro-

1280 2581 87 30 moting
1387 2581 38 23 the
1444 2581 118 23 education
1574 2581 24 23 of
1613 2581 38 23 the
1673 2581 75 23 native
1760 2581 105 29 families,

1281 2621 28 16 on
1338 2614 122 28 condition,
1489 2614 110 28 however,
1634 2614 50 23 that
1719 2614 37 23 the
1782 2614 85 24 church

1280 2647 114 23 furnishes
1414 2655 30 15 an
1456 2647 66 31 equal
1541 2655 57 15 sum.
1634 2647 45 23 We
1698 2647 85 23 believe
1803 2648 63 24 there

1280 2680 45 23 will
1335 2680 29 23 be
1375 2688 31 15 no
1414 2681 110 30 difficulty
1531 2681 23 22 in
1564 2680 108 30 fulfilling
1684 2681 45 22 this
1742 2681 123 29 condition,

1282 2722 24 14 so
1317 2714 49 22 that
1376 2722 35 15 we
1424 2718 59 18 trust
1494 2722 34 14 we
1540 2721 36 15 are
1585 2713 104 31 justified
1700 2714 24 22 in
1735 2715 83 30 saying
1830 2715 37 23 the

1282 2747 117 23 education
1417 2747 25 23 of
1456 2747 37 23 the
1510 2747 87 22 natives
1615 2747 20 22 is
1655 2746 93 31 happily
1764 2748 101 24 secured.

1282 2780 24 24 A
1315 2780 89 23 further
1416 2788 50 16 sum
1477 2780 25 24 of
1510 2781 96 28 £5,000
1618 2781 21 21 is
1651 2785 23 17 to
1688 2781 27 22 be
1727 2781 106 30 assigned
1845 2786 22 19 to

1282 2813 36 24 the
1328 2818 95 26 support
1435 2814 25 23 of
1468 2814 37 23 the
1519 2813 83 23 church
1613 2817 24 19 at
1649 2813 89 24 Nelson
1747 2823 6 19 ;
1767 2814 98 29 £2,000

1281 2847 34 23 for
1326 2854 14 15 a
1354 2847 48 23 like
1418 2854 98 24 purpose
1529 2851 22 19 at
1564 2846 140 31 Wellington
1713 2856 6 19 ;
1738 2847 45 23 and
1794 2849 73 23 £500

1282 2881 34 22 for
1327 2879 58 24 New
1397 2880 134 31 Plymouth.
1567 2880 49 23 The
1629 2888 83 15 reason
1724 2880 50 31 why
1781 2881 88 24 Nelson

1282 2914 39 22 has
1334 2921 24 15 so
1369 2914 65 31 large
1446 2922 14 14 a
1470 2921 52 15 sum
1533 2914 28 28 is,
1573 2914 47 22 that
1628 2914 24 22 in
1660 2914 65 29 point
1732 2914 25 22 of
1766 2914 46 23 fact
1819 2915 18 23 it
1849 2915 18 22 is

1282 2947 39 22 her
1333 2954 57 21 own,
1411 2947 76 23 whilst
1505 2947 39 23 the
1562 2954 61 15 sums
1635 2946 36 23 for
1691 2947 37 22 the
1750 2947 83 24 church
1846 2952 23 19 at

1282 2980 139 30 Wellington
1445 2980 44 23 and
1511 2980 58 23 New
1588 2980 127 30 Plymouth
1737 2988 38 15 are
1798 2980 71 31 really

1282 3017 75 27 grants
1371 3021 29 15 on
1413 3013 39 23 the
1467 3014 88 30 part^of
1571 3013 37 22 the
1620 3013 127 31 Company.
1783 3013 38 31 By
1832 3022 35 15 re-

1281 3047 85 30 ferring
1376 3051 24 18 to
1412 3046 39 24 the
1463 3051 70 19 terms
1547 3046 144 31 of-purchase
1703 3046 25 23 of
1733 3046 39 23 the
1785 3046 84 24 second

1284 3079 92 30 Colony,
1394 3079 38 24 the
1449 3080 79 23 reader
1540 3079 44 24 will
1601 3079 48 23 find
1660 3087 14 15 a
1685 3079 57 23 fund
1759 3084 35 18 set
1805 3084 64 26 apart

1281 3113 34 23 for
1336 3112 56 24 such
1411 3121 120 23 purposes.
1575 3112 49 23 The
1646 3112 118 30 Company
1781 3113 20 22 is
1821 3112 47 24 also

1282 3145 66 31 ready
1360 3150 23 19 to
1402 3146 92 30 provide
1511 3146 36 23 for
1566 3145 38 23 the
1621 3145 174 23 establishment
1814 3145 25 23 of
1855 3154 13 15 a

1283 3179 83 30 college
1378 3183 25 19 at
1414 3179 96 29 Nelson,
1531 3187 23 15 as
1569 3186 54 15 soon
1644 3185 24 16 as
1681 3186 13 15 a
1712 3178 156 31 municipality

1283 3213 18 22 is
1313 3212 96 31 granted
1428 3217 21 18 to
1463 3213 49 22 that
1530 3211 135 24 settlement.
1703 3211 50 23 The
1765 3211 58 24 fund
1834 3211 35 24 for

1284 3245 35 24 the
1329 3253 99 23 purpose
1441 3246 25 23 of
1478 3245 150 30 establishing
1639 3252 12 15 a
1665 3244 85 31 college
1762 3249 106 19 amounts

1282 3284 22 18 to
1322 3279 122 28 £15,000.
1481 3277 60 25 Mrs.
1561 3277 95 28 Martin,
1677 3277 38 23 the
1726 3277 53 31 lady
1791 3279 25 22 of
1832 3277 37 24 the

1367 3311 75 31 Judge
1463 3312 24 23 of
1506 3312 56 23 New
1581 3310 109 29 Zealand,
1711 3311 158 31 accompanied

1282 3346 37 22 the
1336 3344 87 32 Bishop
1439 3345 24 23 of
1477 3344 59 24 New
1553 3344 101 24 Zealand
1654 3356 34 4 —
1688 3343 60 23 New
1764 3343 106 25 Zealand

1282 3377 107 25 Journal.

1315 3411 176 23 Settlement
1500 3418 31 16 of
1544 3418 49 15 the
1604 3409 132 24 Chatham
1748 3409 120 25 Islands;

1281 3458 28 4 —
1309 3444 42 23 -M.
1366 3444 118 28 Sievekin,
1500 3444 25 23 of
1542 3443 128 30 Hamburg,
1680 3451 51 23 says
1740 3443 38 23 the
1788 3443 81 30 Allge-

1280 3477 70 24 meine
1373 3477 106 30 Zeitung,
1509 3476 128 31 purchased
1658 3477 61 22 from
1746 3476 37 22 the
1813 3476 57 23 New

1282 3510 100 24 Zealand
1395 3510 159 23 Colonization
1572 3510 118 30 Company
1708 3516 29 15 on
1754 3509 39 22 the
1813 3509 57 23 12th

1283 3543 142 32 September,
1439 3543 37 23 the
1489 3548 66 25 grant
1566 3543 24 22 of
1607 3542 114 24 Chatham
1732 3541 93 23 Islands
1836 3542 34 23 for

1282 3578 123 26 £10,000.
1450 3576 88 23 Should
1550 3575 37 24 the
1598 3575 103 22 German
1714 3575 156 23 Colonization

1283 3610 118 31 Company
1411 3609 28 23 be
1451 3609 94 28 formed,
1566 3608 37 23 the
1621 3608 138 22 ratification
1780 3608 25 22 of
1827 3608 43 23 this

1280 3643 94 31 bargain
1386 3646 62 19 must
1459 3643 27 22 he
1500 3641 131 30 exchanged
1649 3641 25 22 in
1686 3640 98 23 Dondon
1795 3641 75 24 before

1281 3677 37 23 the
1344 3676 57 22 12th
1424 3674 90 29 March,
1541 3676 70 26 1842,
1640 3674 44 23 and
1708 3674 54 23 then
1781 3674 41 27 in.
1829 3679 42 19 two

1281 3709 90 24 months
1394 3708 38 23 the
1456 3709 50 22 first
1528 3707 132 23 instalment
1685 3711 61 19 must
1764 3707 29 24 be
1809 3708 61 31 paid.

1281 3743 49 23 The
1341 3742 103 23 German
1463 3740 157 24 Colonization
1641 3739 119 32 Company
1780 3741 45 23 will
1845 3742 26 23 be

1280 3775 64 24 made
1355 3775 59 22 after
1426 3773 38 24 the
1481 3772 129 24 Wakefield
1627 3773 64 30 plan.
1738 3773 134 33 According

1280 3813 22 18 to
1325 3808 38 23 the
1387 3811 96 19 account
1506 3806 25 23 of
1557 3806 47 23 Mr.
1618 3806 122 33 .Hanson,,

1280 3841 87 28 Island,
1397 3848 25 15 or
1451 3839 156 29 Warrekauri,
1636 3839 42 24 has
1700 3848 13 15 a
1735 3840 92 24 surface
1851 3841 24 23 of

1280 3876 108 26 600,000
1402 3880 70 22 acres,
1486 3872 89 23 besides
1585 3874 109 27 100,000
1713 3873 110 32 occupied
1842 3874 30 30 by

1280 3916 13 14 a
1308 3907 51 23 lake
1376 3914 27 15 or
1422 3906 112 23 reservoir
1550 3905 35 23 for
1606 3905 38 24 the
1667 3907 97 23 natives.
1813 3906 59 24 This

1279 3940 128 33 paragraph
1417 3939 42 24 has
1470 3939 59 24 been
1536 3938 115 32 variously
1659 3939 145 29 commented,
1810 3947 63 24 upon

1879 135 30 28 by
1921 134 38 23 the
1971 134 59 30 daily
2039 141 89 24 papers,
2145 134 40 23 but
2196 134 38 24 the
2255 133 110 32 Morning
2389 130 58 28 Chko
2449 136 11 18 1-

1881 165 57 25 7iicle
1960 168 20 22 is
2000 167 37 23 the
2053 167 59 30 ,ouly
2133 174 42 16 one
2196 168 25 22 of
2251 162 73 28 which'
2344 176 116 25 possesses

1882 204 86 19 correct
1985 199 145 24 information
2145 207 29 15 on
2187 199 38 23 the
2244 200 94 31 subject.
2353 193 17 32 •'.'
2382 200 25 24 It
2417 208 43 16 .re-

1882 232 121 29 marks,—
2076 254 40 14 .n
2135 248 4 3 .
2224 238 12 11 v
2257 226 14 40 .;
2274 256 4 9 ;
2281 254 3 4 .
2285 249 12 17 /t
2304 226 80 38 ;.\,
2389 254 5 10 f
2401 255 4 4 .
2406 254 5 12 £
2413 225 26 42 ,;;
2448 252 7 13 ;

1875 279 6 3 -
1992 271 87 23 observe
2098 278 12 13 a
2116 286 2 6 ,
2126 273 110 18 statement
2242 275 1 5 '
2250 271 27 20 ,im
2297 272 34 21 the
2342 272 118 24 ,Allgemein

1882 297 95 27 Zeituny,
1993 298 68 20 which
2077 305 30 12 we
2116 299 52 19 have
2174 298 112 21 elsewhere
2295 298 82 20 alluded
2386 301 22 17 to
2413 299 49 21 .ia-a

1883 326 12 13 n
1896 330 36 15 ote
1940 328 23 17 to
1973 332 12 13 a
1993 325 62 20 letter
2065 325 54 20 from
2128 331 38 14 our
2175 324 108 26 Hamburg
2292 325 168 25 co-respondent',

1940 359 12 13 a
1962 352 89 20 German
2062 352 76 26 colony
2147 353 18 19 is
2179 352 65 20 about
2260 355 21 17 to
2291 352 43 24 .be;
2338 351 89 26 planted:
2438 352 24 20 in

1883 379 34 20 the
1936 379 101 20 Chatham
2053 379 90 23 Islands,
2159 379 21 19 in
2201 380 43 18 the'
2257 379 104 20 Southern
2380 378 81 22 Pacific,

1883 407 45 19 that
1937 412 66 20 group
2013 407 83 25 having,
2107 407 19 19 it
2133 407 19 19 is
2166 406 50 24 said,
2227 406 52 19 been
2290 405 119 27 purchased!
2412 405 51 20 with

1883 434 46 19 that
1937 434 52 19 view
1994 433 31 26 by
2036 433 31 20 M.
2080 433 100 26 Syndicus
2191 433 118 25 Sieveking,
2317 433 23 19 of
2349 432 113 26 Hamburg,

1883 466 27 14 on
1920 463 91 17 account
2021 460 23 20 of
2057 467 13 13 a
2079 461 138 19 colonization
2231 466 102 19 company
2342 466 47 13 now
2399 459 64 19 form-

1883 487 36 26 ing
1928 487 23 19 in
1968 487 111 26 Germany.
2086 505 6 7 f
2113 488 55 19 ,Tliis
2185 489 112 18 statement
2311 487 22 23 [is
2352 486 112 20 somewhat

1883 517 124 23 premature.
2053 515 45 19 The
2116 515 43 19 fact
2177 515 24 24 is,
2225 515 45 19 that
2289 514 47 24 the,,
2344 513 119 26 diplomatic

1883 544 71 23 agents
1965 542 24 19 of
1999 542 34 20 the
2043 541 114 21 Hanseatic
2168 544 65 18 towns
2243 542 52 19 have
2312 541 80 26 opened
2401 546 63 17 .some

1883 569 139 25 negotiations
2044 569 51 19 with
2117 569 36 19 the
2175 568 80 20 British
2264 582 2 4 .
2282 568 140 22 Government
2440 568 24 19 in

1883 596 106 20 reference
1998 599 21 17 to
2030 596 35 19 the
2079 596 78 20 islands
2172 596 80 23 named,
2269 596 47 22 and.
2325 596 139 22 that<;a^.coa-

1883 623 89 19 ditional
1981 626 144 22 arrangement
2133 623 37 19 has
2177 623 51 19 been
2239 623 58 19 made
2304 623 50 19 with
2363 623 35 19 the
2413 621 52 20 New

1884 650 95 20 Zealand
1997 650 115 26 Company,
2131 650 66 19 which
2215 651 19 19 is
2251 651 42 19 the.
2303 656 68 14 owner
2388 649 23 20 of
2425 649 40 19 'the

1884 678 49 23 soil,
1943 678 40 19 but
1992 678 74 23 which,
2077 677 28 26 by
2115 677 36 19 the
2160 679 62 18 terms
2233 677 24 19 of
2268 677 27 19 its
2311 677 88 23 charter,
2409 682 56 14 xan-

1884 707 37 17 not
1930 705 100 19 conclude
2046 712 14 12 a
2075 707 69 22 treaty
2156 704 22 19 in
2192 705 36 19 the
2244 706 74 17 matter
2333 704 86 20 without
2429 703 36 19 the

1884 732 96 20 sanction
1999 732 22 20 of
2042 732 37 20 the
2100 731 80 20 Crown.
2217 731 45 19 The
2280 731 105 19 Chatham-
2392 736 77 20 .group,

1884 759 90 20 consists
1985 760 22 19 of
2020 759 58 20 three
2094 758 102 27 principal
2212 758 90 23 Islands,
2318 758 48 23 viz.,
2382 757 82 20 Warre-

1884 786 68 24 kauri,
1962 793 24 13 or
1996 786 102 20 Chatham
2109 785 76 24 Island,
2202 785 126 25 containing,
2332 791 13 13 a
2354 783 78 21 s'uiface
2443 785 24 19 of

1884 813 65 20 about
1958 814 90 23 300,000
2060 819 74 20 square
2141 819 55 13 acres
2204 820 6 16 ;
2220 812 178 26 Rangihande,.or
2406 811 60 20 Pitt's

1885 840 85 25 Island;
1986 841 41 18 and
2037 840 120 25 Raugatira,
2168 846 22 13 or
2202 840 56 20 Corn
2261 839 63 20 wallis
2336 839 76 23 Island,
2431 835 35 23 the

1884 867 82 20 surface
1977 868 24 19 of
2008 868 67 19 which
2085 870 41 17 two
2135 868 41 19 last
2184 866 121 21 mentioned
2315 866 48 20 isles
2374 866 47 20 does
2430 863 37 22 riot

1885 895 76 19 exceed
1972 895 88 24 100,000
2071 901 66 14 acres.
2174 894 44 20 The
2236 900 65 19 group
2318 894 38 19 lies
2375 893 57 20 three
2442 898 25 14 or

1884 922 49 19 four
1942 922 57 25 days'
2010 922 38 19 sail
2058 926 21 15 to
2096 922 35 19 the
2148 922 98 19 eastward,
2262 922 24 19 of
2304 920 52 20 New
2368 918 98 29 Zealand.

1886 949 64 20 Great
1959 949 81 20 Britain
2050 950 73 19 claims
2133 949 35 19 the
2182 949 59 25 right
2257 948 24 20 of
2299 948 137 25 sovereignty,
2443 953 23 13 as

1885 976 82 25 against
1976 977 28 19 all
2013 976 111 26 European
2135 981 77 20 powers
2213 986 27 4 —
2241 982 12 13 a
2268 976 56 24 right
2339 975 91 20 founded
2439 981 30 13 on.

1885 1004 36 19 the
1931 1004 58 25 prior
1999 1004 107 25 discovery
2121 1003 40 20 and
2177 1003 118 25 possession
2310 1002 68 25 taken,
2388 1002 27 25 by
2431 1002 36 19 the

1886 1031 81 20 officers
1978 1031 24 20 of
2014 1032 35 19 the
2060 1031 46 26 brig
2119 1030 99 21 Chatham
2227 1031 23 18 in
2265 1030 61 23 1791,
2343 1030 41 19 and
2392 1030 75 24 which,

1886 1064 22 14 so
1919 1058 33 20 far
1961 1065 23 13 as
1994 1065 29 13 we
2033 1065 35 13 are
2086 1065 73 17 aware,
2176 1058 34 19 the
2227 1057 114 20 Hanseatic
2352 1060 64 17 towns
2427 1063 38 14 can

1886 1086 51 19 have
1948 1092 27 13 no
1985 1086 114 25 legitimate
2114 1085 82 26 ground
2211 1086 34 19 for
2262 1085 114 27 disputing.
2413 1084 57 21 How

1885 1113 32 20 far
1928 1113 35 20 the
1973 1113 69 26 policy
2058 1113 23 20 of
2099 1113 38 20 her
2147 1112 108 26 Majesty's
2265 1112 141 20 Government
2420 1118 48 19 may

1885 1140 48 19 lean
1943 1140 88 20 towards
2041 1147 13 13 a
2064 1141 82 19 cession
2156 1140 22 19 of
2189 1140 36 19 the
2234 1139 83 20 islands'
2324 1141 21 18 to
2356 1146 12 13 a
2378 1139 91 20 German

1887 1167 58 20 State
1954 1167 23 20 in
1987 1170 71 17 return
2069 1168 33 19 for
2111 1174 28 13 an
2149 1167 116 26 equivalent
2276 1164 164 28 compensation,'
2449 1166 20 20 is

1886 1201 12 13 a
1908 1195 96 19 different
2013 1195 104 25 question,
2137 1195 40 19 and
2190 1195 37 19 the
2246 1194 93 20 solution
2360 1194 24 19 of
2401 1194 68 19 which

1886 1228 49 19 may
1945 1222 81 25 depend
2036 1228 57 19 upon
2106 1228 13 13 a
2137 1221 75 25 variety
2222 1221 24 19 of
2258 1221 162 25 considerations
2430 1223 39 17 not

1886 1249 53 25 fully
1950 1249 70 19 before
2030 1249 35 19 the
2075 1249 79 26 public.
2180 1249 40 19 \Ve
2229 1249 53 19 have
2293 1254 27 13 no
2328 1248 73 24 doubt,
2411 1248 58 19 how-
2470 1251 3 10 1

1887 1282 55 18 ever,
1953 1277 53 23 that,
2023 1282 21 14 as
2062 1283 12 13 a
2093 1277 64 19 token
2172 1275 22 20 of
2206 1275 108 26 good-will
2322 1275 40 19 and
2372 1275 97 20 concilia-

1887 1303 54 24 tion,
1959 1304 51 19 such
2029 1310 12 12 a
2055 1304 83 19 cession
2154 1303 68 19 would
2237 1303 27 19 be
2283 1301 134 21 well-timed:'
2438 1301 32 20 'It

1887 1330 70 20 would
1966 1330 75 26 gratify
2051 1331 35 19 the
2093 1330 91 20 national
2190 1330 88 25 feelings
2287 1330 24 20 of
2318 1330 36 20 the
2360 1329 107 25 Germans,

1888 1358 46 19 who
1945 1364 34 13 are
1989 1358 49 19 bent
2052 1364 58 20 upon
2127 1358 36 19 the
2176 1357 118 26 possession
2312 1357 23 19 of
2352 1363 12 13 a
2381 1357 94 24 Colony,'

1888 1385 95 19 however
2001 1385 66 24 small,
2092 1385 41 20 and
2152 1385 65 25 might
2236 1385 54 25 allay
2309 1384 62 20 much
2390 1384 23 20 of
2426 1403 5 8 r
2433 1384 36 20 the

1887 1413 107 19 irritation
2012 1413 67 19 which
2099 1413 38 19 has
2155 1412 102 25 prevailed
2275 1413 22 18 in
2312 1412 42 19 the'
2364 1412 65 19 South
2449 1411 24 19 of

1889 1439 105 26 Germany
2004 1446 46 14 ever
2061 1441 56 19 since
2128 1441 35 19 the
2173 1440 121 20 conclusion
2311 1439 23 19 of
2352 1440 36 18 the
2403 1436 75 28 treaty'

1888 1467 94 19 between
1992 1467 40 20 this
2043 1470 90 23 country
2143 1467 37 20 and
2189 1467 138 19 ZollVerein.
2357 1466 32 25 By
2394 1472 76 19 proper

1888 1494 134 26 stipulations
2032 1494 34 20 for
2072 1495 35 19 the
2117 1494 113 20 admission
2244 1494 24 20 of
2286 1493 78 20 British
2371 1492 3 5 '
2380 1493 90 26 produce

1888 1522 42 19 and
1940 1522 154 19 manufactures
2105 1526 28 15 on
2143 1522 35 19 the
2185 1521 85 26 footing
2287 1521 24 19 of
2328 1521 36 20 the
2380 1520 99 20 national'

1888 1549 48 26 flag,
1949 1549 63 20 Great
2022 1549 81 20 Britain
2113 1549 64 26 might
2190 1555 72 14 secure
2279 1548 78 20 herself
2371 1548 120 28 precisely^

1889 1576 35 20 the
1933 1583 56 13 same
1999 1576 123 26 advantages
2131 1576 52 19 from
2201 1583 13 12 a
2234 1576 89 19 German
2340 1581 21 14 as
2376 1575 53 20 from
2443 1581 28 13 an

1889 1603 90 26 English
1999 1604 80 25 Colony
2097 1604 22 19 in
2133 1604 36 19 the
2182 1603 104 20 Chatham
2305 1602 87 21 Islands.
2427 1602 45 20 The
2482 1618 2 5 ,

1889 1637 47 14 case
1948 1631 68 20 differs
2026 1631 117 25 materially
2152 1631 52 19 from
2215 1631 45 19 that
2270 1630 24 19 of
2312 1630 35 19 the-

1889 1661 59 17 ment
1957 1659 25 19 of
1989 1665 12 12 a
2010 1658 130 26 community
2148 1658 23 20 of
2179 1657 100 20 Germans
2290 1657 72 20 within
2371 1663 13 14 a
2392 1657 80 20 British

1890 1686 90 26 Colony,
1990 1685 40 20 and
2042 1686 18 19 is
2068 1686 114 25 altogether
2199 1685 24 20 of
2241 1691 12 13 a
2269 1691 45 13 new
2326 1684 41 19 and
2381 1682 102 28 peculiar.'

1889 1716 82 17 nature.
2009 1713 96 20 Without
2121 1713 130 25 committing
2270 1712 103 19 ourselves
2392 1712 80 25 by'ex-
2478 1715 6 11 J
2481 1710 4 4 '

1889 1740 96 26 pressing
2001 1747 40 19 auy
2058 1740 112 20 deliberate
2184 1740 88 26 opinion
2289 1745 28 14 on
2333 1739 36 20 the
2386 1739 86 25 subject,

1889 1774 40 14 our
1939 1770 83 24 present
2030 1768 125 25 impression
2166 1768 15 19 is
2192 1768 45 19 that
2248 1767 41 20 this
2299 1766 116 26 colonizing
2423 1773 55 19 pro-*

1889 1796 61 25 posal
1960 1795 24 20 of
1995 1795 35 20 the
2047 1795 113 20 Hanseatic
2176 1795 74 19 Towns
2265 1795 18 18 is
2303 1800 39 13 one
2362 1794 23 19 of
2407 1794 68 19 which'

1890 1823 67 25 ought
1973 1825 38 17 not
2030 1824 20 18 to
2072 1823 25 19 be
2112 1822 75 26 hastily
2197 1822 91 25 rejected
2298 1822 26 25 by
2334 1821 35 20 the
2380 1820 92 21 Govern-

1890 1853 59 17 ment
1959 1850 24 20 of
1995 1849 63 20 Great
2445 1853 16 19 /

1926 1885 29 24 In
1968 1885 51 28 this,
2033 1893 24 15 as
2070 1886 22 22 in
2106 1885 31 23 all
2148 1886 28 21 its
2194 1886 146 26 tranactions,
2359 1883 38 24 the
2407 1883 65 26 .New

1891 1919 103 23 Zealand
2007 1919 118 31 Company
2137 1919 47 22 has.
2188 1919 69 22 taken
2267 1926 29 15 no
2315 1922 48 26 step
2382 1917 93 23 without

1891 1952 115 23 reference
2019 1956 21 18 to
2053 1952 38 23 the
2104 1952 102 23 sanction
2222 1952 44 23 and
2285 1959 148 16 concurrence
2451 1950 26 23 of

1891 1985 40 23 the
1944 1985 162 23 Government.
2152 1984 48 24 The
2222 1984 71 23 whole
2305 1985 103 30 question
2418 1985 26 21 is,
2448 1992 24 14 an
2486 1994 4 6 -

1891 2018 47 22 fact
1949 2025 50 15 now
2012 2018 80 24 before,
2098 2018 37 23 the
2145 2013 328 36 ColoniarDepartnient,^and,

1892 2058 33 16 we
1936 2051 93 27 believe,
2043 2058 32 15 wo
2088 2059 52 22 may
2151 2058 76 15 assure
2240 2050 37 23 the
2299 2049 116 23 Chronicle
2427 2049 49 23 thai

1919 2084 44 22 this
1973 2084 128 30 colonizing
2111 2083 106 31 proposal
2227 2084 47 22 will
2292 2088 39 17 not
2349 2083 28 23 he
2392 2083 96 29 hastily.'

1891 2117 99 31 rejected
2068 2125 40 15 out
2121 2117 161 23 Government.
2319 2116 46 23 For
2375 2124 39 14 our
2425 2124 50 14 own

1891 2155 64 25 parts
1968 2158 31 15 we
2011 2158 37 15 are
2062 2150 105 31 disposed
2178 2154 21 19 to
2217 2150 67 22 think
2302 2149 130 30 favourably
2453 2149 25 22 of

1891 2184 28 22 it.
1955 2183 44 23 We
2011 2183 56 23 have
2080 2191 55 15 seen
2152 2183 35 23 the
2201 2183 113 23 Germans
2327 2190 24 15 as
2371 2183 105 22 colonists

1892 2217 24 22 in
1927 2217 114 27 America,
2055 2216 46 23 and
2111 2216 67 23 know
2189 2216 60 23 their
2260 2216 64 23 value
2338 2224 6 20 ;
2362 2216 26 22 in
2403 2215 73 23 South

1891 2250 121 23 Australia
2031 2250 55 31 they
2107 2250 127 27 constitute,
2256 2249 72 23 under
2351 2249 58 23 their
2426 2256 50 15 own

1891 2288 98 25 pastors,
2013 2291 28 15 an
2065 2283 88 31 orderly
2175 2283 90 31 portion
2290 2283 24 22 of
2333 2281 38 24 the
2388 2282 86 31 people.

1892 2317 49 22 But
1953 2317 24 22 in
1989 2316 37 23 the
2038 2322 92 25 present
2143 2324 47 15 case
2203 2316 38 23 the
2259 2316 107 31 proposal
2384 2316 27 27 is,
2428 2315 50 22 that

1892 2350 55 30 they
1959 2350 58 23 shall
2032 2350 122 23 constitute
2174 2357 27 15 an
2220 2349 151 31 independent
2389 2349 85 29 colony,

1893 2391 24 15 so
1931 2383 49 23 that
1991 2383 36 23 the
2041 2383 104 30 question
2161 2382 69 31 really
2250 2387 65 19 turns
2331 2389 30 15 on
2378 2382 37 22 the
2434 2389 41 15 ex-
2492 2388 4 4 '

1891 2416 112 31 pediency
2023 2417 24 22 of
2069 2416 84 31 having
2172 2423 10 15 a
2203 2416 89 23 neutral
2309 2415 73 23 island
2392 2415 24 22 in
2428 2412 48 25 that

1892 2454 51 26 part
1956 2450 25 22 of
1997 2450 35 22 the
2046 2450 115 22 Southern
2173 2449 78 23 Ocean
2262 2450 25 22 in
2298 2448 39 23 the
2349 2456 50 15 case
2417 2447 24 23 of
2464 2456 12 14 a

1892 2491 46 14 war
1959 2483 53 22 with
2030 2483 37 23 the
2085 2483 123 31 European
2224 2483 99 22 nations.
2365 2481 57 23 This
2443 2488 34 16 we

1893 2516 71 23 admit
1975 2517 19 22 is
2003 2524 13 15 a.
2020 2516 63 30 fair,
2096 2516 42 23 but
2149 2524 31 14 we
2187 2515 131 31 apprehend
2324 2519 40 19 not
2370 2523 19 15 -a
2399 2517 79 28 strong

1893 2549 121 31 objection.
2059 2549 50 23 The
2129 2557 96 15 answers
2244 2552 22 19 to
2283 2549 18 22 it
2312 2556 38 15 are
2360 2548 57 29 first,
2431 2547 48 24 that

1894 2587 60 18 most
1966 2582 24 24 of
2005 2582 37 23 the
2055 2582 92 23 Islands
2159 2582 22 23 of
2197 2582 37 23 the
2252 2582 85 23 Pacific
2349 2589 37 15 are
2397 2582 23 22 in
2431 2581 47 23 fact
2492 2586 4 5 '

1894 2616 91 23 neutral
1994 2625 5 19 ;
2020 2616 43 23 and
2076 2616 90 28 second,
2173 2615 54 24 .that
2247 2615 81 23 should
2347 2615 37 22 the
2401 2614 75 23 future
2490 2618 10 19 :-

1895 2649 101 23 German
2007 2649 79 30 colony
2099 2653 23 19 at
2135 2649 37 23 the
2183 2648 114 24 Chatham
2305 2648 91 24 Islands
2408 2648 69 23 foster

1895 2690 41 15 our
1950 2690 86 22 enemy,
2049 2683 39 22 the
2100 2683 89 29 remedy
2201 2682 47 22 will
2258 2683 29 22 be
2299 2686 22 18 to
2333 2681 54 23 take
2397 2682 26 22 it.

1930 2716 58 23 The
1996 2716 77 22 West
2086 2715 81 23 India
2175 2716 89 22 Steam
2274 2714 205 24 FLEET.-^-There

1895 2757 38 14 are
1946 2756 49 16 now
2006 2749 51 22 four
2076 2749 147 30 steam-skips
2234 2749 25 22 of
2274 2752 64 26 great
2349 2747 129 31 magnitude

1896 2782 45 23 and
1950 2790 74 23 power
2032 2782 77 31 fitting
2117 2787 39 18 out
2163 2783 20 22 in
2197 2782 38 23 the
2244 2782 58 23 East
2313 2781 67 23 India

1896 2820 23 18 at
1929 2815 133 29 Blackwall,
2070 2815 45 23 and
2126 2815 74 30 nearly
2210 2815 69 30 ready
2286 2815 35 22 for
2328 2822 46 16 sea.
2404 2813 75 24 These

1895 2849 46 23 fine
1964 2849 85 23 vessels
2072 2857 59 15 were
2153 2849 57 22 built
2232 2853 23 18 at
2278 2848 114 23 Pitclier's
2413 2847 64 31 yard,

1896 2882 136 23 Northfleet.
2077 2881 67 30 They
2163 2889 36 15 are
2218 2881 56 23 each
2293 2881 24 23 of
2337 2882 73 27 1,400
2429 2885 49 17 tons

1895 2915 97 29 burden,
2012 2915 43 23 and
2067 2915 46 23 will
2126 2914 85 30 shortly
2227 2914 51 30 join
2290 2914 64 22 other
2372 2918 107 18 steamers

1895 2949 59 23 built
1966 2949 24 22 in
2003 2948 107 23 Scotland
2122 2947 44 23 and
2175 2947 122 30 Liverpool
2307 2947 35 23 for
2354 2946 37 23 the
2404 2946 75 31 Royal

1896 2982 67 23 West
1982 2980 66 24 India
2070 2980 60 24 Mail
2149 2980 77 23 Steam
2246 2979 87 24 Packet
2353 2980 124 30 Company.

1896 3014 52 23 The
1959 3014 70 23 whole
2041 3013 61 28 fleet,
2121 3013 82 23 twelve
2224 3013 24 22 in
2265 3013 103 28 number,
2388 3020 36 16 are
2436 3020 43 16 ex-

1895 3047 81 31 pected
1987 3051 23 18 to
2025 3052 61 17 meet
2097 3047 24 22 in
2140 3046 36 23 the
2187 3045 169 32 Southampton
2366 3046 58 23 river
2438 3046 50 23 be-'

1895 3080 48 24 fore
1956 3080 38 23 the
2006 3080 127 30 expiration
2145 3079 25 23 of
2179 3079 36 23 the
2227 3083 93 26 present
2337 3086 60 23 year,
2411 3079 44 23 and
2466 3081 21 21 a'

1895 3113 91 31 regular
1996 3114 189 29 intercourse>per
2197 3117 73 18 steam
2283 3112 44 23 will
2338 3112 28 23 be
2384 3112 54 31 kept
2450 3120 31 23 up

1895 3147 102 22 between
2009 3145 107 30 England
2124 3145 44 23 and
2179 3145 37 23 the
2225 3145 66 23 West
2298 3145 68 24 India
2373 3145 106 25 colonies.

1896 3179 57 29 The,
1959 3179 51 23 four
2021 3179 149 31 steam-ships
2179 3183 23 18 at
2211 3179 128 23 Blackwall
2351 3187 38 15 are
2400 3179 82 23 named

1895 3212 146 31 respectively
2055 3212 57 22 after
2124 3212 51 22 four
2184 3212 27 22 of
2227 3212 37 23 the
2282 3212 110 31 principal
2410 3213 71 22 rivers

1896 3246 24 22 in
1933 3245 106 31 England
2040 3257 34 4 —
2074 3245 46 25 the.
2122 3244 102 29 Thames,
2243 3243 114 33 Medway,
2369 3245 55 29 Isis,
2436 3245 60 23 and-

1897 3278 78 24 Trent.
2011 3278 50 23 The
2081 3279 94 29 engines
2190 3278 46 23 and
2256 3279 131 30 machinery
2399 3279 23 23 of
2438 3283 41 21 tw,o

1897 3312 24 23 of
1933 3312 62 23 these
2006 3311 87 23 vessels
2103 3319 58 15 were
2173 3311 171 24 manufactured
2354 3312 31 30 by
2397 3311 94 24 Maud-,

1897 3345 49 30 sley
1958 3344 44 24 and
2014 3344 72 28 Field,
2101 3346 23 22 of
2134 3344 121 29 Lambeth,
2273 3345 44 23 the.
2324 3345 63 23 other
2398 3349 40 18 two
2451 3344 31 30 by

1898 3378 79 23 Miller
1998 3377 43 23 and
2066 3377 131 29 Ravenhill,
2222 3378 23 23 of
2270 3378 144 27 Limehouse,
2499 3397 4 7 ,

1897 3412 90 22 neither
1997 3412 66 29 pains
2077 3419 25 15 or
2113 3419 98 23 expense
2222 3408 159 32 has'been,..or,
2389 3409 44 24 will
2444 3410 53 28 be,\.

1899 3444 84 31 spared
1999 3445 24 22 in
2039 3444 125 31 rendering
2175 3444 62 23 these
2255 3443 227 31 steam-ships.com-

1897 3478 97 30 pletein
2012 3485 68 23 every
2093 3478 148 30 department.
2263 3488 3 5 •
2277 3477 50 23 The
2345 3481 84 18 utmost
2443 3476 62 23 ac-'"

1898 3511 67 29 tivity
1975 3511 97 30 prevails
2091 3511 23 22 in
2126 3511 93 30 getting-
2229 3511 62 22 them
2309 3509 68 31 ready
2388 3509 34 24 for
2433 3517 57 17 sea..
2502 3532 5 2 .

1898 3544 53 23 The
1959 3544 166 31 paddle-boxes
2134 3552 37 15 are
2179 3544 23 23 of
2210 3542 271 29 enormou^dimensions,

1898 3577 46 23 and
1963 3577 38 23 the
2020 3582 50 26 tops
2092 3577 24 23 of
2135 3577 61 23 them
2220 3576 45 23 will
2282 3575 58 24 form
2359 3575 132 28 life-boats,-'
2504 3584 4 10 <

1899 3610 75 23 which
1987 3618 40 15 can
2045 3611 27 23 be
2083 3610 104 24 removed
2201 3610 48 23 and.
2263 3609 65 23 made
2339 3608 107 24 available
2458 3609 35 22 in*

1900 3652 52 15 case
1973 3644 23 23 of
2018 3645 114 29 necessity
2142 3644 33 22 -in
2197 3651 13 15 a
2228 3643 44 22 few
2279 3646 3 6 '
2290 3643 107 22 minutes.
2432 3641 51 23 The

1898 3676 106 31 building
2022 3677 44 23 and
2075 3677 77 30 fitting
2163 3680 38 19 out
2211 3675 24 24 of
2254 3675 63 23 these
2328 3674 92 29 vessels,
2432 3674 52 25 .and

1900 3710 39 24 the
1951 3710 121 24 formation
2079 3709 31 24 'of
2125 3710 38 22 the
2180 3709 94 30 engines
2284 3707 44 25 and
2345 3707 138 32 machinery,

1899 3743 58 24 have
1971 3744 66 30 given
2048 3742 92 32 regular
2150 3742 150 30 employment
2311 3745 22 18 to
2348 3742 71 28 1,000
2431 3749 55 16 men

1899 3777 25 23 in
1944 3776 46 24 this
2010 3775 132 32 metropolis
2161 3775 43 23 and
2220 3779 23 18 at
2255 3774 129 24 Northfleet
2393 3774 45 27 for/,
2444 3774 54 24 'the"

1900 3810 47 23 last
1959 3810 79 23 twelve
2049 3808 101 23 months.
2152 3820 30 4 —
2182 3807 62 23 Ibid.
2273 3824 3 3 ■
2312 3807 22 20 ,'
2331 3808 14 11 r
2354 3808 42 4 '"~
2417 3804 81 15 ■•!--—-

1936 3842 127 24 Distress
2075 3848 33 16 at
2122 3841 184 23 Nottingham.
2308 3852 34 5 —
2344 3840 50 24 The
2406 3842 51 23 siim
2465 3841 26 23 of

1901 3876 100 28 £2,500
2019 3874 41 23 has
2077 3873 93 31 already
2173 3872 65 25 'been
2256 3866 182 45 contributed,/^
2450 3874 52 23 the,

1900 3907 127 24 charitable
2039 3906 58 27 fund
2108 3906 82 24 for'the
2200 3906 67 24 relief
2277 3907 25 23 of
2318 3906 43 25 the,
2368 3907 47 24 disv
2423 3906 68 25 tassed
2504 3926 4 3 .

1902 3948 61 24 poor
1975 3941 24 23 in
2011 3939 159 32 Nottingham.
2415 3940 17 20 V

549 48 100 46 ®\yt
671 48 119 43 $f#a
816 46 210 43 Statotto
1049 47 192 47 <&mttt
1264 46 90 40 anfcr
1377 46 302 47 WtellUxQton
1705 42 249 51 Spectator*

214 238 53 16 Date.
330 238 89 15 Number.
491 238 55 15 Tons<

125 259 67 32 April
205 260 64 22 1840
373 259 15 25 7
491 259 64 24 1666

174 288 17 30 /
204 293 64 22 1841
356 293 33 22 14
489 293 68 23 2244

205 326 65 20 1842
356 326 32 20 30
490 326 64 20 8983
