2540 4020
56 145 79 22 Cook's
150 145 83 22 Straits.
272 144 47 22 The
332 145 91 21 summit
436 145 26 21 of
478 144 37 22 the
530 151 67 20 range
614 144 26 22 of

56 172 125 22 mountains
194 172 83 21 known
292 171 30 28 by
337 171 37 21 the
389 178 66 14 name
473 171 25 21 of
512 170 123 26 Turakirai,

56 198 56 22 from
122 198 37 22 the
169 199 63 26 point
242 197 73 23 where
324 197 37 22 the
370 197 48 22 said
426 204 70 20 range
512 197 77 21 strikes
599 197 38 21 the

56 232 43 20 sea,
113 225 24 21 in
153 225 80 21 Cook's
252 225 85 26 Straits,
353 224 86 22 outside
456 224 26 21 of
499 224 37 21 the
551 227 86 18 eastern

56 251 111 22 headland
190 251 25 21 of
238 251 40 21 the
298 251 47 21 said
364 251 51 26 Bay^
426 250 47 22 and
488 250 104 22 Harbour
615 250 26 21 of

56 277 88 28 Wanga
152 277 47 23 Nui
209 278 76 26 Atera,
294 284 26 14 or
330 277 52 22 Port
388 277 129 26 Nicholson,
524 277 66 27 along
599 276 38 22 the

57 304 91 22 summit
157 305 27 21 of
195 305 37 21 the
247 304 48 22 said
310 311 74 19 range,
395 304 73 21 called
482 303 122 26 Turakirai,
616 307 23 17 at

56 330 38 22 the
113 331 99 23 distance
228 331 27 21 of
272 330 69 22 about
358 330 78 22 twelve
455 329 93 27 English
567 330 69 26 miles,

56 364 61 15 more
127 365 24 14 or
159 358 52 26 less,
221 358 59 20 from
294 357 38 21 the
346 356 42 22 low
404 359 69 19 water
487 356 65 21 mark
562 363 28 14 on
599 356 39 21 the

57 387 86 19 eastern
158 384 63 22 shore
238 384 27 20 of
276 383 36 21 the
329 383 47 21 said
392 383 48 27 Bay
457 389 24 15 or
496 382 104 22 Harbour
617 383 26 21 of

56 410 88 27 Wanga
153 410 46 22 Nui
209 410 77 26 Atera,
294 417 24 14 or
327 410 52 21 Port
388 409 130 25 Nicholson,
527 409 64 21 untill
600 409 39 22 the

55 437 47 21 foot
120 437 26 21 of
162 436 38 22 the
217 436 55 26 high
287 443 69 19 range
376 437 26 20 of
422 436 126 21 mountains
569 436 70 21 called

56 463 103 27 Tararua,
180 463 79 22 situate
284 463 67 21 about
372 463 60 26 forty
451 462 92 26 English
568 462 79 26 miles,,

56 497 61 14 more
134 497 24 14 or
173 489 49 27 less,
242 489 57 21 from
319 489 37 21 the
374 489 70 27 sandy
462 488 72 22 beach
557 492 22 18 at
600 489 39 21 the

56 516 163 21 north-eastern
230 516 118 26 extremity
354 516 24 20 of
385 516 37 21 the
432 514 47 23 said
489 515 48 27 Bay
547 523 24 14 or
581 515 59 22 Har-

56 542 54 22 bour
119 542 25 22 of
151 542 87 27 Wanga
247 542 47 21 Nui
301 543 75 25 Atera,
390 549 24 14 or
421 542 55 21 Port
481 542 130 27 Nicholson,
621 542 19 21 is

57 569 37 21 the
105 571 85 19 eastern
204 568 132 22 boundaries
347 568 25 21 of
383 568 36 21 the
435 568 47 22 said
491 568 69 26 lands,
579 571 51 20 teue

56 599 80 23 ments,
141 595 79 27 woods,
227 596 62 26 bays,
296 595 113 26 harbours,
416 596 75 24 rivers,
498 598 91 19 streams
595 595 46 22 and

57 622 82 21 creeks.
169 622 64 21 From
243 622 37 21 the
289 622 63 26 point
360 622 72 21 where
446 622 38 21 the
493 621 48 22 said
555 624 84 19 eastern

55 648 117 27 boundary
181 648 78 21 strikes
270 648 36 21 the
317 648 46 21 foot
372 648 25 21 of
407 648 38 21 the
456 648 108 21 aforesaid
574 648 67 22 Tara-

56 682 113 20 ruarange
174 675 26 21 of
206 675 132 26 mountains,
350 675 64 26 along
422 674 36 23 the
465 674 47 22 foot
519 675 25 20 of
550 675 36 21 the
593 675 47 22 said

57 702 97 22 Tararua
163 709 75 19 range,
254 701 57 22 until
319 702 36 20 the
372 702 64 24 point
445 701 72 21 where
528 701 36 22 the
574 708 67 20 range

57 728 25 21 of
93 728 133 26 mountains,
245 727 72 22 called
327 728 113 26 Rimarup,
459 728 78 22 strikes
547 728 37 21 the
593 729 48 20 foot

58 754 25 22 of
88 754 36 22 the
133 754 48 22 said
190 755 97 21 Tararua
300 761 76 20 range,
393 754 19 21 is
427 755 38 21 the
479 754 162 22 north-eastern

56 781 116 27 boundary
182 782 25 21 of
214 782 37 21 the
260 781 72 27 lands,
348 784 129 22 tenements,
488 781 81 27 woods,
581 782 59 26 bays,

55 808 115 26 harbours,
186 808 44 21 and
244 807 84 22 creeks.
357 808 66 21 From
441 808 38 21 the
492 808 63 26 point
570 808 72 22 where

56 834 38 22 the
103 834 48 22 said
165 834 107 27 Rimarup
288 841 67 20 range
366 834 25 21 of
403 834 128 21 mountains
544 838 24 17 at
577 842 12 13 a
598 835 44 22 dis-

56 864 66 19 tance
135 861 26 22 of
172 861 68 22 about
255 860 79 22 twelve
348 861 92 27 English
457 860 69 27 miles,
543 868 59 15 more
618 869 24 14 or

55 887 44 22 less
113 888 58 21 from
185 888 36 21 the
236 887 42 22 low
289 891 67 18 water
370 888 63 21 mark
449 895 28 14 on
494 887 37 22 the
548 892 93 18 western

56 914 63 21 shore
128 914 25 21 of
158 914 38 21 the
206 914 48 21 said
262 914 48 26 Bay
318 921 25 14 or
352 914 106 22 Harbour
468 914 24 21 of
499 914 87 28 Wanga
594 915 48 22 Nui

56 941 75 26 Atera,
143 947 25 14 or
177 940 54 22 Port
244 940 129 27 Nicholson,
385 942 55 21 until
450 941 37 21 the
497 941 63 27 point
569 942 71 21 where

56 967 38 22 the
103 967 47 22 said
160 967 108 26 Rimarup
277 974 69 20 range
354 968 79 21 strikes
443 968 37 21 the
489 975 40 14 sea
532 968 24 21 in
564 968 78 22 Cook's

57 994 83 26 Straits,
152 994 86 21 outside
249 994 38 21 the
298 997 92 19 western
399 994 113 22 headland
521 996 26 20 of
551 995 35 22 the
593 995 49 22 said

57 1020 47 27 Bay
117 1028 24 13 or
157 1020 106 22 Harbour
273 1020 25 21 of
310 1021 87 27 Wanga
406 1021 46 22 Nui
464 1022 75 26 Atera,
557 1029 24 13 or
591 1022 51 21 Port

58 1047 129 27 Nicholson,
203 1048 17 21 is
231 1046 37 23 the
280 1050 91 19 western
386 1048 116 26 boundary
512 1049 24 20 of
550 1048 35 21 the
595 1049 47 21 said

55 1073 71 27 lands,
138 1076 130 24 tenements,
277 1074 80 26 woods,
368 1074 60 27 bays,
440 1074 113 27 harbours,
566 1074 74 28 rivers,

58 1104 97 24 streams,
164 1100 45 21 and
219 1100 83 22 creeks.
328 1100 64 22 From
399 1100 38 22 the
446 1100 47 22 said
501 1101 63 27 point
572 1101 70 22 where

57 1126 36 22 the
109 1127 107 27 Rimarup
225 1134 69 19 range
306 1127 26 21 of
341 1128 126 21 mountains
477 1128 66 21 strike
557 1128 37 21 the
603 1136 39 14 sea

56 1154 24 21 in
91 1153 78 22 Cook's
178 1154 86 26 Straits,
276 1154 22 21 in
309 1161 13 14 a
329 1154 68 21 direct
404 1154 45 21 line
458 1159 21 16 to
489 1154 37 21 the
533 1155 109 22 aforesaid

57 1180 67 32 point,
134 1180 72 22 where
217 1180 36 21 the
263 1180 115 22 Turakirai
388 1188 69 19 range
468 1181 78 22 strikes
557 1181 35 22 the
604 1189 38 14 sea

58 1215 22 13 m
89 1208 37 20 the
135 1208 47 21 said
193 1207 80 22 Cook's
284 1207 83 27 Straits,
378 1208 17 21 is
404 1208 38 21 the
452 1208 109 21 Southern
573 1209 69 21 boun-

59 1234 53 26 dary
123 1234 24 21 of
154 1234 37 21 the
201 1234 45 21 said
257 1234 71 26 lands,
343 1237 132 25 tenements,
491 1234 80 26 woods,
581 1236 60 26 bays,

58 1260 112 28 harbours,
181 1261 76 26 rivers,
274 1264 92 18 streams
375 1261 43 21 and
430 1260 82 23 creeks.
541 1262 53 21 Also
606 1262 36 21 the

58 1287 47 22 said
118 1288 51 26 bay,
184 1287 103 27 harbour,
303 1288 45 21 and
365 1288 84 21 district
458 1288 26 21 of
498 1288 85 27 Wanga
596 1289 46 21 Nui

59 1314 74 26 Atera,
149 1322 25 13 or
185 1314 53 22 Port
247 1313 128 26 Nichelson,
391 1314 114 27 including
519 1315 36 21 the
572 1315 71 22 island

59 1340 25 22 of
91 1341 108 22 Makaroa
207 1340 44 23 and
262 1340 36 22 the
308 1341 72 21 island
390 1342 79 26 Matui,
480 1341 71 22 which
562 1342 80 21 islands

59 1375 37 13 are
103 1368 51 21 both
162 1368 78 21 situate
249 1367 76 22 within
332 1368 37 21 the
376 1368 47 21 said
429 1368 95 21 harbour
530 1369 25 20 of
558 1368 85 28 Wanga

59 1394 46 22 Nui
115 1394 76 22 Atera.
209 1402 24 13 or
248 1394 53 21 Port
317 1394 128 27 Nickolson,
464 1402 23 14 as
506 1395 49 21 well
574 1403 23 14 as
613 1396 28 21 all

59 1420 64 22 other
132 1421 68 27 lands,
217 1424 131 23 tenements,
358 1422 81 25 woods,
455 1422 60 26 bays,
531 1422 111 27 harbours,

59 1447 74 27 rivers,
150 1452 97 22 streams,
263 1447 45 22 and
322 1448 81 26 creeks,
418 1448 78 21 situate
515 1448 75 22 within
606 1450 37 21 tho

59 1474 108 21 aforesaid
175 1474 139 22 boundaries.
399 1481 9 8 '

86 1501 96 27 Alleged
192 1505 21 18 to
224 1501 56 21 have
291 1501 56 22 been
357 1501 123 27 purchased
494 1502 29 26 by
539 1502 105 21 claimant

60 1527 55 22 from
125 1527 37 22 the
173 1528 81 21 Native
265 1528 74 21 Chiefs
353 1528 106 26 Matangi,
480 1528 73 28 Epuri,
571 1529 73 22 Bona-

61 1561 66 20 cawa,
156 1554 124 28 Rongatua,
310 1554 95 27 Kariwa,
432 1554 100 27 Raihaia,
557 1556 85 26 Kawia,

61 1581 96 27 Tuaaga,
174 1581 87 26 Etioko,
278 1581 126 27 Tuigatoro,
425 1582 73 26 Tuati,
518 1582 124 28 Wakanidi,

62 1608 79 26 Eman,
153 1608 126 26 Atnawera,
291 1608 96 25 Ewaieh,
400 1608 121 26 Warepori.

88 1634 164 22 Consideration
261 1634 66 27 given
336 1638 23 18 to
369 1635 35 21 the
416 1635 97 27 Natives,
526 1643 13 13 a
544 1636 99 28 quantity

63 1661 24 22 of
98 1661 161 26 merchandise,
271 1661 64 22 value
346 1664 39 19 not
393 1662 80 21 stated.

88 1688 85 21 Nature
183 1689 26 20 of
224 1695 145 20 conveyance,
385 1695 13 14 a
409 1688 57 22 deed
477 1688 65 23 dated
553 1693 91 24 twenty-

60 1714 91 22 seventh
160 1715 44 27 day
213 1716 25 21 of
249 1715 134 26 September,
395 1717 59 20 1839.

89 1742 53 21 Case
150 1742 43 21 No.
203 1743 48 21 374.
264 1742 31 26 (a)
327 1742 109 21 William
452 1741 147 29 Wakefield,
616 1751 28 14 on

61 1768 77 22 behalf
149 1769 25 21 of
184 1769 37 21 the
232 1768 56 23 New
294 1768 99 22 Zealand
400 1769 120 27 Company,
532 1770 110 21 claimant.

87 1795 47 22 The
143 1795 70 22 whole
228 1795 26 22 of
265 1795 36 21 the
318 1795 70 27 lands,
404 1795 91 26 islands,
513 1799 129 23 tenements,

60 1822 79 27 woods,
164 1822 59 27 bays,
247 1822 113 26 harbours,
388 1822 77 28 rivers,
485 1827 93 17 streams
600 1824 43 21 and
651 1823 2 25 j

61 1849 82 26 creeks,
162 1848 71 22 which
249 1856 58 13 were
322 1848 52 21 then
387 1848 23 21 in
428 1849 123 26 possession
569 1850 24 21 of
606 1850 37 22 the

60 1875 81 27 sellers,
152 1883 24 14 or
186 1880 21 17 to
218 1875 71 22 which
298 1875 53 27 they
360 1875 52 21 then
423 1876 46 21 laid
479 1883 43 20 any
536 1876 72 28 claim,
620 1885 24 13 or

60 1902 24 22 in
92 1902 72 22 which
174 1902 51 27 they
242 1902 52 21 then
309 1902 43 21 had
365 1909 44 20 any
423 1902 69 28 rights
504 1910 23 14 or
536 1903 106 26 interests,

61 1936 28 14 on
99 1929 36 22 the
146 1929 103 21 southern
259 1935 24 14 as
293 1928 48 22 well
352 1935 22 15 as
384 1936 27 14 on
419 1929 37 22 the
467 1929 104 22 northern
581 1930 63 22 shore

60 1956 25 21 of
106 1956 80 21 Cook's
200 1956 86 25 Straits,
302 1956 133 27 comprising
449 1956 30 21 all
495 1956 62 21 those
573 1957 69 27 lands,

59 1982 87 27 islands,
177 1985 131 22 tenements,
333 1982 78 27 woods,
442 1982 61 27 bays,
527 1982 114 28 harbours,

60 2009 74 27 rivers,
158 2012 91 19 streain9
273 2009 44 21 and
340 2009 82 27 creeks,
446 2010 79 21 situate
550 2017 28 14 on
605 2010 38 22 the

61 2036 103 21 southern
174 2036 63 21 shore
247 2035 25 22 of
284 2035 37 22 the
331 2035 46 22 said
388 2035 78 22 Cook's
478 2036 82 26 Straits,
572 2036 70 23 which

59 2070 37 13 are
105 2062 104 21 bounded
223 2069 29 14 on
263 2061 36 21 the
310 2062 62 20 south
383 2062 29 27 by
422 2062 38 21 the
475 2063 91 25 parallel
574 2064 24 19 of
606 2064 37 21 the

58 2088 129 27 forty-third
197 2089 80 26 degree
287 2088 25 21 of
323 2088 63 21 south
399 2088 98 27 latitude,
513 2089 44 21 and
567 2096 27 14 on
605 2090 37 21 the

60 2119 58 22 west,
138 2115 74 26 north,
232 2114 46 22 and
296 2118 54 23 east,
369 2115 28 26 by
415 2115 38 22 the
474 2122 38 14 sea
529 2115 115 28 including

59 2142 84 27 Taitap,
155 2141 133 28 Wanganui,
299 2141 106 22 Onataria
421 2149 24 14 or
456 2142 59 25 Cape
529 2142 112 28 Farewell,

59 2169 115 25 Pakawao,
185 2168 99 26 Takaka,
294 2168 103 23 Taonuti,
407 2168 115 27 Motuaka,
534 2169 107 27 Waimea,

61 2195 78 27 Okata,
164 2195 131 27 Okapunka,
318 2195 87 21 Kaiana
422 2195 46 22 and
487 2195 96 27 Horano,
604 2197 38 21 the

60 2222 77 27 Oyerri
143 2229 25 14 or
176 2222 90 21 Polorus
276 2221 72 26 River,
359 2221 124 28 Admiralty
489 2222 54 27 Bay,
553 2223 44 21 and
604 2223 38 22 the

58 2249 82 22 several
156 2249 82 20 islands
252 2247 26 22 of
294 2248 172 27 Montungarda,
483 2249 93 27 Kararu,
596 2250 46 21 Ka-

58 2276 66 26 kaho,
136 2275 109 26 Nguaiah,
256 2275 80 21 situate
350 2275 93 22 therein.
474 2275 130 28 Omahanga
619 2284 24 14 or

59 2302 54 21 Port
141 2303 66 25 Gore,
230 2303 148 24 Totaraenua,
402 2302 80 23 Queen
511 2303 131 22 Charlotte's

60 2329 81 26 Sound,
151 2329 126 26 Wanganui
283 2336 24 13 or
318 2329 52 20 Port
375 2329 140 21 Underwood
525 2329 23 21 in
558 2330 84 27 Cloudy

59 2356 54 27 Bay,
135 2355 36 22 the
190 2356 59 20 river
267 2355 45 21 and
326 2355 86 22 district
426 2356 26 21 of
466 2355 94 28 VVairoa,
576 2356 66 22 Para-

59 2383 109 25 mirowiti,
192 2381 125 28 Kapaiatia.
359 2382 33 22 To
416 2382 92 22 Koraka
532 2390 24 13 or
584 2384 57 26 Cape

60 2409 119 27 Campbell,
211 2409 113 26 Waipapa,
349 2409 161 26 Mangamanu,
535 2409 105 27 Kaikora,

59 2436 61 21 Aitia
128 2436 89 26 Peketa,
223 2436 33 21 Te
264 2435 98 26 Kia-kia,
371 2436 59 21 Onui
440 2435 43 22 and
492 2436 31 21 Te
532 2436 108 28 Whanga,

59 2463 42 20 and
111 2463 46 21 also
166 2462 135 28 comprising
315 2462 28 21 all
355 2462 62 21 those
426 2462 72 26 lands,
510 2467 130 22 tenements,

58 2489 82 28 woods,
158 2490 62 26 bays,
239 2488 114 27 harbours,
374 2489 75 26 rivers,
474 2493 99 23 streams,
597 2491 44 20 and

59 2516 82 27 creeks,
151 2516 80 21 situate
241 2522 29 14 on
280 2515 37 21 the
326 2514 106 23 northern
442 2515 64 22 shore
517 2517 25 20 of
548 2517 37 20 the
595 2517 47 22 said

59 2543 80 20 Cook's
149 2543 83 25 Straits,
240 2541 72 21 which
319 2548 36 15 are
365 2542 105 21 bounded
480 2549 28 14 on
519 2542 36 21 the
566 2543 75 22 north-

60 2573 46 17 east
118 2570 30 26 by
157 2576 14 14 a
183 2569 71 21 direct
265 2569 46 20 line
327 2568 74 22 drawn
415 2569 58 21 from
490 2569 37 21 the
537 2570 104 21 southern

59 2595 57 22 head
131 2596 25 21 of
165 2595 38 22 the
217 2596 59 20 river
285 2602 24 14 or
323 2595 96 22 harbour
428 2596 26 21 of
461 2596 91 26 Mokao,
564 2597 77 21 situate

60 2630 28 14 on
99 2623 37 21 the
146 2626 54 18 west
206 2626 67 21 coast,
280 2621 23 21 in
313 2621 37 21 the
360 2621 91 23 latitude
458 2623 26 21 of
489 2623 67 21 about
565 2623 77 31 thirty-

60 2649 60 26 eight
130 2649 91 27 degrees
230 2647 72 27 south,
318 2651 23 18 to
357 2649 151 26 Tehakakare,
525 2649 78 22 situate
619 2651 23 20 in

59 2676 38 21 the
108 2680 47 17 east
164 2679 67 23 coast,
242 2675 23 21 in
277 2675 36 21 the
323 2675 91 22 latitude
423 2676 26 21 of
455 2676 67 21 about
530 2677 111 26 forty-one

60 2703 90 26 degrees
158 2702 71 27 south,
241 2701 46 22 and
296 2708 28 14 on
335 2701 37 22 the
388 2707 53 22 east,
453 2706 60 23 west,
524 2703 45 21 and
579 2704 63 21 south

59 2729 31 28 by
108 2729 37 22 the
164 2736 44 19 sea,
228 2728 118 27 excepting
364 2728 81 28 always
465 2729 37 21 the
520 2729 81 22 islands
620 2731 26 20 of

61 2756 75 27 Kapiti
154 2763 24 14 or
193 2756 70 25 Entry
273 2755 84 26 Island,
374 2755 41 21 and
433 2756 35 21 the
484 2756 64 21 small
561 2757 81 21 islands

61 2783 103 26 adjacent
180 2782 93 25 thereto,
291 2781 45 21 and
351 2782 35 20 the
401 2782 73 22 island
494 2783 25 21 of
535 2783 68 21 Mana
618 2791 24 14 or

60 2809 69 22 Table
143 2808 82 27 Island,
237 2808 29 22 all
283 2808 78 21 situate
377 2816 28 14 on
421 2809 38 21 the
475 2809 47 21 said
538 2809 104 22 northern

59 2836 65 22 shore
134 2836 26 20 of
173 2835 81 22 Cook's
270 2835 84 26 Straits,
365 2835 38 21 but
411 2835 116 26 including
539 2836 104 22 Tehaka-

60 2862 60 27 kore,
138 2861 142 26 Warehama,
297 2861 202 27 Rangawnehama,
516 2862 125 28 Wainerah,

60 2889 121 26 Turakirai,
195 2888 126 27 Wanganui
331 2889 73 25 Atera,
418 2896 24 14 or
452 2889 53 21 Port
514 2889 126 27 Nicholson,

61 2916 110 25 Rimerae,
183 2915 120 26 Oterango,
321 2915 88 26 Onerai,
428 2915 122 26 Tecanuro,
567 2916 74 27 Oatiu,

60 2943 79 27 Titahi,
160 2943 116 25 Parerura,
296 2941 97 26 Ohoika,
410 2942 161 27 Tierwarewa/
583 2943 60 21 Wai-

59 2969 73 27 kenai,
157 2969 108 26 Waimea,
291 2968 73 25 Otaki,
390 2968 91 26 Owaha,
508 2969 133 27 Manewatu,

60 2995 120 28 Rangatiti,
205 2993 131 28 Wangaiha,
360 2995 127 27 Turakinai,
509 2995 131 27 Wanganui,

59 3022 129 27 Waitotara,
212 3021 167 26 Whennakura,
407 3021 77 27 Patea,
512 3022 131 27 Tangahohi

60 3049 108 26 Ngatirua
174 3048 44 22 and
225 3048 171 27 Pahakatiatrio,
403 3048 119 27 Taranaki,
530 3049 110 28 Motuora,

61 3075 43 21 and
113 3075 37 22 the
157 3075 85 23 several
251 3074 64 22 other
324 3081 65 20 sugar
397 3075 49 21 loaf
452 3075 90 27 islands,
552 3076 43 22 and
606 3076 37 22 the

60 3102 58 21 river
129 3102 42 21 and
180 3103 97 21 harbour
287 3101 25 21 of
319 3101 88 22 Mokao.

90 3128 91 27 Alleged
191 3133 23 17 to
223 3129 57 21 have
289 3129 55 20 been
354 3128 124 27 purchased
490 3128 30 28 by
529 3128 112 28 claimant,

61 3154 56 22 from
128 3157 36 19 the
179 3155 73 22 native
267 3154 69 22 chiefs
350 3155 19 21 E
386 3155 69 27 Hiko,
471 3155 110 28 Rauparo,
592 3157 51 21 Ma-

61 3188 89 20 oranga,
157 3181 111 25 Mhorina,
278 3181 77 26 Tunia,
364 3181 32 22 Te
405 3182 70 27 Witu,
486 3182 71 27 Mare,
568 3183 65 21 Etaki
635 3196 14 14 r

61 3207 65 27 Eota,
137 3207 83 26 Paioki,
236 3207 89 26 Enghia
334 3208 35 21 for
377 3207 92 23 himself
476 3208 44 22 and
534 3209 106 28 brothers,

61 3234 141 27 Rangaihiro,
215 3234 116 27 Itahanga,
342 3234 43 22 and
397 3235 144 27 Ringearota.

89 3261 165 21 Consideration
265 3261 66 26 given
340 3265 22 17 to
371 3260 36 23 the
418 3263 93 25 natives,
517 3270 14 13 a
540 3263 101 27 quantity

61 3287 26 22 of
94 3287 160 26 merchandize,
265 3286 65 24 yalue
340 3291 39 17 not
388 3288 78 22 stated.

88 3314 85 22 Nature
187 3314 25 21 of
224 3320 140 20 conveyance
393 3322 13 14 a
425 3314 64 27 deed,
511 3314 67 23 dated
590 3316 51 22 25th

61 3341 103 25 October,
178 3342 59 20 1839.

89 3367 54 22 Case
157 3367 43 21 No.
217 3367 42 21 374
277 3366 69 26 (4).
347 3366 95 24 William
465 3367 128 24 Wakefield.
613 3376 29 15 on

56 3393 81 23 behalf
143 3394 26 21 of
175 3393 37 22 the
223 3393 56 22 New
289 3393 98 22 Zealand
397 3395 121 28 Company,
528 3395 112 23 claimant.

86 3421 47 21 The
143 3420 71 22 whole
228 3419 26 21 of
269 3419 37 21 the
322 3419 70 28 lands,
403 3421 91 26 islands,
511 3426 128 23 tenements,

59 3447 81 28 woods,
160 3447 61 31 bays,
245 3445 114 28 harbours,
378 3447 75 27 rivers,
474 3452 98 23 streams,
597 3450 44 21 and

60 3474 81 25 creeks,
155 3473 73 22 which
238 3479 57 15 were
305 3473 23 21 in
344 3474 122 26 possession
477 3475 25 20 of
511 3474 37 22 the
558 3475 82 28 sellers,

61 3508 24 13 or
95 3504 22 18 to
128 3500 71 22 which
209 3500 53 26 they
278 3498 47 22 laid
341 3499 70 28 claim,
426 3508 25 14 or
465 3501 22 21 in
502 3501 72 23 whicn
589 3503 52 26 they

60 3526 46 22 had
115 3534 43 20 any
172 3527 70 27 rights
258 3533 25 14 or
296 3526 108 26 interests,
417 3534 29 14 on
455 3527 38 21 the
503 3528 104 22 southern
618 3536 23 14 as

59 3553 50 22 well
127 3561 24 14 as
170 3553 36 22 the
226 3552 106 22 northern
348 3552 63 22 shore
425 3553 27 21 of
463 3553 80 22 Cook's
557 3555 82 28 Straits,

59 3581 133 30 comprising
206 3580 29 22 all
252 3579 63 21 those
328 3578 69 28 lands,
413 3583 130 24 tenements,
559 3582 80 27 woods,

59 3606 61 27 bays,
140 3606 113 27 harbours,
277 3606 77 26 rivers,
375 3610 91 17 streams
489 3606 45 21 and
557 3608 82 27 creeks,

58 3633 80 22 situate
148 3640 30 14 on
188 3633 37 21 the
235 3632 106 22 southern
351 3632 63 21 shore
425 3632 26 21 of
459 3632 81 22 Cook's
555 3633 84 27 Straits,

60 3660 71 21 which
141 3667 37 14 are
187 3659 105 22 bounded
302 3666 29 14 on
341 3658 37 22 the
390 3658 65 22 south
466 3659 28 26 by
504 3658 37 22 the
550 3661 90 25 parallel

59 3686 26 21 of
92 3686 37 22 the
137 3686 129 27 forty-third
284 3686 79 26 degree
374 3686 25 20 of
409 3685 67 21 south
486 3685 99 28 latitude,
595 3687 45 21 and

59 3720 30 14 on
99 3712 37 22 the
145 3717 60 23 Vest,
216 3712 74 27 north,
301 3712 101 28 and^east
410 3712 30 27 by
454 3712 38 21 the
502 3719 44 19 sea,
555 3712 86 23 includ-

57 3739 41 27 ing
112 3740 86 26 Taitah,
216 3738 132 27 Wanganui,
360 3738 99 22 Onatura
468 3745 25 14 or
503 3738 58 26 Cape
575 3739 65 22 Fare-

59 3766 55 26 well,
136 3766 116 26 Pakawao,
273 3764 99 28 Takaka,
396 3764 103 26 Taomiti,
524 3764 115 29 Motueka,

59 3791 106 28 Waimea,
173 3792 80 25 Okatu,
262 3791 130 28 Okapuaha,
404 3792 87 21 Kaiana
498 3790 45 22 and
552 3792 88 22 Hoiano

58 3818 25 21 in
92 3818 67 22 Blind
172 3819 54 27 Bay,
238 3818 121 27 Rangitoto
369 3825 24 14 or
407 3816 138 24 D'Urville's
555 3818 84 28 Island,

58 3844 38 22 the
111 3845 78 27 Oyerri
204 3853 24 14 or
242 3845 92 21 Pelorus
350 3845 74 26 River,
441 3843 126 34 Admiralty
585 3845 54 27 Bay,

59 3870 44 22 and
111 3871 38 22 the
159 3871 83 22 several
249 3871 83 22 islands
338 3872 26 21 of
366 3870 171 28 Motungarada,
545 3871 94 28 Kurara,

59 3896 94 23 Kakako
163 3898 44 21 and
222 3898 98 26 Nguiah,
337 3898 132 26 Omahanga
479 3905 24 14 or
518 3897 53 22 Port
581 3898 58 22 Gore

54 3924 26 21 in
103 3923 77 25 Queen
205 3924 132 22 Charlotte's
360 3924 77 22 Sound
459 3924 44 22 and
526 3924 37 22 the
582 3925 58 27 Tory

56 3950 109 28 Channel,
202 3950 116 28 including
360 3951 146 27 Motakawae,
550 3952 89 27 Anuho,

665 143 107 25 Okokata,
812 142 128 21 Marototoo
976 149 26 14 or
1034 142 52 28 Ship
1119 142 64 28 Jbve,
1216 145 32 21 Te

659 168 124 22 Kiirakura
810 175 23 14 or
862 168 60 27 Shag
939 168 77 26 -Cove,
1042 169 151 23 Panarawhihi
1224 178 25 14 or

664 196 63 21 West
736 195 54 27 Bay,
802 194 106 28 Waoapu,
920 194 91 26 Miretu,
1032 195 30 22 Te
1076 196 51 27 Era,
1148 196 99 28 Wahine,

666 222 114 26 Onakiwa,
810 221 110 27 Nakuta,,
940 221 31 22 Te
1002 222 112 27 Waringa,
1145 220 102 30 Waitohi,

666 248 139 27 Watamung,
816 248 99 27 Katuna,
932 247 75 27 Itawa,
1029 248 72 27 Obna,
1117 249 83 28 Mohio,
1217 251 31 21 Te

665 275 48 22 Tito
723 281 23 15 or
757 274 80 27 Oyster
847 274 54 27 Bay,
920 274 100 24 Onarua,
1037 274 82 28 Onora,
1139 275 109 28 Ngnatui;

666 301 37 22 the
727 300 77 22 Island
823 301 26 21 of
870 300 125 28 Alapamai,
1020 301 113 27 including
1152 302 96 28 Okikari,

668 328 115 26 Wekanui,
794 327 45 22 and
849 328 54 21 East
911 328 55 26 Bay,
974 327 37 21 the
1018 326 84 23 islands
1108 329 25 21 of
1141 329 107 27 Motuara,

666 354 67 22 Kieta
742 361 25 14 or
777 354 63 27 Long
848 354 85 26 Island,
943 353 117 27 Matapara
1067 354 181 33 andTaiKaiopi,

668 381 122 25 Wanganui
801 388 24 14 or
835 381 85 27 Cloudy
932 380 53 26 Bay,
1004 380 36 21 the
1050 380 58 22 river
1117 382 44 21 and
1167 382 84 22 district

668 407 25 21 of
717 407 99 27 Warroa,
840 407 146 25 Paramowiti,
1011 406 122 28 Kaparatia
1150 415 24 14 or
1192 410 57 27 Cape

668 433 118 27 Campbell,
814 434 114 27 Waipapa,
947 433 172 27 Mangamaonu,
1145 435 103 27 Kaihora,

668 459 68 27 Aitiu,
747 460 90 26 Peketa,
848 460 117 26 Yekiakia,
977 460 65 26 Onui,
1050 460 32 22 Te
1090 460 106 30 Whanga,
1208 462 41 21 and

668 486 44 23 also
729 487 134 27 comprising
877 487 30 22 all
923 486 62 22 those
1000 486 69 27 lands,
1086 487 88 27 islands,
1189 493 61 18 tene-

668 516 78 24 ments,
763 513 78 25 woods,
857 514 62 26 bays,
940 513 113 26 harbours,
1070 514 75 27 rivers,
1161 519 89 18 streams

669 539 43 22 and
722 540 84 26 creeks,
816 540 79 21 situate
903 547 29 14 on
943 540 37 21 the
990 539 104 22 northern
1105 540 62 22 shore
1178 542 23 22 of
1214 542 36 22 the

669 566 46 21 said
728 566 80 21 Cook's
823 567 86 27 Straits,
927 566 70 21 winch
1014 573 37 14 are
1065 566 102 23 bounded
1178 576 26 14 on
1213 569 36 21 the

670 592 121 22 north-east
812 593 28 27 by
858 601 14 13 a
891 594 71 21 direct
980 592 45 22 line
1045 593 74 22 drawn
1138 595 55 22 from
1211 596 37 21 the

668 619 104 22 southern
781 620 58 21 head
849 620 26 21 of
886 621 38 20 the
934 620 59 21 river
1002 627 24 13 or
1034 619 95 22 harbour
1144 621 24 22 of
1185 622 65 21 about

670 646 139 26 thirty-eight
818 646 91 28 degrees
919 646 70 26 south,
1001 649 22 18 to
1035 646 57 27 Cape
1099 647 149 28 Tehukakore,

669 672 76 21 situate
757 679 28 14 on
796 672 37 22 the
844 678 45 17 east
899 676 67 23 coast,
976 673 23 20 in
1009 672 37 21 the
1053 673 92 22 latitude
1155 675 25 20 of
1186 676 65 21 about

668 698 108 28 forty-one
787 698 90 28 degrees
887 700 71 26 south,
974 699 45 21 and
1030 707 28 14 on
1068 699 37 22 the
1119 704 50 24 east,
1181 702 67 26 south,

670 725 43 22 and
722 730 52 17 west
790 726 30 26 by
835 726 37 21 the
889 734 45 18 sea,
951 726 117 26 excepting
1077 726 37 22 the
1131 727 82 23 islands
1228 729 25 21 of

670 752 74 27 Kapiti
753 759 25 14 or
792 752 71 28 Entry
878 753 83 26 Island,
977 752 44 22 and
1037 752 36 22 the
1089 755 63 20 small
1166 755 84 22 Islands

670 778 101 27 adjacent
786 779 92 26 thereto,
897 779 46 22 and
959 780 35 21 the
1011 779 74 22 Island
1101 781 24 20 of
1143 782 68 21 Mana
1227 790 23 13 or

670 805 67 21 Table
746 805 84 26 Island,
846 806 31 21 all
893 807 79 21 situate
988 813 27 15 on
1033 806 36 21 the
1084 808 47 21 said
1148 809 101 21 northern

670 831 63 22 shore
742 832 25 21 of
779 832 79 22 Cook's
868 834 85 25 Straits,
968 833 40 21 but
1022 833 116 26 including
1153 834 97 23 Tehaka-

670 858 58 27 kore,
754 859 140 27 Warehama,
922 860 179 26 Rangnnaeaina,
1125 861 123 27 Waincrah,

670 885 126 27 Turakarai,
809 886 127 27 Wanganui
947 887 69 26 Ateri,
1029 894 23 13 or
1063 886 52 22 Port
1124 888 124 28 Nicholson,

671 912 110 25 Rimerah,
793 912 120 28 Oteranga,
931 914 96 25 Omerai,
1040 914 120 28 Tuameno,
1176 915 72 27 Oariu,

670 939 78 26 Titahi,
760 939 105 27 Parerna,
883 940 95 26 Ohoika,
997 940 149 26 Tirewarewa,
1163 940 86 23 Waike-

669 965 43 25 nai,
745 965 108 27 Wemera,
895 966 74 26 Otaki,
1002 967 91 26 Owaha,
1120 967 129 28 Manewatu,

670 991 114 28 Rangititi,
811 993 130 26 Wangaiha,
962 993 132 27 Turakinoa,
1119 994 129 28 Wanganui,

673 1017 124 28 Waitotara,
820 1019 180 27 Whennuakura,
1023 1020 71 26 Patea,
1115 1021 134 27 Tangahohi,

670 1044 156 27 Ngatiriranui,
843 1046 141 27 Pohakitaro,
1006 1047 116 27 Taranaki,
1143 1048 106 23 Moturoa,

670 1071 44 21 and
725 1071 35 22 the
770 1073 84 20 several
872 1073 65 22 other
955 1073 129 27 Sugar-loaf
1096 1074 91 28 Islands,
1207 1076 44 21 and

670 1097 36 22 the
716 1097 57 22 river
783 1099 45 21 and
837 1099 97 22 harbour
945 1100 25 21 of
981 1100 91 22 Mokao.

697 1124 93 27 Alleged
802 1130 21 16 to
832 1125 58 22 have
901 1127 58 21 been
969 1127 124 27 purchased
1107 1128 29 27 by
1150 1127 101 23 claimant

670 1151 55 21 from
739 1151 36 21 the
790 1153 75 20 native
884 1153 71 22 chiefs
975 1154 64 21 Ewiti
1056 1154 35 21 for
1108 1154 89 22 himself
1207 1155 43 22 and

670 1177 76 28 Ekedi,
759 1179 18 21 E
789 1179 78 27 Hawe,
878 1180 121 28 Ewitikari,
1011 1181 115 27 Kauhaue,
1134 1181 43 22 aud
1185 1189 64 20 many

670 1204 78 22 others.

698 1231 163 23 Consideration
873 1234 67 26 given
951 1237 22 18 to
981 1234 35 21 the
1025 1234 92 28 natives,
1128 1242 13 14 a
1151 1236 99 26 quantity

672 1258 24 21 of
708 1259 162 28 merchandize,
882 1261 66 21 value
959 1267 39 15 not
1007 1261 78 21 stated.

698 1284 82 22 Nature
791 1287 25 20 of
828 1293 150 21 conveyance,
996 1295 13 14 a
1018 1288 56 21 deed
1084 1288 65 22 dated
1159 1288 35 23 Stli
1204 1289 47 22 No-

672 1312 94 23 vember,
780 1314 58 20 1539.

698 1338 53 22 Case
768 1339 43 21 No.
826 1340 41 21 374
884 1340 38 27 (c).
959 1340 97 22 William
1074 1341 128 28 Wakefield,
1221 1349 28 14 on

671 1365 76 21 behalf
754 1365 26 21 of
788 1366 35 21 the
833 1367 56 21 New
900 1368 99 21 Zealand
1011 1368 120 27 Company,
1143 1368 106 22 claimant.

697 1391 46 21 The
753 1392 70 26 lands,
839 1394 90 27 islands,
947 1398 131 23 tenements,
1096 1396 78 26 woods,
1189 1396 60 26 bays,

672 1417 111 28 harbours,
798 1419 77 28 rivers,
887 1425 93 18 streams
995 1421 46 21 and
1055 1422 83 26 creeks,
1149 1422 102 27 reaching

673 1445 63 26 along
745 1445 36 21 the
792 1447 113 22 sea-shore
913 1455 28 14 on
953 1448 36 21 the
999 1448 63 21 north
1070 1449 24 20 of
1101 1448 70 21 Cooks
1178 1449 73 22 Straits

672 1472 54 21 from
738 1472 127 22 Manewatu
873 1478 21 17 to
901 1474 75 27 Patea,
986 1475 44 21 and
1038 1475 77 21 inland
1122 1476 54 21 from
1185 1476 67 21 either

672 1499 25 21 of
708 1498 35 21 the
753 1499 46 21 said
811 1499 74 23 Points
896 1505 23 18 to
925 1501 44 22 'the
980 1501 100 22 Volcano
1096 1509 25 14 or
1136 1503 112 20 mountain

673 1525 25 21 of
708 1525 77 27 Tonga
796 1526 57 21 Ridi.

698 1551 94 27 Alleged
800 1556 23 18 to
833 1553 58 22 have
903 1554 57 22 been
976 1554 122 28 purchased
1108 1556 30 25 by
1148 1555 103 22 claimant

672 1579 55 21 from
738 1579 35 21 the
784 1579 74 22 native
869 1581 71 21 chiefs
949 1582 31 21 Te
990 1582 80 26 Rungi,
1082 1582 126 26 Wakamtu,
1219 1583 31 22 Te

673 1605 55 26 Ridi,
746 1605 107 28 Kiiraimi,
872 1608 46 21 and
933 1608 24 21 in
972 1608 152 22 confirmation
1138 1609 24 21 of
1173 1610 43 20 sale
1232 1610 18 21 E

672 1632 70 27 Kuru,
754 1632 59 27 Kau,
823 1633 81 28 Turoa,
917 1634 43 21 and
970 1642 68 20 many
1049 1635 78 22 others.

698 1659 165 22 Consideration
873 1661 67 26 given
950 1664 22 19 to
982 1662 37 21 the
1031 1662 91 27 natives,
1131 1670 13 14 a
1154 1662 97 28 quantity

673 1685 25 22 of
708 1686 163 27 merchandize,
883 1688 66 21 value
960 1693 39 16 not
1009 1689 77 21 stated.

698 1712 85 22 Nature
793 1713 27 21 of
830 1721 148 21 conveyance,
989 1715 58 22 deed
1061 1716 66 21 dated
1142 1716 48 22 16th
1205 1716 46 21 No-

672 1739 97 25 vember,
782 1741 61 20 1839.

699 1766 53 21 Case
762 1766 44 22 No.
817 1767 41 21 374
868 1768 40 25 (d).
940 1768 59 22 John
1009 1769 87 27 Dorset,
1110 1776 27 15 on
1146 1769 77 22 behalf
1230 1770 24 21 of

674 1792 49 22 the
723 1792 50 22 New
784 1793 96 22 Zealand
894 1795 117 27 Company,
1024 1796 112 21 claimant.
1175 1816 3 3 .

698 1819 46 21 The
760 1819 68 22 whole
840 1821 27 20 of
879 1822 36 21 the
931 1822 70 27 lands,
1018 1822 90 26 islands,
1124 1825 125 24 tenements,

672 1846 76 26 woods,
757 1846 61 27 bays,
827 1847 114 28 harbours,
949 1848 74 28 rivers,
1033 1854 90 17 streams
1129 1849 42 22 and
1176 1849 75 22 creeks

672 1873 54 21 from
738 1873 36 21 the
783 1874 75 21 mouth
868 1875 26 21 of
900 1875 38 22 the
949 1876 125 21 Waikatina
1080 1876 57 21 river
1145 1876 61 26 along
1214 1876 36 21 the

672 1899 110 22 sea-shore
795 1900 31 27 by
835 1901 32 21 Te
878 1902 114 24 Kauawai,
1011 1904 71 20 Oman
1091 1903 158 27 Tongnporoto,

672 1926 31 22 Te
722 1926 52 27 Oro,
799 1927 126 28 Paraninui,
933 1925 7 4 ~
952 1929 62 22 Puka
1037 1930 84 26 Arawa,
1143 1930 106 25 Parairoa,

672 1952 128 28 Thumataa,
828 1954 133 27 Wakariwa,
989 1956 109 31 Orapppa,
1124 1956 37 22 the
1187 1956 63 21 Muni

671 1979 64 27 river,
752 1981 116 26 Arapawa,
886 1982 37 22 the
940 1982 91 22 Adenui
1040 1983 63 27 river,
1119 1983 31 21 Te
1161 1982 87 27 Ilianga,

673 2007 79 21 Onairo
759 2007 95 27 Wairau,
867 2008 140 28 TeTanawa,
1018 2010 103 26 Turangi,
1133 2010 36 21 the
1180 2009 71 21 Waita

671 2033 63 26 river,
745 2033 121 26 Wairuaer,
884 2035 146 27 Waiongawa,
1041 2036 31 22 Te
1086 2037 122 25 Rewatapa.
1218 2036 31 21 Te

673 2059 120 27 Pukatupu,
814 2060 37 22 the
876 2062 72 20 Pohui
967 2062 65 26 river,
1051 2062 74 21 Waita
1143 2062 105 27 Mangati,

672 2085 90 22 Matako
773 2086 57 27 taka,
850 2087 37 22 the
899 2087 61 22 Paka
974 2088 85 27 lagoon,
1072 2089 36 21 the
1119 2087 130 23 Waiwakaio

670 2112 64 26 river,
755 2113 131 27 Pukaweka,
907 2115 38 21 the
965 2115 57 21 Enui
1038 2115 63 27 river,
1116 2115 38 21 the
1170 2115 79 21 Natoki

671 2139 62 26 river,
743 2139 111 28 Kawaioa,
866 2141 32 21 Te
905 2142 111 27 Arawata,
1026 2142 107 26 Pakatuti,
1143 2141 106 28 Waitapu,

672 2165 76 27 Otake,
757 2166 108 28 Mataipu,
875 2168 104 27 Arakuri,
990 2169 36 21 the
1035 2169 56 26 Ongi
1099 2169 58 26 Ongi
1165 2168 84 28 lagoon,

670 2193 31 21 Te
718 2193 62 26 Tatu,
797 2193 36 21 the
848 2194 84 22 islands
947 2195 26 21 of
982 2195 144 26 Kimikotahi,
1141 2195 108 27 Moturoa,

671 2219 44 21 and
725 2219 182 29 Motumahonga,
919 2222 125 26 commonly
1055 2222 71 21 called
1136 2222 35 21 the
1185 2222 65 27 Sugar

671 2245 58 22 Loaf
735 2246 82 22 islands
826 2247 25 21 of
861 2247 147 26 Kimikotahi,
1023 2249 31 21 To
1066 2249 66 26 Rutu,
1150 2249 99 26 Pararoa,

672 2272 107 27 Paratutu,
797 2275 123 27 commonly
936 2275 70 21 called
1023 2276 70 26 Sugar
1108 2275 59 22 Loaf
1183 2275 66 27 Point,

670 2299 100 26 Waihue,
785 2300 118 27 Taranaki,
921 2301 103 22 Mataroa
1041 2303 69 25 Motu,
1124 2301 35 22 Oti
1171 2302 77 27 Matei,

670 2325 109 27 Arakawi,
793 2326 90 22 Ahanui
894 2329 116 26 Porapora,
1022 2329 158 26 Wai,Orolki,
1193 2329 58 20 Wai-

670 2352 43 21 uka
733 2353 85 26 Omata,
839 2354 32 21 Te
898 2354 103 27 Wairedi,
1027 2355 47 27 Opo
1093 2355 66 26 Oteti,
1181 2355 70 27 Tapu-

671 2379 92 31 waiyara
782 2379 135 29 Kakioraugi
934 2381 94 21 Omanui
1044 2381 97 27 Nakura,
1159 2381 90 28 Wakau,

672 2405 87 21 Wairua
777 2406 121 28 Wamnku,
920 2407 96 28 Otupoto
1037 2409 31 21 Te
1088 2408 97 22 Wairedi
1209 2416 42 14 ona

671 2432 101 22 Orakina
807 2436 21 18 to
853 2433 104 28 Oronga;
981 2435 37 21 the
1037 2435 47 21 said
1103 2435 108 21 sea-shore
1230 2440 21 16 at

668 2458 42 21 low
738 2462 67 18 water
833 2461 64 21 mark
924 2461 66 21 forms
1020 2461 36 21 the
1086 2462 165 21 north-western

668 2485 115 28 boundary
807 2486 25 21 of
853 2486 37 22 the
913 2487 49 22 said
985 2487 68 28 lands,
1077 2488 89 27 islands,
1191 2492 60 18 tene-

670 2517 76 21 ments,
764 2512 76 27 woods,
855 2514 60 27 bays,
933 2514 111 27 harbours,
1060 2515 74 26 rivers,
1154 2518 95 23 streams,

669 2539 46 21 and
737 2539 83 21 creeks.
867 2540 66 22 From
960 2540 37 22 the
1024 2541 48 21 said
1094 2542 105 26 Auronga
1223 2550 26 13 on

670 2565 36 22 the
720 2565 110 22 sea-shore
846 2574 13 14 a
874 2567 45 21 line
935 2567 91 27 striking
1044 2568 77 22 inland
1136 2569 28 26 by
1176 2569 74 26 Petua,

669 2592 81 27 Tringa
759 2592 95 22 Powaka
870 2594 32 22 Te
918 2594 48 21 Riri
981 2594 94 26 Powaki,
1096 2595 42 21 and
1148 2595 57 21 from
1216 2595 35 21 the

669 2619 46 21 said
727 2616 93 25 Powaka
833 2623 21 17 to
865 2620 37 22 the
913 2621 91 21 summit
1018 2621 26 21 of
1060 2621 117 27 Taranaki,
1194 2630 57 13 com-

670 2645 75 26 monly
751 2645 71 23 called
828 2647 81 21 Mount
913 2647 103 26 Egmont,
1025 2647 68 22 forms
1101 2648 37 21 the
1150 2649 100 21 southern

669 2672 116 28 boundary
794 2673 25 21 of
830 2673 37 21 the
877 2674 49 21 said
935 2674 70 27 lands,
1016 2674 89 27 islands,
1121 2677 128 24 tenements,

668 2699 78 26 woods,
758 2699 60 27 baj'S,
829 2704 93 18 streams
931 2701 42 21 and
984 2701 76 21 creeks
1067 2708 5 19 ;
1087 2701 58 21 from
1159 2701 35 21 the
1205 2702 46 21 said

669 2727 88 21 summit
767 2727 25 21 of
803 2727 110 21 Taranaki
924 2734 14 15 a
947 2727 44 21 line
1006 2727 92 27 striking
1113 2728 29 27 by
1156 2728 95 22 Tanatu-

668 2760 73 19 wawa,
767 2753 137 25 Parakahua,
935 2753 173 28 Wakahurangi,
1137 2755 111 27 Ratapiko,

670 2779 126 27 Pukarinui,
815 2779 142 28 Mangatuku
980 2781 144 26 Wakaikotoi,
1144 2781 104 26 Makahu,

669 2805 131 27 Wangaihu,
812 2807 140 27 Motangiha,
968 2807 32 21 Te
1020 2807 85 28 Kopua,
1124 2808 31 22 Te
1170 2808 81 22 Wnite-

670 2836 73 22 tanga,
763 2832 184 27 Wangamonuia,
967 2833 86 27 Makui,
1073 2834 32 22 Te
1125 2834 39 27 Po,
1182 2838 22 18 to
1214 2835 36 21 the

669 2859 58 21 river
737 2859 130 26 Wanganui,
879 2860 44 21 and
932 2860 56 21 from
999 2860 38 22 the
1046 2860 48 22 said
1106 2861 58 21 river
1178 2861 29 27 by
1220 2861 29 22 Te

670 2885 71 26 Tangi
758 2885 77 26 Tangi,
855 2886 149 27 Mangohewa
1019 2887 96 26 Pamiga,
1133 2887 115 28 Pakekuia,

671 2918 70 15 across
750 2911 36 21 the
798 2912 81 22 Onairo
886 2914 65 25 river,
963 2913 28 26 by
1001 2913 31 22 Te
1039 2913 76 23 Tuehu
1124 2914 124 27 Kaipikare,

672 2938 138 27 Wakamuki,
835 2939 87 27 Tapari,
957 2939 195 28 Pakawakamuru,
1181 2948 68 14 across

670 2965 42 21 the'
731 2964 88 22 Adenui
839 2965 59 21 river
920 2966 30 27 by
974 2966 122 22 Paketuata
1119 2974 71 15 across
1214 2972 34 16 tne

672 2991 70 22 Minui
778 2992 58 21 river
874 2992 29 27 by
947 2993 168 27 Ranguirapaki,
1159 2993 90 23 Haitao-

670 3026 43 18 ma,
745 3018 123 27 Tepokuru,
901 3026 73 14 across
1006 3019 37 21 the
1074 3019 99 28 Papatito
1194 3021 56 21 river

670 3045 30 27 by
710 3045 148 27 Turangaraa,
869 3045 112 26 Komanu,
993 3045 112 28 Pukakao,
1117 3047 31 21 Te
1162 3047 83 26 Awera,

671 3078 71 15 across
751 3071 37 22 the
798 3071 135 23 Wakarama
940 3072 43 21 and
992 3072 37 22 the
1040 3072 49 22 Wai
1100 3073 69 21 Pikao
1174 3073 72 26 rivers,

670 3099 31 26 by
717 3098 101 22 Paraniui
832 3099 134 26 Timanuku,
984 3099 44 21 and
1045 3099 85 28 Wanga
1140 3105 23 17 to
1173 3100 76 22 Kowai

670 3133 28 13 on
707 3125 36 21 the
752 3125 48 21 said
811 3125 118 21 Wakatino
946 3125 64 27 river,
1022 3125 45 22 and
1082 3125 62 22 down
1154 3126 40 24 .the
1204 3127 45 21 said

670 3153 57 21 river
738 3156 19 16 to
768 3152 27 21 its
804 3152 83 26 mouth,
900 3153 67 20 forms
977 3152 37 21 the
1024 3155 85 19 eastern
1120 3153 42 21 and
1176 3153 73 22 north-

670 3186 40 14 ern
725 3178 111 27 boundary
860 3179 26 21 of
905 3179 38 21 the
967 3179 47 21 said
1037 3179 59 26 land,
1117 3183 129 22 tenements,

670 3205 79 27 woods,
774 3205 60 28 bays,
858 3205 115 28 harbours,
994 3205 75 27 rivers,
1089 3209 98 24 streams,
1207 3206 39 22 and

671 3232 82 22 creeks.

697 3258 94 27 Alleged
799 3261 24 19 to
831 3258 58 22 have
900 3259 59 21 been
971 3257 124 28 purchased
1105 3259 31 27 by
1146 3259 102 22 claimant

670 3285 57 22 from
737 3285 36 21 the
781 3285 75 21 native
867 3285 70 21 chiefs
955 3285 90 21 Awatea
1060 3285 85 27 Anrua,
1157 3285 90 22 Edward

670 3320 25 13 or
705 3312 85 26 Pukiki,
807 3312 19 21 E
842 3312 67 26 Kaki,
928 3311 20 21 E
965 3311 44 27 Ku,
1021 3311 98 27 Korono,
1139 3313 18 21 E
1174 3313 71 25 Muru,

670 3339 19 21 E
709 3338 32 21 Po
756 3338 121 28 Puketapu,
893 3339 111 25 Tangutu,
1025 3338 104 27 Wakairi,
1152 3339 18 21 E
1187 3338 59 28 Pahi,

670 3364 45 22 and
724 3371 66 21 many
800 3364 79 22 others.
1061 3384 4 4 .
1087 3374 7 5 -

680 3413 5 3 ,
696 3390 163 22 Consideration
867 3390 67 28 given
945 3393 22 18 to
977 3389 37 23 the
1023 3391 92 27 natives,
1127 3399 13 14 a
1150 3392 98 27 quantity

670 3418 26 22 of
706 3416 161 28 merchandize,
878 3418 67 21 value
954 3419 38 19 not
1002 3417 78 22 stated.

696 3444 83 22 Nature
790 3444 26 21 of
821 3451 143 20 conveyance
994 3444 55 21 deed
1059 3444 67 22 dated
1132 3444 51 22 15th
1193 3444 55 22 Feb-

668 3479 72 19 ruary,
752 3472 59 21 1840.

697 3498 52 22 Case
760 3498 42 21 No.
813 3496 41 23 374
864 3496 37 27 (c).
931 3496 61 22 John
1006 3496 85 27 Dorset,
1103 3504 27 15 on
1138 3497 79 22 behalf
1228 3497 23 21 of

668 3524 37 22 the
717 3524 54 22 New
781 3523 99 22 Zealand
891 3524 121 26 Company,
1024 3523 113 23 claimant.

696 3550 46 23 The
755 3550 71 27 lands,
843 3550 88 26 islands,
948 3553 128 24 tenements,
1093 3550 78 27 woods,
1187 3550 58 33 bays,

668 3578 110 26 harbours,
799 3577 75 27 rivers,
897 3579 98 24 streams,
1018 3576 43 21 and
1077 3577 81 27 creeks,
1180 3576 67 22 inclu-

668 3604 44 22 ded
729 3604 30 28 by
777 3611 13 14 a
808 3603 44 22 line
880 3603 75 22 drawn
980 3603 64 27 along
1061 3603 37 22 the
1124 3611 37 14 sea
1185 3604 60 21 shore

668 3634 23 18 at
712 3630 40 22 low
775 3633 67 19 water
863 3630 65 21 mark
951 3629 56 22 from
1030 3630 106 26 Auronga
1158 3630 29 26 by
1205 3630 41 22 Ta-

667 3657 99 22 raimaka
790 3657 128 27 Waitikara,
941 3656 104 26 Omaitai,
1070 3656 97 27 Parawa,
1194 3656 52 22 Kai-

667 3684 30 26 hi,
723 3683 168 27 Omukukavvai,
924 3682 153 23 Kotamaiewa
1106 3682 37 22 the
1173 3682 73 22 mouth

668 3711 26 20 of
729 3711 38 20 the
804 3710 104 21 Waratea
945 3710 58 21 river
1039 3712 21 18 to
1096 3708 38 22 the
1171 3708 75 23 mouth

668 3736 26 21 of
708 3735 37 22 the
754 3736 145 26 Wangatawa
911 3735 65 27 river,
992 3734 43 23 and
1051 3736 29 26 by
1095 3735 92 22 another
1203 3736 43 21 line

668 3762 74 21 drawn
752 3762 76 22 inland
837 3763 57 21 from
905 3762 38 22 the
956 3762 77 22 mouth
1044 3762 24 21 of
1078 3762 36 21 the
1124 3762 47 21 said
1181 3762 65 21 Wan-

667 3792 85 22 gatawa
759 3789 59 21 river
826 3796 30 20 up
867 3789 37 21 the
913 3788 50 22 said
978 3788 59 22 river
1046 3792 21 17 to
1076 3788 27 22 its
1112 3795 83 20 source,
1206 3788 40 22 and

666 3815 58 21 from
734 3814 79 22 thence
828 3819 21 17 to
865 3815 38 22 the
920 3815 91 22 summit
1024 3816 25 20 of
1058 3814 116 26 Taranaki,
1191 3821 55 15 com-

668 3840 73 28 monly
749 3840 72 23 called
831 3842 82 21 Mount
922 3842 106 26 Egmont,
1037 3842 44 21 and
1087 3842 56 21 from
1154 3841 37 21 the
1200 3840 46 23 said

667 3867 111 22 Taranaki
793 3867 67 27 along
874 3868 38 21 the
926 3868 104 21 southern
1046 3868 114 27 boundary
1174 3868 25 21 of
1209 3868 35 21 the

667 3894 52 27 Nga
728 3894 64 21 Motu
798 3894 87 22 district
890 3895 30 27 by
928 3894 110 26 Powakai,
1045 3895 31 21 Te
1086 3894 50 22 Kiri
1145 3894 99 26 Powaka,

666 3921 100 26 Teuriga,
775 3920 45 22 and
830 3921 77 27 Patua,
915 3924 23 19 to
946 3920 35 22 the
988 3928 38 15 sea
1035 3920 63 23 shore
1105 3924 22 19 at
1133 3920 36 22 the
1176 3920 70 22 afore-

667 3948 48 21 said
724 3948 111 26 Auronga.

1302 140 97 26 Alleged
1409 144 21 17 to
1440 140 56 23 have
1510 141 59 21 been
1578 140 125 28 purchased
1716 140 29 28 by
1756 140 107 23 claimant

1275 169 58 21 from
1353 168 37 21 the
1409 168 73 21 native
1502 167 77 26 chiefs,
1604 167 32 22 Te
1659 166 60 28 Eria,
1743 167 115 27 Kaiwaka,

1275 196 86 24 Eware,
1373 193 108 27 Ngatura,
1491 193 89 27 Taraki,
1592 192 45 23 and
1646 200 68 20 many
1725 194 81 21 others.

1479 220 65 27 given
1554 224 22 17 to
1588 220 37 21 the
1635 220 93 27 natives,
1736 227 13 15 a
1758 221 104 27 quantity

1276 248 25 22 of
1309 246 161 27 merchandize,
1482 247 65 22 value
1559 250 40 18 not
1608 246 77 22 stated.

1303 274 86 22 Nature
1413 273 26 21 of
1458 281 170 19 conveyance
1629 273 70 27 Deed,
1720 273 65 22 dated
1809 273 52 22 15th

1277 301 122 26 February,
1411 301 59 20 IS4O.

1491 326 146 23 WILLIAM
1652 326 99 27 SPAIN,

1655 353 177 22 Commissioner.

379 53 306 51 gbttppltumtt
707 57 46 39 to
778 55 75 47 tftc
876 55 121 42 Tffrip
1022 57 212 41 Ztalanix
1236 55 325 48 J&attttt,mb
1583 54 303 47 tmtttinQton
1908 50 255 52 grptctator.

1887 144 50 46 A
1966 141 134 27 HEWITT,
2110 143 162 26 Fishmonger,
2283 143 111 22 Lambton
2402 144 73 27 Quay,

1970 168 147 27 Wellington,
2124 173 89 18 returns
2222 169 35 23 his
2267 170 84 22 sincere
2361 169 83 22 thanks
2454 174 22 18 to

1887 194 38 22 the
1943 195 141 21 inhabitants
2103 195 89 23 ot\this
2211 197 86 27 Colony
2312 196 35 22 for
2366 195 38 23 the
2422 204 55 19 very

1886 221 78 21 liberal
1983 225 94 24 support
2093 221 27 22 he
2135 221 41 23 has
2191 222 98 23 hitherto
2304 222 110 27 received,
2432 223 45 22 and

1886 247 54 27 begs
1950 251 23 18 to
1981 247 85 23 inform
2077 247 59 22 them
2146 249 51 21 that
2211 249 27 22 he
2247 249 41 23 has
2296 249 65 22 made
2371 256 106 20 arrange-

1887 278 73 18 ments
1976 274 36 21 for
2030 282 15 14 a
2059 278 103 18 constant
2178 276 80 27 supply
2277 275 32 23 of'
2321 275 38 22 the
2378 275 99 23 choicest

1887 301 104 21 varieties
2000 300 26 22 of
2037 301 50 26 fish,
2104 301 73 22 which
2193 303 28 20 he
2239 302 137 27 confidently
2390 309 87 15 recom-

1887 327 86 23 mends.]
1976 330 23 18 to
2010 327 38 21 the
2056 327 75 28 public
2141 335 23 14 as
2172 328 68 27 being
2247 329 27 21 of
2284 329 36 21 the
2327 329 51 21 best
2383 329 92 27 quality.

1914 353 84 21 Orders
2009 353 33 22 for
2053 354 103 27 shipping
2164 355 110 28 received,
2289 355 44 22 and
2343 354 134 29 punctually

1887 379 108 22 attended
2007 383 29 19 to.

2044 413 97 15 OYSTEKS
2157 415 72 14 FRESH
2246 416 74 14 DAILY.

1914 437 64 27 Also,
1992 444 13 14 a
2014 437 80 28 supply
2104 439 25 20 of
2144 439 128 26 vegetables
2287 439 60 22 fresh
2361 440 59 22 from
2437 440 38 22 the

1886 463 87 27 garden
1984 464 69 27 daily.

1887 508 116 26 English,
2013 508 54 20 and
2081 508 118 27 Foreign
2207 510 166 25 Newspaper
2383 512 91 24 Office,

1894 539 131 35 JOSEPH
2054 540 152 27 CLAYTON,
2239 541 116 22 Publisher
2384 543 26 21 of
2437 543 38 22 the

1887 571 25 17 /
1951 567 112 25 Spectator
2082 567 44 21 and
2148 568 92 20 Colonial
2265 569 90 26 Gazette,
2377 569 98 23 General

1887 593 138 28 Newspaper
2034 593 46 22 and
2090 593 146 28 Advertising
2245 595 81 26 Agent,
2337 597 41 20 320
2386 596 88 28 Strand,

1888 619 102 28 London,
2007 620 141 27 respectfully
2164 628 128 16 announces
2306 626 21 17 to
2340 623 135 27 proprietors

1888 647 25 21 of
1925 647 100 22 Colonial
2035 647 111 25 Journals,
2159 647 44 22 and
2214 647 36 22 the
2260 648 97 22 resident
2374 649 101 23 Colonial

1887 677 87 24 gentry,
1986 674 49 22 that
2046 674 26 22 he
2082 673 19 22 is
2110 673 49 22 able
2170 679 22 16 to
2203 675 79 26 supply
2292 675 60 22 them
2367 675 53 23 with
2437 677 37 21 the

1887 700 69 22 above
1967 701 114 26 Journals,
2098 700 42 22 and
2159 708 66 20 every
2243 702 62 21 other
2319 702 93 22 London
2430 703 45 22 and

1888 727 99 27 Country
1997 728 136 26 Newspaper
2148 727 22 21 in
2187 727 71 22 Great
2277 728 91 27 Britain,
2388 729 29 26 by
2437 730 37 21 the

1889 753 89 22 earliest
2001 761 142 20 conveyance
2163 754 57 22 after
2239 754 37 22 the
2295 762 138 20 appearauce
2453 757 26 21 of

1888 780 54 21 each
1952 780 144 26 publication.

1914 806 22 21 J.
1952 806 95 27 Clayton
2058 807 39 21 has
2106 806 56 22 been
2172 807 99 23 induced
2281 811 22 18 to
2318 815 43 20 pay
2378 809 97 26 particu-

1887 832 33 21 lar
1936 833 110 21 attention
2056 837 22 17 to
2089 833 42 21 this
2146 834 84 22 branch
2248 835 26 21 of
2291 834 36 22 the
2344 842 131 21 newspaper

1889 859 105 27 business,
2005 860 23 20 in
2040 867 150 19 consequence
2209 861 26 21 of
2253 861 38 22 the
2310 863 131 26 complaints
2452 863 26 21 of

1888 886 36 21 the
1935 886 100 21 Colonial
2047 887 62 20 Press
2124 887 22 21 in
2164 891 40 17 not
2219 888 68 27 being
2302 889 100 27 supplied
2422 889 51 22 with

1887 912 94 26 English
1999 920 137 20 newspapers
2152 914 52 20 with
2220 915 49 21 that
2289 915 119 28 regularity
2430 916 45 22 and

1887 938 101 28 dispatch
2012 939 72 22 which
2108 940 18 20 is
2150 947 119 20 necessary
2290 945 22 17 to
2331 941 37 22 the
2386 950 88 14 success

1888 966 25 20 of
1925 973 13 14 a
1957 966 51 22 well
2023 967 110 25 managed
2148 966 102 22 Colonial
2270 974 127 21 newspaper
2416 973 58 18 esta-

1887 992 129 22 blishment.

1914 1020 89 21 Editors
2015 1020 24 21 of
2047 1027 137 19 newspapers
2195 1020 45 22 and
2249 1021 83 26 private
2341 1021 97 23 families
2447 1023 25 23 in

1888 1045 36 22 the
1935 1046 103 22 Colonies
2049 1046 48 21 who
2113 1047 101 21 received
2226 1047 56 22 their
2297 1047 92 28 English
2403 1056 71 16 news-

1887 1080 77 20 papers
1973 1074 94 26 through
2075 1073 37 21 the
2118 1074 98 21 medium
2225 1074 25 21 of
2257 1075 43 21 Mr.
2310 1075 133 26 Simmonds,
2452 1077 25 21 of

1887 1099 135 27 Chichester,
2044 1100 41 21 will
2105 1100 57 21 have
2183 1100 61 23 them
2251 1101 5 4 '
2264 1101 120 22 continued
2402 1103 30 26 by
2450 1104 20 20 J*

1888 1126 102 27 Clayton,
2002 1126 49 22 who
2062 1127 38 21 has
2108 1127 125 27 completed
2242 1128 54 22 such
2307 1134 166 22 arrangements

1887 1159 24 14 as
1921 1153 43 21 will
1976 1154 78 20 enable
2066 1154 44 20 him
2121 1158 22 16 to
2153 1161 64 20 carry
2227 1159 39 17 out
2277 1162 58 14 more
2346 1155 127 28 effectually

1887 1179 37 22 the
1933 1179 52 27 plan
1997 1180 26 21 of
2033 1180 117 27 supplying
2164 1180 96 28 Foreign
2275 1188 138 20 newspapers
2428 1183 46 22 and

1889 1213 89 19 persons
1985 1207 123 20 residentin
2115 1208 36 20 the
2159 1207 109 27 Colonies,
2277 1208 50 21 with
2334 1209 140 28 punctuality

1888 1232 43 21 and
1939 1232 108 27 dispatch,
2066 1233 53 21 than
2131 1234 42 20 Mr.
2193 1234 127 22 Simmonds
2334 1235 108 28 (residing
2452 1240 22 18 at

1889 1259 137 27 Chichester)
2039 1267 43 14 was
2093 1260 48 21 able
2152 1263 21 18 to
2184 1261 142 27 accomplish.

1915 1286 21 21 It
1946 1286 44 21 will
2001 1286 27 21 be
2042 1286 122 27 absolutely
2174 1294 117 20 necessary
2301 1291 21 18 to
2335 1295 139 22 accompany

1889 1312 53 22 each
1953 1313 65 21 order
2028 1313 29 27 by
2067 1317 105 23 payment
2180 1314 26 21 of
2212 1314 34 21 six
2256 1322 25 13 or
2289 1315 76 21 twelve
2376 1317 98 21 months'

1888 1346 77 20 papers
1975 1340 23 20 in
2014 1340 105 26 advance,
2135 1347 24 14 or
2169 1348 14 14 a
2190 1341 115 22 reference
2320 1345 20 18 to
2351 1349 61 15 some
2423 1343 51 22 firm

1887 1366 23 21 in
1922 1366 94 21 London
2027 1367 34 21 for
2071 1371 105 22 payment
2185 1371 24 17 at
2223 1368 37 21 the
2272 1369 120 26 expiration
2404 1369 26 21 of
2437 1370 36 22 the

1889 1392 75 21 twelve
1982 1393 89 22 months
2079 1401 5 19 ;
2100 1394 21 20 in
2139 1394 72 21 which
2227 1402 49 14 case
2293 1402 41 14 one
2350 1395 124 29 halfpenny

1889 1423 61 17 extra
1958 1420 44 21 will
2014 1426 25 15 De
2049 1420 95 26 charged
2154 1428 28 13 on
2193 1421 55 21 each
2259 1428 72 21 paper.

1917 1446 21 21 J.
1950 1446 94 27 Clayton
2056 1451 64 17 trusts
2131 1447 49 21 that
2188 1448 35 21 his
2238 1449 122 21 connexion
2373 1449 52 21 with
2435 1450 38 22 the

1889 1474 111 24 Spectator
2012 1473 140 27 Newspaper,
2164 1481 23 14 as
2196 1474 88 22 Printer
2293 1475 43 21 and
2348 1475 123 28 Publisher,

1888 1500 57 21 from
1960 1500 30 22 its
2000 1505 190 16 commencement
2206 1502 23 20 in
2247 1503 59 24 1828,
2324 1502 43 21 will
2383 1502 26 21 be
2420 1510 53 14 con-

1889 1526 86 21 sidered
1985 1534 14 13 a
2008 1526 109 22 sufficient
2126 1533 120 20 guarantee
2254 1528 34 21 for
2297 1528 36 21 the
2343 1536 80 19 proper
2434 1538 39 19 ap-

1888 1553 105 26 plication
2005 1554 25 20 of
2035 1560 45 20 any
2089 1553 65 21 funds
2166 1554 50 26 paid
2225 1554 22 21 in
2260 1555 96 21 advance
2367 1555 35 23 for
2411 1557 61 27 Eng-

1888 1579 42 22 lish
1940 1587 140 20 newspapers
2089 1580 42 21 and
2142 1581 138 25 periodicals.

1915 1606 45 21 The
1971 1606 115 26 following
2094 1606 35 21 list
2140 1607 25 21 of
2172 1607 94 22 London
2280 1615 143 22 newspapers,
2434 1609 38 23 the

1889 1632 52 27 days
1952 1640 29 14 on
1990 1632 71 22 which
2068 1634 51 26 they
2127 1641 37 14 are
2172 1634 122 28 published,
2306 1635 42 21 and
2357 1636 37 20 the
2401 1637 71 26 prices

1889 1664 22 17 at
1921 1660 71 21 which
2007 1660 52 26 they
2069 1667 37 14 are
2120 1661 101 26 supplied
2239 1662 28 26 by
2277 1663 21 20 J.
2316 1662 100 27 Clayton,
2428 1664 44 21 will

1889 1686 26 21 be
1926 1686 70 22 found
2011 1686 72 22 useful
2100 1690 20 17 to
2131 1694 90 20 poisons
2237 1688 23 22 in
2275 1689 35 21 the
2321 1689 102 23 Colonies
2437 1698 35 14 re-

1889 1714 88 26 quiring
1986 1714 93 26 English

2079 1747 118 18 MORNING
2211 1748 75 22 (Daily.)

2160 1769 62 21 single
2232 1775 52 16 copy,
2307 1775 32 16 per
2346 1773 83 19 quarter.

2313 1797 13 11 .
2338 1796 16 12 *.
2369 1793 19 16 (I.

1959 1810 76 17 Times
2237 1811 30 18 sd.
2315 1813 7 16 1
2335 1813 19 16 12
2376 1814 11 16 6

1971 1831 90 22 Morning
2071 1831 97 18 Chronicle
2177 1844 36 5 ...
2239 1834 10 15 5
2273 1846 14 4 ..
2314 1834 6 15 1
2334 1835 20 14 12
2376 1834 11 17 6

1960 1853 102 21 Morning
2070 1853 70 16 Herald
2239 1855 9 15 5
2273 1867 13 5 ..
2314 1855 40 15 112
2376 1855 11 17 6

1960 1873 104 22 'Morning
2073 1873 42 17 Post
2240 1876 9 15 5
2273 1887 14 5 ..
2314 1876 7 15 1
2334 1877 20 15 12
2376 1876 11 17 6

1970 1894 91 22 Morning
2066 1894 126 18 Advertiser..
2200 1907 14 5 ..
2240 1896 10 16 5
2274 1908 14 5 ..
2314 1897 40 15 112
2376 1898 11 16 6

1971 1915 92 22 Morning
2073 1916 39 15 Sun
2240 1918 9 15 5
2273 1929 15 5 ..
2314 1919 7 14 l
2334 1918 20 15 12
2376 1918 11 17 6

2077 1943 113 18 EVE.VING
2205 1943 77 22 (Daily.)

1971 1963 40 17 Sun
2240 1967 9 15 5
2273 1978 14 5 ..
2313 1967 7 15 1
2333 1967 21 15 12
2376 1968 11 16 6

1971 1983 60 18 Globe
2239 1987 10 16 5
2272 1998 15 6 ..
2312 1987 7 16 1
2333 1988 20 15 12
2375 1989 11 15 6

1959 2004 106 18 Standard
2237 2008 10 15 5
2272 2019 4 4 .
2281 2019 5 5 .
2312 2008 41 17 112
2374 2009 12 16 6

1958 2025 91 17 Courier
2238 2029 9 15 5
2272 2040 13 5 ..
2312 2029 6 15 l
2333 2029 19 15 12
2374 2030 12 15 6

1969 2046 94 21 Shipping
2071 2046 75 17 Gazette
2237 2048 10 17 6
2272 2060 4 5 .
2281 2060 5 5 .
2312 2050 41 16 119
2374 2051 11 16 0

1953 2072 116 22 MONDAY,
2082 2073 160 22 WEDNESDAY,
2254 2075 38 18 and
2303 2075 97 19 FRIDAY.

1959 2093 98 23 *Eveuiiig
2064 2093 45 18 Mail
2239 2098 8 15 3
2272 2108 17 5 ...
2311 2098 10 15 0
2333 2097 19 16 10
2374 2099 10 15 3

1968 2114 88 23 Evening
2063 2115 99 18 Chronicle
2239 2118 10 16 5
2272 2129 17 4 ...
2332 2118 20 17 16
2374 2120 11 16 3

2024 2142 106 18 MONDAY
2142 2143 38 18 and
2193 2144 141 18 THURSDAY.

1969 2163 73 17 Patriot
2238 2167 10 15 5
2272 2177 17 5 ...
2311 2167 8 15 0
2341 2167 10 15 5
2373 2168 11 15 3

1958 2184 86 17 Record
2239 2187 10 16 5
2272 2198 17 5 ...
2312 2188 8 15 0
2341 2188 11 16 5
2373 2189 11 16 5

2040 2211 112 19 TUESDAY
2165 2213 37 17 and
2217 2214 97 17 FRIDAY.

2019 2232 79 18 London
2106 2234 82 21 Gazette,
2197 2235 30 17 Bd.
2235 2239 33 17 per
2275 2236 58 16 sheet.

1941 2260 120 21 TUESDAY,
2075 2261 140 22 THURSDAY,
2228 2262 37 17 and
2277 2263 136 18 SATURDAY.

1957 2282 40 16 St.
2004 2281 82 17 James's
2094 2282 97 18 Chronicle
2199 2295 17 5 ...
2239 2285 9 15 i
2272 2296 17 4 ...
2311 2286 10 14 0
2333 2286 19 15 10
2364 2286 20 16 10

1959 2302 93 22 English
2060 2302 96 19 Chronicle
2237 2306 10 15 5
2270 2317 18 5 ...
2311 2306 9 16 0
2332 2307 52 16 10-10

2120 2330 114 19 MONDAY.

1969 2351 58 17 Mark
2034 2351 51 17 Lane
2092 2351 81 22 Express
2237 2354 21 20 GJ
2271 2365 17 5 ...
2310 2354 10 16 0
2342 2353 8 16 7
2374 2356 8 15 \

1958 2372 72 17 Bell's
2037 2372 108 22 Messenger
2202 2377 12 14 :.
2237 2375 10 16 6
2270 2386 18 5 ...
2310 2375 10 16 0
2340 2375 11 16 G
2373 2377 11 15 6

1959 2393 104 17 Farmer's
2071 2393 77 18 Journal
2238 2395 10 16 6
2271 2407 17 4 ...
2311 2396 8 15 0
2341 2396 11 15 5
2373 2397 12 16 6
2438 2404 13 9 >

1958 2413 63 18 John
2030 2414 42 17 Bull
2238 2417 10 15 6
2271 2428 17 4 ...
2311 2417 8 14 0
2341 2416 10 16 6
2373 2418 11 15 6

1969 2435 96 17 Observer
2236 2437 11 16 0
2270 2448 17 5 ...
2310 2437 9 16 0
2340 2437 10 16 6
2372 2439 11 16 (j

1969 2455 77 22 County
2054 2455 97 19 Chronicle
2236 2458 22 20 5i
2270 2469 17 5 ...
2310 2459 9 15 0
2340 2458 10 16 6
2373 2460 10 15 0

1968 2477 79 21 Magnet
2236 2480 22 19 4fc
2270 2491 17 4 ...
2310 2480 9 15 0
2340 2479 10 16 5
2373 2481 10 14 0

2096 2502 161 19 AVEDNESDAY.

1970 2523 86 17 Colonial
2063 2523 77 19 Gazette
2237 2526 10 16 6
2270 2537 17 5 ...
2310 2526 9 16 0
2340 2525 10 17 6
2372 2526 11 17 6

1969 2544 155 18 Noncoulbriniht
2237 2547 10 16 G
2270 2558 18 5 ...
2310 2547 10 16 0
2341 2547 10 16 6
2373 2548 11 16 0

1967 2564 115 18 Watchman
2237 2569 10 15 5
2339 2569 10 15 5
2372 2569 10 15 5

2108 2587 137 18 SATURDAY.

1967 2606 99 21 Spectator
2237 2611 10 16 9
2270 2620 17 5 ...
2310 2610 9 15 0
2340 2610 10 16 9
2373 2611 10 16 9

1967 2627 56 17 Atlas
2227 2631 20 15 10
2269 2640 18 6 ...
2310 2631 9 15 0
2331 2631 19 15 10
2362 2631 21 15 10

1967 2647 65 17 Jurist
2237 2651 10 16 9
2270 2661 18 6 ...
2310 2651 9 14 0
2340 2651 11 16 9
2373 2653 10 15 9

1969 2668 60 17 Court
2035 2668 80 17 Journal
2237 2672 10 15 8
2270 2681 18 5 ...
2310 2672 10 15 0
2340 2672 10 15 8
2373 2673 10 15 8

1967 2689 63 16 Naval
2037 2689 36 16 and
2082 2688 84 22 Military
2169 2690 40 17 G-u
2237 2693 10 14 8
2270 2702 18 5 ...
2310 2692 9 15 0
2340 2693 10 15 8
2372 2693 11 16 8

1959 2709 81 17 -United
2047 2709 73 17 Service
2126 2710 88 18 Gazette.
2237 2712 10 18 7
2270 2722 18 5 ...
2296 2716 5 3 -
2310 2712 9 16 0
2340 2713 10 16 7
2373 2713 10 17 7

1956 2731 52 21 Age
2237 2733 10 15 6
2270 2743 18 5 ...
2310 2733 9 16 0
2340 2734 10 14 fi
2373 2735 10 14 G

1956 2752 75 20 Argus
2236 2754 10 15 6
2273 2754 109 16 -'066

1956 2770 72 19 BeTl's
2034 2772 107 22 Messenger
2236 2775 10 14 6
2269 2784 18 5 ...
2310 2775 9 14 0
2340 2775 9 15 6
2372 2776 11 15 6

1958 2792 111 18 L'ritauuia
2235 2796 11 14 6
2269 2805 18 5 ...
2309 2796 10 15 0
2339 2796 10 15 6
2371 2796 12 17 6

1967 2813 89 18 Courricr
2064 2812 23 18 de
2097 2813 86 21 l'Europe
2195 2825 19 5 ...
2236 2816 10 15 6
2270 2825 17 6 ...
2310 2816 9 15 0
2340 2817 9 15 C
2371 2818 11 14 fi

1967 2835 61 16 Court
2035 2835 77 17 Gazette
2237 2837 10 15 G
2270 2846 18 6 -.
2310 2838 9 14 0
2340 2838 9 14 G
2372 2838 11 14 G

1957 2854 146 18 Conservative
2110 2855 77 17 Journal
2195 2867 19 5 ...
2237 2857 9 15 6
2270 2867 18 5 ...
2310 2858 10 14 0
2340 2858 9 15 6
2372 2859 10 13 6

1958 2876 49 17 Era
2237 2878 9 15 G
2270 2888 17 4 ._
2310 2879 9 14 0
2340 2878 9 15 6
2371 2879 10 14 G

1967 2897 103 17 Examiner
2235 2899 11 14 6
2269 2908 18 5 ...
2310 2899 9 14 0
2340 2899 9 15 6
2371 2900 10 14 6

1967 2918 82 16 Journal
2056 2917 20 16 of
2082 2916 131 19 Commerce...
2236 2919 10 14 6
2270 2930 17 5 ...
2310 2919 9 16 0
2340 2919 9 16 G
2371 2920 10 15 6

1958 2939 63 16 John
2030 2938 42 16 Hull
2235 2940 11 14 G
2269 2950 18 5 ...
2309 2940 10 15 0
2340 2940 8 15 G
2371 2941 10 15 6

1967 2959 114 18 Gardiner's
2090 2958 76 17 Gazette
2235 2960 11 15 G
2269 2971 18 4 ...
2309 2961 10 15 0
2340 2961 9 15 G
2371 2961 10 15 6

1966 2980 74 17 Justice
2048 2980 22 16 of
2075 2979 56 17 i'eace
2235 2980 11 16 6
2269 2991 18 5 ...
2309 2982 10 15 0
2340 2981 9 15 G
2371 2982 10 14 6

1967 3001 76 20 Mining
2053 3000 78 17 Journal
2235 3001 11 15 6
2268 3012 18 5 ...
2308 3003 11 15 0
2338 3003 10 15 G
2370 3003 11 15 6

1967 3021 47 17 New
2022 3021 57 24 Hell*;
2091 3020 122 23 Messenger..
2235 3022 11 16 C
2268 3033 19 5 ...
2308 3024 10 14 0
2338 3023 9 15 6
2370 3023 11 15 6

1967 3041 84 22 Railway
2058 3041 62 18 Times
2235 3043 11 15 G
2268 3054 19 5 ...
2308 3044 11 16 0
2339 3044 9 15 6
2370 3044 11 15 6

1967 3062 76 17 Satirist
2181 3074 32 5 _...
2235 3064 11 14 6
2268 3074 19 6 ...
2309 3065 9 14 o
2339 3065 9 14 6
2370 3064 11 15 6

1967 3083 73 17 British
2049 3083 64 18 Queen
2235 3084 11 15 6
2268 3095 18 5 ...
2308 3086 10 14 o
2338 3085 10 15 6
2370 3085 11 15 6

1967 3104 77 21 Sunday
2051 3103 64 18 Times
2235 3105 10 14 G
2268 3116 18 5 ...
2308 3106 11 16 o
2338 3106 9 15 6
2369 3106 11 14 6

1967 3125 67 17 Tablet
2235 3125 11 15 6
2268 3137 18 5 ...
2308 3128 9 14 o
2338 3126 10 15 6
2370 3127 11 15 G

1967 3146 79 21 Weekly
2054 3144 89 22 Dipatch
2235 3146 10 15 G
2268 3158 18 5 ...
2308 3147 9 16 o
2338 3147 9 16 G
2369 3147 11 15 6

1968 3166 60 18 Bell's
2035 3161 40 22 Life
2234 3166 12 16 5
2268 3178 18 6 ...
2308 3168 9 16 0
2338 3168 9 16 5
2369 3168 11 14 6

1968 3187 84 21 Railway
2060 3186 95 22 Magazine
2233 3188 12 15 5
2267 3199 19 6 ...
2308 3189 9 15 0
2337 3189 10 15 5
2368 3189 12 16 5

1967 3208 67 17 Planet
2233 3209 21 20 4$
2267 3210 50 16 ...0
2336 3210 11 16 5
2369 3212 11 14 0

1966 3229 78 21 AVeekly
2053 3227 97 18 Chronicle
2233 3230 22 20 4
2267 3241 18 5 ...
2307 3231 9 15 o
2336 3231 10 15 5
2368 3232 12 14 O

1966 3249 88 22 Literary
2062 3248 77 18 Gazette
2233 3251 12 16 9
2267 3262 18 5 ...
2307 3252 10 15 0
2337 3253 11 16 9
2368 3253 13 16 9

1966 3271 112 16 Atheuieum
2233 3271 11 15 5
2267 3283 19 5 ...
2307 3273 10 16 0
2338 3274 9 15 5
2369 3274 11 16 5

2068 3290 207 23 .(FORTNIGHTLY.)

1967 3311 47 17 New
2021 3311 82 17 Zealand
2110 3311 78 17 Journal
2204 3323 5 5 .
2234 3314 10 14 G
2267 3325 19 5 ...
2307 3314 10 16 0
2338 3316 10 15 3
2369 3316 11 15 6
2474 3320 8 7 *

1967 3332 55 17 South
2022 3332 112 17 Australian
2140 3332 73 17 Record
2233 3334 11 16 5
2267 3346 18 5 ...
2307 3336 10 16 0
2337 3337 10 15 3
2369 3337 12 16 0

1997 3353 69 21 Papers
2073 3353 75 16 marked
2173 3358 33 12 are
2213 3353 137 20 Conservative.

1910 3373 47 22 The
1966 3373 117 28 foregoing
2092 3373 69 27 prices
2171 3380 38 15 are
2218 3375 37 22 the
2265 3384 61 14 same
2336 3384 23 15 as
2369 3378 98 27 charged

1887 3400 21 22 in
1929 3400 94 22 London
2032 3408 5 19 ;
2063 3398 108 23 therefore
2190 3401 29 21 all
2244 3408 88 22 postage
2355 3411 26 15 or
2403 3408 64 19 extra

1886 3427 88 27 charges
1984 3426 103 22 incurred
2096 3427 21 20 in
2129 3427 36 21 the
2175 3429 79 21 transit
2269 3434 59 18 must
2336 3431 28 21 be
2374 3431 51 27 paid
2435 3431 31 28 by

1886 3452 34 22 the
1930 3454 81 26 parties
2022 3457 22 17 at
2051 3454 38 20 the
2100 3453 51 21 time
2161 3454 37 22 the
2209 3455 64 23 order
2282 3457 18 21 is
2310 3457 73 26 given.
2417 3464 3 3 '
2439 3469 3 5 -

1912 3480 21 20 It
1941 3480 45 21 will
1995 3480 28 21 be
2033 3479 106 23 desirable
2149 3481 22 20 in
2180 3481 29 21 all
2220 3490 61 14 cases
2291 3484 70 21 where
2372 3490 44 21 any
2426 3484 40 21 ad-

1886 3509 91 23 vantage
1987 3506 68 22 exists
2063 3507 24 20 in
2098 3506 36 22 the
2148 3507 65 23 mode
2224 3509 25 21 of
2260 3517 141 20 conveyance
2413 3518 54 14 over

1885 3532 35 22 the
1937 3532 103 27 ordinary
2059 3540 75 14 means
2150 3534 24 21 of
2193 3537 151 21 transmission
2362 3537 30 26 by
2406 3540 57 24 post,

1884 3558 47 22 that
1939 3559 135 27 gentlemen,
2086 3559 97 23 desirous
2190 3562 26 21 of
2227 3563 95 27 availing
2332 3563 133 22 themselves

1885 3586 24 20 of
1919 3585 54 22 such
1983 3586 131 27 advantage,
2126 3587 78 23 should
2220 3590 64 26 point
2299 3594 37 17 out
2348 3590 82 26 clearly
2440 3590 23 22 in

1884 3612 57 21 what
1951 3619 48 19 way
2015 3612 53 22 such
2087 3614 127 30 peculiarity
2226 3616 25 22 of
2263 3623 140 20 conveyance
2413 3617 18 21 is
2442 3620 23 18 to

1884 3638 26 21 be
1919 3638 109 22 rendered
2044 3640 106 22 available
2160 3641 33 21 for
2205 3641 38 23 the
2256 3650 92 20 purpose
2364 3643 26 21 of
2401 3650 65 15 acce-

1883 3664 93 27 lerating
1985 3665 38 22 the
2034 3666 103 27 despatch
2148 3668 26 21 of
2185 3669 54 21 such
2249 3676 146 20 newspapers.

1909 3691 81 22 Orders
2021 3692 34 21 for
2083 3693 182 24 advertisements
2294 3695 101 22 Teceived
2418 3696 45 22 and

1882 3718 110 26 promptly
2001 3718 98 23 inserted
2114 3720 22 22 in
2152 3721 29 22 all
2198 3721 38 23 the
2252 3722 83 26 foreign
2346 3722 45 21 and
2404 3722 61 22 colo-

1884 3744 42 21 nial
1933 3744 107 28 journals,
2053 3746 44 22 and
2112 3746 23 22 in
2151 3748 37 22 the
2204 3749 94 21 London
2315 3748 44 22 and
2368 3753 97 23 country

1883 3777 138 21 newspapers
2031 3772 44 22 and
2087 3775 134 25 magaziues.

2087 3817 54 21 Bill
2155 3818 101 22 Books.

1883 3840 69 48 ON
1966 3841 86 28 SALE,
2068 3846 23 18 at
2101 3843 41 22 this
2153 3844 72 27 office,
2236 3845 67 21 blank
2314 3845 53 21 Bill
2379 3845 84 22 Books.

1980 3868 95 23 Gazette
2111 3870 69 27 office,
2191 3871 58 21 Dec.
2257 3873 22 20 4.

1882 3911 120 50 SEEDS,
2014 3913 37 22 the
2061 3913 96 27 produce
2172 3915 25 20 of
2211 3915 37 21 the
2265 3916 90 26 Colony,
2366 3915 36 22 for
2416 3915 46 22 sale

2173 3941 79 23 Offic.

1446 398 65 19 Port
1526 398 31 20 of
1573 398 124 20 London.

1331 429 87 22 Notice
1437 436 27 14 to
1484 437 45 14 the
1550 429 93 22 Public.
1673 430 123 22 Travellers
1816 430 45 22 and

1277 456 74 22 others
1361 455 49 23 who
1420 455 54 22 send
1483 456 107 27 baggage,
1601 457 71 21 works
1682 457 26 21 of
1718 462 39 21 art,
1765 465 25 13 or
1797 457 64 21 other

1277 483 178 27 value'property
1465 485 22 19 to
1497 483 111 26 England,
1626 483 81 21 should
1721 484 90 27 consign
1823 484 37 21 the

1276 509 111 28 packages
1397 514 23 16 to
1430 509 36 21 the
1476 516 51 14 care
1533 509 26 21 of
1566 516 13 14 a
1585 509 99 22 licensed
1690 510 171 21 Custom-house

1277 539 74 24 agent,
1368 542 23 15 as
1408 535 87 22 articles
1508 543 38 14 are
1564 535 125 28 frequently
1703 537 103 27 injured,,
1816 537 46 21 and

1277 562 101 22 needless
1388 568 96 21 expense
1499 562 111 27 incurred,
1627 563 34 21 for
1676 562 38 22 the
1729 568 60 17 want
1804 565 26 20 of
1848 570 14 14 a

1277 596 80 20 proper
1366 596 79 19 person
1456 591 23 18 to
1490 589 50 21 take
1551 589 80 26 charge
1642 589 25 21 of
1682 589 61 22 them
1758 597 29 14 on
1803 590 59 22 their

1277 615 87 25 arrival,
1375 614 45 22 and
1429 622 35 14 sec
1480 615 60 21 them
1559 615 97 27 entered,
1674 617 124 26 examined,
1816 616 45 22 and

1277 641 108 27 carefully
1399 641 115 27 repacked.
1550 642 48 21 The
1618 641 79 28 charge
1714 643 17 21 is
1747 643 36 21 the
1800 650 60 15 same

1277 668 98 22 whether
1385 674 24 14 so
1420 667 120 27 consigned
1550 676 25 13 or

1328 694 169 22 Custom-house
1507 694 118 27 Chamber,
1637 695 100 27 London,

1267 716 2 38 |

1277 754 141 49 DEVOY
1428 754 43 22 and
1482 755 53 25 CO.,
1550 756 45 19 who
1609 761 37 14 are
1662 757 34 19 the
1711 757 151 20 LICENSED

1359 782 122 21 AGENTS
1491 783 26 24 of
1526 783 48 20 Her
1580 783 111 25 Majesty's
1698 784 164 19 Commissioners

1277 810 26 24 of
1317 810 98 24 Customs,
1426 810 41 19 and
1479 810 66 19 under
1555 811 64 24 heavy
1627 811 62 19 bonds
1700 811 38 23 for
1748 812 34 19 the
1792 812 70 24 safety

1277 836 27 26 of
1309 839 103 23 property
1428 838 109 24 consigned
1552 839 20 18 to
1589 839 62 23 them,
1672 838 42 26 beg
1732 838 70 21 those'
1811 838 50 21 who

1277 864 57 21 send
1343 863 108 27 packages
1461 867 22 18 to
1495 864 57 21 their
1562 871 56 20 care,
1634 868 22 17 to
1666 871 36 14 see
1714 864 46 21 that
1769 864 54 21 each
1834 865 27 20 be

1277 890 114 28 distinctly
1409 890 92 22 marked
1548 891 81 21 Devoy
1648 891 44 21 and
1712 891 45 27 Co.,
1777 891 84 21 Lower

1277 916 198 28 Thames-street,
1616 918 44 21 and
1666 918 36 21 the
1710 918 70 21 bill-of
1785 918 77 26 lading

1277 950 26 14 or
1317 944 84 27 receipt
1414 944 122 21 forwarded
1554 947 23 18 to
1597 945 59 21 them
1675 944 69 22 direct
1759 944 30 27 by
1803 949 57 23 post,

1277 969 54 22 with
1340 970 142 22 instructions
1491 971 49 21 how
1551 971 55 22 such
1616 971 68 27 goods
1695 979 36 14 are
1741 975 21 17 to
1776 972 26 21 be
1818 972 44 21 dis-

1277 996 70 26 posed
1356 998 26 20 of
1393 1004 28 15 on
1431 998 77 21 arrival
1517 1005 6 19 ;
1540 998 44 21 and
1592 1006 23 14 as
1624 1005 65 20 every
1697 998 98 27 package
1802 1001 60 18 must

1278 1024 27 21 be
1324 1023 84 27 opened
1429 1027 22 18 at
1469 1024 36 21 the
1524 1024 178 27 Custom-house,
1720 1025 21 21 if
1760 1033 44 19 any
1823 1032 38 14 are

1277 1049 87 27 locked,
1375 1050 38 21 the
1422 1050 53 27 keys
1485 1050 81 23 should
1573 1052 29 21 be
1611 1052 129 21 forwarded.

1307 1076 76 23 Goods
1393 1077 43 20 and
1446 1078 109 26 packages
1565 1085 36 14 are
1611 1078 122 21 forwarded
1742 1079 29 26 by
1781 1078 80 26 Devoy

1278 1102 46 22 and
1334 1104 37 21 Co-,
1382 1106 22 19 to
1415 1103 29 22 all
1457 1108 59 22 parts
1531 1104 26 21 of
1569 1105 37 21 the
1623 1105 126 27 Continent,
1761 1104 36 22 the
1808 1106 54 20 East

1277 1130 47 21 and
1334 1130 61 21 West
1404 1130 80 26 Indies,
1494 1130 109 28 Colonies,
1615 1132 39 21 &c.
1665 1132 41 21 &c.
1715 1139 5 19 ;
1733 1132 49 26 and,
1794 1132 20 21 if
1827 1139 34 14 re-

1278 1156 84 28 quired,
1375 1161 50 17 sent
1438 1160 22 18 to
1470 1157 36 22 the
1519 1163 50 16 care
1585 1159 26 20 of
1622 1158 134 27 responsible
1772 1158 88 27 houses,

1277 1182 51 22 who
1343 1183 44 22 will
1403 1191 35 14 see
1455 1183 37 22 the
1507 1184 145 22 instructions
1667 1189 50 17 sent
1731 1184 52 22 with
1800 1185 60 22 them

1278 1210 131 26 punctually
1419 1210 103 21 attended
1534 1214 30 18 to.

1305 1236 40 22 All
1354 1237 69 27 goods
1432 1237 45 21 and
1486 1238 109 26 packages
1604 1237 35 22 for
1648 1237 110 27 shipment
1765 1241 60 18 must
1833 1239 29 20 be

1278 1264 159 26 accompanied
1447 1264 30 26 by
1493 1264 85 21 written
1594 1264 149 27 instructions,
1755 1265 52 21 with
1823 1265 38 21 the

1279 1297 66 14 name
1354 1290 45 21 and
1408 1290 88 22 address
1506 1292 27 20 of
1545 1290 37 22 the
1592 1291 82 27 parties
1682 1291 30 27 by
1722 1292 70 21 whom
1808 1292 54 26 they

1278 1323 38 14 are
1329 1320 56 24 sent,
1402 1317 44 21 and
1461 1317 38 22 the
1512 1321 104 18 contents
1629 1317 43 22 and
1689 1318 63 21 value
1769 1319 26 20 of
1807 1320 55 20 each

1278 1343 98 27 package
1387 1344 77 21 stated.
1493 1344 47 21 The
1556 1344 55 27 duty
1621 1345 108 21 outwards
1743 1346 18 20 is
1772 1347 41 20 10*.
1822 1353 40 19 per

1277 1370 63 21 aloo
1355 1370 72 21 value.
1463 1370 46 22 The
1526 1375 47 17 rate
1590 1371 26 22 of
1629 1372 116 21 insunince
1762 1372 100 27 depends

1277 1404 62 19 upon
1349 1397 179 22 circumstances.
1558 1398 43 21 For
1618 1398 85 21 further
1717 1398 143 22 information

1278 1423 67 27 apply
1369 1427 23 18 to
1416 1424 42 21 Mr.
1479 1424 92 22 Samuel
1598 1425 99 27 Revans,
1718 1425 142 27 Wellington,

1279 1450 54 21 Port
1342 1450 128 22 Nicholson.
1686 1454 2 13 '

1488 1495 162 21 Education.

1280 1528 107 47 MRS.
1408 1527 43 22 and
1470 1528 70 21 MISS
1565 1528 187 23 WAKEFIELD
1775 1530 87 21 receive

1369 1554 72 27 pupils
1451 1562 28 13 on
1491 1554 36 22 the
1537 1555 114 27 following
1660 1559 78 18 terms:

1305 1587 44 22 For
1368 1588 74 27 board,
1462 1589 51 21 with
1533 1589 101 26 washing
1648 1589 44 22 and
1705 1591 35 20 in-

1333 1615 106 21 struction
1444 1616 22 20 in
1471 1616 92 25 general
1570 1616 90 27 English
1667 1616 73 22 litera-

1333 1645 55 24 ture,
1406 1642 91 27 writing,
1512 1642 45 22 and
1570 1643 115 26 aritmetic,
1702 1651 39 20 per

1334 1672 89 23 quarter
1741 1673 13 19 8
1781 1673 13 19 8
1822 1674 13 19 0

1306 1695 77 21 Under
1392 1697 12 19 7
1415 1702 62 19 years
1488 1695 24 22 of
1523 1703 43 20 age
1718 1699 36 20 :.7
1781 1699 14 21 7
1822 1701 13 18 0

1306 1721 51 28 Day
1367 1722 102 21 boarders
1740 1726 15 20 4
1780 1727 16 19 4
1822 1727 13 19 0
1863 1727 2 7 '

1307 1749 50 26 Day
1367 1749 71 26 pupils
1741 1753 13 19 2
1780 1753 14 19 2
1822 1754 12 19 0

1306 1775 80 22 Junior
1395 1775 55 21 ditto
1743 1779 8 19 1
1769 1779 23 20 11
1822 1781 12 19 6

1279 1802 94 27 French,
1390 1801 86 28 Italian,
1492 1803 44 21 and
1552 1803 111 26 Drawing,
1675 1804 32 21 1
1724 1805 42 21 11s;
1777 1805 35 21 6d.
1823 1813 39 20 per

1520 1834 96 23 quarter.

1305 1855 89 22 Private
1404 1855 82 21 lessons
1496 1856 22 21 in
1531 1857 76 26 music,
1620 1864 24 14 or
1654 1864 45 20 any
1709 1858 25 21 of
1744 1858 37 22 the
1791 1859 69 21 above

1278 1882 109 22 branches
1397 1882 26 21 of
1434 1882 124 27 education,
1574 1891 43 13 one
1632 1883 74 23 hour's
1721 1885 139 27 instruction,

1279 1909 50 21 four
1338 1909 83 21 lessons
1439 1910 34 20 for
1483 1916 41 15 one
1535 1910 88 27 guinea.

1305 1942 134 22 References
1449 1946 21 17 to
1481 1942 36 21 the
1526 1943 115 27 following
1646 1944 126 26 gentlemen
1784 1945 77 27 kindly

1279 1968 118 28 permitted
1405 1977 5 12 :

1306 2001 62 27 Capt.
1380 2000 33 21 W.
1425 2000 31 22 M.
1468 2000 77 28 Smith,
1559 2002 66 26 R.A.,
1635 2002 225 27 Surveyor-General.

1305 2027 26 21 T.
1346 2028 27 20 M.
1387 2027 119 27 Partridge,
1519 2028 53 26 Esq.

1306 2054 22 20 S.
1340 2054 95 24 llevans,
1446 2054 51 26 Esq.

1372 2099 91 20 Union
1476 2099 79 20 Bank
1571 2099 29 21 of
1617 2100 146 21 Australia.

1281 2133 92 22 London
1392 2133 90 25 Office,
1499 2132 43 21 No.
1557 2134 35 24 3S,
1611 2132 49 22 Old
1677 2133 182 24 Broad-street.

1333 2166 92 27 Capital,
1435 2166 120 27 .800,000;
1576 2165 52 28 paid
1637 2174 36 20 up,
1689 2168 116 26 500,000.

1509 2203 120 13 mjiEcroS-

1384 2228 67 19 George
1458 2227 38 16 Fife
1503 2228 67 19 Angas,
1577 2228 49 21 Esq.,

1384 2249 65 16 Robert
1456 2249 74 18 Brooks,
1540 2249 48 19 Esq.,

1383 2270 59 16 James
1450 2269 48 16 John
1505 2269 99 20 Cummins,
1613 2269 47 20 Esq.,

1383 2290 66 17 Robert
1456 2290 95 19 Gardener,
1564 2290 47 20 Esq.,
1623 2291 120 20 Manchester,

1382 2311 48 16 John
1438 2311 44 15 Gore
1501 2311 45 19 Esq.,

1382 2332 48 16 John
1437 2331 77 17 William
1522 2332 75 17 Buckle,
1603 2332 48 20 Esq.,

1382 2353 93 19 Benjamin
1484 2353 20 16 E.
1510 2353 64 18 Lindo,
1583 2353 47 19 Esq.,

1383 2373 71 16 Charles
1463 2374 74 15 Edward
1544 2374 88 19 Mangles,
1641 2374 47 20 Esq.,

1383 2394 113 20 Christopher
1503 2394 82 19 Rawsoi),
1595 2395 47 19 Esq.,
1654 2395 80 20 Halifax,

1382 2415 77 16 Thomas
1467 2415 64 18 Sands,
1538 2416 47 19 Esq.,
1594 2416 99 19 Liverpool,

1382 2436 60 16 James
1449 2436 55 20 Bogle
1511 2436 65 18 Smith,
1582 2436 49 20 Esq.,

1381 2456 61 17 James
1449 2456 79 16 lluddell
1535 2456 55 19 Todit,
1599 2457 42 19 Esq.

1277 2478 95 16 Trustees:
1388 2477 79 15 Gboiige
1479 2477 56 15 Caur.
1545 2477 61 18 Glyn,
1619 2477 47 20 Esq.,
1677 2478 51 16 John
1741 2479 60 20 Gorjc,
1811 2480 48 20 Eiq.,

1423 2498 35 15 and
1464 2498 66 15 James
1538 2498 16 16 J.
1562 2498 99 19 Cummins,
1670 2499 44 20 Esq.

1304 2526 91 16 Bankers:
1408 2525 73 16 Messrs.
1488 2525 59 19 Glyh,
1560 2526 113 19 Hallii'ax,
1681 2527 69 19 Mills,
1758 2529 36 15 and
1802 2529 30 16 Co.

1396 2546 100 19 Secretary.
1507 2546 83 16 Samuhi,
1597 2546 92 20 Jackson,
1698 2548 41 19 iiaq.

1368 2566 78 17 Colonial
1453 2567 101 20 Inspector:
1568 2567 16 16 J.
1592 2567 19 16 C.
1618 2567 102 21 M'Labxn,
1727 2569 42 20 Esq.

1399 2614 66 20 New
1483 2614 123 21 Zealand
1624 2615 113 22 Branch.

1277 2648 54 16 Local
1338 2649 90 15 Directors
1433 2652 4 11 :
1453 2647 46 17 Geo.
1510 2648 17 16 S.
1539 2648 72 18 Evans,
1624 2648 48 21 Esq.,
1683 2649 69 21 D.C.L.,
1764 2652 36 15 and
1812 2652 47 15 Gko.

1495 2669 90 19 Hunteji,
1599 2670 42 19 Ebq.
1695 2668 2 14 I

1278 2697 94 20 Manager:
1384 2696 47 17 John
1439 2696 70 20 Smith,
1517 2697 50 20 Esq.,
1575 2697 36 16 late
1618 2697 20 16 of
1646 2697 30 16 the
1684 2698 115 17 Commercial
1806 2699 52 16 Bank

1443 2718 19 15 of
1470 2717 89 20 England,
1572 2718 120 17 Manchester.

1385 2744 113 22 Branches
1507 2748 24 19 at
1546 2745 97 27 Sydney,

1546 2772 10 21 1
1562 2773 72 20 lobart
1643 2773 75 27 Town,

1547 2798 9 22 ]
1566 2804 129 22 .aunceston,
1707 2800 44 22 and

1547 2826 11 21 1
1568 2830 33 17 ort
1611 2826 80 28 Philip.

1279 2852 52 21 Port
1340 2851 128 28 Nicholson,
1480 2852 79 21 March
1570 2854 33 25 24,
1615 2854 60 21 1840.

1278 2905 90 34 npHE
1385 2904 113 23 Directors
1513 2905 27 22 of
1555 2906 39 21 the
1610 2906 55 21 New
1682 2907 98 22 Zealand
1795 2908 64 21 Land

1268 2927 46 26 '"X
1352 2932 113 27 Company
1479 2932 78 28 hereb}
1579 2933 51 27 give
1646 2934 80 26 notice,
1744 2934 47 22 that
1806 2935 52 26 they

1277 2958 56 21 have
1341 2966 110 14 effected
1461 2966 28 13 an
1502 2966 169 21 arrangement
1680 2961 51 20 with
1739 2962 36 21 the
1783 2961 74 22 Union

1277 2985 64 21 Bank
1355 2985 25 21 of
1396 2985 117 27 Australia,
1531 2986 44 21 No.
1592 2988 33 24 38,
1641 2986 43 22 Old
1700 2987 157 27 Broad-street,

1277 3011 100 27 London,
1388 3011 34 22 for
1432 3012 35 21 the
1480 3012 168 22 establishment
1661 3014 27 20 of
1700 3021 14 14 a
1729 3014 129 22 BRANCH

1277 3038 88 21 BANK
1378 3038 35 21 IN
1427 3038 71 21 NEW
1511 3039 158 27 ZEALAND,
1683 3040 94 28 through
1787 3041 72 22 which

1277 3065 37 21 the
1324 3065 99 21 business
1436 3065 25 21 of
1473 3065 37 22 the
1527 3066 58 21 New
1601 3065 99 22 Zealand
1714 3066 64 23 Land
1794 3068 65 21 Com-

1277 3098 59 20 pany
1345 3091 44 22 will
1397 3091 28 21 be
1435 3092 133 21 transacted.
1596 3092 48 21 The
1658 3093 112 22 Directors
1787 3094 72 22 there-

1276 3118 47 21 fore
1332 3118 142 21 recommend
1483 3121 23 18 to
1522 3118 112 22 Colonists
1649 3118 37 22 the
1705 3120 73 21 Union
1794 3120 65 23 Bank

1277 3145 25 20 of
1450 3152 23 13 as
1491 3152 28 14 an
1545 3145 169 22 establishment
1734 3148 125 26 possessing

1277 3171 56 21 their
1349 3171 69 21 entire
1441 3171 135 27 confidence,
1597 3172 45 21 and
1660 3172 49 22 able
1728 3176 21 19 to
1766 3174 93 26 provide

1276 3197 125 27 effectually
1416 3197 34 21 for
1465 3197 38 22 the
1516 3198 106 21 financial
1637 3202 69 18 wants
1722 3200 26 21 of
1759 3200 36 21 the
1811 3201 48 22 first

1275 3224 134 23 settlement.

1441 3250 34 27 By
1486 3250 64 22 order
1559 3251 28 21 of
1596 3251 38 21 the
1644 3251 79 28 Board,

1517 3284 85 21 JOHN
1618 3284 102 28 WARD,
1736 3287 121 27 Secretary.

1277 3311 54 21 New
1341 3309 99 23 Zealand
1449 3310 64 23 Land
1522 3310 136 33 Company's
1667 3312 77 27 Office,

1303 3339 20 22 1,
1333 3337 158 26 Adam-street,
1503 3337 105 27 Adelphi,
1618 3338 51 21 27th
1679 3339 59 25 Aug.
1757 3340 60 21 1839.

1279 3381 90 49 THE
1391 3381 78 20 Nelson
1491 3383 118 19 Examiner
1631 3383 42 19 and
1694 3384 51 20 New
1767 3385 93 20 Zealand

1352 3408 106 20 Chronicle
1473 3408 126 27 (published
1609 3411 23 19 at
1641 3409 100 28 Nelson,)
1757 3411 23 21 is'
1793 3418 65 20 regu-

1276 3435 56 27 larly
1351 3435 137 21 transmitted
1505 3439 21 17 to
1543 3435 143 27 Wellington,
1707 3437 43 22 and
1764 3445 52 20 may
1831 3439 26 20 be

1277 3462 40 21 had
1330 3465 22 17 at
1361 3461 37 21 the
1409 3461 61 21 office
1481 3461 25 21 of
1516 3461 44 21 this
1570 3468 74 21 paper.

1301 3487 49 23 The
1359 3489 78 19 Nelson
1446 3489 115 19 Examiner
1577 3487 45 22 will
1631 3488 27 22 be
1667 3488 69 22 found
1746 3496 28 16 an
1785 3489 73 23 excel-

1275 3515 48 21 lent
1330 3515 98 21 medium
1438 3515 34 21 for
1482 3515 138 21 advertisers.

1301 3541 77 22 Terms
1389 3541 34 21 for
1433 3541 35 21 the
1478 3548 73 20 paper,
1563 3545 37 17 ten
1609 3540 99 27 shillings
1722 3548 38 21 per
1769 3546 89 24 quarter

1275 3567 93 28 payable
1376 3568 24 20 in
1411 3567 104 21 advance.

1302 3594 81 22 Orders
1406 3594 34 21 for
1459 3594 37 20 the
1517 3600 69 21 paper
1609 3593 44 21 and
1675 3593 63 23 advei
1745 3595 111 21 tisements

1275 3620 102 23 received
1387 3623 22 18 at
1419 3620 36 22 the
1465 3620 71 22 Office
1547 3621 26 20 of
1585 3620 44 21 this
1637 3626 75 20 paper.

1508 3663 109 21 Notice.

1275 3698 91 31 rpHE
1376 3696 229 22 UNDERSIGNED
1615 3696 82 26 having
1705 3703 13 14 a
1726 3696 59 28 large
1793 3697 62 22 stock

1282 3718 29 29 X
1336 3724 25 21 of
1372 3723 113 22 fire-wood
1497 3730 28 14 on
1543 3722 68 27 hand,
1622 3722 72 21 would
1708 3723 26 21 be
1750 3724 73 27 happy
1834 3728 21 17 to

1275 3750 78 28 supply
1362 3750 81 28 parties
1460 3749 52 22 with
1529 3756 46 20 any
1583 3748 101 28 quantity
1712 3749 57 22 from
1783 3753 38 18 ten
1833 3754 22 17 to

1274 3777 43 22 five
1333 3776 102 23 hundred
1451 3776 75 21 loads:
1543 3775 45 22 also
1603 3782 66 20 spars,
1685 3775 68 27 poles,
1769 3776 84 26 rafters,

1274 3804 45 21 and
1329 3804 67 21 knees
1411 3802 33 22 for
1460 3801 168 29 ship-building,
1639 3805 23 17 to
1677 3802 28 21 be
1720 3802 65 21 taken
1797 3803 57 21 from

1274 3829 231 23 Wordsworth-street.
1544 3828 64 23 Price
1628 3831 22 18 to
1668 3828 28 21 be
1720 3828 79 27 agreed
1818 3837 34 18 on,

1274 3864 59 21 upon
1344 3856 131 29 application
1486 3859 22 18 to

1569 3882 81 21 Baker
1662 3881 109 27 Polhill,

1628 3915 35 22 At
1673 3914 46 22 Dr.
1729 3914 122 23 Butler's.

1274 3943 143 27 Wellington,
1428 3941 63 28 April
1500 3943 32 26 14,
1544 3943 60 21 1842.
