3520 4510
75 165 69 34 ned;
157 165 62 29 and
264 166 91 30 brute
369 167 85 30 force
495 168 55 30 lias
565 171 44 37 by

75 215 40 19 no
130 217 106 20 means
247 207 78 30 been
334 207 163 32 discarded
510 209 33 30 m
557 210 54 30 the

75 246 177 31 settlement
267 248 33 30 of
313 248 87 30 labor
415 249 145 39 disputes.
583 250 28 29 A

73 287 86 29 voice
174 288 34 29 of
228 289 94 29 frank
347 289 218 30 denunciation
580 292 34 27 of

74 328 91 28 brute
179 328 96 38 force,
293 330 61 28 and
377 330 123 39 coming
528 332 81 27 from

73 368 52 29 the
141 368 110 29 official
265 369 80 29 head
358 370 50 28 for
423 370 52 29 the
489 370 75 29 time
579 372 35 27 of

74 409 53 29 the
146 413 176 26 movement
350 410 32 29 of
403 411 103 29 which
539 422 70 19 men

73 448 63 30 like
150 448 52 30 Mr
216 449 129 40 Harvey
362 451 63 28 and
452 451 53 28 Mr
527 450 81 30 John

72 488 103 30 Burns
190 490 62 29 and
280 490 50 29 Mr
346 490 76 30 Tom
437 490 96 30 Mann
558 502 52 19 are

73 530 53 29 the
142 530 153 39 directing
310 530 106 40 spirits
431 532 25 28 it
471 532 25 29 is
506 532 42 29 all
557 532 53 29 the

73 580 84 20 more
172 570 154 33 welcome.
371 571 49 29 Mr
429 572 122 29 Delve's
564 582 45 19 as-

73 610 152 38 pirations
240 622 52 19 are
306 612 42 29 all
362 612 48 29 for
424 612 54 29 the
492 612 119 38 raising

75 652 60 28 and
146 652 177 38 lightening
334 652 60 29 and
405 652 162 39 purifying
578 652 33 28 of

73 692 54 29 the
156 692 170 31 conditions
362 693 32 29 of
421 693 96 29 labor.
560 692 50 29 He

74 733 89 30 looks
177 735 138 28 forward
329 739 32 24 to
387 744 18 18 a
433 734 62 38 day
520 733 88 30 when

33 798 14 4 _
168 774 51 29 old
235 784 125 28 weapon
377 773 32 28 of
436 774 52 29 the
514 773 95 30 strike

75 813 64 29 will
153 815 124 28 become
292 814 61 29 like
379 814 54 29 the
447 813 162 30 discarded

75 854 139 28 flintlock
228 854 32 29 of
289 864 17 19 a
334 858 72 34 past
558 854 51 29 He

74 894 89 37 longs
174 894 49 28 for
237 904 17 18 a
270 895 73 28 time
353 895 85 28 when
457 895 51 28 the
517 895 92 28 inter-

74 934 138 29 national
447 935 32 28 of
493 935 113 29 libor''

72 974 61 28 will
165 975 88 28 make
280 975 220 29 international
530 986 77 18 wars

73 1014 187 40 impossible;
278 1015 97 37 when,
403 1016 138 38 through
555 1015 53 28 the

73 1055 225 39 emancipation
311 1056 32 29 of
351 1065 128 27 woman,
491 1065 114 19 women

73 1095 134 29 workers
219 1096 63 29 will
293 1097 123 28 become
426 1095 88 39 equal
526 1106 80 18 com-

73 1136 89 29 rades
177 1136 76 29 with
269 1136 79 29 their
362 1136 145 29 brethren
523 1136 30 28 m
565 1135 41 28 ail

76 1176 67 29 that
170 1177 27 29 is
212 1177 104 38 fitting
330 1177 48 28 for
400 1176 52 29 the
482 1186 61 19 sex.
560 1186 45 19 re-

75 1217 122 36 ceiving
226 1217 91 38 equal
343 1227 62 28 pay
433 1217 49 28 for
517 1216 89 38 equal

203 1257 89 29 when
338 1256 135 29 markets
490 1256 61 29 will
567 1266 39 19 no

73 1297 109 38 longer
195 1298 68 29 rule
277 1308 78 24 men,
371 1298 57 27 but
442 1307 70 18 men
527 1307 78 18 mar-

207 1337 61 29 and
296 1338 90 28 when
422 1337 183 38 production

75 1379 57 28 and
163 1378 213 39 consumption
416 1388 51 19 are
506 1376 101 40 nicely

74 1419 156 36 balanced,
245 1419 61 29 and
322 1419 73 29 each
408 1429 70 19 man
488 1419 62 29 will
560 1429 46 18 re-

74 1460 84 29 ceive
181 1470 19 19 a
221 1460 60 29 fair
310 1460 83 38 day's
419 1468 86 29 wage
525 1459 50 28 for
590 1468 18 19 a

73 1499 57 29 fair
140 1500 86 39 day's
233 1500 88 30 work
329 1500 31 29 m
371 1509 18 19 a
399 1499 95 30 world
504 1499 103 29 where

71 1549 79 21 none
161 1551 51 19 are
224 1541 205 38 unemployed
440 1540 61 30 and
526 1549 80 20 none

74 1581 118 39 unduly
206 1582 76 28 rich.
306 1582 98 28 These
415 1581 107 39 things
537 1591 72 28 may

73 1621 38 28 be
126 1622 236 37 impracticable,
393 1622 54 27 but
468 1626 34 24 at
531 1621 78 28 least

73 1661 75 39 they
162 1671 62 25 are,
254 1671 35 19 or
303 1664 81 26 most
399 1661 32 29 of
445 1661 86 29 them
546 1671 61 24 are,

75 1701 104 39 things
195 1704 33 28 to
243 1701 38 30 be
297 1702 120 29 desired
426 1701 59 30 and
497 1701 110 30 strain-

74 1742 34 28 ed
132 1743 91 28 after.

324 1796 197 30 Liberator.

141 2004 70 23 THE
227 2004 148 23 WEEKLY
395 2005 139 22 LETTER.

307 2091 137 30 Longdale,
456 2091 58 25 Feb.
529 2093 31 23 19
573 2092 27 24 th

110 2142 52 22 The
176 2145 5 11 <
190 2142 80 23 leader
277 2143 6 9 '
295 2142 38 24 for
354 2143 60 23 Feb.
428 2142 60 24 lGth
501 2143 47 23 has
561 2143 49 23 this

77 2178 165 32 paragraph,-
298 2179 77 31 Apart
403 2180 61 23 from
497 2180 113 31 conjugal

76 2217 139 29 Prudence,.
224 2218 72 26 Land
308 2218 209 26 Nationalisation
530 2220 80 24 would

76 2257 108 31 speedily
196 2258 99 24 become
307 2266 15 16 a
339 2262 96 28 greater
448 2267 69 17 curse
530 2262 26 22 to
568 2260 42 28 the

76 2296 87 29 people
176 2296 61 23 than
248 2296 98 24 Private
365 2297 151 31 Ownership.
547 2298 63 24 Con-

76 2333 66 30 jugal
155 2333 127 24 Prudence
291 2334 21 23 is
322 2334 36 23 far
370 2343 68 15 more
447 2343 129 21 necessary
585 2338 25 21 to

76 2370 43 24 the
132 2370 94 24 welfare
239 2372 49 22 and
309 2379 113 23 progress
434 2372 26 24 of
479 2372 131 31 humanity

76 2408 62 24 than
150 2408 219 29 Nationalisation,
389 2410 182 31 Co-operation,
584 2418 26 16 or

77 2446 148 31 aught-else.
249 2446 72 25 Until
330 2446 43 25 the
385 2447 104 24 workers
501 2447 56 25 take
570 2448 40 24 the

77 2483 50 24 size
139 2483 27 24 of
176 2483 63 24 their
252 2484 106 24 families
370 2484 78 24 under
473 2485 62 24 thek
555 2494 55 16 own

77 2521 102 29 control,
192 2529 34 16 no
238 2521 95 30 reform,
352 2530 27 16 or
402 2530 48 23 any
462 2523 104 24 number
585 2525 25 23 of

76 2559 104 25 reforms
189 2559 51 25 will
251 2561 31 23 be
294 2559 27 25 of
328 2567 47 24 any
384 2563 146 28 permanent
538 2561 71 25 bene-

76 2597 30 23 fit
118 2599 25 21 to
157 2597 43 24 the
212 2598 93 23 human
312 2596 92 26 race."'
425 2598 53 24 The
490 2599 120 31 thoughts

76 2636 80 23 which
175 2636 51 24 this
238 2637 139 30 paragraph
399 2638 89 24 should
511 2641 99 28 suggest

76 2683 41 15 are
124 2676 101 30 -worthy
237 2676 27 24 of
284 2677 91 24 careful
387 2678 188 25 consideration.

109 2715 35 24 To
157 2723 14 16 a
183 2723 58 23 very
254 2716 68 31 large
332 2717 147 30 extent_the
489 2718 63 27 weal,
561 2719 48 23 and

74 2761 50 17 woe
137 2754 26 24 of
173 2763 14 16 a
198 2763 60 16 man
272 2755 108 31 depends
392 2764 33 16 on
435 2756 46 24 self
484 2758 125 24 -restraint

74 2792 49 24 and
147 2793 147 29 self-denial;
325 2794 50 23 and
398 2794 59 28 this,
488 2795 26 24 m
539 2803 70 24 every

72 2831 86 29 phase,
185 2831 22 23 is
210 2840 2 5 1
219 2839 46 16 one
277 2833 37 22 -of
326 2831 46 24 the-
379 2832 55 24 best
462 2833 112 31 training
596 2842 13 14 a

74 2877 59 19 man
142 2878 46 15 can
199 2870 63 24 have
273 2871 102 24 towards
388 2872 114 23 ultimate
514 2880 95 17 success

71 2903 60 28 .arid'"
134 2908 112 24 comfort.
283 2908 53 24 One
348 2916 60 16 man
425 2909 47 24 has
484 2917 15 16 a
511 2910 98 32 shilling

72 2949 27 21 to
111 2955 77 22 spare.
218 2949 39 23 He
269 2947 85 25 thinks
366 2949 21 23 it
398 2948 22 24 is
433 2956 15 17 a
464 2950 38 23 too
515 2950 94 30 trifling

71 2986 104 22 amount
187 2986 25 22 to
225 2993 37 15 sa'
269 2993 22 19 e,
315 2986 51 25 and
387 2985 73 25 sohe
477 2986 91 31 spends
574 2987 33 23 it.

203 3022 61 25 with
284 3022 44 25 the
341 3031 68 16 same
424 3025 106 23 amount
539 3031 68 22 prae>

71 3062 59 24 tices
143 3062 141 24 self-denial
302 3062 117 38 ajjd^es
441 3062 41 26 his
505 3062 107 38 shilling

71 3110 28 16 as
102 3105 3 6 :
104 3100 157 32 -c&pital;aud
278 3106 65 21 'Stan
355 3102 257 35 beeoinps.pps^essed,

71 3133 98 35 oCtwo,:
267 3142 44 37 he
317 3149 65 21 ,man
389 3142 94 37 ,l^p..jej
488 3134 124 47 prepared^

71 3183 25 22 to
105 3181 62 33 deny
175 3182 104 25 himself
288 3184 26 23 m
319 3184 80 28 .small
411 3184 115 28 niattecsf
533 3182 20 25 is
566 3182 46 38 tbj2[

71 3219 60 26 mail
147 3222 56 27 v/lip
221 3219 133 42 wil^soou
370 3221 103 41 become
479 3224 133 38 .jindqppijv-j

71 3260 66 41 den|;,
151 3268 27 15 as
191 3261 55 26 that
258 3260 65 36 jvyrcj.
335 3263 22 22 is
370 3270 30 23 ap
396 3285 5 14 f
401 3264 75 35 pljed.,
488 3285 5 8 ,
512 3266 100 34 g^vwi-ji

71 3294 219 45 physi^lj/ii^ral,
304 3308 32 17 an
338 3292 223 50 J^ec^mary^.J^
567 3304 45 38 thej

72 3334 96 34 capital
188 3339 54 24 that
265 3332 242 42 produce'sj'Wealth.

72 3375 85 24 Haves
177 3375 62 24 have
257 3376 62 24 been
336 3375 123 30 procTuced
465 3377 4 4 '
477 3377 32 28 by
526 3379 80 26 thrift,

73 3415 95 28 saving,
181 3414 265 30 and'the'liave-jiots,
460 3415 65 25 have
548 3417 64 24 beerb

72 3452 174 39 pVoduced^by
265 3450 69 27 their
338 3474 7 18 ?
345 3458 55 21 owtt
421 3438 191 51 thrMessnes^

215 3485 49 47 pit
269 3483 14 20 L
290 3493 22 24 is
331 3489 4 7 '
341 3490 32 28 n6
378 3487 65 43 'ypae
462 3495 146 32 inyeigbiiig

72 3530 98 30 against
191 3532 43 23 the
249 3531 109 32 'wealthy
370 3521 115 47 'classes^'

72 3575 47 16 one
136 3575 60 16 man
202 3566 10 16 7
207 3567 62 29 -w.lio
276 3568 6 14 l
285 3565 116 41 n|:^i(ifi
427 3570 32 31 by
482 3560 130 36 dishonest'

72 3613 94 22 means,
176 3607 5 7 '
189 3609 43 22 ten
256 3604 68 27 'men-
335 3606 53 25 \i<e
402 3606 79 32 '^ob'r.
486 3599 126 42 jiirotigb'

72 3642 183 26 thriftles*ne'spl
261 3647 53 15 -''-'^
318 3636 30 27 '-
382 3650 75 18 '.;
462 3645 31 19 :t
493 3641 6 11 :
514 3644 51 24 .'";:
586 3635 26 29 3(1

89 3686 12 14 :
106 3679 92 28 Wviste;
206 3681 58 23 'and'
271 3681 98 30 tiieglecfc
378 3681 29 25 o
412 3685 100 28 present
520 3685 91 29 oppoi*-
605 3683 6 12 :

73 3716 156 25 tufiities-are
242 3726 85 16 causes
334 3713 110 30 .oJL&ome
447 3720 164 25 j)blwant

72 3753 27 24 of
109 3761 98 17 success
218 3754 30 24 of.
259 3763 73 22 many,

105 3792 79 30 Many
202 3800 14 16 a
237 3793 92 24 farmer
343 3794 86 24 thinks
440 3795 21 24 it
472 3797 45 23 not
529 3797 78 23 worth

71 3831 73 24 while
154 3834 25 21 to
192 3824 58 43 jtake
262 3840 56 17 care
331 3834 26 23 of
367 3834 40 23 the
430 3834 65 25 little
515 3835 49 25 lots
584 3836 27 24 of

70 3878 69 22 grass
153 3870 66 28 seed,
233 3871 51 22 and
296 3871 42 24 the
351 3872 75 24 small
438 3874 133 28 quantities
583 3873 28 23 of

70 3917 67 21 corn,
167 3918 13 15 o
179 3909 4 9 !
182 3909 11 24 f
208 3910 106 30 perhaps
343 3911 137 24 somewhat
506 3912 103 25 inferior

70 3947 109 32 quality,'
190 3947 47 25 and
249 3956 26 16 so
294 3948 21 24 it
327 3948 21 24 is
365 3946 99 26 thrown
482 3957 76 23 away,
582 3958 27 16 or

71 3987 46 28 put
134 3987 26 21 to
190 3993 31 15 an
252 3985 163 30 fitaprofitable
438 3994 51 15 use.
525 3987 82 30 Many,

71 4030 61 17 even
146 4022 73 24 small
240 4022 102 24 farmers
366 4030 48 17 arc-
419 4025 44 22 not
485 4024 72 23 made
580 4031 29 16 as

71 4060 143 30 productive
233 4069 27 16 as
290 4062 58 30 they
372 4061 81 31 might
473 4062 37 26 be.
545 4062 64 23 How

71 4105 76 23 many
158 4107 70 16 ucres
242 4107 40 16 are
294 4099 71 24 there
378 4101 67 22 often
467 4099 77 25 about
567 4099 43 24 the

71 4135 143 26 homestead
227 4138 55 24 that
294 4146 41 16 are
351 4138 143 30 practically
508 4137 101 28 unused,

73 4175 49 24 and
132 4179 42 27 yet
185 4179 54 21 cost
251 4184 14 16 a
277 4176 168 25 considerable
469 4177 105 23 amount
586 4175 27 25 of

73 4222 97 23 money.
217 4215 67 31 Why
313 4216 90 23 should
431 4217 106 21 farmers
560 4215 51 29 buy

73 4252 66 23 their
151 4254 98 22 mutton
275 4253 64 22 from
357 4252 42 24 the
423 4252 110 28 butcher,
546 4251 66 23 their

73 4288 73 25 bread
159 4289 64 24 from
238 4289 42 24 the
296 4288 84 28 baker,
405 4289 50 24 and
467 4288 65 24 their
551 4288 62 30 pork

75 4330 64 23 from
152 4329 43 23 the
206 4328 169 28 baonenrer,
399 4328 74 24 when
494 4327 35 24 all
541 4327 71 24 could

76 4367 31 23 be
118 4367 123 30 produced
254 4375 27 16 so
294 4367 76 23 much
382 4374 66 16 more
471 4365 101 30 cheaply
582 4372 32 16 on

77 4405 43 24 the
131 4405 64 24 farm
205 4404 12 25 1
246 4406 27 23 Is
284 4405 20 24 it
316 4405 105 24 because
433 4404 26 24 of
469 4403 147 30 thriftyness

79 4452 28 17 or
119 4444 27 25 of
155 4445 194 24 tnriftlessness?
391 4442 128 31 Certainly
542 4441 74 25 times

638 187 42 18 are
691 180 49 25 bad
752 180 37 25 for
801 180 41 24 the
854 178 97 30 farmer,
971 180 46 25 but
1039 182 31 23 he
1093 181 83 31 might

638 220 79 24 better
723 220 39 23 his
772 219 124 24 condition
905 218 31 30 by
944 227 15 16 a
967 219 65 26 little
1039 228 69 17 more
1117 228 57 24 pru-

638 256 77 25 dence
726 257 50 24 and
788 255 170 31 adaptability.
993 257 65 25 How
1066 259 44 24 few
1118 265 57 18 can-

638 298 44 22 not
694 297 73 24 make
776 295 64 25 their
852 303 55 16 own
919 295 57 24 field
987 298 78 29 gates,
1079 305 28 16 or
1115 305 60 17 even

638 334 81 30 repair
736 335 76 27 them,
826 340 27 16 or
869 334 46 29 put
943 340 39 23 up.
989 341 15 15 a
1028 334 98 31 pigstye
1149 342 27 16 or

638 370 143 29 fowlhouse,
793 370 46 24 but
857 373 68 20 must
936 370 49 24 call
997 378 14 16 a
1034 373 140 28 carpenter!

640 409 63 23 How
714 416 76 23 many
799 407 85 29 things
896 415 42 16 are
955 410 55 22 sent
1019 408 35 24 off
1061 410 42 22 the
1114 409 62 23 farm

638 448 26 23 to
675 446 30 25 be
714 448 71 23 made
794 454 27 17 or
826 446 122 31 repaired;
960 448 49 23 and
1018 449 25 22 at
1052 449 71 29 great
1132 455 42 17 ex-

638 492 82 22 pense,
734 484 82 24 which
826 483 82 31 might
927 484 30 23 be
969 484 64 24 done
1045 486 27 22 at
1091 485 83 29 home,

638 521 91 31 during
739 521 44 25 the
795 521 69 24 slack
875 521 68 28 time,
957 521 50 23 and
1019 521 103 25 without
1133 530 40 16 ex-

638 568 84 23 pense,
746 560 33 31 by
801 560 42 24 the
861 559 152 31 application
1030 560 27 24 of
1072 568 15 16 a
1109 561 66 24 little

638 605 188 17 commonsens3
846 597 51 23 and
914 597 136 32 ingenuity.

638 645 46 15 can
693 638 112 29 paternal
814 638 174 29 governments
1006 638 168 30 co-operation

637 675 59 24 land
707 675 212 29 nationalisation,
932 683 28 16 or
984 676 123 31 anything
1126 677 48 23 else

638 713 31 25 do
689 713 39 25 for
748 713 44 26 the
815 713 100 24 welfare
936 713 27 24 of
978 721 13 16 a
1009 713 90 25 farmer
1118 713 56 25 wbo

638 752 86 23 allows
736 751 79 30 costly
826 751 145 29 machinery
983 751 62 23 such
1056 758 28 16 as
1105 758 68 22 reap-

638 798 39 17 ers
686 791 45 23 &c.
744 793 26 20 to
782 796 30 24 go
823 791 26 22 to
860 789 57 23 ruin
924 790 29 30 by
964 796 127 24 exposure,
1101 789 73 24 when

637 829 33 31 by
681 838 15 16 a
716 830 64 24 little
792 836 55 18 care
859 829 59 30 they
929 829 82 30 might
1023 828 30 24 be
1065 829 71 23 made
1148 831 26 21 to

637 868 48 24 last
694 876 77 23 many
781 875 71 24 years
865 867 87 30 longer
974 867 61 24 than
1053 867 58 31 they
1122 867 31 24 do
1162 867 11 23 ?

637 907 24 23 It
672 907 22 23 is
704 914 15 16 a
727 907 92 23 maxim
830 906 56 23 that
920 914 15 15 a
946 906 80 23 miller
1042 906 90 24 should
1144 904 30 24 be

637 944 53 24 able
699 946 26 22 to
734 946 66 22 erect
807 944 38 23 his
852 952 56 15 own
1010 943 50 23 and
1068 943 42 24 the
1120 951 52 15 suc-

637 982 88 23 cessful
742 982 89 22 farmer
842 980 27 23 of
876 981 43 22 the
931 980 82 23 future
1026 980 51 23 will
1089 979 30 23 be
1142 979 31 22 he

636 1021 55 24 who
703 1028 47 17 can
774 1024 5 10 '
788 1021 59 22 turn
859 1019 40 23 his
910 1018 69 23 hand
988 1020 5 9 '
1013 1018 48 23 and
1082 1018 31 23 do
1130 1018 43 23 the

636 1059 66 23 most
714 1058 38 24 for
764 1057 41 24 the
821 1055 201 32 productiveness
1035 1055 49 23 and
1106 1062 66 23 pres-

635 1097 111 24 ervation
758 1097 27 23 of
804 1094 40 24 his
864 1094 65 23 farm
950 1094 48 23 and
1026 1094 148 31 everything

635 1135 174 32 appertaining
818 1135 25 23 to
860 1133 28 23 it.

945 1186 65 23 Paul
1045 1186 126 30 Fleming.

703 1390 394 25 WAIMAKARIRI-ASHLEY

767 1430 274 25 WATER-SUPPLY

842 1474 125 22 BOARD.

670 1560 61 24 This
743 1559 83 25 Board
838 1560 58 24 held
915 1568 31 15 an
959 1560 116 31 ordinary
1100 1560 73 24 meet-

636 1600 43 28 ing
690 1607 33 15 on
736 1600 54 23 21st
807 1598 136 31 February,
974 1600 102 23 Present
1098 1599 40 23 Mr
1149 1599 24 23 J.

637 1636 154 24 O'Halloran
812 1635 171 32 (Chairman)
1011 1636 50 23 and
1081 1636 93 24 Messrs

637 1673 92 26 Dixon,
765 1671 149 30 Dickenson,
957 1673 56 31 Hey
1015 1673 71 24 wood
1126 1674 48 23 and

640 1710 106 23 Horrell.

671 1749 99 24 Letters
778 1757 62 16 were
848 1749 109 24 received
965 1749 64 24 from
1036 1750 68 23 John
1112 1749 61 23 Her-

638 1794 60 15 man
711 1786 118 32 applying
841 1785 36 24 for
890 1786 42 24 the
951 1786 108 32 position
1072 1785 27 26 of
1109 1794 64 17 care-

639 1825 69 24 taker
719 1827 26 22 at
762 1825 43 25 the
818 1825 104 31 Coopers
935 1826 76 25 Creek
1023 1826 150 26 headworks.

638 1865 85 23 Letter
739 1865 120 23 received.

672 1902 76 23 From
760 1902 43 24 the
815 1901 104 24 Auditor
932 1902 107 24 General
1064 1905 112 30 advising

639 1940 43 24 the
693 1940 84 24 Board
789 1949 28 15 as
829 1943 26 21 to
868 1940 62 25 their
942 1950 92 23 powers
1043 1944 78 24 under
1133 1944 43 24 the

639 1978 85 23 Water
735 1978 92 29 Supply
838 1978 54 24 Act.

674 2017 121 25 Resolved
809 2018 53 23 that
878 2018 42 24 the
934 2018 124 33 Secretary
1070 2020 69 31 reply
1151 2022 24 22 to

640 2057 41 22 the
693 2055 105 26 Auditor
810 2055 107 25 General
931 2057 114 32 pointing
1068 2060 44 22 out
1135 2060 40 23 the

640 2095 129 26 difference
778 2095 107 25 between
899 2097 118 31 drainage
1030 2098 50 23 and
1100 2100 75 23 water

640 2134 87 28 supply
740 2133 105 25 Boards.

673 2171 22 23 A
712 2171 119 31 telegram
843 2179 50 17 was
905 2174 56 22 sent
974 2174 25 23 to
1012 2173 41 25 the
1065 2173 111 26 Premier

640 2210 25 22 at
679 2208 179 25 Christchurch
871 2209 87 32 asking
973 2211 112 25 whether
1096 2213 19 23 it
1126 2221 49 16 was

639 2248 73 31 likely
729 2250 56 24 that
803 2250 42 24 the
858 2250 94 25 Boards
970 2251 148 32 application
1139 2253 37 25 for

639 2286 42 24 the
692 2287 73 27 Loan,
771 2288 26 23 of
806 2288 114 28 10,000
928 2290 78 23 under
1015 2290 42 23 tho
1067 2290 107 26 Govern-

640 2326 67 21 ment
718 2324 81 24 Loans
813 2324 75 25 Local
896 2325 91 24 Boards
1001 2326 46 25 Act
1055 2328 82 23 would
1146 2328 29 24 be

639 2361 112 29 granted.
1163 2378 4 6 .

673 2398 75 24 From
761 2398 40 24 Mr
813 2398 161 26 Marmaduke
986 2401 83 24 Dixon
1082 2403 92 23 enclos-

638 2437 44 31 ing
693 2438 82 30 copies
787 2437 26 25 of
823 2438 86 24 letters
921 2439 72 24 dated
1006 2440 41 24 the
1068 2442 59 23 18th
1151 2442 26 24 of

639 2474 125 31 February
777 2475 56 23 that
844 2476 32 22 he
888 2476 50 23 had
951 2479 56 21 sent
1016 2481 28 20 to
1056 2478 116 25 the-Hon

639 2512 43 23 the
699 2512 109 24 Premier
826 2512 48 23 and
887 2513 40 24 Mr
939 2513 110 30 Gordon,
1063 2515 111 31 Inspect-

638 2550 44 31 ing
693 2550 124 32 Engineer
833 2550 26 23 of
871 2550 80 25 Mines
963 2551 87 33 asking
1061 2552 43 27 the
1116 2553 58 26 Pre-

639 2589 58 22 mier
709 2590 26 22 to
747 2589 59 23 visit
823 2588 43 24 the
890 2589 104 24 District
1017 2591 48 23 and
1088 2592 87 31 asking

639 2626 53 24 him
705 2628 26 22 to
742 2635 32 23 go
783 2627 55 25 into
850 2627 43 24 the
904 2629 109 29 position
1025 2629 27 24 of
1062 2630 40 25 the
1114 2639 60 22 gen-

639 2665 51 25 eral
699 2665 86 26 Water
798 2666 95 33 Supply
906 2667 26 25 of
948 2669 39 23 the
1010 2669 103 26 District
1125 2671 50 24 and

639 2706 108 31 trusting
760 2707 55 23 that
828 2707 43 23 the
879 2707 109 25 Premier
995 2710 79 23 would
1085 2710 28 24 be
1121 2711 54 23 able

639 2747 25 22 to
676 2746 58 24 visit
744 2746 41 24 the
803 2746 105 25 District
920 2747 50 24 and
982 2748 56 24 that
1049 2749 32 24 he
1094 2750 81 23 would

638 2784 54 24 find
702 2785 23 23 it
735 2784 84 25 within
829 2785 40 24 his
877 2794 93 22 powers
983 2788 25 23 to
1020 2787 54 31 give
1087 2788 38 24 his
1135 2789 40 23 Mr

639 2822 105 24 Dixon's
757 2830 56 16 case
825 2822 46 24 full
883 2822 190 25 consideration;

672 2862 67 23 With
752 2862 121 24 reference
893 2865 25 21 to
931 2864 41 23 the
993 2865 73 23 letter
1089 2866 26 22 to
1132 2872 3 9 :
1136 2865 39 23 Mr

639 2899 100 24 Gordon
752 2899 91 31 stating
854 2899 55 26 that
921 2900 30 24 he
963 2900 50 24 and
1031 2900 42 25 the
1094 2901 81 24 Board

638 2939 48 23 had
698 2939 74 24 failed
784 2940 26 23 to
819 2947 95 23 .agree,
939 2941 49 24 and
1012 2941 163 33 complaining

627 2975 2 35 |
638 2976 54 24 that
710 2976 40 24 Mr
768 2976 122 27 Webster,
909 2977 41 24 the
968 2978 135 31 Engineer,
1120 2980 55 24 who

627 3017 3 10 '
638 3020 50 17 was
699 3013 127 33 Engineer
839 3016 23 22 to
876 3014 42 24 the
932 3015 40 24 old
980 3016 91 27 .Isoar.d
1082 3019 93 26 retains

638 3050 41 25 the
695 3051 160 30 antagonism
867 3052 27 26 of
916 3052 43 24 the
968 3053 62 28 ,pl&.
1030 3053 81 25 Board
1123 3054 30 25 to'
1161 3062 14 16 a

637 3090 91 24 service
742 3090 75 24 which
834 3090 82 24 would
928 3090 29 25 be
970 3099 14 16 a
997 3092 91 24 benefit
1098 3095 24 22 to
1135 3093 40 25 his

638 3127 39 24 Mr
688 3127 107 24 Dixon's-
805 3127 78 29 Land,
897 3129 55 22 and-
958 3128 88 32 asking
1058 3130 116 24 Mr-Gor-

637 3166 49 24 don
698 3168 26 23 to
736 3174 70 25 agree
824 3168 25 23 to
861 3174 14 16 a
878 3175 13 14 u
905 3167 122 26 amended
1050 3168 124 33 specifica^

638 3208 61 25 tion.
717 3208 41 25 He
770 3207 80 26 stated
863 3207 60 26 that,
931 3207 42 27 the
983 3208 65 26 work
1059 3210 114 26 isneces-

637 3246 76 30 sarily
725 3246 26 23 of
761 3253 32 17 an
805 3246 131 30 expensive
949 3255 27 16 na
982 3250 61 26 ture,
1064 3257 70 16 more
1146 3257 27 26 o

627 3283 39 23 :he
679 3283 106 31 thought
797 3283 63 27 than
872 3283 40 24 Mr
925 3283 102 25 Gordon
1037 3293 49 15 was
1096 3293 78 16 aware

627 3318 4 28 !
636 3326 27 22 of
673 3326 49 23 and
742 3327 30 23 he
796 3325 108 32 thought
916 3334 14 16 a
947 3325 113 26 'uniform
1072 3327 60 24 -'fait
1150 3328 25 23 of

628 3363 64 24 !four
703 3363 49 24 feet
765 3365 35 22 to'
808 3363 42 24 the
871 3364 61 23 mile'
942 3365 190 24 recommended
1144 3366 30 30 by

628 3395 49 42 |Mr
690 3400 102 24 Gordon
812 3400 26 24 m
850 3400 40 24 his
902 3403 84 28 report
998 3404 26 21 to
1037 3402 43 23 the
1093 3402 81 25 Board

629 3437 80 33 [dated
730 3437 61 24 28th
810 3438 68 23 June
885 3439 76 23 1894'
979 3445 52 17 was
1046 3439 128 31 'uselessly

628 3475 71 26 ihard
711 3483 66 24 upon
789 3476 53 25 him
854 3476 48 25 and
914 3477 56 24 that
982 3478 73 24 when
1078 3477 33 25 he
1123 3485 51 18 was

629 3513 33 30 ;in
674 3515 138 29 possession
865 3522 66 17 more
945 3515 80 24 detail
1036 3516 31 23 he
1090 3516 84 24 would

628 3555 50 24 !not
707 3561 40 17 see
772 3554 41 23 the
829 3554 123 30 necessity
975 3554 27 23 of
1017 3555 61 22 such
1095 3562 15 15 a
1130 3554 42 24 fall

628 3583 3 28 !
636 3589 80 25 where
728 3599 14 15 a
765 3592 69 29 large
851 3598 56 16 race
920 3590 73 24 could
1016 3589 31 25 be
1067 3590 106 31 cheaply

629 3628 162 23 constructed
800 3627 50 24 and
862 3628 161 23 maintained.

670 3666 66 24 That
747 3666 60 24 with
818 3666 38 23 hi
860 3666 61 23 3Mr
943 3666 107 23 Dixon's
1070 3673 103 23 sugges-

637 3704 73 28 tions,
724 3706 41 23 the
776 3704 68 25 work
856 3704 71 24 could
940 3704 30 24 be
982 3704 96 24 carried
1089 3706 45 22 out
1143 3705 30 28 by

636 3751 15 15 a
664 3743 145 24 Contractor
816 3743 25 23 fn
854 3751 47 15 one
913 3742 146 24 contract'at
1070 3751 16 14 a
1094 3744 77 28 great-

636 3780 25 30 ly
671 3780 105 24 reduced
786 3784 61 22 cost,
860 3779 56 25 that
925 3779 27 22 m
962 3779 40 22 his
1014 3778 102 30 opinion
1125 3778 48 23 and

636 3819 82 24 others
731 3818 114 33 agreeing
856 3817 59 24 with
926 3817 55 23 him
993 3817 42 23 the
1047 3824 126 23 necessary

637 3857 149 25 breastwork
815 3857 133 29 extending
976 3856 64 23 from
1062 3855 112 24 Brown's

636 3895 69 24 Bock
717 3895 61 24 with
790 3902 14 16 a
817 3894 79 24 small-
901 3892 85 24 intake
998 3892 49 24 will
1058 3892 64 24 have
1133 3893 41 23 the

637 3934 118 31 tendency
769 3937 26 21 to
807 3932 70 25 drive
889 3932 43 24 the
953 3933 77 23 water
1050 3931 70 24 from,
1131 3932 43 23 the

637 3972 69 23 Rock
713 3979 28 15 or
749 3977 86 17 nearer
848 3974 24 19 to
885 3970 43 23 the
939 3968 77 30 point,
1030 3968 109 23 wbercas
1146 3986 2 10 :
1160 3975 14 15 a

637 4009 47 24 full
696 4009 50 24 size
757 4007 85 25 intake
854 4007 51 23 will
916 4007 63 23 have
991 4014 15 15 a
1018 4005 122 30 tendency
1148 4007 28 21 to

637 4047 81 24 retain
733 4046 43 23 the
792 4046 74 23 water
878 4043 79 24 there.
993 4042 65 24 That
1075 4042 42 24 the
1129 4042 48 25 will

638 4087 27 23 of
674 4087 42 23 the
741 4084 104 25 District
857 4084 20 22 is
890 4082 126 25 favorable
1042 4084 25 22 to
1090 4081 86 31 giving

638 4125 54 22 him
710 4123 47 24 fair
768 4121 57 32 play
843 4120 51 24 and
915 4120 47 23 fair
985 4118 191 25 consideration.

639 4163 41 23 All
692 4163 32 23 he
734 4160 77 26 asked
821 4160 38 23 for
870 4167 50 15 was
929 4167 31 14 an
970 4157 121 24 amended
1100 4156 76 30 speci-

639 4202 109 26 fication,
760 4201 61 24 then
828 4198 33 24 he
873 4205 52 17 was
936 4197 95 29 willing
1042 4203 28 16 as
1090 4196 37 22 far
1151 4201 27 16 as

641 4245 29 22 he
682 4251 50 16 was
744 4241 55 25 able
822 4243 26 21 to
868 4247 73 22 agree
959 4242 26 19 to
997 4238 42 23 the
1062 4236 117 29 drinking

641 4285 91 23 service
741 4283 92 30 having
842 4289 15 16 a
880 4280 104 31 priority
1007 4278 27 24 of
1052 4278 89 30 supply
1153 4277 26 24 m

642 4330 56 16 case
710 4322 24 24 of
756 4321 126 28 shortage.

676 4359 41 22 Mr
726 4359 55 30 Hey
783 4357 69 24 wood
864 4354 89 25 moved
966 4352 49 24 and
1031 4351 41 23 Mr
1081 4351 101 23 Horrell

644 4396 129 31 seconded,
792 4395 56 24 that
866 4393 40 24 Mr
917 4391 85 24 Dixon
1013 4389 32 23 be
1068 4388 77 24 asked
1157 4389 25 22 to

645 4436 126 24 withdraw
783 4435 43 24 the
847 4434 87 23 letters
956 4429 27 25 of
1005 4428 63 24 18th
1086 4428 27 23 of
1122 4427 60 23 Feb.

1204 181 55 24 sent
1276 180 32 32 by
1327 180 55 25 him
1395 182 26 23 to
1439 180 44 25 the
1503 180 111 25 Premier
1637 180 49 25 and
1705 181 38 24 Mr

1205 219 110 29 Gordon,
1336 220 109 30 Carried,
1475 220 42 25 Mr
1545 220 83 25 Dixon
1656 221 87 31 voting

1204 258 106 29 against.

1237 296 41 23 Mr
1289 297 143 24 Dickenson
1443 297 88 24 moved
1543 297 56 24 that
1611 297 42 24 the
1666 299 74 23 state-

1203 337 84 22 ments
1299 336 131 23 contained
1442 337 26 22 m
1480 336 41 24 Mr
1532 336 107 24 Dixon's
1655 337 85 23 letters

1204 384 26 24 of
1240 384 63 24 18th
1313 385 60 24 Feb.
1387 386 64 24 1895
1464 388 26 22 to
1502 386 44 24 the
1561 386 59 25 Hon
1632 386 109 25 Premier

1204 423 50 23 and
1266 424 41 22 Mr
1319 424 103 24 Gordon
1434 433 41 16 are
1486 426 142 24 inaccurate
1637 426 50 24 and
1698 426 43 24 the

1204 467 134 23 statement
1350 467 59 23 with
1421 468 89 31 regard
1533 469 26 23 to
1571 468 43 24 the
1637 468 104 25 Board's

1203 502 124 31 Engineer
1347 504 170 30 unjustifiable
1529 505 51 23 and
1592 505 56 23 that
1660 505 81 30 copies

1203 539 27 24 of
1245 540 43 24 the
1300 540 134 25 resolution
1453 542 28 23 be
1493 542 136 24 forwarded
1652 544 27 22 to
1698 542 43 24 the

1202 579 112 24 Premier
1326 580 50 23 and
1395 580 40 23 Mr
1456 581 110 24 Gordon.
1614 581 127 25 Seconded

1204 618 30 29 by
1246 617 40 24 Mr
1297 618 110 24 Horrell.

1236 653 41 25 Mr
1296 654 85 25 Dixon
1398 656 99 24 entered
1509 655 55 25 into
1576 664 33 16 an
1621 658 118 28 explana-

1203 693 53 24 tion
1268 693 50 25 and
1326 694 101 24 allowed
1436 695 57 24 that
1502 702 15 17 a
1526 695 213 24 misunderstand-

1202 733 44 30 ing
1256 733 49 23 had
1322 734 83 23 arisen
1417 742 27 15 as
1467 736 26 21 to
1516 734 42 24 the
1580 734 62 24 time
1663 735 25 23 of
1700 734 39 23 Mr

1204 769 110 24 Seddons
1326 770 58 24 vieit
1397 770 49 24 and
1458 770 124 31 regretted
1594 770 43 24 the
1661 778 77 16 same.

1204 808 38 24 He
1256 809 40 23 Mr
1307 808 83 25 Dixon
1414 810 123 29 regretted
1548 810 42 23 the
1602 817 44 17 use
1658 810 26 24 of
1698 810 41 23 Mr

1202 846 132 25 Webster's
1347 855 81 21 name,
1437 848 108 24 whereas
1553 848 20 24 it
1581 848 88 24 should
1676 848 63 25 have

1202 886 70 29 been,
1284 890 6 10 '
1296 887 56 23 that
1364 887 43 24 the
1419 888 100 29 present
1531 887 83 24 Board
1625 887 58 24 does
1694 889 45 22 not

1202 923 103 24 endorse
1317 923 40 24 Mr
1385 924 105 24 Dixon's
1508 924 135 31 Irrigation
1653 924 85 24 views'

1201 962 48 24 and
1261 963 56 23 that
1326 963 33 23 he
1371 963 78 24 would
1462 970 70 17 move
1554 971 27 16 as
1593 971 32 16 an
1637 963 101 24 amend-

1202 1003 70 20 ment
1295 1000 55 24 that
1362 1000 42 23 the
1416 1000 84 24 Board
1524 1008 99 22 express
1641 1008 13 15 a
1679 1001 59 23 wish

1201 1038 55 24 that
1269 1038 59 30 they
1341 1046 41 16 are
1394 1039 106 23 anxious
1512 1041 26 21 to
1551 1040 54 29 give
1616 1039 44 23 the
1680 1039 59 23 land

1200 1076 27 23 m
1244 1076 40 23 Mr
1296 1076 97 23 Dixons
1405 1076 148 30 occupation
1560 1076 48 24 fall
1615 1076 123 24 consider-

1201 1112 69 24 ation
1280 1112 50 24 and
1341 1112 44 24 the
1398 1113 91 24 service
1498 1113 21 24 it
1531 1113 118 31 requires.
1685 1113 53 24 The

1201 1151 160 22 amendment
1373 1158 48 15 \vas
1435 1152 45 21 not
1493 1150 128 23 seconded.

1235 1188 40 22 Mr
1287 1188 164 23 Dickenson's
1464 1188 134 24 resolution
1610 1194 51 18 was
1677 1188 61 23 then

1201 1226 45 29 put
1265 1226 25 22 to
1308 1224 43 24 the
1368 1225 112 30 meeting
1502 1226 50 22 and
1574 1224 103 28 carried,
1698 1225 40 23 Mr

1201 1262 83 24 Dixon
1304 1262 88 30 voting
1402 1262 98 30 against
1525 1262 29 24 it.

1235 1302 121 25 Resolved
1368 1302 55 25 that
1435 1302 149 32 application
1592 1302 31 24 be
1632 1302 71 25 made
1715 1304 25 22 to

1204 1342 42 25 the
1260 1342 169 25 Government
1440 1342 39 25 for
1488 1350 15 17 a
1515 1342 71 25 Loan
1598 1342 27 26 of
1647 1342 94 31 1,700

1202 1383 38 25 for
1253 1383 42 25 the
1315 1384 87 25 Water
1423 1384 99 26 Service
1535 1385 27 25 of
1572 1385 42 25 the
1635 1384 106 32 Coopers

1204 1422 78 25 Creek
1295 1423 152 25 subdivision
1463 1424 27 24 of
1500 1424 43 24 the
1566 1424 106 24 District
1692 1422 49 25 and

1203 1460 56 24 that
1271 1461 42 24 the
1325 1468 94 23 powers
1435 1461 27 24 of
1482 1462 44 23 the
1548 1461 83 24 Board
1653 1461 30 24 be
1704 1462 37 23 set

1202 1501 45 22 out
1254 1499 28 24 m
1294 1499 42 24 the
1352 1500 157 30 application.

1237 1539 39 23 Mr
1288 1539 24 24 J.
1326 1539 101 31 Ingram
1441 1541 74 22 wrote
1528 1546 33 17 on
1572 1539 88 24 behalf
1665 1539 27 24 of
1699 1539 42 24 the

1203 1586 104 16 owners:
1341 1578 36 24 To
1390 1579 47 23 sell
1450 1579 41 23 the
1504 1578 98 31 Orange
1613 1577 62 25 Hall
1686 1586 54 23 pro-

1202 1616 70 29 perty
1302 1616 25 23 to
1352 1615 43 23 the
1413 1615 80 23 Board
1523 1615 48 23 and
1588 1615 108 30 thought
1721 1616 20 22 it

1203 1654 80 24 would
1292 1654 30 23 be
1334 1662 59 22 very
1404 1654 105 24 suitable
1521 1654 38 23 for
1570 1654 82 24 Board
1672 1662 69 16 room

1204 1693 48 24 and
1265 1693 92 24 Offices.
1415 1692 188 25 Consideration
1621 1693 119 24 deferred.

1237 1731 22 23 A
1285 1731 107 24 Petition
1404 1738 49 17 was
1482 1731 110 24 received
1621 1732 64 23 from
1710 1732 30 23 13

1204 1771 169 25 Landowners
1385 1770 24 25 m
1422 1770 41 25 the
1473 1770 62 26 Cusfc
1546 1770 96 32 portion
1662 1770 27 24 of
1699 1770 41 24 the

1204 1811 113 29 District,
1331 1811 88 32 asking
1431 1811 38 26 ior
1478 1812 87 25 Water
1577 1811 88 31 supply
1677 1809 63 26 from

1205 1850 42 24 the
1257 1850 112 24 Brown's
1382 1850 69 24 Rock
1462 1850 86 24 intake

1238 1888 53 24 The
1303 1887 108 25 Petition
1421 1894 50 18 was
1481 1887 111 25 received
1602 1887 50 25 and
1661 1888 20 24 it
1690 1894 51 18 was

1204 1925 109 25 resolved
1332 1928 26 22 to
1369 1926 92 24 inform
1475 1926 39 24 the
1527 1925 148 25 Petitioners
1687 1926 54 24 that

1204 1965 43 23 the
1259 1965 148 32 application
1419 1965 83 25 would
1522 1964 30 25 be
1564 1965 142 25 considered
1715 1966 26 24 m

1204 2005 48 25 due
1258 2014 97 16 .course.
1399 2028 2 2 .
1464 2028 2 2 .
1576 2016 18 14 .::

1238 2044 122 24 Resolved
1371 2044 62 24 that:
1439 2044 43 24 the
1496 2043 134 25 Chairman
1641 2042 49 25 and
1701 2042 40 25 Mr

1205 2080 142 26 Dickenson
1355 2080 30 25 be
1392 2082 135 31 appointed
1536 2083 26 23 to
1572 2082 55 30 sign
1635 2080 106 32 cheques

1204 2120 38 24 for
1254 2120 42 25 the
1317 2120 90 25 Board.

1238 2159 121 24 Resolved
1371 2159 56 24 that
1457 2159 42 24 the
1523 2159 135 25 Treasurer
1673 2159 68 24 enter

1204 2197 53 23 into
1270 2204 14 16 a
1296 2197 109 28 Fidelity
1422 2197 72 24 Bond
1507 2197 27 24 of
1544 2198 68 22 300
1625 2197 50 23 and
1688 2198 53 23 that

1204 2234 41 24 the
1256 2234 82 24 Board
1346 2243 47 22 pay
1405 2235 43 24 the
1458 2235 134 23 Premium.

1237 2274 71 24 After
1319 2274 158 31 considering
1485 2274 50 24 and
1547 2274 144 31 examining
1702 2274 41 24 the

1204 2314 116 22 accounts
1346 2312 27 24 of
1391 2312 43 24 the
1451 2312 82 24 Board
1564 2312 43 25 the
1637 2312 106 30 meeting

1204 2348 158 24 terminated.
1480 2367 3 3 .

1275 2553 443 30 CORRESPONDENCE.

1205 2600 76 24 While'
1282 2610 39 13 our
1329 2603 92 20 columns
1431 2604 95 25 dre'dpen
1535 2603 21 20 to
1566 2605 33 18 all
1616 2603 30 21 %6e
1665 2601 26 23 do
1709 2608 32 16 not

1229 2638 92 24 identify
1327 2638 102 19 ourselves
1434 2638 98 24 withany
1536 2638 98 24 opinions
1637 2638 104 24 expressed

1218 2675 100 20 therein.
1548 2690 4 2 .

1272 2710 33 24 To
1317 2709 37 25 the
1374 2711 89 23 Editor
1475 2712 31 26 of
1512 2711 38 23 the
1570 2714 5 11 '
1588 2711 121 26 Observer.
1719 2711 2 26 '[

1272 2747 5 8 -.
1471 2740 4 5 '
1568 2750 6 3 -
1658 2747 5 8 f
1679 2742 15 13 *
1719 2739 2 3 '

1204 2770 71 24 THE
1295 2770 140 24 ASHLEY
1454 2770 119 25 GOEGE
1592 2771 145 24 ESTATE.

1239 2833 51 24 Sir.
1326 2833 31 24 In
1378 2834 70 30 reply
1460 2836 26 22 to
1510 2834 74 25 'Sold
1597 2836 84 30 Again
1686 2836 56 24 /in

1194 2882 1 18 i
1204 2883 65 24 your-
1274 2875 142 26 last-weeks
1428 2876 65 24 issue
1505 2876 14 23 I
1531 2885 38 16 am
1582 2878 58 30 glad
1663 2880 26 22 to
1711 2878 31 24 be

1204 2920 52 23 able
1269 2921 24 22 to
1305 2920 55 31 give
1372 2920 53 24 him
1435 2923 25 21 at
1469 2921 66 25 least
1545 2921 196 25 some.ofthe4n-

1195 2968 3 7 -1
1204 2963 132 24 formation
1348 2963 35 23 he-
1397 2963 108 30 requires
1517 2963 48 23 and
1579 2965 92 22 cannot
1682 2964 59 30 help

1204 3005 92 31 adding
1305 3005 56 24 that
1373 3004 21 25 if
1403 3005 32 24 he
1448 3005 48 24 had
1508 3005 75 24 taken
1602 3006 42 24 the
1656 3014 85 16 course

1205 3049 12 22 I
1230 3049 42 26 did,
1281 3049 38 24 viz
1340 3049 105 24 written:
1458 3051 27 22 ,to
1509 3049 51 26 the,
1572 3049 114 27 Membei\
1704 3050 37 23 for

1204 3090 92 31 Asbley
1308 3092 28 23 he
1349 3091 83 24 would
1438 3091 13 25 I
1460 3099 41 16 am
1514 3099 55 16 sure
1579 3092 60 24 have
1650 3092 90 24 receiv-

1204 3134 30 23 ed
1245 3134 44 24 the
1301 3141 67 17 same
1381 3135 127 23 courteous
1524 3135 69 29 reply
1605 3134 56 24 that
1678 3135 65 23 Tre-*

1204 3177 90 26 ceived.
1356 3202 8 8 v
1573 3185 2 6 '
1718 3175 2 14 '

1237 3217 14 24 I
1267 3219 69 23 must
1348 3218 55 24 first
1415 3215 106 34 premise
1533 3219 55 24 that
1596 3218 26 25 at
1630 3215 44 28 the
1681 3216 59 26 time

1204 3261 26 24 of
1256 3261 40 24 tha
1314 3262 57 23 visit
1373 3259 4 10 r
1376 3252 211 33 "''t'6''^e-''Estat6
1588 3258 11 13 l
1599 3259 27 25 of
1636 3259 104 25 4tfesrs

1203 3303 131 29 Meredith,
1350 3303 105 24 Hawker
1467 3302 48 25 and
1528 3302 93 30 others,
1643 3302 96 30 negoti-

1203 3346 79 23 ations
1294 3345 49 24 had
1364 3344 62 25 been
1449 3344 101 25 entered
1569 3344 55 25 into
1635 3344 41 25 for
1698 3345 42 24 the

1202 3389 121 29 purchase
1335 3388 27 23 of
1371 3388 76 23 about
1460 3388 207 28 500L^icres,^ihfi
1681 3383 57 34 pui-

1202 3430 73 24 chase
1287 3429 27 25 of
1324 3429 78 25 which
1414 3429 45 24 has
1472 3429 68 24 since
1546 3426 62 27 been
1620 3429 118 31 complet-

1202 3472 37 24 ed.
1274 3472 14 24 I
1300 3470 439 32 YsUl^swer.^'QurrcQrEe'spQndents

1202 3515 89 24 second
1309 3513 198 30 question^first.
1517 3533 13 5 ....
1595 3535 18 6 ...

1235 3557 57 25 Yes;
1303 3556 40 24 Mr
1359 3555 123 24 Meredith
1492 3555 53 24 -did
1562 3555 70 24 send^
1646 3563 32 16 on
1695 3556 45 23 the

1201 3595 105 35 petition
1413 3600 6 4 r
1703 3599 4 5 %
1713 3598 31 23 to'

1200 3636 112 35 lexpedite
1324 3641 112 27 matters,
1460 3647 26 16 as
1498 3641 26 22 to
1536 3639 68 24 what
1615 3638 69 32 leply
1696 3638 43 25 the

1201 3682 144 31 deputation
1354 3682 118 24 received.
1491 3694 4 7 <
1507 3682 15 22 I
1533 3684 85 27 expect
1627 3680 56 24 that
1692 3688 47 16 can

1201 3725 30 24 be
1240 3719 154 31 ascertained
1400 3723 65 24 from
1473 3723 43 25 the
1524 3722 144 30 gentlemen
1675 3729 64 17 com-

1201 3766 89 30 posing
1306 3766 27 23 it.

1235 3807 53 24 Tue
1300 3806 113 27 Member
1424 3806 51 24 for,
1482 3805 94 30 Ashley
1594 3805 96 30 haying
1701 3805 38 23 in-

1201 3850 129 24 terviewed
1337 3849 93 23 Messrs
1442 3847 84 25 Gould
1537 3855 33 17 on
1573 3847 57 26 J;he
1643 3846 97 31 subject

1202 3890 112 25 received
1322 3897 16 16 a
1346 3890 74 23 letter
1437 3889 65 24 from
1514 3888 71 24 them
1596 3888 146 30 expressing

1202 3934 66 24 their
1279 3932 153 30 willingness
1444 3932 25 23 to
1482 3932 65 23 treat
1554 3930 61 24 with
1623 3930 43 24 the
1677 3930 63 24 Gov.

1202 3976 52 22 this
1362 3981 49 16 was
1432 3974 55 23 sent
1498 3976 26 20 to
1536 3972 42 24 the
1589 3972 116 24 Minister
1712 3972 30 25 .of

1204 4014 85 26 Lands
1301 4023 33 16 on
1347 4015 43 23 the
1408 4014 47 30 day
1467 4014 28 23 of
1507 4014 34 23 its
1552 4013 101 30 receipt,
1677 4021 16 16 a
1704 4021 37 15 re-

1204 4058 43 31 ply
1258 4064 49 17 was
1326 4056 110 26 received
1453 4056 62 25 fi'om
1540 4055 153 30 Wellington
1703 4055 39 23 in-

1204 4100 108 29 forming
1324 4099 93 23 Messrs
1430 4097 84 25 Gould
1536 4097 21 23 if
1578 4099 61 28 tney
1658 4096 84 25 would

1206 4141 60 24 offer
1277 4140 44 24 the
1333 4139 71 25 Land
1416 4139 43 24 the
1470 4139 150 30 application
1627 4138 80 24 would
1714 4138 30 24 be

1206 4181 156 25 considered-.-
1368 4188 33 16 on
1413 4180 43 24 the
1469 4180 61 24 18th
1543 4179 59 25 Feb.
1613 4179 41 25 Mr
1665 4179 78 25 Mere-

1207 4224 53 23 dith
1282 4224 52 22 met
1362 4222 45 23 the
1430 4222 114 23 Minister
1561 4221 27 24 of
1613 4221 89 24 Lands
1717 4221 28 23 m

1208 4262 178 26 Christchurch
1397 4262 49 24 and
1458 4270 49 17 was
1515 4262 121 24 informed
1643 4262 55 24 that
1707 4261 40 24 Mr

1208 4305 42 24 Me
1261 4304 102 25 Kerrow
1381 4305 80 24 would
1477 4305 31 24 be
1534 4305 28 24 m
1590 4303 154 31 Canterbury

1209 4348 77 23 about
1298 4346 43 23 the
1353 4346 48 23 end
1409 4346 28 24 of
1446 4347 42 23 the
1500 4346 90 24 month
1602 4345 51 23 and
1665 4345 78 23 would

1210 4388 31 24 be
1251 4386 138 25 instructed
1401 4389 24 22 to
1438 4395 31 23 go
1480 4387 63 24 with
1553 4387 96 23 Messrs
1659 4385 90 24 Buddo

1211 4429 50 23 and
1272 4429 123 23 Meredith
1407 4430 27 22 to
1451 4430 98 29 inspect
1558 4435 48 24 any
1617 4426 133 32 properties

1771 187 56 25 that
1834 196 57 23 may
1900 187 31 25 be
1942 189 86 30 placed
2039 190 80 25 under
2127 190 65 25 offer.

1804 230 70 25 Thus
1884 231 44 24 the
1939 234 91 23 matter
2048 232 87 25 stands
2154 234 26 23 at
2197 235 108 28 present,

1771 272 58 24 with
1839 281 63 23 your
1914 275 189 30 correspondent
2126 274 14 25 I
2157 274 101 32 bitterly
2269 283 36 16 re-

1769 316 54 29 gret
1834 316 42 23 the
1888 316 71 31 delay
1975 317 55 23 that
2057 317 47 24 has
2121 317 118 25 occurred
2262 317 43 24 but

1769 356 27 24 m
1813 356 104 26 fairness
1944 358 14 23 I
1982 358 74 24 think
2084 366 37 17 we
2149 366 47 17 can
2218 359 87 31 hardly

1769 398 82 25 blame
1862 398 43 25 the
1917 399 94 32 Agents
2034 400 36 24 for
2082 401 103 30 making
2196 400 44 25 the
2251 400 54 25 best

1771 441 102 32 bargain
1884 441 61 32 they
1956 442 80 30 could,
2049 450 47 17 nor
2105 443 44 24 the
2159 444 146 30 purchasers

1768 483 57 24 who
1836 492 64 16 were
1912 485 126 23 fortunate
2049 485 97 30 enough
2154 486 26 23 to
2189 485 64 24 have
2262 485 43 24 the

1769 533 87 23 money
1867 527 27 23 to
1905 525 50 32 buy
1966 526 63 25 with
2039 527 49 23 and
2116 526 106 32 perhaps
2241 527 64 24 least

1768 568 26 24 of
1816 568 35 25 all
1879 568 43 25 the
1940 569 113 24 Member
2069 569 39 24 for
2129 569 105 31 Ashley,
2253 570 52 24 who

1768 610 120 31 certainly
1898 610 47 24 has
1957 612 44 22 not
2013 611 62 23 been
2087 611 51 23 idle
2149 612 27 22 m
2188 612 44 23 the
2240 613 63 23 mat-

1768 654 37 21 ter
1818 652 96 31 though
1926 652 39 24 his
1989 652 85 24 efforts
2096 653 63 23 have
2182 654 45 23 not
2243 653 62 24 been

1768 694 112 24 crowned
1891 693 59 25 with
1963 702 105 17 success.
2115 695 25 23 It
2156 695 90 31 always
2258 696 47 24 has

1769 735 59 24 been
1851 737 50 22 and
1919 736 52 24 still
1988 737 21 23 is
2021 745 15 15 a
2048 738 108 29 mystery
2179 745 28 16 as
2224 740 26 21 to
2262 737 43 24 the

1768 777 78 30 origin
1875 777 27 23 of
1928 778 43 23 the
1999 778 113 30 petition.
2171 778 134 25 Therefore

1768 826 113 17 someone
1898 819 51 24 else
1978 821 68 23 must
2070 827 92 18 answer
2190 821 115 31 question

1768 860 46 23 No.
1828 862 23 21 1.

1933 904 14 23 I
1956 911 39 16 am
2009 904 39 23 Sir

2001 947 82 23 Yours
2098 947 40 24 &c.

2032 989 73 23 Land
2116 989 38 24 for
2166 990 43 24 the
2218 992 86 29 people

1766 1149 191 58 LOCAL
1985 1152 34 55 AND
2037 1149 268 58 GENERAL

1800 1254 128 25 Lectuke.
1964 1254 40 25 Mr
2018 1255 38 25 W.
2072 1256 40 24 W.
2126 1256 95 25 Collins
2245 1265 61 24 gave

1771 1305 48 16 one
1832 1298 27 24 of
1867 1298 39 26 his
1914 1299 104 31 popular
2026 1298 107 25 lectures
2140 1301 26 23 at
2175 1300 44 24 the
2228 1301 78 24 Town

1769 1340 59 24 Hall
1840 1349 31 16 on
1884 1341 129 31 Thursday
2026 1341 112 31 evening.
2169 1343 48 23 We
2239 1343 65 31 hope

1770 1385 25 25 to
1806 1383 102 33 publish
1920 1391 16 17 a
1947 1386 83 30 report
2042 1385 28 25 of
2079 1385 43 26 the
2141 1393 70 18 same
2223 1386 27 25 m
2263 1393 44 18 our

1769 1430 61 23 next
1849 1428 75 24 issue.

1803 1508 135 26 Athletic.
1974 1511 21 23 A
2014 1512 110 31 meeting
2140 1520 48 16 was
2211 1512 57 25 held
2280 1513 27 24 m

1769 1552 43 24 the
1830 1552 92 32 library
1940 1561 33 17 on
1991 1553 156 33 Wednesday
2155 1555 48 25 last
2215 1556 50 23 and
2287 1557 21 24 it

1769 1603 50 16 was
1832 1595 99 25 decided
1943 1598 26 23 to
1980 1597 64 24 form
2056 1605 15 16 a
2082 1597 101 31 Bicycle
2196 1599 70 23 track
2279 1601 26 22 at

1769 1637 130 24 Pearson's
1911 1638 74 28 Park,
1999 1647 75 23 many
2086 1639 27 24 of
2125 1640 72 25 those
2209 1642 99 29 present

1769 1677 27 23 at
1805 1677 41 23 the
1858 1677 110 31 meeting
1988 1678 124 30 promised
2132 1680 27 23 to
2177 1679 55 31 give
2244 1679 65 25 their

1770 1719 105 26 services
1887 1722 26 23 to
1925 1720 65 25 form
2013 1721 43 25 the
2075 1722 77 24 track.
2200 1723 109 25 Further

1769 1762 120 24 donation
1898 1763 50 23 and
1960 1764 138 24 assistance
2109 1764 22 24 is
2140 1765 112 24 solicited
2265 1766 43 24 the

1769 1807 60 25 next
1851 1806 110 33 meeting
1983 1807 26 25 of
2030 1807 71 27 those
2131 1808 134 27 interested
2288 1810 21 24 is

1771 1851 78 26 called
1861 1851 38 26 for
1911 1851 130 33 Thursday
2058 1853 85 24 March
2154 1853 53 25 7th.

1804 1931 124 25 Habvest.
1965 1932 48 24 We
2025 1932 68 24 learn
2111 1932 43 25 the
2180 1933 128 27 Salvation

1770 1975 78 32 Army
1864 1984 40 16 are
1927 1976 92 30 having
2040 1984 14 16 a
2078 1976 109 28 Harvest
2199 1976 109 28 Festival

1769 2026 33 16 on
1816 2010 150 36 &sarcath,
1980 2018 53 29 9th,
2047 2020 49 23 and
2103 2018 71 26 10th.
2279 2028 24 14 ->\

1804 2096 229 33 Watchmaker,:
2033 2101 43 25 Mr
2096 2101 29 25 F.
2144 2101 30 26 B.
2192 2101 69 26 Lane
2285 2103 27 25 of

1771 2141 123 32 Rangiora
1906 2144 54 23 will
1968 2145 73 23 make
2053 2145 41 24 his
2106 2147 79 22 usual,
2201 2147 71 24 visit,
2283 2148 26 24 to

1771 2181 92 25 Oxford
1892 2190 33 16 on
1954 2183 136 31 Thursday,
2130 2185 100 31 Friday,
2260 2187 49 23 and

1772 2224 130 31 Saturday'
1902 2224 58 31 Feb.
1964 2226 81 28 ,28th,
2059 2227 63 24 Mar.
2133 2228 40 23 Ist
2185 2228 50 24 and
2242 2229 65 24 .2nd.

1804 2267 41 24 Mr
1856 2268 71 24 Lane
1946 2268 50 24 will
2024 2277 69 24 carry
2123 2277 15 16 a
2164 2270 67 31 large
2260 2272 48 23 and

1771 2307 84 24 varied
1866 2305 71 26 stock
1948 2308 26 23 of
1986 2308 118 25 Watches
2116 2309 49 24 and
2183 2308 125 33 Jewellery

1771 2345 42 25 the
1836 2347 95 29 quality
1960 2347 27 23 of
2013 2347 81 24 which
2122 2348 22 23 is
2163 2349 145 25 unrivalled.

1774 2389 94 31 Special
1877 2414 4 3 .
1889 2389 117 24 Watches
2029 2389 31 36 by
2084 2390 154 26 Rotherham
2260 2393 48 23 and

1772 2432 69 26 other
1852 2432 129 25 renowned
2011 2432 118 31 maker?..
2152 2434 45 25 All
2216 2435 92 31 repairs

1772 2476 128 25 entrusted
1912 2477 26 24 to
1942 2476 48 24 -Mr
2000 2476 70 26 Lane
2083 2484 42 18 are
2143 2479 117 25 executed
2282 2478 26 25 In

1826 2520 70 26 most
1905 2517 92 31 careful
2009 2524 110 24 manned,
2128 2522 50 25 and-

1772 2564 64 25 teed.
1872 2564 83 26 Prices
1967 2564 43 27 the
2018 2568 61 28 vety
2082 2565 117 26 lowest./.

1805 2650 108 26 Health
1936 2653 95 26 Tea.
2033 2654 34 25 As
2079 2655 50 25 will
2143 2657 30 23 be
2197 2664 57 17 seen
2277 2657 30 31 by

1772 2688 179 27 advertisment
1964 2693 132 31 appearing
2114 2693 27 24 m
2164 2695 50 24 this
2231 2695 74 29 issue,

1771 2729 41 23 Mr
1825 2729 31 28 F,
1873 2729 39 33 W,.
1931 2731 141 24 Waterman
2082 2733 26 23 of
2119 2733 51 24 this
2182 2735 67 22 town
2260 2734 47 24 has

1771 2765 62 25 been
1842 2766 133 31 appointed
1983 2768 66 25 local
2057 2771 79 29 agent'
2140 2770 38 24 for
2187 2769 118 26 ''Health'

1771 2805 66 29 Tea,'
1842 2815 13 14 a
1866 2806 61 25 new'
1934 2807 77 24 brand
2025 2808 26 23 of
2060 2808 104 25 blended
2178 2810 38 23 tea
2225 2811 80 23 which

1760 2839 275 35 'hasiately.beeVptit
2047 2851 32 18 on
2162 2845 38 24 Ne
2196 2842 8 11 r
2202 2848 33 22 w~
2244 2845 63 25 Zea-'

1846 2882 104 25 market.
1963 2880 4 4 '
1986 2883 60 24 This
2067 2886 48 21 tea-
2129 2884 54 28 has,
2204 2893 37 16 we
2264 2893 41 16 are

1760 2919 139 30 ..informed,
1912 2921 51 23 met
1974 2919 62 26 witH
2047 2928 24 21 a,
2074 2922 159 30 tremendous
2253 2923 52 24 sale

1760 2980 7 7 u
1768 2957 28 22 in
1807 2957 130 23 Australia
1946 2957 50 23 and
2007 2958 122 22 wherever
2140 2959 20 22 it
2172 2959 46 22 has
2241 2959 63 23 been

1765 2994 150 24 introduced
1948 2994 54 24 into
2035 2992 50 26 this
2120 2996 96 29 colony.
2251 2996 53 23 The

1769 3040 98 16 success
1879 3033 45 23 has
1936 3032 63 24 been
2012 3041 32 15 an
2064 3033 169 29 unparalleled
2249 3042 54 16 one.

1765 3115 4 21 !
1801 3106 149 38 Inf^u^nza.
1986 3108 62 23 Now
2067 3108 49 24 this
2145 3108 119 31 epidemic
2283 3109 22 23 is

1768 3149 130 31 becoming
1908 3149 128 30 prevalent
2044 3158 37 16 we
2093 3149 112 32 strongly
2215 3158 89 16 recom-

1906 3191 51 25 free
1966 3200 46 16 use
2023 3192 28 23 of
2060 3193 123 31 Platypus
2189 3193 85 23 Brand
2281 3189 26 27 of

1761 3228 118 38 :Eucaiyp
1881 3235 43 24 tusf
1933 3234 135 25 Olobulus-
2090 3235 112 27 Extract,
2231 3236 74 23 taken

1766 3284 69 24 upon
1858 3283 75 23 sugar-
1961 3283 27 17 or
2007 3276 28 23 m
2165 3275 53 25 xhe
2241 3278 66 22 most

1767 3319 115 32 pleasant
1893 3326 54 23 way
1958 3320 25 22 to
1994 3318 56 24 takn
2062 3316 155 33 Eucalyptus
2240 3318 21 24 is
2279 3319 28 23 m

1762 3362 48 26 (the
1842 3362 117 29 Platypus
1988 3360 87 24 Brand
2103 3361 27 24 of
2153 3361 153 30 Eucalyptus

1762 3394 227 46 jJujubes.^They
2000 3411 42 20 ar,e
2053 3403 26 23 m
2095 3403 62 26 auch
2170 3411 15 15 a
2196 3402 111 31 portable

1764 3443 73 27 form,
1849 3442 115 31 pleasant
1976 3443 25 22 to
2013 3443 73 27 taste,
2105 3442 133 30 antiseptic
2257 3442 50 24 and

1767 3484 140 26 stimulant.
1996 3487 3 3 '
2006 3488 5 6 r
2017 3487 60 8 *"'""'
2106 3489 13 7 '
2125 3490 5 6 '

1888 3628 84 23 FAIR
1987 3628 92 23 KENT
2097 3628 93 23 BILL.

1767 3717 2 6 '
1801 3711 54 23 The
1861 3704 136 37 'following
2005 3711 24 23 is
2037 3711 42 23 the
2086 3711 133 24 substa'nee
2218 3718 5 8 1
2229 3710 29 24 erf
2263 3710 43 24 the

1767 3752 105 23 circular
1882 3753 79 27 letter,
1975 3752 112 23 received
2098 3752 65 24 from
2177 3752 42 22 Hie
2232 3751 73 24 Com-

1768 3793 130 23 missioner
1910 3793 26 23 of
1948 3793 86 23 Crown
2046 3793 87 24 Lands
2145 3795 33 28 by
2193 3793 48 23 the
2255 3800 51 16 sev-

1768 3830 52 22 eral
1832 3829 72 23 Boad
1917 3828 108 24 Boarttsv

1767 3882 2 6 '
1802 3880 14 23 I
1838 3888 41 16 am
1897 3880 111 24 directed
2030 3879 34 31 fey
2091 3880 43 24 the
2147 3880 115 23 Minister
2285 3879 27 24 of

1768 3922 86 24 Lands
1867 3924 26 22 to
1902 3922 149 29 inform^ou
2060 3923 64 27 that,
2131 3922 28 23 m
2168 3929 141 23 pursuance

1768 3964 109 29 promise
1888 3964 71 22 made
1978 3966 30 20 ta
2016 3963 158 23 Parliament
2192 3964 49 22 last
2260 3958 49 29 ses-

1769 4004 63 27 sion,
1842 4004 43 24 the
1898 4004 169 23 Government
2073 4004 22 22 is
2107 4004 117 23 desirous
2233 4005 27 23 of
2268 4004 41 23 ob-

1770 4047 97 30 taining
1883 4045 159 25 information
2053 4045 104 25 relative
2169 4048 28 21 to
2215 4045 43 24 the
2270 4054 41 15 ex-

1770 4089 119 31 pediency
1913 4096 27 15 or
1964 4087 131 24 otherwise
2118 4087 27 23 of
2164 4096 18 15 a
2199 4096 113 15 measure

1771 4131 101 29 dealing
1882 4130 63 23 with
1968 4129 69 24 -what
2056 4129 23 23 is
2102 4129 89 24 known
2203 4137 27 17 as
2243 4130 14 23 '
2257 4130 57 23 Fair

1772 4172 65 24 Bent
1845 4172 6 9 '
1863 4172 28 23 of
1900 4172 36 23 all
1947 4171 92 24 classes
2047 4171 29 22 of
2080 4171 70 29 land,
2161 4171 61 24 both
2230 4171 84 31 public

1773 4214 47 23 and
1830 4213 105 29 private.
1970 4213 36 29 By
2035 4212 60 23 Fair
2102 4213 68 23 Bent
2176 4214 6 9 '
2194 4214 23 23 is
2229 4216 85 21 meant

1774 4255 27 23 m
1812 4261 56 16 case
1880 4254 27 23 of
1917 4253 164 31 agricultural
2090 4261 28 17 or
2128 4256 111 28 pastoral
2246 4255 70 30 land,

1776 4296 61 24 such
1848 4298 59 22 rent
1917 4304 28 16 as
1956 4297 42 23 the
2007 4296 91 24 tenant
2107 4303 47 17 can
2161 4296 73 32 fairly
2243 4297 74 24 make

1776 4339 64 23 from
1853 4338 45 24 ihe
1908 4338 61 24 land
1980 4338 65 24 after
2056 4338 102 30 paying:
2173 4339 29 30 (a
2210 4339 9 30 )
2232 4341 52 23 cost
2293 4340 25 24 of

1778 4379 155 32 production,
1957 4380 40 31 (b)
2009 4379 105 24 interest
2133 4386 32 17 on
2178 4381 91 30 capital
2281 4382 36 22 in-

1778 4422 94 30 vested,
1881 4421 51 26 and
1940 4421 28 32 (c
1975 4423 8 30 )
1994 4421 145 25 reasonable
2146 4423 172 24 maintenance

2334 189 28 25 of
2370 190 102 24 himself
2479 191 49 23 and
2539 190 97 31 family.
2678 190 32 24 In
2726 189 43 25 the
2782 197 56 17 case
2849 188 27 24 of

2334 233 65 24 town
2411 240 28 18 or
2450 233 125 25 suburban
2587 233 68 29 laud,
2668 233 21 25 it
2700 240 88 18 means
2811 233 61 24 such

2333 277 55 22 rent
2401 284 27 15 as
2439 275 44 25 the
2494 277 89 23 tenant
2594 284 47 17 can
2653 275 73 32 fairly
2735 275 30 24 be
2773 277 97 29 expect-

2333 317 29 23 ed
2380 319 27 22 to
2429 325 49 23 pay
2498 318 27 24 m
2542 319 60 24 view
2624 319 27 24 of
2666 319 44 24 the
2729 318 142 30 productive

2333 359 112 31 capacity
2456 359 28 24 of
2505 360 44 24 the
2572 362 116 30 property
2700 360 71 33 (site,
2792 360 77 23 build-

2332 400 56 31 ings
2393 402 52 31 &c.)
2458 402 82 24 where
2550 403 35 24 let
2592 404 38 24 for
2641 404 116 24 business
2768 411 101 22 purpos-

2333 449 34 22 es,
2380 450 27 16 or
2418 443 28 24 of
2464 444 34 24 its
2519 446 177 24 conveniences
2725 445 51 24 and
2799 445 72 24 other

2333 484 152 31 advantages
2496 486 82 25 where
2590 489 35 23 let
2634 495 118 24 purposes
2764 487 28 24 of
2811 487 58 24 resi-

2333 526 80 24 dence.
2469 527 54 25 The
2543 529 68 24 main
2634 529 122 32 principle
2778 530 26 23 of
2826 529 44 24 the

2331 569 120 30 proposed
2468 578 115 17 measure
2594 571 21 24 is
2627 573 26 22 to
2677 579 84 18 secure
2784 579 15 16 a
2811 571 59 24 Fair

2332 612 65 27 rent,
2416 619 27 16 as
2453 612 59 25 thus
2524 613 105 28 defined,
2642 613 33 32 by
2686 622 16 17 a
2719 615 89 24 review
2820 614 49 24 and

2332 653 180 31 readjustment
2523 654 65 25 from
2597 655 58 25 time
2663 660 26 20 to
2701 656 62 24 time
2773 656 28 24 of
2806 657 61 23 exis-

2332 694 56 32 ting
2402 698 75 28 rents,
2502 698 27 22 at
2552 697 42 24 the
2611 698 113 25 instance
2741 698 28 25 of
2789 699 80 25 either

2331 738 115 24 landlord
2458 747 26 15 or
2496 741 98 29 tenant;
2604 741 51 23 and
2671 742 25 23 m
2709 743 72 23 order
2792 743 27 23 to
2830 750 38 16 as-

2333 778 45 24 sist
2390 780 43 23 the
2446 780 170 26 Government
2636 783 27 23 m
2675 782 129 32 obtaining
2825 784 44 24 the

2333 820 115 31 requisite
2457 822 161 26 information
2629 833 48 21 you
2686 833 41 16 are
2738 827 131 29 requested

2333 863 26 23 to
2370 862 31 25 be
2412 863 60 25 kind
2484 866 97 30 enough
2593 868 25 23 to
2636 875 94 16 answer
2742 875 27 16 as
2782 868 39 24 far
2841 877 28 17 as

2332 912 50 22 you
2394 912 46 17 can
2453 907 44 23 the
2513 908 128 30 questions
2661 909 27 24 m
2709 909 43 25 the
2774 918 95 16 accom-

2332 948 112 30 panying
2453 948 118 26 schedule
2583 952 51 22 and
2646 954 85 22 return
2744 954 44 24 the
2800 961 70 17 same

2333 990 26 23 to
2370 997 41 16 me
2423 989 83 25 before
2517 992 87 24 March
2615 994 39 23 15.
2689 994 27 24 If
2721 997 45 23 not
2773 997 96 23 return-

2333 1030 31 24 ed
2372 1031 88 25 within
2472 1034 42 23 the
2526 1034 60 24 time
2598 1036 82 24 stated
2691 1036 21 24 it
2724 1037 48 24 will
2783 1040 32 21 be
2825 1047 44 14 un-

2333 1072 116 26 derstood
2460 1074 56 25 that
2527 1084 49 22 you
2587 1085 42 16 are
2649 1081 44 22 not
2704 1081 121 29 prepared
2844 1082 26 23 to

2334 1115 88 32 supply
2433 1124 48 23 any
2499 1117 171 28 information.

2589 1164 109 24 Sydney
2714 1164 139 26 Weetman.

2414 1332 117 30 JAPAN
2560 1334 46 26 BY
2625 1337 24 24 J.
2670 1338 113 25 SYMES.

2369 1431 82 32 Japan
2460 1433 45 25 has
2517 1437 121 25 attracted
2650 1440 76 24 much
2749 1442 122 24 attention

2336 1470 89 33 during
2434 1473 42 25 the
2487 1477 56 28 past
2555 1476 46 23 few
2610 1485 79 23 years,
2700 1480 51 23 and
2762 1483 65 22 most
2835 1489 36 17 es-

2335 1512 103 31 pecially
2450 1513 91 32 during
2556 1515 43 24 the
2621 1516 47 25 few
2696 1519 103 24 months
2816 1520 55 25 that

2336 1551 105 30 country
2452 1551 44 24 has
2509 1552 60 24 been
2581 1555 27 23 at
2627 1562 50 17 war
2696 1556 61 24 with
2781 1557 89 26 China.

2336 1585 31 24 In
2378 1588 72 28 1876,
2474 1588 25 23 m
2512 1589 271 35 Newcastle-on-Tyne,
2795 1595 15 23 I
2822 1596 49 23 had

2336 1624 49 22 two
2397 1623 120 31 Japanese
2529 1627 82 31 pupils
2627 1631 26 21 to
2676 1630 83 24 whom
2788 1632 13 23 I
2822 1640 49 18 was

2336 1660 117 31 teaching
2463 1661 117 31 English.
2616 1665 75 25 Their
2703 1674 85 18 names
2810 1677 61 17 were

2336 1699 133 26 Hiramoto
2481 1702 49 24 and
2542 1703 151 28 Hiwamoto.
2729 1708 69 31 They
2809 1717 62 18 were

2337 1738 132 32 extremely
2480 1739 147 33 intelligent;
2641 1745 50 22 and
2710 1745 14 23 I
2736 1753 50 16 was
2813 1755 58 23 very

2337 1781 69 26 sorry
2417 1776 79 29 when,
2510 1785 44 16 one
2571 1778 61 25 after
2655 1781 42 23 the
2721 1782 69 24 other
2813 1784 58 32 they

2337 1813 63 25 died.
2435 1814 69 33 They
2527 1816 57 26 with
2609 1825 75 26 many
2696 1819 72 26 other
2789 1830 82 24 young

2336 1859 57 17 men
2409 1853 51 24 had
2472 1853 62 26 been
2547 1859 54 21 sent
2613 1858 26 23 to
2652 1858 100 31 Europe
2764 1861 25 23 to
2801 1861 69 24 learn

2336 1893 52 20 our'
2395 1890 110 29 Science,
2519 1893 57 24 Arts
2595 1895 50 23 and
2665 1897 101 29 general
2788 1905 67 23 ways
2865 1906 5 20 ;

2337 1927 50 25 and
2398 1927 41 25 the
2450 1933 100 26 present
2562 1939 49 16 war
2620 1932 81 24 show.3
2714 1933 66 24 what
2790 1934 80 30 splen-

2337 1968 42 24 did
2390 1976 42 16 use
2456 1969 42 24 the
2521 1969 124 33 Japanese
2668 1971 63 26 have
2751 1973 72 27 made
2846 1976 25 21 of

2338 2016 68 17 some
2417 2008 27 26 of
2460 2019 43 16 our
2514 2013 59 23 arts.
2829 2033 3 2 .

2371 2048 14 25 I
2409 2051 143 29 remember,
2571 2061 47 16 one
2639 2055 81 31 night,
2743 2059 63 25 after
2828 2069 44 16 our

2336 2088 96 28 lesson*
2455 2100 62 18 were
2539 2092 77 25 ended
2633 2095 49 24 and
2706 2096 90 35 during
2828 2101 44 25 the

2337 2136 84 19 course
2433 2132 27 23 of
2469 2133 179 31 conversation,
2661 2144 35 18 we
2710 2138 104 26 touched
2828 2150 42 22 up-

2337 2175 30 17 on
2381 2168 44 25 the
2444 2177 113 24 progress
2569 2172 26 24 of
2604 2173 81 31 Japan
2696 2175 28 24 m
2747 2177 42 23 the
2801 2178 69 24 Wes-

2337 2208 55 22 tern
2404 2210 59 27 arts,
2477 2211 50 26 &c,
2540 2212 50 23 and
2613 2220 48 17 one
2673 2214 27 24 of
2717 2215 70 24 them
2809 2218 61 29 said,

2420 2255 48 24 you
2488 2249 73 25 think
2581 2259 35 16 we
2628 2253 66 25 shall
2706 2254 28 25 be
2757 2258 72 29 equal
2846 2259 26 23 to

2338 2284 80 25 China
2429 2286 27 24 m
2470 2289 91 30 twenty
2572 2297 71 22 years
2652 2292 11 22 ?
2705 2292 14 23 I
2731 2300 50 17 was
2791 2293 81 26 rather

2338 2324 109 28 startled,
2460 2325 38 25 for
2520 2327 14 23 I
2554 2329 57 23 took
2622 2330 20 24 it
2655 2331 36 24 for
2701 2334 104 28 granted
2816 2334 56 24 that

2338 2362 46 25 the'
2392 2364 123 31 Japanese
2543 2374 63 18 were
2630 2371 126 23 conceited
2777 2375 95 29 enough

2337 2402 25 23 to
2374 2409 87 17 asurne
2472 2403 55 24 that
2538 2404 60 31 they
2609 2414 62 17 were
2694 2408 68 30 quite
2775 2409 97 26 abreast

2337 2439 25 24 of
2373 2435 43 28 ilhe
2433 2437 107 28 Chinese
2552 2450 26 16 as
2590 2442 19 24 it
2621 2451 59 18 was.
2716 2446 50 25 But
2790 2448 13 23 I
2822 2456 50 18 was

2338 2477 84 25 struck
2434 2477 60 24 with
2507 2479 40 24 the
2558 2481 97 25 modest
2666 2482 61 25 view
2739 2484 27 23 of
2786 2484 85 33 things

2338 2517 42 25 tho
2392 2525 83 25 young
2483 2526 58 19 men
2550 2519 58 26 had.
2644 2522 24 25 It
2680 2531 50 17 was
2743 2523 55 25 that
2810 2526 61 24 view

2338 2558 48 24 and
2397 2559 44 24 the
2453 2561 131 24 sentiment
2597 2561 26 25 of
2641 2562 106 32 genuine
2759 2564 111 32 modesty

2337 2597 82 24 which
2432 2599 44 23 has
2487 2599 99 24 worked
2606 2609 27 16 so
2653 2604 69 28 great
2745 2611 15 16 a
2766 2609 4 2 '
2777 2603 93 32 change

2337 2637 27 23 m
2375 2637 41 24 the
2428 2637 122 37 Japanese
2562 2641 112 26 nation,.,
2679 2641 83 31 .They
2774 2644 96 24 saw__in

2337 2670 198 44 Mrrje-'that-'they
2547 2679 88 31 might:
2639 2680 66 24 learri
2718 2682 76 23 much
2806 2682 63 25 from

2334 2719 44 24 the
2389 2715 146 34 Europeans
2545 2726 5 21 ;
2563 2718 51 24 and
2625 2719 58 31 they
2699 2720 60 25 have
2787 2721 81 26 learnt

2325 2758 37 24 it.
2397 2758 50 24 But
2457 2759 42 23 She
2512 2757 108 25 Chinese
2630 2767 64 16 were
2713 2761 40 23 too
2776 2761 91 31 stapid,

2334 2797 40 22 too
2387 2797 165 23 conservative
2561 2797 26 23 to
2599 2803 54 17 care
2660 2797 36 24 for
2707 2806 45 16 our
2763 2799 104 24 civilisa-

2326 2835 60 35 tion
2395 2842 6 20 ;
2414 2835 48 23 and
2475 2835 60 30 they
2545 2843 40 16 are
2701 2836 44 24 the
2756 2839 111 30 penalty.

2333 2872 31 23 In
2376 2872 46 23 less
2434 2872 63 23 than
2509 2874 92 29 twenty
2608 2881 71 24 years
2689 2874 47 24 the
2744 2874 127 31 Japanese

2333 2909 62 24 have
2404 2909 45 24 left
2460 2910 43 23 the
2521 2909 106 26 CMnese
2648 2910 33 25 all
2698 2910 91 26 belated
2799 2923 6 18 ;
2819 2914 50 24 and

2333 2948 145 25 henceforth
2487 2949 84 29 Japan
2578 2950 68 24 takes
2654 2950 44 25 her
2705 2952 106 28 plaqeas
2820 2961 48 15 one

2326 2984 34 25 of
2368 2986 42 23 the
2691 2990 41 23 the
2743 2990 85 30 worid,
2853 2999 15 16 a

2333 3031 81 23 power
2434 3026 26 23 to
2480 3024 38 29 be,
2533 3026 127 24 consulted
2679 3027 50 24 and
2747 3025 121 28 reckoned

2328 3062 66 25 )with
2406 3062 33 32 by
2451 3057 42 30 th'e
2505 3065 165 31 forernqs^-of
2679 3065 52 31 .tile
2755 3067 113 25 Western

2333 3102 106 24 nations.
2465 3123 95 4 ...

2366 3141 197 35 B^t-my.pjiject
2580 3149 60 18 now
2646 3149 21 18 is
2688 3145 43 23 not
2754 3146 26 22 tc
2784 3156 2 6 :
2801 3145 75 25 wsiie:

2324 3184 75 26 Aipon
2410 3181 82 29 Japan
2504 3188 28 17 so
2552 3182 77 23 much
2641 3189 29 18 sss
2680 3185 25 22 to
2717 3189 47 24 pen
2784 3192 15 16 a
2810 3187 66 22 note;

2334 3228 30 16 or.
2385 3221 49 22 two
2455 3221 137 30 respecting
2609 3221 48 24 the
2675 3222 88 31 doings
2776 3223 27 24 of
2826 3224 51 24 the-

2335 3257 94 23 Jesuits
2440 3255 78 28 there.
2526 3282 2 2 .
2554 3258 108 25 Francis
2668 3257 98 30 Xavier,
2785 3266 47 17 one
2845 3261 36 26 bf

2334 3294 43 24 the
2389 3294 66 30 early
2467 3294 103 28 Jesuits,
2584 3296 292 25 amosfrfanaticalirnV-

2335 3333 106 30 siomiry,
2453 3332 51 24 had
2514 3332 73 26 -been-
2599 3334 46 24 -for
2664 3342 21 16 at
2690 3334 59 32 long
2758 3336 62 24 time
2842 3336 35 24 m

2335 3373 80 27 India,
2427 3372 99 31 leading
2543 3381 15 15 a
2570 3373 108 26 reckless
2678 3382 5 11 5
2695 3374 51 28 life*
2759 3379 110 20 convert-

2334 3411 43 31 ing
2388 3412 86 29 people
2483 3411 26 24 m
2521 3413 66 22 most
2596 3412 134 24 ridicu&us
2740 3421 75 22 ways,
2825 3414 53 24 but;

2335 3457 28 16 as
2371 3448 32 24 he
2415 3449 64 27 said,'
2514 3449 126 30 disgusted
2653 3450 59 23 with
2725 3451 43 24 the
2791 3452 88 23 thick-

2335 3485 156 28 headedness'
2497 3486 26 24 of
2530 3486 40 24 the
2579 3487 230 33 In'diana=and'tliejr
2815 3492 61 30 prb-'

2332 3518 101 38 pen'sity
2456 3525 30 22 ta
2494 3532 131 16 enormous
2638 3525 100 34 viefl.'^
2764 3525 41 24 He
2827 3527 58 23 leTlf

2336 3562 72 23 India
2420 3564 27 22 to
2457 3570 46 21 pay
2514 3570 32 16 an
2558 3563 186 30 apostoliewisit
2753 3567 26 21 to
2791 3565 86 30 Japan>

2363 3598 19 26 I'
2388 3601 65 24 have
2463 3600 63 25 been
2698 3610 57 23 says
2767 3603 40 29 he,
2848 3605 37 23 of^

2337 3646 32 16 an
2376 3638 89 28 island;
2484 3638 84 31 Japan,
2582 3640 113 24 situated
2702 3648 61 16 near
2784 3640 87 30 Chios,

2336 3676 130 24 inhabited
2535 3671 126 31 heathens
2674 3677 78 29 alone,
2768 3682 45 21 not
2841 3676 40 34 ty-

2337 3715 182 28 Mahometans,
2532 3717 48 22 rior
2595 3716 39 30 by'
2639 3717 73 28 Jfows;
2725 3718 50 22 and
2785 3718 101 24 thaskife-

2337 3753 114 23 contains
2457 3760 57 15 men
2531 3753 186 24 endowecSwish
2729 3755 64 28 good
2808 3762 73 16 mor-

2337 3790 47 27 als,
2394 3785 66 27 nabst
2481 3789 145 29 inquisitive
2646 3798 66 21 naen,
2725 3790 149 31 intelligent,

2337 3835 72 22 eager
2418 3827 38 23 for
2465 3827 119 24 novelties
2593 3829 140 30 respecting
2742 3828 66 29 God,
2815 3830 61 23 Both

2337 3864 99 28 natural
2444 3864 49 23 and
2504 3864 83 24 divine
2595 3866 119 24 novelties
2725 3868 151 29 concerning

2338 3903 66 24 GodL
2434 3903 19 24 I
2470 3904 62 23 have
2556 3904 112 25 reso&sd
2696 3906 27 23 to
2730 3927 4 2 .
2752 3913 54 16 see*-
2820 3906 57 24 that

2371 3979 56 23 The
2437 3979 86 23 reader
2534 3979 53 23 will
2597 3980 46 22 msb
2660 3978 83 25 fail'to
2752 3981 61 26 note,
2821 3981 57 25 that

2339 4016 94 22 Xavier
2455 4014 68 31 gives
2541 4016 41 22 the
2611 4015 122 30 Japanese

2340 4052 129 24 ebai*acter
2481 4052 60 24 such
2553 4059 27 17 as
2588 4060 35 17 s
2629 4052 71 25 other
2707 4051 89 29 naiSbn'
2806 4055 77 25 could;

2340 4091 73 24 boast
2431 4091 33 25 of.
2800 4108 5 3 -
2841 4100 6 21 ;

2375 4127 69 24 After
2453 4128 93 23 Xavier
2556 4128 50 24 bad
2618 4136 59 17 seen
2689 4129 48 25 th*
2757 4129 128 31 Japanese

2341 4165 33 23 he
2392 4165 63 26 said,
2499 4164 44 24 the
2565 4173 81 23 pagan
2657 4167 87 30 people
2756 4167 26 23 of
2801 4167 84 30 Japan

2343 4202 67 24 excel
2420 4203 32 23 all
2461 4203 72 24 other
2544 4204 100 24 nations
2653 4204 78 31 lately
2742 4204 122 26 discovers
2881 4202 17 33 3

2343 4242 28 22 m
2382 4241 79 23 virtue
2471 4242 51 23 and
2533 4242 106 31 probity.
2676 4243 71 31 They
2775 4251 45 17 are
2843 4252 41 16 ex-

2344 4278 128 31 ceedingly
2502 4278 120 25 tractable
2651 4279 51 26 and
2729 4288 58 23 very
2808 4281 77 24 much

2345 4325 84 17 averse
2441 4320 26 22 to
2648 4319 71 26 Each
2727 4328 62 19 man
2797 4320 23 26 is
2828 4329 58 17 con-

2346 4356 53 22 tent
2411 4356 60 23 with
2484 4363 46 16 one
2541 4356 62 24 wife.
2842 4361 3 5 '
2880 4367 5 15 ;

2380 4391 14 23 I
2405 4391 64 25 have
2481 4399 76 17 never
2570 4400 59 18 Been
2639 4402 48 24 any
2699 4396 87 32 people
2809 4385 89 43 either-'

2333 4430 7 13 *
2347 4435 92 26 among
2457 4429 147 27 barbarians
2632 4439 28 17 or
2688 4432 155 29 elmstians,'
2865 4440 31 18 so

2904 195 85 18 averse
3001 188 146 32 totheiving
3167 188 67 25 Most
3246 189 27 25 of
3279 190 70 24 them
3356 190 84 27 follow

2904 227 113 31 opinions
3026 228 28 23 of
3059 228 93 24 certain
3160 228 98 24 ancient
3266 228 174 33 philosophers

2903 265 26 24 of
2940 265 84 24 theirs:
3043 273 70 17 some
3129 265 74 25 adore
3215 266 41 24 the
3273 266 60 29 Sun,
3352 266 89 26 others

2902 305 44 23 the
2958 305 83 24 Moon.
3077 305 74 24 Their
3169 306 143 24 conscience
3330 306 23 24 is
3364 314 73 24 regu-

2902 341 67 24 lated
2989 341 32 31 by
3038 341 43 25 the
3104 342 103 25 dictates
3225 343 27 24 of
3266 343 68 31 right
3349 348 90 20 nature

2902 381 51 23 and
2960 380 43 24 the
3014 381 166 29 probabilities
3201 382 27 25 of

2935 419 112 25 Another
3059 420 81 25 Jesuit
3152 430 55 16 says
3219 421 26 25 of
3256 422 43 24 the
3311 422 126 30 Japanese

2931 456 13 24 I
2956 457 63 24 shall
3036 458 48 23 add
3095 458 46 24 but
3151 466 47 16 one
3209 459 104 29 remark,
3336 460 101 24 -whence

2901 503 49 23 you
2961 504 57 23 may
3029 498 77 29 easily
3115 497 74 30 judge
3201 498 55 24 how
3273 499 69 30 great
3358 499 22 24 is
3391 499 47 24 the

2901 534 144 25 inclination
3057 536 28 24 of
3094 536 43 24 the
3148 536 123 31 Japanese
3282 541 27 21 to
3328 538 110 24 human-

2901 578 36 29 ity
2955 578 48 22 and
3025 578 113 31 religion.
3174 579 82 24 When
3275 579 109 31 fatigued
3403 580 32 31 by

2901 625 40 22 my
2950 616 114 31 journey,
3076 618 91 24 almost
3187 626 129 16 overcome
3332 618 31 31 by
3386 620 50 23 dis-

2901 661 65 20 ease,
2977 654 15 23 I
3003 654 92 24 tarried
3106 655 26 24 m
3145 663 15 16 a
3180 656 95 23 certain
3288 656 49 30 city
3358 655 26 25 of
3394 656 44 24 the

2901 691 151 25 barbarians.
3087 693 14 23 I
3113 692 43 25 felt
3169 701 31 16 no
3212 693 80 24 desire
3303 693 38 24 for
3361 693 58 25 food
3429 701 8 21 ;

2901 731 59 28 still,
2973 731 48 24 lest
3032 733 15 22 I
3059 732 90 23 should
3161 733 105 31 entirely
3278 733 124 29 succumb,

2901 770 112 31 loathing
3024 771 66 23 their
3109 771 49 24 rice
3181 771 51 24 and
3249 772 83 30 putrid
3342 772 58 28 fish,
3423 773 15 23 I

2901 809 57 22 sent
2980 815 68 17 some
3077 816 46 16 one
3149 810 24 22 to
3200 809 50 31 buy
3278 817 67 23 eggs.
3396 810 42 24 He

2901 847 107 30 brought
3019 847 27 24 m
3058 847 41 25 the
3107 856 59 23 eggs
3175 849 50 24 and
3233 849 42 24 the
3285 857 91 24 money
3384 851 54 23 also

2902 884 80 24 When
2994 885 14 23 I
3019 886 76 24 asked
3106 886 54 31 why
3172 887 43 23 the
3227 895 90 24 money
3327 896 52 16 was
3398 896 38 16 re-

2902 923 98 29 turned,
3021 924 33 24 he
3082 925 54 24 said
3157 926 56 24 that
3235 927 44 24 the
3296 927 140 25 barbarians

2902 960 80 24 would
2991 965 43 20 not
3045 962 45 23 sell
3103 971 57 23 eggs
3170 971 33 16 on
3212 963 54 25 that
3276 964 47 31 day
3333 966 103 24 because

2901 997 20 24 it
2933 1005 49 16 was
2994 998 64 24 their
3071 1000 110 24 Sabbath
3216 1001 45 24 but
3273 1004 56 22 that
3337 1011 28 16 as
3377 1003 59 31 they

2901 1044 63 16 were
2975 1038 98 23 wanted
3084 1038 38 25 for
3130 1047 15 15 a
3155 1040 52 23 sick
3215 1048 68 20 man,
3296 1042 57 30 they
3363 1043 73 24 made

2902 1081 38 15 me
2951 1082 14 14 a
2976 1078 100 24 present
3095 1076 28 23 of
3144 1077 92 24 them.''

2963 1225 49 24 AN
3030 1226 335 28 ARTIST-DETECTIVE.

2939 1302 52 24 The
3019 1303 126 33 followirg
3168 1308 67 29 story
3259 1307 22 24 is
3292 1309 94 23 related
3414 1310 27 24 of

2906 1339 189 32 Gainsborough
3102 1341 27 24 m
3141 1342 40 25 his
3193 1344 85 30 youth.
3314 1345 80 25 While
3405 1347 33 25 he

2904 1385 49 16 was
2961 1378 79 31 living
3052 1381 26 22 at
3091 1379 119 33 Sudbury,
3222 1382 28 24 m
3272 1383 104 29 Suffolk,
3389 1393 49 17 one

2904 1416 27 23 of
2941 1416 40 24 his
2993 1416 149 31 neighbours
3151 1419 47 24 had
3210 1419 39 25 his
3261 1422 104 24 orchard
3381 1424 55 23 rob-

2904 1452 46 25 bed
2961 1453 146 33 frequently,
3128 1456 103 25 without
3248 1458 73 31 being
3339 1459 56 25 able
3410 1462 26 23 to

2904 1490 110 24 discover
3024 1491 44 24 the
3079 1492 68 23 theif.

2937 1529 91 32 Young
3059 1531 190 33 Gainsborough
3271 1535 91 32 having
3389 1544 47 17 one

2903 1577 110 16 summer
3035 1571 121 31 morning,
3186 1573 65 24 risen
3270 1575 26 22 at
3316 1582 33 16 an
3369 1576 67 31 early

2902 1608 71 27 hour,
2986 1609 49 23 and
3047 1610 92 23 walked
3155 1611 53 24 into
3229 1612 40 23 the
3292 1614 91 28 garden
3409 1616 26 23 to

2902 1646 72 24 make
2986 1654 15 16 a
3014 1647 84 23 sketch
3110 1647 62 24 from
3184 1656 32 16 an
3228 1649 41 24 old
3281 1650 56 29 elm,
3351 1652 84 23 seated

2902 1682 104 24 himself
3014 1684 26 22 m
3052 1692 33 16 an
3097 1684 102 25 obscure
3210 1694 92 21 corner,
3316 1688 49 24 and
3386 1689 49 24 had

2901 1720 54 32 just
2967 1721 73 24 taken
3052 1722 40 24 his
3104 1723 70 24 chalk
3187 1725 25 23 to
3224 1725 82 30 begin,
3318 1726 71 24 when
3401 1727 33 24 he

2904 1758 117 23 observed
3033 1767 14 15 a
3058 1759 100 24 fellow's
3177 1760 65 24 head
3378 1771 57 16 over

2904 1796 41 24 the
2956 1796 57 24 wall
3024 1796 27 24 of
3060 1797 42 24 the
3114 1797 99 31 garden,
3228 1799 79 25 which
3316 1807 51 17 was
3374 1802 62 23 next

2904 1833 40 23 the
2956 1833 66 28 road,
3036 1833 60 25 with
3106 1842 31 16 an
3150 1837 119 29 apparent
3275 1836 125 25 intention
3411 1838 29 25 of

2904 1873 82 30 seeing
2996 1873 21 23 if
3026 1873 41 23 the
3078 1875 69 23 coast
3158 1882 51 16 was
3221 1875 72 23 clear.
3318 1877 40 23 He
3367 1877 70 24 made

2904 1917 15 17 a
2930 1910 93 29 sketch,
3036 1919 68 22 upon
3116 1919 13 15 a
3141 1912 80 30 rough
3237 1912 83 30 board,
3344 1914 26 24 of
3392 1914 49 25 the'

2903 1949 64 27 hea.d
2979 1949 26 24 of
3014 1950 43 23 tho
3068 1958 71 25 nianj
3153 1951 49 26 and
3214 1959 27 19 go
3262 1954 111 26 accurate
3384 1960 57 21 was.

2905 1992 42 26 the
2956 1993 174 30 resemblance,
3144 1992 56 27 that
3211 1995 32 24 he
3255 2002 48 17 was
3315 1992 122 35 instantly

2904 2034 90 24 known
3006 2035 25 23 to
3043 2034 30 24 be
3082 2042 15 16 a
3108 2042 59 16 man
3178 2034 64 24 from
3254 2042 15 16 a
3290 2034 146 32 neighbour-

2903 2071 45 30 ing
2959 2072 98 30 village,
3070 2072 57 28 and,
3141 2079 66 23 upon
3219 2080 15 16 a
3252 2072 64 24 close
3328 2073 108 31 inquiry,

2904 2110 90 30 proved
3005 2111 26 23 to
3042 2109 31 25 be
3085 2110 42 24 the
3146 2110 81 24 fellow
3238 2111 55 23 who
3313 2111 50 23 had
3382 2112 55 23 rob-

2903 2147 48 24 bed
2962 2147 43 24 the
3017 2148 101 30 garden.

2987 2319 23 23 A
3030 2318 127 28 QUAINT
3186 2318 166 26 EEPROOF.

2937 2398 21 24 A
2969 2399 50 24 late
3043 2398 154 25 well-known
3217 2399 109 24 member
3346 2399 27 25 of
3392 2399 45 25 the

2905 2439 108 26 Scottish
3024 2441 53 29 bar,
3090 2441 74 24 when
3173 2448 14 17 a
3198 2440 86 32 yottth,
3296 2450 48 16 was
3356 2450 79 16 some-

2903 2483 71 31 thing
2985 2483 26 24 of
3021 2492 15 15 a
3047 2483 88 31 dandy,
3149 2484 50 23 and
3218 2484 54 23 also
3298 2485 136 23 somewhat

2903 2525 74 31 sharp
2990 2526 48 23 and
3050 2526 67 24 short
3142 2526 28 23 m
3186 2526 39 24 his
3248 2528 106 28 temper..
3394 2526 41 25 He

2902 2577 50 17 was
2961 2568 75 32 going
3045 2571 25 22 to
3084 2576 47 23 pay
3148 2577 15 15 a
3174 2568 57 24 visit
3241 2568 27 24 m
3279 2568 44 25 the?
3333 2570 99 30 country

2902 2612 46 23 and
2957 2619 51 16 was
3024 2610 110 31 making-
3138 2618 19 17 a.
3164 2612 69 29 great
3237 2610 19 24 :f
3257 2617 40 17 ass
3309 2610 75 28 a%>tit
3396 2612 38 23 his

2900 2653 131 32 preparing
3039 2653 216 30 and.the.putting
3265 2661 40 22 up.
3311 2653 45 24 his
3363 2653 71 24 babi-

2900 2696 110 23 liments.
3044 2695 49 24 His
3105 2707 3 9 :
3127 2694 41 25 old
3195 2698 60 21 aunt
3265 2716 4 3 .
3281 2703 49 16 was
3358 2695 78 24 ffieach

2901 2737 112 31 annoyed
3023 2739 25 23 at
3056 2738 34 23 ail
3099 2737 51 24 this
3172 2737 79 24 bustle
3264 2738 49 23 and
3333 2739 102 29 stored

2900 2780 54 25 him
2971 2780 32 29 by
3020 2781 42 23 the
3077 2780 145 25 :.somewliat
3244 2779 191 30 contemptiiotts.

2900 2824 123 31 question,
3030 2824 6 10 '
3064 2823 116 23 Whaar's
3187 2823 56 23 ibis
3254 2826 85 27 you're
3359 2824 89 29 garri3y_

2886 2865 2 22 i
2900 2866 102 26 Bobbie,
3017 2866 55 22 tbat
3083 2873 28 22 ye
3123 2864 59 24 mak
3194 2865 36 23 sic
3240 2873 22 20 a.
3276 2865 79 30 grand
3367 2864 71 24 warfe

2900 2907 75 24 about
3000 2915 44 23 yer
3205 2905 68 25 -The.
3292 2914 147 23 younginare

2899 2949 50 25 lost
2959 2951 38 22 his
3017 2952 97 27 temper
3124 2949 49 24 and
3195 2949 117 29 pettishly
3335 2949 104 30 replied*

2901 2995 18 11 *
2926 2991 49 24 I'm
2987 2991 75 30 going
3085 2993 29 22 to
3123 2991 43 24 the
3184 2989 66 25 devil
3301 3015 18 3 ...

2899 3033 103 28 Bobbie,
3132 3041 52 16 was
3195 3032 45 25 the
3251 3033 70 30 *gaiet
3333 3041 106 19 answer,.

2967 3075 94 24 needno
3072 3075 33 24 be
3125 3083 45 17 ac
3179 3076 52 23 nice
3240 3081 10 22 ;
3258 3075 61 24 Ise'll
3328 3074 54 31 jiist
3394 3075 44 24 tak

2900 3126 30 21 ye
2940 3125 28 17 as
2978 3125 30 22 je
3169 3118 23 27 ';."
3217 3127 12 12 -.

2964 3267 61 24 THE
3045 3267 182 24 NICARAGUA
3247 3267 81 24 NAL.

2935 3318 48 23 Mr.
3006 3316 108 31 Malory,:
3131 3316 43 23 the
3195 3314 136 25 Chaiaaaan
3350 3314 25 24 of
3396 3314 42 24 the

2902 3361 142 29 Nicaragua*
3070 3358 82 25 CaaiaJll
3176 3357 147 25 Comnaflstee
3345 3357 26 24 of
3392 3357 46 24 the

2901 3403 89 23 Lower
3088 3419 10 9 r
3262 3398 113 24 iMerica
3385 3398 54 25 will

2902 3446 45 22 not
2958 3446 102 22 coasenb
3071 3444 31 22 to-
3116 3441 179 24 Hiternationai
3306 3441 97 29 contyol
3414 3441 30 24 of
3443 3461 2 2 .

2903 3486 44 24 the
2959 3484 90 26 GasmlL
3098 3489 5 3 '
3128 3479 4 8 '
3188 3495 4 15 ;
3209 3508 16 2 ..
3255 3488 125 22 .'"';.
3414 3489 4 6 '

3077 3622 89 24 TOLD
3188 3622 44 24 YO

2942 3707 41 23 An
2992 3706 43 23 Ml
3044 3706 68 30 Ikely,'
3122 3707 55 23 who
3189 3706 87 24 was?Sn
3288 3705 43 24 tho
3340 3705 113 25 lialfifeaf

2907 3747 137 29 declaaimg^
3182 3747 5 11 ;
3191 3751 146 28 oefitttrei]|'ce
3356 3747 28 23 o
3397 3755 52 23 axtj

2907 3785 160 32 eveatjJtWT
3075 3787 42 24 she
3128 3787 51 24 Had
3190 3785 107 33 ..gnaEef
3299 3789 30 23 ed
3347 3789 36 27 it^-
3397 3797 53 16 was

2908 3837 114 23 ODfcoaiy.
3019 3830 112 30 Beverly;
3137 3834 17 22 V
3163 3830 81 25 adSfli'*
3252 3830 37 32 by
3296 3830 46 32 he^
3343 3835 7 10 r
3350 3831 100 32 -wfi*thy
3446 3834 8 14 r

2909 3879 87 27 sfeii^e
2998 3886 11 15 fe
3017 3872 57 23 -wibo
3074 3889 13 12 r
3090 3872 50 26 !ike
3140 3878 89 25 ;raonty
3227 3889 5 13 :
3238 3872 218 32 ot^ers.w^inow.

2910 3914 52 24 bad!
2971 3916 46 29 ggEk
3023 3914 65 24 tired
3098 3914 26 24 of
3133 3914 164 31 hraaikiiglier
3306 3918 97 24 ettiaaal
3439 3917 16 26 I

2910 3956 54 24 taldi
2975 3964 48 23 yon
3122 3957 185 33 Rslaaiag<into
3316 3959 46 24 the
3368 3960 87 28 bouse,

2898 3997 4 37 I
2910 3997 140 26 breathless
3061 3998 60 23 with
3134 3992 101 31 eM&lif
3234 4006 5 7 ;
3239 4004 58 25 iient,
3306 4001 34 24 he
3347 4001 109 33 dropped

2899 4042 3 23 j
2912 4040 55 25 imto
2974 4047 16 16 a
3000 4039 77 28 chair,
3090 4036 114 29 eleKaAad
3211 4041 46 26 3iis
3265 4043 82 24 hands
3356 4044 50 23 and
3415 4052 41 17 cx-

2900 4089 2 17 i
2914 4082 118 24 claimed:

2949 4128 18 18 v
2976 4124 47 28 Oh,
3036 4131 42 24 my
3087 4124 74 26 dsar-*
3173 4127 72 25 vhat
3262 4128 32 24 do
3305 4136 49 24 you
3365 4128 95 27 think?

2915 4166 54 25 The
2980 4166 40 23 old
3032 4166 112 26 cowifcaa
3166 4176 65 23 gone
3253 4171 50 23 and
3323 4174 81 22 -eaten
3427 4180 35 24 up

2916 4216 46 16 our
2973 4208 149 30 grindskssae
3135 4210 8 24 t

2917 4250 53 24 The
2981 4250 41 23 old
3033 4249 60 32 l&5y
3112 4257 54 19 -was
3185 4253 85 31 ready,
3289 4254 60 30 and,
3372 4255 90 35 hardly

2917 4291 106 35 waiting
3042 4293 28 24 ta
3086 4291 63 26 hear
3174 4293 45 27 the
3246 4295 49 26 last
3317 4298 75 28 word,
3417 4299 45 25 she

2919 4335 129 26 screfUP.fcd
3059 4337 44 22 out
3112 4344 6 16 :

2909 4398 2 2 .
2915 4394 18 16 _:
2948 4374 23 26 >
2979 4378 14 25 I
3002 4377 53 24 told
3065 4384 50 24 you
3134 4381 44 23 So!
3208 4379 58 25 You
3286 4382 82 26 would
3385 4382 35 28 let
3443 4384 22 33 i$

2903 4445 11 8 o
2929 4419 63 27 tahd
3002 4420 44 26 out
3055 4419 29 27 o
3091 4419 74 28 doors

2902 4451 12 10 a
3028 4460 7 1 ..
3108 4455 4 3 *
3315 4451 112 9 '*-

1154 38 176 33 OXFORD
1374 39 232 31 OBSERVER
1651 39 238 37 SATURDAY,
1956 41 151 31 MARCH
2150 45 30 33 2,
2268 43 79 29 1895
