4260 5920
2460 206 151 39 Mount
2653 207 159 47 Benger
2855 203 119 39 Mail.

2597 316 62 19 JUST
2679 316 54 20 AND
2754 316 68 19 FEAR

2512 408 118 25 FRIDAY,
2644 406 163 22 NOVEMBER
2825 408 33 24 19,
2879 406 54 21 1897.

2587 498 88 43 Land
2703 496 39 42 of

2450 589 43 28 An
2503 585 165 39 interesting
2676 585 71 30 little
2757 584 145 37 brochure,
2910 583 91 30 issued

2451 629 87 27 under
2551 629 47 26 the
2612 628 86 26 above
2720 626 61 27 title
2791 626 38 36 by
2846 625 46 28 Mr
2917 625 86 26 Trant

2452 667 159 36 Chambers,
2625 667 49 28 has
2686 665 59 40 just
2757 664 117 30 readied
2909 675 31 18 lis
2966 664 37 37 by

2451 710 46 27 the
2528 714 126 28 courtesy
2686 707 29 29 of
2749 707 47 28 the
2832 707 73 27 Hon.
2937 705 66 29 Geo.

2452 749 136 33 Throssel,
2617 747 213 30 Commissioner
2850 747 29 28 of
2906 745 97 30 Crown

2451 790 92 30 Lands
2578 789 44 29 for
2654 788 82 30 West
2758 787 149 30 Australia.
2946 787 57 28 The

2451 830 143 39 pamphlet
2630 830 49 28 has
2717 830 70 27 been
2824 829 109 28 written
2968 829 36 36 by

2452 871 139 37 authority
2605 870 71 29 from
2689 869 47 29 the
2750 869 81 29 West
2844 867 159 30 Australian

2453 912 196 28 Government,
2689 910 53 27 and
2771 910 45 27 Mr
2854 908 150 29 Chambers

2456 952 80 36 (who,
2551 951 22 29 if
2588 961 40 19 we
2646 951 117 28 mistake
2787 952 57 33 not,
2870 960 55 18 was
2949 949 41 28 for-

2453 993 87 37 merly
2583 1003 16 17 a
2637 992 124 28 member
2804 991 28 28 of
2858 991 47 27 the
2936 990 67 28 New

2452 1033 119 29 Zealand
2583 1032 69 30 Civil
2660 1031 180 34 Service,well
2852 1031 51 27 and
2916 1040 70 28 popu-

2453 1074 69 37 larly
2557 1075 101 28 known
2684 1074 28 27 in
2743 1072 186 37 Wellington)
2954 1071 49 28 hns

2451 1115 71 27 done
2551 1115 42 28 his
2619 1114 76 28 work
2721 1112 179 38 exceedingly
2933 1112 68 27 well.

2451 1155 57 30 The
2546 1154 140 41 pamphlet
2724 1156 128 37 purports
2899 1156 29 26 to
2968 1152 34 29 be

2451 1198 98 36 simply
2559 1208 16 16 a
2582 1197 76 28 short
2670 1200 118 24 account
2796 1195 29 27 of
2841 1194 47 28 the
2907 1194 79 28 condi-

2451 1238 57 27 tion
2522 1238 53 28 aud
2589 1246 140 19 resources
2743 1236 28 28 of
2784 1236 46 28 the
2848 1235 97 36 colony
2971 1234 28 28 of

2453 1278 127 29 Western
2594 1276 135 37 Austalia,
2743 1276 53 29 and
2811 1276 28 28 in
2857 1276 46 29 the
2931 1274 70 30 brief

2449 1330 80 28 space
2543 1319 28 29 of
2584 1319 72 38 sixty
2669 1329 85 28 pages
2770 1318 46 27 the
2829 1317 99 28 author
2950 1316 49 28 has

2450 1360 135 39 managed
2599 1364 28 24 to
2640 1359 136 29 condense
2787 1369 16 16 a
2814 1361 61 25 vast
2885 1362 112 25 amount

2448 1403 29 27 of
2491 1402 68 28 solid
2573 1401 185 33 information,
2773 1399 89 28 which
2875 1399 23 28 is
2917 1398 80 37 given

2448 1440 374 39 inaveryreadablefashion.
2849 1439 44 27 Mr
2900 1438 78 28 Cham-

2449 1483 62 26 bers
2540 1482 75 27 deals
2641 1481 64 26 with
2733 1480 47 27 the
2807 1478 193 35 development

2448 1520 29 26 of
2491 1528 81 27 every
2586 1517 146 29 industrial
2755 1516 54 28 and
2828 1514 171 30 commercial

2449 1558 103 28 branch
2564 1558 28 28 in
2605 1558 47 28 the
2663 1556 97 37 colony
2775 1555 87 29 under
2874 1559 125 33 separate

2448 1598 145 38 headings,
2608 1598 50 28 but
2672 1597 44 29 for
2728 1597 46 28 the
2783 1594 112 38 general
2907 1595 93 28 reader

2448 1640 27 28 in
2490 1640 79 29 other
2581 1638 119 31 colonies
2719 1636 135 40 probably
2869 1636 46 28 the
2928 1640 73 24 most

2448 1681 165 37 interesting
2627 1680 126 37 chapters
2763 1678 53 27 will
2832 1678 33 26 be
2878 1677 78 27 those
2966 1686 32 18 on

2448 1721 66 29 land
2540 1721 158 29 settlement
2727 1718 55 29 and
2809 1718 47 28 the
2895 1716 107 37 mining

2449 1761 136 34 industry.
2644 1759 58 28 The
2753 1757 156 29 conditions
2957 1756 46 28 for

2448 1801 144 40 acquiring
2610 1800 65 29 land
2700 1800 27 27 in
2755 1798 79 28 West
2862 1796 139 29 Australia

2449 1855 44 17 are
2508 1854 65 27 very
2595 1840 174 37 attractively
2792 1838 149 39 presented
2964 1838 36 36 by

2451 1885 44 27 Mr
2522 1883 159 34 Chambers,
2707 1881 53 27 and
2784 1880 69 27 have
2883 1880 33 26 all
2956 1879 47 27 the

2449 1932 169 29 appearance
2634 1923 28 27 of
2688 1921 85 36 being
2800 1923 72 24 most
2898 1918 105 29 liberal.

2451 1963 40 30 On
2516 1966 132 35 payment
2668 1961 28 30 of
2723 1962 31 27 £1
2785 1960 51 34 fee,
2862 1968 54 28 any
2942 1968 46 28 per-

2451 2015 47 18 son
2514 2004 61 28 who
2597 2003 24 29 is
2646 2003 56 28 sole
2724 2001 71 28 head
2818 2000 28 29 of
2872 2010 15 17 a
2910 1999 93 37 family

2451 2057 30 17 or
2507 2057 15 16 a
2548 2045 69 28 male
2650 2043 29 30 of
2710 2042 129 38 eighteen
2872 2052 79 25 years
2975 2051 31 16 or

2451 2085 136 36 upwards,
2602 2095 61 27 may
2678 2094 77 18 come
2771 2082 57 27 into
2842 2080 161 35 occupation

2451 2126 28 28 of
2493 2137 14 16 a
2531 2125 57 28 free
2602 2128 82 35 grant
2697 2125 28 26 in
2751 2133 52 26 any
2830 2122 30 27 of
2883 2121 47 27 the
2946 2130 44 17 sur-

2452 2166 86 37 veyed
2566 2165 98 29 Crown
2689 2162 79 31 lands
2794 2167 42 24 set
2861 2165 79 34 apart
2976 2170 29 19 as

2479 2207 179 37 agricultural
2672 2215 76 19 areas
2801 2203 27 28 in
2851 2203 46 26 the
2911 2202 77 28 south-

2452 2252 115 24 western
2581 2258 30 17 or
2624 2251 72 24 most
2721 2243 90 30 fertile
2841 2242 116 29 division
2977 2243 28 27 of

2453 2289 45 27 the
2512 2288 106 37 colony,
2634 2299 30 17 or
2678 2288 25 26 in
2719 2297 54 26 any
2796 2284 78 29 other
2901 2288 60 33 part
2982 2283 22 28 if

2452 2328 118 29 situated
2584 2329 95 27 within
2695 2328 34 27 40
2752 2325 77 29 miles
2853 2325 28 28 of
2902 2336 15 16 a
2943 2325 49 28 rail-

2453 2381 66 24 way,
2541 2370 53 26 and
2621 2370 77 26 these
2724 2366 177 36 agricultural
2928 2376 76 17 areas

2452 2419 53 24 are,
2519 2420 30 18 as
2566 2420 16 16 a
2596 2413 100 25 matter
2719 2408 28 28 of
2761 2407 66 33 fact,
2842 2415 29 18 so
2886 2405 117 29 situated

2451 2450 82 37 along
2547 2450 47 27 the
2619 2450 108 28 various
2751 2447 109 36 railway
2888 2447 66 27 lines
2977 2447 25 26 in

2453 2491 44 27 the
2512 2490 106 38 colony.
2659 2490 57 28 The
2737 2494 95 22 extent
2852 2487 29 28 of
2906 2498 15 16 a
2947 2486 56 29 free

2452 2539 82 31 grant
2545 2536 28 23 to
2587 2542 54 28 any
2654 2542 51 18 oue
2719 2529 140 38 applicant
2870 2535 72 20 must
2957 2531 46 24 not

2451 2574 101 28 exceed
2569 2576 8 27 1
2586 2574 34 28 GO
2635 2583 84 24 acres,
2733 2570 52 29 and
2811 2570 31 26 he
2863 2576 73 20 must
2957 2572 46 24 not

2451 2620 28 22 at
2493 2615 45 28 the
2559 2615 66 28 time
2651 2614 29 28 of
2695 2614 45 27 the
2754 2617 83 31 grant
2852 2609 62 27 hold
2930 2619 73 17 more

2453 2655 63 29 than
2533 2657 50 28 100
2598 2666 75 19 acres
2693 2654 28 28 in
2750 2652 120 28 addition
2887 2650 114 27 thereto.

2456 2700 15 23 A
2479 2698 54 27 fter
2541 2699 103 26 havino-
2655 2694 123 29 received
2789 2694 45 25 the
2844 2692 56 26 free
2911 2695 91 31 grant,

2625 2722 16 11 n
2864 2730 5 4 *

2451 2737 134 35 however,
2594 2737 46 27 the
2654 2734 96 29 holder
2761 2742 61 26 may
2834 2733 83 25 select
2930 2740 71 16 more

2454 2778 61 27 laud
2532 2779 88 28 under
2632 2777 47 28 the
2702 2774 78 28 other
2801 2771 80 29 comii
2898 2771 58 27 ions
2977 2772 27 26 of

2454 2819 46 28 the
2521 2819 62 28 land
2611 2815 168 39 regulations
2800 2823 35 17 on
2862 2812 47 27 the
2932 2821 73 17 same

2455 2864 84 24 terms
2560 2869 29 18 as
2615 2865 106 29 anyone
2736 2854 63 29 else.
2844 2852 8 27 1
2865 2853 63 27 hese
2940 2862 48 17 con-

2454 2902 100 27 ditions
2594 2896 131 36 certainly
2764 2904 45 19 ate
2855 2892 149 37 extremely

2456 2941 103 36 liberal,
2582 2941 79 28 other
2686 2938 212 27 circumstances
2923 2934 83 36 being

2455 2983 88 38 equal.
2583 2982 73 35 Very
2671 2977 93 31 liberal
2780 2975 52 27 and
2860 2985 63 25 easy
2950 2974 56 27 also

2455 3033 45 19 are
2525 3023 44 28 '.lie
2595 3024 85 26 terms
2705 3018 43 28 for
2769 3017 46 26 the
2841 3014 163 29 conditional

2455 3064 134 34 purchase
2632 3062 28 27 of
2698 3058 73 29 land.
2831 3056 97 28 Under
2961 3055 47 27 the

2456 3102 167 30 Homestead
2647 3103 53 26 Act
2721 3097 62 29 i»nd
2807 3096 92 27 within
2914 3105 52 18 one
2980 3094 28 28 of

2455 3145 47 28 the
2515 3141 176 40 agricultural
2712 3148 76 20 areas
2812 3136 93 29 before
2935 3146 54 17 men-

2455 3186 92 26 tioned
2557 3195 63 26 may
2634 3184 35 26 be
2683 3181 81 29 taken
2782 3189 34 27 up
2829 3178 66 27 from
2916 3179 48 26 100
2980 3181 26 22 to

2456 3226 81 34 1,000
2558 3234 75 18 acres
2659 3223 27 27 in
2710 3224 96 26 extent
2831 3222 28 24 at
2890 3217 44 27 10s
2960 3226 48 28 per

2456 3276 70 20 acre,
2540 3265 53 27 and
2609 3265 47 26 the
2679 3261 148 38 purchaser
2847 3259 22 26 is
2895 3257 113 28 allowed

2456 3304 35 26 20
2505 3312 80 27 years
2606 3302 26 27 in
2649 3300 86 27 which
2750 3303 28 22 to
2792 3307 52 27 pay
2869 3297 29 33 it,
2912 3300 29 23 at
2963 3296 47 26 the

2456 3345 57 25 rate
2527 3342 29 28 of
2571 3341 34 28 6d
2620 3351 48 28 per
2687 3349 60 19 acre
2761 3346 49 29 per
2822 3345 111 19 annum.
2974 3333 36 29 Of

2456 3393 95 18 course
2583 3382 78 27 there
2693 3390 46 18 are
2773 3376 157 30 residential
2956 3375 52 28 and

2456 3426 79 25 other
2549 3423 162 33 conditions,
2726 3428 71 19 none
2820 3418 30 27 of
2863 3416 88 29 which
2965 3426 45 18 are

2456 3463 106 33 unduly
2573 3462 191 32 burdensome,
2775 3457 52 29 and
2840 3457 88 28 which
2940 3456 70 28 have

2456 3504 70 28 been
2541 3503 106 29 framed
2661 3502 65 28 with
2740 3501 47 28 the
2801 3499 93 37 object
2907 3497 29 28 of
2949 3506 45 28 pre-

2456 3545 117 36 venting
2585 3542 169 39 monopolies
2782 3550 30 19 or
2825 3539 47 28 the
2884 3537 65 29 land
2963 3537 32 28 be-

2456 3585 49 37 ing
2518 3584 84 28 taken
2617 3595 36 26 up
2668 3582 102 36 merely
2784 3581 44 27 for
2841 3578 169 38 speculative

2456 3635 143 28 purposes.
2649 3623 57 28 The
2733 3619 166 40 description
2927 3618 81 39 given

2458 3667 36 38 by
2509 3666 45 28 Mr
2569 3665 131 29 Cambers
2713 3664 29 28 of
2755 3663 46 29 the
2827 3664 71 25 state
2921 3660 28 28 of
2963 3660 47 28 the

2456 3707 106 37 mining
2575 3706 127 37 industry
2716 3706 22 26 is
2752 3714 65 26 very
2829 3701 140 30 moderate
2982 3701 26 26 in

2456 3750 73 33 tone,
2544 3746 54 30 and
2612 3755 115 30 appears
2740 3747 29 27 to
2795 3743 34 29 be
2852 3741 76 40 quite
2952 3741 58 28 free

2456 3788 70 28 from
2553 3787 136 38 anything
2723 3786 27 28 in
2783 3785 47 28 the
2858 3788 97 23 nature
2982 3782 28 27 of

2456 3828 208 38 exaggeration.
2704 3827 57 28 The
2775 3835 74 19 same
2861 3823 117 33 remark,
2989 3823 20 27 it

2457 3880 61 27 may
2529 3870 33 28 be
2573 3869 66 36 said,
2651 3868 104 38 applies
2765 3871 29 25 to
2809 3866 46 28 the
2867 3863 143 41 pamphlet

2456 3910 180 35 throughout,
2648 3910 76 26 there
2738 3908 84 35 being
2831 3917 15 15 a
2858 3905 152 27 noticeable

2456 3950 117 28 absence
2597 3948 28 30 of
2650 3948 97 38 highly
2772 3945 126 32 coloured
2926 3948 70 24 state-

2457 3994 98 25 ments.
2607 3988 171 38 Remarking
2809 3997 35 19 on
2877 3986 47 29 the
2956 3985 53 29 bad

2456 4031 181 28 after-effects
2662 4030 29 28 of
2716 4030 47 28 the
2789 4027 139 29 "boom''
2956 4026 54 28 and

2457 4071 47 28 the
2531 4073 18 13 u
2710 4070 27 28 in
2763 4070 47 27 the
2832 4068 129 37 industry
2981 4066 27 29 in

2456 4111 82 28 West
2562 4111 148 35 Australia,
2725 4110 89 28 which
2839 4109 47 28 the
2911 4108 99 28 author

2456 4153 150 28 attributes
2632 4156 28 24 to
2686 4151 120 28 reckless
2831 4148 179 40 speculation,

2457 4193 199 38 unscrupulous
2679 4192 164 38 promotion,
2857 4190 53 29 and
2931 4200 63 18 over-

2458 4233 200 37 capitalisation
2672 4232 27 27 of
2714 4232 108 35 mining
2844 4231 166 36 companies,

2456 4272 34 29 he
2514 4283 62 19 savs
2590 4272 61 29 that
2662 4272 46 29 the
2721 4281 129 27 recovery
2865 4270 22 28 is
2902 4279 59 18 now
2976 4280 32 18 an

2456 4313 88 28 actual
2561 4314 64 34 fact,
2645 4313 55 27 and
2720 4313 78 27 there
2823 4312 49 27 has
2902 4312 66 26 been
2994 4321 16 15 a

2456 4353 156 39 surprising
2625 4353 122 28 increase
2760 4352 27 28 in
2803 4351 46 28 the
2864 4353 100 35 output
2981 4350 29 28 of

2456 4393 65 37 gold
2549 4393 130 37 recently.
2731 4392 56 29 For
2818 4392 132 33 instance,
2980 4391 27 27 in

2460 4434 69 28 1896
2543 4434 47 28 the
2603 4434 73 37 yield
2688 4443 55 18 was
2757 4432 162 35 281,2050z,
2930 4432 80 27 while

2457 4473 102 36 during
2573 4474 47 29 the
2634 4474 59 28 first
2707 4473 52 28 five
2773 4472 110 29 months
2909 4471 28 29 of
2963 4471 47 29 the

2458 4519 111 30 present
2601 4526 65 26 year
2707 4514 46 27 the
2797 4517 108 24 returns
2938 4522 70 18 were

2458 4555 28 26 21
2499 4554 119 34 l/)81oz,
2632 4553 53 28 and
2700 4553 26 28 in
2743 4553 64 35 May
2831 4552 46 28 the
2897 4555 113 24 amount

2459 4594 143 29 recovered
2618 4604 54 18 was
2685 4594 46 27 the
2748 4593 103 38 largest
2866 4602 34 18 on
2914 4592 94 28 record

2459 4635 41 26 for
2550 4645 54 26 any
2653 4634 89 38 single
2780 4633 106 34 month,
2926 4632 84 38 being

2458 4675 58 33 50,1
2526 4674 75 28 lOoz.
2641 4674 88 27 These
2748 4674 102 35 figures
2875 4682 45 17 are
2946 4682 48 18 con-

2458 4714 103 29 clusive
2576 4714 60 29 that
2651 4714 45 29 the
2718 4712 126 36 industry
2860 4712 21 28 is
2896 4712 114 36 making

2447 4752 1 39 j
2458 4754 78 37 rapid
2569 4764 139 27 progross.
2750 4752 138 36 Certainly
2916 4752 20 26 it
2962 4752 48 26 has

2458 4794 47 27 the
2520 4794 156 36 advantage
2690 4793 29 28 of
2726 4791 176 37 enlightened
2915 4796 80 22 assist-

2458 4844 68 18 ance
2540 4834 52 28 and
2620 4834 136 34 fostering
2781 4842 61 18 care
2867 4832 69 27 from
2964 4832 46 27 the

2458 4874 168 35 legislature.
2666 4872 58 27 The
2737 4871 154 27 difficulties
2910 4871 99 27 caused

2459 4913 35 36 by
2509 4912 117 36 scarcity
2641 4912 29 29 of
2683 4915 84 25 water
2780 4921 69 17 were
2862 4915 29 23 at
2916 4911 57 27 first
2995 4921 15 16 a

2458 4952 104 28 serious
2576 4952 154 32 drawback,
2740 4951 53 26 and
2808 4961 69 16 were
2889 4950 120 35 thought

2459 4992 35 36 by
2509 5002 82 26 many
2611 4994 28 24 to
2664 4990 33 28 be
2711 4990 97 27 almost
2822 4989 170 27 insurmount-

2458 5032 77 34 able;
2550 5032 51 27 but
2614 5030 98 28 skilled
2727 5029 143 36 engineers
2886 5038 68 17 were
2968 5032 42 23 set

2447 5068 1 39 |
2459 5075 26 23 to
2501 5070 74 28 work
2590 5070 35 37 by
2643 5069 48 28 the
2705 5068 186 28 Government
2904 5071 27 22 to
2946 5076 47 17 con-

2458 5114 87 26 struct
2557 5110 148 30 reservoirs
2718 5109 43 29 for
2785 5108 47 28 the
2857 5111 109 34 storage
2980 5107 29 29 of

2447 5149 1 38 !
2458 5153 45 26 the
2518 5156 96 31 scanty
2625 5150 117 28 rainfall.
2764 5149 42 36 By
2818 5149 77 27 these
2906 5158 102 24 means,

2447 5185 1 44 |
2458 5192 37 37 by
2510 5191 99 34 boring
2619 5188 170 37 extensively
2799 5188 42 27 for
2854 5191 90 29 water,
2954 5187 52 27 and

2457 5232 36 36 by
2508 5229 181 38 establishing
2699 5227 170 37 condensing
2881 5226 89 38 plants
2979 5226 27 28 in

2456 5272 35 28 all
2518 5272 46 26 the
2577 5270 59 28 arid
2651 5269 121 27 districts
2797 5267 43 28 for
2867 5267 140 36 purifying

2455 5310 128 30 brackish
2593 5314 83 23 water
2685 5309 45 27 the
2742 5307 186 28 Government
2938 5307 66 26 have

2456 5351 107 39 greatly
2576 5348 141 37 improved
2743 5349 46 26 the
2811 5346 139 28 condition
2977 5345 29 28 of

2455 5392 103 35 things.
2597 5390 75 36 They
2686 5389 68 27 have
2768 5397 61 18 now
2844 5387 25 26 in
2884 5386 72 27 hand
2970 5396 33 17 an

2455 5434 130 26 immense
2595 5430 107 28 scheme
2712 5427 44 28 for
2764 5426 149 37 supplying
2925 5425 64 28 Cool-

2456 5471 94 36 gardie
2564 5468 145 39 goldfields
2723 5467 64 28 with
2810 5465 74 28 tresh
2911 5469 91 29 water,

2456 5512 35 37 by
2512 5510 129 38 carrying
2662 5509 21 27 it
2704 5517 66 19 ever
2796 5506 52 29 300
2875 5505 76 28 miles
2977 5505 26 27 in

2456 5552 75 38 pipes
2545 5551 71 27 from
2631 5549 46 27 the
2689 5547 102 29 coastal
2806 5556 93 27 range.
2938 5545 66 27 This

2455 5592 105 37 project
2575 5589 88 29 would
2678 5587 161 29 necessitate
2853 5587 46 26 the
2914 5586 75 27 estab-

2456 5632 129 26 lishment
2610 5630 29 27 of
2660 5639 16 17 a
2688 5629 67 36 long
2768 5627 82 28 series
2864 5626 29 27 of
2907 5635 78 27 pump-

2455 5672 48 35 ing
2517 5670 124 28 stations.
2680 5667 28 29 It
2720 5667 49 28 has
2778 5667 68 28 been
2859 5665 97 38 passed
2967 5665 36 37 by

2457 5710 171 33 Parliament,
2649 5709 51 27 but
2723 5707 23 28 is
2768 5709 49 26 not
2841 5710 47 34 yet
2910 5706 36 27 fin
2958 5705 43 28 dlv

2453 5749 115 31 decided
2582 5759 43 24 on,
2639 5759 30 18 as
2683 5748 21 28 it
2714 5747 49 30 has
2775 5754 64 22 been
2852 5745 151 30 submitted

3026 189 28 21 to
3065 181 103 29 several
3178 180 121 29 eminent
3308 177 116 38 English
3433 177 145 38 engineers

3026 223 43 27 for
3082 226 101 33 report.
3223 219 122 29 Railway
3359 217 186 29 construction
3556 215 22 28 is

3027 262 57 28 also
3099 262 83 37 being
3182 255 2 44 1
3197 259 108 39 rapidly
3331 257 106 40 pushed
3451 255 127 34 forward,

3028 304 54 27 and
3097 303 22 27 is
3132 302 132 36 assisting
3278 300 48 28 the
3339 298 192 37 development
3552 295 29 29 of

3029 342 107 37 mining
3150 341 54 28 and
3218 341 29 28 of
3268 340 47 28 the
3340 343 116 32 country
3483 346 81 29 gener-

3030 383 62 35 ally.
3134 382 85 27 Other
3232 381 127 35 chapters
3380 378 28 27 in
3435 378 47 27 the
3505 387 57 26 pam-

3032 422 84 38 phlet,
3131 421 66 27 such
3211 431 28 16 as
3254 419 80 28 those
3348 428 35 18 on
3400 419 16 15 f{
3426 416 58 29 The
3499 415 67 38 Agri-

3031 462 117 29 cultural
3180 460 88 28 Bank.
3282 460 6 12 ;
3366 459 52 27 Hie
3460 455 123 29 Pastoral

3025 497 1 40 j
3483 497 85 28 Settle-

3032 547 74 23 ment.
3127 542 54 27 and
3403 543 63 29 etc.,
3494 537 91 37 might

3031 583 35 30 be
3080 582 146 39 profitably
3247 579 134 31 reviewed
3396 579 43 29 for
3452 585 132 32 purposes

3032 626 29 26 of
3074 624 170 35 comparison
3260 622 66 26 with
3341 631 49 18 our
3403 629 60 19 own
3476 619 96 27 institu-

3032 664 71 29 tions
3129 663 47 29 did
3201 673 80 28 space
3304 660 107 40 permit.
3453 659 45 29 All
3525 659 60 28 who

3032 716 46 17 are
3091 701 155 39 interested<
3254 704 28 27 in
3296 704 47 27 the
3357 711 127 29 progress
3498 701 28 28 of
3539 701 46 27 the

3032 746 120 29 colonies
3166 744 97 29 should
3275 753 113 29 procure
3397 754 15 16 a
3423 752 78 28 copy.
3541 741 44 28 Mr

3035 787 148 30 Chambers
3199 786 48 28 has
3260 785 71 29 done
3342 784 41 29 his
3397 784 76 29 work
3484 782 85 30 admir-

3033 829 64 36 ably
3108 828 27 27 in
3151 827 98 37 giving
3268 838 16 15 a
3296 825 72 29 brief
3380 826 104 36 history
3498 824 28 29 of
3539 824 46 28 the

3034 868 119 36 existing
3165 867 154 29 conditions
3330 866 27 28 in
3369 864 129 30 Western
3513 865 53 27 Aus-

3033 909 80 27 tralia
3132 909 25 26 in
3175 908 47 27 the
3235 907 84 38 shape
3333 906 29 28 of
3374 917 16 16 a
3402 906 74 37 plain
3500 909 70 23 state-

3035 953 75 26 ment
3124 949 28 29 of
3174 948 78 36 facts,
3276 947 90 28 which
3390 951 29 23 at
3441 946 46 28 the
3510 956 74 19 same

3033 992 65 27 time
3112 991 34 27 he
3159 991 48 26 has
3221 988 132 29 rendered
3368 987 58 28 into
3440 998 16 17 a
3468 987 114 38 graphic

3033 1031 52 28 and
3112 1029 165 38 interesting
3299 1027 145 30 narrative.
3484 1029 39 26 As
3538 1027 45 28 the

3032 1072 141 38 pamphlet
3188 1070 53 29 will
3258 1071 32 27 be
3304 1068 169 37 extensively
3496 1067 71 30 circu-

3032 1112 73 29 lated
3119 1113 25 26 in
3163 1111 83 28 Great
3259 1110 105 28 Britain
3385 1109 54 28 and
3461 1107 119 36 Ireland,

3033 1154 22 29 it
3068 1153 96 29 should
3269 1162 16 18 a
3296 1149 126 40 splendid
3433 1149 134 30 advertise-

3033 1199 75 24 ment
3122 1195 43 27 for
3179 1193 79 28 West
3273 1192 145 27 Australia.

3054 1295 42 21 The
3110 1294 75 22 ani/ual
3195 1294 137 21 examination
3352 1293 21 20 of
3390 1292 36 22 the
3443 1292 50 21 local
3509 1292 68 21 school

3028 1336 40 13 was
3082 1328 115 21 conducted
3206 1328 27 26 by
3243 1328 105 24 Inspector
3359 1327 71 25 Goyen
3447 1333 25 13 on
3482 1325 86 21 'Wednes-

3026 1365 41 26 day
3077 1364 42 21 and
3129 1363 116 27 yesterday.
3272 1363 43 21 The
3324 1363 102 26 inspector
3436 1361 41 21 will
3487 1362 49 20 visit
3545 1361 35 20 the

3026 1399 50 21 Coal
3086 1398 67 21 Creek
3162 1398 68 19 school
3241 1397 77 25 to-day.

3054 1445 30 20 At
3093 1444 38 20 the
3141 1443 51 21 local
3202 1443 68 20 Police
3287 1443 65 19 Court
3360 1442 106 24 yesterday
3476 1441 102 25 morning,

3028 1479 68 20 before
3119 1478 26 20 D.
3165 1477 107 22 Cormack,
3292 1477 56 24 Esq.,
3368 1475 57 24 J.P.,
3443 1475 51 19 Geo.
3512 1473 70 24 Hardy

3028 1510 85 26 pleaded
3125 1509 65 26 guilty
3200 1511 21 18 to
3230 1508 75 25 having
3314 1508 50 19 been
3382 1507 69 20 drunk
3470 1513 25 13 ou
3516 1505 47 20 Wed-

3028 1542 74 27 nesday
3115 1542 64 26 uight.
3209 1541 31 21 He
3252 1547 39 14 was
3300 1540 53 21 fined
3364 1540 22 21 5s
3396 1539 40 21 and
3446 1541 54 19 costs
3509 1538 46 27 (2s).

3058 1585 74 20 Messrs
3152 1583 55 21 John
3225 1582 82 27 Punne,
3326 1581 55 22 John
3393 1579 103 27 M'Corley
3505 1579 40 21 and
3556 1579 25 21 A.

3031 1617 32 23 W.
3088 1617 80 22 Geddes
3186 1615 148 27 (representing
3355 1614 77 22 Clutha
3449 1614 83 26 County
3550 1621 21 13 ex-

3030 1652 115 26 publicans)
3155 1658 34 14 are
3199 1652 22 19 at
3232 1652 81 24 present
3326 1649 20 21 in
3360 1648 134 27 Wellington.
3522 1647 61 21 Their

3032 1687 83 21 mission
3125 1687 17 20 is
3152 1687 21 20 in
3183 1685 120 21 connection
3314 1683 49 21 with
3376 1683 37 21 the
3430 1682 67 26 repeal
3513 1682 20 22 of
3548 1682 35 20 the

3029 1720 128 27 prohibition
3166 1720 39 20 law
3213 1720 20 19 in
3244 1718 83 21 Clut.ha.

3057 1766 42 20 The
3111 1765 77 21 cricket
3197 1763 75 25 match,
3285 1762 66 21 which
3362 1769 40 13 was
3420 1763 22 18 to
3462 1761 51 20 have
3523 1761 62 20 taken

3032 1802 57 26 place
3100 1802 117 19 to-morrow
3226 1799 93 20 between
3330 1798 36 20 the
3385 1797 79 21 Millers
3482 1797 47 20 Flat
3547 1797 39 21 and

3033 1836 112 26 Roxburgh
3170 1835 64 27 clubs,
3261 1834 36 21 has
3325 1834 50 20 been
3406 1832 122 27 postponed,
3552 1832 34 21 the

3034 1872 111 25 Roxburgh
3156 1873 101 23 secretary
3267 1870 40 20 last
3328 1869 61 26 night
3408 1868 99 25 receivirg
3517 1876 11 11 a
3539 1867 47 20 wire

3032 1909 23 18 to
3067 1908 35 19 the
3116 1907 61 19 effect
3187 1906 47 20 that
3246 1906 78 19 Millers
3335 1905 48 19 Flat
3402 1903 67 21 would
3480 1903 24 19 be
3515 1902 71 20 unable

3034 1945 22 17 to
3066 1941 53 21 fulfil
3131 1942 134 25 engagement
3274 1947 26 13 on
3310 1939 108 26 Saturday.

3061 1993 43 21 The
3116 1992 120 26 September
3247 1992 86 20 number
3343 1990 21 21 of
3398 1991 43 20 The
3450 1989 91 22 Colonist
3551 1989 38 21 and

3189 2035 12 14 a
3232 2028 56 21 trade
3319 2026 82 28 journal
3432 2026 32 21 for
3491 2025 97 27 printers,

3034 2063 115 24 stationers,
3165 2063 47 24 etc.,
3225 2061 36 20 has
3269 2067 56 14 come
3337 2064 21 16 to
3368 2060 62 21 hand.
3457 2060 43 19 The
3509 2058 80 27 journal

3034 2098 16 21 is
3062 2098 92 25 amongst
3166 2097 35 20 the
3212 2096 45 21 best
3268 2095 136 27 publications
3413 2095 22 20 of
3444 2095 35 20 the
3495 2094 58 24 kind,
3569 2100 20 13 as

3034 2131 17 19 it
3069 2131 60 24 keeps
3150 2130 58 20 those
3219 2129 112 21 interested
3342 2129 71 26 posted
3423 2135 28 19 up
3462 2129 19 19 in
3493 2127 35 21 the
3538 2129 51 18 most

3034 2167 69 19 recent
3122 2165 159 25 improvements
3307 2164 20 20 in
3349 2162 28 21 all
3398 2162 98 21 branches
3515 2160 20 22 of
3554 2160 35 21 tho

3034 2200 65 21 trade.
3128 2200 20 21 It
3159 2206 36 14 can
3206 2199 25 21 be
3245 2199 97 21 obtained
3359 2198 53 21 from
3434 2198 73 20 Messrs
3528 2196 61 26 Eiug,

3034 2234 49 26 Sell,
3112 2234 40 20 and
3176 2233 90 26 Railton,
3291 2232 98 26 Limited,
3412 2232 12 21 4
3446 2231 47 21 Bolt
3516 2230 72 25 Court,

3034 2262 91 25 Ljndon,
3136 2261 16 21 E
3163 2261 22 21 C.

3059 2309 29 20 At
3097 2308 35 21 the
3141 2308 57 21 usual
3206 2307 90 26 meeting
3307 2307 20 20 of
3336 2307 36 20 the
3381 2306 58 27 Hope
3448 2305 20 21 of
3478 2304 112 26 Roxburgh

3035 2344 74 25 Lodge,
3121 2343 48 24 1.0.
3169 2343 60 24 G.T.,
3246 2350 25 13 on
3282 2343 35 20 the
3327 2342 36 20 Stn
3373 2343 57 24 inst.,
3441 2341 35 21 the
3487 2341 50 20 folio
3543 2341 48 25 .ving

3033 2379 77 19 officers
3121 2383 50 14 ware
3183 2376 96 21 installed
3290 2376 31 20 for
3331 2376 36 19 the
3374 2382 85 18 enduing
3470 2375 84 25 quarter
3565 2374 26 24 by

3034 2411 46 21 Bro.
3095 2410 108 23 Bloxham,
3216 2410 60 24 L.D.,
3296 2408 86 22 assisted
3402 2408 25 26 by
3447 2408 46 20 Bro.
3516 2406 75 26 Wilks,

3032 2447 50 20 1..V1.
3094 2442 4 28 :
3110 2447 61 20 -Bro.
3198 2445 90 25 Michel!,
3313 2445 49 20 C.T.
3374 2451 6 19 ;
3408 2444 38 20 Sis.
3472 2444 22 19 F.
3514 2442 75 25 Smith,

3032 2481 71 25 Y.T.;
3119 2482 46 20 Bro.
3175 2481 85 26 Turner,
3274 2479 87 26 I'.C.T.;
3376 2479 39 21 Sis.
3431 2478 99 23 Redman,
3544 2477 21 20 M
3584 2484 5 17 ;

3032 2519 39 20 Sis.
3083 2517 116 26 M'K«nzie,
3212 2518 24 20 D.
3246 2517 23 20 v|.
3281 2513 4 30 ;
3303 2517 46 19 Bro.
3361 2514 118 23 Matthews,
3492 2514 22 20 C.
3525 2513 4 30 ;
3550 2513 40 21 Sis.

3032 2552 131 21 Sutherland.
3189 2552 34 24 S.;
3253 2551 46 20 Bro.
3326 2549 96 26 Christie,
3451 2548 66 25 A.S.;
3544 2547 45 21 Bro.

3032 2587 115 26 Campbell,
3179 2587 22 20 T.
3213 2594 5 17 ;
3252 2586 37 20 Sis.
3313 2584 109 26 Timblyn,
3450 2583 47 21 F.S.
3507 2590 6 18 ;
3542 2583 47 22 Bro,

3034 2620 133 26 Weatherall,
3179 2620 26 21 G.
3215 2618 4 28 \
3236 2620 45 19 Bro.
3324 2618 49 24 hitt,
3385 2618 21 20 S.

3060 2672 43 21 The
3113 2672 75 20 results
3198 2672 19 19 in
3231 2670 34 21 the
3276 2670 40 21 2nd
3326 2668 155 27 championship
3491 2668 94 25 shooting

3033 2707 69 19 match
3125 2706 120 23 'Roxburgh
3268 2705 48 19 Gun
3340 2703 68 25 Club),
3430 2703 49 19 tired
3507 2703 19 18 in
3553 2702 35 19 the

3033 2740 88 19 Reserve
3131 2745 26 12 on
3168 2738 36 19 the
3217 2738 70 19 Prince
3295 2736 20 20 of
3325 2736 66 20 Wales
3400 2735 100 25 Birthday
3507 2734 81 20 showed

3035 2776 65 19 better
3111 2780 85 19 average
3208 2773 94 25 shooting
3309 2772 50 20 than
3367 2771 36 21 has
3411 2771 116 26 previously
3537 2770 51 20 been

3035 2808 107 20 witnessed
3163 2809 42 18 this
3224 2813 55 19 year,
3298 2806 126 24 considering
3443 2804 145 21 unfavourable

3037 2842 95 20 weather.
3161 2841 43 20 The
3223 2839 103 26 following
3345 2846 51 12 were
3415 2839 35 18 the
3469 2838 118 20 scores—N.

3038 2875 118 21 Macdonald
3174 2875 13 20 8
3205 2875 73 25 points,
3297 2873 56 20 John
3373 2872 72 21 Eiliott
3466 2872 28 23 10,
3514 2872 73 19 James

3038 2910 74 21 Elliott
3130 2911 19 25 0,
3166 2910 32 21 W.
3219 2910 62 20 Gunu
3301 2909 28 24 10,
3350 2909 28 19 M.
3393 2907 105 26 Campbell
3520 2907 19 25 9,
3562 2907 25 20 A.

3038 2945 113 19 Robertson
3175 2943 30 25 10,
3227 2943 25 20 1).
3272 2942 113 20 Robertson
3403 2941 18 20 ti.
3460 2940 128 26 Sweepstake

3038 2980 90 20 matches
3151 2986 52 13 were
3222 2985 43 14 won
3285 2978 26 26 by
3330 2976 119 21 Macdonald
3471 2976 40 20 and
3534 2975 54 20 John

3039 3013 80 20 Elliott.

3063 3064 18 19 A
3097 3062 77 25 Napier
3185 3060 95 26 telegram
3291 3059 21 20 of
3321 3057 109 27 Tuesday's
3436 3057 48 21 date
3498 3064 63 19 says—
3573 3059 14 17 A

3037 3096 33 20 sail
3081 3095 82 26 fatality
3171 3093 106 26 happened
3285 3093 29 19 off
3323 3092 35 20 the
3370 3091 76 20 Ma'ine
3457 3090 76 21 Parade
3552 3090 40 20 this

3037 3129 115 21 afternoon.
3181 3128 41 20 Mrs
3232 3128 25 20 A.
3270 3126 86 25 Hickey,
3364 3125 46 20 wife
3417 3124 20 21 of
3443 3131 24 14 an
3489 3123 103 27 employee

3037 3166 21 21 of
3066 3166 35 20 the
3112 3164 94 21 Harbour
3217 3163 73 25 Board,
3305 3169 40 14 was
3356 3161 83 26 bathiug
3457 3161 37 20 her
3511 3161 43 20 feet
3573 3161 19 19 in

3037 3201 35 19 the
3083 3207 33 13 sea
3127 3199 57 21 when
3194 3206 12 13 a
3222 3203 68 19 strong
3307 3197 160 20 under-curreut
3489 3196 47 20 took
3556 3195 36 20 her

3037 3238 42 18 out.
3109 3235 48 20 Two
3164 3241 68 19 young
3243 3240 45 13 men
3300 3231 73 22 named
3391 3232 23 21 P.
3436 3230 102 21 Emerson
3556 3234 38 17 and

3037 3272 22 23 J,
3071 3271 27 19 M.
3113 3270 106 20 Hamilton
3235 3268 91 26 pluckily
3345 3269 54 18 went
3414 3269 21 17 to
3458 3267 37 19 her
3517 3272 75 18 rescue,

3039 3298 58 23 going
3104 3297 62 18 about
3178 3302 11 12 a
3199 3296 72 23 couple
3280 3295 21 19 of
3313 3293 93 20 hundred
3425 3293 63 25 yards
3507 3295 43 17 out.
3578 3295 18 16 A

3038 3330 65 26 heavy
3115 3330 43 19 surf
3166 3336 38 13 was
3211 3328 88 26 running
3307 3330 21 18 at
3339 3328 35 19 the
3382 3327 57 20 time.
3471 3326 67 20 When
3549 3326 47 26 they

3039 3364 89 25 brought
3147 3364 35 20 the
3201 3369 78 15 woman
3296 3361 71 21 ashore
3387 3361 35 21 she
3450 3367 38 14 was
3514 3359 82 22 lifeless.

3040 3399 101 21 Deceased
3152 3399 66 21 leaves
3224 3405 12 13 a
3244 3405 105 19 grown-up
3357 3397 76 25 family.

3065 3446 39 20 We
3117 3444 73 27 deeply
3206 3445 66 24 regret
3286 3444 21 19 to
3325 3442 101 21 chronicle
3446 3441 37 21 the
3499 3440 62 22 death
3578 3448 11 12 o

3039 3481 49 20 Miss
3096 3479 64 21 Millie
3170 3478 88 25 Rankin,
3269 3484 11 14 a
3288 3476 23 22 17
3322 3483 46 18 year
3374 3476 34 21 old
3417 3474 102 26 daughter
3528 3474 22 20 of
3564 3474 33 20 Mr

3038 3516 88 20 Thomas
3146 3514 90 24 Rankin,
3251 3519 37 14 one
3306 3512 22 21 of
3347 3511 35 21 the
3405 3511 67 21 oldest
3491 3510 39 21 and
3544 3511 53 19 most

3038 3549 104 26 respected
3164 3547 98 21 residents
3278 3546 21 21 of
3308 3545 65 21 South
3399 3544 127 26 Wyndham.
3553 3543 43 20 The

3039 3590 59 13 cause
3116 3582 21 21 of
3166 3581 62 20 death
3243 3587 46 19 was,
3305 3587 29 12 we
3354 3578 134 25 understand,
3502 3585 12 13 a
3529 3583 68 14 severe

3038 3615 45 22 cold
3106 3614 65 22 which
3197 3613 90 26 speedily
3310 3611 113 27 developed
3463 3610 35 21 the
3534 3610 61 20 worst

3040 3651 120 26 symptoms.
3189 3648 43 21 The
3243 3646 34 22 sad
3290 3648 60 20 event
3368 3645 84 22 occured
3462 3645 40 21 last
3513 3643 83 26 Sunday

3039 3684 115 21 afternoon.
3182 3681 49 22 This
3241 3681 16 21 is
3267 3681 35 21 the
3312 3679 57 22 third
3385 3679 100 26 daughter
3502 3678 46 21 that
3563 3678 33 20 Mr

3038 3718 39 20 and
3089 3717 42 20 Mrs
3144 3716 81 21 Rankin
3246 3714 51 21 have
3312 3713 41 21 lost
3369 3712 70 21 within
3458 3712 35 20 the
3509 3712 46 25 past
3571 3711 23 20 11

3038 3749 145 23 months—the
3194 3748 59 22 other
3263 3751 40 17 two
3314 3746 59 27 being
3384 3746 35 21 the
3438 3746 41 20 late
3497 3745 41 20 Mrs
3560 3743 33 30 W.

3039 3786 47 20 Aim
3103 3783 115 27 (Winfield)
3237 3783 39 20 and
3291 3782 35 21 the
3348 3782 41 20 late
3411 3781 41 20 Mrs
3473 3780 24 21 B.
3519 3779 77 21 Brooks

3228 3818 116 25 Wyndham

3063 3869 33 20 Mr
3107 3868 33 22 W.
3150 3867 91 26 Telford,
3253 3866 44 21 who
3307 3866 15 20 is
3339 3865 45 20 well
3397 3865 72 20 known
3481 3864 19 20 in
3517 3862 79 26 mining

3038 3904 69 19 circles
3116 3904 55 22 here,
3181 3903 38 19 left
3229 3901 112 25 Roxburgh
3353 3907 25 12 on
3390 3899 91 22 Tuesday
3495 3898 97 23 morning

3039 3931 21 34 t»
3073 3938 86 27 proceed
3169 3939 21 19 to
3208 3935 119 24 California,
3347 3935 66 20 where
3429 3933 26 21 he
3472 3931 82 22 intends
3572 3933 22 18 to

3039 3973 64 21 reside
3114 3973 18 20 in
3145 3973 78 20 future.
3253 3972 31 20 Mr
3303 3970 81 21 Telford
3406 3976 38 13 was
3465 3973 96 20 manager
3574 3966 21 20 of

3039 4010 35 20 the
3098 4008 110 26 Roxburgh
3234 4007 75 26 dredge
3331 4007 32 20 tor
3387 4012 55 15 some
3463 4010 63 19 years,
3554 4001 40 21 and

3039 4045 115 26 previously
3168 4050 40 14 was
3218 4042 110 22 interested
3338 4042 20 20 in
3375 4048 12 13 a
3402 4039 97 26 dredging
3510 4041 86 18 venture

3039 4086 25 14 on
3079 4080 31 20 his
3130 4086 45 14 own
3192 4080 93 19 account.
3314 4077 32 21 He
3364 4083 39 12 was
3422 4073 116 29 practica'ly
3557 4073 35 20 the

3038 4113 101 26 mainstay
3152 4113 21 19 of
3183 4112 35 20 the
3229 4111 110 24 Roxburgh
3359 4110 59 21 Brass
3429 4107 57 22 Band
3495 4107 32 21 for
3536 4113 55 14 some

3038 4153 65 20 years,
3115 4146 49 21 both
3180 4153 21 13 as
3222 4148 101 22 secretary
3331 4144 41 20 and
3382 4150 22 13 as
3415 4149 11 14 a
3436 4142 75 26 player,
3526 4140 40 21 and
3580 4140 17 21 it

3039 4182 66 26 might
3114 4181 24 21 be
3148 4180 42 22 said
3201 4180 50 27 kept
3269 4180 57 21 them
3341 4179 93 26 together
3451 4177 73 26 during
3545 4175 46 22 that

3038 4219 57 19 time.
3125 4217 32 19 He
3169 4217 40 19 will
3220 4217 24 20 be
3255 4216 60 22 much
3333 4214 73 20 missed
3425 4214 27 26 by
3472 4213 58 20 those
3549 4212 45 19 who

3038 4252 58 21 knew
3105 4252 42 20 him
3159 4251 32 20 for
3201 4251 31 20 his
3245 4250 65 26 genial
3317 4249 101 27 qualities.

3063 4299 19 21 A
3093 4298 83 22 terrible
3193 4297 84 26 tragedy
3298 4295 96 23 occurred
3413 4295 19 21 in
3452 4293 95 23 Dunedin
3568 4300 25 14 ou

3038 4332 83 26 Sunday
3131 4332 59 24 night
3210 4330 47 26 last,
3274 4337 12 13 a
3308 4330 94 20 labourer
3419 4327 73 22 named
3510 4326 84 21 Charles

3037 4367 94 22 Clemens
3142 4366 75 26 having
3237 4365 108 21 murdered
3365 4365 31 20 his
3414 4363 45 21 wife
3476 4363 24 25 by
3515 4361 79 26 cutting

3037 4402 37 22 her
3085 4402 69 21 throat
3166 4401 61 21 while
3236 4401 36 21 she
3291 4407 40 14 was
3349 4400 68 25 asleep
3438 4398 38 21 and
3497 4397 49 22 then
3566 4398 25 19 he

3038 4436 142 22 endeavoured
3196 4435 161 26 unsuccessfully
3374 4437 22 17 to
3413 4434 84 21 commit
3514 4432 77 21 suicide

3037 4473 26 26 by
3074 4471 80 27 cutting
3164 4471 32 21 his
3206 4478 44 14 own
3261 4471 76 21 throat.
3365 4469 55 26 They
3429 4467 53 23 lived
3492 4467 48 21 with
3552 4469 40 18 two

3037 4508 130 22 children—a
3178 4508 55 20 little
3243 4507 38 26 girl
3297 4506 22 21 of
3334 4507 30 20 six
3383 4513 57 19 years
3450 4504 38 21 and
3500 4511 12 14 a
3522 4504 38 25 boy
3570 4502 24 22 of

3037 4541 93 22 four—in
3147 4548 12 13 a
3340 4541 80 22 cottage
3441 4541 21 17 at
3481 4536 111 27 Lethaby's

3037 4578 93 24 Terrace,
3140 4575 40 21 and
3190 4575 36 21 the
3237 4574 53 26 wife,
3302 4574 44 20 who
3361 4581 40 12 was
3415 4581 26 12 an
3461 4572 126 21 industrious

3039 4619 86 19 woman,
3137 4611 72 26 chiefly
3221 4610 124 21 maintained
3355 4609 35 20 the
3408 4608 77 26 family,
3497 4608 94 20 Clemens

3039 4648 75 25 having
3126 4648 49 20 been
3187 4647 21 19 ill
3220 4646 31 20 for
3260 4652 55 14 some
3331 4645 49 19 time
3399 4646 51 23 pist.
3477 4642 43 20 The
3531 4649 58 13 cause

3038 4681 114 22 attributed
3163 4681 31 20 for
3206 4681 35 20 the
3253 4680 82 20 murder
3344 4680 16 19 is
3369 4678 98 26 jealousy.

3063 4734 29 19 At
3111 4730 130 26 Invercargill
3259 4737 25 12 on
3302 4728 101 25 Saturday
3422 4727 40 20 la«t
3478 4734 10 12 a
3499 4727 82 24 boating

3041 4767 93 21 accident
3140 4765 95 21 occurred
3243 4764 63 20 which
3316 4763 90 19 resulted
3413 4763 19 18 in
3441 4762 34 19 the
3483 4761 103 25 drowning

3038 4803 21 21 of
3069 4803 35 20 the
3114 4802 45 20 four
3172 4802 109 24 occupants
3296 4798 22 21 of
3328 4798 33 20 the
3372 4798 53 25 boat,
3436 4797 39 20 and
3487 4799 21 17 to
3521 4796 62 20 which

3038 4845 26 13 no
3073 4845 38 12 one
3121 4843 40 13 was
3171 4842 10 13 a
3192 4836 87 19 witness.
3308 4835 20 19 It
3338 4840 85 19 appears
3441 4833 46 19 that
3507 4832 77 20 Robert

3039 4872 85 23 Hughes
3135 4869 117 26 (employed
3264 4869 24 25 by
3300 4868 34 19 the
3345 4867 143 25 corporation),
3499 4866 87 19 Andrew

3039 4906 77 21 Aitken
3136 4905 18 25 (a
3177 4904 133 24 contractor),
3334 4900 142 25 accompanied
3497 4900 25 27 by
3549 4904 37 16 two

3038 4941 76 26 youths
3126 4939 73 21 named
3210 4939 73 20 Albert
3295 4938 65 19 Hatch
3372 4937 41 24 (son
3424 4935 21 20 of
3460 4935 35 20 the
3512 4935 74 19 former

3038 4975 92 19 member
3143 4975 32 18 for
3195 4972 146 25 invercargill),
3359 4971 40 19 and
3417 4970 78 24 George
3515 4969 71 20 Hartle

3040 5010 45 25 (son
3095 5009 21 20 of
3125 5016 12 13 a
3144 5007 120 21 locomotive
3272 5005 75 26 driver)
3359 5008 53 17 went
3421 5005 58 19 down
3491 5004 34 20 the
3535 5005 51 19 river

3038 5046 22 17 to
3073 5044 25 18 do
3107 5049 56 12 some
3181 5041 55 18 work
3246 5041 62 19 about
3321 5040 34 18 the
3372 5038 84 19 channel
3467 5039 64 22 buoys
3542 5038 20 18 in
3575 5045 11 10 a

3038 5078 54 25 large
3102 5076 47 20 boat
3158 5075 49 20 used
3217 5074 32 20 for
3267 5073 50 20 such
3335 5073 63 19 work.
3424 5071 55 24 They
3498 5071 35 19 did
3551 5072 35 18 not

3038 5115 79 24 return,
3128 5111 38 22 and
3177 5118 25 14 on
3214 5108 90 28 Sunday,
3314 5110 22 20 at
3345 5108 37 20 low
3394 5108 68 24 water,
3479 5106 32 22 Mr
3528 5105 21 22 J.
3559 5106 27 22 G.

3038 5147 59 20 Clare
3107 5146 63 20 found
3182 5145 35 19 the
3227 5144 48 19 boat
3285 5143 50 20 sunk
3347 5142 19 20 in
3382 5142 43 20 foui
3439 5134 73 30 fe>/of
3519 5143 67 17 water.

3036 5179 44 20 The
3102 5179 54 24 body
3178 5177 21 20 of
3223 5177 32 19 Mr
3277 5175 78 21 Aitken
3377 5182 40 12 was
3434 5174 107 21 recovered
3562 5180 24 14 on

3037 5214 88 25 Monday
3134 5212 114 21 afternoon.

3061 5271 42 19 The
3112 5269 72 21 bazaar
3194 5271 21 18 to
3232 5268 25 20 be
3267 5268 47 20 he'd
3325 5268 19 19 in
3354 5266 33 21 aid
3398 5273 19 13 or
3429 5266 60 20 funds
3504 5266 30 19 for
3549 5266 34 19 the

3034 5304 89 20 erection
3142 5302 21 20 of
3179 5309 12 13 a
3208 5308 44 13 new
3271 5299 92 22 Catholic
3381 5299 82 21 Church
3474 5301 20 18 at
3506 5299 77 19 Millers

3036 5337 45 19 Flat
3091 5335 39 20 will
3142 5335 24 19 be
3176 5334 47 20 held
3241 5334 20 19 in
3281 5332 35 20 the
3333 5339 44 13 new
3396 5332 124 20 Athenaeum
3539 5330 47 21 Hall

3034 5370 57 21 there
3105 5377 26 13 on
3142 5369 34 20 the
3187 5368 44 25 9th,
3243 5367 55 24 10th,
3309 5367 39 21 and
3368 5366 46 21 11th
3431 5367 21 19 of
3470 5365 116 21 Decembr.

3034 5404 20 20 It
3071 5403 97 26 promises
3178 5406 20 15 to
3209 5402 24 19 be
3243 5401 36 20 the
3297 5403 53 18 most
3370 5399 109 22 successful
3489 5398 42 21 fete
3541 5405 45 14 ever

3033 5438 48 20 held
3092 5438 19 19 in
3124 5437 46 20 that
3179 5436 87 23 district,
3278 5435 85 26 judging
3370 5435 26 22 by
3406 5434 35 20 the
3452 5434 133 20 enthusiastic

3032 5480 58 18 corps
3100 5472 21 20 of
3134 5471 87 19 workers
3230 5470 44 20 who
3283 5476 34 13 at'.';
3327 5468 114 26 organising
3451 5468 16 20 it
3477 5469 21 18 at
3509 5468 77 19 Millers

3032 5507 54 25 Flat,
3098 5506 106 21 Lawrence
3214 5503 39 21 and
3269 5502 118 25 Roxburgh.
3413 5502 44 20 The
3472 5501 75 26 supply
3563 5508 19 14 o;

3032 5540 80 21 articles
3122 5541 21 17 to
3154 5539 23 20 !)•?
3185 5536 94 27 disposed
3287 5536 22 20 of
3319 5537 47 25 wnl,
3378 5543 28 13 we
3413 5535 133 25 understand,
3558 5535 24 19 b<

3032 5573 61 26 large,
3105 5572 39 21 and
3156 5572 34 20 the
3201 5570 68 21 useful
3280 5569 39 20 will
3331 5569 23 20 be
3370 5568 106 21 combined
3487 5567 48 21 with
3546 5567 35 21 the

3032 5607 80 20 artistic
3121 5606 19 20 iu
3159 5613 12 12 a
3190 5610 84 15 manner
3292 5607 21 15 to
3330 5603 42 20 suit
3391 5608 60 18 every
3472 5603 59 18 taste.
3560 5600 25 20 In

3033 5641 86 22 another
3127 5640 81 21 column
3217 5640 17 19 it
3244 5639 16 20 is
3279 5638 83 19 notified
3376 5636 46 21 that
3438 5636 49 20 Miss
3502 5635 77 21 Mullen

3036 5676 39 21 and
3083 5676 42 21 Mrs
3136 5675 23 21 E.
3173 5675 52 21 Hart
3236 5673 41 21 will
3287 5672 77 21 receive
3375 5671 49 26 gilts
3429 5670 33 21 for
3468 5670 35 20 the
3512 5668 72 22 bazaar

3033 5711 73 27 locally
3126 5711 40 21 and
3187 5709 113 21 Mesdames
3325 5707 60 21 Hand
3409 5705 39 22 at:d
3472 5704 71 26 Laffey
3563 5706 23 18 at

3037 5746 77 21 Millers
3125 5746 53 22 Flat.

3633 172 99 26 Shearing
3741 172 41 20 wnl
3792 172 78 26 shortly
3881 173 24 21 be
3915 173 20 21 in
3947 173 39 21 fuH
4005 175 63 25 swing
4088 175 20 21 in
4119 175 36 21 tlift

3607 206 87 28 district,
3714 206 40 23 and
3772 208 18 20 it
3809 207 16 22 is
3846 209 97 25 expected
3954 210 47 21 that
4019 210 35 21 the
4068 211 87 21 weather

3610 242 40 20 will
3660 243 25 19 bo
3695 242 118 21 favourable
3823 250 45 13 now
3877 243 47 21 that
3933 244 15 21 it
3959 245 17 20 is
3987 245 105 26 becoming
4103 252 54 14 more

3609 277 82 22 settled.
3719 277 58 22 Next
3787 278 56 21 week
3852 278 93 27 shearing
3956 280 40 21 will
4011 287 115 15 commence
4135 283 23 19 at

3611 313 73 21 Mount
3694 313 79 26 Benger
3782 314 39 21 and
3833 314 71 21 Teviot
3913 316 93 24 stations,
4021 316 41 21 and
4082 316 42 21 also
4138 319 21 19 at

3611 348 71 20 Teviot
3693 348 81 26 Downs,
3785 349 38 20 and
3835 349 71 21 within
3922 357 12 13 a
3952 350 38 20 fow
4010 351 50 25 days
4077 358 11 14 a
4107 354 52 19 start

3612 383 39 20 will
3661 383 43 20 also
3719 383 25 20 be
3763 384 58 20 made
3837 386 21 19 at
3876 385 47 20 Moa
3933 384 47 21 Flat
3990 385 39 21 and
4039 386 120 26 Ormaglade

3611 417 93 21 stations.
3731 418 21 20 It
3769 419 16 20 is
3807 419 127 26 satisfactory
3959 421 21 19 to
4002 420 54 21 learn
4080 422 46 20 that
4148 429 11 13 a

3612 453 93 26 splendid
3714 453 40 26 clip
3762 454 16 20 is
3788 455 97 25 expected
3894 455 27 21 all
3929 456 88 25 through
4025 458 35 19 the
4070 457 87 27 district,

3612 487 39 21 and
3661 495 21 12 as
3693 488 33 20 the
3736 489 54 25 price
3799 490 21 19 of
3830 490 49 20 wool
3894 490 16 21 is
3926 492 98 24 expected
4036 493 22 20 to
4067 492 50 27 keep
4130 500 27 19 up

3613 523 15 19 it
3651 524 16 18 is
3691 525 21 17 to
3734 524 23 19 be
3775 524 66 25 hoped
3859 532 37 13 our
3918 526 124 25 pastoralisrs
4061 528 40 19 will
4121 532 34 20 get

3613 565 26 12 an
3656 558 99 26 adequate
3770 558 77 22 reward
3865 559 31 21 for
3915 559 53 21 their
3985 561 111 27 enterprise
4117 563 39 20 this

3612 599 55 19 year.

3639 640 17 19 A
3667 640 158 24 correspondent
3835 640 66 20 writes
3911 640 90 27 drawing
4019 642 101 21 attention
4138 645 21 19 to

3614 681 13 13 a
3648 673 140 27 phenomenon
3806 673 74 27 which,
3904 674 25 21 he
3948 674 78 28 thinks,
4045 676 16 21 is
4079 676 21 21 of
4117 684 42 14 rare

3614 716 124 17 occurrence,
3750 715 21 13 as
3780 709 26 20 he
3815 709 36 20 has
3863 716 61 14 never
3933 710 96 20 observed
4048 711 18 21 it
4084 711 75 23 before.

3613 744 107 26 Keeently,
3740 744 25 21 he
3783 751 52 20 says,
3854 745 25 20 he
3904 745 37 20 has
3959 752 26 14 on
4004 747 40 20 two
4066 746 93 22 different

3613 780 101 22 occasions
3724 780 81 22 noticed
3814 780 73 28 during
3896 781 92 27 showery
4005 782 89 23 weather
4109 784 40 21 rain-

3613 815 54 21 bows
3680 815 20 21 in
3711 815 35 21 the
3755 816 38 24 sky
3805 817 22 19 at
3842 815 66 26 night.
3934 816 43 20 The
3997 823 59 15 moon
4071 824 39 14 was
4126 819 33 19 uot

3612 857 49 19 very
3671 851 67 26 bright
3748 851 66 21 either
3823 850 57 27 time,
3890 850 40 21 and
3943 850 35 22 the
3997 852 98 21 rainbows
4107 859 52 15 were

3613 887 67 23 white,
3705 886 58 20 there
3785 885 60 26 being
3867 892 11 13 a
3903 885 51 21 total
3979 886 84 21 absence
4082 886 21 21 of
4124 887 35 20 the

3614 921 105 26 prismatic
3729 920 78 21 colours
3816 920 117 20 observable
3953 920 20 20 in
3989 920 97 21 rainbows
4096 921 19 20 in
4125 921 34 21 the

3611 955 97 27 daytime.
3727 954 43 22 The
3778 961 59 14 moon
3846 954 106 26 rainbows,
3959 960 37 15 our
4002 954 157 26 correspondent

3611 996 52 19 says,
3684 996 51 14 were
3752 987 81 21 notioed
3843 988 26 26 by
3879 995 11 13 a
3900 987 86 21 number
3999 987 22 21 of
4032 989 77 26 people,
4120 989 39 21 and

3610 1022 72 21 caused
3693 1021 136 22 considerable
3839 1022 103 20 comment
3950 1027 27 14 on
3987 1024 83 19 account
4077 1022 21 21 of
4107 1022 52 21 their

3611 1058 82 28 novelty
3704 1059 19 20 in
3733 1058 57 21 these
3798 1060 62 25 parts.

3634 1106 43 20 The
3698 1106 106 25 discovery
3825 1105 22 20 of
3877 1113 12 13 a
3910 1105 99 26 shocking
4032 1106 83 21 murder
4136 1107 23 19 at

3609 1141 148 26 Silveistream,
3768 1148 11 14 a
3788 1141 58 22 small
3864 1141 119 22 settlement
3998 1149 48 14 near
4058 1141 84 27 Welling-

3609 1179 42 21 ton,
3670 1177 21 19 at
3708 1175 36 21 the
3762 1175 39 21 end
3820 1175 22 21 of
3856 1175 39 21 last
3914 1176 55 20 week
3979 1176 73 21 caused
4069 1183 12 13 a
4103 1177 57 24 great

3609 1208 100 21 sensation
3719 1209 19 20 in
3750 1208 132 27 Wellington.
3910 1210 19 20 A
3941 1216 46 15 man
3997 1210 71 21 named
4080 1210 74 21 Ernest

3609 1245 134 25 Hawthorne,
3753 1245 21 20 of
3783 1245 63 20 about
3856 1245 25 21 20
3889 1252 58 19 years
3963 1245 22 20 of
4000 1252 43 20 age,
4057 1245 44 21 who
4117 1252 38 14 was

3609 1278 73 22 known
3692 1286 22 14 as
3731 1286 22 14 as
3766 1286 12 14 a
3795 1278 77 28 steady,
3884 1279 51 22 hard
3950 1280 89 26 working
4049 1279 108 28 bushma-j,

3608 1315 36 20 has
3655 1316 50 19 been
3720 1315 84 26 missing
3818 1315 31 20 for
3865 1322 55 13 some
3937 1315 57 26 time,
4004 1315 40 20 and
4057 1322 11 13 a
4088 1315 69 20 search

3607 1348 75 26 having
3692 1348 49 22 been
3752 1348 110 22 instituted
3873 1349 30 21 for
3913 1349 31 21 his
3952 1349 52 26 body
4014 1349 30 26 (as
4054 1349 43 21 foul
4109 1349 48 26 play

3609 1388 39 15 was
3662 1382 123 27 suspected),
3796 1382 17 21 it
3823 1390 40 13 was
3874 1382 63 22 found
3951 1383 70 21 buried
4031 1382 21 21 in
4062 1383 35 21 the
4106 1383 52 21 busii

3609 1418 35 17 not
3653 1415 31 20 far
3693 1415 52 21 from
3762 1415 36 21 the
3816 1415 41 21 hut
3874 1415 25 21 he
3917 1416 96 26 occupied
4025 1415 49 21 with
4084 1424 12 12 a
4106 1419 54 17 mate

3609 1450 72 20 named
3698 1448 68 21 Frank
3785 1450 101 23 Pbilpott.
3914 1450 45 18 Phil
3962 1454 46 19 pott
4018 1452 17 16 ia
4044 1454 22 14 at
4075 1452 84 21 present

3609 1481 22 21 in
3640 1481 44 26 gaol
3693 1488 27 14 on
3738 1488 12 14 a
3766 1481 71 25 charge
3847 1481 21 21 of
3878 1482 86 25 forgery,
3974 1482 40 20 and
4024 1482 25 20 he
4060 1482 35 20 has
4107 1482 53 20 been

3602 1512 1 36 j
3611 1513 85 26 charged
3707 1521 26 13 on
3752 1515 100 26 suspicion
3863 1515 49 20 with
3933 1515 35 21 the
3985 1516 90 26 murder,
4086 1516 40 21 and
4140 1518 22 18 at

3602 1549 1 27 i
3610 1549 39 21 the
3661 1549 81 26 inquest
3752 1549 36 21 the
3798 1550 48 26 jury
3854 1550 97 21 returned
3959 1558 13 14 a
3979 1551 82 22 verdict.
4067 1551 21 21 of
4098 1551 64 21 wilful

3602 1577 1 39 |
3611 1582 83 21 murder
3711 1583 78 26 against
3807 1583 49 22 him.
3882 1583 45 22 The
3945 1584 95 22 deceased
4058 1592 40 13 was
4115 1585 47 21 shot

3602 1617 1 26 |
3611 1617 89 26 through
3710 1618 35 21 the
3753 1618 58 22 head.

3636 1672 43 21 The
3687 1673 105 21 commftte
3810 1673 22 21 of
3842 1673 36 21 tire
3891 1673 51 22 local
3958 1675 60 20 Brass
4036 1675 59 21 Band
4111 1675 54 22 have

3613 1710 85 22 decided
3709 1713 21 19 to
3737 1711 49 22 hold
3794 1719 11 13 a
3812 1712 71 20 bazaar
3892 1712 61 22 about
3962 1713 34 21 the
4002 1714 71 21 month
4080 1715 21 20 of
4116 1715 47 26 May

3613 1747 51 19 next
3688 1752 54 20 year,
3761 1746 20 20 iu
3800 1746 33 21 aid
3848 1746 21 21 of
3886 1747 34 20 the
3939 1747 50 21 debt
4003 1754 24 14 on
4047 1748 45 21 four
4117 1756 44 14 new

3614 1779 133 21 instrnmeuts
3759 1781 63 20 which
3839 1781 51 20 have
3909 1782 44 25 just
3974 1783 48 19 been
4041 1783 119 26 purchased.

3615 1813 64 21 These
3686 1821 33 13 are
3730 1821 10 13 a
3751 1814 131 27 euphonium,
3891 1816 58 21 teaor
3964 1816 58 26 horn,
4031 1816 16 22 E
4062 1816 37 22 flat
4116 1818 45 22 bass

3616 1849 40 21 and
3666 1851 76 24 coinet,
3749 1850 27 20 all
3786 1849 21 21 of
3822 1851 65 20 which
3895 1858 33 14 are
3941 1851 50 21 class
4010 1854 14 18 A
4041 1848 118 31 (Boosey'si)

3616 1883 55 25 They
3679 1884 40 19 will
3726 1883 24 20 be
3757 1890 25 13 on
3789 1884 51 21 view
3850 1887 21 18 at
3888 1885 31 20 Mr
3931 1886 69 20 Han's
4007 1886 153 22 establishment

3617 1917 97 26 probably
3724 1919 115 20 to-morrow
3855 1919 116 27 (Saturday)
3982 1920 65 26 night.
4076 1921 37 21 We
4131 1929 33 14 are

3617 1960 34 20 req
3657 1953 67 21 jest'd
3736 1955 20 19 to
3764 1953 55 21 draw
3829 1955 101 21 attention
3937 1957 21 19 to
3967 1962 24 14 an
4000 1955 160 23 advertisement

3618 1988 26 22 elf
3649 1989 84 26 ewhere,
3744 1989 70 27 asking
3824 1989 62 22 ladies
3895 1990 44 21 who
3947 1998 33 13 are
3990 1992 75 26 willing
4074 1993 22 20 to
4107 1992 59 22 assist

3618 2026 21 21 to
3666 2027 55 19 meet
3747 2027 50 19 next
3824 2025 106 27 Thursday
3956 2026 104 23 afternoon
4089 2030 22 19 at
4130 2030 36 21 the

3619 2060 123 22 Athenaeum
3752 2063 21 17 at
3782 2061 11 20 3
3803 2061 80 21 o'clock.
3911 2061 42 21 The
3961 2066 99 23 secretary
4072 2064 35 20 has
4118 2065 41 19 also

3619 2095 61 21 asked
3690 2102 21 14 us
3721 2097 21 18 to
3751 2095 141 27 acknowledge
3901 2096 35 21 the
3944 2096 67 22 band's
4020 2098 145 22 indebtedness

3619 2131 21 18 to
3652 2129 31 19 Mr
3695 2129 49 20 Bain
3753 2129 31 19 for
3793 2129 74 26 having
3876 2129 50 28 kept,
3937 2137 24 13 an
3980 2131 87 26 opening
4084 2131 32 21 for
4135 2133 31 20 Mr

3621 2163 74 26 Moore,
3707 2170 11 13 a
3728 2165 68 19 recent
3808 2163 90 22 addition
3911 2166 21 19 to
3942 2165 35 21 the
3987 2166 135 27 membership
4145 2167 21 21 of

3620 2199 34 21 the
3669 2199 59 21 band.
3757 2200 27 20 As
3801 2199 35 21 the
3855 2200 49 21 calls
3922 2200 22 21 of
3961 2201 35 20 the
4015 2201 51 21 band
4087 2209 24 14 on
4133 2203 33 20 the

3620 2235 68 26 public
3697 2235 51 20 have
3758 2235 48 21 been
3818 2242 48 19 very
3876 2236 45 26 few,
3932 2237 39 20 and
3990 2237 34 21 the
4041 2242 86 18 amount
4145 2239 21 20 of

3622 2271 91 25 pleasure
3724 2271 48 26 they
3780 2270 65 22 afford
3853 2272 19 20 is
3881 2275 63 23 great,
3954 2273 56 20 there
4018 2273 38 21 will
4067 2281 25 12 no
4104 2274 62 21 doubt

3620 2307 25 19 be
3655 2307 96 20 numbers
3765 2307 21 20 of
3803 2307 75 26 willing
3888 2307 114 22 volunteers
4013 2310 20 19 to
4043 2309 59 21 assist
4113 2309 53 22 them

3620 2343 20 19 in
3651 2342 53 20 their
3716 2342 77 26 project
3803 2344 20 18 to
3833 2343 52 20 raise
3894 2350 103 18 necessary
4008 2344 66 22 funds.

3646 2391 51 22 You
3709 2393 51 20 have
3770 2393 70 21 ruined
3848 2400 52 20 your
3909 2394 131 22 constitution

3623 2428 27 20 bv
3663 2428 96 26 drinking
3773 2429 82 20 inferior
3870 2433 39 18 tea.
3936 2430 84 21 Recruit
4034 2432 26 24 by
4076 2432 92 28 drinking

3624 2465 48 25 only
3683 2465 64 20 Kozie
3757 2466 38 20 tea.
3823 2465 20 21 It
3852 2465 17 21 is
3875 2472 50 19 pure
3930 2466 39 21 and
3977 2467 178 22 reliable.—Advt.

3645 2513 104 25 Certainly
3763 2513 35 19 the
3812 2514 54 19 most
3880 2513 92 21 effective
3989 2515 96 19 medicine
4099 2516 18 19 in
4130 2516 37 20 the

3621 2547 61 21 world
3702 2548 16 20 is
3736 2548 114 21 SANDER
3862 2548 39 21 and
3918 2549 75 20 SON'S'
4010 2550 157 22 EUCALYPIT

3620 2581 135 21 EXTRACT.
3784 2581 47 20 Test
3839 2581 27 20 its
3872 2582 111 26 eminently
3990 2584 97 24 powerful
4096 2585 71 19 efferts

3620 2616 19 20 in
3654 2615 81 26 coughs,
3747 2615 61 25 colds,
3819 2615 99 21 influenza
3926 2615 4 26 ,
3953 2616 36 21 the
3999 2617 56 21 relief
4065 2618 15 19 is
4092 2618 65 21 instan-

3620 2652 89 18 taneous.
3740 2650 25 20 In
3779 2649 77 21 serious
3866 2657 54 14 cases
3933 2651 40 20 and
3987 2651 100 23 aciudsuts
4103 2653 22 20 of
4139 2654 28 21 all

3619 2684 66 23 kinds
3697 2684 24 19 be
3730 2684 49 24 they
3791 2683 91 24 wounds,
3893 2684 67 22 burns,
3969 2684 104 25 sealdinjs,
4092 2686 75 22 bruises

3631 2718 73 25 prains,
3714 2720 16 17 it
3740 2718 16 20 is
3767 2717 34 21 the
3811 2717 62 21 safest
3883 2718 133 26 remedy—no
4026 2719 141 26 swelling—no

3618 2753 157 20 inflammation.
3806 2753 50 21 Like
3864 2754 111 26 surprising
3985 2755 70 20 effects
4066 2755 101 26 produced

3622 2788 20 20 in
3658 2795 68 19 croup,
3738 2788 107 26 diptheria,
3859 2788 115 26 bronchitis,
3986 2790 145 21 inflammation
4146 2790 21 20 of

3622 2823 35 20 the
3681 2823 66 25 lungs,
3762 2823 107 25 swellings,
3878 2827 36 17 etc.
3936 2823 106 26 diarrhoea,
4057 2825 107 26 dysentry,

3620 2856 88 21 diseases
3720 2856 20 19 of
3750 2856 34 20 the
3798 2855 85 27 kidneys
3891 2856 40 21 and
3945 2856 80 27 urinary
4034 2864 77 18 organs,
4141 2858 23 19 in

3633 2898 21 14 se
3662 2891 54 21 atall
3723 2891 97 26 hospitals
3826 2891 40 21 and
3875 2891 83 21 medical
3965 2892 73 25 clinics,
4052 2898 71 20 patrou
4127 2891 3 27 :
4132 2901 9 13 s
4153 2893 14 21 d

3621 2928 26 25 by
3658 2928 37 19 His
3705 2928 88 26 Majesty
3802 2928 36 20 the
3849 2928 55 25 King
3912 2928 21 19 of
3942 2928 62 26 Italy,
4015 2928 90 21 crowned
4121 2929 46 20 .mh

3624 2962 66 21 medal
3699 2962 40 21 and
3748 2962 89 27 diploma
3846 2968 22 14 at
3880 2963 146 20 International
4041 2964 124 25 Exhibition,

3622 2997 138 19 Amsterdam.
3787 2996 62 20 Trust
3859 3002 20 13 in
3890 2996 40 19 this
3939 2997 102 24 approved
4048 2997 40 20 arti
4095 3004 23 12 ;ie
4127 2997 39 23 wnfi

3622 3032 64 26 reject
3697 3032 27 21 all
3734 3032 74 21 others.

3765 3124 125 52 Mining
3930 3126 110 41 Notes.

3660 3216 56 28 The
3749 3216 139 38 dredging
3913 3219 109 26 returns
4060 3217 40 29 for
4125 3217 46 29 the

3625 3257 74 28 week
3714 3257 103 36 ending
3840 3257 136 37 [Saturday
3999 3268 68 19 were
4071 3258 100 28 —Gol-

3625 3297 50 25 den
3704 3295 69 27 Gate
3805 3295 73 34 14oz*)
3909 3295 104 28 GokLn
4041 3297 131 27 Treasure

3631 3335 71 35 !Boz,
3720 3335 176 38 Bengerburn
3913 3337 6 25 I
3931 3338 44 25 loz
3989 3335 82 36 6dwt,
4083 3335 87 38 Otago

3626 3377 76 33 2loz,
3718 3375 104 29 Golden
3838 3375 96 29 Crown
3948 3378 49 26 Boz
4019 3377 83 34 3dwt,
4118 3377 36 28 En-

3626 3416 114 37 terprise
3756 3417 64 26 18oz
3834 3416 73 27 2dwt
3918 3418 60 35 2gr.

3662 3456 57 28 The
3734 3455 105 29 Golden
3855 3455 59 30 Run
3931 3455 123 39 Sluicing
4069 3455 47 31 Co.
4128 3467 44 19 are

3625 3497 150 38 reopening
3796 3496 71 29 their
3886 3497 136 38 paddock,
4036 3497 54 28 and
4104 3498 68 28 have

3625 3537 78 28 made
3729 3537 72 38 good
3828 3547 136 28 progress.
4005 3537 74 37 They
4099 3538 73 30 wash

3626 3588 35 27 up
3676 3582 67 23 next
3756 3577 85 35 week,
3865 3578 54 27 and
3945 3584 98 31 expect
4065 3589 15 16 a
4101 3580 71 36 good

3624 3623 101 23 return.

3661 3658 57 28 The
3738 3659 108 29 Ettrick
3865 3659 104 38 dredge
3981 3659 24 29 is
4018 3660 53 28 still
4088 3659 70 30 clear-

3623 3699 49 38 ing
3686 3709 74 26 away
3775 3699 46 27 the
3834 3699 120 38 tailings,
3980 3700 52 27 and
4055 3700 48 28 has
4124 3708 48 20 not

3624 3745 45 32 yet
3683 3739 104 39 opeued
3801 3743 47 25 out
3862 3739 45 29 the
3919 3740 108 38 ground
4041 3740 70 30 after
4125 3741 47 28 the

3624 3780 79 28 flood.

3661 3820 57 28 The
3742 3820 128 30 Pleasant
4020 3821 75 32 Git
4123 3821 47 29 Co.

3625 3861 124 29 declared
3763 3873 16 16 a
3792 3862 128 28 dividend
3941 3862 29 28 of
3983 3863 30 27 4s
4027 3873 33 17 on
4076 3862 95 29 Sa!ur>

3625 3902 52 37 day
3691 3902 89 37 night,
3801 3902 114 37 payable
3936 3911 34 18 ou
3986 3901 184 38 Wednesday.

3625 3941 75 38 They
3714 3947 97 32 expect
3834 3942 114 29 another
3970 3941 129 29 dividend
4125 3942 31 28 be-

3625 3982 58 29 fore
3700 3981 4 32 i
3721 3982 126 30 hristmas
3870 3993 29 19 as
3909 3981 134 32 the.claim
4052 3982 27 31 .is
4090 3982 67 30 'look-

3625 4023 47 38 ing
3687 4022 67 30 well.

3663 4064 57 30 The
3737 4064 85 29 hdina
3844 4063 103 37 dredge
3967 4063 28 30 iis
4013 4067 159 35 -at.-present

3627 4104 52 28 laid
3710 4113 36 29 up
3784 4104 41 28 for
3853 4104 111 38 repairs.
4005 4103 43 32 Air
4081 4104 89 37 Philip

3627 4145 104 28 lieeder
3745 4144 24 29 is
3782 4154 59 19 now
3862 4144 27 29 in
3904 4145 106 37 charge,
4026 4144 45 29 Mr
4085 4144 85 28 Gour.-

3627 4186 42 37 ley
3694 4186 104 38 having
3818 4196 72 28 gone
3915 4189 32 25 -to
3974 4185 46 28 the
4043 4185 127 32 IJfunediu

3627 4226 111 37 dredge.

3664 4265 57 32 The
3735 4265 116 30 Electric
3932 4265 15 32 2
3962 4264 103 40 dredge
4084 4264 28 30 /is
4126 4275 31 19 ex-

3627 4307 157 37 periencing
3798 4316 74 18 some
3886 4306 132 36 difficulty
4040 4307 25 25 in
4090 4306 66 37 keep-

3627 4347 47 38 ing
3688 4356 35 19 on
3737 4346 46 29 the
3798 4346 102 29 bottom
3912 4346 60 39 just
3993 4356 70 25 now,
4079 4346 51 29 due
4144 4351 28 23 to

3626 4388 46 27 the
3688 4387 113 38 floating
3818 4387 119 39 tailings.
3977 4386 90 29 When
4081 4396 33 19 on
4126 4385 46 29 the

3629 4429 113 33 bottom,
3775 4427 132 32 however,
3935 4426 48 29 she
4012 4426 22 28 is
4064 4426 108 38 getting

3629 4467 109 39 biggish
3752 4473 118 23 returns.
3911 4466 51 29 We
4030 4461 141 36 Cromwelj

3629 4511 92 35 Argus
3775 4509 66 27 have
3856 4508 81 28 heard
3949 4509 58 26 ?h;it
4015 4519 33 16 on
4062 4518 49 17 one
4121 4508 51 35 day

3627 4549 92 27 within
3732 4549 45 27 the
3783 4556 60 30 past
3853 4548 136 36 fortnight
4000 4548 46 27 she
4058 4546 114 39 scooped

3627 4599 35 27 up
3683 4589 135 28 lOOuzfor
3841 4589 47 28 the
3913 4589 34 27 24
3975 4587 91 29 hours'
4088 4586 84 29 work.

3624 4629 64 28 This
3702 4630 30 33 is,
3748 4630 132 33 however,
3904 4635 47 22 not
3970 4628 190 30 authoritative

3677 4732 178 39 Lawrence
3884 4732 96 38 News
4008 4730 111 38 Notes.

3754 4816 25 25 (<)
3782 4822 31 15 YV.V
3828 4817 58 20 Com?
3890 4821 64 15 KSPON
3958 4816 72 25 I)ENT.)

3656 4857 13 26 I
3702 4855 132 37 sincerely
3868 4861 92 29 regret
3987 4860 27 20 to
4043 4855 66 26 Lave
4141 4863 27 20 w

3620 4895 134 30 chronicle
3770 4895 45 28 the
3830 4894 81 29 death
3927 4894 28 27 of
3979 4893 57 31 Mrs
4051 4893 116 32 .Edward

3619 4936 129 34 Herbert,
3763 4935 85 28 which
3866 4934 63 28 took
3942 4934 75 37 place
4033 4934 26 26 in
4076 4934 73 27 Dune-

3618 4977 46 26 din
3678 4986 34 17 on
3731 4974 119 38 Monday
3874 4984 134 26 morning'.
4048 4973 58 27 The
4119 4974 31 26 de-

3617 5015 95 28 ceased
3725 5015 60 35 lady
3798 5015 47 26 has
3860 5014 66 26 been
3941 5013 137 35 ailing.for
4090 5023 76 18 some

3619 5055 71 29 time,
3714 5054 44 24 bur
3774 5052 246 32 notwithstanding
4036 5052 67 31 dial,
4118 5052 47 26 her

3617 5092 80 29 death
3715 5101 51 19 was
3781 5097 74 32 quite
3867 5090 178 37 unexpected,
4055 5090 52 27 and
4119 5090 44 28 the

3619 5144 71 17 news
3705 5133 48 27 has
3766 5130 108 29 created
3888 5141 33 16 an
3937 5130 134 28 universal
4095 5131 53 25 feel-

3618 5174 49 37 ing
3680 5173 29 28 of
3731 5179 92 31 regret
3848 5171 71 27 here.
3960 5170 54 28 She
4040 5179 53 18 was
4118 5170 47 27 tho

3619 5215 87 27 eldest
3730 5212 136 37 daughter
3878 5211 28 27 of
3929 5210 43 29 Mr
3992 5210 13 28 J
4012 5221 37 17 as.
4065 5209 99 34 Smith,

3619 5256 27 26 of
3671 5252 162 34 Greenfield,
3847 5255 53 24 and
3928 5262 52 16 was
4003 5250 92 37 highly
4123 5261 42 17 es>

3620 5294 104 28 teemed
3741 5294 32 35 by
3789 5292 33 27 all
3840 5292 57 26 who
3922 5291 79 27 knew
4028 5294 55 22 her.
4123 5290 42 37 lly

3620 5334 56 26 Mrs
3844 5331 80 26 death
3935 5330 104 37 Trinity
4056 5330 108 28 Church

3620 5374 50 27 will
3694 5373 55 27 lo»o
3770 5381 50 18 one
3845 5372 29 27 of
3900 5372 33 26 its
3963 5378 70 20 most
4057 5370 108 28 zealous

3619 5413 127 34 workers,
3769 5412 64 26 with
3856 5410 86 28 which
3967 5410 45 27 the
4034 5410 132 30 deceased

3619 5453 59 36 lady
3693 5453 48 27 lias
3758 5452 66 26 been
3840 5449 151 29 connected
4017 5450 42 26 for
4085 5461 82 26 many

3616 5504 86 28 years.

3653 5535 38 25 At
3713 5532 46 28 the
3784 5532 103 26 service
3904 5540 33 17 on
3966 5530 112 38 Sunday
4104 5532 61 34 (7th

3616 5574 74 35 inst.)
3708 5574 45 26 the
3778 5576 37 23 lie
3820 5583 23 15 v.
3859 5571 101 27 Father
3974 5570 123 39 O'Leary
4117 5583 33 17 an-

3617 5613 123 28 nounced
3763 5622 32 18 o:i
3814 5611 90 28 behalf
3916 5612 30 26 of
3972 5611 46 27 the
4042 5612 123 30 Catholic

3615 5654 75 28 choir
3706 5653 57 27 that
3787 5653 45 27 the
3860 5659 135 20 numbers
4021 5650 53 30 had
4100 5652 49 28 sub-

3616 5704 36 18 set
3660 5694 60 27 ibeu
3737 5694 45 27 the
3797 5703 58 16 sum
3868 5693 29 27 of
3905 5691 65 36 £lO,
3986 5693 36 27 £(5
4036 5692 28 28 of
4078 5693 89 28 which

3617 5734 52 27 hud
3682 5734 109 37 already
3808 5734 66 26 been
3885 5739 80 33 spent
3976 5733 26 27 in
4016 5732 152 47 procuring

3438 83 164 49 Friday,
3627 81 234 39 November
3882 78 58 47 19,
3965 78 99 43 1897

1992 100 225 42 BENGER
2303 95 153 42 MAIL.

316 208 39 38 [A
376 208 98 38 Card.]

110 357 59 55 cQ
265 360 156 28 HtTB
459 359 83 28 EN
574 358 23 28 E
627 339 63 54 E,j

177 406 9 10 5
237 419 55 21 ACE
296 419 36 21 EE
353 419 36 21 07
410 419 57 20 THE
489 417 111 25 VIOLIN,

210 470 63 30 visit
286 470 154 38 Roxburgh
454 468 106 38 weekly
585 468 91 38 (every

326 517 143 37 Mondpy.)

689 574 3 11 I

690 588 2 9 I

110 665 2 42 '
129 667 96 29 Terms
235 679 33 17 oij
279 668 164 39 application
454 672 27 24 to
492 667 52 28 self
553 677 30 18 or
595 665 83 29 Office
691 665 2 42 I

302 717 28 28 of
344 717 56 28 this
413 717 98 38 Paper.

228 809 43 36 C.
312 808 35 36 J.
391 807 188 50 Coombs,

151 873 193 29 SURGICAL
364 873 22 28 &
406 870 256 30 MECHANICAL

322 918 165 29 DENTIST

339 964 37 26 (By
393 964 71 21 Exam.
469 964 4 26 I

129 1025 50 54 jyj
191 1024 25 27 R
239 1023 151 29 COOMBS
399 1033 71 25 may
482 1023 35 27 be
532 1020 148 30 Consulted

287 1116 123 28 Heron's
433 1115 94 27 Hotel

134 1168 40 29 On
197 1167 156 30 FRIDAY.
368 1168 70 28 26th
458 1164 222 31 NOVEMBER.

169 1248 39 27 As
222 1246 14 29 I
250 1246 93 28 intend
358 1246 114 36 visiting
491 1244 54 29 this
565 1242 115 30 District

132 1286 186 40 periodically,
331 1288 22 27 it
360 1287 54 27 will
423 1296 64 19 save
499 1284 124 29 Patients
634 1284 46 27 the

130 1338 120 28 expense
263 1328 28 28 of
304 1329 86 37 going
404 1333 28 23 to
446 1333 72 23 town
532 1338 7 23 ;
558 1325 53 29 and
626 1335 28 17 as
665 1324 13 28 I

132 1378 150 27 guarantee
301 1369 35 26 all
360 1368 85 35 work,
472 1368 123 27 Patients
618 1375 60 27 may
692 1366 1 45 j

128 1408 58 39 rely
202 1419 32 19 on
249 1409 111 38 getting
374 1420 15 17 a
402 1407 143 30 first-class
555 1406 115 28 denture
692 1402 1 45 J

129 1488 90 21 TEETH
249 1487 81 22 HADE
358 1489 34 20 BY
425 1487 95 20 OTHER
546 1484 134 23 DENTISTS
692 1479 1 37 j

111 1526 5 13 f
129 1516 12 26 g
152 1516 41 21 PR<
199 1514 81 22 JVING
291 1516 88 20 UNSA'I
387 1515 76 22 ISFAf
468 1514 75 21 TOKY
553 1514 18 21 >'
578 1516 12 18 A
598 1514 14 19 V
627 1512 32 21 HE

184 1543 39 21 RE
227 1544 10 17 A
248 1543 131 21 ODELLID
394 1543 36 21 AT
443 1542 94 21 SMALL
550 1541 74 21 COT.

133 1611 123 29 Painless
285 1611 160 29 Extraction
475 1609 65 28 with
567 1608 113 28 Nitrous
692 1605 1 38 j

169 1651 87 28 Oxide
278 1651 63 33 Gas,
365 1651 125 33 Cocaine,
503 1649 95 33 Ether,
613 1658 31 17 or
692 1649 1 35 i

313 1690 182 27 Chloroform.

110 1776 6 21 I
129 1763 132 28 Stopping
282 1771 68 18 with
372 1763 83 33 Gold,
478 1761 147 33 Amalgam,
645 1767 33 18 ok

342 1803 21 29 C
367 1813 10 18 >
384 1813 17 17 M
408 1811 55 19 KNT.

220 1881 30 29 C.
297 1881 28 28 J.
379 1877 206 35 COOMBS,

266 1929 127 27 Surgfon
418 1926 116 28 Dentist

327 1972 128 40 Catgill's
468 1971 173 37 Monument)

333 2020 79 21 DUNE
417 2020 57 20 DIN.

242 2062 80 35 (Late
339 2060 73 30 Kidd
428 2060 52 28 and
496 2058 59 38 Co.)

131 2177 210 31 ROXBURGH
353 2175 157 30 BAKERY
522 2175 23 29 &
558 2174 117 30 STORE

132 2278 178 55 Rot>t.
336 2278 339 53 Kinaston.

151 2368 138 35 BAKER,
317 2365 291 32 CONFECTIONER

265 2415 278 34 STOREKEEPER,

170 2474 147 23 SCOTLAND
339 2474 111 24 STREET,
474 2474 22 19 K'
511 2471 127 22 XBUEGII.

173 2570 184 29 b.K.ttesins
372 2578 26 18 to
414 2570 25 26 ill
453 2569 38 26 ,i,l-
514 2568 43 28 the
571 2567 92 28 inhabi-

137 2615 73 24 tants
224 2612 28 27 of
270 2612 27 26 I>'<
308 2610 107 36 xburgl;
432 2608 1 38 ■
450 2608 2 38 :
468 2625 13 9 «■
511 2620 23 16 iw
543 2608 133 37 rounding
692 2608 1 38 i

136 2652 120 27 districts
282 2652 42 26 for
344 2650 46 27 the
412 2662 28 14 s«;
447 2647 4 39 :
466 2661 14 25 {■
503 2659 16 15 •'
547 2647 146 37 accorded;

134 2692 55 28 linn
205 2692 25 27 in
245 2692 47 27 the
305 2698 69 31 past,
390 2695 48 23 and
458 2688 2 41 >
493 2701 15 16 n
521 2690 68 27 form
605 2689 72 27 tl.em
692 2688 1 41 !

135 2733 60 25 that
209 2732 116 34 nothing
339 2732 52 25 v.ill
408 2732 33 25 bo
454 2730 122 36 wanting
589 2739 34 17 on
638 2730 41 25 his
692 2730 1 36 j

134 2778 59 31 part
208 2771 26 27 in
249 2768 4 41 1
260 2771 34 27 he
307 2772 90 26 future
409 2777 27 20 to
445 2769 78 29 merit
532 2779 15 17 a
556 2768 124 29 continu-
692 2768 1 41 j

133 2822 67 17 ance
212 2811 30 28 of
254 2811 71 28 their
338 2815 122 33 support.

692 2845 1 46 |

161 2900 140 21 WEDDING
320 2900 61 21 AND
400 2900 148 21 BIRTHDAY
567 2899 89 21 CAKES
692 2899 1 22 !

282 2935 79 20 MADE
379 2935 35 20 TO
428 2935 101 20 ORDER.

692 2956 1 22 |

133 2982 123 26 SOIKFES,
280 2982 34 19 I'D
326 2982 64 20 NICS
412 2986 16 15 M
450 2981 82 20 BALLS
550 2980 132 21 CATFREI)
692 2972 1 36 j

176 3018 54 20 FOR
246 3017 37 21 ON
301 3018 56 20 'iHE
371 3017 137 20 sHORTE.s'i
532 3015 112 22 NOTICE.

135 3059 126 39 Nothing
275 3060 49 28 but
341 3059 39 29 tht
399 3060 60 28 best
471 3059 120 29 material
607 3059 73 27 used.
692 3059 1 39 j

692 3120 1 33 |

134 3156 24 21 G<
172 3156 38 19 OD
224 3154 184 22 A.-SOKTMENT
418 3154 34 21 OF
463 3154 164 27 GROCERIES,
637 3157 45 23 icc.,

334 3189 37 21 ON
390 3188 91 21 HAND.

221 3281 116 28 Liberal
359 3279 137 29 Discount
509 3287 48 19 for
579 3277 84 29 Cash,
692 3277 1 32 ;

139 3395 36 29 T
266 3390 54 34 w.
397 3386 282 43 ROONEY,

162 3470 207 25 HAIRDRESSER,
384 3469 201 25 TOBACCONIST,
602 3469 45 21 ic..

131 3513 76 38 Begs
221 3515 28 25 to
263 3511 123 28 intimate
409 3516 27 22 to
456 3509 46 28 the
515 3508 94 39 public
622 3508 61 29 that

350 3551 34 28 he
409 3551 49 28 has

151 3592 152 30 OPENED
324 3594 21 26 A
369 3591 95 28 HAIR
470 3589 193 30 DRESSING

333 3631 150 29 SALOON

129 3675 29 29 in
180 3674 46 29 the
249 3673 45 30 old
317 3671 145 37 Premises,
484 3675 67 26 next
578 3669 103 40 Boyd's

363 3713 93 29 Hotel.

149 3787 253 37 Haircutting—6d
414 3799 7 23 ;
450 3786 139 35 Children,
616 3784 45 30 6d.

309 3828 132 37 Shaving,
456 3828 45 28 6d.

190 3908 106 28 Razors
318 3907 53 28 Set
596 3906 30 28 Is

131 3979 94 22 LARGE
235 3978 186 22 ASSORTMENT
430 3977 142 22 TOBACCOS
580 3977 15 21 &
604 3975 78 23 PIPES

167 4046 28 29 J.
219 4045 45 30 W.
285 4045 166 34 ROONEY,
466 4043 120 34 Painter,
605 4041 48 29 has
667 4051 13 17 a

130 4087 76 36 large
257 4089 166 26 assortment
473 4085 29 28 of
553 4082 131 36 Painting

131 4126 141 29 Materials
287 4137 33 18 on
336 4125 73 28 hand
421 4137 8 23 ;
454 4125 52 28 and
522 4124 28 27 in
562 4123 81 28 order
656 4125 28 24 to

130 4170 72 25 meet
215 4166 47 29 the
275 4167 80 28 times
367 4166 50 27 has

117 4214 3 28 .
130 4217 214 23 CONSIDERABLY
370 4216 134 22 REDUCED
523 4216 56 20 THE
601 4214 83 22 PRICE

207 4252 35 19 OF
259 4251 143 20 PAINTING
414 4250 66 20 THIS
494 4249 113 20 SEASON.

253 4315 26 29 J.
320 4313 47 31 W.
406 4313 166 35 ROONEY,

152 4367 120 35 Painter,
299 4365 122 35 Grainer,
453 4365 68 36 Sign
555 4363 111 35 Writer,

269 4406 202 39 Paperhanger,
492 4404 59 34 &c.,

178 4457 149 23 SCOTLAND
343 4457 112 26 STREET,
471 4456 168 21 ROXBURGH.

136 4534 61 52 yy
290 4532 21 29 T
327 4557 6 5 .
403 4530 281 35 BOWDEN,

207 4607 176 25 CARPENTER,
409 4605 116 26 JOINER,
553 4604 60 22 AND

306 4644 207 26 UNDERTAKER,

131 4699 99 26 Desires
257 4704 24 18 to
308 4696 75 26 thank
411 4696 41 25 the
485 4694 86 27 Public
597 4696 22 24 ot
647 4694 39 26 the

130 4737 106 28 District
252 4736 37 26 for
308 4741 52 30 past
381 4739 113 30 support,
514 4732 47 26 and
582 4731 60 36 b<-gs
662 4737 24 20 to

120 4776 101 28 .inform
253 4774 64 24 them
354 4776 51 22 that
438 4772 30 25 he
499 4771 44 25 has
574 4769 111 26 resumed

132 4811 120 28 Business
266 4811 23 25 in
305 4807 149 37 Roxburgh.

129 4899 134 25 Estimates
276 4898 72 26 {riven
361 4896 46 25 and
419 4894 122 35 Building
551 4894 131 26 Contracts

230 4947 27 26 of
273 4945 30 27 all
325 4945 73 27 kinds
415 4943 161 28 undertaken.
591 4943 2 30 ■

167 5032 73 25 Fii;r>a
255 5031 47 25 and
322 5029 186 35 Specifications
521 5026 123 36 prepared.

129 5104 46 51 j3
301 5101 56 37 W
426 5098 259 41 INK,

128 5176 85 20 PALM
222 5174 42 24 EK,
290 5171 130 25 GLAZ'ER,
445 5169 93 21 PAPER
557 5168 128 25 HANGER,

203 5207 67 21 SIGN
294 5205 113 20 WRITER
429 5203 62 21 AND
513 5202 95 20 HOUSE

316 5236 178 25 dkorator,

223 5280 70 28 Ross
318 5279 96 33 Place,
435 5276 161 28 Lav.penck.

170 5362 41 28 On
228 5360 63 28 Sail-
304 5371 16 15 a
330 5359 76 36 large
417 5356 54 29 and
480 5355 93 28 vrmed
583 5357 87 26 assort
675 5372 10 5 -

132 5414 35 17 nu
179 5407 28 23 ~t
222 5402 26 27 of
264 5399 68 36 Oils,
346 5399 104 34 Paint-,
474 5395 98 35 Scrim,
595 5395 89 35 Glass,

383 5439 54 27 ind
458 5437 125 28 Tainters
612 5435 54 29 Sun-

130 5483 27 28 di

169 5522 66 29 New
245 5532 51 18 ar.u
307 5518 171 31 fasniouable
486 5516 75 30 Wall
574 5515 109 40 Papers,

133 5565 31 27 fi.
179 5574 23 16 »t.
217 5564 34 26 r><!
277 5572 48 27 per
346 5570 75 28 pcce
445 5558 135 39 upwards,
621 5566 7 18 J
644 5564 27 20 at-

132 5613 23 19 tr
221 5614 46 18 son
271 5611 6 12 1
352 5600 175 38 application,
543 5602 61 33 post
617 5596 67 29 free.

170 5644 147 27 Estimate*
331 5641 81 27 o-ivPn
426 5640 44 27 fcr
492 5637 117 29 General
631 5638 54 26 Pit>

129 5694 52 28 paii
190 5693 22 20 s.

171 5721 163 31 Celebrated
348 5720 131 28 Lustruss
498 5718 90 32 Paint,
601 5717 84 38 ready

122 5764 109 35 .xuixed,
244 5762 36 29 ail
296 5761 122 30 Colours.

774 1214 28 34 B
820 1211 311 37 ERNSTON
1152 1213 39 42 E,

755 1311 77 30 THE

853 1383 91 34 (From
973 1384 151 38 Dunedin),

846 1470 6 4 '
865 1469 63 29 ILL
944 1469 65 29 visit
1022 1468 165 39 Roxburgh,

904 1510 103 28 Millers
1037 1509 71 35 Flat,
1133 1509 54 28 and

783 1550 186 38 surrounding
969 1550 2 38 1
1004 1550 123 28 districts
1159 1554 29 23 nt

785 1591 107 38 rvgu!;»r
904 1590 139 35 intervals,

920 1645 77 27 when
1013 1644 33 27 he

795 1709 33 27 IV
837 1710 5 26 i
850 1709 46 27 LL
910 1709 104 28 TAKE
1029 1707 149 30 ORDERS

784 1775 28 21 to
836 1770 53 26 suit
905 1768 45 28 the
964 1768 181 28 convenience
1159 1768 29 28 of

856 1814 47 27 the
922 1813 66 29 local
1009 1813 103 38 public.

828 1916 127 29 Charges
978 1916 161 29 Moderate.

785 2027 74 30 Suits
868 2026 70 30 from
948 2027 38 29 £3
998 2027 42 35 3s;
1055 2026 131 30 Trousers

889 2076 71 27 from
975 2076 48 27 16s
1037 2076 45 27 (Jd.

1273 2105 2 28 |

782 2180 45 30 Fit
840 2180 174 31 Guaranteed
1034 2192 31 18 or
1086 2182 100 28 Moncv

1273 2210 2 15 i

883 2234 48 25 not
943 2231 141 39 accepted.

744 2360 332 31 EXTRAORDINARY

943 2420 280 30 OPPORTU.MTY.

706 2516 77 21 FROM
804 2516 57 20 THE
882 2514 130 21 FACTORY
1034 2514 103 21 MKECT
1150 2516 35 19 TO
1205 2515 56 20 TEE
1274 2514 1 24 i

903 2543 107 22 CUSTOM
1017 2543 41 21 Ell.

711 2610 89 54 OUR
815 2611 105 25 Company
935 2609 16 20 is
971 2608 52 21 «?!!»
1031 2616 12 15 ir
1057 2608 64 21 direct,
1134 2610 21 18 to
1171 2608 35 21 ilm
1217 2615 28 14 cm-

785 2642 73 17 tomer.
877 2638 47 19 tl.us
943 2636 108 24 procuring
1070 2636 30 19 fur
1119 2636 35 19 tlx-
1171 2636 62 20 l.t'.er
1249 2645 10 11 a
1273 2636 2 24 '

693 2662 3 32 i
709 2669 75 23 double
808 2672 104 20 tcononiy,
937 2662 88 27 namely,
1045 2664 37 20 the
1101 2664 60 26 profit
1180 2664 21 20 of
1225 2664 35 21 the
1274 2662 1 32 J

694 2692 2 28 i
710 2695 108 25 wholesale
827 2694 76 25 dealer,
913 2692 39 21 and
962 2692 35 19 the
1007 2699 55 13 more
1072 2692 138 21 considerable
1223 2699 38 13 on?
1274 2692 1 28 !

694 2718 2 29 I
710 2735 12 12 0
724 2728 7 18 f
739 2727 35 19 the
781 2723 58 21 retail
851 2721 45 19 deal
910 2728 16 15 r,
936 2720 121 24 amounting
1068 2722 22 17 to
1098 2719 52 20 from
1190 2722 21 16 to
1218 2720 42 19 £lO
1274 2718 1 29 ;

694 2745 2 28 '
710 2759 54 14 unon
779 2758 12 12 a
800 2748 64 25 single
875 2746 72 21 watch.
975 2745 66 20 Retail
1050 2748 65 18 watch
1126 2746 78 20 dealers
1220 2747 39 18 and
1274 2745 1 28 j

694 2772 2 35 !
709 2781 8 26 j
720 2789 9 12 e
733 2787 12 12 w
751 2787 9 13 e
762 2780 56 22 ller?,
825 2775 80 25 usually
911 2773 70 25 selling
988 2773 37 19 but
1032 2780 10 12 a
1049 2773 38 20 few
1096 2773 87 21 watcbfs
1197 2773 63 26 daily,
1274 2772 1 35 1

694 2798 2 31 :
710 2817 9 12 ;,
722 2815 10 14 r
733 2817 10 10 e
753 2805 68 23 forced
832 2810 21 14 to
863 2803 59 21 make
931 2808 24 13 an
964 2800 153 27 extraordinary
1128 2801 61 26 profit
1206 2808 54 19 upon
1273 2798 2 31 I

694 2828 2 31 |
710 2836 47 19 each
769 2841 38 12 one
826 2832 44 20 sold
880 2832 18 18 in
919 2830 58 19 order
995 2830 22 18 to
1027 2828 71 27 defray
1110 2829 53 19 their
1178 2829 81 26 genera!
1274 2828 1 31 ;

694 2860 2 28 I
709 2868 104 20 expenses.
1274 2860 1 28 j

694 2889 2 27 I
735 2896 39 20 We
800 2892 141 22 manufacture
964 2897 22 12 as
1012 2896 36 13 our
1081 2889 106 25 speciali'v
1214 2889 62 25 only;

695 2918 2 31 j
709 2923 84 24 sterling
812 2921 60 21 silver
890 2926 22 13 or
932 2918 46 26 gold
1002 2918 149 21 stem-winders
1174 2918 87 26 (keyless
1275 2918 1 31 '

695 2951 2 27 j
710 2951 103 24 watches).

695 2977 3 34 i
738 2986 43 20 Th*'
793 2984 81 27 keyless
879 2982 122 22 mechanism
1017 2982 22 19 of
1053 2981 88 21 watches
1156 2981 15 20 is
1185 2987 38 14 one
1240 2981 22 19 of

696 3008 2 28 I
713 3015 36 20 tVe
771 3015 54 19 most
845 3013 112 23 imporiant
971 3010 40 20 and
1027 3009 66 21 useful
1110 3010 117 19 inventions
1242 3008 21 21 of
1276 3008 1 28 j

696 3036 2 27 j
713 3041 83 21 u.rdein
821 3040 67 19 times.
917 3037 82 20 Instead
1015 3037 21 19 of
1055 3036 101 24 fura'-ling
1172 3037 18 18 in
1208 3036 55 19 one's
1275 3036 11 27 ;

696 3059 2 34 1
713 3069 83 24 pockets
807 3070 21 17 to
842 3066 40 20 find
898 3065 36 20 the
948 3064 47 25 key,
1013 3064 64 20 which
1094 3064 56 20 when
1168 3064 63 20 found
1248 3064 15 19 i-
1277 3059 2 34 j

696 3092 4 29 i
713 3100 53 16 most
787 3096 74 23 always
887 3092 8 29 H
903 3092 7 29 1
918 3092 22 29 led
960 3093 49 20 with
1024 3092 116 20 dust—this
1154 3092 21 19 of
1194 3098 70 13 course
1277 3092 2 29 j

696 3118 3 29 !
715 3128 16 15 u
738 3125 34 22 ing
780 3120 123 23 transferred
919 3123 21 17 to
950 3120 35 20 the
997 3119 64 20 watch
1073 3126 53 13 -one
1138 3119 35 20 has
1190 3118 37 21 hut.
1245 3123 19 15 to
1277 3118 2 29 ;

713 3154 46 18 turn
769 3158 11 13 a
793 3148 87 22 knurled
893 3148 74 20 button
983 3147 59 20 fitted
1053 3151 22 16 to
1084 3146 35 21 the
1135 3153 5 19 }
1149 3146 76 21 endent
1235 3149 30 18 (or
1277 3146 2 27 j

696 3175 2 29 i
715 3179 58 25 line),
785 3178 47 21 thus
841 3176 88 25 winding
938 3176 33 19 the
982 3175 64 20 watch
1054 3175 40 21 and
1108 3175 114 26 regulating
1231 3175 34 20 the

696 3200 3 31 i
713 3208 63 19 hands
786 3207 25 24 by
821 3205 35 20 the
866 3212 55 12 same
934 3210 76 13 means.

696 3240 2 27 '
738 3247 44 16 Onr
793 3245 89 17 watchrs
891 3250 34 12 are
933 3243 129 24 everywhere
1070 3242 115 24 recognised
1201 3244 21 16 to
1242 3242 23 20 he
1278 3240 2 27 |

696 3266 2 34 i
713 3266 4 34 t
722 3273 26 20 lie
764 3272 45 20 best
827 3271 19 20 in
858 3270 36 20 the
908 3276 40 14 mar
952 3269 43 26 ket,
1006 3269 118 26 surpassing
1134 3269 27 20 ail
1172 3269 60 21 other
1238 3269 27 26 by
1278 3266 2 34 j

696 3292 2 32 j
713 3300 35 20 the
759 3299 97 25 precision
874 3297 20 19 of
904 3297 54 20 their
967 3298 126 18 movements
1107 3303 22 13 as
1143 3297 48 20 well
1202 3304 21 13 as
1239 3297 26 25 by
1279 3292 2 32 j

696 3323 2 27 |
713 3327 54 19 their
776 3331 96 18 accuracy
882 3323 39 20 and
931 3323 117 24 cheapness.

738 3365 43 21 Our
792 3364 87 25 factory,
894 3363 54 20 since
965 3361 26 21 its
1002 3361 120 21 foundation
1130 3361 18 21 in
1161 3360 57 27 1852,
1230 3360 35 21 has
1279 3356 2 33 I

696 3386 2 34 I
712 3392 97 28 acquired
818 3399 10 13 a
845 3389 124 23 world-wide
984 3390 124 25 reputation,
1124 3389 38 21 and
1170 3388 96 22 obtained

696 3415 2 30 I
712 3422 36 20 the
774 3420 82 25 highest
877 3418 80 21 awards
978 3418 50 20 from
1048 3417 27 21 all
1096 3418 35 20 the
1153 3418 112 25 important

696 3440 2 29 I
712 3448 137 21 Exhibitions.
878 3446 34 20 No
938 3445 66 20 watch
1032 3445 66 20 leaves
1127 3452 37 13 our
1187 3445 78 19 factorv

696 3469 2 32 |
713 3476 87 20 without
822 3473 75 25 having
915 3473 51 19 been
985 3472 98 26 carefully
1103 3471 106 21 examined
1225 3471 40 20 and

696 3499 2 31 j
712 3502 90 25 verified,
821 3502 49 20 thus
888 3501 60 24 being
963 3500 61 26 ready
1043 3500 32 21 for
1093 3499 118 22 immediate
1221 3506 42 14 use.

696 3527 2 28 i
712 3531 54 22 Each
777 3537 37 14 one
822 3530 17 20 is
849 3531 37 24 put
893 3535 29 19 up
932 3528 20 21 in
960 3535 25 13 an
994 3528 89 25 ellegant
1097 3527 103 21 silk-lined
1213 3534 51 19 case,

710 3560 40 19 and
759 3556 142 28 accompanied
911 3556 25 26 by
947 3563 12 13 a
968 3557 102 25 warranty
1081 3555 31 21 for
1122 3555 58 21 three
1198 3561 67 21 yearss

738 3601 43 21 The
797 3600 66 24 buyer
877 3606 47 19 may
940 3600 71 19 return
1028 3605 41 16 any
1087 3598 22 21 of
1124 3605 38 14 our
1180 3598 83 21 watche.

695 3626 1 23 i
713 3629 77 20 withen
799 3628 30 19 six
840 3626 82 21 months
933 3626 73 20 should
1019 3626 35 20 the
1072 3626 61 20 latter
1146 3627 36 19 not
1198 3626 67 20 afford

712 3657 36 21 the
757 3657 54 19 most
821 3654 100 27 complete
927 3653 135 22 satisfaction.

738 3699 35 22 All
789 3697 80 22 articles
884 3696 45 21 sold
944 3702 35 14 are
994 3695 102 21 delivered
1106 3697 46 24 post
1163 3695 50 27 free,
1225 3695 40 21 and

712 3731 80 18 custom
808 3727 52 24 duty
877 3724 46 25 paid
941 3725 22 19 to
980 3730 40 19 any
1038 3725 46 24 part
1102 3723 21 21 of
1141 3723 35 21 the
1194 3724 69 25 world,

713 3756 49 19 thus
771 3753 89 21 without
869 3753 36 19 the
919 3751 94 26 slightest
1024 3751 81 20 trouble
1122 3758 23 13 or
1160 3751 104 26 formality

710 3786 22 19 to
742 3782 35 21 the
787 3781 95 21 receiver.

738 3821 122 26 Alliepairs
883 3820 74 24 during
974 3819 37 20 the
1028 3819 12 21 3
1049 3825 58 19 years
1124 3819 23 20 of
1155 3821 110 22 guarantee

713 3857 35 14 are
772 3848 99 22 executed
896 3847 143 25 gratuitously,
1064 3846 15 20 if
1097 3846 36 20 the
1158 3847 64 21 watch
1241 3848 24 20 be
1277 3846 2 26 i

714 3876 113 24 forwarded
838 3878 22 19 to
869 3882 37 15 our
916 3874 85 21 London
1008 3874 65 21 office.

738 3920 43 19 The
787 3917 105 24 following
898 3923 33 13 are
938 3915 46 20 cash
992 3915 63 24 prices
1064 3914 87 20 without
1157 3913 107 28 discount.
1277 3913 3 28 I

1204 3954 15 20 £
1244 3959 20 16 8:

762 3986 27 21 A.
803 3982 152 25 Stem-winder,
971 3980 83 25 sterling
1069 3979 67 26 silver,
1147 3980 42 22 hall

812 4010 92 26 marked,
922 4009 93 27 jewelled
1032 4008 21 21 in
1069 4008 12 19 6
1105 4009 83 26 actions,

812 4038 75 23 crvfital
894 4037 60 27 glass,
963 4044 10 13 a
981 4039 71 21 strong
1058 4036 40 20 and
1105 4036 84 21 durable

813 4066 65 21 watch
914 4081 22 5 ...
1040 4064 4 23 .
1056 4079 5 5 .
1166 4080 21 5 ...
1241 4064 23 21 12

742 4098 48 20 AA.
804 4095 44 21 The
856 4099 55 15 same
921 4092 49 20 with
980 4090 74 21 double
1069 4090 61 21 silver
1145 4098 44 13 case

813 4120 106 26 (Hunter),
928 4118 101 25 elegantly
1039 4118 98 24 engraved
1166 4135 21 4 ...
1240 4119 23 20 18

762 4151 26 22 B.
802 4149 54 23 Gold
874 4146 146 26 stem-winder,
1044 4144 40 21 hall
1107 4146 81 20 marked

813 4181 71 21 strong
893 4174 79 28 keyless
981 4174 74 24 action,
1065 4173 93 26 jewelled
1169 4174 18 20 in

814 4205 24 22 13
855 4203 85 25 actions,
959 4201 50 22 with
1030 4201 45 26 gold
1099 4207 23 14 or
1138 4201 50 20 steel

814 4231 131 26 h»nd.«,small
954 4228 71 22 second
1034 4228 48 26 dial,
1089 4229 99 23 engraved

813 4261 20 20 in
840 4257 101 23 beautiful
948 4256 161 24 design*,engine
1116 4256 74 19 turned

814 4294 22 14 or
844 4285 53 28 plain
905 4283 98 28 polished,
1008 4282 49 21 with
1065 4289 123 19 monogram,

813 4313 82 24 initials,
905 4319 61 18 arms,
976 4313 40 19 etc.
1042 4327 22 5 ...
1166 4327 22 5 ...
1216 4310 12 22 2
1253 4308 27 28 0!

747 4345 42 20 EB.
803 4344 43 19 The
856 4348 54 13 same
918 4347 21 13 as
949 4340 24 23 B,
981 4338 48 20 with
1039 4341 68 21 strong
1116 4337 74 20 double
1278 4337 3 28 j

814 4369 46 27 gold
870 4375 51 18 case,
932 4373 25 13 an
973 4365 101 21 excellent
1088 4364 40 20 and
1143 4371 48 20 very

814 4397 82 24 elegant
905 4393 126 26 timekeeper
1051 4409 13 5 ..
1169 4407 21 7 ...
1217 4393 12 21 3
1243 4393 38 25 10]

764 4426 24 22 C.
804 4424 64 23 Poval
878 4421 148 26 chronograph,
1038 4419 24 21 18
1072 4421 55 19 carat
1136 4419 54 26 cold,

815 4454 54 19 most,
879 4450 91 26 superior
978 4448 79 26 keyless
1068 4449 123 22 movement,

814 4480 22 20 of
850 4479 36 20 the
903 4479 54 19 moat
973 4478 92 18 accurate
1081 4475 97 19 workman-

815 4507 53 26 ship,
887 4504 40 22 and
945 4511 38 13 one
997 4503 21 20 of
1032 4502 35 21 the
1077 4501 45 21 best
1131 4508 48 14 wear-

814 4534 94 25 resisting
919 4532 88 21 watches
1044 4547 22 5 ...
1169 4547 23 4 ...
1219 4530 11 21 4
1256 4531 12 20 0
1281 4529 1 30 i

745 4564 41 20 CC.
800 4563 43 20 The
853 4567 54 14 same
917 4559 65 20 watch
999 4558 48 20 with
1063 4557 74 19 double
1153 4557 39 20 and

816 4592 56 18 extra
884 4590 70 20 strong
964 4593 52 18 case,
1027 4584 24 21 18
1067 4585 55 19 carat
1138 4583 53 27 gold,

814 4615 120 26 artistically
976 4612 108 26 engraved,
1121 4617 71 18 engme

815 4644 74 21 turned
908 4649 23 14 or
948 4641 55 27 plain
1022 4638 100 28 polished,
1142 4638 50 21 with

816 4677 134 19 monograms,
962 4668 82 24 initials,
1055 4670 37 17 etc.
1169 4683 23 4 ...
1218 4667 12 20 6
1244 4666 24 21 10

766 4699 27 21 D.
809 4697 94 28 Impeiial
912 4696 94 21 calendar
1013 4694 146 21 chronometer.
1168 4694 24 19 18

816 4727 55 21 carat
888 4724 53 27 gold,
963 4722 109 24 indicating
1091 4721 35 21 the
1144 4720 46 27 day,

816 4755 35 19 the
861 4753 63 24 week,
935 4752 36 20 the
983 4751 77 25 month,
1067 4749 40 21 and
1117 4749 46 20 date
1171 4750 21 19 of

816 4780 79 24 month,
913 4777 93 27 jewelled
1025 4777 19 20 in
1065 4777 23 19 18
1107 4776 83 21 ac'ions.

816 4806 49 22 with
880 4806 27 20 all
919 4805 34 21 the
962 4805 60 20 latest
1033 4804 159 26 improvements

815 4835 39 21 and
869 4833 124 23 inventions,
1003 4839 38 13 one
1056 4832 21 20 of
1095 4831 35 21 the
1146 4831 45 20 best

814 4863 41 21 and
877 4863 54 19 most
953 4861 129 24 magnificent
1104 4859 86 21 watches

815 4888 163 22 manufactured,
992 4887 49 19 such
1053 4894 22 12 as
1085 4894 33 12 are
1129 4892 61 13 never

814 4917 44 21 so'd
868 4916 25 25 by
904 4915 58 21 retail
969 4914 64 22 dealer
1037 4921 9 13 s
1055 4913 32 21 for
1094 4913 39 21 less
1140 4913 50 21 than

813 4945 41 22 £25
1204 4941 24 21 10
1253 4941 13 20 0

740 4985 34 20 All
782 4992 38 13 our
827 4984 88 20 watches
922 4990 33 13 are
961 4981 155 21 manufactured
1123 4981 20 19 in
1151 4981 11 19 2
1169 4979 45 21 diff<
1220 4981 46 18 rent

715 5012 56 21 size*,
781 5012 55 24 larpp
846 5011 38 20 9nd
895 5009 57 21 small
964 5009 40 24 (for
1013 5008 114 25 gentlemen
1136 5007 39 19 and
1187 5006 78 24 ladies,)

699 5033 3 33 j
716 5039 86 20 without
813 5038 110 20 difference
929 5036 22 20 of
961 5035 62 26 price.
1059 5033 4 33 _
1138 5059 5 4 _
1279 5033 3 33 j

700 5058 2 29 j
744 5065 39 19 Old
794 5065 94 22 watches,
899 5063 34 19 old
943 5062 45 24 gold
999 5061 38 19 and
1048 5060 60 19 silver
1119 5058 40 20 will
1170 5059 24 18 be
1205 5058 61 19 taken
1279 5058 3 29 j

700 5082 2 32 !
717 5090 20 19 in
748 5091 98 23 payment
855 5091 22 16 at
893 5088 36 19 the
947 5087 81 25 highest
1042 5085 67 24 value,
1121 5084 15 19 if
1155 5082 112 21 forwarded
1280 5082 2 32 i

700 5112 3 34 |
716 5115 26 27 by
753 5115 66 26 parcel
828 5117 47 24 post
884 5115 22 20 to
915 5120 37 14 our
961 5112 88 21 address.

742 5143 139 22 Remittances
897 5149 46 20 may
962 5141 24 21 be
1006 5139 58 22 made
1082 5138 66 22 either
1162 5136 28 28 l>y
1199 5136 68 22 Postal

717 5172 73 23 Order,
800 5171 90 24 Chfque,
901 5169 59 21 Bank
971 5169 63 19 Notes
1044 5167 91 26 (postage
1152 5169 76 21 s'amps
1237 5165 31 20 for
1281 5163 2 32 j

717 5197 59 21 small
790 5197 103 24 amounts)
909 5196 21 20 of
949 5202 39 19 any
1009 5198 93 22 country,
1119 5193 19 19 in
1159 5191 109 27 registered
1281 5191 2 38 j

717 5225 69 24 letter,

742 5251 21 21 It
785 5251 17 21 is
821 5258 38 14 our
876 5250 39 21 aim
928 5251 22 19 to
969 5249 45 25 give
1032 5247 35 22 the
1088 5247 80 20 utmost
1183 5245 86 26 possible
1281 5243 3 31 j

716 5279 126 21 satisfaction
863 5279 21 19 to
902 5284 39 14 our
957 5277 79 23 clients,
1053 5275 94 23 knowing
1163 5273 41 20 this
1214 5276 21 17 to
1244 5273 25 20 be
1282 5273 2 28 ;

717 5307 35 19 the
758 5306 45 20 best
813 5305 161 21 advertisement
988 5303 33 20 for
1033 5309 38 13 our
1080 5301 103 26 products,
1194 5301 38 19 and
1242 5300 26 20 all
1282 5300 2 35 j

717 5333 44 20 who
769 5333 52 20 have
839 5339 50 13 once
908 5331 86 20 entered
1006 5331 42 19 into
1067 5329 92 19 busimss
1173 5327 96 21 relations
1282 5324 2 29 !

715 5360 51 20 with
771 5367 24 13 us
804 5359 68 26 gladly
883 5358 129 21 recommend
1022 5364 23 15 us
1056 5359 21 19 to
1087 5355 53 21 their
1146 5354 77 21 friends
1230 5355 39 20 and
1282 5354 2 31 ;

698 5383 2 31 i
715 5388 161 26 acquaintances.

698 5425 2 28 i
740 5428 89 21 Address
839 5428 31 20 for
880 5428 71 20 letters
960 5426 41 21 and
1011 5425 70 21 orders
1091 5425 4 28 :

698 5465 1 57 j
713 5478 132 29 MORbE
857 5474 344 32 MANUFACTURING
1213 5474 55 29 CO.
1282 5465 2 57 j

837 5532 19 25 7,
876 5531 58 21 RED
953 5529 68 23 LION
1039 5528 94 22 COURT

906 5574 101 23 London,
1031 5573 46 20 E.C.

699 5599 1 32 :
1279 5599 3 32 j

699 5633 2 33 I
740 5644 38 22 fg*
783 5642 87 21 Wanted
896 5644 21 17 at
941 5648 56 15 orce.
1021 5642 18 18 in
1060 5633 4 33 <
1072 5647 47 18 very
1133 5640 91 25 locality,
1242 5633 39 27 an/

700 5662 1 33 !
715 5670 117 25 intelligent
854 5676 71 19 person
947 5673 21 14 to
982 5671 31 18 act
1028 5676 21 11 as
1075 5674 38 13 our
1134 5668 74 25 Agent.
1234 5667 43 20 No'
1277 5662 2 33 1

714 5696 78 28 special
822 5696 119 27 knowledge
975 5703 15 13 r<
997 5696 52 27 quirt
1055 5694 21 26 d,
1108 5694 39 21 ar.d
1180 5694 87 21 without
1274 5704 5 11 \

715 5725 122 22 interfering
858 5724 50 21 with
923 5728 83 22 present
1025 5723 127 26 occupation.
1180 5717 99 31 Highest)

714 5753 69 26 salary
802 5752 40 21 and
861 5751 135 22 commission.
1025 5752 30 19 An
1075 5750 101 21 excellent
1195 5756 70 20 oppor-
1278 5750 2 29 j

728 5780 59 26 uniiy
801 5780 31 21 for
847 5787 12 13 a
966 5785 66 20 vouny
1042 5786 11 13 n
1061 5785 27 14 an
1096 5785 23 14 or
1129 5778 54 26 lady.

1305 195 186 30 BOROUGH
1511 193 48 31 OF
1578 192 224 32 ROXBURGH,
1842 192 4 47 j

1331 280 121 21 ANNUAL
1465 280 139 21 ELECTION
1623 280 35 21 OP
1671 278 110 22 MAYOR.

1412 423 130 27 HENRY
1562 421 147 28 BAILLIE

1285 494 49 16 was
1348 483 49 27 this
1411 483 47 31 Hay
1481 484 60 26 dulv
1564 479 149 29 Nominated
1737 479 35 26 for
1795 478 42 25 the
1849 474 3 40 j

1286 521 74 27 Office
1382 522 24 25 of
1428 522 97 35 Mayor,
1546 520 48 26 find
1618 520 73 33 being
1716 519 41 24 the
1778 515 57 35 only

1287 559 137 26 Candidate
1440 559 9 24 I
1473 559 40 24 did
1538 559 57 24 then
1621 556 47 25 and
1694 555 70 24 there
1788 553 49 25 and

1287 596 29 27 do
1343 595 89 38 hereby
1458 595 95 28 declare
1583 594 40 27 the
1647 592 52 28 said
1734 590 105 28 Henky

1289 636 120 25 Baillie
1433 641 25 19 to
1482 635 27 24 be
1531 633 59 33 duly
1604 632 92 26 elected
1710 639 25 17 as
1750 630 89 33 Mayor

1287 673 26 25 of
1325 672 40 26 the
1379 672 116 34 Borough
1511 672 27 25 of
1556 669 146 36 Roxburgh.

1324 720 83 27 Dated
1430 720 41 26 the
1496 720 59 27 10th
1578 720 46 25 dav
1647 719 27 26 of
1691 715 148 29 November'
1852 715 3 37 j

1609 747 9 8 y
1853 747 2 13 I

1289 759 73 26 1897.

1458 794 117 31 •JABEZ
1602 790 166 37 BURTON,

1590 841 144 33 Returning
1746 837 95 28 Officer.
1854 837 1 40 j

1426 915 47 28 TO
1513 912 200 30 CARRIERS.

1291 994 191 55 TENDERS
1502 995 48 25 will
1574 995 28 25 he
1623 992 111 29 received
1755 992 31 35 by
1802 992 39 24 the

1372 1032 167 33 undersigned
1554 1041 32 24 up
1609 1035 24 21 to
1655 1030 70 33 eight
1749 1028 91 27 o'clock

1290 1081 48 24 p.rn
1380 1081 31 15 on
1442 1068 209 34 THURSDAY,
1676 1069 79 25 liuTH
1782 1067 39 26 NO-

1290 1108 162 32 VEMBER,
1470 1108 70 30 189?,
1555 1109 37 24 for
1606 1107 40 26 the

1312 1163 148 23 CARRIAGE
1474 1163 35 22 OF
1522 1162 67 22 FIVE
1602 1162 71 21 TONS
1687 1160 86 27 (MORE
1786 1159 38 22 OR

1342 1201 72 23 LESS)
1424 1200 35 20 OF
1470 1199 69 21 IKON
1550 1199 102 20 WATER
1663 1198 85 20 PIPES.
1758 1197 44 22 kc„

1289 1239 61 27 from
1365 1240 41 25 the
1428 1237 134 28 Lawrence
1578 1238 109 34 Railway
1703 1237 98 25 Station
1816 1240 24 20 to

1289 1277 89 26 Water
1394 1276 91 26 Works
1508 1275 86 33 Creek,
1609 1284 58 17 near
1687 1275 39 25 old
1752 1274 73 25 Reser-

1289 1317 60 31 voir,
1364 1315 147 35 Roxburgh.

1459 1367 120 29 JABE/.
1600 1363 167 36 BURTON,

1348 1416 73 27 Clerk
1437 1415 139 34 Roxburgh
1593 1414 118 34 Borough
1725 1412 114 27 Council.
1847 1412 8 37 ■

1380 1489 186 31 TUAPEKA
1589 1487 165 31 COUNTY.
1854 1487 1 33 ■

1290 1567 192 56 TENDERS
1497 1567 49 26 will
1560 1567 28 26 be
1602 1566 109 26 received
1727 1564 36 27 till
1776 1573 64 17 noon

1371 1615 31 16 on
1430 1602 237 32 WEDNESDAY,
1687 1602 73 27 24tii
1779 1602 61 25 NO-
1854 1598 1 43 |

1291 1641 158 31 VEMBER,
1468 1641 73 32 1897,
1555 1641 37 25 for
1612 1641 113 33 Dog-tax
1744 1638 96 26 Collet-
1854 1638 1 36 |

1291 1683 50 24 tion
1364 1686 26 19 at
1414 1687 42 27 per
1482 1677 64 34 Dog,
1573 1677 137 35 separately
1732 1686 27 16 or
1783 1685 58 17 cor.-

1284 1717 102 35 jointly,
1402 1716 36 26 for
1453 1714 88 37 Upper
1560 1714 47 28 and
1631 1714 88 26 Lower
1745 1713 97 34 ridings
1854 1712 1 40 i

1290 1764 25 16 as
1329 1757 112 23 under—

1325 1797 85 36 Upper
1431 1796 284 34 ridings—Beaumont,
1746 1793 94 32 James,
1854 1793 1 41 j

1391 1836 91 26 Teviot
1495 1836 46 25 and
1557 1833 112 36 Tapanui

1323 1880 88 27 Lower
1436 1881 95 32 ridings
1534 1877 157 30 —Gabriels,
1727 1876 114 30 Browns,

1393 1917 122 34 Waipori,
1528 1916 88 26 Clarks
1627 1915 48 26 arid
1687 1915 155 25 Waitahuna

1322 1971 113 35 Security
1450 1977 24 19 to
1488 1970 27 26 be
1529 1970 73 34 given
1619 1969 20 27 if
1651 1968 113 37 required

1435 2023 116 27 JAMES
1579 2022 158 33 BEN.NET,

1331 2071 134 26 Chairman
1480 2070 118 34 Tuapeka
1613 2070 100 35 County
1725 2070 115 27 Council.

1324 2123 140 31 Lawrence,
1479 2122 43 27 oth
1539 2121 147 31 November,
1704 2121 71 27 1897.

1292 2194 59 24 No'l
1365 2192 55 26 ICE
1446 2191 44 27 OF
1510 2190 240 28 APPLICATION
1773 2191 69 27 FOR

1353 2232 40 24 Tii'
1411 2231 128 25 '.NSFER,
1559 2229 44 26 OF
1623 2229 159 28 LICENSE.

1344 2310 52 23 JO!
1405 2308 4 34 J
1420 2309 17 25 N
1473 2308 104 32 EADY,
1607 2308 25 26 of
1654 2308 97 27 Millers
1777 2308 63 34 Flat,

1464 2349 40 24 the
1527 2346 85 27 holder
1631 2347 23 25 of
1668 2356 12 17 a
1702 2346 139 28 Publican's

1418 2395 22 15 jo
1468 2392 92 25 respect
1581 2387 24 23 ot
1625 2385 40 25 the
1689 2384 83 26 Houso
1793 2386 46 24 and
1854 2384 1 33 j

1291 2423 120 25 P:"ii:!"'S
1425 2423 90 25 situate
1527 2429 23 18 at
1564 2422 95 25 Millers
1672 2421 64 32 Flat,
1748 2422 91 26 known
1854 2421 1 32 j

1329 2462 40 24 the
1386 2460 96 26 Fkuhy
1500 2459 102 32 Hotel,
1623 2460 31 26 do
1673 2459 91 34 hereby
1784 2462 56 31 give
1854 2459 1 34 j

1291 2498 80 26 notice
1386 2497 50 26 that
1452 2498 11 24 1
1478 2498 78 25 desire
1571 2504 23 19 to
1613 2497 83 26 obtain
1711 2507 47 16 ana
1784 2497 55 31 will,
1854 2497 1 31 ;

1290 2544 23 19 at
1338 2537 38 24 the
1400 2543 58 18 next
1486 2535 132 35 Licensing
1637 2536 122 33 Sleeting,
1774 2542 24 18 to
1814 2537 26 24 bn
1853 2530 2 40 !

1289 2575 88 25 b'jluen
1400 2580 24 19 at
1451 2573 133 34 Roxburgh
1608 2583 30 16 on
1663 2575 42 24 the
1732 2574 107 25 Seventh
1853 2573 2 34 :

1289 2613 27 24 dj
1324 2622 11 16 v
1358 2614 24 22 ot
1405 2611 143 29 December,
1572 2612 74 30 1897,
1673 2612 73 34 apply
1772 2611 37 25 for
1827 2622 12 14 a
1853 2611 2 35 |

1289 2650 115 24 Transfer
1417 2651 24 23 ot
1464 2650 39 24 the
1526 2649 52 25 said
1595 2648 100 26 License
1710 2653 59 21 Irom
1786 2659 52 17 mv-
1854 2648 1 28 1

1289 2700 42 14 mii
1348 2695 23 17 r.i
1384 2686 152 27 Jlkumiah
1560 2688 19 25 N
1586 2695 96 24 iklvan,
1698 2690 21 22 ol
1736 2688 104 31 lit:rick,
1853 2681 2 38 |

1293 2725 169 33 iiotelkeeper,
1477 2733 41 25 my
1532 2726 138 32 appointee.

1327 2772 79 26 Dated
1431 2772 47 26 this
1503 2772 45 27 3rd
1571 2772 47 27 dav
1641 2772 27 26 of
1689 2772 150 36 September,
1854 2772 1 36 ■

1292 2812 70 26 1897.

1583 2847 92 25 JOHN
1699 2847 106 26 EADY.
1854 2846 1 34 j

1292 2918 131 26 NOTICE
1443 2918 43 26 OF
1512 2918 241 26 APPLICATION
1773 2918 66 26 FOR
1854 2907 1 37 i

1354 2956 185 26 TRANSFER
1561 2956 44 26 OF
1626 2956 33 25 J.I
1665 2956 119 26 CENSE.

1474 3001 3 7 '

1294 3036 22 23 T
1336 3033 186 27 JIREMIAH
1540 3034 184 32 NOON.\N,(){
1739 3035 25 25 El
1772 3034 69 30 trick,
1854 3014 1 62 j

1371 3072 74 30 being
1458 3073 41 25 the
1513 3072 85 26 holder
1620 3072 28 26 of
1666 3083 13 15 a
1705 3072 137 27 Publican's
1854 3068 1 36 |

1297 3111 97 24 License
1409 3109 23 25 in
1459 3118 92 26 respect
1572 3111 23 24 ui
1619 3110 40 25 the
1689 3110 82 25 Hou»e
1794 3111 46 24 and
1854 3109 1 35 I

1296 3148 120 25 Premises
1430 3147 88 26 situate
1532 3154 25 19 at
1581 3147 28 26 El
1617 3148 69 32 trick,
1707 3148 90 26 known
1818 3154 37 23 as;

1294 3186 40 25 the
1350 3186 61 25 Moa
1428 3184 73 27 Flat
1518 3186 106 31 Hotel,
1639 3186 31 26 do
1684 3186 87 26 herein-
1787 3187 56 33 give
1854 3184 1 36 ;

1294 3224 79 23 Rolio«
1393 3223 52 24 that
1462 3222 7 24 I
1486 3222 77 25 desire
1579 3229 23 18 to
1616 3224 84 23 odtain
1723 3224 47 23 and
1786 3223 56 30 will,
1854 3222 1 37 j

1293 3267 24 18 at
1333 3259 39 25 the
1388 3266 58 19 next
1465 3259 135 33 Licensing
1623 3260 118 34 Meeting,
1766 3266 24 19 to
1816 3260 27 25 be
1854 3259 1 35 |

1295 3297 88 25 holden
1407 3303 23 17 at
1455 3295 138 33 Roxburgh
1618 3306 29 14 on
1673 3297 40 23 the
1736 3296 106 24 Seventh
1854 3292 1 36 !

1294 3332 47 33 day
1364 3330 27 26 of
1412 3331 144 30 December,
1584 3331 73 32 1897,
1678 3331 73 35 applv
1776 3332 36 24 for
1832 3340 11 15 a
1854 3330 1 36 >

1294 3368 117 26 Transfer
1424 3370 23 23 ot
1462 3368 39 26 the
1522 3368 52 27 said
1598 3368 102 27 License
1714 3371 60 23 from
1790 3378 52 25 my-
1854 3368 1 40 j

1294 3406 47 26 self
1352 3414 24 18 to
1389 3406 93 27 James
1498 3407 29 26 B.
1542 3407 143 32 Crowley,
1699 3407 28 26 of
1737 3407 107 31 Ettrick,
1854 3406 1 33 j

1296 3443 171 36 Hotelkeeper,
1484 3454 40 24 my
1539 3445 139 34 appointee.

1330 3488 80 28 Dated
1437 3490 47 26 this
1499 3489 44 28 3rd
1569 3490 48 28 dav
1642 3491 28 26 of
1691 3490 154 37 September,

1294 3527 73 27 1897.

1435 3566 195 27 JEREMIAH
1651 3566 158 28 NOONAN.

1377 3667 32 39 J.
1442 3668 43 36 B.
1517 3666 160 42 YULE,
1703 3665 143 43 L.D.S.,

1379 3750 192 45 Surgeon
1608 3747 162 43 Dentist,

1423 3818 300 32 INVERCARGILL.

1398 3904 47 28 Mr
1466 3903 77 27 Yulk
1567 3901 52 28 will
1641 3901 102 27 visit—

1297 3973 166 32 HERON'S
1477 3971 137 36 HOTEL,
1626 3968 215 32 ROXBURGH

1536 4013 64 29 And

1306 4054 256 35 DISPENSARY,
1586 4051 247 31 ALEXANDRA.

1295 4158 306 56 gHAMROCK

1478 4229 191 30 DONEDIN.

1292 4312 139 22 COGHLAN
1447 4310 78 22 BROS.

1688 4309 158 21 Proprietors.

1442 4376 134 29 favourite
1618 4374 94 35 Hotel,
1744 4372 103 36 having

1379 4417 121 37 recently
1522 4416 68 28 been
1616 4416 81 28 taken
1721 4424 66 18 over
1810 4414 36 36 by

1297 4459 103 29 Messrs
1427 4456 123 37 Coghlan
1590 4456 88 34 Bros.,
1703 4454 49 28 lias
1778 4454 67 28 been

1296 4497 167 40 thoroughly
1477 4497 149 29 renovated
1646 4494 151 40 improved.

1334 4540 118 28 Visitors
1463 4539 68 26 from
1547 4538 46 27 the
1607 4542 115 30 country
1742 4535 64 33 will,
1817 4545 29 17 as

1296 4579 163 33 heretofore,
1489 4577 56 29 find
1581 4577 118 36 nothing
1723 4574 124 37 wanting

1296 4620 59 29 that
1367 4619 80 29 tends
1461 4622 28 25 to
1503 4617 71 30 their
1587 4617 97 29 cornfoi
1694 4621 10 23 t
1717 4614 54 30 and
1781 4625 48 19 con-

1295 4661 139 28 venience.

1308 4737 77 23 ONLY
1401 4737 65 21 BE«T
1480 4736 115 22 BRANDS
1616 4735 35 20 OF
1668 4732 89 22 VYTN'ES
1772 4732 60 21 AND

1394 4765 107 21 SPIRITS
1515 4764 73 20 KEPT
1602 4764 30 19 IN
1648 4761 96 22 STOCK.

1339 4830 91 39 Night
1456 4829 97 30 Porter
1578 4829 26 28 in
1627 4826 174 31 attendance.

1418 4906 130 30 Chapgks
1574 4905 159 29 Moderate.

1295 4990 221 53 JONES'S
1607 4987 238 53 QOALPI7,

1444 5071 99 28 COAL
1565 5070 138 28 CREEK.

1284 5162 1 31 !
1300 5165 119 28 T>EST
1440 5164 157 28 LIGNITE
1617 5164 27 26 in
1668 5162 46 28 the
1734 5162 115 28 District

1284 5201 1 39 i
1387 5205 44 28 for
1465 5204 142 36 Steaming
1633 5213 30 17 or
1689 5201 160 29 Household

1284 5237 1 49 j
1298 5255 132 31 purposes
1448 5243 137 30 delivered
1600 5246 26 25 at
1628 5260 37 3 —

1557 5296 81 28 Cash.
1706 5292 124 29 Booked.

1284 5336 1 40 I
1297 5338 155 38 Roxburgh
1520 5360 30 6 ...
1576 5336 47 28 10s
1682 5336 47 26 lis
1743 5343 49 28 per
1802 5338 46 23 ton

1284 5374 1 52 |
1297 5379 57 29 The
1369 5378 45 29 Pit
1523 5401 28 5 ...
1595 5377 30 27 5s
1701 5376 30 26 6s
1781 5396 18 13 „

1284 5416 1 46 j
1296 5419 154 37 Roxburgh
1489 5418 67 28 East
1577 5419 48 26 lis
1685 5416 46 27 12s
1782 5437 18 12 ~

1284 5447 1 52 j
1297 5460 56 28 The
1367 5459 127 38 Dredges
1523 5482 29 5 ...
1576 5456 132 29 Contract
1729 5454 100 28 Prices.

1334 5537 58 29 The
1412 5536 158 38 Proprietor
1583 5536 49 28 lias
1646 5533 99 35 special
1762 5532 86 29 facili-

1284 5573 1 43 I
1297 5579 51 28 ties
1358 5578 43 29 for
1414 5578 122 38 delivery
1550 5577 26 27 in
1591 5585 54 28 any
1667 5578 63 35 part
1753 5573 29 28 of
1801 5573 48 28 the

1284 5613 1 39 :
1298 5618 125 34 District,
1449 5618 54 28 and
1531 5617 158 29 Customers
1716 5624 61 27 may
1792 5613 56 37 rely

1297 5669 33 18 on
1346 5658 84 38 being
1440 5657 139 39 promptly
1594 5654 134 40 supplied.

1335 5708 100 29 Orders
1448 5719 63 27 may
1524 5708 34 28 be
1572 5706 51 33 left
1635 5710 30 25 at
1685 5705 46 29 the
1747 5705 102 28 Mount

1295 5748 115 30 Bengek
1424 5748 76 30 Mail
1513 5748 92 32 OSice,

1862 223 173 43 DUNEDIN
2051 218 140 47 PRICES
2204 218 29 41 &
2248 211 181 64 VALUES;

1864 440 72 30 NOT
1957 440 73 29 FOR
2051 439 75 30 ONE
2140 433 138 32 MONTH
2300 430 115 35 ONLY,

1889 580 73 44 ALL
1996 576 219 48 THE.YEAR

1875 710 84 56 W.
1985 712 54 52 T.
2065 700 354 66 TALBOYS,

2002 795 286 37 ROXBURGH,

1872 867 73 29 Who
1961 868 24 28 is
2008 875 59 20 now
2090 863 124 37 Offering
2233 861 48 28 the
2303 858 117 29 Balance

2098 905 30 28 of
2148 904 42 27 his

1953 964 232 42 WINTER

2072 1025 262 42 DHAFERY

1870 1091 28 26 at
1925 1089 86 30 P*ices
2032 1090 87 29 which
2138 1088 107 29 MUST
2269 1085 153 31 Command,

1940 1129 59 48 jthe
2013 1130 145 30 Attention
2175 1129 29 29 of
2217 1128 114 38 Buyers.

1954 1289 103 42 Come
2083 1287 63 43 and
2174 1286 65 43 See
2266 1284 67 44 Our

1855 1348 1 48 j
1871 1359 46 28 All
1939 1359 79 29 Wool
2046 1359 171 37 Wellington
2243 1355 125 37 Flannel,
2390 1358 29 25 at

1932 1398 23 28 4
1987 1401 33 28 Id
2032 1411 47 27 per
2091 1399 68 39 yard

1855 1449 1 53 j
1997 1451 131 35 Calicoes,
2154 1451 71 28 from
2252 1451 31 27 2s
2310 1449 35 29 6d
2371 1457 48 29 per

1855 1498 1 26 1
1867 1498 2 26 •
1934 1498 90 26 'o'ozen

1908 1545 72 38 I'ipftl
1995 1543 197 33 Flannelettes,
2204 1541 70 27 from
2284 1538 136 37 2s-9dper

1939 1578 87 34 iozen

1855 1632 1 40 |
1872 1637 98 29 WTiita
1997 1636 141 36 Shirtings
2169 1634 112 36 (double
2317 1632 101 38 -width(

1943 1680 67 27 ffim
2030 1677 68 35 lo|d
2112 1687 49 27 per
2173 1676 68 38 yard

1855 1726 1 45 j
1872 1729 226 35 WhitofTurkish
2109 1728 114 33 Towels,
2237 1727 72 29 from
2328 1727 32 28 4s
2383 1726 35 28 Od

1855 1771 1 39 j
1943 1781 47 28 pe>*
2002 1771 86 27 dozen

1855 1812 1 43 I
1873 1816 86 30 Linen
1970 1816 142 39 Tablings,
2121 1815 70 28 from
2205 1816 29 27 Is
2244 1814 35 28 3d
2293 1823 49 30 per
2352 1812 67 39 yard

1855 1855 2 42 !
1874 1863 205 30 Men's.Lambs
2094 1862 82 29 Wool
2189 1862 95 35 Pants,
2305 1862 34 28 -2s
2368 1862 51 28 lid

1855 1904 3 38 I
1945 1915 47 27 per
2005 1904 60 37 pair

1855 1937 3 42 i
1874 1945 87 28 Men's
1975 1943 98 29 Cotton
2089 1942 94 35 Pants,
2197 1942 69 28 from
2279 1943 29 27 Is
2323 1941 98 38 3d,per

1856 1977 2 52 |

1872 2025 135 30 Coloured
2029 2025 59 29 Silk
2104 2022 232 37 Handkerchiefs,
2350 2022 69 31 from

1942 2069 28 26 Is
1982 2067 65 28 each

1872 2106 89 30 Men's
1976 2107 61 29 Soft
2051 2105 61 30 Felt
2127 2105 81 33 Hats,
2220 2104 70 27 from
2316 2105 27 27 Is
2369 2104 51 28 lid

1944 2148 62 27 each

1872 2187 66 30 Real
1949 2188 68 29 Bear
2032 2187 78 38 Long
2123 2187 55 28 Fur
2192 2185 80 34 Boas,
2286 2184 71 30 from
2374 2187 47 27 12s

1946 2230 31 28 Gd
1990 2230 65 28 each

1872 2318 121 29 DRESS
2027 2318 142 29 STUFFS
2203 2318 26 28 in
2267 2315 154 36 SERGES,

1855 2355 1 44 |
1917 2359 167 35 TWEEDS,
2105 2358 134 29 &c.—All
2258 2358 126 29 reduced.

2079 2441 24 26 A
2124 2439 52 28 Lot
2191 2439 28 28 of

1855 2472 1 44 I
1874 2487 176 29 mantles
2081 2486 23 29 &
2127 2486 284 29 waterproofs

2415 2521 6 12 ;

1891 2544 37 26 At
1943 2542 86 37 prices
2044 2541 85 28 whidi
2148 2548 70 20 it!list
2232 2542 73 26 cle.ir
2319 2540 83 28 them.

1948 2624 17 26 A
2131 2623 175 26 Assortment
2319 2620 30 28 of

1855 2659 1 46 !
1873 2671 112 29 M:-;n'.-
2077 2669 106 30 now
2215 2674 5 18 <
2239 2667 181 37 lothing,

1954 2711 177 33 HOSIERS,
2157 2711 180 31 MMRw^S,

2038 2750 15 9 'i
2062 2750 20 13 IT
2107 2750 5 13 f
2118 2752 6 9 >
2137 2749 21 12 r*v
2166 2748 3 15 1
2209 2748 8 12 0
2230 2759 12 4 „

2039 2754 45 25 5Li
2092 2754 3 30 i
2107 2756 19 21 It
2137 2761 44 23 so,
2203 2759 48 20 ox.

1855 2822 2 43 |
1874 2831 115 29 ;s\v.S'<
2032 2831 137 28 twe:-..0
2218 2831 62 28 >ur
2293 2832 34 25 rs
2375 2832 46 26 TO

1936 2874 23 26 >\!
1972 2871 155 34 I'jASURiC,
2152 2871 49 28 00s
2224 2872 133 38 (~peci;:l).

1943 2954 20 26 A
1995 2953 54 26 will
2077 2953 122 28 assorted
2229 2954 78 27 stock
2333 2954 29 28 of

1978 2994 117 27 BOOTS
2121 3003 54 18 Ano
2206 2994 117 28 -HOES

2029 3045 100 16 nr.v.'ivs
2143 3045 33 17 on
2192 3034 82 28 hand.

2036 3121 20 26 T
2072 3121 26 27 II
2114 3123 24 26 A
2152 3121 23 27 N
2195 3121 23 27 K
2236 3121 17 26 S
2267 3142 5 5 .

1856 3184 2 49 I
1874 3195 24 27 1
1910 3195 65 25 HIS
2220 3196 86 23 wishes
2327 3201 23 16 N)
2370 3194 36 25 sin
2413 3210 6 3 -

1857 3226 1 33 ,
1876 3227 13 18 I
1895 3231 7 13 '
1904 3226 19 19 Ji
1925 3226 3 33 -
1949 3233 77 24 cere!v
2067 3232 18 25 il
2093 3232 72 26 AVK
2180 3233 125 26 'lifMaiinv
2321 3231 101 26 Friends

1857 3269 2 40 j
1898 3271 30 24 ho
1943 3270 101 24 •ri!->isfeiT
2059 3271 23 22 in
2102 3278 59 16 sear.
2172 3269 60 27 hitiir
2248 3272 35 22 tor
2298 3270 39 24 thu
2359 3269 63 23 horiv

1857 3304 2 38 j
1874 3306 25 23 of
1912 3306 41 23 her
1967 3305 45 25 laif
2030 3304 131 30 hjfusbnnd,
2181 3305 47 24 and
2244 3304 50 25 also
2308 3304 30 24 all
2354 3304 69 24 those

1857 3340 2 35 !
1875 3342 54 25 who
1942 3340 100 27 showed
2063 3341 59 26 such
2148 3341 115 33 practical
2287 3340 133 35 sympathy

1874 3379 36 26 for
1923 3379 92 26 herself
2024 3379 48 26 and
2096 3378 85 36 family
2206 3379 25 26 in
2256 3379 63 26 their
2340 3385 84 19 recent

1858 3416 2 29 i
1874 3416 175 27 bereavement.

1857 3466 3 56 |
1910 3481 223 29 IMPORTANT
2159 3480 201 30 ANNOUNCE-

2097 3521 116 30 MENT.

1893 3600 212 30 ROXBURGH
2138 3600 121 28 BRASS
2290 3600 115 28 BAND.

1893 3682 20 29 \
1940 3678 163 28 MEETING
2130 3678 27 26 of
2182 3678 128 27 LADTES
2330 3678 95 33 willing

1964 3724 25 20 to
2013 3718 71 26 assist
2111 3717 39 25 the
2181 3716 141 35 Roxburgh
2351 3717 75 25 Brass

1879 3755 70 27 Band
1969 3762 24 20 to
2006 3763 45 28 pay
2066 3753 36 28 off
2114 3755 39 26 the
2169 3753 65 27 Debt
2247 3764 30 17 on
2294 3754 63 26 their
2370 3763 54 17 new

1878 3793 173 31 Instruments,
2074 3793 32 26 bv
2131 3793 148 33 organising
2293 3802 12 15 a
2323 3791 100 31 Bazaar,

1877 3831 47 26 will
1957 3831 28 25 he
2015 3829 55 28 held
2095 3836 26 20 at
2150 3830 40 25 the
2218 3833 148 22 Athenaeum
2394 3840 29 15 on

1860 3866 1 34 I
1876 3867 205 28 THURSDAY,
2108 3868 39 26 the
2172 3866 73 28 25th
2274 3867 94 33 INST.,
2401 3875 24 19 at

1859 3908 2 32 I
1875 3908 16 24 3
1905 3915 20 25 p.
1930 3916 32 15 in.

2159 3941 23 28 J.
2205 3941 119 33 DREW,

2256 3979 65 27 Hon.
2337 3979 53 28 Sec.

1962 4069 141 44 GRAND
2145 4067 194 43 BAZAAR!

2084 4174 150 28 BAZAAR
2249 4176 54 25 will
2318 4176 32 26 be
2365 4176 61 26 held

1962 4217 28 25 in
2001 4216 44 26 the
2060 4217 153 23 Athen,eum
2232 4213 80 32 Ham,
2324 4214 102 26 Millers

1860 4249 2 40 j
1878 4254 67 30 Flat,
1959 4263 32 15 on

1957 4299 207 31 DECEMBER
2202 4298 141 30 NEXT—

1994 4342 62 33 9th,
2081 4341 78 33 10th,
2179 4338 24 29 &
2227 4342 76 32 11th,

1860 4392 2 39 j
1875 4393 36 28 To
1929 4395 68 26 rai.se
2019 4393 89 26 Funds
2129 4392 42 26 for
2190 4402 14 15 a
2225 4402 57 16 new
2305 4392 122 27 Catholic

1978 4431 102 26 Church
2095 4430 27 26 in
2136 4430 60 25 that
2210 4429 118 27 District.

2104 4517 44 17 are
2171 4508 129 34 cordially
2324 4507 104 27 invited

1859 4544 3 29 I
1875 4551 28 22 to
1915 4548 63 25 send
1999 4545 101 27 GIFTS
2121 4548 28 21 to
2171 4544 66 26 Miss
2260 4544 117 26 Mullen
2399 4553 30 16 or

1859 4580 2 36 j
1877 4584 54 26 Mrs
1965 4584 79 30 Hart,
2077 4581 156 35 Roxburgh,
2264 4590 28 16 or
2317 4584 28 23 to
2371 4580 55 27 Mrs

1877 4622 77 27 Hand
1967 4631 30 18 or
2009 4621 54 26 Mrs
2077 4619 108 28 Laffey,
2199 4618 103 27 Milleis
2317 4619 67 26 Flat.

2107 4668 28 24 P.
2156 4667 165 29 OLEARY,

2290 4704 99 27 hector.

1858 4755 3 47 I
2102 4776 54 20 FOR
2179 4775 248 21 MINE-MANAGERS'

1859 4807 1 28 :
1924 4814 61 21 AND
2002 4809 130 24 BATTERV
2142 4807 285 23 SUPERINTENDENTS'

1924 4843 198 26 certificates

1990 4908 4 36 ;
2039 4911 85 27 Mines
2139 4908 183 36 Department,

1860 4956 2 43 j
1926 4962 171 33 Wellington,
2117 4958 49 27 3rd
2179 4957 157 29 November,
2356 4956 71 26 1897.

1878 5010 76 53 AN
1976 5007 177 28 examination
2172 5005 27 26 of
2213 5004 162 26 Candidates
2389 5004 41 26 for

1967 5046 153 26 certificates
2131 5053 28 15 as
2172 5043 70 25 First
2252 5042 52 24 and
2316 5042 113 24 Second-

1862 5077 1 36 I
1877 5084 67 24 class
1981 5082 72 24 Mine
2066 5087 138 26 managers
2224 5077 48 25 and
2306 5077 111 35 Battery
2419 5092 8 5 -

1862 5113 2 47 j
1877 5118 230 37 superintendents
2130 5117 85 26 under
2229 5118 13 11 >l
2253 5113 56 29 The
2323 5114 106 36 Mining

1862 5153 2 42 j
1878 5158 59 31 Act,
2065 5156 50 25 and
2368 5155 61 30 Act,

1862 5188 3 42 j
2002 5193 53 26 and
2074 5192 69 24 First
2171 5190 52 26 and
2251 5188 99 27 Second
2361 5189 66 26 class

1863 5225 1 40 :
1879 5230 71 29 Mine
1964 5238 137 27 managers
2138 5227 83 27 under
2284 5226 55 26 The
2365 5225 60 27 Coal

1862 5259 3 39 I
1878 5268 86 28 Mines
1983 5269 60 29 Act,
2171 5264 55 26 will
2246 5263 30 26 be
2303 5263 62 26 held
2394 5272 32 16 on

1863 5299 1 40 i
1878 5305 125 28 Tuesday,
2018 5304 47 26 the
2076 5303 63 26 25th
2149 5302 130 29 January,
2291 5300 72 30 1898,
2375 5299 52 27 and

1862 5337 2 44 j
1879 5343 73 26 three
1965 5341 135 33 following
2113 5340 71 34 days,
2208 5341 26 22 at
2249 5338 87 33 places
2350 5340 26 22 to
2396 5337 31 25 be

1862 5374 2 38 j
1877 5379 131 28 hereafter
2030 5378 100 26 named.
2168 5375 42 27 All
2242 5374 185 35 applications,

1862 5411 2 44 |
1878 5418 64 25 with
1955 5424 134 25 necessary
2108 5413 163 27 certificates,
2285 5412 51 25 and
2348 5412 39 25 fee
2401 5411 26 24 of

1862 5440 2 42 !
1879 5454 47 28 £l,
1938 5457 70 22 must
2019 5454 30 25 be
2059 5451 140 26 addressed
2210 5454 27 21 to
2249 5448 81 25 "'The
2342 5449 70 24 Secre-

1862 5484 1 43 !
1877 5494 59 33 tary
1948 5493 27 24 of
1983 5491 46 25 the
2043 5489 82 26 Board
2136 5488 27 25 of
2178 5485 152 28 Examiners
2343 5484 85 26 under

1862 5521 1 43 |
1877 5529 45 26 the
1942 5529 102 31 Mining
2067 5530 44 22 rict
2129 5535 30 16 or
2176 5524 63 26 Coal
2266 5521 84 27 Mines
2370 5524 55 26 Act,

1862 5558 3 42 i
2090 5564 49 26 and
2158 5564 72 24 must
2256 5560 33 25 be
2307 5558 119 27 received

1862 5593 1 38 i
1876 5604 90 26 before
1979 5604 44 25 the
2036 5602 46 26 4th
2103 5601 129 30 January,
2254 5606 30 16 or
2296 5597 64 33 they
2373 5593 52 27 will

1862 5632 1 34 '
1877 5643 45 23 not
1933 5642 30 24 be
1976 5639 71 27 dealt
2060 5638 62 27 with
2141 5636 68 25 until
2222 5634 46 26 the
2290 5632 137 32 following

1862 5676 1 32 |
1877 5676 183 28 examination.

2080 5712 26 27 T.
2127 5710 33 27 H.
2180 5706 141 32 HAMER,

1860 5741 3 46 '
1894 5753 138 34 Secretary
2042 5753 28 25 to
2078 5751 42 26 the
2130 5747 86 27 Board
2225 5746 26 25 of
2262 5744 161 27 Examiners.
