4260 5920
112 223 15 16 a
140 222 60 19 new
215 213 150 29 bock-c-a.se
373 213 55 29 and
440 213 93 28 music,
573 210 33 28 in
623 210 40 26 his

113 253 124 29 remarks
256 254 34 28 lie
312 254 118 37 lipai'fcily
455 248 206 38 congratulated

113 294 47 28 the
172 294 77 29 clioir
265 295 97 36 (which
377 305 61 19 now
463 293 78 29 stood
562 290 99 30 second

154 345 72 20 none
239 336 27 29 in
281 336 47 29 the
350 335 107 40 colony)
479 335 43 29 for
541 333 45 29 the
600 342 46 29 pro-

113 387 79 28 gress
205 378 60 28 that
285 378 54 28 had
362 378 69 29 been
458 376 78 29 made
562 375 100 38 during

112 418 48 27 the
172 428 73 24 year,
259 427 78 25 great
359 429 45 18 ere
412 419 34 27 lit
470 417 85 38 being
567 415 53 28 due
633 420 28 23 to

112 456 45 30 Mr
170 458 54 29 and
238 458 58 29 Mrs
309 458 29 28 Yv
339 458 7 11 r
349 459 76 34 oods,
437 458 64 28 Miss
512 455 150 40 Kellegher

111 499 54 29 aud
180 500 45 28 Mr
239 500 80 28 Neill.

148 540 98 28 Under
283 541 47 27 the
370 550 60 18 new
468 538 190 30 classification

111 580 222 40 schemeapplied
342 584 28 25 to
379 580 110 38 railway
496 578 162 39 employees,

113 631 49 18 one
176 632 30 17 or
228 627 55 22 two
307 623 121 35 changes
452 632 46 17 are
522 622 84 26 about
631 623 28 23 to

111 661 63 28 take
190 662 76 37 place
279 666 27 23 at
320 661 154 28 Lawrence.
514 660 44 27 Mr
579 660 78 31 Kerr,

112 703 62 26 who
199 702 48 27 has
279 702 44 27 for
345 711 73 17 some
444 701 64 27 time
534 700 68 26 been
629 698 25 26 in

93 738 7 12 *
111 743 100 32 charge
225 743 72 34 here,
311 742 21 27 is
345 742 84 27 about
454 744 28 24 to
508 740 33 28 be
554 737 100 29 shifted

114 787 26 25 to
154 783 94 35 Kelso,
271 783 79 28 while
373 783 42 26 Mr
437 782 106 33 Patten,
556 780 29 27 of
597 780 59 26 that

112 824 109 34 station,
234 823 53 27 will
308 822 82 36 likely
405 822 32 27 be
451 826 49 32 put
514 821 27 26 in
555 820 100 30 charge

91 863 49 30 'of
153 863 153 29 Lawrence.
345 862 106 37 During
465 860 40 28 his
519 865 59 30 stay
592 858 62 28 here

111 905 45 28 Mr
169 904 73 29 Kerr
254 904 47 28 has
321 902 78 29 made
412 912 14 17 a
440 902 73 36 large
527 898 80 31 circle
626 898 28 29 of

110 946 114 32 feiends,
236 945 53 26 and
312 944 51 25 will
380 944 31 25 he
424 942 106 36 greatly
544 939 97 27 missed

115 985 94 29 Kfforts
223 984 66 27 have
311 983 67 28 been
403 980 77 29 made
506 984 27 23 to
558 988 94 18 secure

110 1026 40 27 his
162 1024 132 28 retention
308 1024 35 34 by
354 1034 15 16 a
383 1022 115 27 number
510 1020 29 27 of
552 1025 82 21 towns-

107 1064 104 37 people,
238 1063 49 27 but.
315 1063 46 27 the
393 1060 211 29 Commissioner
628 1058 23 26 is

105 1103 139 37 evidently
266 1100 169 30 determined
461 1106 27 21 to
514 1099 68 27 have
609 1097 40 29 his

107 1155 65 25 way.
212 1142 124 28 Another
358 1140 67 29 shift;
447 1138 161 39 apparently
622 1138 25 27 in

105 1185 47 28 the
171 1195 7 15 i
190 1194 46 17 ear
257 1183 91 27 future
367 1181 23 28 is
412 1180 61 28 that
494 1178 29 30 of
548 1178 45 29 Mr
617 1177 31 29 T.

106 1225 148 34 Hampton,
280 1223 60 27 who
365 1232 61 18 now
451 1222 125 35 occupies
603 1220 47 27 the

105 1264 115 38 position
233 1263 29 28 of
274 1263 60 27 first
348 1261 68 28 class
430 1260 96 35 guard,
548 1259 53 28 and
621 1269 28 17 as

104 1316 15 17 a
131 1309 99 24 matter
242 1304 30 29 of
284 1306 104 25 custom
401 1301 52 28 will
462 1301 28 29 in
504 1300 34 28 all
552 1300 81 38 proba-

84 1370 5 8 (
104 1345 77 37 bility
197 1345 32 28 be
242 1350 50 32 put
317 1354 35 18 on
377 1353 52 18 one
453 1341 29 29 of
508 1341 45 29 the
578 1340 71 29 main

87 1385 3 28 '
100 1385 78 28 lines.

141 1426 43 27 Mr
205 1425 27 28 J.
254 1424 153 29 Robertson
430 1423 49 28 has
493 1421 158 36 succeeded,

85 1472 5 4 '
103 1467 72 28 after
188 1466 82 28 much
282 1464 117 34 trouble,
426 1464 25 27 in
479 1463 111 39 getting
611 1462 42 28 his

105 1507 102 35 dredge
221 1505 103 28 started
338 1510 28 22 at
379 1505 46 26 the
449 1504 84 27 lower
557 1503 52 28 end
623 1504 29 27 of

106 1545 207 29 Wethersfcones
329 1544 68 33 Flat,
411 1544 50 26 but
480 1543 34 27 he
534 1542 56 28 stiil
604 1542 47 27 has

104 1596 74 19 uome
191 1584 74 30 work
280 1583 93 30 beforj
381 1583 66 34 him,
458 1592 29 19 as
498 1582 45 29 the
554 1592 78 28 pump-

105 1627 47 35 ing
165 1636 65 22 gear
243 1625 22 26 is
280 1624 99 27 unable
392 1627 28 24 to
431 1623 43 28 lift
487 1634 16 16 a
517 1622 135 28 sufficient

103 1665 127 38 quantity
242 1665 30 28 of
286 1668 83 24 water
389 1667 28 24 to
440 1662 126 38 properly
581 1666 71 24 treat

105 1708 45 27 the
160 1707 64 33 dirt,
239 1705 87 28 which
337 1705 22 27 is
370 1704 92 28 rather
474 1704 102 36 clayey.

141 1746 58 30 The
212 1746 119 28 weather
343 1745 35 28 all
404 1744 52 28 last
481 1744 84 38 being
590 1753 47 29 pro-

106 1788 108 38 pitious,
241 1787 64 38 play
330 1798 35 18 on
390 1785 47 30 the
465 1785 118 38 bowling
597 1784 52 29 and
662 1784 1 42 :

105 1829 90 28 tennis
209 1838 83 27 green
306 1829 23 26 is
343 1837 59 18 now
428 1836 27 17 m
481 1826 50 27 full
553 1826 99 35 swing.

104 1869 58 28 The
175 1879 93 25 green,
277 1867 88 28 which
378 1876 54 18 was
442 1865 105 37 opened
558 1876 34 17 ou
604 1865 46 28 the

104 1909 58 35 Oth,
176 1909 23 28 is
211 1908 28 28 in
252 1907 134 30 excellent
406 1906 88 33 order,
508 1905 101 28 thanks
624 1909 27 24 to

87 1945 2 35 '
103 1950 47 28 the
160 1949 64 29 skill
235 1949 52 27 and
298 1947 135 30 attention
444 1946 29 28 of
484 1945 45 29 Mr
536 1945 115 35 Arnold,

104 1990 46 29 the
163 1989 150 30 caretaker.

141 2031 58 28 The
212 2030 109 37 cycling
333 2029 62 29 club
408 2027 60 30 held
483 2028 34 29 i*s
531 2027 120 38 opening

105 2083 50 17 run
169 2076 28 24 to
211 2071 167 28 Waitahuna
391 2069 51 28 last
465 2068 184 37 Wednesday,

88 2126 6 3 -
105 2113 76 27 when
195 2123 16 16 a
221 2121 65 26 very
296 2111 123 37 pleasant
430 2109 64 28 time
505 2119 54 18 was
568 2112 79 34 spent

103 2154 36 37 by
156 2153 32 28 17
202 2152 135 29 members
362 2150 28 30 of
414 2149 47 29 the
486 2148 72 36 club,
584 2158 47 28 cap-

101 2194 93 28 tained
221 2194 35 36 by
270 2193 45 27 Mr
328 2192 32 28 G.
374 2191 104 28 White.
518 2189 56 28 Th
588 2189 59 28 first

100 2236 92 35 sports
205 2241 173 30 programme
402 2230 131 38 prepared
549 2229 36 37 by
599 2229 45 28 the

99 2274 63 30 club
176 2274 49 28 has
237 2273 70 29 been
332 2271 79 29 made
435 2274 56 31 out,
506 2269 52 30 and
571 2279 54 19 com-

99 2314 87 39 prises
199 2323 81 19 seven
293 2316 104 24 events.
436 2310 53 28 For
512 2321 16 16 a
550 2320 93 27 young

98 2354 64 29 club
175 2354 22 28 it
209 2354 22 28 is
244 2365 16 17 a
273 2363 65 27 very
355 2351 146 29 creditable
515 2361 59 23 one,
588 2350 54 27 and

96 2394 100 29 should
226 2403 98 19 ensure
354 2392 70 28 keen
454 2390 186 37 competition.

96 2434 58 30 The
163 2434 121 38 meeting
293 2433 77 29 takes
381 2432 75 37 place
465 2441 33 19 on
508 2431 45 29 the
563 2430 76 30 30th.

141 2476 56 28 Two
227 2474 67 28 local
325 2473 117 37 cyclists,
475 2472 101 27 Messrs
609 2471 29 27 P.

94 2514 125 39 O'Leary
244 2513 52 29 and
322 2515 34 26 A.
379 2511 173 34 Henderson,
562 2511 61 38 jour-

94 2555 89 37 neyed
207 2559 28 24 to
261 2553 126 28 Dunedin
401 2553 46 26 the
472 2551 79 28 other
574 2551 64 36 day,

92 2596 87 38 doing
192 2596 47 28 the
252 2594 122 28 distance
397 2593 25 27 in
449 2591 47 29 the
516 2591 103 28 remark-

67 2643 5 6 '
93 2636 64 37 ably
167 2636 73 39 good
254 2635 65 29 time
331 2634 28 30 of
372 2633 50 29 4hr
444 2633 90 28 lOmin
562 2632 75 37 (with

92 2688 16 17 a
131 2677 158 28 favourable
313 2675 72 28 wind
407 2674 230 37 throughout).

94 2717 132 38 Training
239 2716 22 29 is
275 2725 59 19 now
346 2715 27 28 in
387 2714 48 28 full
447 2713 87 38 swing
545 2723 33 18 on
590 2713 46 28 the

92 2758 68 29 local
186 2758 87 34 track,
296 2767 30 17 so
352 2756 57 28 that
435 2755 35 36 by
496 2754 46 28 the
569 2754 65 29 30th

65 2800 5 8 '
91 2809 51 17 our
154 2798 67 28 local
235 2797 94 29 cracks
339 2796 86 37 ought
436 2798 27 24 to
474 2795 33 27 be
520 2794 26 27 in
562 2793 73 38 good

91 2839 81 29 form.

129 2879 46 29 Mr
199 2879 32 29 E.
262 2877 44 29 W.
338 2876 125 34 Watson,
488 2875 29 29 of
543 2874 85 38 Clyde
631 2897 6 13 ;

77 2919 112 39 'passed
202 2918 121 38 through
345 2916 64 29 here
421 2916 46 28 the
480 2915 79 29 other
573 2914 62 38 day,

65 2955 1 41 '
90 2970 35 19 on
140 2960 41 28 his
195 2970 59 26 way
266 2963 28 24 to
309 2956 178 38 Wellington,
501 2956 91 28 where
604 2955 34 29 he

91 3001 48 28 has
153 2999 113 29 secured
288 3008 34 18 an
348 2996 188 39 appointment
551 2995 86 29 under
662 2995 1 40 .

90 3041 47 28 the
150 3039 141 29 Gladiator
314 3037 46 29 Co.
400 3036 33 28 In
454 3036 47 28 the
527 3035 110 38 cycling
662 3035 1 38 ;

92 3081 82 28 world
184 3082 29 27 of
222 3079 108 29 Central
340 3078 90 36 Otago
439 3077 45 28 Mr
494 3076 141 28 Watson's

90 3121 76 38 place
178 3120 55 28 will
247 3120 34 28 be
294 3118 68 29 hard
375 3122 28 24 to
417 3117 47 35 fill,
475 3117 43 28 for
530 3116 106 28 besides

88 3161 115 38 holding
216 3160 109 29 records
339 3160 123 28 between
481 3157 86 38 Clyde
580 3156 54 29 and

89 3201 165 35 Alexandra,
288 3199 143 30 Cromwell
459 3197 54 29 and
540 3197 94 37 Clyde,

87 3241 56 29 and
163 3241 88 37 Clyde
271 3239 54 28 and
346 3238 99 29 Chatto
459 3237 3 41 .
472 3237 97 34 Creek,
597 3237 34 27 he

88 3281 80 29 holds
180 3280 122 38 trophies
326 3279 44 29 for
394 3283 72 24 most
490 3277 92 38 points
608 3277 28 28 in

88 3322 97 36 racing
217 3324 29 23 at
279 3319 85 37 Clyde
389 3319 53 26 and
467 3317 167 28 Alexandra.

88 3361 44 29 No
146 3361 87 29 doubt
245 3360 35 29 he
300 3358 55 29 will
380 3358 34 29 be
440 3357 83 30 heard
548 3356 29 29 of
601 3366 35 29 up

59 3401 3 28 '
86 3401 93 28 north.

247 3497 234 50 Cablegrams.

106 3599 7 24 '<
140 3602 200 32 SHOCKING
362 3600 229 30 BARBARITY.

288 3643 121 34 London,
424 3641 158 29 November
600 3643 39 27 11.

128 3688 45 26 An
199 3684 96 29 official
321 3683 30 29 of
372 3683 46 28 the
445 3681 95 38 Congo
572 3681 67 28 Free

92 3726 88 34 State,
206 3724 81 28 West
313 3723 102 33 Africa,
438 3721 49 28 lias
513 3721 125 38 reported

90 3769 62 27 that
173 3766 48 29 the
248 3763 133 29 Batalelas
404 3762 161 35 tribesmen,
579 3762 59 29 who

91 3817 70 19 were
186 3805 143 36 employed
352 3808 28 23 to
404 3803 98 37 gather
527 3803 109 33 rubber,

91 3846 146 38 destroyed
253 3845 35 28 20
302 3843 122 37 villages,
438 3843 54 27 and
515 3843 122 37 chopped

89 3889 48 27 the
149 3886 89 29 hands
252 3885 36 29 off
302 3884 53 28 200
377 3883 127 34 villagers
523 3883 112 28 because

89 3928 65 38 they
163 3927 47 28 did
220 3929 47 25 not
275 3923 99 39 supply
384 3922 134 29 sufficient
528 3923 107 28 rubber.

144 3982 78 30 THE
241 3980 139 30 INDIAN
405 3978 183 29 TROUBLE.

267 4021 148 32 Calcutta,
430 4020 151 27 November
600 4021 37 28 15.

126 4064 57 28 The
221 4060 140 31 Orakzais'
393 4059 137 33 delegates
569 4059 67 29 have

88 4105 160 39 practicallv
274 4100 128 37 accepted
429 4100 45 28 the
498 4106 82 22 terms
608 4100 29 29 of

90 4156 81 28 peace
202 4142 104 31 offered
339 4142 36 35 by
407 4140 83 28 Great
523 4140 102 28 Britain

89 4186 77 29 Thev
191 4196 45 16 are
262 4182 106 36 greatly
392 4181 118 28 relieved
535 4186 28 22 at
588 4182 48 28 the

88 4227 118 28 nbsence
229 4224 28 29 of
280 4223 135 27 reference
429 4226 28 23 to
471 4221 45 27 the
530 4231 89 27 perma-

90 4269 66 26 nent
172 4262 158 40 occupation
342 4262 29 28 of
379 4262 69 28 their
461 4262 137 34 territory.

126 4306 59 27 The
200 4304 80 29 Akah
293 4302 88 28 Khels
405 4312 43 18 are
474 4301 117 37 offering
610 4304 28 25 to

91 4347 113 28 submit.

128 4387 57 28 The
200 4386 104 28 Afridis
318 4394 45 19 are
376 4384 64 28 thus
457 4382 114 30 isolated
584 4381 54 29 and

90 4427 149 30 disunited.

139 4483 55 29 AN
214 4481 128 30 ABUSE
364 4480 226 29 ABOLISHED.

313 4522 94 34 Paris,
425 4520 157 29 November
597 4521 42 29 15.

128 4565 105 29 France
246 4563 49 29 has
308 4561 139 30 abolished
474 4561 46 28 the
541 4561 59 29 rule
613 4561 27 28 of

90 4606 118 35 secretly
220 4603 160 36 examining
405 4603 137 36 prisoners
564 4603 74 33 prior

90 4650 28 23 to
132 4645 72 28 their
217 4643 61 29 trial
301 4653 35 19 on
358 4641 123 30 criminal
495 4641 54 28 and
562 4641 78 30 other

89 4686 125 38 charges.

219 4739 175 30 MARTIAL
413 4737 98 29 LAW.

162 4782 55 28 Rio
233 4782 39 27 De
285 4780 127 33 Janeiro,
426 4778 154 28 November
597 4779 40 27 15.

126 4822 58 28 The
198 4821 186 29 Government
408 4818 29 29 of
460 4817 88 29 Brazil
570 4818 69 28 have

90 4862 166 39 proclaimed
269 4860 107 29 martial
389 4859 51 28 law
453 4859 44 27 for
513 4869 16 17 a
543 4859 94 28 month

88 4905 29 29 in
131 4912 187 30 consequence
330 4901 29 29 of
378 4901 46 28 the
438 4902 92 26 recent
545 4899 93 29 attack

87 4955 36 18 on
137 4945 47 28 the
197 4943 144 29 President
354 4942 53 27 and
420 4941 47 26 the
488 4941 133 27 assassina-

88 4985 58 30 tion
159 4984 30 30 of
203 4983 46 30 the
268 4982 129 30 Minister
409 4980 29 30 of
452 4979 75 30 War.

199 5065 325 33 INTERCOLONIAL.

134 5160 190 31 ALARMED
344 5157 52 28 BY
416 5156 78 28 THK
516 5155 86 29 SUN.

260 5201 150 30 Adelaidk,
424 5195 159 29 November
599 5196 41 28 11.

125 5243 59 26 The
196 5242 64 27 heat
280 5248 55 17 was
358 5238 106 26 intense
485 5236 154 37 yesterday.

86 5282 110 37 During
221 5280 47 27 the
293 5278 145 26 afternoon
465 5286 16 16 a
508 5275 79 27 clond
609 5276 29 26 of

163 5318 136 31 obscured
314 5317 47 27 the
375 5325 60 24 sun,
455 5315 54 27 and
529 5325 70 25 gave
618 5315 22 27 it

79 5364 53 28 the
151 5367 172 32 appearance
344 5356 29 29 of
398 5365 15 17 a
439 5355 53 28 ball
519 5356 29 27 of
580 5355 58 28 fire.

86 5403 131 29 Children
231 5400 28 27 in
281 5398 49 28 the
352 5395 93 38 public
458 5395 116 33 schools,
589 5395 33 27 ob-

84 5443 113 34 serving
221 5440 32 35 it,
273 5434 172 39 stampeded,
459 5435 99 36 crying
571 5435 50 36 hys-

76 5482 139 36 terically,
229 5477 141 35 believing
392 5475 60 28 that
465 5475 48 28 the
525 5474 54 29 end
608 5475 30 28 of

143 5520 86 31 world
245 5518 54 30 had
312 5515 117 31 arrived.

176 5572 183 33 CHOLERA
379 5570 43 29 IN
441 5570 111 30 JAVA.

284 5613 123 34 Sydney,
420 5610 160 30 November
593 5610 44 29 16.

119 5659 117 30 Eastern
257 5664 74 20 news
344 5656 85 26 states
444 5651 62 29 that
530 5650 110 30 cholera

82 5701 53 29 lias
159 5700 70 27 been
250 5694 137 35 ravaging
408 5692 72 29 Java
498 5691 44 29 for
564 5701 76 19 some

82 5742 80 34 time,
173 5737 56 32 and
242 5736 24 30 is
278 5733 58 31 still
356 5732 130 30 virulent.
525 5730 113 31 Several

69 5778 151 40 thousand
233 5776 98 33 deaths
344 5784 46 22 are
404 5771 142 33 recorded.

779 206 68 41 The
881 206 111 52 Organ
1020 204 136 43 Recital.

729 290 42 29 St.
785 291 104 29 James'
905 291 108 29 Church
1026 301 53 18 was
1093 290 59 28 well
1168 288 72 29 filled

691 343 35 18 on
737 331 142 40 Thursday
893 332 119 37 evening
1025 331 61 37 last,
1100 331 78 29 when
1198 328 42 29 Mr

691 373 26 29 J.
746 377 89 27 Haves
858 385 69 28 gave
952 384 34 18 an
1012 383 86 28 organ
1135 370 102 31 recital.

696 415 40 27 Mr
752 415 101 36 Hayes,
882 415 105 36 though
1014 415 34 27 he
1071 414 64 36 only
1155 411 83 29 ranks

690 454 109 29 himself
814 466 58 18 now
886 465 29 18 as
929 466 15 16 a
958 454 142 28 dilettante
1112 463 28 18 as
1154 452 42 28 far
1209 461 29 18 as

692 496 44 28 the
750 507 84 28 organ
847 496 21 28 is
880 495 158 34 concerned,
1049 495 47 28 has
1108 493 53 29 had
1171 492 66 38 long

690 538 159 34 experience
886 537 29 27 of
952 536 44 27 the
1018 536 164 26 instrument
1208 533 27 28 of

691 576 84 28 which
787 576 33 29 he
831 576 22 30 is
866 576 26 28 in
903 576 55 28 fact
968 586 15 17 a
995 575 128 38 masterly
1133 573 78 40 playe
1214 583 12 9 n
1228 594 6 6 .

687 617 64 28 This
793 628 53 17 was
879 616 148 28 evidenced
1065 616 170 36 throughout

686 656 47 27 the
752 656 90 27 varied
858 665 171 27 programme
1043 656 33 26 he
1103 665 70 26 gave
1199 655 35 34 by

687 695 39 28 his
736 695 150 28 admirable
907 695 144 38 technique
1077 694 54 27 and
1158 693 62 28 brill-

684 735 56 27 iant
757 740 142 23 execution
923 735 53 28 and
1001 736 34 35 by
1050 735 46 28 the
1119 734 114 28 delicate

684 781 145 23 treatment
839 776 28 28 of
881 777 65 27 each
961 776 29 28 of
1010 776 45 28 the
1078 776 153 28 selections.

683 816 56 27 The
782 816 197 37 congregation
1020 826 68 17 were
1121 815 109 36 already

681 865 87 19 aware
794 855 29 29 of
854 856 46 28 the
933 860 148 24 sweetness
1113 856 28 27 of
1169 863 62 20 tone

681 896 53 29 and
748 902 27 23 to
789 907 74 18 some
878 902 95 24 extent
987 896 27 28 of
1028 896 46 29 the
1099 906 91 29 power
1204 895 28 29 of

682 938 44 26 the
739 947 57 17 new
809 948 96 26 organ,
921 938 48 26 b:)t
991 938 21 26 it
1027 948 52 16 was
1100 949 15 15 a
1130 937 86 27 revela-

681 975 55 29 tion
748 981 27 23 to
790 982 70 22 most
873 978 28 26 of
914 977 77 28 those
1002 982 111 33 present
1124 982 26 22 to
1167 976 60 27 hear

681 1018 45 26 thj
759 1018 90 26 varied
882 1018 54 26 and
970 1018 133 26 beautiful
1137 1018 92 26 effects

678 1056 93 28 shown
799 1057 35 36 by
861 1056 44 28 Mr
931 1056 26 28 II
966 1067 65 26 iyes.
1086 1057 49 27 His
1168 1066 45 26 pro-

679 1106 121 27 gramme
827 1107 54 17 was
918 1107 29 17 as
975 1095 252 30 follows:Grand

677 1136 143 28 Offertoire
834 1137 26 27 in
877 1136 20 28 C
921 1135 101 38 (Wely,
1038 1149 7 22 ;
1070 1140 56 24 Ave
1145 1136 83 28 Maria

680 1175 145 36 (Mozart);
845 1177 40 27 air
907 1177 54 27 and
984 1177 60 35 trio,
1096 1177 23 27 0
1133 1182 54 23 rest
1201 1177 25 27 in

678 1218 46 27 the
739 1217 70 29 Lord
863 1218 53 26 and
1050 1218 75 28 thine

681 1257 86 38 Elijah
783 1257 236 36 (Mendelssohn);
1041 1258 120 26 andante
1174 1257 53 27 and

679 1298 97 38 adagio
789 1298 28 28 in
832 1298 21 28 F
879 1297 149 36 (Schubert
1051 1298 54 29 and
1130 1298 81 28 Beeth-

679 1340 80 34 oven)
773 1350 7 23 ;
832 1338 94 29 March
941 1338 28 29 of
992 1339 44 28 the

683 1379 39 28 Eli
760 1378 126 35 (Costa);
955 1378 130 38 Morning
1121 1389 107 27 prayer,

680 1419 117 36 evening
836 1429 98 28 prayer
971 1418 52 29 and
1065 1420 97 27 chorus
1201 1419 28 28 of

822 1460 43 27 Eli
885 1460 123 35 (Costa);
1025 1460 47 35 air,
1117 1460 53 28 But
1183 1460 46 28 the

685 1501 68 27 Lord
776 1502 23 26 is
819 1500 117 28 mindful
987 1502 41 28 St.
1054 1500 67 28 Paul
1150 1500 64 37 (Mel-

680 1540 160 34 delssohn);
854 1539 136 29 offertoire
1003 1540 26 28 in
1044 1541 21 27 B
1080 1540 128 35 (Hatton)
1222 1551 7 24 ;

680 1580 144 29 selections
850 1580 69 28 from
1191 1581 39 28 air

711 1620 44 28 He
769 1620 66 28 shall
851 1620 61 28 feed
927 1620 51 28 His
1126 1622 40 26 air
1216 1621 12 27 I

682 1660 79 28 know
787 1660 60 28 that
874 1671 43 26 my
940 1660 149 28 Redeemer

680 1701 98 29 chorus
818 1691 155 47 Hallelujah
1195 1702 34 28 Of

681 1742 46 28 the
741 1741 85 28 whole
840 1740 28 30 of
889 1741 47 27 the
958 1742 130 28 numbers
1111 1742 117 38 perhaps
1239 1740 1 42 j

682 1783 44 29 the
741 1788 70 23 most
830 1782 115 40 popular
959 1793 68 19 were
1042 1782 46 30 the
1132 1784 81 29 Israel-

681 1824 50 27 ites
743 1823 94 28 March
880 1823 53 27 and
943 1824 46 27 the
1001 1824 78 28 other
1092 1824 40 27 Eli
1143 1824 70 28 selec-

681 1863 79 34 tions,
785 1862 54 28 and
864 1862 57 28 also
958 1863 47 28 the

682 1902 103 28 Chorus
853 1903 49 27 but
916 1902 116 28 without
1058 1903 86 28 doubt
1158 1904 70 28 Hat-
1239 1902 1 42 j

680 1942 72 28 ton's
765 1942 135 29 offertoire
914 1954 54 17 was
989 1943 47 28 the
1059 1949 70 23 most
1148 1945 79 28 effec-
1239 1942 1 31 !

680 1983 54 28 tive
748 1982 42 28 for
810 1983 124 38 showing
954 1984 46 28 the
1018 1994 106 28 powers
1138 1986 28 27 of
1181 1986 47 27 the
1239 1972 1 50 !

679 2024 172 29 instrument.
891 2024 45 28 Mr
948 2025 90 38 Hayes
1048 2036 55 18 was
1112 2026 114 29 assisted
1239 2024 1 39 '

679 2064 34 37 by
728 2064 43 28 Mr
787 2064 106 36 Dunne,
906 2066 61 27 who
985 2076 69 26 sang
1078 2066 149 29 Sullivan's

677 2104 131 28 beautiful
844 2105 104 37 setting
986 2106 28 28 of
1077 2106 57 29 The
1159 2107 68 28 Lost

835 2144 58 29 The
907 2146 75 28 choir
1004 2146 54 28 and
1073 2157 136 29 congrega-

674 2186 56 27 tion
756 2196 69 27 gave
848 2186 99 37 hymns
967 2187 66 28 Nos.
1049 2188 35 27 24
1097 2188 54 27 and
1178 2189 47 28 166

672 2236 29 17 as
715 2226 120 38 opening
848 2226 53 28 and
916 2227 106 38 closing
1031 2228 139 29 numbers.
1201 2231 23 25 A

671 2266 142 29 collection
827 2267 26 27 in
868 2267 44 28 aid
927 2267 28 28 of
966 2267 47 30 the
1024 2268 102 29 church
1140 2268 83 30 funds

672 2316 54 17 was
740 2307 80 27 made
834 2307 100 37 during
949 2308 46 27 the
1009 2309 127 36 evening.

669 2401 118 43 Teviot
810 2401 238 43 Horticultural
1068 2403 149 53 Society.

705 2489 26 27 A
757 2489 121 38 meeting
898 2489 29 28 of
940 2490 46 27 the
1009 2490 87 28 above
1117 2492 103 37 society

668 2539 54 17 was
736 2529 63 27 held
813 2533 27 23 at
854 2530 46 27 the
917 2530 164 28 Athenaeum
1099 2531 62 28 Hall
1184 2542 34 18 on

669 2569 175 38 Wednesday
870 2571 127 35 evening,
1025 2571 78 28 when
1141 2572 77 28 there

667 2620 54 19 was
750 2620 15 18 a
797 2610 53 28 fair
874 2611 182 36 attendance;
1089 2612 53 29 and
1176 2612 43 29 Mr

668 2650 141 38 Campbell
823 2652 135 36 presided.

703 2692 57 27 The
773 2692 131 37 principal
912 2692 121 29 busines-
1042 2704 53 16 was
1102 2704 99 24 arrang-

667 2732 48 36 ing
729 2732 42 28 for
785 2732 46 28 the
859 2733 58 28 first
941 2733 100 28 annual
1064 2734 83 34 show,
1163 2735 53 28 and

666 2783 34 17 on
716 2774 45 26 the
776 2774 102 27 motion
904 2774 30 27 of
958 2774 100 27 Messrs
1084 2775 133 28 Bennetts

665 2812 55 28 and
736 2813 89 28 Smith
840 2813 20 27 it
882 2823 53 18 was
955 2813 114 29 decided
1096 2819 26 22 to
1153 2815 62 28 hold

666 2853 47 28 the
738 2853 76 29 show
844 2854 101 38 during
983 2854 46 29 the
1062 2855 95 29 month
1189 2856 29 27 of

667 2893 149 37 February,
837 2894 74 28 !89d.

703 2934 45 27 Mr
775 2934 132 28 Bennetts
933 2936 134 37 proposed
1090 2936 53 28 and
1171 2937 46 28 Mi-

668 2974 145 27 Matthews
828 2975 145 34 seconded,
983 2976 59 27 that
1056 2977 46 28 the
1116 2977 100 28 classes

665 3014 43 28 for
743 3015 151 28 exhibition
927 3016 34 27 be
992 3015 114 36 flowers,
1139 3017 77 35 fruit,

666 3055 166 38 vegetables,
846 3055 143 30 industrial
1016 3057 129 31 exhibits,
1159 3057 53 29 and

665 3096 76 27 other
757 3096 125 27 varieties
895 3097 29 27 of
934 3097 108 28 articles
1053 3099 59 26 that
1126 3099 87 37 might

665 3135 33 29 be
712 3134 113 31 deemed
839 3135 301 33 advisable.Carried

702 3176 29 28 It
745 3188 52 17 was
813 3177 122 28 resolved
955 3189 30 17 as
1005 3189 33 17 an
1053 3179 162 29 instruction

665 3221 28 23 to
707 3217 47 28 the
767 3217 158 28 secretaries
939 3219 60 26 that
1025 3220 64 27 thev
1116 3221 96 27 sketch

667 3261 47 24 out
734 3268 16 16 a
773 3268 181 27 programme,
967 3263 28 24 to
1010 3259 34 29 be
1064 3259 152 30 submitted

668 3301 28 23 to
710 3297 46 28 the
780 3305 65 21 next
865 3299 130 37 meeting,
1016 3304 28 24 to
1058 3301 34 27 be
1107 3301 62 27 held
1183 3311 35 18 on

669 3336 185 39 Wednesday,
867 3337 41 28 Ist
922 3337 159 30 December.

707 3381 26 23 A
759 3383 62 22 vote
846 3378 28 28 of
899 3378 100 29 thanks
1022 3385 27 23 to
1075 3381 46 28 the
1143 3380 75 29 chair

670 3417 150 28 concluded
835 3418 46 28 the
896 3419 129 33 meeting.

738 3510 263 50 Parliamentary
1040 3512 112 41 Notes.

843 3593 205 39 [Exchanges]

707 3633 24 28 A
757 3633 165 28 naturalised
946 3633 159 35 Chinaman,
1141 3635 76 29 Fook

670 3672 50 34 On,
743 3673 99 38 having
853 3684 71 27 gone
938 3678 28 23 to
980 3673 87 29 China
1079 3675 54 28 and
1148 3687 52 17 mar-

669 3713 55 28 ried
734 3723 14 17 a
760 3713 117 29 Chinese
889 3723 113 24 woman,
1013 3714 22 28 is
1051 3715 166 37 petitioning

669 3753 44 30 the
735 3753 94 30 House
851 3754 43 29 for
919 3753 86 35 relief,
1037 3765 29 18 as
1088 3757 112 29 notwith-

669 3795 130 35 standing
813 3797 45 26 the
875 3796 56 27 fact
947 3795 59 27 that
1028 3795 41 28 his
1096 3798 120 28 solicitor

669 3834 51 29 had
733 3835 113 29 advised
858 3835 54 28 him
924 3835 60 27 that
998 3835 41 28 his
1054 3836 61 29 wife
1127 3838 88 28 would

669 3876 32 27 be
712 3876 115 28 entitled
841 3881 27 23 to
879 3876 47 27 the
936 3881 87 22 status
1041 3876 29 27 of
1083 3889 15 15 a
1117 3878 98 28 British

668 3915 106 38 subject
788 3917 46 27 the
858 3915 210 29 Commissioner
1093 3917 28 28 of
1147 3919 51 27 Cus-

667 3960 70 24 toms
751 3957 49 28 has
825 3957 120 28 inflicted
972 3957 46 27 the
1043 3958 118 35 poll-tax
1187 3960 29 27 of

667 3997 73 28 IOO
754 4009 34 16 on
803 3998 48 27 her
865 3997 87 29 under
961 3997 47 28 the
1023 3997 67 29 1896
1104 4000 111 28 Statute

665 4048 33 17 on
714 4038 45 27 the
773 4038 116 37 subject.

703 4078 56 28 The
774 4078 120 28 Premier
908 4077 63 29 does
986 4085 48 23 not
1045 4079 79 29 think
1145 4081 22 27 it
1189 4085 28 24 at

665 4118 34 27 all
726 4118 139 28 advisable
886 4119 59 27 that
971 4121 92 36 public
1089 4126 127 23 servants

665 4158 95 28 should
788 4159 63 28 take
877 4169 16 17 a
918 4161 156 34 prominent
1100 4171 61 26 pare
1188 4171 27 18 in

665 4198 118 37 political
798 4199 147 36 questions.

711 4239 48 27 Ihe
784 4239 119 29 Premier
927 4241 58 29 said
1004 4240 77 30 there
1108 4252 53 17 was
1183 4252 33 18 no

668 4278 65 28 time
767 4279 55 28 this
847 4280 102 28 session
976 4286 27 23 to
1021 4282 145 28 introduce
1202 4294 14 14 a

671 4317 172 29 Workmen's
858 4319 210 39 Compensation
1084 4322 41 28 for
1138 4324 63 26 Acci-

668 4358 79 28 dents
760 4360 58 32 Bill,
829 4370 29 18 as
869 4362 95 36 passed
980 4363 25 27 in
1022 4362 46 29 the
1089 4362 126 39 Imperial

670 4398 164 30 Parliament
847 4402 49 28 but
911 4402 32 28 he
965 4403 88 37 hoped
1081 4404 20 28 it
1128 4402 89 29 would

670 4440 32 27 be
720 4440 27 28 in
772 4441 74 29 force
868 4442 28 28 in
920 4442 53 28 this
999 4444 97 36 colony
1123 4443 94 29 before

669 4480 73 35 long.

715 4508 16 9 o

726 4568 118 43 Teviot
870 4569 62 41 and
969 4569 192 42 Alexandra

776 4626 258 46 Fruitgrowers'
1059 4628 57 42 Co.

705 4714 57 29 The
799 4713 127 37 ordinary
963 4715 123 33 meeting
1115 4715 30 28 of
1170 4715 46 28 the

668 4754 87 28 above
792 4764 134 27 company
961 4764 53 17 was
1026 4754 62 28 held
1115 4759 28 23 at
1170 4756 46 27 the

670 4795 162 27 Athenaeum
858 4804 34 17 on
917 4792 138 39 Saturday
1087 4795 124 38 evening.

671 4834 253 29 PresentMessrs
960 4835 119 27 Bennets
1102 4834 92 38 (Chair-

667 4880 84 27 man),
785 4875 143 34 Bloxhain,
955 4874 26 29 J.
1005 4875 118 36 Moodie,
1149 4876 63 31 Jno.

667 4915 144 38 Tamblyn,
833 4915 117 35 Manuel,
961 4915 84 35 Uren,
1061 4915 151 40 Campbell,

668 4956 105 34 Harris,
787 4956 144 33 Williams,
959 4955 125 29 Courtier
1112 4957 85 37 (repre-

667 4997 111 37 senting
813 4996 45 29 Mr
891 4995 45 30 W.
964 4994 97 36 Snell),
1089 4995 124 35 Watson,

668 5037 98 34 Broad,
785 5037 32 28 R.
842 5037 114 33 Wilson,
972 5035 147 33 M'lntosh,
1134 5035 81 28 Toms

667 5077 53 28 and
729 5077 59 28 Jos.
803 5076 135 36 Tamblyn
952 5077 170 35 (secretary).

820 5122 240 20 C'OKRKSPONDENCK

705 5154 58 29 The
802 5154 143 36 Secretary
978 5154 90 27 stated
1094 5154 34 29 he
1163 5155 52 28 had

670 5196 106 27 written
791 5199 27 24 to
832 5195 47 28 the
893 5194 73 29 Hon.
983 5193 43 28 Mr
1041 5194 122 29 Larnach
1186 5206 27 17 re

668 5236 46 27 the
729 5235 121 29 Orchard
863 5235 51 28 and
934 5234 109 29 Garden
1056 5234 76 29 Pests
1147 5236 62 34 Act,

668 5275 112 37 dealing
793 5275 63 26 with
881 5276 46 25 the
954 5274 125 37 question
1093 5275 29 26 of
1134 5275 65 28 send-

668 5315 48 36 ing
728 5315 119 27 infested
861 5314 66 27 fruit
941 5314 70 26 from
1037 5323 51 17 one
1110 5314 106 29 district

668 5359 28 23 to
708 5355 114 28 another
837 5354 94 28 within
958 5354 47 27 the
1030 5352 106 39 colony,
1162 5354 54 29 and

670 5395 26 26 in
711 5395 77 37 reply
802 5395 45 27 Mr
860 5394 124 28 Larnach
997 5394 89 27 stated
1101 5395 33 26 he
1163 5395 53 28 had

668 5434 120 38 brought
827 5435 45 28 the
914 5433 107 37 subject
1060 5434 87 28 under
1171 5435 47 28 the

667 5474 90 29 notice
771 5475 29 28 of
822 5475 46 28 the
882 5474 129 28 Minister
1035 5473 29 28 of
1089 5474 112 38 Agricul-

667 5519 69 24 ture.
771 5515 45 28 Mr
827 5514 123 29 Larnach
962 5512 112 29 assured
1086 5513 46 28 the
1143 5524 54 19 com-

667 5565 73 28 pany
760 5556 30 28 of
814 5556 42 27 his
881 5554 149 37 sympathy
1054 5554 67 27 with
1146 5555 72 27 their

666 5595 82 29 views
762 5606 34 18 on
808 5595 46 29 the
871 5594 116 39 subject,
999 5593 54 29 and
1064 5593 152 30 forwarded

666 5646 16 17 a
692 5635 82 30 letter
795 5636 33 28 he
852 5635 54 28 had
925 5633 124 30 received
1075 5633 70 30 from
1170 5634 47 30 the

668 5674 136 37 Minister,
817 5676 29 29 in
860 5675 88 30 which
962 5675 33 28 he
1007 5674 60 36 (tht,
1078 5674 137 34 Minister)

668 5715 88 30 stated
771 5717 61 28 that
845 5716 46 28 the
905 5714 178 29 amendment
1107 5714 109 29 desired

155 110 170 53 Friday,
358 111 232 42 November
607 108 56 45 19,
702 106 104 41 1897

1841 100 198 40 MOUHT
2124 98 226 40 BINGES
2437 98 142 40 MAIL

779 5785 125 28 (Continued
918 5791 26 16 on
958 5784 79 22 FoHrtb
1054 5783 67 28 Page.)

1652 195 151 55 gEEDS.

1274 324 99 60 WE
1389 323 47 27 will
1451 322 28 27 be
1493 320 97 36 pleased
1610 325 24 22 to
1648 319 93 28 submit
1756 330 48 17 sam-

1385 363 52 36 ples
1450 360 48 28 aud
1512 361 56 35 give
1582 360 144 36 quotations
1746 358 27 26 of
1789 358 31 27 all

1270 400 169 35 Agricultural
1460 399 75 27 Seeds
1550 407 35 17 we
1599 396 79 33 stock,
1700 396 29 26 of
1741 397 78 26 which

1268 440 40 26 the
1321 439 97 36 quality
1432 439 19 24 is
1467 437 39 25 the
1519 436 81 25 finest.

1303 524 166 43 Standard
1540 522 89 40 Bone
1666 520 149 41 Manure.

1299 596 60 28 This
1373 593 136 30 celebrated
1524 592 105 28 Manure
1644 590 43 28 has
1700 599 31 18 no
1745 589 70 38 equal

1267 636 33 23 for
1314 635 103 35 quality.
1457 633 21 24 It
1498 633 19 24 is
1540 630 51 26 rich
1613 631 24 24 in
1662 628 155 34 Phosphates

1265 671 47 26 and
1329 668 190 33 Ammonia,and
1531 668 20 25 is
1561 664 138 33 admirably
1710 664 105 33 adapted

1266 710 34 24 for
1314 715 50 19 root
1385 716 77 25 crop*,
1483 715 69 27 grass
1573 703 78 32 lands,
1667 702 47 26 and
1735 702 80 25 wheat

1263 755 79 28 crops.

1297 798 138 25 Caution.
1439 793 111 27 Other
1582 791 83 26 makes
1696 790 23 26 of
1748 789 67 26 Bone

1265 834 116 25 Manures
1395 842 39 16 are
1447 832 74 32 being
1531 829 90 27 offered
1637 835 23 19 to
1676 827 101 25 farmers
1789 835 25 16 as

1263 875 40 22 the
1490 867 83 27 brand.
1615 866 80 26 When
1709 864 104 35 buying,

1262 910 69 26 insist
1347 918 29 16 on
1392 918 12 15 a
1427 913 137 26 guarantee
1590 904 74 34 being
1690 903 82 33 given,
1787 912 25 18 as

1263 949 102 23 without
1380 946 47 24 thii
1444 944 76 25 brand
1539 953 63 16 none
1617 944 19 24 is
1650 943 116 33 genuine.

1438 1023 22 28 L
1476 1021 162 30 AWE'S

1260 1072 356 33 SUPri.PtPHOSPHA.Tti
1637 1071 46 30 OF
1705 1071 106 29 LIME.

1446 1134 182 30 CROSS'

1259 1186 355 34 SUPERPHOSPHATE
1636 1186 45 30 OF
1704 1185 107 30 LIME.

1296 1242 63 24 Both
1371 1238 16 33 11
1390 1238 4 33 j
1400 1251 37 14 hsh
1452 1240 118 25 Manures
1580 1249 40 16 are
1631 1239 27 25 of
1665 1238 60 33 high
1737 1247 29 19 irr
1775 1238 37 25 -de

1258 1278 154 37 quality,and
1424 1287 40 17 are
1476 1277 52 26 well
1540 1275 80 28 suited
1634 1276 35 26 for
1679 1284 120 27 encourag-

1258 1327 42 25 ing
1314 1318 38 25 thn
1367 1316 97 33 growth
1479 1316 24 25 of
1516 1315 31 26 all
1563 1321 54 20 root
1630 1324 79 25 crops.

1321 1374 153 28 CFPkicks
1493 1380 33 18 on
1549 1374 200 24 Application.

1426 1442 149 30 PLANET
1601 1443 38 29 Jr

1333 1496 108 28 FARM
1476 1494 261 30 IMPLEMENTS.

1397 1557 27 15 or
1446 1547 45 25 call
1512 1546 35 26 for
1561 1546 43 26 full
1620 1546 146 34 particulars
1789 1545 28 26 of

1262 1586 65 25 these
1351 1585 111 26 valuable
1488 1584 165 34 implements,
1671 1583 79 26 which
1771 1592 39 17 are

1260 1625 23 24 in
1297 1633 40 16 use
1350 1623 29 25 bv
1393 1623 40 24 the
1446 1621 165 26 thousandsin
1622 1620 59 26 New
1691 1619 117 27 Zealand.

1327 1699 116 30 FRUIT
1464 1698 129 35 TREES,
1613 1697 130 36 ROSES,

1242 1745 2 47 |
1260 1751 264 30 STRAWBERRY
1557 1750 157 35 PLANTS,
1747 1748 61 38 &c.,

1406 1802 37 28 Of
1462 1802 66 28 Best
1549 1800 120 37 Quality.

1258 1884 281 55 NIMMOI
1566 1883 240 65 BLAIR,

1352 1959 95 29 SEED
1472 1957 244 29 MERCHANTS.

1460 2004 147 28 Dunkdin.

1242 2065 1 68 |
1259 2080 206 53 yiCTORIA
1484 2078 143 29 LIVERY
1642 2077 167 29 STABLES

1343 2146 71 22 PEEL
1427 2146 111 25 STREET,
1555 2144 166 22 LAWRENCE.

1256 2216 34 42 T,
1319 2216 121 51 Dwyer
1486 2226 6 29 :
1540 2225 7 30 :
1603 2212 204 52 Proprietor.

1292 2303 58 28 The
1363 2313 66 26 very
1443 2303 61 27 best
1518 2301 129 37 Stabling
1665 2300 141 38 provided,

1255 2343 65 29 with
1333 2354 16 17 a
1363 2341 101 30 Groom
1477 2341 101 38 always
1592 2341 28 28 in
1634 2340 172 29 attendance.

1256 2437 23 28 A
1303 2435 159 30 Handsome
1488 2434 54 29 and
1570 2432 235 40 Well-appointed

1349 2493 154 35 Hearse
1528 2502 52 26 on
1609 2491 102 35 Hire.

1289 2585 157 30 First-class
1479 2584 95 38 Single
1608 2583 54 29 and
1697 2583 108 28 Doable

1253 2627 137 38 Baggies;
1412 2627 65 33 also,
1495 2624 107 30 Ladies'
1617 2624 54 29 arid
1692 2623 96 30 Gentle-

1251 2669 86 27 men's
1352 2668 101 27 Saddle
1468 2667 113 28 Horses.

1263 2772 13 22 r
1314 2773 21 22 o
1352 2772 18 20 o
1393 2771 19 23 ic

1603 2769 171 23 THIS!

1316 2849 74 23 Bi!
1401 2848 14 22 S
1433 2853 36 19 tor
1484 2851 39 21 t!ie
1542 2848 79 26 Great,

1343 2892 70 24 B.mj's
1434 2895 35 21 for
1491 2893 40 23 the
1547 2893 89 28 Small;

1313 2935 69 23 Bool*
1399 2935 35 23 for
1455 2935 39 22 the
1512 2935 79 28 Short,

1343 2980 71 21 Boots
1432 2980 35 22 for
1485 2980 39 22 the
1544 2980 52 22 Tall
1613 2987 5 21 ;

1314 3025 24 20 hi
1349 3031 34 16 ot
1398 3023 35 23 for
1453 3025 40 23 :Ke
1512 3022 95 33 Young,

1342 3063 72 23 B>iu
1432 3070 35 16 tor
1484 3063 38 23 the
1542 3062 47 26 Did
1601 3070 5 21 ;

1366 3126 29 23 nd
1416 3125 100 24 B'JOTvS
1533 3125 45 24 and
1599 3126 36 22 Sll
1641 3125 60 25 OK3

1462 3183 36 21 for
1515 3181 29 23 all
1568 3190 14 15 a

1351 3244 41 36 H.
1444 3243 258 45 Baillie's,

1260 3322 69 27 Oj'po
1343 3319 31 30 i'e
1391 3319 159 23 Commercial
1571 3320 81 28 Hotel,
1672 3319 131 30 Roxburgh

1283 3433 130 25 ifcirConie
1431 3434 45 23 and
1496 3439 90 21 inspect
1599 3434 40 23 the
1655 3434 80 24 Stock.

1252 3543 31 53 J
1365 3543 47 37 H.
1477 3543 325 42 PEARSON,

1352 3608 66 21 ROSS
1433 3608 95 26 PLACE,
1544 3608 166 26 LAWRENCE,

1294 3652 263 37 CONTRACTOR,
1579 3653 180 35 BUILDER,

1501 3704 52 18 AND

1387 3733 275 30 UNDERTAKER.

1248 3810 145 27 Contracts
1408 3808 82 27 taken
1502 3808 43 28 for
1559 3808 136 28 Builders'
1716 3808 83 28 Work

1367 3848 28 28 of
1408 3857 82 29 every
1504 3848 177 39 description.

1309 3919 198 21 ESTIMATES
1538 3921 194 20 PREPARED.

1284 3981 24 27 A
1323 3979 194 29 well-assorted
1544 3980 85 28 Stock
1651 3980 28 28 of
1702 3978 81 29 Furni-

1247 4025 60 23 ture
1321 4020 99 36 always
1434 4030 35 16 on
1484 4019 81 28 hand.

1284 4059 131 29 Funerals
1427 4059 155 28 conducted
1595 4060 27 26 in
1634 4060 35 27 all
1683 4065 75 32 parts
1773 4059 29 28 of

1247 4100 46 28 the
1323 4100 120 28 District.
1485 4099 104 29 Hearse
1617 4099 133 39 provided
1780 4100 21 28 if

1247 4140 136 39 required.

1253 4213 192 56 COBB
1517 4216 51 53 &
1633 4215 166 59 CO.'S

1362 4294 169 20 TELEGRAPH
1558 4295 68 19 LINE
1653 4294 35 20 OF

1299 4333 126 28 ROYAL
1452 4333 92 29 MAIL
1566 4333 185 30 COACHES.

1451 4386 148 29 Lawrence

1289 4429 150 26 Beaumont
1564 4427 64 28 Moa
1643 4427 61 28 Flat

1285 4468 97 27 Teviot
1563 4468 157 28 Alexandra

1284 4507 86 39 Clyde
1566 4508 143 30 Cromwell

1284 4549 173 28 Arrowtowii
1566 4549 182 36 Queenstown

1500 4591 63 28 And

1321 4638 55 27 Alll
1397 4637 198 29 Intermediate
1622 4637 103 29 Places.

1284 4718 77 28 Cobb
1375 4718 54 28 and
1453 4718 74 29 Co.'s
1550 4718 155 38 Telegraph
1731 4718 68 29 Line

1246 4758 27 29 of
1288 4758 83 38 Royal
1386 4758 30 28 M
1425 4758 26 28 til
1477 4758 120 29 Coaches
1621 4760 76 27 leave
1721 4758 59 28 Law-

1246 4809 77 18 rence
1343 4798 44 29 for
1410 4800 45 26 the
1476 4799 153 28 Baaumout
1650 4798 54 28 and
1726 4799 55 27 Rox-

1245 4840 90 36 burgh
1353 4849 81 28 every
1458 4840 69 36 day;
1547 4840 55 28 and
1624 4840 76 27 leave
1725 4842 55 25 Rox-

1245 4880 89 38 burgh
1368 4880 42 28 for
1443 4880 166 36 Alexandra,
1644 4880 154 35 Cromwell,

1248 4926 177 28 Arrowtown,
1439 4920 54 29 and
1516 4920 182 36 Queenstown
1716 4930 81 26 every

1243 4960 135 36 Tuesday,
1404 4960 145 34 Thursday
1571 4960 55 26 and
1651 4958 147 36 Saturday,

1244 4999 131 37 reaching
1384 4998 184 35 Queenstown
1578 4998 47 28 the
1634 5008 74 18 same
1717 5007 65 19 even-

1245 5039 56 36 ing.
1345 5042 164 33 Passengers
1524 5038 75 28 leave
1617 5037 130 28 Dunediti
1763 5038 36 36 by

1246 5078 45 28 the
1305 5078 63 28 8.15
1382 5088 62 18 a.m.
1470 5078 89 35 train;
1581 5078 76 28 leave
1678 5077 103 36 Queens-

1246 5122 70 24 town
1331 5128 35 18 on
1380 5128 74 18 same
1469 5118 67 37 days
1549 5122 28 24 at
1592 5119 16 27 5
1618 5128 73 25 a.m.,
1706 5118 78 28 reach-

1245 5159 48 37 ing
1307 5158 155 38 Roxburgh
1481 5165 28 22 at
1523 5159 15 28 8
1555 5168 76 28 p.m.,
1645 5158 55 28 and
1714 5158 71 28 arriv-

1245 5198 49 38 ing
1314 5207 27 20 at
1363 5198 148 30 Lawrence
1533 5204 29 24 at
1592 5200 61 28 1.45
1676 5208 65 29 p.m.
1765 5208 34 20 on

1246 5240 142 35 following
1403 5240 77 35 days.

1285 5279 128 27 Dunedin
1434 5280 129 36 Booking
1580 5279 84 28 Office
1678 5279 43 27 for
1736 5279 49 27 Pas-

1246 5329 112 27 sengers
1373 5319 54 27 and
1443 5319 107 28 Parcels
1563 5331 5 16 :
1597 5319 68 28 N.Z.
1681 5319 121 37 Express

1248 5358 73 29 Co.'s
1337 5358 92 32 Office,
1445 5363 202 31 Manse-street,
1664 5358 137 30 Dunedin.

1284 5399 80 28 Head
1390 5399 100 29 Office:
1525 5400 174 34 Peel-street,
1724 5399 59 27 Law-

1248 5448 89 20 rence.

1382 5478 37 29 H.
1442 5478 117 30 CRAIG
1579 5485 24 22 &
1625 5478 67 36 CO.,

1586 5525 180 38 Proprietors.

1543 5596 76 28 write
1645 5599 29 25 to
1698 5606 44 20 me
1761 5596 44 30 for

1342 5636 127 30 valuable
1479 5636 58 28 free
1547 5636 78 29 Book
1636 5636 169 39 concerning

1250 5676 167 39 yourselves.
1472 5676 141 30 Professor
1651 5676 154 37 Hermann,

1252 5716 156 39 Specialist)
1434 5716 36 29 40
1504 5716 205 39 Collins-place,
1733 5716 72 29 Mel-

1857 205 164 30 THEVIOT
2079 200 318 34 DISPENSARY.

1867 280 86 29 Blood
1967 280 116 28 Purifier
2098 276 116 38 (Spring
2226 275 162 36 Medicines)

1852 320 39 21 For
1900 320 96 26 Pimples,
2007 319 103 26 Blotches,
2128 316 63 27 Boils,
2211 316 83 21 &c.la
2309 315 88 26 packets.

1926 360 87 29 Blood
2026 359 55 29 and
2099 357 85 30 Tonic
2197 356 131 36 Mixture,

2043 401 21 20 2s
2078 400 26 20 6d
2117 405 11 14 a
2142 397 72 22 bottle.

1926 439 155 38 Antiseptic
2101 437 89 29 Tooth
2204 436 123 35 Powder,

1850 478 130 27 Thoroughly
1993 479 88 20 cleanses
2092 478 35 21 the
2138 477 56 20 teeth
2203 476 40 21 and
2253 478 98 19 sweetens
2361 475 36 22 the

1958 506 123 21 breath6<l
2091 506 39 21 and
2141 506 20 19 Is
2171 504 119 26 quantities.

1851 544 71 28 Cura
1936 544 93 36 Clava,
2043 556 16 16 a
2072 555 62 17 sure
2154 543 71 29 Cure
2245 543 43 28 for
2301 543 95 29 Corns.

2068 585 20 20 Is
2102 583 84 22 bottles.

1873 612 69 24 Fancy
1952 611 75 27 Goods,
2038 612 87 21 suitable
2135 612 32 21 for
2174 612 92 21 presents
2273 611 40 21 and
2319 612 78 20 artistic

1847 638 126 20 decorations
1982 646 5 17 ;
2001 640 125 24 Stationery,
2135 639 73 24 Bonks,
2218 638 60 25 Toys,
2285 639 97 24 Crockery-

1848 671 59 19 ware,
1921 665 112 25 Perfumes,
2045 666 90 25 Nursery
2146 665 40 20 and
2195 664 67 20 Toilet
2271 666 122 25 Requisites,

1847 692 90 24 Trusses,
1948 692 89 26 Feeding
2055 693 84 25 Bottles,
2149 692 73 25 Tooth,
2234 691 47 21 Nail
2291 692 40 21 and
2343 692 51 21 Hair

1849 719 93 25 Brushes,
1964 719 63 20 Horse
2052 720 115 23 Medicines,
2193 718 75 21 Euenu
2290 720 102 25 Syringes,

1847 746 73 21 Patent
1939 746 115 23 Medicines,
2075 748 84 20 Rubl)-:r
2171 745 93 23 Solution
2283 746 33 21 for
2332 747 61 27 Tyres

1845 774 38 21 and
1925 774 54 21 Gam
2019 775 61 20 Boots
2089 783 5 17 ;
2109 776 64 20 Music
2182 777 21 18 at
2214 774 96 21 Duiedin
2321 776 70 25 prices.

1873 802 71 20 Wants
1953 802 97 21 attended
2061 806 20 17 to
2092 802 137 26 Suudaysand
2237 802 53 21 after
2300 803 90 21 business

1845 828 69 22 hours.

1968 857 31 28 F.
2041 856 232 38 JEFFERY,

1844 902 131 27 CHEMIST,
1991 903 89 21 BOOKS
2085 903 49 22 ELL
2139 903 40 26 RR,
2193 903 201 23 TOBACCONIST.

1914 931 160 20 STATIONER
2088 932 16 19 &
2120 930 80 21 NEWS
2219 931 102 22 AGENT.

1942 983 38 28 O
1991 982 122 29 ECORD
2156 982 40 42 j)
2207 981 97 30 KIGN.

1987 1024 126 28 ECOKD
2154 1011 46 25 Xi
2202 1023 102 29 EIGN.

1940 1104 99 29 enable
2064 1104 47 29 the
2139 1104 93 39 public
2256 1106 29 26 to
2311 1103 83 28 Dress

1928 1145 116 29 suitable
2055 1148 27 25 to
2093 1145 48 28 the
2152 1144 133 34 occasion,
2299 1143 14 28 I
2327 1144 67 27 have

1954 1197 183 30 REDUCED
2159 1195 132 31 PRICES

1843 1238 30 28 of
1886 1249 44 26 my
1944 1238 77 35 large
2039 1238 54 27 and
2107 1237 93 28 varied
2215 1237 94 34 btock,
2323 1238 52 25 viz.
2388 1247 5 16 :

1918 1289 85 37 Suits,
2016 1290 38 29 3
2072 1290 30 28 3s
2114 1301 7 24 ;
2144 1288 139 36 Trousers,
2302 1288 55 29 15s.

1917 1331 117 38 Factory
2049 1348 10 5 -
2074 1331 80 27 made
2196 1330 84 35 Suits,
2322 1330 50 27 2is
2386 1340 7 23 ;

1997 1378 8 20 i
2014 1381 116 24 rousers,
2144 1371 31 27 6s
2189 1370 45 27 6d.

1868 1423 72 35 Ties,
1955 1422 81 39 Caps,
2051 1423 109 31 Braces,
2177 1421 59 34 &c.,
2250 1420 34 29 6d
2300 1419 74 29 each.

1843 1464 77 28 Hard
1935 1465 54 27 and
2005 1464 62 28 Soft
2081 1463 61 28 Felt
2166 1467 75 25 iJats*.
2270 1463 27 25 is
2318 1460 74 28 each.

1862 1543 124 21 REDUCI*
2000 1543 43 20 VNS
2059 1543 31 19 IN
2106 1542 54 20 ALL
2172 1541 96 21 OTHER
2281 1540 88 24 LINJES.

1938 1607 39 42 E.
2211 1590 108 65 RhV

1840 1665 106 21 TAILOR
1970 1666 16 20 &
2008 1663 197 24 GENTLEMEN'S
2229 1663 162 22 OUTFITTER.

1897 1705 259 33 Scotland-street,
2177 1703 161 28 Roxburgh.

1842 1804 54 32 \f
1918 1805 24 27 R
2002 1800 389 36 FINLAYSON,

1923 1854 160 22 BARRISTER
2097 1853 61 21 AND
2172 1852 155 25 SOLICITOR,

2035 1899 165 34 Lawrence,

1840 1967 67 30 Will
1933 1966 96 29 attend
2055 1966 47 29 the
2121 1964 152 38 Roxburgh
2297 1963 93 30 Court.

1841 2125 99 39 Money
1951 2127 27 25 to
1987 2123 78 29 Lena
2074 2134 35 18 on
2120 2121 134 29 Freehold
2266 2122 124 38 Security

1926 2270 184 30 ILLIAM
2221 2267 168 35 ALONE,

1923 2423 171 38 General
2130 2421 170 44 Grocer,

1860 2570 120 30 SCOT
1994 2571 20 28 L
2027 2571 23 28 A
2066 2571 19 27 N
2101 2570 23 27 D
2136 2587 10 5 -
2158 2569 18 29 S
2188 2568 21 29 T
2223 2569 22 27 R
2257 2568 23 28 E
2294 2568 19 27 E
2327 2567 31 35 T,

1999 2717 222 30 ROXBURGH.

1907 2827 141 38 UGK
2123 2827 32 36 B
2174 2824 187 39 RUGS

1925 2895 196 29 BOARDING
2156 2894 135 34 KOIJSK,
2396 2889 1 40 |

1861 2945 58 29 IVII
1924 2945 22 29 IT
1951 2955 50 18 KHA
2005 2954 30 20 VJS
2041 2954 27 19 tf-
2071 2955 28 18 ST
2103 2957 13 16 ti
2121 2955 13 18 K
2139 2955 37 18 KT.
2203 2945 7 27 f
2215 2954 48 18 jA'.V
2270 2954 13 18 ft
2288 2952 65 20 KNOB
2396 2945 1 29 i

1897 2992 142 37 (Opposite
2058 2992 113 37 KnglisU
2186 2992 129 34 Cinwc-u.)

1845 3083 78 20 FIRST
1942 3083 84 20 CLASS
2051 3083 56 20 ACC'<
2116 3083 91 19 MMOI)
2217 3081 45 22 \'!'J
2280 3081 14 19 N
2318 3081 54 20 FOIL

1918 3110 37 19 TH
1962 3111 13 18 l*j
1991 3110 182 20 TRAVI'.LI.tNG
2191 3109 108 20 r'UBLU".

1880 3193 75 29 Good
1979 3193 131 35 >Stal)lillg
2135 3192 51 27 Hsjsi
2212 3191 54 28 I'iJii
2279 3191 58 28 luck

1982 3232 254 28 Accommodation.

1958 3314 126 27 CuAINiKS
2106 3313 149 26 AioDKKATE
2336 3318 5 6 '

1845 3477 47 56 M
1897 3476 83 30 ILLE

1970 3477 61 30 SllS
2097 3476 96 29 FLAT
2249 3474 136 35 HOTEL,

1997 3629 119 21 MILLERS
2142 3628 79 22 FLAT.

1869 3895 30 29 P.
1922 3895 107 28 LAI-tey

2180 3893 165 38 Proprietor.

1840 4050 247 29 UISSOLHLION
2116 4050 40 28 Ob
2157 4049 5 11 1
2193 4048 189 29 PARTNER-
2395 4048 2 35 j

2060 4103 100 30 SHIP.

2395 4133 2 14 t

2156 4159 5 2 -

1840 4187 155 39 JOHNS
2048 4187 33 37 &
2128 4163 269 68 M'COMBE,!

1970 4244 89 28 MILL
2065 4244 62 27 BUS
2148 4244 63 27 FLA
2224 4244 20 28 I'.

1927 4373 27 26 of
1980 4373 46 27 the
2053 4373 58 26 tirin
2142 4379 29 20 or
2203 4371 90 28 Joii.vs
2325 4379 54 19 and
2395 4371 1 38 j

1840 4412 139 36 M'Combk,
1993 4413 22 27 it
2029 4413 54 27 will
2107 4413 32 27 be
2163 4412 82 27 takfn
2267 4421 64 19 over
2349 4422 30 16 a.s
2394 4412 3 36 |

1840 4453 61 28 From
1916 4453 46 28 the
1980 4453 62 28 15th
2056 4453 64 33 inst,
2137 4452 53 28 and
2216 4452 52 27 will
2282 4452 97 28 hence-
2395 4449 2 48 j

1840 4493 108 29 Forward
1976 4493 32 29 be
2034 4492 105 29 carried
2159 4503 33 17 on
2222 4492 86 29 under
2333 4493 46 27 the
2395 4488 2 42 j

1840 4544 70 18 name
1924 4533 29 28 of
1972 4536 17 13 >c
2001 4535 30 27 E.

1867 4574 47 29 All
1947 4579 129 24 accounts
2115 4573 92 35 owing
2238 4577 73 25 must
2346 4572 33 29 be
2396 4565 1 43 i

1840 4615 90 28 settled
1950 4619 28 22 at
1998 4625 76 17 once.

1981 4671 31 29 E.
2052 4669 184 36 JOHNS,

1842 4719 116 22 GROCER
1972 4720 61 20 AND
2051 4719 135 21 GENERAL
2202 4717 163 22 MERCHANT.

2029 4783 155 22 AGENCIES:

1840 4823 165 29 Manchester
2018 4822 63 29 Fire
2095 4822 148 28 Insurance
2259 4820 66 30 Co.<

1840 4864 146 28 Australian
1997 4862 107 28 Mutual
2113 4861 148 28 Provident
2271 4860 108 37 Society

1840 4958 120 56 WM.
1989 4956 132 55 KIN
2126 4956 251 69 ASTON,

1892 5031 241 47 Hermitage
2170 5031 143 43 Street,

2003 5090 222 36 Roxburgh,

1840 5153 226 36 Carpenter,
2096 5153 172 29 builder
2291 5176 92 8 ....

1840 5204 1 38 ,
1859 5229 7 7 .
1889 5229 6 6 .
1918 5229 6 7 .
1946 5204 165 30 PICTURE
2138 5204 168 38 FRAMUR,
2329 5215 54 20 and

1975 5257 266 40 Undertaker,

2055 5322 4 24 .
2320 5322 4 24 .
2395 5322 1 24 '

1840 5341 100 28 Picture
1955 5338 170 38 Mouldings,
2139 5338 118 33 Glasses,
2278 5339 104 38 Paints,

1898 5380 54 28 and
1979 5379 227 38 Paperhangings
2231 5381 29 27 of
2280 5381 36 28 all

1942 5418 182 38 descriptions
2137 5419 28 28 in
2184 5420 88 29 stock.

1840 5471 94 30 Orders
1947 5470 86 29 taken
2055 5470 44 28 for
2119 5471 99 37 supply
2231 5471 30 29 of
2273 5471 111 30 Timber
2395 5470 1 45 j

1974 5511 28 28 in
2017 5520 54 28 auy
2084 5511 157 37 quantities*

1840 5593 79 32 W.K.
1933 5593 104 38 having
2057 5594 113 29 secured
2190 5605 17 18 a
2228 5595 156 29 First-class

1991 5656 235 50 HEARSE,

1840 5722 17 29 is
1870 5719 135 42 prepared
2016 5722 30 26 to
2065 5719 119 30 conduct
2205 5720 134 31 Funerals
2356 5722 28 29 in

1934 5759 37 31 all
1984 5761 76 39 parts
2071 5758 31 31 of
2114 5759 47 31 tke
2174 5759 118 34 district.

2548 205 323 59 POPPIES
2914 205 272 87 IN_THE
3224 203 210 61 CORN.

2446 308 82 31 ALL
2542 309 43 29 for
2597 319 53 28 you
2712 308 81 30 Some
2812 309 29 30 of
2853 310 46 29 the
2921 311 129 28 Prettiest
3064 309 139 29 Materials
3217 308 43 29 for
3273 307 114 29 Blouses
3400 305 28 29 in
3443 303 101 36 Twills,

2519 350 126 37 Muslins,
2659 350 53 29 and
2761 350 186 31 Dottlewattie
2992 351 126 30 Delaines
3133 348 147 40 (Coloured
3295 348 130 33 Flowers,
3447 344 97 32 Cream

2430 392 58 30 Silk
2504 392 104 38 Stripes
2621 393 8 35 )
2670 391 76 38 They
2759 393 63 37 give
2835 403 16 18 a
2900 393 47 38 flip
3034 392 173 37 matrimony.
3247 389 88 30 Write
3349 389 43 29 for
3404 387 139 29 Patterns.

2501 433 57 28 The
2580 443 59 18 new
2662 433 112 28 Tucked
2796 433 84 28 Lawn
2900 435 43 27 for
2966 435 118 36 Aprons,
3109 429 155 32 Children's
3291 431 124 33 Dresses,
3440 427 104 29 &c.a

2427 474 121 29 brilliant
2566 473 70 29 idea.

2499 516 57 28 The
2569 525 65 26 very
2648 514 111 29 Newest
2772 515 117 29 Notions
2902 515 27 28 in
2945 514 107 29 Ladies'
3064 514 55 29 and
3133 512 98 30 Maids'
3253 512 89 29 Straw
3362 510 81 36 Hats,
3469 508 60 30 Chil-

2426 555 90 29 dren's
2532 556 57 27 Sun
2603 555 70 28 Hats
2687 555 54 28 and
2754 555 58 28 Sun
2827 556 143 27 Bonnetts.
3009 555 57 27 The
3081 554 139 29 Cleverest
3234 553 103 28 Effects
3358 552 28 27 in
3408 551 135 32 Ribbons,

2427 595 92 36 Laces,
2722 595 139 30 wotlixum
2913 595 44 29 all.

2498 637 57 26 The
2579 636 183 28 Advertiser's
2784 637 155 27 endeavour
2958 636 23 27 is
3003 639 28 24 to
3050 636 113 27 deserve
3177 634 35 27 all
3226 634 34 27 he
3274 632 155 38 getsand
3448 635 28 24 to
3496 634 48 34 get

2425 675 22 28 it
2460 679 54 25 too.

2498 716 125 28 Galtteas
2636 716 54 27 and
2704 715 84 29 Drills
2801 716 43 28 for
2864 716 81 36 Boys'
2960 714 127 29 Summer
3101 714 74 28 Suits
3179 723 110 18 -same
3313 711 105 40 quality
3438 721 29 18 as
3490 710 53 29 last

2424 757 139 37 year2d
2579 768 14 18 a
2606 756 67 39 yard
2684 757 52 28 less
2747 757 65 28 than
2828 756 74 29 usual
2918 755 81 39 price.

2579 809 50 22 (MY
2643 809 195 21 ADVERTISING
2851 808 86 21 SPACE
2953 807 82 21 WONT
3049 807 51 21 LET
3116 807 38 20 ME
3167 806 71 21 TELL
3251 805 60 21 YOU
3325 803 72 26 ALL.)

2498 848 90 38 Every
2611 847 91 30 Parcel
2725 847 220 29 DELIVERED
2966 846 106 28 FREE.

2695 929 104 29 SAME
2817 929 129 28 NAME!
3023 929 104 29 SAME
3147 927 128 30 GAME!

2707 1001 23 31 %

2844 1002 221 61 DIM
3070 999 243 69 ANT.

2569 1106 100 28 CASH
2690 1104 162 35 DRAPER,
2874 1103 201 35 CLOLTIIKR,
3121 1103 54 28 ND
3196 1102 206 30 IMPORTER.

2802 1155 69 28 Rosa
2893 1155 95 35 Place,
3009 1155 162 28 Lawrence.

2935 1339 141 28 TAILOR
3105 1338 82 29 AND
3215 1338 162 29 HATTER.

2810 1421 40 21 AM
2864 1418 156 26 acknowledged
3036 1420 21 18 to
3071 1416 24 21 be
3109 1416 72 22 second
3196 1419 21 18 to
3231 1423 51 14 Done
3296 1416 32 21 for

2807 1480 137 32 STYLE!

2952 1519 190 37 QUALITY!

3120 1557 312 31 WORKMANSHIP!

2939 1680 156 23 RESIDENTS
3120 1680 36 20 OF
3182 1677 185 22 ROXBURGH-

2765 1710 80 26 Kindly
2855 1710 111 20 remen.ber
2980 1709 47 20 that
3036 1708 64 25 owing
3114 1710 21 17 to
3145 1713 34 20 my
3188 1707 97 20 immense
3294 1706 130 25 assortment,
3435 1704 35 22 the
3479 1704 60 21 Show

2815 1738 19 21 iu
2845 1738 35 20 the
2890 1737 105 20 Windows
3005 1736 15 21 is
3031 1736 47 25 only
3088 1742 11 13 a
3109 1741 47 19 very
3166 1734 58 21 small
3234 1736 46 24 part
3285 1732 22 21 of
3317 1739 32 20 my
3361 1732 127 21 Exhibition.

2815 1807 110 25 Intending
2935 1807 116 21 Customers
3062 1805 39 20 will
3112 1805 41 20 find
3161 1804 45 21 that
3216 1804 10 21 I
3236 1804 51 20 have
3298 1802 59 21 mad*
3365 1802 35 21 the
3405 1801 65 22 inside
3476 1800 22 22 of
3504 1808 34 20 my

2764 1834 159 22 Establishment
2941 1833 105 26 especially
3066 1832 116 25 at'racive,
3198 1831 40 20 and
3256 1830 102 21 earnestly
3374 1830 63 19 invite
3455 1835 40 19 you
3516 1832 21 17 to

2764 1865 82 17 saunter
2861 1861 88 25 through
2966 1861 35 19 the
3020 1860 80 19 various
3117 1859 145 26 Dupartmeuts
3277 1857 40 20 and
3332 1856 82 26 Inspet
3423 1856 36 21 the
3469 1856 70 20 Latest

2764 1889 105 20 Fashions.

2799 1955 183 30 OPPOSITE
3005 1954 107 29 BANK
3135 1953 47 28 OF
3203 1952 89 29 NEW
3311 1950 190 37 ZEALAND,

3085 1994 160 28 Lawrenck.

2463 2106 391 86 WOOL.

3102 2100 388 89 WOOL.

2711 2229 276 59 SEASON
3036 2227 221 56 1897-98.

2478 2389 149 29 ALGETY
2648 2389 23 28 &
2693 2386 196 36 COMPANY,
2909 2385 174 34 LIMITED,
3105 2385 55 38 beg
3180 2387 30 26 to
3226 2393 142 20 announce
3386 2383 62 29 that
3466 2382 71 30 their

2513 2431 102 36 Stores,
2630 2429 87 30 which
2732 2439 45 19 are
2790 2431 128 36 amongst
2931 2427 47 28 the
2991 2426 116 40 Largest
3120 2426 27 28 in
3163 2425 45 28 the
3222 2423 113 40 Colony,
3349 2423 54 29 and

2560 2481 211 30 SPECIALLY
2791 2479 196 30 DBSIGNED
3007 2479 74 28 FOR
3100 2478 77 27 THE
3197 2476 203 29 EFFICIENT

2785 2518 167 30 DISPLAY
2977 2518 47 29 OF
3050 2517 120 35 WOOL,

2416 2575 44 18 are
2476 2574 59 18 now
2548 2563 83 36 ready
2644 2563 43 27 for
2699 2561 47 28 the
2760 2559 137 38 reception
2911 2559 29 28 of
2954 2559 52 28 Lhis
3022 2558 125 29 Season's
3164 2557 69 37 Clip.

2492 2601 209 32 DALGKI'Y'S
2723 2600 142 30 STORES
2885 2610 46 18 are
2952 2599 119 37 Lighted
3093 2598 70 29 after
3176 2598 46 28 the
3243 2599 72 27 most
3329 2595 111 30 modern
3454 2596 78 35 style,

2416 2646 51 28 and
2483 2646 62 33 this,
2560 2645 129 38 together
2701 2643 67 28 with
2782 2642 45 29 the
2842 2643 130 26 immense
2986 2640 67 29 floor
3073 2650 80 28 space
3175 2638 142 36 available,
3337 2647 111 20 ensures
3474 2637 60 29 that

2415 2697 80 18 every
2511 2686 69 37 Clip,
2602 2686 124 27 however
2740 2684 75 35 large
2828 2693 31 17 or
2870 2682 88 33 small,
2972 2692 50 17 can
3036 2682 33 27 be
3083 2681 94 28 shown
3192 2685 27 22 to
3234 2680 46 27 the
3294 2680 61 27 best
3368 2679 162 36 advantage.

2489 2726 56 28 The
2559 2726 204 37 Arrangement
2776 2723 54 28 and
2843 2721 148 30 Valuation
3005 2721 28 29 of
3046 2721 46 29 the
3106 2720 81 29 Wool
3199 2720 43 29 for
3254 2719 62 28 Sale
3329 2718 55 29 will
3398 2718 33 29 be
3443 2718 28 28 in
3485 2719 47 28 the

2415 2768 86 27 hands
2516 2767 28 28 of
2563 2778 33 16 an
2620 2773 96 30 export,
2739 2764 26 27 in
2789 2765 45 26 the
2858 2763 86 28 tcade.
2986 2763 102 28 Clients
3108 2772 62 26 may
3193 2760 137 32 therefore
3350 2758 57 38 rely
3427 2759 60 28 that
3497 2759 35 28 all

2415 2808 58 26 that
2487 2807 159 37 experience
2661 2805 53 27 and
2730 2815 60 16 care
2805 2813 50 18 can
2869 2803 34 27 do
2918 2803 52 27 will
2986 2803 32 27 be
3032 2802 70 29 done
3125 2807 28 22 to
3167 2796 102 33 secure'
3281 2800 46 27 the
3341 2800 60 27 best
3414 2799 119 37 possible

2415 2854 91 23 return
2523 2848 41 27 for
2577 2847 70 28 their
2660 2845 215 38 consignments.

2418 2928 173 38 Woolpaoks,
2615 2926 131 38 Seaming
2770 2925 103 35 Twine,
2895 2924 52 29 and
2961 2924 35 28 all
3020 2922 132 39 Farming
3172 2921 156 39 Requisites
3354 2920 126 38 supplied
3505 2924 29 25 at

2488 2971 8 26 j
2503 2976 92 21 m.iwest
2609 2967 118 29 Current
2742 2966 100 28 Prices.
2895 2965 145 28 Advances
3054 2963 77 29 made
3144 2973 35 19 on
3196 2962 88 35 Wool,
3300 2961 85 30 Stock
3405 2961 54 29 and

2598 3007 109 28 Station
2731 3005 155 39 Properties
2902 3010 28 22 at
2952 3005 108 27 Lowest
3081 3003 118 29 Current
3219 3002 84 29 Rates
3323 3001 29 29 of

2910 3045 130 29 Interest.

2572 3089 104 28 Advice
2690 3088 86 28 Notes
2789 3087 55 28 and
2857 3087 100 27 Labels
2970 3084 153 30 forwarded
3137 3095 35 18 on
3192 3083 184 39 Application.

2679 3160 190 37 ggfAddress
2888 3170 68 28 your
2977 3158 215 40 Consignments
3214 3161 27 26 to

2449 3247 94 71 hi
2568 3241 201 77 flr.Tf
2815 3239 152 79 ISO

2476 3323 7 7 -
2494 3318 18 13 v
2523 3304 37 29 LJ
2571 3304 45 28 mi
2686 3304 19 26 i
2737 3304 21 27 i

2818 3367 312 31 DUNEDIN.

2415 3414 136 34 Dunodin,
2566 3412 120 37 Optobor
2700 3411 57 35 sth,
2773 3411 79 27 1897.

2678 3887 36 28 IS
2741 3884 214 30 ANNUALLY
2983 3884 101 30 USED
3111 3879 104 32 UPON
3243 3878 24 29 A

2415 3942 44 64 Q
2469 3938 294 58 UARTER
2777 3953 38 24 oF
2826 3954 59 22 THE
2899 3934 237 58 SHEEP
3153 3949 31 23 IN
3198 3948 57 22 THB
3281 3926 100 56 W0
3391 3924 137 56 RLD

2448 4057 59 29 ITS
2529 4055 233 30 BENEFICIAL
2784 4053 167 30 EFFECTS
2970 4051 80 29 AND
3069 4050 166 29 LASTING-
3258 4038 232 37 PiIOPEIiTIriS

2810 4105 128 30 ALONE
2966 4103 110 29 MAKE
3103 4102 37 29 IT

2415 4168 148 57 TsiE
2604 4165 394 59 CHEAPEST
3031 4161 95 56 OF
3165 4159 141 57 ALL
3347 4152 178 55 'HPS.

2479 4272 176 29 PROCURABLE
2681 4278 71 20 FROM

2897 4306 102 29 JOHN
3033 4302 210 35 THOMPSON,
3258 4300 3 51 _
3269 4300 153 29 Lawrence,

2820 4349 61 28 And
2905 4348 70 28 from
2998 4346 35 28 all
3058 4345 87 29 Stock
3165 4344 55 28 and
3245 4339 104 31 Station
3374 4338 118 35 A^e;iu.>.

2457 4432 174 44 Murray,
2660 4430 172 35 Roberts
2865 4427 78 35 and
2976 4425 88 42 Co.,
3097 4429 82 29 Chief
3203 4429 106 35 Agents
3331 4423 42 28 for
3396 4420 99 37 Ota^o.

2528 5136 156 57 NEW
2740 5137 247 55 RAPID
3033 5132 388 60 BICYCLES.

2417 5240 59 30 QT.
2490 5237 114 23 GEORGE
2620 5236 203 22 ENGINEERING
2836 5237 50 25 CO.,
2902 5237 101 25 Limited,
3017 5244 34 14 are
3061 5236 34 21 the
3106 5236 80 21 Makers
3195 5235 22 22 of
3226 5234 34 22 ths
3270 5234 48 26 only
3330 5233 78 27 Bicycle
3419 5234 112 32 possessing

2476 5267 21 19 in
2507 5267 69 25 happy
2585 5264 137 20 combination
2735 5266 33 17 the
2779 5264 112 25 perfection
2901 5264 22 19 of
2930 5266 56 17 those
2993 5265 94 25 qualities
3094 5269 52 15 most
3153 5263 83 20 coveted
3243 5264 26 24 by
3277 5261 133 26 expariencrfd
3419 5262 111 25 Cyelists

2584 5296 197 29 STABILITY
2801 5294 4 31 !
2885 5295 120 29 SPEED
3021 5297 5 27 !
3104 5294 241 30 DURABILITY
3360 5294 6 27 !

2460 5338 49 20 This
2518 5337 42 20 fact
2569 5336 36 20 has
2615 5335 80 21 become
2704 5335 102 25 generally
2817 5335 115 25 recognised
2942 5336 21 19 in
2972 5335 103 26 Tuapeka,
3087 5335 39 20 and
3137 5336 19 19 in
3167 5340 137 20 consequence
3320 5333 10 20 I
3345 5339 32 13 atn
3393 5332 55 26 daily
3457 5332 72 25 selling

2411 5367 57 20 these
2478 5364 103 22 Machines
2591 5366 22 18 to
2624 5363 85 26 Cyclists
2721 5362 43 20 who
2774 5362 51 20 have
2835 5361 49 21 been
2894 5362 142 26 disappointed
3047 5363 26 23 by
3082 5363 60 19 other
3152 5362 75 24 makes,
3240 5361 40 21 and
3291 5360 44 21 who
3344 5366 34 15 are
3384 5360 53 25 glad,
3448 5359 82 27 indeed,

2411 5394 32 20 for
2452 5400 32 13 me
2495 5396 20 16 to
2525 5392 58 20 make
2592 5391 57 19 them
2657 5397 24 12 an
2692 5390 108 19 allowance
2810 5389 29 20 for
2851 5389 54 20 their
2915 5389 104 21 discarded
3031 5393 82 17 mounts

2411 5431 56 36 As
2479 5431 93 35 Part
2583 5426 298 47 Paymentfora
2893 5426 287 46 Machinethey
3191 5436 77 27 can
3283 5424 167 46 Depend
3464 5434 66 26 on.

2465 5516 65 21 Those
2541 5514 44 22 wh
2594 5520 34 15 are
2639 5516 35 18 not
2686 5513 21 21 in
2717 5520 11 14 a
2737 5513 87 27 position
2835 5513 22 19 to
2866 5512 99 27 purchase
2975 5518 38 14 one
3022 5512 21 21 of
3053 5513 56 20 these
3120 5512 52 22 ideal
3182 5513 68 21 steeds
3260 5518 37 15 can
3306 5511 70 21 obtain
3387 5510 52 21 from
3451 5516 32 15 me

2531 5542 69 30 New
2622 5551 55 20 and
2702 5542 197 29 Second-hand
2926 5540 131 29 Bicycles
3080 5541 29 29 of
3132 5551 82 26 every
3238 5539 176 38 description.

2627 5620 352 58 CHARLES
3019 5620 296 66 STOKES,

2566 5700 217 30 MERCHANT
2814 5697 150 36 TAILOR,
2990 5697 70 29 Ross
3092 5697 99 36 Place,
3215 5696 162 30 Lawrence,

2816 5740 95 37 Agent
2935 5737 44 30 for
3003 5737 141 38 Tuapeka.

2465 5781 124 29 Catalogue*
2600 5788 27 15 oh
2641 5779 138 30 Application.
3035 5777 89 22 '-When
3135 5776 101 29 Ordering
3248 5776 94 24 Mentisa
3356 5775 42 24 ibis
3410 5775 72 25 Paw.

3580 224 255 49 Speargrass
3869 224 91 40 Flat
3998 219 134 44 Hotel,

3678 289 102 28 BALD
3802 289 93 29 HILL
3920 287 108 31 FLAT.

3577 370 90 23 JAMES
3678 370 152 23 FALCONER

3981 369 140 22 Phopmbtob

3689 441 86 28 above
3790 441 84 28 Hotel
3887 440 55 28 will
3955 440 35 28 be
4003 437 87 30 found
4109 447 17 17 a

3659 485 73 25 most
3757 481 179 30 comfortable
3965 479 55 29 aud
4051 477 60 30 well-

3576 522 148 39 appointed
3737 522 94 30 House
3846 523 37 37 by
3906 521 151 30 Travellers
4070 518 56 30 and

3576 563 46 28 the
3634 562 92 38 public
3740 562 150 39 generally.
3930 562 117 27 Patrons
4061 569 64 27 may

3575 603 58 39 rely
3645 614 35 19 on
3693 613 82 29 every
3793 603 135 30 attention
3944 602 83 38 being
4040 600 83 40 given

3575 649 27 23 to
3613 645 71 26 their
3696 645 126 27 comfort.

3573 716 45 28 An
3631 716 157 28 Excellent
3801 716 87 28 Table
3902 716 118 28 Always
4035 713 87 28 Kept.

3634 790 71 38 Only
3721 791 46 28 the
3782 791 66 28 Best
3860 790 117 38 Liquors
3991 788 76 39 Kept

3777 831 28 28 in
3820 830 94 29 Stock.

3575 882 156 31 First-class
3746 884 136 40 Stabling,
3897 884 66 29 with
3981 883 100 30 Groom
4095 882 28 29 in

3764 926 174 29 attendance.

3576 1016 276 40 RAILWAY
3928 1014 196 30 HOTEL.

3664 1083 66 21 ROSS
3748 1082 97 26 PLACE,
3867 1080 167 22 LAWRENCE.

3572 1150 158 45 Joseph
3756 1149 103 42 Cox,
3887 1147 235 46 Proprietor

3607 1238 19 27 J
3639 1237 29 28 C.
3684 1238 69 35 begs
3773 1240 28 24 to
3814 1237 125 26 intimate
3953 1236 60 27 that
4026 1235 35 27 he
4073 1235 50 26 has

3571 1276 152 39 purchased
3755 1275 46 30 the
3834 1275 86 28 above
3946 1273 177 29 well-known

3572 1317 140 38 Hostelry,
3721 1317 52 28 and
3791 1317 91 36 hopes,
3892 1316 37 37 by
3939 1318 79 25 strict
4031 1318 75 25 atten-

3573 1358 56 28 tion
3643 1364 27 21 to
3684 1357 46 28 the
3740 1356 117 29 comfort
3865 1356 29 28 of
3906 1354 153 29 Travellers
4067 1354 55 28 and

3573 1397 46 28 the
3631 1397 93 38 public
3737 1395 149 38 generally,
3899 1398 29 25 to
3942 1398 73 25 mtet
4027 1393 66 29 with
4107 1404 16 18 a
4144 1393 4 42 !

3572 1437 51 29 fair
3636 1437 80 29 share
3728 1437 28 28 of
3770 1443 158 32 patronage.

3617 1478 50 28 The
3690 1477 120 38 Railway
3833 1477 23 28 is
3878 1486 51 19 one
3943 1475 29 29 of
3985 1475 47 29 the
4045 1475 60 30 best-

3571 1519 148 37 appointed
3730 1517 99 29 Hotels
3837 1517 107 29 outside
3952 1516 29 29 of
3994 1516 127 28 Dunedin

3572 1558 97 30 Under
3680 1557 59 30 J.O.
3746 1557 21 29 's
3781 1559 201 36 management,
3992 1556 47 28 the
4048 1565 55 19 com-

3570 1599 56 29 fort
3638 1598 29 29 of
3674 1604 112 31 patrons
3796 1597 52 27 will
3860 1597 35 28 be
3906 1596 77 29 made
3994 1606 16 17 a
4019 1595 102 38 special

3568 1637 114 35 feature,
3695 1637 54 28 and
3763 1647 35 18 no
3810 1636 82 29 effort
3902 1635 54 30 will
3973 1635 32 28 be
4020 1634 99 39 spared

3568 1682 28 24 to
3610 1677 63 39 give
3686 1686 82 29 every
3782 1676 179 29 satisfaction.

3568 1750 57 29 The
3638 1750 61 29 best
3713 1750 101 29 brands
3827 1748 30 31 of
3878 1748 104 37 Wines,
4007 1748 111 39 Spirits,
4137 1760 7 8 -

3603 1791 54 30 and
3672 1792 65 30 Ales
3750 1791 101 39 always
3870 1790 67 40 kept
3949 1790 28 29 in
3992 1788 88 32 stock.

3568 1864 126 39 Simpson
3707 1865 54 28 and
3776 1863 96 30 Hart's
3886 1863 66 30 Ales
3965 1863 102 38 always
4080 1872 36 19 on

3810 1904 68 38 Tap.

3566 1978 155 29 First-class
3733 1977 129 39 Stabling
3874 1975 242 31 Accommodation

3573 2057 2 58 L
3576 2061 274 54 \[ASONIC
3894 2057 222 42 HOTEL*

3659 2120 67 21 ROSS
3739 2120 97 26 PLACE,
3850 2119 166 22 LAWRENCE.

3565 2188 33 30 R.
3618 2189 111 29 WEBB
3933 2188 179 30 Proprietor.
4129 2200 10 4 -

3601 2270 57 30 The
3711 2270 122 32 Masonic
3888 2268 101 31 affords
4010 2268 37 30 all
4066 2268 48 30 the

3565 2310 129 29 comforts
3706 2310 29 29 of
3747 2321 16 17 a
3776 2310 88 35 home,
3874 2310 55 28 and
3942 2310 23 28 is
3979 2308 132 39 provided

3564 2350 65 29 with
3642 2350 47 30 the
3710 2361 66 27 very
3795 2350 62 29 best
3871 2348 242 31 Accommodation

3563 2390 43 29 for
3630 2390 160 30 Travellers.
3829 2390 157 29 First-class
4018 2388 94 30 Table,

3565 2430 66 30 Best
3649 2430 96 31 Wines
3767 2431 53 29 and
3842 2430 100 41 Spirits
3964 2429 101 40 always
4083 2428 28 30 in

3563 2472 88 28 stock.

3684 2537 130 22 CHARGES
3834 2537 159 21 MODERATE*

3598 2591 58 29 The
3681 2591 156 39 Proprietor
3864 2592 97 28 wishes
3987 2595 28 25 to
4038 2591 75 29 draw

3563 2631 108 41 Special
3695 2632 134 30 attention
3854 2636 28 26 to
3911 2632 45 28 the
3983 2630 18 29 S
4007 2632 107 37 cabling

3563 2674 243 28 Accommodation
3825 2673 142 37 provided,
3981 2672 93 28 which
4090 2672 24 27 is

3563 2714 151 34 unlimited,
3728 2714 54 28 aud
3795 2713 29 28 of
3838 2717 45 24 the
3897 2714 61 26 best
3972 2712 77 28 kind.

3570 2799 145 57 yICT
3728 2799 63 29 0R
3805 2799 14 28 I
3833 2799 26 28 A

3650 2867 71 21 PEEL
3733 2866 112 27 STREET,
3861 2865 167 22 LAWRENCE.

3587 2959 142 37 ronal
3784 2955 310 44 Montgomery,

3754 3015 178 29 Proprietor.

3566 3109 59 28 One
3647 3108 29 28 of
3697 3108 47 28 the
3765 3112 71 23 most
3860 3107 180 29 comfortable
4061 3107 56 28 and

3591 3147 228 31 best-conducted
3833 3147 153 30 Hostelries
3997 3157 34 19 on
4043 3147 46 30 the

3713 3189 88 36 Otago
3816 3189 158 27 Goldtields.

3664 3278 56 23 HOT
3742 3277 61 23 AND
3823 3277 73 22 COLD
3915 3277 100 22 BATHS.

3589 3346 110 30 Sample
3719 3346 94 29 Rooms
3834 3354 50 19 for
3902 3344 183 33 Travellers.

3562 3427 167 38 Passengers
3737 3426 85 29 ealled
3833 3426 42 29 for
3883 3427 45 28 the
3937 3427 73 37 early
4019 3427 81 29 Train
4116 3426 4 39 .

3564 3572 63 59 D.
3674 3571 61 60 M

3768 3570 167 25 ITCa
3970 3571 17 23 E
4021 3571 18 25 L
4069 3571 19 24 L

3619 3715 69 25 THE
3736 3714 158 24 POPtfLAK
3930 3714 119 31 HotMK,

3740 3778 197 25 LAVVRE^CIi.

3561 3860 22 19 _5
3596 3858 50 17 now
3664 3850 103 32 opening
3787 3857 30 22 up
3838 3848 37 24 his
3899 3847 62 25 First
3984 3849 125 30 Shipment

3575 3896 25 23 of
3616 3894 142 25 SUMVIEtt
3960 3893 133 25 conuistinp

3573 3939 25 25 of
3606 3939 30 24 all
3647 3940 39 23 the
3695 3939 68 24 latest
3775 3937 117 24 novel'iea
3902 3943 33 17 tor
3947 3937 39 22 tbe
3996 3936 94 31 coming

3641 3987 90 18 st-ason,
3750 3977 46 24 and
3812 3984 32 24 pf
3847 3984 40 17 ces
3900 3982 23 17 to
3942 3977 86 22 match.

3680 4018 90 23 Milline
3785 4024 13 22 y
3813 4024 14 15 a
3851 4015 135 30 Speciality.

3718 4157 112 25 Visits
3866 4152 88 28 Miilera
3981 4154 43 26 Fla
4073 4154 31 25 ni

3565 4198 125 31 roiourgh
3704 4203 70 23 every
3790 4203 36 16 six
3843 4196 85 23 weeks.

3591 4537 129 23 ROYAL
3981 4528 165 28 HRMajesty

3575 4574 159 22 WARRANT
3991 4572 49 19 the
4051 4565 91 29 Queen.

3576 4613 37 25 ANO
3619 4613 26 26 BY
3656 4612 86 27 SPECIAL
3749 4605 400 34 WARRAKTTOH.RJI.THEPRINCEOFWALES.

3871 5007 28 17 m

3706 5080 27 28 B

3680 5097 41 21 ms

3614 5132 17 15 >5

4108 5142 25 37 x:

3950 5497 32 65 I

3586 5643 174 39 TOTHILL,
3779 5645 173 40 WATSON,
3972 5647 24 30 &
4017 5647 67 38 CO.,

3584 5764 56 27 So'e
3652 5765 89 31 Ageate
3757 5763 35 27 for
3807 5766 80 27 Uta*
3901 5766 46 26 nd
