4260 5920
232 219 111 39 already
357 221 69 28 been
449 219 108 30 drafted
579 219 54 29 and
658 228 53 19 was

161 269 60 19 now
235 260 28 29 in
288 261 48 28 the
362 261 64 28 Law
452 261 192 38 Department.
684 258 27 29 It

287 302 134 38 probably
449 303 35 28 be
512 299 144 41 presented
683 303 27 26 to

162 341 166 30 Parliament
339 343 113 28 shortly.

196 381 58 30 The
267 388 135 34 secretary
417 394 54 18 was
494 383 160 34 instructed,
675 392 34 17 on

159 423 46 29 tlie
226 424 102 29 motion
355 425 29 28 of
409 425 103 29 Messrs
536 423 95 29 Harris
656 422 53 29 and

160 464 100 34 Broad,
274 468 28 24 to
317 466 75 26 write
405 466 55 26 and
473 463 87 29 thank
574 465 49 26 the
635 463 74 27 Hon.

160 503 47 29 Mr
219 503 124 29 Larnach
357 515 34 17 on
405 504 92 29 behalf
517 504 28 28 of
566 503 46 28 the
637 513 54 18 com-

161 554 72 28 pany
247 546 42 26 for
303 545 40 27 his
354 545 137 27 exertions
501 545 27 26 in
538 544 53 27 this
601 547 107 30 matter,

160 585 54 27 and
228 585 56 29 also
297 586 146 37 especially
456 586 42 27 for
520 585 41 27 his
576 584 90 27 efforts
681 583 27 27 in

159 626 159 27 connection
354 626 64 27 with
464 626 46 27 the
544 623 163 38 Koxburgh-

160 665 97 28 Heriot
271 666 107 27 railway
393 665 150 28 extension.

197 706 45 28 Mr
255 708 32 26 A.
304 706 39 28 M.
363 703 4 39 i
383 715 80 27 egge,
475 706 52 27 late
539 713 128 28 manager
678 703 28 28 of

159 746 47 28 the
227 746 166 39 Cambridge
416 746 77 28 Fruit
519 743 187 39 Evaporating

161 790 39 24 Co
211 810 8 11 ,
233 792 82 22 wrote
329 787 105 37 stating
447 787 58 27 that
520 786 34 27 he
578 785 52 27 had
645 795 45 26 pre-

158 826 82 39 pared
254 827 78 38 plans
345 828 43 26 for
400 837 14 16 a
429 826 100 38 drying
554 832 86 31 plant,
664 833 27 18 es-

159 867 114 38 pecially
287 867 115 37 adapted
417 866 44 28 for
473 867 47 26 the
534 866 172 37 fruitgrower

161 908 37 34 (in
213 908 86 28 which
314 908 53 26 line
390 907 27 27 of
443 907 124 27 business
594 906 32 27 he
652 905 53 27 had

159 948 53 26 had
226 958 15 16 a
260 948 115 37 lengthy
398 947 180 36 experience).
618 945 88 28 There

158 987 88 28 would
256 987 34 28 be
301 997 64 26 very
376 987 69 27 little
451 996 118 27 expense
578 985 128 28 attached

158 1032 28 22 to
200 1028 123 37 erecting
336 1028 47 26 the
395 1027 85 36 plant,
494 1025 54 28 and
571 1026 77 27 when
671 1036 36 26 up

159 1067 22 27 it
206 1067 88 28 would
322 1067 33 28 be
388 1066 83 39 easily
497 1065 145 40 managed.
681 1065 26 28 It

159 1108 80 27 could
252 1109 35 26 be
300 1108 70 26 built
384 1115 28 19 to
426 1109 50 34 dry
503 1107 69 27 from
596 1108 70 26 scwt
679 1110 28 24 to

163 1148 10 26 1
187 1150 46 24 ton
243 1157 49 27 per
300 1147 62 37 day.
406 1147 39 27 He
457 1146 89 28 would
557 1145 66 29 send
635 1155 54 19 com-

160 1186 73 38 plete
246 1187 138 37 drawings
409 1185 55 30 and
489 1187 37 28 all
548 1187 159 37 particulars

142 1237 53 19 >©n
209 1228 102 37 receipt
325 1228 28 28 of
365 1239 14 17 a
394 1227 138 29 moderate
544 1228 53 28 fee.

199 1267 103 31 Messrs
334 1268 142 38 Campbell
516 1268 53 28 and
611 1267 96 29 Harris

161 1310 207 28 moved—That
381 1310 46 28 the
441 1320 142 27 necessary
607 1311 44 27 fee
673 1310 34 27 be

162 1350 151 28 forwarded
334 1354 28 24 to
386 1350 44 28 Mr
453 1350 104 37 Legge,
583 1350 54 28 and
661 1349 46 29 the

150 1390 90 37 -plans
253 1390 113 30 ordered
379 1390 44 29 for
437 1390 40 28 his
491 1390 99 37 drying
604 1390 85 38 plant.

289 1439 61 20 NEW
364 1430 122 28 SEASON'S
500 1439 86 19 CASES.

200 1471 28 29 It
252 1482 56 18 was
332 1470 133 35 resolved,
478 1471 72 28 after
572 1470 120 28 consider-

161 1512 63 28 able
237 1512 159 33 discussion,
410 1512 60 26 that
491 1511 46 27 the
551 1522 48 16 con
613 1522 64 25 pm\
687 1511 20 25 's

163 1562 132 28 manager
307 1552 34 28 be
362 1550 151 30 instructed
539 1557 28 22 to
591 1552 47 26 ask
666 1552 41 26 for

163 1593 156 37 quotations
332 1596 28 24 at
372 1592 47 28 the
431 1592 125 26 different
578 1592 69 26 nulls
667 1592 40 25 for

162 1632 47 26 the
221 1631 97 36 supply
329 1629 31 27 of
367 1630 45 26 the
423 1639 59 17 new
492 1630 120 26 season'*
623 1640 83 17 cases,

159 1669 48 29 the
219 1669 166 28 dimensions
407 1668 54 27 and
485 1667 131 38 probable
630 1677 57 18 num-

160 1709 50 29 ber
222 1709 124 39 required
367 1714 28 24 to
415 1710 34 28 be
462 1712 61 24 sent
535 1714 29 22 to
578 1709 62 27 him.
682 1711 22 25 A

365 1750 28 27 of
412 1749 76 34 1,000
501 1759 74 17 cases
583 1749 48 27 left
644 1759 63 17 over

160 1791 69 27 from
244 1790 52 28 last
310 1801 106 24 season,
430 1789 87 29 which
531 1800 45 17 are
588 1795 29 22 at
631 1789 57 27 Law-

161 1841 89 24 rence,
265 1841 53 17 was
332 1830 195 38 requisitioned
540 1830 43 28 for
607 1830 27 26 in
661 1830 46 28 the

160 1880 85 18 room.
296 1874 23 23 A
351 1871 103 27 motion
486 1870 61 28 that
577 1870 64 33 they
674 1870 33 26 be

161 1909 119 36 brought
296 1919 34 27 up
344 1915 28 22 at
385 1919 68 19 once
473 1919 54 19 was
552 1908 155 37 Degatived,

160 1960 33 18 an
209 1950 177 28 amendment
399 1950 60 28 that
479 1950 64 36 they
558 1950 33 28 be
605 1949 50 28 left
668 1949 39 28 till

159 1990 71 28 later
254 1990 89 37 (when
370 1991 77 28 there
469 1990 89 29 would
584 1990 34 28 be
639 1990 68 28 back

160 2030 111 33 loading
280 2032 72 28 after
361 2032 46 26 the
416 2041 93 18 season
516 2031 191 38 starts),being

145 2090 5 6 >
160 2072 113 27 carried.

271 2121 120 20 CARTAGE
405 2120 31 20 TO
449 2119 152 22 LAWRENCE.

199 2152 41 28 On
264 2153 46 27 the
332 2152 100 28 motion
459 2152 29 28 of
510 2152 102 27 Messrs
633 2151 74 29 Uren

146 2191 2 36 •
159 2192 53 28 and
228 2192 105 35 Harris,
347 2192 21 28 it
380 2203 54 18 was
459 2191 113 29 decided
588 2191 59 28 that
660 2192 47 28 the

158 2243 134 27 company
318 2233 49 28 call
400 2233 44 28 for
468 2232 109 28 tenders
608 2232 27 27 in
661 2232 46 28 the

158 2273 102 30 Mount
275 2274 112 28 Bengek
402 2275 73 28 Mail
488 2272 43 30 for
540 2273 46 28 the
596 2276 111 35 cartage

156 2316 30 27 of
198 2315 108 37 surplus
319 2315 67 28 fruit
410 2318 28 24 to
454 2313 151 30 Lawrence.
646 2313 58 29 The

158 2354 138 28 chairman
322 2355 53 27 and
407 2359 136 30 secretary
574 2353 53 28 and
660 2354 47 27 the

159 2404 93 18 mover
264 2394 53 28 and
332 2394 130 29 seconder
476 2404 68 18 were
557 2393 148 38 appointed

156 2445 17 15 a
186 2435 155 29 committee
355 2439 28 23 to
403 2434 74 28 draw
503 2444 35 28 up
566 2434 126 38 specifica-

143 2474 3 29 <
155 2474 83 29 tions.

224 2524 230 20 REPRESENTATIVE
468 2524 28 19 IN
510 2523 130 21 DUNEDIN.

196 2556 24 28 It
246 2566 53 18 was
322 2556 111 28 decided
449 2559 48 25 not
511 2560 28 24 to
553 2555 66 29 send
633 2565 16 18 a
663 2566 28 18 re-

159 2597 181 37 presentative
361 2600 29 24 to
416 2596 125 28 Dunedin
565 2596 55 28 this
641 2606 65 28 year

158 2637 101 35 during
271 2637 47 27 the
331 2636 165 36 strawberry
511 2646 104 18 season.

330 2685 26 18 IN
372 2685 160 19 GOMMIITEE.

195 2715 56 29 Ihe
264 2716 122 37 meeting
400 2716 63 28 then
479 2721 73 23 went
560 2717 58 28 into
631 2728 54 18 com-

158 2756 93 29 mittee
273 2761 27 24 to
323 2757 58 27 deal
404 2757 66 28 with
494 2768 16 17 a
535 2758 116 29 number
678 2758 28 29 of

157 2798 175 38 suggestions
341 2798 34 36 by
386 2798 46 29 the
440 2798 158 39 company's
612 2810 73 17 mana-

157 2848 59 27 ger,
231 2838 52 27 and
297 2838 56 28 also
366 2838 64 28 with
444 2849 74 18 some
543 2839 161 29 resolutions

156 2888 35 18 on
214 2878 44 29 the
280 2879 118 28 minutes
423 2879 128 39 affecting
579 2879 45 30 the
651 2880 53 29 late

156 2929 136 26 manager.

257 3015 98 41 What
388 3015 121 50 People
541 3015 76 50 Say.

160 3074 53 28 Mr.
228 3073 33 29 D.
277 3074 30 28 C.
322 3074 148 37 M'lntyre,
484 3074 65 29 Mail
576 3075 112 29 Contrac-

158 3118 52 30 tor,
234 3114 147 37 Kempsey,
408 3114 127 33 N.S.W.,
560 3115 89 29 writes
671 3126 33 17 on

149 3154 82 28 .June
245 3154 56 35 bth,
320 3154 145 30 189(3:—It
478 3154 78 39 gives
570 3165 42 19 me
626 3159 78 34 great

159 3194 123 39 pleasure
295 3200 28 22 to
336 3201 71 21 state
429 3196 60 28 that
513 3196 72 26 after
611 3196 80 27 suffer-

158 3236 48 37 ing
221 3236 68 26 from
306 3235 165 37 indigestion
486 3235 44 27 for
542 3236 63 27 nine
626 3246 78 27 years

158 3276 10 26 ]
198 3276 66 26 have
291 3275 67 27 been
385 3275 82 28 cured
494 3275 38 38 by
565 3274 139 30 Clements

156 3314 93 30 Tonic.
300 3314 13 29 I
339 3314 63 39 only
426 3314 65 30 took
518 3316 43 28 six
594 3316 110 35 bottles,

156 3356 75 28 when
249 3356 8 27 1
275 3355 83 29 found
376 3356 12 27 1
400 3356 79 28 could
494 3361 45 23 eat
546 3356 54 28 and
613 3356 91 38 digest

153 3407 44 27 my
223 3396 61 29 food
296 3408 10 23 ;
332 3396 94 28 before
451 3396 99 38 taking
565 3396 137 30 Clements

151 3436 87 30 Tonic
259 3437 165 37 everything
451 3436 12 28 I
490 3444 44 21 eat
557 3438 77 28 made
659 3448 43 18 me

150 3477 53 29 feel
231 3476 152 30 miserable.
436 3477 14 28 I
477 3477 44 27 did
548 3481 48 25 not
621 3478 80 28 know

151 3519 73 27 what
234 3525 28 21 to
276 3518 35 28 do
326 3516 63 28 with
405 3518 108 36 myself.
554 3518 13 28 I
592 3519 107 28 wanted

151 3563 28 24 to
193 3558 34 28 lie
242 3559 78 27 down
334 3557 35 27 all
383 3558 46 28 the
451 3558 74 35 time,
539 3558 51 29 but
614 3569 60 18 now
689 3559 14 27 I

150 3608 37 26 go
202 3598 85 28 about
300 3607 46 26 my
360 3597 74 27 work
449 3598 75 36 quite
537 3598 91 38 lively.
668 3598 33 28 In

150 3638 67 35 fact,
233 3638 13 27 I
261 3648 42 17 am
316 3636 75 39 quite
404 3649 16 15 a
433 3638 127 28 different
569 3650 62 16 man
650 3639 53 27 and

151 3678 29 27 in
192 3677 156 29 conclusion
363 3677 14 27 I
402 3678 67 26 wish
496 3684 27 21 to
549 3683 71 23 state
645 3679 59 27 that

152 3718 15 26 I
182 3727 47 17 can
241 3717 64 26 with
316 3716 34 27 all
360 3716 158 29 confidence
529 3718 174 27 recommend

155 3756 141 29 Clements
310 3756 83 28 Tonic
407 3767 29 17 as
451 3767 14 17 a
484 3761 72 24 most
581 3758 106 28 wonder-

155 3797 40 27 ful
209 3806 64 18 cure
283 3796 44 28 for
339 3797 177 37 indigestion,
530 3798 53 26 and
598 3797 14 27 I
635 3798 69 36 hope

155 3837 61 27 that
229 3836 46 28 the
296 3835 150 31 thousands
461 3836 59 29 who
535 3836 83 30 suffer
635 3836 69 30 from

156 3877 22 27 it
189 3877 52 26 will
253 3877 64 35 give
331 3876 138 28 Clements
485 3877 84 28 Tonic
596 3888 13 17 a
633 3878 71 33 trial,

155 3916 53 27 and
223 3921 71 23 meet
308 3916 64 28 with
387 3916 46 28 the
447 3927 73 17 same
534 3917 85 29 result
631 3927 30 18 as
680 3917 23 29 I.

155 3956 114 29 —With
285 3957 61 29 best
358 3958 99 28 wishes
471 3958 42 28 for
533 3968 69 28 your
626 3968 62 28 pros-

154 3998 98 37 perity,
267 3999 11 26 I
290 4008 53 25 am,
353 4009 80 26 yours
444 3999 158 37 gratefully,
616 3999 35 29 D.
671 3999 31 29 C.

156 4037 143 38 M'lntyre,
314 4038 150 37 Kempsev,
473 4038 118 30 N.S.W.

1611 120 192 39 MOUFT
1894 120 225 43 BEH.G.ER
2204 116 152 42 MAIL.

3425 114 167 50 Friday,
3617 116 230 41 November
3869 117 174 47 19,1891

3580 5598 4 42 |
3596 5599 82 22 Printed
3693 5600 40 21 arid
3748 5599 111 23 Published
3879 5605 25 23 l»y
3925 5600 105 23 William
4043 5602 106 25 PANKELL

3582 5631 1 31 \
3649 5634 126 22 Matthews
3786 5635 31 21 for
3827 5634 35 21 the
3871 5635 132 27 proprietors,
4015 5637 80 21 Dunne
4104 5644 46 16 and

3582 5670 3 26 l
3649 5670 134 26 11ATTHEWN,
3805 5673 20 17 at
3848 5670 54 21 their
3919 5671 120 25 Registered
4057 5672 92 22 PriutijiV

3652 5705 70 23 Office,
3742 5705 95 22 Scotland
3848 5708 70 24 nti<.et,
3937 5706 120 28 Roxburgh,
4075 5708 54 23 Ota»
4132 5720 10 11 y

3561 5744 24 30 D.j
3646 5742 52 21 New
3717 5741 197 29 Zealand,—Frid.ay,
3922 5743 117 21 Noveuii)er
4050 5744 89 29 19,181*7

149 4153 166 69 Mrs
332 4152 97 66 A.
452 4156 247 78 Smith,

168 4256 125 34 Florist,
315 4257 170 30 Wholesale
503 4269 54 19 and
580 4259 101 31 Retail

288 4298 87 29 Seeds
396 4300 165 35 Merchant,

178 4349 135 30 MORAY
334 4350 130 37 PLACE,
485 4353 188 36 DUNEDiN,

153 4401 113 25 (Successor
274 4403 21 19 to
302 4402 50 20 Geo.
360 4403 262 23 Mattliews—Established
636 4405 64 26 -850.)

279 4471 149 28 FLORAL
449 4473 125 29 WOJKK.

188 4509 66 28 'This
282 4511 24 26 is
332 4511 45 27 the
402 4511 125 40 LeaHing
553 4515 33 26 H<
598 4524 48 19 use
671 4516 26 28 in

153 4549 126 30 Dunedin
294 4551 43 28 for
356 4552 91 28 Bridal
473 4554 133 35 Showers,
628 4556 54 28 Bou-

151 4597 89 32 quets,
262 4591 140 37 Wreaths,
417 4594 111 38 Sprays,
541 4594 54 29 and
610 4596 88 29 Floral

148 4632 128 36 Designs.

186 4671 48 39 My
250 4673 136 29 continual
401 4675 53 27 and
469 4677 130 29 unvaried

146 4724 151 23 SUCCESSES
311 4725 38 22 AT
362 4727 57 21 THE
433 4727 129 23 DUNEDIN
578 4730 119 22 FLOWER

373 4755 98 21 SIiOWS

151 4788 22 27 is
189 4788 135 29 sufficient
343 4791 79 36 proof
444 4792 28 27 of
485 4803 46 26 my
551 4794 146 38 capability

151 4828 27 26 in
193 4828 55 27 this
261 4829 103 27 branch
378 4831 27 26 of
419 4831 47 27 the
479 4833 133 29 business.

190 4866 48 38 My
248 4869 159 36 experience
418 4871 110 28 enables
542 4883 43 17 me
598 4877 27 24 to

184 4924 74 21 PACK
273 4925 89 21 THESE
376 4927 139 21 DELICATE
530 4929 134 22 ARTICLES

150 4960 43 29 for
213 4960 49 29 rail
282 4971 31 18 or
336 4968 116 23 steamer
465 4964 64 29 with
553 4965 65 29 such
640 4977 59 18 care

149 5001 54 27 and
227 5010 107 19 success
348 5013 30 16 as
391 5007 28 23 to
432 5014 97 18 ensure
553 5005 70 28 their
642 5007 57 27 safe

147 5042 53 26 and
212 5041 103 36 perfect
328 5042 128 37 delivery,
466 5054 66 18 even
544 5044 70 29 after
622 5055 76 19 some

147 5080 68 38 days
228 5080 27 28 in
269 5082 108 28 transit.

182 5121 14 26 1
211 5122 68 26 have
293 5132 145 17 numerous

149 5169 192 22 UNSOLICITED
350 5170 206 25 TESTIMONIALS
567 5173 76 23 FROM
654 5174 17 21 M
680 5174 16 22 Y

335 5198 164 23 CUSTOMERS

146 5233 53 27 and
215 5234 115 28 I'atrons
344 5236 132 37 attesting
498 5240 29 24 to
541 5247 45 26 my
599 5238 95 37 ability

141 5273 27 28 in
183 5273 55 30 this
250 5274 155 38 particular.

351 5347 127 31 SEEDS.

179 5387 16 28 I
221 5392 101 34 import
352 5389 64 36 only
449 5390 69 27 from
551 5390 47 29 the
629 5392 61 29 best

142 5426 144 38 European
302 5428 53 28 and
367 5428 175 29 Continental
557 5429 132 39 Growers,

143 5477 30 19 so
187 5467 60 29 that
260 5468 161 38 purchasers
434 5480 49 18 can
497 5471 59 38 rely
578 5481 34 18 on
629 5477 45 33 get-

142 5508 63 38 ting
217 5509 114 37 nothing
349 5510 51 28 but
415 5510 47 28 the
476 5510 61 29 best
549 5512 101 28 strains
662 5513 28 28 of

141 5547 95 30 Seeds.

181 5588 41 29 To
236 5589 78 29 those
327 5590 61 29 who
401 5590 70 29 have
488 5593 49 26 not
549 5592 82 38 given
645 5604 46 27 my

144 5628 71 31 Seed
240 5640 15 19 a
276 5629 70 37 trial,
361 5630 14 30 I
386 5630 90 31 would
497 5630 56 31 like
577 5633 73 30 them
664 5639 28 25 at

142 5671 70 29 least
226 5674 29 27 to
268 5671 67 30 send
348 5682 44 19 me
404 5683 16 18 a
432 5673 80 30 small
531 5674 62 28 trial
612 5676 80 28 order

142 5711 57 28 and
212 5720 125 29 compare
351 5712 107 35 results,
471 5713 56 28 and

161 5762 11 22 I
188 5763 41 21 AM
244 5762 126 23 WILLING
383 5763 36 21 TO
433 5764 88 23 ABIDE
534 5765 38 23 BY
584 5766 88 23 THEIR
699 5757 1 34 j

344 5791 144 24 DECISION.
699 5782 1 33 1

748 222 45 57 j)
874 221 45 37 A.
993 214 295 44 BUCHANAN,

819 294 72 23 BOOT
919 293 59 22 AND
1004 291 74 23 SHOE

724 336 2 38 i
785 341 141 31 Scotland
938 359 9 4 -
959 348 104 26 street,
1083 336 160 29 Roxburgh.

724 432 2 43 i
850 439 91 36 Every
962 435 164 37 description
1150 432 28 28 of

723 482 105 42 ;.Boots
841 499 55 20 and
910 489 89 28 Shoes
1012 487 133 28 Supplied
1158 492 34 20 or
1205 482 82 28 Made
1299 482 1 42 j

917 539 31 18 to
969 529 141 28 Measure.

723 562 1 51 !
739 583 45 28 Fit
793 581 182 30 Guaranteed.
1051 579 45 28 iit
1105 574 181 32 Guaranteed,
1299 562 1 51 j

721 623 3 27 i
1299 623 1 27 j

719 667 4 33 j
789 673 123 23 REPAIRS
936 671 114 22 NEATLY
1080 667 155 24 EXECUTED.

720 691 2 43 I
1227 695 8 9 '
1298 691 2 43 I

857 754 24 26 A
904 751 85 29 Trial
1012 749 150 29 Solicited.

1297 781 3 14 i

734 837 41 53 P
861 835 42 36 A.
982 829 299 42 MILLER,

718 903 2 30 ;
734 911 134 22 BUILDER.
882 910 105 21 JOINER
1001 908 61 21 AND
1081 903 201 26 UNDERTAKER,

828 961 70 28 Ross
920 961 96 34 Place,
1036 958 162 29 Lawrence.

719 993 3 63 j

720 1051 2 44 i
737 1060 122 29 PLANS
873 1058 79 30 AND
967 1051 316 36 SPECIFICATIONS

876 1114 26 25 A
924 1109 219 30 SPECIALTY.

720 1199 2 42 i
736 1204 153 37 Quantities
904 1202 136 39 Prepared
1063 1202 54 27 and
1139 1199 146 29 Estimates

762 1245 87 28 Given
863 1244 43 28 for
919 1243 33 27 all
967 1243 99 27 classes
1080 1242 28 28 of
1122 1239 134 30 Builders'

966 1282 98 31 Work.
1299 1275 1 57 |

719 1341 4 81 I
737 1368 70 54 ]vi.
893 1369 23 38 j
920 1399 6 7 -
1016 1366 182 40 BLc
1239 1365 44 42 Y,

762 1436 195 21 WHITEHAVEN
972 1434 109 25 STREET,
1096 1432 165 21 LAWRENCE.

720 1465 4 40 |
1297 1465 3 40 |

739 1526 96 26 r.OAK
856 1495 4 63 ■
889 1523 79 27 AND
998 1519 216 30 RESIDENCE
1235 1519 48 27 AT
1297 1495 3 63 j

720 1570 3 33 i
781 1576 47 27 UK
842 1582 9 19 \
858 1573 72 28 SON
935 1572 97 28 ABLE
1053 1570 186 30 CHANGES.

720 1618 2 11 i

844 1660 39 26 Mi
893 1667 45 19 als
959 1667 30 19 at
1008 1665 49 20 all
1075 1658 106 28 Hours.

719 1693 3 16 i

719 1745 3 49 |
753 1753 58 27 The
826 1753 23 26 ix
861 1757 25 22 -t
901 1749 240 30 Accommodation
1162 1750 43 27 for
1218 1749 47 28 the

872 1791 157 38 Travelling
1043 1790 105 28 Public.

736 1878 101 29 GOOD
853 1876 197 30 STABLING.
1089 1874 96 29 OATS
1202 1874 81 28 AND

847 1917 125 30 CHAKF
993 1915 50 30 ON
1067 1915 104 29 SALE.

742 1992 272 58 J.JERBERT
1061 1991 99 29 AND
1209 1989 74 36 CO.,

925 2059 166 21 LAWRENCE.

890 2150 151 29 iMPORTEPvS
1060 2158 33 19 OE
1093 2166 36 4 —

735 2206 198 38 Ironmongery

820 2251 187 40 Agricultural
1030 2250 179 39 Implements

991 2298 187 38 Agricultural
1197 2297 85 29 feeds

904 2355 212 30 GROCERIES

751 2413 95 30 TEAS
959 2413 95 29 TEAS
1166 2412 96 28 TEAS

735 2460 126 38 (Ceylon)
951 2460 121 37 (Indian)
1159 2458 119 37 (China.)
1295 2455 3 43 !

732 2537 94 50 W,
897 2537 60 65 J.
1019 2535 264 61 Martin,
1297 2533 3 77 j

733 2617 285 29 WATCHMAKER
1037 2617 23 28 &
1075 2616 208 29 JEWELLER
1298 2597 2 60 j

824 2668 70 30 Ross
914 2669 97 35 Place,
1032 2668 159 29 Lawrence.

735 2750 139 37 Watches,
894 2751 99 29 Clocks
1014 2751 54 28 and
1089 2749 144 36 Jewellery
1253 2751 29 28 of
1297 2740 3 47 j

777 2792 36 28 all
826 2791 261 40 descriptionaskept
1100 2791 27 29 in
1142 2791 94 29 Stock.
1296 2791 2 40 !

749 2843 70 30 Nice
833 2843 136 29 Selection
983 2843 28 29 of
1030 2843 77 36 Gem,
1120 2843 142 39 Wedding
1294 2843 2 41 j

863 2892 54 21 and
932 2884 108 39 Keeper
1052 2884 96 39 Rings.

732 2965 18 21 A
765 2964 105 22 CHOICE
890 2964 164 22 ASSORTMEN
1061 2965 11 20 T
1092 2964 34 22 OF
1145 2964 137 22 ARTICLES
1294 2936 4 51 !

755 2999 139 20 SUITABLE
904 2999 55 20 FOR
969 2998 139 21 WEDDING
1118 2998 147 21 PRESENTS,
1296 2988 3 38 j

791 3066 154 39 Spectacles
959 3071 27 24 to
1001 3067 61 28 Suit
1075 3067 35 28 all
1126 3066 104 38 Sights.

1299 3118 1 10 i

753 3146 105 31 Watch
890 3155 55 20 and
978 3146 89 30 Clock
1103 3146 117 29 Repairs
1252 3156 16 19 a
1299 3145 1 39 j

935 3193 156 22 Specialty.

733 3267 113 39 Repairs
859 3278 30 17 or
902 3267 100 28 Orders
1021 3267 70 27 from
1105 3267 47 28 the
1166 3271 116 34 country

781 3309 36 37 by
839 3312 62 34 post
924 3307 52 29 will
1000 3307 104 30 receive
1126 3313 111 33 prompt

933 3349 144 28 attention.

747 3423 109 25 fancy
883 3423 110 25 goods
1011 3426 20 21 a
1100 3423 165 26 drapery.

740 3528 100 53 FJ.
878 3528 135 24 WATKRs
1040 3529 87 25 desires
1154 3534 24 21 to
1204 3530 73 28 no;ify

779 3579 5 5 .
816 3562 54 23 tlr.it
885 3563 41 22 she
939 3561 70 29 keeps
1020 3563 22 21 in
1053 3564 64 22 stock
1135 3563 84 23 Ladies
1232 3570 43 16 ana

732 3594 113 23 Children
856 3601 10 16 s
884 3593 195 31 TJnderclothmg,
1095 3596 47 23 and
1154 3596 29 22 all
1204 3596 73 24 kinds

733 3628 22 23 ef
771 3628 115 29 Drapery.

764 3671 78 30 Fancy
856 3671 80 23 Goods
948 3680 13 14 a
976 3672 133 30 Specialty.

769 3714 132 22 Christmas
911 3715 46 22 and
971 3715 52 22 New
1037 3714 62 25 Year
1110 3720 135 26 presents—

855 3767 13 14 a
885 3765 63 23 great
962 3760 85 28 variety
1059 3765 23 19 to
1095 3762 61 22 hand

855 3793 133 22 Infection
999 3793 92 23 Invited

760 3822 110 31 Fainting
884 3824 45 23 and
941 3831 12 16 a
957 3832 9 10 r
968 3830 6 17 t
1002 3824 148 26 needlework
1164 3826 84 27 tai'ght

826 3859 109 22 Summer
949 3858 80 24 Goods
1046 3866 49 16 now
1110 3868 28 15 i>a
1157 3861 60 22 hand

736 3911 263 25 Address—Ormond's
1010 3913 44 23 Bui
1068 3914 55 30 diDg
1134 3916 129 30 Roxburgh
1294 3911 2 35 :

881 4032 57 20 THE
951 4033 183 21 CELEBRATED

731 4069 169 31 CORNISH
920 4072 202 29 AMERICAN
1141 4075 138 30 PIANOS
1294 4068 2 40 I

872 4120 81 28 AND
980 4120 160 31 ORGANS.

740 4198 39 52 Yj
791 4197 118 31 ESSRS
936 4198 167 31 CORNM
1126 4200 23 29 &
1165 4200 55 31 CO.
1234 4213 45 20 are

828 4240 47 29 the
888 4240 63 38 only
966 4240 60 29 firm
1041 4241 28 29 of
1082 4242 88 28 actual
1185 4254 76 19 manu-

731 4280 132 30 facturers
877 4281 28 29 of
925 4281 67 38 high
1015 4282 85 37 grade
1114 4282 97 30 Pianos
1225 4285 53 28 and

731 4320 106 39 Organs
861 4322 30 27 in
917 4322 47 28 the
999 4321 104 30 United
1130 4327 90 26 fctates
1251 4326 28 28 of

731 4363 109 27 Ameria
872 4362 99 38 selling
1000 4363 167 39 exclusively
1193 4366 86 29 direct

730 4402 69 28 from
813 4403 46 28 the
873 4403 107 38 factory
990 4407 28 24 to
1030 4405 45 26 the
1084 4405 111 35 general
1209 4407 56 36 pub
1274 4402 3 41 -

729 4442 44 35 lic,
782 4448 27 23 at
819 4444 168 37 guaranteed
999 4444 142 29 wholesale
1152 4445 73 38 price
1236 4447 43 29 for

728 4492 16 16 a
757 4484 87 35 single
857 4485 176 26 instrument.
1072 4484 44 28 No
1131 4492 96 29 agents
1247 4497 31 17 or

728 4521 103 30 dealers
853 4534 45 18 are
920 4524 112 29 allowed
1058 4528 28 25 to
1110 4525 98 29 handle
1232 4527 45 29 the
1290 4521 3 37 !

730 4562 114 29 Cornish
854 4565 143 28 American
1011 4565 99 28 Pianos
1119 4576 31 18 or
1158 4566 116 39 Organs.
1290 4562 3 43 |

728 4602 27 29 It
768 4603 22 28 is
802 4604 58 37 just
874 4616 28 17 as
916 4616 63 28 easy
992 4606 44 28 for
1051 4607 46 28 the
1120 4607 108 29 readers
1247 4609 30 28 of

728 4644 52 28 this
794 4654 83 29 paper
890 4650 27 24 to
931 4647 35 28 sit
980 4647 79 28 down
1085 4647 54 29 and
1162 4648 80 29 order
1261 4659 16 19 a

727 4684 84 29 Piano
825 4696 31 18 or
870 4686 91 38 Organ
974 4687 72 29 from
1061 4689 134 35 America,
1208 4700 30 17 as
1247 4694 28 24 to

727 4725 79 28 order
816 4736 51 19 one
880 4727 68 28 from
961 4728 71 28 their
1043 4729 84 28 music
1138 4734 82 31 store,
1230 4730 45 28 the

726 4766 62 38 only
803 4766 145 31 difference
965 4769 82 38 being
1061 4770 64 37 they
1139 4771 53 27 will
1211 4781 64 19 save

727 4807 67 26 from
809 4807 36 27 50
858 4812 28 23 to
905 4809 47 26 100
967 4819 48 27 per
1027 4816 72 22 cent.

766 4845 50 28 We
830 4847 68 28 have
913 4847 108 39 Organs
1035 4850 70 28 from
1118 4851 38 27 £G
1169 4855 27 23 to
1210 4852 69 33 £25,

729 4885 97 28 Pianos
839 4887 69 28 from
923 4889 57 26 £-34
993 4893 28 23 to
1035 4889 65 33 £OO,
1112 4891 54 26 and
1176 4900 39 18 we
1229 4891 47 27 sell
1291 4877 3 49 j

728 4925 42 28 for
783 4926 63 28 cash
861 4936 31 19 or
919 4938 70 27 upon
1010 4928 161 30 instalment
1188 4931 89 37 plans,

729 4971 27 22 to
771 4966 53 28 suit
847 4967 45 28 the
917 4969 181 29 convenience
1112 4971 28 27 of
1153 4971 46 28 the
1213 4982 48 27 pur-

728 5005 102 28 chaser.
870 5007 57 28 Our
958 5009 75 39 large
1061 5011 54 27 and
1142 5012 135 37 complete

727 5044 141 38 catalogue
891 5048 52 27 will
971 5050 33 27 be
1028 5050 153 29 forwarded
1202 5061 72 28 upon

726 5094 115 29 rtquest.
882 5087 28 28 It
922 5089 23 27 is
959 5090 46 29 the
1018 5091 81 28 finest
1108 5091 166 37 description

725 5127 28 23 of
766 5125 98 28 Pianos
877 5129 54 25 and
946 5129 107 37 Organs
1067 5131 90 26 issued
1172 5131 35 35 by
1219 5140 53 26 any

724 5162 59 30 firm
806 5164 27 29 in
856 5165 47 31 the
929 5174 123 33 country,
1065 5169 54 29 and
1134 5169 77 40 gives
1225 5170 46 29 the

722 5206 88 26 actual
822 5207 104 39 factory
941 5210 78 27 value
1032 5211 28 26 of
1073 5221 82 26 every
1169 5211 87 27 instru-

721 5249 75 23 ment
809 5245 21 27 it
843 5246 145 31 describes.
1012 5249 75 28 With
1101 5260 81 29 every
1196 5255 58 23 cata-

720 5283 80 39 logue
813 5286 22 28 is
849 5290 145 34 presented
1007 5300 51 17 our
1070 5291 101 37 unique
1185 5291 70 28 refer-

719 5333 66 19 ence
799 5325 80 36 book,
921 5328 57 28 The
995 5329 84 28 Heart
1093 5330 27 27 of
1134 5331 46 27 the
1200 5330 51 29 Peo-

816 5365 85 32 Write
911 5369 42 29 for
963 5370 152 37 catalogue.
1135 5371 132 35 Address,

840 5417 169 30 CORNISH
1029 5419 24 28 &
1077 5420 67 37 CO.,

731 5462 160 32 Washington,
905 5467 54 22 New
972 5468 91 26 Jersey,
1073 5468 59 28 U.S.,
1143 5470 111 21 America.

720 5533 98 54 'pHE
863 5536 135 31 WIFE'S
1049 5538 219 30 WELFARE—

804 5576 122 31 Treatise
946 5579 96 37 posted
1065 5580 66 28 free.
1171 5580 28 28 It
1216 5580 53 28 will

721 5616 78 29 teach
820 5628 55 26 you
901 5630 75 18 more
989 5620 65 28 than
1068 5619 35 30 all
1127 5620 47 30 the
1190 5632 79 28 years

720 5658 99 36 }ou've
832 5660 81 29 lived.
953 5661 89 36 Every
1054 5672 105 18 woman
1173 5662 97 29 should

720 5698 63 27 read
815 5700 31 27 it.
885 5700 89 28 Write
1007 5701 75 28 Prof.
1117 5701 153 35 Hermann,

721 5736 107 32 French
842 5738 154 40 Specialist,
1011 5743 35 26 40
1067 5740 203 40 Collins-place,

721 5778 170 32 Melbourne.

1343 802 402 84 AUTUM

1961 1850 471 84 WINTER

1363 4490 29 19 m

1327 4513 30 20 sv.\

2313 4516 30 22 v:

2467 1535 177 53 MILLS,
2666 1537 131 43 DICK,
2824 1535 36 37 &
2887 1535 128 37 CO.'S

2707 1596 69 28 1897

2485 1648 188 30 ALMANAC
2695 1657 52 19 and
2771 1644 227 32 DIRECTORY.

2648 1695 84 35 Price,
2749 1695 28 27 Is
2793 1694 44 27 Gd.

2468 1777 88 37 Every
2583 1776 123 34 Farmer,
2734 1775 105 33 Miner,

2713 1821 53 28 and
2795 1821 133 27 Business
2953 1819 66 27 Man

2543 1875 104 28 {Should
2676 1874 118 28 Procure
2817 1883 16 17 a
2860 1872 85 39 Copy.

2497 1953 57 30 Can
2581 1954 34 27 be
2642 1952 53 29 had
2721 1952 72 28 from
2820 1951 46 29 the
2892 1949 85 29 under-

2647 1992 157 30 mentioned
2806 2009 36 4 —

2506 2053 115 28 Mackay
2637 2052 94 34 Bros.,
2745 2050 155 38 Roxburgh

2504 2093 26 29 J.
2546 2093 79 29 Noon
2629 2102 44 25 an,
2688 2092 108 29 Ettrick

2504 2135 91 26 Johns
2610 2142 55 19 and
2679 2132 147 34 M'Combe,
2841 2131 103 27 Millers
2958 2129 63 28 Flat

2503 2175 27 27 J.
2547 2175 32 28 R.
2596 2173 91 35 Kemp,
2702 2173 68 28 Bald
2789 2172 52 27 Hill
2858 2171 61 28 Flat

2504 2215 31 28 L.
2554 2217 85 32 Ryan,
2653 2214 72 34 Jnr.,
2740 2212 159 29 Alexandra
2913 2211 88 28 South

2504 2255 31 29 B.
2551 2255 122 35 Naylor,
2688 2254 87 38 Clyde

2469 2338 55 28 l\/f
2528 2338 78 28 ANY
2629 2337 98 29 Ladies
2749 2337 134 37 complain
2899 2336 61 27 that
2973 2336 46 27 the

2565 2380 54 27 'lea
2632 2379 64 36 they
2711 2377 69 28 have
2791 2378 68 27 been
2875 2377 81 36 using
2969 2376 48 27 has

2466 2420 108 28 neither
2584 2419 127 38 strength
2781 2417 113 28 flavour.
2916 2417 27 28 If
2953 2417 64 36 they

2467 2466 42 32 try
2526 2460 86 29 Kozie
2625 2459 55 28 Tea
2692 2459 66 37 they
2771 2457 54 29 will
2839 2458 34 27 be
2887 2457 129 29 satisfied.

2466 2502 91 28 .Johns
2574 2500 24 29 &
2617 2499 148 35 M'Combe,
2781 2500 116 36 Agents,
2914 2497 103 29 Millers

2468 2709 138 30 CTOCK
2632 2709 35 28 all
2690 2709 47 28 the
2761 2707 112 39 leading
2903 2712 6 21 f
2922 2706 92 34 nixlish

2447 2747 3 40 j
2540 2751 54 28 and
2609 2749 117 30 German
2741 2749 97 28 Makes
2852 2747 30 29 of
2895 2747 100 28 Pianos
3008 2758 6 16 :

2515 2803 174 25 BRINSMSAD,
2707 2801 139 25 COLLARD,
2866 2800 97 25 SAMES,

2657 2829 166 25 EAVESTOFF,

2464 2870 202 26 SCHWECHTEN,
2677 2869 69 26 LIPP,
2757 2868 72 20 OCRS
2839 2868 16 20 &
2866 2866 148 25 KALLMAN,

2589 2908 165 24 GERHARDT,
2770 2906 124 21 HANSEN.

2503 2981 119 37 Chas.
2647 2980 107 46 Begg
2777 2977 83 37 and
2884 2976 98 38 Co.'s

2446 3047 4 50 ;
2465 3050 230 31 EXHIBITION
2725 3048 132 30 MODEL
2889 3047 125 42 I'JANO,

2444 3102 3 42 |
2664 3102 56 28 £3B
2741 3109 75 19 NETT.

2443 3168 2 62 |
2462 3183 120 29 STORY
2608 3183 24 28 &
2660 3181 162 30 CLARK'S
2852 3179 162 36 ORGANS,

2559 3233 176 29 KIMBALL
2756 3231 162 35 ORGANS,

2445 3283 1 44 |
2462 3286 80 30 From
2553 3287 56 29 £2O
2619 3290 27 25 to
2656 3285 78 30 £50..
2744 3284 89 30 .From
2844 3284 55 29 £2O
2909 3287 28 26 to
2946 3283 66 29 £SO.

2445 3353 1 43 !
2461 3367 145 29 BESSON
2635 3366 23 29 &
2689 3365 112 30 BOOSi-
2812 3364 56 29 Y'S
2890 3363 121 30 BRASS

2594 3405 285 31 INSTRUMENTS.

2460 3489 98 29 Violin
2573 3489 67 27 Bow
2657 3488 153 28 Repairing
2823 3496 17 18 a
2854 3486 155 29 Specialty.

2497 3540 102 33 Violin,
2614 3539 66 28 Bow
2694 3539 52 27 and
2765 3537 99 29 Case...
2907 3536 67 37 30/-

2495 3579 183 35 Accordeons,
2693 3578 70 29 from
2836 3602 28 3 ...
2927 3575 45 40 7/6

2527 3661 109 28 CHAS.
2659 3659 100 28 BEGG
2783 3658 79 27 AND
2884 3657 56 30 CO.

2458 3708 79 29 Have
2558 3708 46 28 the
2627 3707 105 38 largest
2755 3706 55 28 and
2831 3708 71 26 most
2915 3704 93 30 varied

2457 3749 78 29 stock
2549 3748 28 29 of
2591 3748 90 28 Music
2691 3747 27 27 in
2730 3747 47 27 the
2787 3746 112 35 Colony.
2939 3745 69 29 New

2554 3788 159 38 Shipments
2728 3785 186 39 Fortnightly.

2640 3839 70 29 New
2731 3838 97 30 Songs.

2441 3876 2 41 |
2492 3881 80 28 Morn
2607 3880 28 28 of
2674 3879 122 28 Sorrows
2799 3877 209 29 —Snowfhikes

2441 3917 2 37 j
2456 3920 172 30 Fair—Gate
2641 3920 28 28 of
2688 3919 61 29 Life
2751 3918 93 28 —For
2864 3918 45 28 the
2934 3917 60 29 Chil-

2441 3959 2 45 |
2456 3962 90 29 dren's
2562 3962 72 28 Sake
2635 3960 108 29 —Wilt
2757 3960 75 28 Thou
2848 3959 33 28 be
2897 3959 74 28 Mine
2974 3976 33 3 —

2442 4000 2 37 j
2458 4003 136 30 Sunshine
2627 4000 193 29 Above—She
2854 4000 100 36 Stoops
2980 4004 28 22 to

2443 4039 2 43 j
2457 4042 210 39 Conquer—No
2690 4041 42 29 for
2754 4051 35 18 an
2810 4042 115 27 Answer
2927 4039 80 29 —No

2444 4083 2 43 j
2456 4083 90 28 Man's
2561 4083 86 28 Land.

2441 4133 3 35 (
2587 4135 99 28 Violin
2706 4143 55 19 and
2781 4133 95 27 Piano.

2441 4172 2 40 |
2493 4176 128 28 Andante
2644 4180 28 24 et
2695 4174 118 30 Scherzo
2836 4172 171 40 Capriccioso

2440 4206 2 52 i
2458 4218 112 36 (David)
2650 4216 100 29 Bach's
2793 4218 40 26 Ist
2873 4215 135 28 Concerto
3021 4206 2 52 j

2440 4249 2 50 j
2459 4258 108 36 (Alard)
2572 4258 124 27 —Three
2732 4256 93 28 Pieces
2853 4255 155 38 Classiques
3021 4249 2 50 j

2440 4287 1 52 i
2458 4298 190 38 (Kagghianti)
2652 4295 353 37 —LesEchoes(Leonard)
3021 4287 2 52 j

2440 4336 1 34 !
2455 4339 172 28 —Mazurka
2666 4339 33 27 de
2746 4339 116 27 Conceit
2909 4336 99 34 (Ovide

2439 4376 2 43 j
2456 4379 102 35 Musin)
2563 4379 174 28 —Romance
2773 4378 124 36 (Jansen)
2901 4377 106 28 —Sou-

2456 4419 77 29 venir
2547 4419 32 29 de
2594 4419 101 38 Haydn
2714 4419 7 36 (
2749 4418 124 37 eonard).

2498 4500 118 38 Chas.
2641 4500 109 46 Begg
2778 4498 81 38 and
2885 4498 73 41 Co.,
3019 4498 2 56 j

2471 4560 31 28 21
2546 4560 118 28 Princes
2700 4560 112 33 Street,
2847 4557 138 35 Dunedik,
3017 4555 4 47 j

2453 4611 113 32 Having
2592 4623 15 16 a
2634 4611 75 28 Most
2736 4610 125 28 Efficient
2885 4609 71 28 Staff
2976 4609 28 27 of
3018 4609 1 34 i

2455 4652 159 35 Workmen,
2624 4663 49 17 can
2687 4652 98 37 Hepair
2794 4651 54 28 and
2870 4651 4 38 J
2887 4660 52 17 une
2950 4659 51 27 any
3017 4651 2 38 i

2573 4692 117 28 Musical
2709 4692 172 27 Instrument

2507 4743 49 28 AT
2582 4741 209 30 MODERATE
2814 4739 121 30 RATES

2502 4805 31 21 To
2551 4811 27 15 be
2593 4806 127 20 Published
2734 4809 24 16 in
2768 4806 113 22 Januaky,
2897 4802 54 21 1808.

2455 4853 169 29 CTONES'
2656 4851 125 30 OTaGO
2811 4851 23 28 &
2862 4849 117 30 SOUTH-

2455 4880 34 27 °
2695 4891 105 28 LAND

2502 4946 152 25 Commercial,
2670 4945 134 24 Municipal,
2816 4943 15 21 &
2847 4943 106 21 General

2610 4988 237 44 DIRECTORY,

2701 5045 55 20 AND

2487 5091 90 28 NEW
2595 5088 181 30 ZEALAND
2792 5086 171 33 ANNUAL,

2675 5138 111 37 1898.

2471 5228 167 30 Fourteenth
2656 5227 74 27 Year
2749 5225 30 27 of
2797 5222 180 29 Publication.

2448 5307 90 38 Demy
2565 5307 52 27 Bvo
2642 5305 64 34 size,
2732 5300 160 37 containing
2914 5300 82 27 about

2466 5348 53 30 900
2526 5345 223 41 pages,together
2758 5342 64 30 with
2832 5350 145 19 numerous

2503 5388 80 36 Maps
2607 5384 140 30 corrected
2767 5388 28 23 to
2808 5383 73 31 date,
2894 5381 47 26 the

2530 5426 86 30 whole
2630 5422 178 38 handsomely
2821 5419 94 31 bound

2557 5468 28 27 in
2599 5467 83 34 cloth,
2694 5461 191 43 gilt-lettered.

2453 5548 76 28 Price
2542 5552 28 24 to
2585 5547 187 34 Subscribers,
2786 5544 49 29 12s
2849 5542 52 36 6d;
2921 5541 57 29 Non-

2440 5586 3 45 j
2598 5587 185 34 Subscribers,
2794 5586 57 28 15s.

2443 5650 3 58 j
2499 5670 130 35 STONE,
2661 5668 83 35 SON,
2777 5666 80 30 AND
2888 5664 66 36 CO.,

2639 5714 178 34 Publishers,

2510 5762 141 31 Crawford
2677 5761 100 35 Street,
2800 5758 137 30 Dunedin.

2561 1016 119 29 FIRST.
2888 1017 158 29 SECOND.
3255 1017 129 29 THIRD.
3583 1018 164 30 FOURTH.
3947 1020 138 30 FIFTH;.

2463 1056 119 30 BOOTS
2616 1058 66 28 with
2719 1058 56 29 this
2815 1058 41 30 On
2870 1058 55 30 this
2948 1058 91 28 Brand
3060 1058 64 37 only
3164 1058 72 37 Only
3257 1058 46 28 the
3324 1069 66 27 very
3414 1059 61 29 best
3514 1059 133 36 Earmers,
3704 1061 112 35 Miners,
3855 1061 57 28 The
3921 1063 136 26 standard
4065 1062 91 27 Brand

2464 1098 90 27 Brand
2564 1108 34 18 on
2609 1098 47 28 the
2664 1098 58 28 heel
2731 1108 44 17 are
2815 1099 46 27 the
2893 1109 66 26 very
2997 1099 61 27 best
3097 1098 29 27 of
3163 1098 29 27 of
3203 1098 140 28 Materials
3354 1108 45 18 are
3408 1099 65 27 used
3512 1100 52 27 and
3579 1100 34 27 all
3629 1101 59 28 who
3702 1105 72 23 want
3787 1105 29 24 to
3858 1101 81 28 Hoots
3952 1101 53 28 and
4017 1101 86 30 Shoes
4112 1112 45 19 are

2463 1137 168 38 guaranteed
2638 1142 28 24 to
2673 1137 44 29 Fit
2722 1138 54 28 and
2817 1138 151 29 Workmen
2998 1149 45 17 are
3069 1148 55 18 em-
3163 1138 26 27 in
3227 1138 54 28 tV.is
3323 1138 90 28 Brand
3447 1139 28 29 of
3513 1140 69 38 keep
3602 1141 70 27 their
3686 1142 55 27 feet
3756 1141 59 37 dry,
3855 1141 98 28 known
3972 1142 71 29 from
4064 1142 93 29 Anck-

2537 1177 85 30 Wear
2634 1178 69 29 well.
2917 1179 108 39 ployed.
3191 1179 83 29 Boots
3288 1179 54 28 and
3358 1178 94 30 Shoes.
3547 1183 44 35 try
3604 1182 54 27 this
3678 1182 92 28 Brand
3856 1182 61 28 land
3932 1187 27 24 to
3973 1183 46 29 the
4034 1183 124 28 Blufffor

3890 1223 114 37 sterling
4014 1223 112 37 quality.

2502 1258 73 30 ALL
2596 1259 118 30 BOOTS
2735 1260 170 29 BEARING
3232 1259 51 30 ON
3312 1260 77 29 THE
3410 1260 101 30 HEEL
3542 1262 74 28 ARE
3643 1263 319 30 MANUFACTURED
3982 1264 40 29 IN
4045 1264 76 30 THE

2778 1301 251 29 CELEBRATED
3078 1300 207 29 STANDARD
3337 1302 131 27 BRAND
3489 1302 96 28 BOOT
3605 1303 175 30 FAC'IORY
3801 1304 49 28 BY

2743 1367 32 47 R
2797 1364 315 65 AROOOD,
3159 1364 128 55 SON
3326 1366 46 52 &
3411 1366 244 63 EWFA\
3707 1394 188 30 DUNEDIN.

2515 1433 176 21 WHOLESALE
2717 1433 85 20 ONLY.

3030 1508 3 101 j
3048 1515 476 71 Matthews
3576 1533 50 50 &
3674 1517 489 92 ©halm@r%

3246 1648 254 56 COACH
3568 1648 399 69 BUILDERS,

3281 1749 331 37 WHEELWRIGHTS,
3652 1751 283 37 BLACKSMITHS,

3584 1823 54 19 AND

3138 1875 301 30 AGRICULTURAL
3478 1875 228 30 IMPLEMENT
3744 1876 350 39 MANUFACTURERS,

3410 1950 72 30 Ross
3521 1951 99 36 Place,
3659 1951 162 31 Lawrence.

3090 2043 74 28 ALL
3205 2042 122 30 KINDS
3367 2044 47 28 OF
3452 2043 146 29 MINING
3637 2043 233 30 MACHINERY
3909 2045 107 29 MADE
4055 2046 80 29 AND

3514 2096 203 30 REPAIRED.

3504 2189 110 28 Agents
3634 2198 49 20 for
3684 2206 36 5 —

3051 2256 229 40 Massey-Harris
3301 2256 121 40 Reapers
3443 2256 54 30 and
3528 2257 121 36 hinders,
3671 2258 176 37 Cultivators,
3874 2260 137 36 bcufflers,
4037 2260 121 40 Ploughs

3510 2298 90 28 Horse
3614 2299 98 36 Rakes,

3353 2350 121 29 Peerless
3495 2349 52 36 Oil,
3570 2350 102 28 Binder
3692 2350 102 37 Twine,
3814 2350 48 30 &c.

3102 2430 47 28 All
3179 2430 88 30 Work
3298 2430 151 30 Entrusted
3472 2434 28 25 to
3526 2430 41 29 Us
3594 2431 54 28 will
3674 2430 115 30 Receive
3815 2431 114 40 Prompt
3955 2433 153 30 Attention.

3372 2511 132 22 CHARGES
3530 2511 134 22 STRICTLY
3690 2512 152 21 MODERATE

3030 2589 3 10 f

3029 2613 2 10 :

3029 2628 1 15 :

3304 2599 75 28 FOlt
3417 2598 97 29 SALE
3530 2599 5 28 !

3679 2599 74 28 FOR
3791 2599 115 29 SALE!

3127 2679 217 30 STAUNCH
3377 2679 92 29 AND
3506 2680 249 29 HANDSOME
3794 2681 373 31 THOROUGHBRED

3504 2836 140 29 Produced
3670 2836 35 38 by

3213 2888 160 28 Yankee
3394 2888 239 28 enterprise
3653 2888 75 28 out
3749 2888 47 28 of
3817 2888 183 29 America.

3312 2928 45 39 Up
3371 2931 28 26 to
3412 2939 53 28 any
3480 2928 109 38 weight,
3603 2928 54 30 and
3669 2928 98 30 carries
3780 2939 16 18 a
3810 2927 86 39 Lady.

3118 2980 174 29 Guaranteed
3303 2981 168 37 thoroughly
3480 2980 86 28 sound
3579 2981 53 27 and
3641 2981 84 38 quiet.
3768 2980 61 28 Will
3840 2990 62 28 pass
3913 2981 114 28 traction
4039 2981 125 38 engine?,

3045 3024 92 33 trams,
3153 3021 94 36 trains,
3262 3025 169 30 motor-cars,
3447 3020 95 30 forked
3558 3020 150 40 lightning,
3721 3032 31 18 or
3771 3020 137 40 anything
3930 3022 64 36 else,
4015 3022 112 38 barring
4144 3032 16 18 a

3044 3062 62 38 lady
3122 3063 128 27 mounted
3265 3072 34 18 on
3313 3062 114 28 another
3452 3062 161 28 Newhaven
3633 3062 124 29 Bicycle.

3120 3141 180 30 FARMERS
3315 3142 142 38 requiring
3471 3141 83 29 Grain
3565 3142 94 36 Drills,
3671 3143 103 37 Turnip
3788 3143 54 28 and
3852 3144 115 29 Manure
3975 3144 93 34 Drills,
4081 3143 60 29 Com-

3046 3182 82 29 bined
3142 3182 93 36 Drills,
3249 3182 65 29 Disc
3328 3184 24 27 li
3357 3192 111 26 arrows,
3482 3182 131 38 Ploughs,
3629 3182 69 29 Seed
3714 3182 137 38 Cleaners,
3862 3195 30 18 or
3904 3196 51 24 any
3969 3184 79 28 other
4059 3184 87 38 Imple-

3043 3227 89 23 ments
3146 3234 31 17 or
3191 3223 139 28 Machines
3344 3222 96 28 should
3451 3223 65 27 send
3531 3223 44 28 for
3588 3234 48 16 our
3650 3223 150 35 catalogue.

3067 3262 58 21 THE
3139 3262 144 21 COLONIAL
3295 3261 148 22 COMBINED
3462 3261 101 22 DRILLS
3575 3262 62 21 AND
3652 3262 62 21 DISC
3727 3262 143 22 HARROWS
3883 3263 58 21 ARE
3954 3262 57 22 THE
4028 3262 62 22 BEST
4104 3260 33 24 IN

3488 3290 57 21 THE
3567 3290 124 21 MARKET.

3130 3360 306 60 Morrow,
3505 3360 260 51 Bassetf
3946 3361 106 66 G@,

3292 3435 179 29 DUNkDtN
3509 3445 54 18 and
3602 3434 311 37 CHRISTCHURCH,

3353 3487 63 29 Sole
3430 3488 107 36 Agents
3550 3488 27 27 in
3593 3486 66 29 New
3673 3487 118 28 Zealand
3805 3487 43 29 for

3170 3528 78 29 THE
3268 3527 217 30 M'CORMICK
3506 3526 248 30 HARVESTjNG
3774 3527 182 29 MACHINE
3977 3528 56 29 CO.

3089 3625 385 56 COSSENS
3539 3624 172 55 AxND
3781 3624 329 65 BLACK,

3164 3710 234 38 ENGINEERS,
3417 3710 282 36 BLACKSMITHS,
3720 3710 276 30 MILLWRIGHTS
4017 3711 24 29 &

3446 3751 309 35 IRONFOUNDERS,

3315 3802 357 27 CRAWFORD-STREET,
3712 3802 95 22 DUNE
3813 3802 71 22 DIN.

3355 3870 377 29 —MANUFACTURERS
3765 3870 85 28 OF

3041 3914 141 39 Pumping
3196 3913 54 29 and
3272 3912 138 39 Winding
3429 3911 168 39 Machinery,
3622 3910 227 30 HYDRAULIC
3870 3910 145 30 MINIISG
4036 3911 118 30 PLAN!

3111 3955 157 38 (including
3283 3953 152 39 Hydraulic
3450 3953 118 37 Giants),
3583 3952 89 29 Sluice
3686 3952 109 36 Valves,
3809 3952 127 29 Elevator
3954 3951 138 40 Castings,

3346 3994 66 28 Iron
3426 3994 55 27 and
3497 3993 73 28 Steel
3584 3992 139 39 Flumiug,
3737 3992 58 35 &c.,
3810 3993 47 28 &c.

3151 4046 156 31 DREDGE
3334 4045 216 36 TUMBLERS,
3572 4044 181 36 BUCKETS,
3774 4044 127 36 LINKS,
3921 4044 59 36 &c.,
4001 4044 46 30 &c.

3044 4088 206 36 Waterwheels,
3262 4087 145 34 Turbines,
3422 4086 83 28 Brick
3518 4085 54 29 and
3586 4085 85 29 Drain
3686 4085 66 39 Pipe
3767 4085 116 39 Making
3894 4085 54 28 and
3958 4085 89 29 Wood
4059 4085 77 30 Work-

3124 4131 47 36 ing
3188 4129 170 36 Machinery.
3399 4126 90 29 Horse
3503 4129 118 33 Powers,
3636 4126 190 34 Chaft'cuttcrs,
3840 4125 103 39 Turnip
3962 4126 122 38 Pulpers,

3288 4169 54 28 and
3356 4167 35 28 all
3407 4167 80 29 kinds
3501 4168 28 29 of
3542 4167 158 38 Machinery
3714 4166 53 29 and
3782 4166 128 39 Gearing.

3156 4252 16 21 A
3200 4250 78 21 VERY
3308 4250 94 21 LARGE
3428 4249 88 22 STOCK
3542 4249 35 20 OF
3603 4247 142 22 PATTERNS
3770 4247 35 21 TO
3831 4247 101 22 SELECT
3959 4247 85 23 FROM.

3038 4319 214 32 ESTIMATES
3274 4318 129 29 GIVEN.

3575 4316 352 30 CORRESPONDENCE
3948 4316 209 31 SOLICITED.

3055 4402 115 40 Repairs
3184 4400 53 29 and
3252 4410 81 28 every
3348 4399 165 39 description
3529 4399 29 29 of
3572 4398 188 39 Engineering
3773 4398 54 28 and
3846 4398 192 29 Blacksmith's
4053 4398 86 30 Work

3440 4443 51 25 Pro
3496 4440 66 37 mpll
3565 4451 16 25 y
3604 4440 148 27 Executed.

3691 4717 46 28 m

3369 4976 90 38 HILL
3480 4976 158 39 GROWN
3850 5001 6 6 ■

3682 4867 22 17 Jri
3708 4872 24 14 icj

3863 4855 61 30 mi

3075 5066 47 52 K'
3142 5075 62 35 THE
3220 5075 87 34 MOST
3320 5075 158 35 DELICIOUS
3492 5075 22 35 &
3529 5075 195 35 ECONOMICAL.
3737 5076 61 33 TEA
3814 5077 27 32 IN
3856 5077 63 32 THE
3934 5078 110 32 WORLD.
4061 5066 2 55 I
4078 5082 32 39 K

3460 5237 89 30 Local
3571 5239 146 28 Agents—

3064 5294 33 23 D.
3115 5292 193 25 CORMACK,
3329 5291 172 26 Roxburgh:
3520 5290 125 27 JOHNS
3664 5291 25 26 &
3710 5292 37 25 M*
3753 5292 139 25 COMBE.
3913 5293 104 24 Millers
4038 5293 70 24 Flat,

3026 5384 41 53 JT
3164 5384 32 37 J.
3276 5382 286 37 WILLIAMS

3051 5455 199 23 HAIRDRESSER
3269 5454 62 21 AND
3350 5454 200 25 TOBACCONIST,

3222 5504 162 30 Lawrence.

3065 5595 150 33 LADIES'
3245 5594 296 32 HAIRCOMBINGS

3111 5650 109 29 MADE
3240 5649 91 29 INTO
3351 5648 144 29 PLAITS.

3032 5737 100 31 Orders
3141 5736 36 41 by
3187 5739 63 37 post
3258 5734 137 41 promptly
3401 5732 131 31 attended
3541 5736 21 26 tc

3562 5371 1 44 :
3579 5371 3 44 i
3596 5374 141 27 TTOZIE
3752 5374 84 29 TEA.
3875 5376 25 26 A
3913 5375 174 38 stimulating
4094 5375 67 29 and;

3567 5412 16 44 'j
3685 5413 155 40 sustaining
3853 5425 52 28 cup
3918 5415 28 28 in
3959 5425 121 19 summer
4096 5416 53 29 and

3580 5444 3 49 !
3595 5456 105 27 winter.
3739 5454 35 29 D.
3790 5454 142 36 Cokmack,
3948 5456 104 37 Agent,
4074 5456 56 30 Rox-

3581 5492 2 41 i
3595 5495 100 38 burgb.

4106 5565 1 4 .
4157 5565 3 4 .
