2470 3850
676 935 111 66 Oxford
806 935 56 66 and
881 935 74 66 Cust
974 935 167 66 Obserber.

740 1001 187 18 PUBLISHED
946 1001 156 22 WEEKLY.

686 1043 167 23 SATURDAY.
900 1043 61 20 June
994 1043 54 21 11th
1084 1044 57 20 1892.

724 1142 166 25 WEDDING
908 1142 42 25 AT
973 1143 146 25 OXFORD.

693 1222 39 24 On
743 1222 116 31 Monday,
872 1222 66 24 June
950 1223 61 28 6th.,
1029 1223 43 23 the
1089 1222 98 24 Roman

661 1259 113 25 Catholic
808 1259 99 25 Church
945 1267 50 19 was
1023 1260 110 25 crowded
1157 1261 30 23 .to

658 1298 99 24 witness
774 1298 44 24 the
846 1299 120 30 marriage
994 1298 27 25 of
1052 1299 39 23 Mr
1114 1299 73 24 Peter

658 1337 99 24 Garlick
773 1338 49 23 and
841 1338 61 23 Miss
914 1338 104 31 Hedwig
1036 1338 147 24 Placharsh.

659 1376 51 25 The
721 1384 130 23 ceremony
867 1385 48 16 was
933 1376 137 32 performed
1088 1376 34 32 by
1144 1376 43 25 the

658 1415 53 23 Rev
722 1414 93 24 Father
834 1414 139 28 O'Connor,
994 1415 55 24 who
1068 1415 62 23 after
1147 1414 43 24 the

658 1457 136 24 ceremony,
804 1457 57 24 very
981 1449 130 25 addressed
1144 1449 43 25 the

658 1488 82 31 happy
768 1489 85 30 couple
881 1489 106 29 wishing
1014 1489 69 24 them
1111 1496 72 23 every

658 1527 134 32 happiness
804 1528 55 24 that
871 1528 51 24 this
933 1528 76 24 world
1020 1528 71 24 could
1102 1528 85 28 afford,

658 1567 49 23 and
720 1567 126 32 earnestly
863 1567 148 31 impressing
1027 1575 65 23 upon
1120 1566 69 25 them

659 1605 41 24 the
712 1606 123 30 necessity
853 1605 26 24 of
896 1609 44 21 not
957 1605 141 31 neglecting
1125 1605 65 24 their

658 1642 111 31 spiritual
781 1642 88 25 duties.
905 1642 40 25 Mr
958 1642 37 25 W.
1008 1642 78 31 Paget
1115 1642 74 25 drove

657 1680 43 24 the
728 1680 82 31 happy
839 1680 94 31 couple,
961 1680 27 24 m
1021 1680 41 24 his
1089 1679 100 32 elegant

659 1720 116 30 carriage,
788 1722 25 21 to
823 1720 42 24 the
877 1720 95 24 Bride's
983 1720 82 28 home,
1082 1719 81 25 where
1175 1728 15 16 a

660 1759 145 29 sumptuous
822 1757 62 24 feast
901 1757 49 24 had
978 1757 62 24 been
1072 1757 117 30 provided

658 1796 27 24 m
695 1803 14 16 a
719 1803 113 23 marquee
841 1795 116 31 provided
968 1795 37 25 for
1016 1795 44 25 the
1068 1795 120 25 occasion.

658 1834 21 24 A
690 1834 108 31 blessing
810 1834 92 31 having
911 1834 62 24 been
984 1834 74 24 asked
1072 1836 117 29 guests.to

658 1872 42 24 the
717 1871 104 24 number
832 1871 26 24 of
868 1872 73 23 about
955 1873 39 26 60,
1006 1872 42 23 fell
1060 1873 32 28 to,
1105 1872 59 24 with
1174 1879 15 16 a

656 1909 58 24 will.
750 1909 51 23 Our
811 1909 185 30 representitive
1008 1917 50 16 was
1071 1909 118 24 accorded

658 1948 43 25 the
712 1947 97 25 honour
821 1947 27 25 of
861 1948 133 31 proposing
1005 1948 43 25 the
1060 1948 85 24 health
1163 1947 27 26 of

657 1985 42 25 the
711 1985 72 25 Bride
797 1986 49 24 and
863 1986 162 31 Bridegroom
1037 1986 49 24 and
1102 1986 27 24 m
1146 1986 41 24 do-

657 2023 43 32 ing
715 2030 27 18 so
759 2023 127 25 remarked
914 2023 57 25 that
999 2023 69 25 there
1096 2031 50 17 was
1159 2037 3 14 ;
1173 2031 16 17 a

657 2060 88 31 bgend
755 2061 26 23 m
799 2061 39 23 his
849 2063 103 28 country
970 2061 56 23 that
1044 2062 43 23 the
1103 2069 84 23 young

658 2097 56 30 lady
725 2097 56 24 who
792 2099 42 22 cut
845 2098 43 23 the
910 2098 146 23 Bridescake
1067 2098 80 23 would
1158 2098 30 23 be

658 2133 43 26 the
712 2133 55 26 first
778 2134 114 25 married.
933 2135 41 24 He
985 2135 80 31 hoped
1081 2135 55 25 that
1147 2135 40 25 his

658 2173 78 24 words
752 2180 63 17 were
832 2172 134 31 prophetic,
983 2173 50 23 and
1063 2173 54 24 that
1145 2173 31 24 he

660 2211 88 25 should
764 2213 44 23 not
825 2212 59 31 only
900 2211 63 25 have
980 2212 42 24 the
1039 2211 97 25 honour
1162 2212 28 24 of

660 2250 73 31 being
757 2251 99 30 present
872 2251 27 23 to
931 2250 101 24 witness
1059 2250 44 24 the
1130 2258 57 16 con-

661 2289 151 24 summation
824 2288 26 25 of
865 2288 42 25 the
935 2288 133 31 happiness
1093 2289 27 24 of
1144 2289 43 24 the

660 2335 81 24 young
753 2328 56 31 lady
820 2328 27 24 m
858 2328 114 31 question
983 2328 44 24 but
1044 2328 26 24 of
1094 2329 94 24 several

660 2367 84 25 others
761 2368 81 24 whom
860 2367 31 25 he
909 2368 121 31 shrewdly
1058 2368 129 31 suspected

661 2415 41 16 are
714 2406 135 32 exercising
860 2407 92 24 serious
964 2406 120 32 thoughts
1095 2407 26 24 m
1131 2407 56 24 that

659 2445 75 26 much
746 2446 95 24 desired
857 2446 128 25 direction.
1014 2446 40 24 He
1070 2446 62 25 need
1143 2447 44 24 not

661 2491 43 23 say
731 2484 27 22 m
785 2483 116 30 drinking
928 2483 66 24 their
1020 2483 86 24 health
1131 2484 56 24 how

662 2521 121 30 earnestly
794 2519 43 25 the
845 2521 99 29 present
955 2528 128 23 company,
1096 2519 49 25 and
1155 2519 32 25 he

662 2567 50 17 was
724 2567 56 16 sure
788 2559 36 25 all
833 2559 86 25 absent
930 2559 92 25 friends
1039 2561 40 23 too
1107 2559 82 25 would

659 2599 54 30 join
724 2599 27 23 m
762 2599 42 23 the
817 2599 60 23 wish
886 2598 55 24 that
953 2606 71 24 every
1051 2599 137 30 happiness

658 2638 50 24 and
734 2639 135 30 prosperity
894 2646 57 23 may
1001 2639 86 24 attend
1120 2638 69 24 them

659 2675 107 31 through
777 2676 50 24 life.
850 2697 2 3 .
861 2676 52 24 The
929 2676 159 31 Bridegroom
1096 2676 93 30 having

662 2714 133 31 gracefully
806 2715 135 30 responded
952 2716 26 23 to
997 2715 44 24 the
1052 2716 71 27 toast,
1147 2714 42 25 the

661 2755 79 30 party,
750 2754 132 25 continued
902 2756 25 23 to
947 2754 72 31 enjoy
1041 2753 148 26 themselves

661 2791 61 24 with
733 2791 67 24 rural
811 2791 45 24 fun
877 2791 40 24 till
939 2799 15 16 a
975 2792 50 24 late
1047 2792 70 23 hour.
1151 2791 38 31 By

661 2830 43 23 the
727 2838 53 22 way
802 2830 14 23 I
834 2830 50 23 had
904 2831 84 30 nearly
1008 2831 121 29 forgotten
1149 2831 40 23 Mr

662 2869 106 24 Kuballa
778 2869 89 30 played
877 2869 43 24 the
936 2871 51 22 role
1009 2869 27 25 of
1057 2869 53 24 best
1129 2877 60 16 man

663 2906 49 24 and
734 2906 136 30 performed
893 2906 19 24 it
942 2907 65 23 most
1029 2907 123 30 genteely;
1175 2906 14 24 I

663 2946 91 22 cannot
761 2944 107 24 describe
878 2944 42 24 the
929 2944 93 24 dresses
1034 2944 26 25 of
1067 2945 42 23 the
1116 2944 74 25 Bride

663 2981 49 24 and
723 2980 177 25 Bridesmaid's
912 2981 38 24 for
961 2981 69 24 truth
1042 2983 26 22 to
1075 2982 44 24 tell
1130 2982 13 23 I
1155 2981 34 25 al-

664 3028 65 23 ways
740 3020 52 24 lose
804 3020 66 30 sight
881 3020 27 25 of
917 3020 65 25 their
1000 3023 142 22 ornaments
1162 3021 28 24 m

665 3057 122 31 admiring
798 3057 65 25 their
873 3059 81 29 pretty
965 3058 72 28 faces,
1059 3058 44 25 but
1115 3059 50 24 this
1176 3059 14 24 I

665 3095 80 28 know,
757 3095 58 31 they
828 3103 62 17 were
902 3097 65 23 most
978 3095 153 31 charmingly
1147 3096 42 24 'at-

665 3134 63 25 tired
740 3134 48 24 and
799 3133 65 25 their
875 3134 107 31 graceful
999 3142 117 17 manners
1138 3135 54 25 well

665 3173 118 25 accorded
794 3172 61 25 with
866 3173 43 23 the
921 3172 78 25 bridal
1009 3175 111 23 costume
1142 3174 49 24 and

665 3212 43 26 the
719 3212 130 31 solemnity
856 3211 26 25 of
888 3211 43 25 the
939 3212 120 24 occasion.

682 3338 88 29 EAST
787 3342 137 25 OXFORD
945 3342 132 25 SCHOOL
1095 3343 80 25 COM-

859 3379 138 25 MITTEE.

699 3476 53 24 The
763 3476 72 24 usual
845 3474 114 32 monthly
976 3475 109 32 meeting
1103 3476 25 24 of
1150 3476 42 25 the

667 3519 147 26 Committee
825 3526 50 16 was
885 3518 59 24 held
952 3525 33 17 on
996 3518 107 32 Monday
1111 3519 80 31 night.

667 3562 112 23 Present.
814 3561 39 24 Mr
864 3561 109 31 Ingram,
987 3561 147 33 (chairman)
1144 3561 49 24 and

666 3604 92 23 Messrs
769 3603 22 23 A
810 3603 100 28 Baxter,
934 3603 29 24 F.
986 3603 152 30 Waterman,
1167 3604 24 24 J.

668 3646 101 32 Sharpe,
783 3646 24 24 J.
821 3645 122 32 Aldridge,
965 3645 49 24 and
1036 3645 29 25 A.
1092 3646 99 25 Stubbs.

666 3689 52 24 The
730 3690 109 23 minutes
850 3688 27 24 of
886 3688 42 24 the
950 3688 113 31 previous
1085 3689 106 31 meeting

667 3739 63 17 were
741 3732 59 24 read
811 3731 49 25 and
872 3731 142 25 confirmed.

696 3775 21 22 A
729 3774 72 24 letter
812 3782 49 16 was
880 3774 111 25 received
1012 3774 63 24 from
1098 3774 40 24 Mr
1160 3775 28 23 T.

1274 175 38 29 W,
1336 176 100 29 Adams,
1461 176 29 24 of
1508 176 145 29 Greendale,
1678 177 122 34 thanking

1274 218 42 25 the
1328 218 146 38 Cjonpiittee
1492 219 38 25 for
1547 226 27 17 so
1596 218 85 33 kindly
1702 221 96 24 nomin-

1272 262 70 30 ating
1350 261 53 26 him
1414 261 37 24 for
1462 262 43 23 the
1521 266 89 19 vacant
1631 264 53 21 seat
1701 271 33 15 on
1756 263 42 24 the

1272 303 81 25 Board
1366 304 27 23 of
1406 303 147 24 Education.

1304 346 40 23 Mr
1355 346 85 23 James
1453 346 93 30 Sharpe
1560 346 86 24 moved
1687 347 55 24 that
1764 348 33 23 all

1270 395 89 24 money
1379 388 101 31 passing
1514 388 107 31 through
1652 388 43 25 the
1725 389 72 25 Com-

1270 430 108 24 mittees'
1390 430 80 24 hands
1482 430 30 24 be
1523 430 86 31 passed
1623 430 37 31 by.
1665 431 68 24 them
1757 431 40 24 be-

1269 472 52 24 fore
1343 472 44 24 the
1395 472 121 31 -cheques
1538 480 41 16 are
1745 473 52 24 The

1270 515 96 24 motion
1378 515 84 30 lapsed
1473 515 37 24 for
1521 517 67 22 want
1600 515 27 24 of
1636 523 15 16 a
1674 516 122 24 seconder.

1271 557 40 24 Mr
1324 557 92 25 Stubbs
1429 557 118 31 proposed
1586 558 55 24 that
1653 558 43 24 the
1703 559 94 24 motion

1270 599 134 31 appearing
1414 599 27 24 m
1453 599 40 24 Mr
1503 599 86 24 Keats'
1601 607 73 16 name
1683 607 27 17 re
1733 600 63 31 sign-

1269 642 44 31 ing
1324 642 29 24 of
1373 642 106 31 cheques
1502 641 29 25 be
1719 640 80 27 which

1270 692 53 17 was
1335 684 176 32 unanimously
1535 684 102 25 carried.

1305 726 38 24 Mr
1355 726 92 25 Stubbs
1458 727 87 24 moved
1589 727 55 24 that
1666 735 80 23 power
1770 727 27 25 be

1270 769 73 28 given
1354 769 26 23 to
1391 767 43 25 the
1454 767 134 25 Chairman
1611 769 25 23 to
1660 769 55 30 sign
1737 769 61 23 Tea-

1269 809 76 24 chers'
1359 809 107 30 salaries,
1490 810 50 23 and
1561 811 26 22 to
1608 818 47 24 pay
1681 811 69 23 them
1773 818 27 16 as

1269 860 60 16 soon
1338 860 27 16 as
1376 853 58 30 they
1446 860 69 16 came
1526 854 26 23 to
1562 853 75 24 hand.
1672 853 55 24 The
1733 861 66 16 mas-

1268 893 59 25 ter's
1347 896 81 29 report
1447 902 50 17 was
1503 894 109 25 received
1635 895 49 24 and
1704 896 97 24 showed

1269 936 41 24 the
1330 936 146 25 attendance
1512 938 26 23 to
1560 936 29 25 be
1606 939 42 29 jet
1670 938 37 24 far
1730 938 64 24 from

1269 978 160 32 satisfactory.
1444 979 52 24 The
1509 987 102 23 average
1618 980 38 24 for
1663 980 42 24 the
1714 980 88 24 month

1270 1030 51 17 was
1328 1023 72 24 183*5
1408 1022 113 25 children
1528 1024 43 23 out
1578 1023 26 24 of
1611 1030 14 17 a
1633 1023 105 30 possible
1747 1024 56 23 211.

1271 1066 24 23 A
1307 1065 44 25 list
1359 1065 27 24 of
1394 1065 120 31 irregular
1525 1065 126 25 attenders
1673 1074 50 16 was
1747 1067 55 23 sent

1272 1107 28 24 m
1311 1107 32 31 by
1354 1107 43 24 the
1408 1109 100 27 master,
1523 1107 47 24 and
1582 1107 21 24 it
1610 1115 50 17 was
1667 1108 100 24 decided
1775 1110 26 22 to

1275 1150 68 25 write
1355 1151 26 23 to
1393 1150 44 24 the
1451 1152 100 29 parents
1573 1150 27 25 of
1620 1150 80 25 Jessie
1723 1151 80 24 Grant

1274 1193 49 23 and
1335 1192 79 26 Nellie
1425 1192 87 25 Bluett
1530 1192 50 24 and
1602 1193 122 24 ascertain
1747 1193 56 31 wby

1273 1235 59 31 they
1343 1242 61 17 were
1415 1236 45 23 not
1472 1237 56 22 sent
1538 1237 26 22 to
1582 1234 94 26 school.
1710 1235 25 24 It
1755 1243 48 17 was

1275 1277 53 24 also
1339 1277 100 24 decided
1449 1279 27 23 to
1491 1277 73 25 make
1576 1278 123 30 enquiries
1705 1278 96 30 regard-

1274 1320 45 31 ing
1326 1320 43 25 the
1380 1320 199 25 nonattendance
1589 1320 28 25 of
1623 1320 84 25 James
1716 1321 86 30 Major.

1274 1362 52 25 The
1361 1362 127 32 Secretary
1525 1370 50 17 was
1608 1362 136 25 instructed
1777 1364 25 24 to

1276 1405 68 24 write
1356 1406 26 23 to
1394 1405 42 24 the
1448 1405 82 24 Board
1547 1405 27 24 of
1593 1405 139 24 Education
1754 1406 49 23 and

1272 1446 97 24 remind
1380 1446 69 24 them
1461 1446 27 24 of
1496 1446 66 24 their
1572 1447 107 29 promise
1691 1448 26 22 to
1731 1447 70 30 paint

1239 1479 2 24 '
1275 1488 42 24 the
1351 1488 92 24 school.
1488 1488 25 24 It
1546 1496 51 16 was
1641 1489 99 23 decided
1777 1490 26 23 to

1275 1531 70 24 write
1366 1532 26 23 to
1415 1531 42 24 the
1477 1531 82 24 Board
1582 1531 48 24 and
1652 1531 85 31 kindly
1759 1531 44 25 ask

1274 1575 25 22 to
1318 1573 29 24 be
1369 1573 113 32 supplied
1505 1573 59 24 with
1587 1581 16 16 a
1622 1573 71 25 black
1717 1573 82 25 board.

1277 1616 72 26 Some
1361 1616 71 25 small
1442 1616 93 32 repairs
1546 1625 62 16 were
1619 1617 112 31 required
1740 1618 26 23 to
1773 1616 30 25 be

1277 1660 63 24 done
1351 1660 48 24 and
1411 1660 20 24 it
1440 1667 50 17 was
1501 1660 110 24 resolved
1633 1662 26 22 to
1670 1660 29 24 be
1721 1662 45 29 put
1776 1660 27 24 m

1279 1702 70 25 order
1360 1710 27 18 as
1400 1709 59 18 soon
1471 1710 27 17 as
1509 1702 114 31 possible.
1658 1702 52 25 T\ie
1728 1704 75 24 meet-

1277 1745 45 31 ing
1329 1745 62 25 then
1403 1745 143 31 adjourned.

1291 1878 98 25 WEST
1402 1878 135 24 OXFORD
1557 1877 131 25 SCHOOL
1706 1877 79 25 COM-

1472 1916 140 24 MITTEE.

1309 2000 62 25 This
1383 2000 148 27 Committee
1542 2000 59 25 held
1612 2000 66 25 their
1690 1999 113 31 ordinary

1276 2041 109 30 meeting
1408 2048 31 17 on
1463 2040 45 25 6th
1526 2040 59 28 inst,
1614 2040 35 25 all
1681 2039 122 25 members

1275 2077 75 31 being
1359 2079 100 29 present
1471 2079 85 29 except
1568 2077 40 24 Mr
1616 2077 89 25 Wratt.
1756 2092 15 15 r

1308 2116 111 24 Minutes
1430 2116 27 24 of
1466 2116 48 24 last
1530 2116 116 30 meeting,
1660 2122 64 18 were
1745 2115 58 25 read

1277 2153 49 25 and
1335 2153 144 25 confirmed.

1308 2192 115 24 Master's
1434 2192 82 31 report
1527 2199 50 16 was
1588 2192 118 27 received,
1725 2192 76 23 show-

1275 2230 44 31 ing
1330 2230 42 24 the
1384 2237 102 23 average
1497 2229 147 24 attendance
1655 2231 25 23 to
1691 2229 30 24 be
1729 2230 72 23 113.9

1276 2267 50 24 and
1336 2267 105 23 number
1453 2274 33 17 on
1496 2266 77 24 books
1585 2268 55 28 134,
1755 2265 2 26 [

1308 2305 94 25 Master
1423 2305 122 25 informed
1578 2305 43 25 the
1655 2305 146 24 Committee

1275 2345 56 25 that
1342 2352 15 17 a
1368 2352 54 17 new
1430 2344 115 31 chimney
1556 2351 50 17 was
1628 2344 113 31 required
1763 2343 38 25 for

1276 2384 43 24 the
1329 2385 96 30 cottage
1459 2383 108 32 Request
1578 2385 26 23 to
1615 2382 31 25 be
1667 2382 135 25 forwarded

1276 2425 26 23 to
1314 2423 43 24 the
1373 2422 90 24 Board.

1310 2460 23 24 A
1342 2461 73 23 letter
1425 2467 50 17 was
1481 2458 110 25 received
1597 2458 63 25 from
1669 2458 43 25 the
1723 2458 81 26 Board

1276 2496 27 25 m
1314 2497 68 30 reply
1393 2497 26 23 tc
1431 2495 170 24 Committee's
1612 2497 98 30 request
1728 2495 38 24 for
1789 2503 14 16 a

1276 2533 74 32 Pupil
1361 2533 99 24 teacher
1477 2534 26 23 to
1524 2532 44 24 the
1590 2533 72 24 effect
1683 2532 56 24 that
1751 2553 2 5 ,
1761 2532 42 24 the

1277 2570 146 26 attendance
1435 2577 50 18 was
1496 2571 41 24 too
1554 2570 74 26 small
1650 2573 26 23 to
1698 2571 106 23 warrant

1277 2610 44 24 the
1343 2609 171 32 appointment

1310 2647 22 24 A
1342 2647 74 24 letter
1426 2654 49 17 was
1486 2646 110 25 received
1606 2646 64 25 from
1679 2646 37 24 Dr
1732 2646 71 28 Rees,

1276 2686 135 30 informing
1432 2685 44 24 the
1498 2685 146 24 Committee
1667 2685 56 25 that
1749 2685 56 25 Eva

1277 2723 126 24 Hartland
1413 2730 50 17 was
1474 2724 42 23 too
1527 2722 29 25 ill
1569 2724 24 22 to
1605 2722 85 25 attend
1705 2722 98 25 School.

1312 2759 120 26 Resolved
1443 2760 55 24 that
1509 2759 43 25 the
1566 2759 90 26 School
1675 2759 30 25 be
1724 2759 82 25 closed

1279 2798 73 24 when
1363 2799 45 22 not
1418 2805 68 17 mort
1499 2797 61 24 than
1582 2798 31 23 85
1636 2797 111 25 children
1764 2805 41 17 are

1279 2835 28 24 m
1326 2834 154 25 attendance.
1655 2835 94 26 .''

1310 2873 65 24 That
1392 2872 43 25 the
1447 2872 119 25 teacher's
1578 2873 99 26 salaries
1697 2873 27 24 be
1748 2873 58 31 paid

1277 2919 28 17 as
1317 2919 59 17 soon
1388 2919 27 16 as
1426 2911 106 30 possible
1543 2911 63 25 after
1617 2911 43 25 the
1671 2912 90 25 arrival
1782 2911 26 27 of

1279 2951 43 24 the
1330 2951 118 29 Impress.

1311 2989 65 24 That
1387 2989 43 24 the
1442 2988 131 25 Caretaker
1586 2989 28 24 be
1626 2989 112 31 supplied
1745 2990 61 24 with

1281 3028 40 25 61b
1333 3028 27 25 of
1369 3036 115 17 common
1495 3028 101 25 candles
1606 3028 38 25 for
1654 3029 44 24 the
1719 3029 88 25 winter

1279 3067 109 28 months,
1401 3075 46 16 anc
1462 3067 55 25 that
1528 3075 15 17 a
1565 3067 184 32 watering-can,
1770 3069 36 24 tin

1279 3106 92 29 bottle,,
1385 3106 51 24 and
1458 3114 68 18 some
1549 3107 117 25 kerosene
1689 3107 30 26 be
1753 3116 54 24 pro-

1279 3144 81 24 cured.
1373 3168 3 2 .
1414 3168 6 7 ,
1462 3166 9 7 '

1314 3183 92 24 Messrs
1417 3183 119 24 Prichard
1547 3184 50 24 and
1604 3184 82 25 Wratt
1697 3193 62 16 were
1766 3193 42 23 ap-

1281 3221 101 31 pointed
1392 3220 99 25 visitors
1502 3221 38 24 for
1546 3222 43 24 the
1597 3222 106 32 ensuing
1710 3222 98 30 month,

1281 3259 60 26 with
1352 3269 82 22 power
1444 3262 26 23 to
1482 3269 70 23 carry
1569 3264 43 22 out
1623 3270 129 23 necessary
1771 3271 38 16 re-

1282 3297 78 31 pairs.
1620 3309 5 18 :

1314 3336 124 25 Accounts
1446 3338 26 23 to
1479 3337 42 24 the
1530 3340 103 22 amount
1640 3338 27 25 of
1674 3339 38 24 2
1724 3340 44 23 10s
1777 3340 33 23 4d

1281 3382 62 19 were
1365 3375 88 30 passed
1470 3375 38 25 for
1530 3379 126 29 payment,
1685 3377 50 25 and
1766 3378 43 25 the

1283 3414 147 26 Committee
1440 3415 142 32 adjourned.

1331 3545 94 27 VIEW
1437 3547 85 25 HILL
1539 3548 131 26 SCHOOL
1680 3549 80 25 COM-

1476 3584 141 26 MITTEE.

1316 3662 61 27 Tbe,
1386 3663 73 24 usual
1470 3665 113 31 monthly
1595 3666 108 31 meeting
1720 3666 27 25 of
1766 3667 43 24 the

1284 3699 76 24 above
1370 3708 51 16 was
1432 3701 59 24 held
1511 3709 34 17 on
1567 3703 107 31 Monday
1696 3704 113 31 Evening

1284 3737 102 25 Present
1398 3737 93 26 Messrs
1508 3739 106 31 Wright,
1628 3740 75 32 Boys,
1725 3742 84 28 Bunn,

1284 3775 85 27 Harle,
1381 3775 66 24 Lace
1458 3777 50 22 and
1524 3777 124 30 Simppon.

1924 183 110 26 Minutes
2046 185 26 24 of
2091 185 42 25 the
2154 186 48 25 last
2224 188 108 31 meeting
2354 196 63 17 were

1893 223 56 23 read
1957 223 49 24 aud
2015 224 141 25 confirmed.

1921 262 116 27 Masters,
2053 267 89 27 report,
2166 265 42 24 the
2231 274 66 16 same
2314 275 28 15 a3
2363 268 49 23 last

1889 300 98 23 month.

1921 337 38 23 Mr
1972 337 25 25 S.
2011 338 140 32 Mounsey's
2159 340 85 24 tender
2250 341 36 23 for
2297 341 111 24 firewood

1886 382 51 16 was
1948 376 120 30 accepted,
2091 376 91 25 Mr'T.
2203 378 98 25 Cleeves
2322 378 87 24 tender

1887 413 37 24 for
1934 414 96 31 cutting
2036 414 42 25 the
2090 423 66 16 same
2168 416 25 23 m
2204 418 29 21 16
2241 417 57 23 inch
2309 417 100 30 lengths

1888 451 51 23 also
1961 451 52 24 Mrs
2037 452 136 30 Simpson's
2190 454 84 23 tender
2287 454 37 23 for
2345 462 65 15 care-

1887 486 76 25 taker.
2244 508 3 2 .
2387 489 63 30 j~^

1921 527 39 23 Mr
1971 528 23 24 J.
2006 528 104 25 Parlane
2121 529 155 25 interviewed
2287 531 43 24 the
2339 531 72 24 Com-

1887 562 85 25 mittee
1983 573 26 15 re
2020 567 85 28 patent
2117 567 115 23 strainers
2243 568 38 23 for
2302 568 107 31 tighten-

1887 602 44 31 ing
1942 604 76 28 wires,
2030 604 109 25 resolved
2151 607 25 22 to
2187 605 52 25 find
2251 608 31 22 12
2294 608 117 23 strainers

1887 641 48 22 and
1950 640 53 32 key.

1886 677 122 33 Proposed
2020 681 48 22 and
2083 681 92 24 carried
2199 682 23 23 to
2241 682 63 25 have
2326 682 83 25 school

1886 717 113 32 chimney
2018 721 82 29 swept.

1921 757 52 23 The
1985 757 145 24 Committee
2141 759 60 23 then
2212 759 125 30 inspected
2355 767 54 16 new

1888 794 97 31 swings,
1997 795 81 23 which
2095 804 61 16 were
2173 796 147 32 thoroughly
2331 797 78 25 tested

1888 831 47 24 and
1947 832 147 24 considered-
2112 834 66 23 most
2199 834 152 33 satisfactory
2372 843 36 16 re-

1887 870 100 31 flecting
1998 874 67 27 great
2076 872 76 24 credit
2163 880 33 16 on
2206 873 48 23 the.
2260 875 150 22 contractors

1888 909 90 25 Messrs
1985 910 74 24 Bunn
2067 910 47 25 and
2124 910 131 32 Simpson.-

1921 947 122 24 Accounts
2055 949 25 23 to
2091 948 42 24 the
2145 952 101 21 amount
2258 949 26 24 of
2297 950 41 23 %8
2356 951 53 23 18s.

1888 994 62 16 were
1961 987 87 30 passed
2058 987 37 24 for
2106 992 124 26 payment.
2264 988 53 24 The
2335 990 74 23 meet-

1888 1025 43 31 ing
1942 1025 60 24 then
2017 1026 88 24 closed.

2052 1118 90 25 VIEW
2156 1119 92 24 HILL.

1922 1198 52 24 The
1985 1199 112 31 monthly
2114 1200 108 30 meeting
2243 1199 28 24 of
2289 1200 42 23 the
2353 1200 57 24 Lib-

1888 1242 55 24 rary
1956 1235 149 28 Committee,
2112 1244 50 15 was
2171 1236 58 23 held
2246 1244 31 16 on
2300 1237 111 30 Tuesday

1889 1273 113 30 evening-
2035 1273 144 28 Present,
2180 1273 28 24 T.
2232 1273 89 28 Havle,
2342 1276 68 28 jum\

1888 1310 92 24 Messrs
1990 1310 93 28 Maber,
2102 1310 66 29 Pole,
2194 1310 36 24 W.
2256 1311 83 27 Harle,
2362 1312 49 23 and
2445 1313 4 5 '

1888 1349 82 24 Bunn.
2004 1349 52 24 The
2079 1350 70 23 usual
2180 1349 87 25 formal
2296 1350 113 24 business

1888 1394 50 17 was
1949 1394 62 24 gone
2022 1387 115 31 through,
2146 1387 48 24 and
2202 1395 14 16 a
2224 1389 55 22 vote
2287 1388 27 23 of
2318 1388 94 24 thanks

1888 1424 87 29 passed
1986 1426 25 21 to
2023 1424 39 22 Mr
2073 1424 99 29 Wright
2182 1424 38 23 for
2230 1424 39 23 his
2279 1426 92 21 lecture
2382 1425 28 22 m

1889 1460 39 24 aid
1940 1460 26 24 of
1975 1460 43 24 the
2039 1460 90 30 library
2147 1460 82 28 funds,
2253 1460 47 24 and
2324 1463 25 21 to
2371 1461 42 23 Mr

1889 1498 86 24 Maber
1985 1499 37 24 for
2033 1499 42 23 the
2084 1498 94 24 trouble
2190 1499 32 23 he
2230 1499 49 23 had
2291 1499 73 23 taken
2383 1500 28 22 m

1889 1537 94 30 getting
2001 1543 32 23 up
2055 1536 43 24 the
2147 1536 45 24 Art
2214 1536 70 24 Loan
2306 1536 103 24 Exhibi-

2001 1575 51 24 The
2075 1575 198 24 sub-committee
2295 1575 112 31 reported

1889 1613 56 24 that
1955 1613 43 24 the
2009 1620 96 17 success
2116 1613 27 24 of
2152 1613 43 24 the
2235 1613 81 24 Social
2327 1613 83 23 Even-

1889 1651 81 30 ings,"'
1991 1651 48 23 and
2059 1650 45 24 ihe
2126 1650 106 31 draugnt
2255 1652 158 22 tournament

1889 1688 49 24 had
1950 1687 117 25 exceeded
2079 1687 64 25 their
2154 1689 65 23 most
2231 1687 119 32 sanguine
2369 1696 40 16 ex-

1889 1729 143 30 pectations,
2045 1728 47 24 and
2102 1728 48 24 had
2162 1727 96 32 already
2270 1728 106 24 resulted
2384 1729 27 23 m

1889 1776 14 16 a
1914 1767 104 24 number
2029 1767 27 24 of
2064 1775 53 16 new
2128 1775 86 15 names
2236 1767 74 30 being
2333 1767 77 23 added
2446 1769 3 7 '

1889 1808 25 22 to
1925 1806 43 24 the
1978 1805 42 24 list
2032 1804 26 24 of
2067 1804 157 24 subscribers.
2259 1804 53 24 The
2327 1804 82 25 Secre-

1889 1844 75 29 tary's
1975 1844 81 28 report
2067 1850 49 15 was
2125 1842 142 23 considered
2283 1849 57 23 very
2361 1845 48 20 sat-

1888 1881 121 31 isfactory.
2044 1881 40 23 Mr
2094 1877 96 27 Bunh's
2201 1880 87 24 tender
2298 1880 37 24 for
2354 1880 54 24 fire-
2444 1900 5 3 .

1888 1921 68 24 wood
1977 1928 50 17 was
2060 1921 122 30 accepted.
2216 1921 53 23 The
2301 1921 109 30 meeting

1891 1960 58 23 then
1961 1959 154 24 terminated.

1918 2056 470 49 CORRESPONDENCE.

1891 2142 64 21 While
1964 2147 38 14 our
2010 2142 88 19 columns
2108 2147 35 14 are
2149 2147 50 19 open
2208 2142 21 19 to
2238 2142 31 19 all
2286 2147 29 15 we
2333 2142 26 19 do
2376 2144 37 17 not

1914 2173 88 25 identify
2007 2173 99 19 ourselves
2110 2173 52 19 with
2165 2179 41 19 any
2210 2173 94 24 opinions
2308 2173 105 25 expressed

1912 2204 79 17 tlierein
1999 2217 5 4 .
2037 2220 5 1 -

1971 2237 131 22 SCHOOL
2120 2237 207 22 COMMITTEE.

1924 2318 33 22 To
1980 2317 38 24 the
2028 2317 87 23 Editor
2123 2318 29 27 of
2159 2317 36 23 the
2245 2317 126 23 Observer.'

1924 2359 50 30 Sib,
2010 2359 38 24 On
2062 2360 104 23 account
2183 2358 26 25 of
2227 2361 83 22 recent
2332 2367 81 16 occur-
2435 2376 6 6 .

1890 2406 92 21 rences,
1994 2406 33 16 no
2039 2399 89 23 matter
2149 2398 72 24 when
2243 2406 27 16 or
2289 2398 88 29 where,
2400 2399 15 23 I

1892 2436 63 24 have
1967 2438 25 22 to
2003 2435 110 32 enquire,
2134 2435 62 29 first,
2215 2435 76 25 What
2313 2443 40 17 are
2373 2436 43 24 the

1893 2474 80 23 duties
1985 2474 26 23 of
2020 2481 15 14 a
2047 2473 127 30 Secretary
2185 2474 26 22 to
2223 2481 14 14 a
2247 2473 89 24 School
2344 2473 70 24 Com-

1891 2511 86 23 mittee
1986 2511 12 22 ?
2016 2509 122 31 secondly,
2155 2510 21 23 is
2188 2510 69 23 there
2268 2517 49 23 any
2332 2516 82 17 neces-

1889 2547 48 31 sity
1948 2547 37 24 for
1996 2546 60 24 such
2068 2554 32 16 an
2112 2546 85 24 officer
2209 2547 11 23 ?
2237 2546 56 24 And
2315 2554 40 16 am
2376 2547 37 23 in-

1890 2587 94 24 formed
1999 2594 32 16 on
2040 2586 42 24 the
2093 2585 55 25 hest
2159 2586 132 31 authority,
2303 2587 55 23 that
2374 2587 42 23 hia

1891 2626 80 24 duties
1982 2633 41 17 are
2034 2627 26 22 to
2072 2625 59 30 keep
2143 2625 34 25 all
2188 2625 105 28 records,
2305 2627 26 23 to
2352 2625 63 25 have

1891 2665 89 31 charge
1991 2664 25 25 of
2027 2664 33 25 all
2072 2664 75 25 books
2158 2665 49 23 and
2218 2665 151 27 documents,
2388 2667 26 23 to

1891 2703 106 25 conduct
2008 2703 35 23 all
2053 2703 214 30 correspondence,
2290 2703 48 24 and
2359 2711 55 22 pro-

1891 2742 61 25 duce
1963 2742 82 30 copies
2061 2741 104 29 thereof,
2178 2742 49 24 and
2251 2744 24 22 to
2296 2742 119 31 purchase

1890 2780 34 25 all
1936 2779 73 25 small
2020 2781 97 22 current
2128 2780 155 29 necessaries,
2301 2780 49 24 and
2361 2788 53 16 ren-

1890 2817 43 24 der
1943 2818 116 23 accounts
2067 2817 102 28 thereof,
2183 2817 48 24 and
2254 2821 25 20 to
2301 2818 53 30 give
2376 2817 36 24 in-

1890 2854 133 25 formation
2045 2854 48 24 and
2116 2854 83 25 advice
2221 2857 26 22 to
2268 2855 43 24 the
2344 2855 70 24 Com-

1891 2892 85 24 mittee
1988 2892 90 29 during
2089 2892 64 24 their
2162 2892 171 24 deliberations
2350 2892 64 24 wb.e-
2442 2903 8 4 -

1890 2928 57 25 ther
1959 2928 113 25 solicited
2083 2937 29 16 or
2121 2930 52 23 not.

1924 2965 69 29 Now,
2006 2973 27 16 as
2044 2969 26 20 to
2081 2965 43 24 the
2133 2973 56 17 uses
2208 2965 26 25 of
2248 2974 15 15 a
2284 2965 131 31 Secretary,

1893 3003 14 24 I
1918 3010 41 17 am
1971 3001 121 26 infoimed
2103 3003 55 24 that
2169 3003 20 24 it
2197 3003 21 24 is
2229 3003 27 24 of
2275 3003 42 24 the
2339 3005 77 29 great-

1894 3042 37 23 est
1942 3040 154 31 importance
2106 3041 27 23 m
2155 3041 145 31 preventing
2321 3048 96 23 corrup-

1893 3080 53 24 tion
1957 3080 82 24 which
2050 3081 22 23 is
2080 3080 83 24 bound
2174 3082 26 23 to
2211 3088 50 17 crer
2265 3088 15 23 p
2291 3081 35 28 in,
2338 3081 24 23 m
2375 3080 43 24 the

1893 3117 103 25 absence
2007 3118 28 24 of
2044 3118 62 24 such
2118 3126 32 16 an
2159 3119 89 28 officer,
2261 3118 101 25 because
2373 3125 41 17 un-

1893 3156 49 23 less
1953 3156 43 23 the
2007 3155 84 31 public
2103 3163 41 16 are
2157 3156 71 24 made
2240 3164 79 16 aware
2331 3156 26 24 of
2377 3156 43 23 the

1894 3193 95 24 actions
2001 3193 26 24 of
2037 3193 43 24 the
2104 3193 156 29 Committee,
2283 3194 43 24 the
2347 3193 73 24 funds

1894 3233 26 22 at
1931 3231 65 24 their
2009 3231 107 31 disposal
2128 3231 81 32 might
2226 3231 30 25 be
2274 3232 146 31 prostituted

1894 3271 37 31 (m
1942 3270 50 24 fact
2004 3271 67 23 often
2091 3272 60 32 are,)
2174 3273 26 22 to
2225 3271 123 24 Sectarian
2371 3271 49 24 and

1896 3309 162 25 Commercial
2091 3318 64 17 uses.
2188 3311 14 24 I
2221 3311 67 31 quite
2321 3311 102 24 endorse

1896 3346 70 24 these
1976 3346 113 31 opinions
2101 3356 27 15 as
2139 3347 14 24 I
2161 3347 71 25 know
2240 3348 27 24 of
2272 3356 31 16 an
2311 3348 111 24 instance

1898 3385 28 24 m
1937 3385 81 24 which
2030 3393 14 17 a
2056 3386 201 33 school-sweeper
2278 3396 49 17 was
2347 3387 75 32 lately

1897 3425 143 24 threatened
2052 3426 60 24 with
2123 3427 43 24 the
2178 3427 65 28 sack,
2256 3428 37 24 for
2314 3429 44 24 not
2380 3428 41 24 ab-

1893 3462 76 30 jectly
1985 3463 112 31 cringing
2108 3465 25 23 to
2153 3472 14 16 a
2188 3473 138 22 pompuoue
2348 3466 53 24 Con
2411 3478 10 8 -

1896 3499 164 26 mittee-man.
2094 3501 32 24 In
2148 3502 150 27 conclusion,
2327 3503 47 28 Sir,
2409 3504 14 23 I

1896 3537 47 31 beg
1953 3540 27 22 to
1992 3546 43 24 say
2047 3539 55 25 that
2113 3540 14 23 I
2138 3549 48 22 pen
2197 3541 69 23 these
2277 3540 64 23 lines
2361 3538 81 32 withs

1896 3582 33 18 no
1941 3575 129 25 malicious
2087 3577 89 28 intent,
2200 3577 44 23 but
2267 3576 47 29 Sir,
2338 3579 84 25 whilst

1896 3614 44 24 the
1950 3614 86 31 liberty
2049 3615 28 24 of
2085 3615 42 24 the
2138 3622 68 23 press
2228 3614 82 27 exists,
2334 3615 14 23 I
2369 3618 52 24 will

1896 3654 90 29 permit
1997 3661 33 17 no
2042 3661 59 16 man
2112 3655 26 22 to
2148 3653 59 24 curb
2219 3661 41 22 my
2279 3655 90 27 tongue
2392 3657 28 22 m

1896 3690 45 24 the
1952 3697 72 17 cause
2035 3690 27 24 of
2070 3690 68 30 right
2148 3690 49 23 and
2205 3689 98 30 justice.

2093 3728 80 25 Yours
2185 3728 40 28 &c,

2187 3766 26 23 C.
2232 3766 35 23 M.
2291 3765 94 25 Lugak.

548 57 168 30 GXFOBD
757 59 90 31 ANI)
889 59 104 33 OUST
1037 63 223 32 OBSEKVER
1303 65 239 34 SATURDAY,
1583 63 108 31 JUNE
1726 66 47 33 11,
1829 67 89 31 1892.

745 176 52 51 J.
823 176 263 45 FOSTER.

830 241 65 21 BAY
915 242 84 20 ROAD

736 280 122 30 EAST
907 279 207 31 OXFORD,

782 327 99 31 Pjnus
909 326 151 30 Insignis.

661 367 230 37 Transplanted,
921 367 60 29 and
1021 367 49 28 for
1112 366 70 35 sale,

659 407 124 38 Apples,
799 407 62 37 &c,
884 407 31 28 m
940 407 83 38 large
1037 417 35 19 or
1096 406 89 30 small

660 448 175 38 quactities.

751 564 121 40 Divine
924 566 164 40 Services.

823 618 98 22 Sunday
947 623 72 16 next.

629 670 11 26 t
690 667 31 24 U.
746 668 33 23 M.
802 668 30 24 F.
855 668 107 28 Church,
990 668 70 24 West
1082 668 100 29 Oxford,

658 706 29 22 11
698 713 57 16 a.m.
768 705 48 24 and
828 708 25 21 at
862 706 55 23 630
928 705 125 31 p.in.,Rev
1071 705 25 25 J.
1119 705 63 24 Ben-

656 744 69 29 ahig.

690 782 62 24 East
774 781 99 29 Oxford,
897 782 67 25 2.45.
987 790 60 22 p.m.
1077 782 52 25 Rev
1157 781 25 25 J.

657 819 121 31 Benning,
797 819 49 24 and
857 821 25 22 at
895 821 57 23 6.30
962 827 60 24 p.m.

142 169 321 44 TENDERS.

44 282 169 23 mENDERS
232 290 40 15 are
284 282 92 23 invited
388 282 37 23 for
448 282 121 31 grubbing

49 307 16 31 J
108 315 77 23 Gorsu
197 322 32 15 on
242 315 68 22 Main
322 315 68 23 Bush
404 315 78 26 Road,
496 322 71 23 oppo-

44 353 46 23 site
112 352 40 23 Mr
174 352 23 23 J.
228 352 33 23 M.
296 348 103 27 Booth's
432 352 134 26 residence.

46 389 106 23 Tenders
165 391 24 21 to
207 388 27 24 be
258 390 54 22 sent
334 388 26 23 m
382 396 32 16 on
437 396 27 16 or
487 388 80 24 before

46 429 64 23 June
122 428 68 23 27th.
225 428 52 23 The
288 427 84 24 lowest
385 435 28 16 or
424 435 47 23 any
483 428 85 23 tender

44 473 44 17 noi
105 466 146 31 necessarily
268 466 122 30 accepted.

206 504 28 29 G,
260 504 144 29 WINTER,

352 541 69 23 West
435 541 99 23 Oxford.

131 626 130 43 FOR
305 625 175 44 SALE.

45 747 91 22 MUST
153 747 44 21 BE
228 745 94 24 SOLD.
359 745 87 23 Owner
472 745 106 29 leaving,

43 783 44 23 the
110 782 101 30 Colony.
246 782 79 23 Three
357 781 72 30 good'
455 781 112 25 SHEEP

46 819 99 25 DOGS.
179 819 49 24 For
247 818 152 32 particulars,
437 819 74 30 apply
544 820 25 22 to

46 858 75 24 Office
133 858 26 24 of
168 858 50 24 this
229 859 86 30 Paper.

96 962 197 45 TOWN
322 962 195 54 HALL.

156 1038 104 31 EAST
277 1037 177 31 OXFORD.

79 1089 181 44 FRIDAY,
286 1088 118 39 JUNE.
423 1086 99 40 17th.

167 1139 153 30 PUBLIC
359 1139 92 36 TEA,

271 1188 73 25 AND

48 1232 217 58 SCOTCH
296 1229 268 60 CONCERT.

63 1317 31 24 In
105 1317 41 24 aid
157 1317 26 24 of
194 1317 42 24 the
248 1315 172 32 Presbyterian
441 1315 109 25 Church.

47 1369 51 25 Tea
109 1371 25 23 at
148 1370 64 23 5.30.
225 1376 60 23 p.m.
320 1368 103 24 Concert
435 1369 26 23 at
483 1369 15 23 8
510 1375 60 23 p.m.

94 1412 106 29 Tickets,
220 1412 49 23 Tea
281 1411 48 23 and
347 1411 110 26 Concert,
476 1410 44 32 2/-.

96 1514 198 44 TOWN
323 1513 198 43 HALL.

146 1580 105 30 EAST
292 1579 192 30 OXFORD..
566 1594 1 28 ;

111 1630 187 28 SATURDAY,
322 1629 87 24 -TUNE
436 1629 68 24 llih.

44 1672 137 25 HORACE
200 1672 160 25 CHESTER
376 1672 43 24 the
440 1670 130 25 renowned

45 1713 107 31 English
163 1712 130 25 Humorist
306 1712 48 24 and
367 1711 75 25 Chars
447 1714 51 21 cfcer
517 1711 51 24 En-

46 1751 116 24 tertainer
184 1750 63 25 from
269 1750 43 25 the
341 1750 96 30 Crystal
471 1749 96 29 Palace,

44 1790 116 28 London,
173 1790 50 25 will
232 1797 88 24 appear
343 1797 26 16 as
392 1789 81 27 above,
489 1788 28 23 m
540 1789 29 22 25

45 1830 147 23 characters.
226 1829 59 24 Also
319 1829 42 24 the
400 1828 169 24 Moustacheo-

46 1866 87 30 graph,
152 1874 32 16 an
206 1866 127 24 invention
354 1865 38 24 for
407 1865 110 31 growing
536 1865 36 23 all

46 1905 72 24 kinds
130 1905 26 25 of
166 1905 128 24 Whiskers
306 1904 49 24 and
364 1903 174 25 Moustachios.

46 1944 67 25 Dont
124 1945 61 23 miss
195 1945 28 23 it.
259 1943 176 31 Commencing
447 1944 25 23 at
483 1944 15 23 8
509 1950 60 24 p.m.

203 1987 107 30 Popular
326 1986 90 24 Prices.

169 2027 88 24 JOHN
285 2025 161 30 CORBETT,

308 2063 118 24 Business
451 2064 87 29 Agent.

137 2168 348 45 BARGAINS.

153 2236 66 24 FOR
237 2234 78 25 THIS
334 2234 128 24 MONTH.

51 2279 270 57 AWarhoupeman's
336 2276 68 24 stock
426 2276 27 24 of
473 2276 97 24 French

120 2311 131 27 Merinoes,
279 2309 137 31 purchased
449 2310 25 22 at
507 2308 62 23 half-

45 2351 74 32 price.
154 2349 119 26 Coloured
284 2348 104 30 Merino,
402 2348 45 32 3/-,
468 2347 103 24 reduced

46 2391 26 22 to
82 2389 50 33 2/3,
152 2388 49 32 3/9,
220 2387 106 24 reduced
337 2388 25 22 to
374 2386 51 32 2/9.

176 2424 143 26 SPECIAL
336 2423 112 25 LINES.

46 2478 60 22 New
129 2476 179 29 Threequarfcer
331 2474 85 30 Capes,
441 2474 49 22 and
514 2473 57 24 Sea-

46 2515 46 23 lett
103 2512 109 27 Jackets,
223 2512 57 30 only
293 2518 13 16 a
317 2511 47 23 faw
374 2510 52 24 left.

188 2551 31 24 R.
238 2551 33 24 H.
296 2549 134 28 PARISH,

308 2587 102 31 Draper,

348 2627 66 23 East
432 2626 106 24 Oxford.

181 2732 259 49 NOTICE.

47 2858 61 58 NO
126 2857 144 24 Huntsmen
282 2863 27 16 or
320 2855 106 24 Hounds
437 2853 50 26 will
498 2853 30 25 be
540 2854 33 24 al-

121 2890 78 24 lowed
209 2891 27 21 to
247 2890 107 28 trespass
371 2895 33 15 on
425 2894 42 24 my
489 2886 84 23 Farm.

220 2926 40 28 W.
278 2925 126 29 DUDER,

388 2965 68 24 View
481 2964 62 24 Hill.

99 3073 56 52 G,
192 3069 336 54 MARSHAL,

139 3137 142 25 MARKET
300 3135 194 28 GARDENER,

225 3180 69 23 West
312 3179 99 24 Oxford.

52 3224 54 24 Has
128 3223 38 24 for
183 3222 57 25 sale-
256 3221 113 32 Cabbage
390 3221 97 31 Plants,
514 3221 64 24 local

51 3264 75 24 taken
157 3262 90 31 garden
279 3261 76 24 seed?.
390 3261 89 30 Young
518 3260 60 24 fruit

52 3304 65 22 trees
138 3301 50 24 and
209 3300 144 32 vegetables,
377 3300 130 24 wholesale
515 3323 5 4 .
529 3299 49 24 and

52 3341 81 24 retail.

200 3444 225 44 DRINK

72 3504 202 39 HYSLOFS
289 3505 120 39 PURE
433 3506 122 40 TEAS.

53 3554 64 30 The
131 3555 90 30 finest
234 3557 52 29 the
300 3556 102 30 World
420 3559 154 38 produces.

56 3600 73 29 Sold
140 3601 43 37 by
211 3600 50 29 Mr
275 3601 33 28 F.
324 3602 38 28 A.

94 3638 79 30 East
185 3640 125 33 Oxford.

54 3679 51 29 Mr
125 3679 23 28 R
152 3702 11 11 m
179 3679 114 35 Fisher,
311 3680 86 31 West
410 3682 126 31 Oxford.

54 3718 49 30 Mr
120 3719 35 29 E.
173 3718 47 30 W.
251 3720 123 39 Cooper,
404 3721 85 39 Cust,
519 3725 60 29 and

97 3770 92 28 many
208 3760 107 30 others.
