2540 4010
1225 30 97 33 THE

64 84 455 132 NEW
625 84 874 132 ZEALAND
1606 86 855 135 GAZETTE

1239 246 98 34 AND

64 280 1142 154 WELLINGTON
1320 280 1141 154 SPECTATOR.

586 473 219 38 PUBLISHED
851 473 132 37 EVERY
1028 473 256 38 WEDNESDAY
1328 473 86 36 AND
1460 473 229 37 SATURDAY
1734 474 206 38 MORNING.

86 592 62 30 No.
174 590 92 38 327.]

613 590 111 31 PORT
745 590 258 36 NICHOLSON,
1020 589 226 32 SATURDAY
1268 590 209 34 MORNING,
1500 590 226 31 FEBRUARY
1750 595 50 33 24,
1826 595 91 28 1844.

2255 595 94 41 [Vol.
2372 598 53 32 IV.

191 682 41 21 To
246 682 34 21 be
296 682 66 21 Sold
376 682 101 26 Cheap.

50 719 44 48 A
121 715 152 26 COTTAGE,
280 713 125 29 pleasantly
411 713 104 26 situated,
526 713 104 23 contain-

115 742 38 26 ing
163 741 84 26 sitting-
251 748 71 19 room,
332 740 128 27 bed-room,
472 741 47 21 and
528 740 100 27 kitchen,

50 770 47 24 with
112 776 14 14 a
140 767 51 23 well
207 767 124 22 cultivated
344 767 91 27 garden.
482 767 43 22 For
544 767 87 21 further

50 794 129 32 particulars,
190 793 67 28 apply
273 797 23 18 to
312 793 47 22 Mr.
377 794 56 27 Roe,
450 796 24 19 at
487 793 39 23 the
545 794 86 20 Gazette

52 823 65 23 office.

73 854 109 27 February
191 854 22 26 6,
225 854 63 21 1844.

113 907 117 26 ANTED,
255 914 13 15 a
285 907 71 23 Cook.
393 907 46 23 For
458 908 85 23 further
561 909 70 27 parti-

140 934 79 26 culars,
232 933 67 29 apply
308 936 24 20 to

314 964 36 24 W.
365 966 35 21 M.
415 966 86 26 Smith,

384 999 107 22 Tinakori
501 999 102 27 Cottage.

73 1026 100 27 January
183 1026 34 26 16,
229 1026 60 21 1844.

145 1075 136 21 Seamen's
296 1075 103 21 Friend
412 1075 118 26 Society.

51 1112 43 48 A
107 1108 136 23 SERVICE
258 1108 125 23 conducted
402 1108 30 28 by
449 1108 38 22 the
508 1109 123 27 Ministers,

120 1136 25 21 in
164 1135 135 21 connection
319 1134 54 22 with
389 1134 37 22 the
445 1136 71 21 above
534 1136 97 26 Society,

51 1164 36 22 will
103 1162 27 21 be
146 1160 54 22 held
218 1167 68 21 every
305 1160 94 28 Sunday
411 1161 118 22 afternoon
549 1162 22 21 in
592 1162 38 22 the

53 1188 73 24 Scotch
136 1186 97 28 Church,
244 1187 113 22 Lambton
368 1187 73 27 Quay.

73 1223 92 21 Seamen
176 1220 44 21 and
230 1227 90 20 persons
327 1220 127 22 connected
463 1221 54 22 with
527 1221 104 28 shipping

51 1256 31 16 are
94 1246 118 29 especially
221 1247 89 21 invited
320 1250 24 18 to
353 1247 87 22 attend.

74 1274 86 22 Service
171 1277 22 17 to
204 1280 132 16 commence
347 1277 23 18 at
379 1273 108 28 half-past
495 1276 14 20 3
523 1282 53 19 p.m.

73 1301 45 22 The
278 1300 46 26 flag
339 1300 44 22 will
402 1300 28 22 be
448 1300 89 22 hoisted
552 1305 23 17 at
590 1301 39 22 the

51 1327 50 24 N.E.
112 1326 65 27 angle
187 1327 26 20 of
229 1326 38 22 the
282 1326 99 28 Church,
397 1327 57 21 from
470 1327 50 22 half
532 1335 28 14 an
575 1327 56 23 hour

50 1354 95 30 previous
157 1357 21 17 to
189 1352 38 22 the
238 1357 192 18 commencement
446 1354 24 21 of
484 1354 38 22 the
538 1355 93 27 service,

50 1381 51 23 until
110 1381 28 20 its
150 1379 64 22 close.

73 1412 99 26 January
181 1412 34 25 26,
228 1411 61 22 1844.

50 1461 170 50 WANTED
235 1465 23 17 to
276 1468 63 15 serve
359 1462 24 21 in
403 1469 12 14 a
435 1463 71 25 Store,
524 1470 14 14 a
556 1470 75 19 young

140 1494 87 16 woman
237 1495 26 14 or
272 1488 51 27 boy,
334 1487 51 23 who
397 1496 41 14 can
448 1489 55 21 read
512 1489 47 21 and
569 1489 62 22 wiite

50 1515 40 23 and
99 1514 55 22 have
164 1521 14 14 a
186 1514 59 27 good
256 1514 116 22 character
379 1515 34 21 for
422 1515 103 27 honesty.
555 1515 76 29 Apply

52 1545 20 19 at
81 1541 36 22 the
278 1541 79 23 Office.

72 1574 109 28 February
191 1576 34 25 20,
238 1576 61 21 1844.

271 1628 42 20 On
328 1628 72 23 Sale,

51 1658 85 49 THE
165 1658 73 21 NEW
261 1658 153 22 ZEALAND
444 1659 186 27 PORTFOLIO,

118 1684 126 23 conducted
261 1685 30 27 by
310 1685 32 22 H.
359 1686 22 21 S.
401 1686 123 26 Chapman,
545 1687 36 25 (of
593 1686 38 22 the

50 1710 80 23 Middle
137 1711 110 27 Temple,)
258 1712 217 22 Barrister-at-Law.

73 1744 40 22 No.
127 1743 19 22 I.
147 1754 28 5 —
175 1743 22 21 A
212 1743 77 22 Letter
305 1746 23 19 to
347 1743 38 22 the
403 1743 70 28 Right
489 1744 63 22 Hon.
570 1745 61 22 Lord

50 1770 92 27 Stanley,
160 1771 117 26 Secretary
297 1770 27 22 of
339 1771 61 21 State
419 1771 37 21 for
473 1771 38 21 the
531 1771 100 22 Colonial

50 1797 148 27 Department,
232 1797 34 21 On
274 1797 38 21 the
319 1797 189 22 Administration
515 1799 24 20 of
545 1798 86 22 Justice

50 1824 19 21 in
79 1824 53 20 New

74 1855 41 22 No.
129 1855 33 21 II.
164 1865 27 5 —
192 1855 77 22 Letter
282 1858 24 18 to
322 1854 62 23 John
399 1855 59 22 Abel
473 1856 79 26 Smith,
569 1856 61 28 Esq.,

51 1882 62 26 M.P.,
147 1882 35 21 On
191 1881 40 21 the
238 1881 145 27 Advantages
390 1882 71 21 which
469 1882 73 22 would
552 1890 79 15 accrue

50 1911 20 18 to
79 1908 92 27 English
181 1908 125 27 Capitalists
316 1908 58 21 from
385 1908 37 22 the
433 1910 167 21 establishment
609 1910 22 21 of

50 1943 11 13 a
69 1936 56 19 Loan
136 1936 103 25 Company
249 1935 33 20 for
291 1936 54 19 New
354 1936 100 25 Zealand,
465 1936 85 21 similar
560 1940 23 17 to
593 1936 38 21 the

50 1962 121 22 Australian
181 1962 67 18 Trust

74 1986 41 21 Ko.
127 1986 75 20 III.—
275 1985 98 22 Address
384 1989 21 17 to
415 1985 39 21 the
465 1985 55 21 New
531 1985 100 23 Zealand

51 2012 59 23 Land
120 2012 137 27 Proprietors
267 2011 99 22 resident
379 2012 24 21 in
411 2011 40 23 the
460 2012 85 22 United
560 2012 71 27 King-

51 2039 54 26 dom,
117 2046 28 14 on
160 2038 85 22 several
260 2041 92 19 matters
362 2039 26 21 of
396 2039 136 27 importance
543 2043 21 17 to
574 2039 57 23 their

75 2093 42 21 No.
134 2091 40 22 IV.
175 2102 29 5 —
232 2091 35 22 On
287 2090 38 22 the
346 2091 114 23 Financial
480 2092 112 22 condition
610 2093 21 21 of

52 2119 50 21 New
245 2118 29 27 by
284 2118 92 22 Charles
386 2119 75 27 Terry,
475 2119 58 27 Esq.,
543 2120 88 24 F.R.S.,

52 2145 75 22 F.S.A.

77 2173 40 21 No.
133 2172 27 20 V.
162 2183 28 4 —
191 2173 20 21 1.
263 2171 159 23 Observations
447 2180 29 14 on
500 2171 131 28 facilitating

53 2199 132 26 Emigration
209 2201 24 19 to
256 2198 55 22 New
336 2198 108 27 Zealand,
465 2199 29 27 by
513 2206 79 14 means
611 2200 20 20 of

53 2225 109 22 Moderate
183 2225 97 27 Charges
295 2225 36 21 for
350 2225 66 21 Chief
433 2225 46 22 and
494 2225 137 23 Fore-Cabin

206 2252 28 22 In
244 2259 14 14 a
268 2251 77 22 Letter
354 2255 24 18 to
388 2251 84 28 Joseph
483 2253 84 26 Somes,
579 2253 52 27 Esq.

52 2279 37 21 &c.
99 2279 38 21 &c.
166 2279 35 26 By
211 2279 31 21 H.
254 2279 22 21 S.
287 2278 123 27 Chapman.

76 2307 18 20 2.
134 2305 21 22 A
166 2306 76 21 Letter
251 2312 27 14 on
290 2305 107 28 Banking
406 2305 24 22 in
441 2305 55 22 New

53 2332 30 27 By
93 2332 83 22 Arthur
185 2332 26 22 T.
223 2331 109 28 Holroyd,
345 2332 54 28 Esq.

77 2359 40 21 No.
132 2359 41 21 VI.
175 2370 28 4 —
227 2358 160 23 Observations
402 2366 28 14 on
440 2358 39 22 the
489 2359 142 27 Advantages

53 2385 22 21 of
86 2392 13 14 a
115 2385 183 28 Representative
314 2385 122 27 Assembly
451 2385 35 22 for
505 2386 55 21 New
576 2386 55 22 Zea-

77 2439 94 21 General
182 2439 48 22 title
240 2438 45 22 and
294 2438 153 22 introduction
458 2442 22 18 to
489 2439 38 21 the
538 2439 81 22 Series.

234 2479 69 15 PRICE
322 2479 120 15 SIXPENCE.

52 2523 85 48 THE
158 2523 81 20 Nelson
261 2524 118 19 Examiner
402 2524 42 20 and
465 2524 53 19 New
541 2523 90 21 Zealand

119 2550 111 21 Chronicle
244 2550 127 27 (published
381 2553 23 18 at
410 2549 105 28 Nelson,)
531 2550 20 22 is
567 2557 64 21 regu-

50 2575 51 28 larly
119 2577 142 22 transmitted
274 2580 24 19 to
312 2577 148 27 Wellington,
480 2577 45 22 and
539 2584 53 20 may
606 2577 25 22 be

51 2602 38 22 had
99 2606 22 19 at
129 2603 38 22 the
177 2604 64 21 office
251 2604 26 21 of
286 2603 45 22 this
340 2611 76 20 paper.

73 2629 45 22 The
127 2631 79 20 Nelson
214 2632 117 19 Examiner
346 2630 47 21 will
402 2630 27 22 be
439 2630 70 22 found
519 2637 29 14 an
559 2630 72 23 excel-

50 2655 42 22 lent
99 2657 99 22 medium
207 2658 37 21 for
254 2657 140 22 advertisers.
407 2683 5 5 _

72 2683 76 22 Terms
157 2684 34 21 for
201 2683 38 22 the
249 2691 75 20 paper,
333 2686 39 19 ten
380 2683 102 27 shillings
495 2690 40 21 per
543 2686 88 25 quarter

50 2710 87 27 payable
146 2711 23 20 in
179 2709 109 24 advance.

73 2737 81 22 Orders
176 2737 35 21 for
230 2737 38 20 the
289 2743 70 21 paper
381 2737 45 21 and
449 2736 182 23 advertisements

50 2764 96 21 received
156 2766 23 18 at
188 2763 39 21 the
238 2763 70 22 Office
320 2763 26 21 of
357 2763 46 22 this
410 2771 77 19 paper.

294 2813 93 21 Seeds.

51 2848 46 47 A
110 2848 85 22 VERY
211 2847 157 22 SUPERIOR
383 2847 44 22 and
438 2848 102 21 valuable
552 2851 79 20 assort-

124 2878 61 19 ment
202 2875 26 21 of
242 2874 62 23 fresh
321 2874 69 22 Seeds
405 2874 48 28 just
466 2875 110 27 received,
594 2875 37 22 the

51 2899 43 22 first
109 2902 25 21 of
150 2909 14 14 a
178 2901 88 27 regular
280 2901 89 28 supply,
379 2908 49 15 now
445 2909 30 14 on
492 2902 46 21 sale
554 2905 23 18 at
594 2902 37 22 the

51 2926 66 23 Office
135 2928 27 21 of
176 2928 43 22 this
239 2928 71 27 Paper
329 2928 29 27 by
374 2928 38 22 the
432 2928 159 28 undersigned,
607 2929 23 22 in

51 2954 114 26 quantities
174 2958 23 19 to
206 2955 44 22 suit
258 2954 133 28 purchasers
399 2962 5 15 :
407 2966 27 4 —

75 2987 53 22 Fine
138 2988 52 22 seed
198 2996 60 20 peas,
269 2995 69 15 seven
346 2989 112 26 varieties,

75 3013 42 23 Do.
146 3014 35 23 do.
210 3015 70 22 broad
288 3015 79 27 beans,
378 3016 61 21 three
451 3015 109 28 varieties,

75 3039 43 23 Do.
146 3041 35 23 do.
208 3041 66 23 horse
282 3041 80 27 beans,

75 3066 43 23 Do.
146 3068 34 22 do.
208 3068 80 22 scarlet
296 3076 95 14 runners
402 3069 45 22 and
456 3069 89 22 French
553 3069 77 28 beans,

75 3092 42 23 Do.
146 3094 35 23 do.
210 3095 74 28 spring
294 3095 80 27 wheat,
386 3099 66 23 tares,
462 3095 47 23 and
520 3100 54 23 oats,

75 3119 83 23 Round
166 3121 46 21 and
220 3122 86 27 prickly
312 3122 99 27 spinach,

75 3145 64 27 Long
148 3147 80 22 scarlet
236 3148 42 22 and
288 3149 76 28 turnip
372 3149 84 27 radish,

75 3172 114 27 Rhubard,
200 3173 65 23 white
280 3175 47 21 and
342 3175 41 22 red
399 3176 52 22 beet
465 3176 45 22 and
520 3177 110 26 .mangold

51 3205 38 16 wui
94 3199 52 27 tzel,

75 3225 125 28 Carraway,
210 3225 48 23 Dill
266 3227 44 22 and
320 3227 91 28 Burnet,

75 3253 42 21 Sea
127 3252 55 27 cale,
193 3259 127 20 asparagus,
331 3258 78 23 carrot,
418 3256 48 22 and
479 3257 95 27 parsnip,

75 3278 94 28 English
178 3279 52 22 leek
240 3278 45 25 and
294 3279 75 26 onion,
380 3281 93 27 Spanish
486 3283 35 21 do.

76 3304 122 29 Vegetable
214 3312 95 16 marrow
324 3306 44 22 and
377 3306 53 27 long
443 3309 86 27 prickly
539 3316 92 16 cucum-

51 3330 43 27 ber,

76 3358 143 28 Cauliflower,
230 3358 88 28 endive,
328 3359 47 22 and
388 3359 80 28 celery,

76 3384 116 29 Virginnia
207 3386 101 27 tobacco,
322 3386 154 28 mignionette,
494 3388 46 23 and
562 3392 69 22 sweet

52 3416 55 21 peas,

76 3438 37 21 All
123 3443 55 18 sorts
188 3439 26 23 of
219 3439 86 27 garden
315 3438 46 23 and
371 3439 54 22 field
433 3439 106 28 cabbage,

76 3464 43 22 Do.
227 3466 35 22 do.
346 3465 37 22 do.
419 3474 4 4 -
440 3466 80 27 turnip,

76 3490 37 23 All
122 3493 54 20 sorts
185 3492 26 22 of
216 3492 90 27 lettuce,
317 3492 71 27 salad,
399 3492 45 22 and
457 3492 92 28 brocoli,

77 3517 36 24 AH
122 3521 56 19 sorts
186 3519 26 21 of
217 3519 75 28 lupins
301 3519 47 23 and
355 3519 153 27 nasturtiums,

75 3544 38 21 All
122 3548 56 18 sorts
188 3546 26 21 of
220 3549 67 19 sweet
298 3546 74 27 herbs,

77 3570 48 23 One
132 3570 108 31 hundred,
245 3572 77 23 choice
331 3573 48 22 vari
381 3573 41 21 ties
433 3572 28 22 of
473 3572 77 22 flower
554 3573 76 28 .seeds,

77 3596 21 22 A
106 3604 54 26 very
172 3598 103 24 valuable
290 3603 133 19 assortment
438 3599 27 22 of
477 3598 61 24 fresh
554 3599 77 23 choice

54 3627 77 20 grasses
139 3622 35 24 for
181 3625 148 28 gentlemen's
341 3626 71 22 lawns
428 3626 45 22 and
487 3626 144 28 agricultural

54 3653 104 25 purposes,

77 3675 107 29 Cabbage,
212 3678 92 27 brocoli,
332 3679 107 27 rhubard,
468 3679 75 28 onion,
571 3679 59 28 Jeek,

54 3702 75 22 lettuce
146 3704 80 28 plants,
244 3705 48 27 fipc,
312 3712 52 15 now
382 3709 71 24 ready
471 3709 23 19 to
512 3706 29 22 be
558 3709 73 21 trans-

53 3728 91 28 planted,
154 3730 72 24 raised
235 3730 57 23 from
302 3732 96 28 samples
409 3733 26 21 of
444 3733 63 22 these
517 3733 71 23 seeds.

77 3787 94 25 October
170 3806 9 16 t6t
180 3793 21 25 6,
212 3793 63 21 1843.
486 3783 6 6 *

54 3837 65 46 ON
133 3840 73 26 Sm,
231 3845 24 19 at
264 3841 46 25 this
320 3841 73 28 olfice,
404 3842 70 25 blank
484 3844 57 23 Bill
553 3844 77 23 Books

273 3867 72 30 office,
356 3867 56 25 Dec.
421 3871 22 21 4.

76 3896 99 29 Message
185 3900 70 28 cards,
304 3905 2 4 '

522 3939 5 3 -
550 3928 3 4 '
597 3928 34 14 v

663 689 94 48 THE
771 688 155 23 TRUSTEES
940 689 26 21 of
977 688 37 22 the
1033 688 133 27 Wellington
1177 689 73 22 Arch-

738 715 112 28 deaconry
873 715 91 22 Church
988 715 70 26 Fund,
1089 715 82 27 hereby
1199 717 50 25 give

663 741 73 22 notice
753 741 49 22 that
818 742 53 27 they
887 741 46 22 will
948 742 87 21 receive
1050 741 90 22 tenders
1157 743 35 20 for
1213 742 36 21 the

666 768 98 22 erection
775 769 25 21 of
811 769 36 21 the
858 772 127 24 temporary
992 767 89 23 Church
1091 775 29 15 on
1127 768 122 22 Thorndon

663 793 56 28 Flat,
731 795 57 22 until
800 795 107 26 Monday,
919 794 37 22 the
966 795 54 21 26th
1030 795 90 21 instant.

690 827 48 22 The
743 827 63 28 plans
816 828 43 22 and
864 828 164 27 specifications
1035 828 25 21 of
1068 827 36 22 the
1110 828 71 22 works
1192 832 22 18 to
1221 828 28 21 be

664 854 109 22 executed
788 861 52 20 may
855 854 27 22 be
900 861 59 19 seen,
979 861 25 14 or
1017 854 88 21 further
1118 855 131 27 particulars

663 887 52 20 may
742 880 28 21 be
800 880 112 27 obtained,
945 887 29 14 on
997 880 134 28 application
1161 886 22 17 to
1212 881 37 21 the

664 907 56 21 Rev.
736 907 84 22 Robert
837 908 61 26 Cole,
909 910 24 19 at
946 907 38 22 the
1000 907 132 27 Parsonage,
1150 908 99 21 between

665 935 27 20 10
701 933 44 22 and
755 935 25 20 11
792 941 21 14 a.
824 941 25 14 m.

694 966 142 27 Wellington,
847 966 114 27 February
971 967 33 26 19,
1015 967 62 21 1844.

665 1019 67 47 TO
747 1019 66 25 LET,
829 1026 13 14 a
852 1018 154 22 commodious
1021 1018 79 22 House
1117 1026 29 14 on
1161 1019 31 21 Te
1203 1019 46 21 Aro

740 1045 57 26 Flat,
809 1045 52 21 with
871 1045 85 27 garden
966 1044 88 28 ground
1065 1044 110 28 attached,
1181 1045 68 27 lately

664 1071 107 27 occupied
781 1072 30 26 by
821 1072 44 21 Mr.
877 1071 108 22 Wallace.

692 1098 44 22 For
744 1098 138 28 particulars,
895 1098 67 28 apply
973 1101 22 19 at
1006 1098 36 22 the
1058 1099 86 20 Gazette
1152 1098 71 22 office.

691 1129 127 22 December
827 1131 33 23 12,
872 1131 62 21 1843.

850 1182 36 22 W.
901 1182 35 22 M.
952 1182 108 27 SMITH,

665 1227 57 15 LATE
733 1227 238 15 SURVEYOR-GENERAL
980 1227 29 13 TO
1020 1227 47 14 THE
1082 1227 49 14 NEW
1147 1227 103 15 ZEALAND

900 1253 114 19 COMPANY,

692 1284 142 26 Surveyor,
849 1284 212 26 Draughtsman,
1077 1284 54 21 and
1145 1284 78 21 Land

908 1311 101 25 Agent.

663 1345 178 27 Tinakori-road,
853 1345 100 28 January
966 1347 21 26 4,
999 1347 62 21 1843.

810 1396 34 21 H.
873 1396 235 27 HARDEMAN,
1197 1406 6 5 •

687 1430 94 21 Tailor
795 1430 56 21 and
863 1430 113 26 Draper,
991 1431 234 25 Lambton-quay.

828 1483 114 28 Superfine
953 1484 72 27 Coats,
1037 1483 56 22 from
1108 1484 35 23 £3
1157 1486 13 19 0
1183 1486 15 19 0

665 1515 115 28 Superfine
791 1515 100 22 Doeskin
902 1515 118 27 Trowsers,
1037 1515 57 22 from
1108 1516 61 23 £15
1183 1517 15 20 0

692 1555 63 15 MADE
766 1556 27 14 TO
804 1555 106 15 MEASURE
912 1559 28 5 —
941 1556 42 14 FOR
992 1556 57 14 CASH
1061 1556 29 14 ON
1100 1556 123 14 DELIVERY.

665 1599 123 26 Country
802 1599 128 21 Sections
950 1601 43 19 for
1012 1599 63 21 Sale
1097 1605 36 15 on
1153 1599 98 21 Libera

908 1626 103 20 Terms.

666 1651 164 49 SEVERAL
864 1652 103 22 Sections
994 1652 26 21 of
1051 1652 101 27 Country
1179 1651 70 26 Land,

729 1677 91 28 already
830 1677 82 23 chosen
922 1679 24 21 in
956 1678 38 22 the
1007 1679 94 21 Porirua
1115 1679 92 26 district,
1218 1678 34 21 for

665 1705 57 27 Sale,
733 1712 76 15 terms
818 1712 107 14 liberal.
953 1705 77 28 Apply
1040 1708 23 18 to

760 1736 24 22 F.
799 1736 30 22 A.
842 1737 172 26 Molesworth,
1032 1736 185 28 Murphy-street,
1229 1743 22 14 or

759 1768 36 21 W.
810 1768 28 22 V.
853 1769 108 26 Brewer,
973 1769 194 21 Manners-street.

891 1815 54 20 For
959 1815 71 24 Sale,

666 1848 93 48 THE
774 1848 144 22 COTTAGE
933 1848 94 22 situated
1039 1849 23 21 in
1080 1849 99 21 Oriental
1195 1848 56 27 Bay,

740 1874 45 22 and
799 1875 68 27 lately
876 1875 109 27 occupied
999 1875 30 27 by
1039 1875 38 21 the
1094 1874 156 28 undersigned.

665 1901 21 21 A
701 1901 54 27 long
773 1901 59 22 lease
850 1902 25 20 of
893 1901 38 21 the
946 1902 84 21 section
1045 1908 58 20 upon
1123 1902 72 20 which
1215 1902 36 20 the

665 1927 68 21 house
743 1928 76 21 stands
829 1928 43 21 will
882 1928 28 21 be
921 1928 102 26 granted.

691 1954 70 19 Town
770 1954 55 20 land
833 1954 45 20 will
887 1955 28 19 be
925 1954 67 20 taken
1002 1954 23 20 in
1037 1954 121 25 exchange.
1252 1968 4 9 v
1255 1975 2 2 .

692 1978 43 21 For
743 1978 85 22 further
838 1978 136 26 particulars,
985 1979 68 26 apply
1061 1982 28 17 to'
1204 1986 4 3 •
1242 1978 6 5 '
1251 1978 5 11 x

987 2009 97 23 George
1098 2010 90 26 Duppa,
1203 2017 25 15 or

986 2036 35 21 W.
1039 2037 29 21 V.
1084 2037 100 22 Brewer

898 2082 128 24 Wanted,

668 2116 49 47 A
756 2114 130 26 STEADY,
925 2114 142 28 industrious,
1101 2114 152 28 middle-aged

745 2148 88 14 woman
844 2149 23 13 as
878 2141 138 21 housemaid.

693 2172 67 22 None
769 2173 56 21 need
837 2173 66 26 apply
910 2172 93 22 without
1011 2180 13 14 a
1034 2172 59 27 good
1103 2172 122 22 character.

694 2204 143 27 Application
850 2207 20 18 to
880 2204 28 21 be
920 2204 65 21 made
995 2207 23 18 to

974 2240 131 22 Barrett's
1133 2241 93 22 Hotel.

694 2267 113 27 February
816 2268 21 25 5,
849 2269 61 20 1844.

666 2316 39 19 To
721 2316 163 20 Gentlemen
898 2316 148 26 intending
1061 2317 28 19 to
1105 2317 75 19 enter
1194 2316 62 19 into-

693 2343 44 20 the
766 2342 143 26 profitable
938 2343 108 25 pursuit
1077 2342 30 21 of
1133 2342 121 26 Grazing

694 2369 54 20 and
769 2369 136 26 Breeding
925 2369 90 24 Stock,
1039 2369 43 20 for
1101 2369 89 20 which
1211 2370 43 19 the

694 2395 88 21 fertile
802 2396 110 20 Islands
934 2396 31 20 of
981 2396 70 20 New
1069 2396 121 20 Zealand
1211 2401 43 15 are

693 2428 31 15 so
740 2422 151 26 peculiarly
905 2423 127 25 adapted.

667 2455 93 34 npHE
770 2455 154 26 undersigned
932 2456 44 27 beg
985 2458 22 19 to
1014 2455 84 22 inform
1108 2455 148 22 theirfriends

674 2477 30 26 X
737 2482 46 21 and
799 2482 38 21 the
851 2482 76 27 public
943 2482 124 27 generally,
1082 2482 49 21 that
1148 2481 53 28 they
1212 2483 44 22 will

666 2512 101 19 contract
791 2509 34 22 for
844 2508 38 22 the
907 2509 100 27 delivery
1032 2509 26 21 of
1080 2509 37 21 the
1141 2509 115 28 following

666 2535 135 28 description
814 2535 26 22 of
847 2535 75 28 Stock,
929 2536 24 21 in
962 2543 44 20 any
1016 2536 55 21 Port
1080 2536 25 21 of
1119 2535 37 22 the
1167 2536 89 22 Islands

667 2563 27 21 of
699 2562 56 22 New
765 2562 100 22 Zealand
873 2571 5 13 :
880 2573 29 5 —

694 2589 96 22 Horned
805 2589 67 22 cattle
890 2589 125 28 (improved
1029 2589 90 26 breeds)
1134 2589 27 21 of
1173 2589 30 21 all
1219 2589 37 22 de-

666 2615 126 28 scriptions,

694 2642 92 32 Horses^
807 2643 57 22 from
886 2643 40 22 the
948 2643 51 22 best
1016 2643 96 27 English
1131 2642 46 22 and
1194 2643 62 22 Arab

665 2669 71 27 studs,
752 2669 94 22 suitable
861 2670 37 21 for
915 2670 87 27 racing,
1016 2670 84 27 saddle,
1112 2677 26 14 or
1149 2669 92 24 harness
1249 2678 4 19 ;

665 2695 46 22 and
718 2696 109 27 breeding
837 2704 80 20 mares,

694 2723 58 21 Pure
762 2723 75 22 Saxon
846 2723 46 22 and
900 2724 88 22 merino
999 2731 66 19 ewes,

694 2749 120 22 Half-bred
830 2750 113 23 Leicester
958 2750 46 24 and
1018 2750 87 22 merino
1125 2757 63 19 ewes,
1206 2757 50 21 par-

665 2776 104 27 ticularly
779 2777 94 27 adapted
887 2777 37 21 for
932 2777 45 22 this
986 2780 102 24 country,
1099 2784 24 14 as
1131 2777 55 27 they
1193 2778 61 22 unite

666 2802 81 27 weight
757 2803 27 21 of
790 2810 85 15 carcass
886 2804 54 21 with
948 2804 98 21 fineness
1057 2804 26 21 of
1089 2803 64 22 wool.

692 2829 48 22 The
764 2830 151 27 undersigned
938 2838 42 14 can
1008 2830 168 22 accommodate
1203 2838 53 20 pur-

665 2855 90 23 chasers
770 2857 26 21 of
809 2856 57 22 their
875 2857 70 23 Stock
962 2857 52 24 with
1032 2857 115 23 extensive
1162 2858 93 26 grazing

665 2890 61 20 runs,
737 2883 78 22 within
825 2884 39 21 100
873 2883 67 24 miles
949 2884 27 21 of
980 2884 45 21 this
1035 2884 61 21 Port.

926 2915 36 22 W.
978 2916 26 21 B.
1018 2916 97 22 Rhodes
1129 2916 45 22 and
1188 2916 40 22 Co.

665 2968 73 49 ON
753 2968 79 22 SALE
846 2971 24 18 at
889 2968 39 21 the
948 2968 70 21 Office
1039 2968 25 21 of
1081 2968 44 22 this
1143 2976 111 21 paper:—

743 2994 63 28 Keys
816 2995 24 21 of
849 2994 37 22 the
896 2994 71 22 Town
977 2994 25 23 of
1009 2994 57 23 New
1075 2995 127 27 Plymouth,

691 3021 69 22 Plans
769 3021 26 22 of
803 3022 98 26 Country
913 3021 67 22 Land
989 3021 72 22 round
1074 3022 142 28 Wellington,
1228 3022 23 23 in

664 3055 58 21 case,

691 3075 69 22 Plans
771 3074 26 23 of
802 3075 94 26 Nelson,
906 3075 23 22 in
941 3082 58 20 caae,

691 3102 80 27 Copies
787 3102 26 21 of
825 3102 38 22 the
880 3102 57 22 New
957 3102 100 22 Zealand
1072 3102 101 27 Journal,
1190 3104 60 25 1842,

663 3130 118 26 complete,
792 3128 82 28 bound,

691 3156 134 27 Chapman's
835 3155 116 27 Portfolio,
961 3155 86 28 bound,

691 3182 74 22 Prints
772 3182 25 21 of
802 3182 92 27 Nelson,

691 3208 75 23 Prints
776 3209 26 22 of
805 3208 143 28 Wellington,

691 3235 68 22 Plans
768 3236 26 21 of
800 3235 84 22 Nelson
895 3236 25 21 in
929 3235 85 27 Sheets,

691 3262 69 22 Plans
769 3262 26 22 of
802 3262 99 28 Country
912 3262 66 23 Land
988 3265 23 20 at
1023 3262 145 28 Wellington,

691 3288 68 23 Plans
768 3288 25 23 of
801 3288 37 23 the
847 3289 69 22 Town
928 3289 25 22 of
960 3289 56 22 New
1027 3289 128 28 Plymouth.

691 3316 130 28 September
831 3317 32 25 19,
875 3317 63 21 1843.

691 3368 40 21 To
744 3368 48 21 the
806 3367 178 22 Inhabitants
999 3367 32 22 of
1042 3368 183 27 Wellington.

663 3401 51 49 A
729 3401 77 22 CASE
823 3401 27 21 of
865 3404 102 19 extreme
985 3400 108 29 hardship
1110 3400 86 29 having
1214 3409 37 15 oc-

742 3428 79 22 curred
837 3431 21 19 to
874 3428 104 22 Salvador
989 3428 93 27 Cemeno,
1093 3427 37 23 the
1145 3435 74 17 owner
1228 3428 26 23 of

663 3453 38 23 the
719 3453 57 23 little
794 3455 108 22 schooner
920 3456 79 26 Fidele,
1016 3455 31 28 by
1066 3454 68 28 being
1152 3455 99 28 unfairly

664 3480 106 27 deprived
785 3482 26 22 of
821 3481 39 25 the
875 3482 66 23 Prize
955 3489 51 15 won
1016 3482 31 27 by
1056 3482 48 22 him
1119 3483 24 21 in
1154 3481 38 23 the
1206 3482 44 23 late

664 3507 102 27 Regatta,
778 3507 45 23 and
832 3508 85 29 having
931 3509 62 23 since
1009 3508 116 23 entrusted
1133 3508 36 23 his
1180 3508 70 23 vessel

664 3537 23 17 to
701 3535 89 22 another
807 3542 86 20 person,
910 3536 38 22 the
966 3535 66 23 cable
1049 3535 72 23 broke
1140 3542 55 16 near
1213 3535 37 23 the

665 3564 106 19 entrance
789 3563 26 20 of
831 3561 36 23 the
880 3562 107 27 harbour,
1004 3562 43 22 and
1067 3562 36 22 his
1117 3562 71 22 vessel
1206 3569 45 15 was

665 3587 78 28 nearly
761 3587 115 29 destroyed
896 3589 31 28 by
946 3589 39 23 the
1002 3589 57 25 surf.
1087 3588 164 29 Subscriptions

664 3612 44 22 will
718 3614 27 22 be
754 3614 104 25 received
867 3618 24 19 at
900 3617 39 21 the
947 3617 88 22 Aurora
1045 3617 82 21 Tavern
1138 3618 24 19 to
1178 3615 73 28 repair

664 3638 35 22 his
707 3641 73 21 vessel
788 3640 23 22 if
815 3641 71 22 worth
895 3642 121 27 repairing,
1025 3650 27 14 or
1060 3641 109 30 purchase
1175 3649 14 13 a
1197 3641 55 23 boat

664 3667 24 19 to
704 3666 90 27 provide
810 3674 13 15 a
840 3672 60 18 most
917 3668 139 24 industrious
1074 3675 52 17 man
1142 3667 54 23 with
1213 3667 38 23 the

664 3699 79 15 means
751 3693 27 21 of
785 3695 132 22 subsistence.

692 3723 112 29 February
813 3728 20 25 2,
845 3728 61 21 1844.

872 3779 167 24 Almanack.

663 3809 75 50 AN
759 3809 180 24 ALMANACK
957 3811 35 22 for
1008 3810 245 31 WeUingtugjas^not*

733 3836 129 27 publishing
872 3840 24 19 at
903 3838 46 21 this
960 3837 80 23 Office.
1100 3833 104 41 i|||pV

894 3877 77 20 PRICE,
986 3871 30 21 Is.
1051 3872 5 4 '
1245 3867 11 28 I'

689 3902 16 12 *'
713 3902 95 25 Gazette
841 3902 78 27 Office,
931 3903 125 22 December
1067 3903 19 28 7,
1098 3904 61 23 1843.
1243 3892 13 51 |

1573 683 155 20 Commissariat
1743 684 67 25 Office,

1624 710 132 25 Wellington,

1422 743 113 21 Annual
1564 743 155 21 Contracts.

1279 775 146 48 NOTICE
1460 776 28 21 IS
1517 776 129 21 HEREBY
1677 776 109 26 GIVEN,
1816 775 49 23 that

1359 802 98 22 Tenders
1472 802 45 21 will
1531 802 27 21 be
1575 802 105 21 received
1692 807 23 17 at
1733 803 43 21 this
1794 802 70 23 Office

1280 829 28 26 by
1319 828 37 21 the
1365 828 157 27 undersigned,
1533 828 57 22 until
1608 828 88 27 Friday,
1709 828 38 23 the
1761 829 50 22 15th
1822 830 42 26 day

1280 856 26 20 of
1320 855 78 22 March
1417 858 61 23 next,
1500 858 23 18 at
1540 862 70 19 noon,
1631 855 36 21 for
1684 855 127 27 furnishing
1827 856 37 21 the

1280 881 164 22 Commissariat
1452 885 23 18 at
1491 881 146 27 Wellington,
1649 881 54 22 with
1719 881 38 22 the
1767 882 97 28 supplies

1279 908 207 26 undermentioned,
1497 908 24 21 in
1539 908 55 21 such
1609 908 122 27 quantities
1740 916 24 14 as
1774 916 51 20 may
1836 909 27 21 be

1279 934 103 27 required
1391 934 79 27 during
1484 934 37 21 the
1537 934 90 23 Twelve
1644 934 112 23 Calendar
1771 935 92 22 Months

1280 960 154 26 commencing
1444 961 37 20 the
1492 962 34 20 Ist
1535 961 63 27 April
1608 965 61 23 next,
1680 962 73 21 under
1762 962 37 21 the
1809 969 54 14 con-

1281 987 80 22 ditions
1370 987 135 22 hereinafter
1514 988 113 26 specified,
1639 988 43 22 viz.
1682 999 29 4 —

1308 1021 68 21 Fresh
1385 1024 68 18 meat.
1461 1035 5 6 .

1308 1047 67 22 Flour
1482 1042 12 27 V
1513 1049 94 23 atiflfc.

1308 1074 71 22 Bread
1474 1069 13 31 J

1307 1100 59 22 Rum
1504 1103 22 18 at
1566 1101 99 26 imperial
1677 1101 82 27 gallon.

1308 1127 113 22 Firewood
1439 1127 26 21 of
1479 1134 14 14 a
1510 1127 153 32 marketable]

1334 1153 134 28 description
1658 1156 40 29 yat
1740 1155 40 21 100
1789 1155 41 23 lbs.

1308 1181 68 21 Straw
1652 1176 11 30 J

1309 1207 78 21 Mould
1395 1207 98 26 (candles
1524 1227 9 3 _
1536 1223 8 11 f
1554 1221 22 13 ao.
1586 1221 23 13 «.

1308 1233 44 28 Dip
1363 1233 88 22 candles
1469 1220 47 40 ..|
1522 1221 94 24 at^»-

1442 1287 49 22 For
1506 1287 138 27 Hospitals,
1660 1288 40 21 &c.

1308 1324 78 21 Arrow
1394 1326 56 24 root,
1462 1330 60 20 sago,
1533 1324 45 21 rice
1716 1324 15 32 ~|

1308 1349 52 27 Tea,
1371 1357 72 19 sugar,
1455 1350 95 21 oatmeal
1726 1345 5 38 j

1309 1376 53 26 Salt,
1372 1377 79 26 yellow
1461 1384 60 20 soap,
1532 1376 60 27 pearl
1604 1376 76 28 barley
1690 1392 5 5 .
1703 1392 5 5 .
1726 1380 39 19 >at
1774 1378 23 24 $*
1806 1378 30 22 Tb.

1308 1402 134 28 Vegetables

1309 1429 53 22 Fine
1373 1430 68 21 bread
1715 1425 16 32 j

1310 1456 58 21 Milk
1639 1457 89 25 f-pint.

1309 1482 52 22 Port
1371 1483 55 22 wine
1638 1486 23 18 at
1703 1484 79 21 dozen.

1309 1508 97 28 Vinegar
1578 1514 23 17 at
1642 1510 102 27 imperial
1754 1510 82 28 gallon.

1309 1536 77 21 Porter
1609 1536 77 22 dozen.

1449 1591 214 20 CONDITION
1674 1592 24 20 S.

1376 1622 127 24 Qualities
1528 1630 26 14 of
1578 1630 46 14 the
1651 1623 118 23 Supplies.

1310 1656 40 21 Ist.
1366 1655 37 22 All
1419 1655 37 22 the
1467 1656 87 21 articles
1564 1659 23 18 to
1597 1656 28 21 be
1642 1656 26 21 of
1675 1656 36 21 the
1721 1656 50 23 best
1780 1656 84 28 quality

1283 1682 26 21 of
1317 1682 57 21 their
1382 1682 85 21 several
1476 1682 72 22 kinds.

1309 1708 50 22 2nd.
1375 1709 47 21 The
1440 1708 58 23 flour
1508 1713 23 17 to
1549 1709 28 21 be
1594 1708 36 22 the
1647 1709 98 26 produce
1759 1710 26 21 of
1800 1710 63 21 clean

1283 1736 71 21 sound
1364 1736 98 21 Colonial
1473 1735 79 27 wheat,
1563 1736 58 21 from
1632 1736 71 21 which
1721 1737 28 20 20
1757 1743 39 21 per
1806 1740 57 18 cent,

1282 1762 24 21 in
1315 1762 55 21 bran
1380 1762 40 21 has
1430 1762 58 21 been
1499 1762 123 21 extracted.

1310 1789 47 21 3rd.
1372 1788 46 22 The
1428 1788 68 22 bread
1508 1794 23 15 to
1545 1789 27 21 be
1582 1788 66 21 made
1663 1788 58 22 from
1732 1788 56 23 flour
1796 1790 26 21 of
1828 1788 37 23 the

1284 1822 59 14 same
1362 1815 84 27 quality
1465 1823 24 14 as
1508 1815 115 22 described
1641 1815 24 22 in
1689 1815 39 22 the
1746 1816 120 27 preceding

1283 1842 129 26 paragraph,
1424 1842 45 21 and
1488 1846 22 17 to
1530 1842 27 21 be
1575 1841 74 22 baked
1664 1843 27 21 24
1706 1842 68 22 hours
1792 1842 73 22 before

1285 1869 65 26 being
1360 1868 81 27 issued,
1450 1869 24 20 in
1484 1868 77 24 loaves
1570 1868 27 21 of
1602 1870 14 19 2
1620 1870 41 21 lbs.
1672 1868 64 22 each.

1310 1895 45 21 4th.
1370 1895 48 22 The
1434 1895 59 22 fresh
1508 1898 60 18 meat
1578 1898 22 17 to
1614 1895 29 21 be
1659 1896 74 20 issued
1743 1895 66 26 daily,
1821 1895 44 22 and

1284 1924 22 19 to
1325 1921 82 22 consist
1426 1922 26 21 of
1467 1922 59 25 beef,
1537 1924 94 23 mutton,
1644 1921 43 22 and
1706 1922 61 26 pork,
1784 1922 24 21 in
1827 1921 38 22 the

1284 1948 124 27 proportion
1421 1948 26 21 of
1453 1949 12 20 5
1472 1949 42 22 IBs.
1525 1948 24 20 of
1557 1948 52 21 be»ef
1618 1955 24 14 or
1652 1951 93 23 mutton,
1757 1948 44 21 and
1810 1950 54 21 2H>s.

1263 1975 11 15 •^
1287 1974 23 19 of
1324 1973 54 26 pork
1393 1973 98 26 weekly;
1507 1976 23 18 to
1546 1974 27 20 be
1591 1973 111 21 delivered
1719 1974 23 20 in
1759 1975 47 20 fore
1821 1975 45 20 and

1284 1998 54 22 hind
1354 2002 99 25 quarters
1470 1999 140 26 alternately,
1627 1999 64 22 when
1710 2000 39 21 the
1765 2000 102 27 quantity

1286 2026 78 21 admits
1374 2026 23 21 of
1405 2026 23 21 it.
1458 2025 74 22 When
1545 2025 56 21 beef
1613 2026 19 21 is
1646 2026 83 27 issued,
1746 2027 34 21 six
1791 2027 76 21 inches

1286 2055 22 19 to
1317 2053 28 21 be
1357 2056 35 18 cut
1402 2053 33 21 off
1441 2052 37 22 the
1489 2052 75 26 hough
1575 2052 44 22 and
1629 2053 59 21 neck
1698 2053 75 22 bones.

1312 2078 43 22 sth.
1371 2079 47 21 The
1437 2078 127 27 vegetables
1582 2079 34 21 for
1637 2079 37 22 the
1693 2079 106 28 hospitals
1823 2080 44 22 and

1286 2105 62 22 other
1365 2105 177 22 establishments
1559 2105 95 22 entitled
1669 2106 93 25 thereto,
1773 2107 57 21 shall
1839 2107 28 21 be

1285 2132 97 27 supplied
1392 2133 23 21 in
1423 2131 131 23 reasonable
1570 2133 141 26 proportions
1724 2133 26 21 of
1761 2136 106 25 potatoes,

1284 2166 87 19 greens,
1382 2160 85 25 onions,
1478 2159 41 21 &c.

1312 2185 45 22 6th.
1371 2186 47 21 The
1434 2193 49 14 rum
1499 2189 22 17 to
1536 2185 28 21 be
1573 2186 64 22 West
1653 2186 73 27 India,
1736 2187 14 21 5
1760 2194 39 20 per
1809 2189 58 20 cent,

1286 2213 68 21 under
1364 2213 68 26 proof.

1448 2265 72 23 Mode
1535 2274 26 14 of
1576 2267 130 22 Delivery.

1315 2298 46 23 7th.
1378 2298 34 22 No
1421 2301 51 23 part
1482 2298 113 21 whatever
1609 2298 26 21 of
1646 2298 38 22 the
1693 2299 96 27 supplies
1799 2299 70 22 above

1288 2325 107 27 specified,
1416 2324 56 22 shall
1493 2324 27 22 be
1539 2324 104 22 received
1659 2326 23 21 in
1698 2326 82 26 charge
1795 2326 25 21 of
1832 2326 37 22 the

1288 2351 170 27 Commissariat,
1476 2351 40 22 but
1533 2351 55 22 shall
1606 2352 27 21 be
1653 2352 111 22 delivered
1783 2352 30 28 by
1833 2353 37 22 the

1288 2378 125 21 Contractor
1420 2378 21 21 di
1444 2385 5 13 i
1454 2382 35 17 ect
1500 2381 22 18 to
1529 2377 36 22 the
1575 2385 92 19 persons
1676 2378 93 22 entitled
1775 2379 93 27 thereto,

1288 2411 58 21 upon
1362 2404 36 22 the
1413 2404 86 22 written
1521 2404 64 22 order
1604 2405 26 20 of
1648 2405 36 21 the
1703 2406 167 21 Commissariat

1289 2432 81 21 Officer
1387 2431 22 21 in
1430 2430 88 28 charge,
1539 2438 24 14 or
1587 2432 26 20 of
1633 2439 46 19 any
1702 2432 63 22 other
1789 2440 80 20 person

1288 2458 129 22 authorized
1426 2458 30 26 by
1465 2457 48 22 him
1523 2458 34 21 for
1565 2458 49 21 that
1623 2465 102 21 purpose.

1395 2511 150 22 GENERAL
1561 2512 201 23 CONDITIONS.

1315 2547 44 21 Bth.
1375 2545 60 22 Each
1446 2544 89 22 Tender
1543 2549 50 17 sent
1602 2545 30 26 in,
1649 2545 24 22 in
1685 2553 152 25 consequence
1848 2547 25 22 of

1289 2573 42 21 this
1350 2572 177 25 advertisement,
1547 2575 23 18 to
1588 2571 29 23 be
1641 2573 158 26 accompanied
1813 2574 28 26 by
1857 2582 13 14 a

1288 2603 117 18 statement
1421 2598 78 27 signed
1517 2599 31 26 by
1564 2602 44 18 two
1627 2602 126 24 competent
1770 2607 99 20 persons,

1288 2627 43 21 and
1342 2626 125 27 expressing
1477 2625 59 21 their
1544 2625 119 26 readiness,
1679 2627 23 20 in
1713 2625 39 22 the
1761 2630 67 18 event
1842 2628 26 21 of

1288 2653 53 22 such
1352 2652 87 23 Tender
1449 2652 68 26 being
1526 2652 112 27 accepted,
1644 2655 23 19 to
1673 2652 91 22 become
1775 2653 95 28 security

1287 2680 34 22 for
1333 2680 37 22 the
1385 2679 42 21 due
1436 2679 153 27 performance
1600 2679 25 21 of
1632 2679 38 21 the
1682 2679 105 23 Contract
1796 2681 73 22 which

1288 2707 38 21 wil
1343 2707 52 21 then
1413 2706 28 20 be
1458 2705 89 21 entered
1563 2705 56 26 into,
1629 2705 49 22 The
1691 2707 92 26 penalty
1794 2708 26 20 of
1832 2707 38 22 the

1287 2733 63 24 bond
1368 2737 20 17 to
1404 2732 28 22 be
1448 2731 66 28 equal
1531 2735 21 19 to
1569 2731 39 22 the
1618 2732 117 23 estimated
1749 2737 90 19 amount
1849 2735 24 21 of

1289 2764 41 17 two
1341 2759 96 22 month's
1453 2758 108 27 supplies;
1576 2759 46 21 and
1637 2766 28 14 no
1676 2760 96 27 supplies
1783 2761 43 21 will
1839 2761 29 21 be

1286 2786 103 22 received
1397 2785 58 22 until
1465 2785 38 21 the
1513 2785 166 22 bondhasbeen
1688 2785 55 28 duly
1754 2787 115 22 executed.

1314 2813 45 23 9th.
1374 2811 99 23 Tenders
1488 2818 52 21 may
1549 2811 28 22 be
1595 2815 51 18 sent
1660 2813 31 25 in,
1702 2812 71 22 either
1784 2813 34 22 for
1833 2814 37 22 the

1288 2839 69 23 whole
1368 2839 25 22 of
1399 2839 38 21 the
1453 2838 97 27 supplies
1560 2839 102 26 required
1675 2839 35 21 for
1720 2839 54 22 each
1786 2839 84 23 district

1286 2865 151 29 respectively,
1448 2872 24 14 or
1481 2865 36 21 for
1526 2872 43 19 any
1578 2865 89 28 portion
1679 2865 26 22 of
1710 2865 70 27 them,
1792 2870 78 25 except

1288 2894 61 21 those
1368 2893 70 21 under
1457 2891 37 22 the
1512 2891 59 22 head
1588 2892 28 22 of
1632 2892 14 11 *'
1797 2893 73 23 which

1287 2923 58 19 must
1354 2920 30 21 all
1392 2920 28 21 be
1430 2919 24 21 in
1465 2926 43 14 one
1519 2918 95 22 Tender.

1314 2946 58 23 10th.
1386 2946 47 22 The
1453 2945 130 22 Contractor
1602 2948 23 19 to
1644 2953 92 20 prepare
1761 2945 35 23 his
1819 2954 50 15 own

1286 2976 95 20 account
1396 2972 123 27 according
1528 2975 22 18 to
1569 2971 39 23 the
1622 2972 128 24 prescribed
1758 2973 63 27 form,
1834 2973 36 22 for

1286 2999 36 23 the
1333 3004 90 18 amount
1432 2999 27 21 of
1465 2998 73 22 which
1552 2998 29 22 he
1595 2999 45 21 will
1656 2999 28 22 be
1693 2999 115 23 furnished
1816 2999 54 23 with

1284 3034 15 14 a
1308 3027 119 22 certificate
1441 3025 30 28 by
1481 3025 38 22 the
1529 3025 158 27 undersigned,
1698 3025 45 22 and
1756 3030 113 24 presenta-

1284 3053 46 22 tion
1356 3052 88 23 thereof
1463 3055 25 19 at
1509 3052 38 22 the
1571 3052 167 22 Commissariat
1757 3053 70 22 Office
1846 3057 24 18 at

1284 3079 127 26 Auckland,
1423 3078 58 22 shall
1493 3079 89 21 receive
1595 3082 107 23 payment
1717 3079 111 28 monthly,
1837 3079 32 28 by

1284 3114 13 14 a
1307 3107 39 22 bill
1364 3113 57 20 upon
1435 3105 38 22 the
1493 3105 71 22 Lords
1583 3105 184 23 Commissioners
1788 3108 26 20 of
1829 3106 40 22 her

1284 3133 115 28 Majesty's
1409 3133 112 26 Treasury
1531 3135 23 19 at
1562 3138 47 21 par,
1620 3132 65 22 when
1694 3132 39 21 the
1749 3136 92 18 amount
1849 3133 20 22 is

1282 3160 136 27 twenty-five
1432 3159 89 27 pounds
1535 3166 25 14 or
1578 3158 117 27 upwards;
1712 3158 64 22 when
1795 3159 74 23 under

1281 3187 49 22 that
1340 3190 97 22 amount,
1448 3188 107 25 payment
1564 3185 46 21 will
1620 3185 28 22 be
1658 3185 67 22 made
1734 3185 24 22 in
1768 3186 60 22 cash.

1310 3219 59 22 11th.
1385 3219 27 22 In
1423 3217 38 22 the
1472 3220 69 19 event
1549 3217 27 22 of
1588 3224 44 19 any
1642 3216 77 23 article
1733 3217 83 22 offered
1830 3217 39 22 be-

1281 3245 40 27 ing
1331 3244 101 29 objected
1441 3246 24 19 to
1474 3251 25 14 as
1508 3246 40 19 not
1558 3243 107 28 agreeing
1679 3243 54 23 with
1742 3244 62 22 these
1814 3251 55 15 con-

1282 3272 89 27 ditions,
1390 3271 27 22 it'
1426 3270 45 22 will
1490 3270 29 22 be
1538 3270 121 23 submitted
1678 3272 22 21 to
1719 3277 14 15 a
1752 3270 75 23 Board
1846 3271 26 22 of

1283 3299 100 26 Officers,
1401 3301 23 18 to
1439 3297 28 22 be
1484 3297 122 28 appointed
1620 3297 30 27 by
1660 3296 37 23 the
1714 3297 83 22 Officer
1809 3304 60 16 com-

1282 3326 107 26 manding
1398 3328 24 18 at
1436 3323 38 23 the
1490 3324 90 27 station,
1592 3323 47 23 and
1654 3323 21 22 if
1686 3324 99 27 rejected
1793 3324 29 27 by
1832 3324 37 22 the

1278 3352 87 27 .Board,
1375 3353 17 20 it
1401 3351 46 23 will
1456 3351 28 21 be
1493 3350 106 27 replaced
1613 3351 29 26 by
1651 3350 38 22 the
1702 3350 167 22 Commissariat

1282 3379 85 22 Officer
1376 3378 44 22 and
1428 3377 99 27 charged
1542 3377 88 26 against
1644 3377 38 22 the
1697 3377 137 26 Contractor,
1843 3377 26 22 in

1281 3406 38 22 the
1340 3407 65 20 event
1423 3403 27 23 of
1464 3403 36 23 his
1519 3403 130 29 neglecting
1668 3406 23 20 to
1710 3403 32 24 do
1760 3410 25 16 so
1805 3403 64 24 when

1281 3431 114 29 required.

1309 3465 61 23 12th.
1384 3464 22 22 It
1416 3463 57 23 shall
1481 3463 31 22 be
1521 3463 24 23 in
1556 3463 38 23 the
1603 3470 76 21 power
1688 3463 27 22 of
1726 3463 71 23 either
1806 3466 64 30 party

1281 3495 25 20 to
1315 3492 59 22 limit
1383 3491 37 22 the
1430 3490 103 22 duration
1543 3490 26 23 of
1582 3490 39 23 the
1639 3490 105 23 Contract
1756 3490 30 28 by
1794 3490 77 28 giving

1281 3519 24 23 in
1314 3518 88 27 writing
1411 3525 14 14 a
1433 3516 75 23 notice
1519 3516 25 23 of
1551 3516 64 23 three
1627 3516 109 23 calendar
1749 3516 88 23 months
1846 3521 24 18 to

1282 3546 38 24 the
1345 3544 63 22 other
1430 3546 73 25 party,
1523 3543 43 24 and
1583 3547 23 18 to
1624 3543 43 22 end
1682 3543 39 22 the
1740 3546 98 22 contract
1846 3547 24 19 at

1282 3572 39 22 the
1331 3570 125 28 expiration
1471 3570 28 21 of
1510 3570 49 22 that
1571 3570 86 28 period,
1674 3569 18 23 it
1705 3570 70 27 being
1775 3577 2 5 1
1789 3570 81 23 under-

1282 3598 65 24 stood
1356 3597 48 22 that
1413 3596 56 23 such
1485 3596 77 22 notice
1575 3603 44 15 can
1630 3596 30 22 be
1669 3596 67 27 given
1750 3596 53 28 only
1812 3597 57 22 from

1282 3625 39 22 the
1329 3624 49 22 first
1387 3623 45 27 day
1441 3623 27 21 of
1473 3629 15 16 a
1496 3622 85 27 month,
1592 3622 45 23 and
1651 3620 80 25 within
1745 3623 37 22 the
1792 3623 78 25 period
1872 3631 2 25 j

1281 3652 39 22 for
1326 3650 71 23 which
1406 3649 40 23 the
1456 3650 106 22 Contract
1571 3650 20 21 is
1604 3649 68 23 made
1682 3657 26 15 or
1716 3650 83 28 agreed
1808 3653 24 19 to
1840 3650 29 22 be

1281 3678 78 22 •made.

1311 3708 60 24 13th.
1394 3707 65 24 Each
1476 3707 91 26 Tender
1584 3710 24 25 \p
1629 3707 30 23 he
1682 3707 107 23 enclosed
1810 3707 24 23 in
1857 3715 15 17 a

1284 3739 100 25 separate
1399 3734 118 28 envelope,
1533 3734 46 22 and
1592 3733 96 25 marked
1732 3733 89 24 Tender
1834 3734 36 24 for

1420 3761 91 22 Tender
1526 3761 35 22 for
1575 3761 73 26 Meat,
1739 3767 25 16 as
1773 3760 38 23 the
1820 3767 50 17 case

1284 3796 52 21 may
1345 3789 36 23 be.
1408 3787 38 23 No
1451 3787 90 23 Tender
1545 3791 52 19 sent
1604 3788 25 22 in
1636 3786 58 24 shall
1702 3787 29 23 be
1741 3787 129 23 withdrawn

1284 3824 26 14 or
1318 3815 91 26 altered,
1423 3814 45 22 and
1487 3814 74 22 notice
1568 3814 32 22 .of
1612 3814 64 22 those
1693 3813 107 28 accepted
1814 3813 57 23 shall

1283 3843 29 23 be
1321 3843 66 27 given
1398 3841 63 22 three
1470 3840 57 28 days
1536 3841 26 21 of
1568 3841 38 23 the
1617 3841 53 21 time
1682 3840 26 24 of
1712 3840 106 27 opening.

1262 3869 2 11 '
1313 3876 28 23 In
1351 3875 30 22 all
1389 3881 63 16 cases
1467 3873 73 23 where
1547 3878 110 21 persons.
1656 3873 51 23 who
1714 3872 59 24 haye
1783 3872 87 23 tender-

1262 3916 2 8 ,<
1285 3902 35 28 ed,
1331 3902 73 22 refuse
1420 3904 23 19 to
1461 3900 59 22 fulfil
1538 3900 58 21 their
1615 3899 65 22 offers
1698 3906 60 20 upon
1772 3899 55 26 light
1843 3906 27 14 or

1896 684 107 22 frivolous
2018 691 96 21 excuses,
2125 685 19 23 it
2157 687 46 22 will
2215 687 30 22 be
2260 692 128 23 tompetent
2396 691 35 21 for
2439 690 38 23 the

1896 710 149 27 undersigned
2055 714 21 19 to
2086 712 88 23 decline
2183 716 25 19 to
2215 714 89 23 receive
2313 715 100 24 Tenders
2420 717 58 22 from

1897 736 60 21 them
1968 740 24 18 at
1999 744 43 20 any
2051 738 74 22 future
2133 739 85 28 period.

1924 762 95 23 Persons
2031 764 98 22 desirous
2138 765 27 22 of
2177 765 128 30 Tendering
2314 775 36 15 are
2361 769 119 28 requested

1899 792 22 17 to
1940 789 68 28 apply
2025 794 23 17 at
2065 790 38 22 the
2123 792 165 23 Commissariat
2305 793 70 23 Office
2398 799 24 18 at
2442 795 37 23 the

1896 816 90 25 station,
1996 816 63 22 when
2070 816 53 28 they
2131 818 45 21 will
2185 819 28 21 be
2222 819 115 23 furnished
2348 821 52 22 with
2410 821 70 23 forms

1897 841 25 21 of
1928 840 95 30 Tender,
2034 843 44 22 and
2088 851 46 20 any
2143 844 65 23 other
2215 845 144 23 information
2369 847 53 28 they
2427 855 52 20 may

1896 868 96 27 require.

2220 898 29 22 G.
2260 898 30 22 D.
2301 898 121 30 Lardner,

2301 932 30 22 D.
2342 933 29 22 A.
2384 934 24 22 C.
2420 935 28 22 G.

1929 955 142 27 Wellington,
2083 956 114 29 February
2208 960 18 25 9,
2239 959 61 21 1844.

1974 1002 244 25 GOVERNMENT
2252 1004 143 26 NOTICE.

1896 1058 88 47 HIS
1999 1058 206 23 EXCELLENCY
2218 1059 65 23 THE
2303 1061 175 24 GOVERNOR

1985 1084 38 22 has
2032 1084 59 22 been
2101 1086 124 26 pleased-to
2236 1087 92 26 appoint

1999 1117 82 23 Major
2096 1119 125 22 Matthew
2236 1119 135 29 Richmond,

1896 1148 25 22 of
1926 1148 41 22 her
1983 1148 114 28 Majesty's
2107 1150 54 23 96th
2175 1150 116 28 regiment,
2303 1155 23 19 to
2336 1152 29 22 be
2376 1153 104 28 Superin-

1896 1174 93 23 tendent
2006 1176 24 21 of
2051 1176 37 22 the
2113 1176 111 23 Southern
2248 1178 102 22 Division
2374 1180 25 21 of
2421 1180 55 22 New

1895 1201 108 22 Zealand.

1922 1227 60 22 Date
1992 1228 26 21 of
2023 1228 160 29 appointment,
2194 1230 114 28 February
2319 1233 19 26 1,
2350 1233 61 21 1844.

1957 1281 101 22 Arthur
2072 1282 103 23 Edward
2190 1284 143 28 M'Donooh,
2350 1284 61 29 Esq.,

1895 1310 22 19 to
1926 1307 30 22 be
1973 1308 66 21 Chief
2055 1308 75 23 Police
2149 1310 131 26 Magistrate
2293 1314 23 19 at
2331 1311 145 29 Wellington.

1921 1334 61 22 Date
1991 1335 25 20 of
2022 1336 160 26 appointment,
2192 1336 116 28 February
2316 1339 20 25 1,
2348 1339 61 22 1844.

1963 1387 95 24 Alfred
2072 1388 119 24 Rowland
2206 1391 121 27 Chetham,
2343 1390 62 28 Esq.,

1895 1424 24 18 to
1927 1421 29 22 be
1968 1421 65 22 Clerk
2042 1425 23 19 to
2074 1422 39 22 the
2124 1423 86 23 Bench.

1922 1447 60 23 Date
1993 1449 26 21 of
2024 1449 161 28 appointment,
2202 1450 101 28 January
2314 1451 38 22 the
2365 1452 42 22 Ist.
2418 1452 60 22 1844.

1963 1501 95 23 Thomas
2072 1502 89 24 Henry
2176 1504 155 28 Fitzgerald,
2348 1505 63 28 Esq.,

1896 1531 23 19 to
1928 1528 29 22 be
1968 1529 108 22 Assistant
2085 1531 120 26 Surveyor.

1922 1555 60 22 Date
1992 1555 26 21 of
2023 1555 161 28 appointment,
2196 1557 112 28 February
2319 1559 19 24 1,
2351 1559 62 22 1844.

2004 1588 33 28 By
2047 1588 34 23 his
2091 1589 157 28 Excellency's
2258 1591 126 27 command,

2117 1622 23 22 J.
2156 1623 36 22 W.
2208 1623 138 28 Hamilton,

2232 1650 89 22 Private
2330 1651 123 28 Secretary.

1924 1681 143 27 Wellington,
2077 1682 55 22 Feb.
2142 1683 37 26 23,
2190 1684 61 21 1844.

1898 1728 44 31 rp
1946 1726 44 22 HE
2004 1726 150 28 undersigned
2171 1727 20 22 is
2206 1729 171 22 commissioned
2393 1732 22 18 to
2429 1737 52 20 pur-

1905 1750 29 25 JL
1973 1752 64 23 chase
2048 1754 40 21 150
2097 1757 23 18 to
2128 1755 43 21 200
2180 1757 49 19 tons
2239 1755 25 21 of
2271 1755 63 28 Flax,
2350 1759 24 19 at
2384 1756 47 22 £13
2441 1763 38 21 per

1898 1782 46 19 ton.
1974 1779 57 22 Cash
2041 1780 94 27 payable
2145 1787 31 15 on
2185 1781 106 28 delivery.

2276 1813 76 22 Jambs
2370 1814 83 22 Smith.

1924 1837 145 27 Wellington,
2080 1837 55 23 Feb.
2144 1839 36 26 20,
2192 1840 59 21 1844.

2067 1881 103 24 JAMES
2198 1883 108 28 SMITH,

1932 1912 131 22 Licensed
2091 1914 221 22 Custom-House
2341 1915 102 27 Agent,

2129 1947 39 22 *TE
2183 1955 53 14 ARO.

1925 1976 114 27 February
2048 1979 33 25 20,
2098 1980 61 20 1844.

2107 2022 27 22 B.
2163 2023 111 27 LEVY,

1900 2055 202 26 Chronometer,
2118 2056 96 26 Clock,
2228 2057 22 20 &
2264 2057 99 22 Watch
2375 2058 106 27 Maker,

2093 2097 108 15 LAMBTON
2217 2098 69 19 QUAY,

1902 2123 41 33 ~Q
1953 2122 216 23 ESPECTFULLY
2178 2123 91 22 informs
2277 2123 37 23 the
2324 2123 127 24 inhabitant
2460 2126 27 21 of

1902 2145 51 26 XV
1981 2149 135 27 Wellington
2133 2149 49 22 that
2196 2150 27 21 he
2241 2150 42 22 has
2300 2152 89 26 opened
2407 2152 24 21 in
2446 2152 37 22 the

1902 2175 69 22 above
1989 2175 50 27 line,
2056 2176 46 21 and
2119 2179 68 19 trusts
2195 2176 30 27 by
2235 2176 115 23 assiduous
2365 2178 116 28 attention,

1902 2202 118 21 combined
2027 2202 52 22 with
2090 2202 114 23 moderate
2213 2203 77 28 prices,
2302 2206 23 20 to
2333 2205 68 22 merit
2409 2205 75 28 public

1902 2232 125 24 patronage.

2073 2257 77 20 Watch
2159 2257 77 26 glasses
2238 2258 74 25 fitted.

1890 2303 7 9 t
1930 2283 111 26 February
2051 2284 35 25 20,
2098 2284 61 21 1844.

1904 2328 79 48 SIR,
1984 2338 27 4 —
2013 2328 11 21 I
2038 2327 85 28 hereby
2132 2328 51 27 give
2198 2336 45 20 you
2258 2329 73 22 notice
2345 2329 56 28 that,
2411 2330 75 23 unless

1968 2361 45 20 you
2020 2354 91 22 redeem
2119 2361 58 21 your
2191 2355 78 22 trunks
2283 2356 41 22 left
2332 2359 24 19 at
2367 2364 39 21 my
2415 2357 69 23 house

1903 2380 44 22 and
1956 2388 43 20 pay
2009 2381 35 21 the
2054 2381 38 22 bill
2107 2388 45 19 you
2168 2382 109 27 incurred,
2289 2382 11 22 I
2316 2383 65 27 shall,
2393 2383 91 23 without

1903 2408 86 21 further
1997 2407 78 27 notice,
2087 2408 55 21 offer
2148 2408 36 22 for
2191 2408 59 22 Sale,
2258 2408 32 28 by
2294 2409 77 28 public
2378 2410 106 27 Auction,

1903 2434 77 22 within
1990 2435 100 21 fourteen
2102 2434 61 28 days,
2175 2434 38 23 the
2223 2439 104 19 contents
2336 2436 95 22 therein.

2063 2467 82 23 Your's
2160 2468 135 29 obediently,

2173 2500 97 22 George
2284 2500 93 28 Young,

2246 2534 72 23 South
2327 2535 44 22 Sea
2381 2535 77 24 Hotel.

1902 2561 33 22 To
1945 2560 45 22 Mr.
2002 2559 110 28 Maxwell,

1985 2592 80 28 Happy
2074 2592 89 28 Valley,
2173 2599 54 16 near
2236 2592 146 29 Wellington.

1929 2627 112 27 February
2050 2629 19 24 8,
2081 2628 62 22 1844.

2103 2678 86 21 Fresh
2201 2678 82 22 Pork.

1905 2711 70 48 ON
1991 2711 83 27 SALE,
2090 2714 24 19 at
2131 2712 39 21 the
2189 2712 106 27 premises
2312 2713 25 21 of
2352 2712 40 23 the
2404 2714 80 22 under-

1981 2738 84 27 signed,
2079 2738 61 22 fresh
2150 2738 67 27 Pork,
2234 2739 26 22 of
2276 2739 38 22 the
2328 2740 50 21 best
2392 2740 91 28 quality,

1903 2765 56 22 from
1968 2764 36 23 4d.
2015 2768 20 18 to
2044 2765 36 22 od.
2090 2772 41 20 per
2140 2766 31 24 Hj.

1930 2792 74 21 Prime
2015 2791 41 23 salt
2065 2792 65 27 pork.

2114 2824 29 23 R.
2158 2824 125 27 Wallace,
2300 2824 158 24 Willis-street.

1929 2858 114 28 February
2051 2860 20 24 9,
2083 2859 61 21 1844.

2126 2908 55 20 Fox
2195 2907 65 23 Sale.

1903 2940 49 47 A
1982 2938 144 23 COTTAGE
2149 2938 128 28 pleasantly
2301 2939 98 23 situated
2422 2940 26 22 in
2474 2947 15 16 a

1980 2965 112 22 sheltered
2110 2970 51 23 spot
2180 2973 31 14 on
2225 2966 139 27 Wellington
2380 2967 106 27 Terrace,

1902 2992 77 22 within
1989 2999 41 15 one
2040 2992 97 22 minutes
2146 2992 60 22 walk
2216 2992 27 22 of
2253 2992 40 23 the
2302 2993 81 27 beach;
2394 2994 68 27 beiug
2471 3001 15 14 a

1902 3023 57 18 most
1969 3018 107 23 desirable
2086 3018 89 28 private
2183 3019 126 23 residence.
2345 3020 46 23 For
2399 3020 88 23 further

1900 3046 138 28 particulars,
2049 3046 67 28 apply
2125 3049 24 18 to

2217 3072 47 22 Mr.
2275 3072 96 23 Robert
2382 3072 73 25 Park.

1928 3098 113 28 February
2050 3100 20 25 2,
2082 3099 62 21 1844.

1956 3144 99 22 Messrs.
2080 3143 156 22 HOLROYD
2260 3150 47 15 and
2332 3143 98 28 HART,

2061 3170 131 21 Notaries
2214 3170 109 25 Public,

1989 3204 37 15 TE
2054 3204 72 19 ARO,
2155 3203 243 17 WELLINGTON,

1928 3229 130 28 September
2065 3230 21 25 4,
2098 3229 63 22 1843.

2067 3281 81 26 JYCeat
2168 3281 151 28 Company.

1903 3314 81 53 TE
2013 3314 238 27 UNDERSIGNED,
2270 3314 84 28 having
2373 3314 57 24 been
2450 3322 39 22 ap-

1976 3340 89 30 pointed
2079 3341 112 27 Manager
2201 3340 25 23 of
2239 3340 38 24 the
2291 3341 64 22 Meat
2364 3341 123 29 Company,

1902 3368 54 27 begs
1964 3370 25 19 to
1997 3375 117 16 announce
2123 3367 52 24 that
2187 3375 16 15 a
2211 3367 88 27 regular
2307 3367 79 29 Bupply
2395 3368 25 23 of
2429 3368 59 27 beef,

1902 3397 94 25 mutton,
2016 3394 45 23 and
2076 3394 59 30 pork
2149 3401 55 21 may
2222 3395 83 27 always
2323 3394 27 24 be
2370 3394 119 27 depended

1902 3428 60 21 upon
1973 3424 24 20 at
2006 3421 44 24 this
2058 3421 176 25 establishment.

1928 3448 34 23 As
1986 3448 43 22 this
2052 3448 117 28 Company
2187 3454 106 26 purposes
2312 3447 79 27 selling
2409 3450 24 19 at
2450 3447 38 23 the

1901 3474 78 23 lowest
1987 3474 70 29 prices
2067 3478 23 19 at
2104 3474 76 23 which
2187 3478 19 18 it
2218 3474 20 22 is
2246 3473 72 23 found
2326 3474 38 21 the
2373 3476 61 20 meat
2446 3481 41 15 can

1901 3501 28 22 be
1940 3501 106 27 afforded,
2057 3502 37 21 the
2103 3500 152 28 undersigned
2261 3500 22 22 is
2295 3500 54 28 only
2357 3500 129 25 authorized

1903 3531 21 20 to
1934 3528 52 28 give
1991 3535 53 21 very
2050 3528 87 23 limited
2145 3528 78 26 credit,
2230 3526 46 23 and
2282 3526 41 23 has
2327 3527 58 21 been
2391 3526 97 23 ordered

1902 3558 22 19 to
1940 3558 50 26 stop
2004 3555 30 22 all
2047 3557 106 20 accounts
2166 3554 74 22 which
2253 3559 38 16 are
2302 3556 46 19 not
2360 3553 54 27 paid
2427 3559 61 22 upon

1903 3581 103 24 demand.

1928 3608 49 23 The
1987 3608 99 23 business
2095 3607 26 22 of
2128 3606 39 22 the
2177 3606 114 27 Company
2299 3605 21 22 is
2329 3605 86 24 carried
2424 3613 29 16 on
2462 3606 26 23 in

1903 3634 58 23 their
1975 3642 48 15 new
2037 3633 110 28 bui)djoß>
2157 3632 89 22 erected
2263 3632 106 28 between,
2377 3633 111 23 .France's

1902 3661 70 23 Hotel
1991 3660 41 23 and
2051 3659 39 23 the
2107 3659 60 22 head
2183 3658 28 23 of
2223 3658 39 23 the
2276 3656 57 30 Bay,
2352 3659 45 22 and
2411 3659 78 29 neuly

1903 3688 98 28 opposite
2011 3690 23 20 to
2043 3686 45 23 Mr.
2098 3685 85 28 Lyon'a
2193 3685 71 23 Store.

2173 3719 42 23 W.
2223 3718 105 28 Fltsbk,
2344 3718 134 30 lUfenqHflfo..

1929 3747 129 24 November
2066 3747 36 25 28,
2113 3746 64 23 1842.
2297 3753 16 5 -
2380 3765 19 21 j
2403 3749 74 31 wT?

1909 3792 86 23 TUST
2008 3789 134 29 OPENED.,
2148 3791 45 23 and
2204 3798 30 16 on
2243 3791 51 24 Sale
2303 3793 25 20 at
2335 3789 40 23 the
2385 3787 71 33 Q#c»
2465 3791 39 22 of^

1902 3813 26 28 O
1964 3818 45 22 this
2018 3817 77 30 Paper,
2105 3818 40 22 in*:
2156 3817 78 23 stands
2243 3820 23 19 ot
2275 3823 90 15 various
2373 3823 64 22 sizes,.

1902 3869 125 51 PLANS
2050 3868 27 22 of
2097 3868 41 23 the
2159 3868 71 23 Town
2249 3868 29 22 of
2295 3865 164 28 HsK.iit»srofe
2459 3883 5 11 P
2470 3862 7 23 i

1975 3896 55 24 Plan
2051 3895 26 22 of
2083 3895 38 22 the
2132 3895 82 22 arbour
2223 3895 26 22 of
2261 3894 58 23 Port
2331 3892 134 31 Nicfeojwrt.
