2550 3999
1255 49 97 31 THE

83 94 464 132 NEW
654 102 878 140 ZEALAND
1639 110 864 139 GAZETTE

1266 264 101 32 AND

83 296 1154 161 WELLINGTON
1352 296 1153 161 SPECTATOR.

822 490 217 35 PUBLISHED
1085 490 133 37 EVERY
1263 492 258 38 WEDNESDAY
1567 495 204 35 MORNING.

119 598 64 30 No.
206 600 91 37 358.J

658 603 109 30 PORT
789 604 258 38 NICHOLSON,
1062 605 267 33 WEDNESDAY
1352 609 212 37 MORNING,
1586 611 190 33 AUGUST
1799 618 50 34 21,
1880 621 88 27 1844.

2304 623 94 40 [Vol.
2419 626 38 30 V.

152 687 56 21 The
218 687 60 21 first
287 689 89 21 vessel
387 690 43 21 for
439 691 124 20 London.

104 719 76 35 >&E&L
230 725 44 22 HP
279 724 44 22 HE
338 726 45 21 fine
394 726 42 21 fast
448 726 81 26 sailing
545 726 108 22 schooner

94 746 109 39 |jgg^v
237 746 30 26 JL
338 754 104 19 LADY
459 754 133 24 LEIGH,

91 776 131 36 bjluMzS&L
243 784 8 13 %
250 776 38 35 V^
309 785 24 14 sa
333 778 17 31 !*
373 780 119 26 positively
510 780 24 21 in
555 780 97 26 August.

68 801 155 29 flffladsaEl
242 803 46 22 For
301 804 83 26 freight
401 806 26 20 of
442 805 58 27 light
512 806 77 26 goods,
607 806 46 21 and

67 827 158 27 SSSSSV
241 836 92 21 passage
343 831 68 27 apply
422 834 22 19 to

378 862 82 22 Waitt
477 870 47 14 and
538 863 85 23 Tyser.

90 890 146 29 Wellington,
248 891 54 28 July
312 894 21 25 2,
346 894 62 21 1844.

140 933 153 28 Positively
321 936 46 21 the
392 937 59 20 first
477 939 91 20 vessel

177 965 64 23 FOR
255 967 135 22 LONDON
405 968 125 23 DIRECT.

216 1003 44 30 nn
263 1003 44 22 HE
319 1004 21 21 A
342 1020 5 5 -
359 1006 19 19 L
381 1021 6 10 >
398 1004 35 22 f0r
432 1032 4 5 .
444 1006 25 21 12
484 1013 73 20 years,
572 1006 79 28 frigate

66 1043 147 48 *&£figgX^
274 1058 132 20 BELLA
427 1060 165 27 MARINA,

63 1079 150 38 jffgSgggßil
229 1082 99 23 Thomas
339 1084 133 28 Ashbridge,
491 1086 159 28 Commander,

73 1108 140 27 mWmmT
228 1108 95 23 burthen
334 1117 24 14 as
373 1118 40 19 per
427 1112 95 26 register
535 1113 43 21 564
593 1117 56 23 tons,

62 1140 78 21 copper
154 1135 102 21 fastened
274 1136 43 21 and
336 1137 75 26 newly
429 1139 116 25 coppered,
557 1139 53 27 only
621 1147 29 14 on

63 1160 39 21 her
112 1161 55 21 third
181 1168 93 20 voyage,
286 1162 45 21 and
342 1164 19 20 is
371 1171 44 14 one
424 1164 26 22 of
464 1164 38 21 the
512 1165 78 22 fastest
599 1166 51 21 sail-

61 1187 37 26 ing
113 1187 59 26 ships
189 1188 71 21 afloat.
298 1189 54 22 Two
368 1190 69 21 thirds
447 1191 25 21 of
483 1191 41 21 her
533 1199 68 19 cargo
613 1199 37 15 are

63 1213 94 27 actually
168 1215 102 26 engaged
281 1216 44 21 and
335 1223 50 16 now
396 1218 67 26 going
473 1225 30 14 on
514 1218 76 28 board,
604 1220 45 21 and

60 1239 38 21 she
110 1240 42 21 will
162 1244 61 19 meet
232 1242 53 21 with
296 1243 68 26 quick
374 1243 115 27 despatch.
529 1245 44 21 She
590 1245 39 22 has
636 1254 14 13 a

60 1266 40 21 full
110 1274 65 19 poop,
187 1268 53 21 with
251 1273 57 17 most
319 1270 113 21 excellent
443 1272 207 22 accommodations

60 1292 34 22 for
103 1300 13 14 a
126 1293 87 22 limited
227 1296 96 21 number
338 1296 27 21 of
384 1303 139 21 passengers.
563 1299 86 22 Carries

60 1326 27 14 an
97 1321 147 26 experienced
254 1322 105 26 Surgeon.

84 1352 43 21 For
140 1353 83 27 freight
243 1362 24 13 or
285 1362 93 20 passage
399 1357 62 27 early
478 1358 133 27 application
629 1360 19 21 is

60 1380 115 25 requested
190 1384 21 17 to
228 1381 27 21 be
271 1382 67 22 made
354 1387 22 17 to
397 1384 92 26 Captain
509 1385 135 25 Ashbridge,

60 1412 22 13 or
93 1409 21 18 to
610 1400 13 13 h
639 1402 5 11 '

95 1458 8 2 _
125 1458 6 7 ,
376 1437 126 23 RIDGWAYS
517 1446 46 14 AND
580 1439 39 22 Co.

88 1458 139 30 Wellington,
240 1461 54 27 July
305 1463 33 25 16,
351 1464 62 20 1844.

256 1507 54 21 For
325 1508 114 26 Nelson,

68 1540 73 26 ,-<>l
141 1554 8 15 5v
149 1554 5 15 5
154 1551 12 13 v
210 1540 8 19 111
227 1544 10 15 1
246 1539 56 22 IHE
334 1540 46 23 fine
414 1542 42 22 fast
489 1543 79 26 sailing
597 1545 49 24 brier

91 1562 96 30 M
216 1559 30 29 -L
369 1569 163 26 NELSON,

63 1593 145 30 /4ffig#%k
222 1593 94 27 Captain
323 1594 122 28 Maclaren,
455 1597 45 21 will
510 1597 42 23 sail
563 1598 33 22 for
607 1599 37 22 the

222 1620 69 21 above
302 1624 48 24 port
360 1622 69 22 about
439 1623 37 22 the
485 1623 67 23 latter
563 1625 45 22 end
623 1627 25 20 of

81 1686 43 22 For
133 1687 82 27 freight
225 1695 24 14 or
258 1695 100 21 passage,
369 1690 68 27 apply
448 1694 22 18 to

83 1747 16 7 „
371 1724 81 23 Waitt
468 1733 47 14 and
530 1726 85 23 Tyser.

82 1748 89 21 Custom
182 1748 78 22 House
271 1748 76 28 Court,

108 1773 87 28 August
207 1776 34 25 20,
253 1776 60 21 1844.

190 1824 223 25 /CONSIGNEES
432 1828 39 22 OF
487 1829 110 29 GOODS,
615 1839 28 14 ex

260 1852 86 26 Nelson,
369 1861 38 14 are
434 1854 89 22 desired
547 1860 21 18 to
593 1865 49 19 pass

55 1876 130 26 was*ss»
201 1877 58 22 their
270 1880 83 21 entries
366 1884 23 17 at
400 1881 37 21 the
449 1882 90 22 Custom
556 1884 83 27 House,

201 1904 45 21 and
262 1905 56 23 send
335 1906 116 27 alongside
467 1909 38 21 the
523 1912 70 20 vessel
607 1911 35 22 for

54 1930 34 19 the
98 1935 59 15 same
168 1930 93 22 without
272 1931 73 27 delay.

364 1959 85 17 Waiir
463 1963 49 14 anu
524 1962 86 16 xysfin..

77 1978 87 26 August
175 1980 33 24 20,
222 1980 60 21 ISI4.

222 2025 43 19 TO
281 2025 182 21 WHALERS.

71 2060 58 26 Bayil
140 2061 71 23 Town,
224 2061 96 25 Twofold
329 2062 54 25 Bay,
396 2063 53 20 New
459 2064 69 19 South
542 2065 75 21 Wales.

55 2091 103 50 SHIPS
177 2099 41 14 can
236 2092 84 22 refiesh
336 2100 25 14 or
373 2094 50 22 refit
440 2097 22 19 at
472 2095 45 22 this
533 2096 106 23 Harbour

115 2119 44 21 free
175 2119 27 21 of
218 2119 30 21 all
265 2119 54 21 Port
340 2120 99 27 charges,
456 2122 107 27 pilotage,
589 2124 48 26 &c,

54 2145 40 21 and
112 2152 39 14 can
170 2145 76 22 obtain
266 2146 69 27 wood,
357 2152 75 21 water,
451 2149 61 21 fresh
531 2149 46 22 and
597 2151 42 20 salt

54 2172 122 27 provisions,
194 2173 134 26 vegetables,
349 2174 50 27 ship
414 2175 129 27 chandlery,
559 2180 77 23 stores,

55 2199 40 21 ami
105 2199 57 32 slops
173 2199 26 21 of
211 2206 67 21 every
293 2199 57 23 kind
367 2201 44 21 and
422 2201 146 30 description;
593 2204 45 21 and

53 2226 17 20 if
86 2226 99 27 required
202 2226 39 22 the
256 2227 99 21 services
371 2227 26 22 of
411 2230 150 25 experienced
578 2230 61 27 ship-

54 2253 84 26 wrights
147 2253 45 21 and
201 2253 55 21 boat
271 2253 107 28 builders,
389 2262 60 20 upon
465 2255 39 23 the
516 2260 57 18 most
589 2264 49 15 rea-

53 2279 85 22 sonable
147 2283 76 19 terms.

102 2312 55 21 N.B.
160 2323 27 4 —
190 2312 36 22 Oil
237 2319 25 15 or
270 2313 58 22 bone
346 2314 67 21 taken
422 2314 24 23 in
456 2315 126 28 exchange.

77 2344 144 27 Wellington,
234 2345 65 27 April
307 2347 22 25 .9,
343 2347 61 21 1844.

53 2390 139 48 NOTICE
209 2391 27 22 IS
253 2391 131 23 HEREBY
400 2392 110 28 GIVEN,
531 2395 50 22 that
599 2395 37 22 the

138 2417 143 28 Partnership
300 2418 126 23 heretofore
446 2421 86 22 carried
553 2427 29 16 on
607 2423 30 27 by

51 2443 54 21 John
136 2445 113 26 Ilidgway,
285 2445 86 27 Joseph
395 2446 117 28 Ridgway,
538 2449 98 22 Thomas

53 2470 107 27 Ridgway,
185 2471 95 22 William
302 2472 94 27 Guyton
413 2473 36 22 the
466 2481 109 21 younger,
592 2477 45 21 and

53 2497 80 26 George
154 2498 78 21 Butler
253 2499 64 27 Earp,
340 2503 24 17 at
390 2500 138 27 Wellington
555 2503 23 21 in
599 2504 37 21 the

53 2524 73 27 colony
145 2525 25 20 of
188 2525 56 22 New
263 2526 109 25 Zealand,
390 2527 72 22 under
478 2528 38 21 the
533 2529 60 22 Firm
615 2530 26 22 of

53 2551 116 27 ltidgways,
183 2552 100 26 Guyton,
295 2553 46 21 and
353 2553 66 28 Earp,
432 2554 39 21 has
483 2555 43 22 this
545 2560 92 24 twenty-

52 2578 86 21 seventh
148 2579 43 26 day
203 2579 26 21 of
240 2579 55 27 July
305 2580 92 26 instant,
413 2581 57 22 been
481 2582 118 27 dissolved,
613 2591 23 14 so

53 2604 29 21 far
100 2612 22 14 as
139 2605 81 22 relates
238 2609 24 18 to
282 2606 37 22 the
336 2606 49 22 said
401 2608 99 22 Thomas
520 2609 116 29 Ridgway,

53 2630 90 23 William
164 2632 94 27 Guyton
282 2632 38 23 the
343 2641 110 21 younger,
478 2636 46 21 and
549 2637 88 27 George

55 2657 70 22 Butler
144 2659 66 27 Earp,
232 2659 46 22 and
296 2660 51 21 that
364 2660 24 22 in
404 2662 72 21 future
488 2662 38 22 the
536 2664 101 22 business

53 2685 36 21 will
109 2685 26 22 be
154 2686 85 22 carried
251 2694 28 14 on
293 2686 31 28 by
340 2686 38 23 the
390 2688 47 21 said
448 2689 61 22 John
521 2690 115 29 Ridgway,

53 2712 39 21 and
110 2712 84 28 Joseph
214 2713 117 27 Ridgway,
352 2714 46 22 and
415 2715 101 23 William
527 2718 110 27 Hieksor.,

55 2739 40 20 and
111 2739 98 22 Thomas
227 2740 62 22 John
309 2740 117 26 Lowndes,
451 2746 24 18 at
500 2744 137 28 Wellington

54 2765 108 27 aforesaid,
175 2766 72 22 under
256 2768 38 21 the
305 2767 62 23 Firm
384 2769 26 20 of
422 2769 127 29 Ridgways,
566 2772 72 22 Hick-

56 2799 33 14 son
100 2793 42 21 and
154 2793 38 22 Co.
229 2794 59 22 That
298 2794 30 22 all
339 2795 72 22 Debts
425 2797 74 27 owing
508 2800 22 19 to
542 2798 38 22 the
591 2800 47 21 said

54 2818 39 21 late
103 2820 141 27 Partnership
254 2828 37 15 are
302 2824 22 19 to
335 2821 28 22 be
373 2822 104 23 received
488 2825 31 26 by
533 2825 39 22 the
589 2827 48 21 said

55 2845 90 23 William
155 2847 112 28 Hickson,
279 2848 75 22 whose
364 2850 85 26 receipt
458 2851 55 27 only
525 2852 43 22 will
578 2852 28 22 be
625 2861 12 13 a

53 2873 101 22 sufficient
164 2874 118 28 discbarge
292 2875 35 22 for
336 2875 39 22 the
385 2883 61 16 same
455 2885 5 19 ;
478 2878 46 22 and
538 2879 51 22 that
607 2880 30 22 all

54 2906 80 19 persons
152 2904 24 18 to
195 2901 75 22 whom
290 2902 38 22 the
348 2903 48 22 said
419 2904 45 22 late
490 2906 146 28 Partnership

55 2927 67 25 stands
131 2927 115 28 indebted,
258 2936 37 15 are
305 2930 122 27 requested
441 2931 155 29 immediately
613 2937 23 19 to

55 2953 48 22 send
124 2954 23 22 in
166 2954 59 23 their
244 2960 106 18 accounts
370 2960 24 19 to
412 2957 39 22 the
469 2959 51 21 said
537 2960 99 23 William

56 2979 99 29 Hickson,
165 2982 25 21 in
201 2982 66 23 order
284 2983 49 22 that
350 2983 37 23 the
403 2991 61 16 same
481 2993 54 20 may
549 2987 29 22 be
597 2995 40 15 ex-

55 3007 81 23 amined
145 3009 45 22 and
199 3009 59 27 paid.
298 3011 33 21 As
351 3010 90 23 witness
451 3019 42 15 our
501 3013 80 28 hands,
594 3015 43 22 this

55 3035 181 27 twenty-seventh
246 3036 41 28 day
298 3038 27 21 of
331 3037 63 28 July,
406 3045 42 15 one
456 3039 114 24 thousand
576 3041 61 26 eight

55 3061 93 23 hundred
157 3063 45 22 and
213 3064 127 26 forty-four.

100 3093 61 23 John
176 3095 122 26 Ridgway,
394 3099 10 18 1

100 3120 85 23 Joseph
201 3122 121 27 Ridgway,
399 3117 5 27 I
471 3125 36 28 By
537 3126 59 26 their

98 3147 96 23 Thomas
209 3149 121 26 Ridgway,
398 3145 13 38 f
473 3153 110 28 Attorney

100 3174 95 23 George
205 3175 97 23 Butler
311 3177 73 23 Earp.
390 3172 13 30 J
416 3177 99 24 William
525 3180 111 23 Hickson.

74 3207 94 23 Witness
176 3208 63 23 John
250 3210 70 27 King,
332 3212 106 26 solicitor,
451 3212 146 29 Wellington.

62 3259 4 5 _
74 3234 89 23 Edward
173 3235 71 23 Allen
254 3237 150 29 Hargreaves,
416 3240 139 27 Bookeeper,
575 3242 61 22 Wel-

54 3262 82 26 tington.

76 3295 139 29 Wellington,
227 3297 54 29 July
291 3300 33 25 30,
337 3301 62 21 1844.

101 3342 89 23 OTICE
206 3343 28 22 IS
251 3343 132 24 HEREBY
400 3345 110 29 GIVEN,
527 3347 49 23 that
597 3348 37 22 the

124 3369 74 23 notice
215 3370 26 22 of
253 3370 133 24 dissolution
401 3373 26 21 of
437 3373 39 22 the
492 3375 143 28 partnership

56 3394 74 23 carried
139 3404 27 14 on
177 3397 31 27 by
215 3397 62 22 John
289 3398 118 28 Ridgway,
418 3400 86 28 Joseph
515 3401 119 30 Ridgway,

57 3423 10 18 i
72 3428 69 17 nomas
147 3424 116 29 Ridgway,
271 3425 102 22 William
380 3426 100 28 Guyton,
491 3428 46 22 and
546 3429 88 27 George

55 3448 68 22 Butler
137 3450 65 28 Earp,
219 3452 72 22 under
310 3452 39 22 the
364 3452 51 23 firm
435 3455 26 20 of

56 3475 86 29 Guyton,
154 3478 45 22 and
304 3479 119 27 published
431 3480 24 22 in
465 3480 38 23 the
513 3483 55 21 New
583 3489 52 18 Zea-

55 3502 43 19 land
108 3504 82 21 Gazette
201 3506 26 21 of
237 3506 39 22 the
286 3506 130 28 thirty-first
425 3508 44 27 day
479 3508 26 22 of
517 3509 62 28 July,
590 3518 45 15 was

55 3530 106 23 published
171 3532 94 23 without
275 3534 37 21 the
323 3534 134 27 knowledge
465 3542 25 15 or
500 3537 102 22 sanction
613 3538 26 21 of

55 3556 23 37 1
116 3564 20 29 iV
135 3564 8 15 1
152 3558 99 28 Guyton,
262 3567 41 15 one
312 3561 26 21 of
350 3561 39 22 the
399 3561 49 23 said
456 3565 103 24 partners
566 3571 5 14 :
592 3565 44 21 and

55 3584 41 19 that
105 3584 27 21 all
145 3592 92 20 persons
247 3588 84 27 paying
347 3595 45 20 any
402 3588 64 23 debts
483 3589 43 22 due
536 3593 25 18 to
575 3591 57 22 such

55 3615 43 14 ™
107 3612 21 19 t0
137 3618 44 19 any
191 3612 65 23 other
264 3621 82 19 person
360 3615 55 22 than
425 3615 38 23 the
474 3617 50 21 said
533 3617 101 23 William

57 3639 86 25 wuyton,
154 3639 93 23 without
262 3641 34 21 his
307 3648 91 21 express
414 3643 120 28 authority,
548 3644 44 22 will
606 3645 28 21 do

56 3667 19 15 so
83 3664 21 19 at
112 3663 54 24 their
176 3673 51 15 own
236 3666 53 28 risk,
298 3675 30 14 no
334 3676 81 19 person
425 3669 85 28 having
520 3671 58 22 been
589 3679 45 14 em-

56 3691 89 22 powered
154 3692 31 28 by
194 3692 49 23 him
253 3697 22 18 to
284 3701 88 16 receive
382 3703 46 21 any
437 3701 108 19 accounts
555 3706 30 14 on
596 3699 38 21 be-

58 3718 42 18 nalf
110 3718 25 21 of
143 3720 40 21 the
195 3720 65 26 firm;
277 3721 44 22 and
336 3722 95 28 further,
441 3723 58 23 that'
506 3732 29 14 no
552 3732 80 21 person

58 3747 31 16 out
97 3747 34 18 the
139 3748 48 19 said
197 3747 99 23 William
313 3748 93 27 Guyton
421 3751 46 22 has'
477 3751 117 28 authority
610 3756 23 18 to

152 3772 38 23 the
204 3773 50 22 firm
270 3775 26 21 of
476 3779 100 27 Guyton,
589 3779 44 23 and

55 3799 52 36 £arp
138 3799 38 22 but
185 3800 55 28 only
248 3800 34 22 for
291 3801 65 23 those
373 3805 112 23 members
496 3807 27 20 of
533 3805 38 23 the
582 3806 50 22 firm

57 3827 22 19 °y
89 3827 66 20 whom
164 3827 57 22 such
229 3835 81 20 person
321 3828 19 22 is
350 3831 106 28 specially
467 3831 137 25 authorised.

76 3853 67 25 Dated
154 3857 43 23 this
207 3858 48 24 first
265 3859 44 29 day
319 3860 28 23 of
352 3861 96 29 August,
459 3865 63 21 1844.

55 3907 65 29 Witne
121 3921 19 16 SB
141 3915 140 27 ,R.Davies
295 3918 101 24 Hanson.
447 3894 28 25 W
477 3911 6 7 *
494 3896 102 25 GuifToN
597 3912 7 6 -

686 694 159 48 MESSRS.
872 696 149 22 BETHUNE
1046 696 68 22 AND
1141 696 120 24 HUNTEI

778 721 42 22 will
831 722 40 21 sell
879 722 28 26 by
915 722 106 27 Auction,
1030 727 138 22 to-morrow,
1181 724 80 25 (Thura

685 745 64 28 day),
764 747 38 22 (he
818 748 57 21 22nd
886 752 94 24 current,
997 753 24 17 at
1031 749 112 22 Lambtun
1160 750 72 28 Quay,
1249 759 12 13 a

901 776 11 19 1
925 775 87 22 o'clock
1020 783 5 13 :
1027 787 29 4 —

713 799 22 21 A
743 801 101 26 quantity
854 801 25 21 of
890 802 92 25 general
991 802 154 22 Merchandise.

926 828 71 28 Also,
998 839 29 5 —

712 853 13 20 9
736 853 99 27 superior
851 853 87 29 heifers,
943 862 41 15 -ex
1001 857 76 26 Comet,
1093 856 60 23 from
1171 857 90 22 Twofoh

684 878 57 27 Bay,

712 905 47 21 The
770 906 50 22 well
828 907 80 22 known
921 909 68 22 entire
1000 914 49 17 cart
1058 910 64 22 horse
1133 911 109 26 Sampson.

713 936 110 24 Lambton
833 939 72 28 Quay,
917 938 134 30 Augusti9,
1063 943 61 21 1844.

922 992 108 21 Notice.

683 1022 30 47 I
738 1022 49 22 AM
811 1022 97 22 directed
927 1024 30 26 by
975 1025 36 21 the
1032 1025 119 24 Governor
1168 1030 23 19 to
1206 1029 55 22 maki

741 1048 80 21 known
839 1053 22 17 to
878 1049 37 22 the
931 1050 111 23 residents
1057 1053 24 21 in
1100 1053 38 22 the
1159 1055 102 22 Southen

683 1074 102 22 Division
801 1075 25 21 of
838 1075 55 22 New
907 1076 107 28 Zealand,
1037 1078 47 22 that
1098 1079 78 23 letters
1188 1089 27 14 on
1234 1082 27 21 thi

684 1100 77 21 Public
779 1102 89 21 Service
884 1102 82 22 should
981 1104 28 21 be
1023 1105 119 23 addressed
1161 1111 22 18 to

684 1126 79 22 Honor
782 1128 38 21 the
844 1129 187 26 Superintendent
1052 1132 25 20 of
1098 1133 37 22 the
1161 1135 100 22 Southen

827 1155 45 21 and
882 1159 39 18 not
932 1159 22 19 to
965 1157 34 21 his
1011 1158 123 28 Secretary.

1004 1185 34 26 By
1049 1187 124 27 command,

766 1207 102 27 (Signed)
1075 1213 29 21 A.
1122 1215 118 27 Sinclair,

1022 1237 102 23 Colonial
1145 1241 115 28 Secretary

921 1288 107 22 Notice.

680 1319 148 47 NOTICE
851 1321 28 22 IS
900 1321 128 22 HEREBY
1051 1324 101 22 GIVEN
1171 1326 50 23 that
1239 1335 22 14 or

763 1349 44 18 and
824 1347 56 21 after
898 1348 35 21 the
950 1348 104 23 fifteenth
1069 1350 44 28 day
1128 1352 27 21 of
1171 1354 89 26 August

680 1375 60 22 next,
753 1379 13 14 a
776 1373 80 25 charge
867 1375 26 20 of
904 1376 138 26 twenty-five
1059 1377 103 29 shillings
1171 1387 38 19 per
1226 1381 34 21 trii

680 1399 44 19 will
741 1399 26 20 be
787 1400 63 20 made
867 1401 34 21 for
917 1401 56 22 each
990 1402 28 21 of
1034 1402 38 23 the
1093 1404 57 23 New
1169 1407 92 22 Zealanc

681 1424 134 27 Company's
823 1426 59 27 large
888 1427 69 27 boats,
969 1429 117 27 employed
1096 1431 23 21 in
1127 1432 134 26 discharging

680 1457 25 14 or
712 1451 90 28 loading
809 1453 80 22 vessels
899 1454 22 21 in
933 1455 37 21 the
981 1455 53 22 Port
1043 1456 26 21 of
1075 1457 56 22 New
1140 1458 121 28 Plymouth:

683 1479 44 19 Ihe
749 1479 62 20 boats
829 1480 45 20 will
896 1488 61 20 carry
973 1483 69 21 about
1062 1483 44 22 five
1126 1488 50 19 tons
1199 1487 62 27 each;

679 1510 28 14 an
733 1505 146 26 experienced
903 1511 122 19 steersman
1052 1510 43 21 and
1121 1519 12 14 a
1157 1514 104 21 sufficient

679 1536 57 15 crew
752 1531 44 21 will
812 1533 27 21 be
853 1535 115 26 provided,
980 1536 40 21 but
1037 1536 37 22 the
1091 1538 117 29 Company
1223 1541 35 21 wil

678 1563 23 14 m
710 1564 29 14 no
754 1564 49 16 case
814 1559 28 21 be
858 1562 135 21 answerable
1002 1563 37 20 for
1054 1571 42 20 any
1107 1565 93 28 damage
1217 1566 44 23 that

679 1590 52 20 may
740 1591 81 15 accrue
831 1589 22 18 to
864 1594 65 19 cargo
941 1595 24 14 or
974 1589 108 27 baggage.

705 1610 54 22 This
774 1612 72 22 notice
863 1613 52 22 does
931 1618 40 18 not
983 1616 69 27 apply
1067 1621 22 18 to
1105 1620 82 21 vessels
1202 1620 59 22 char-

679 1639 62 19 tered
755 1639 29 26 by
801 1639 38 21 the
855 1640 55 22 New
922 1641 101 22 Zealand
1041 1644 124 28 Company,
1177 1654 24 14 or
1217 1647 44 22 des-

677 1665 97 25 patched
789 1665 57 22 from
863 1667 101 27 England
978 1669 73 22 under
1065 1670 29 22 its
1105 1673 103 22 sanction
1222 1674 39 21 and

677 1693 135 24 regulations
817 1700 6 19 ;
843 1692 36 22 the
889 1701 131 21 passengers
1030 1697 44 21 and
1090 1705 66 20 cargo
1168 1700 26 21 of
1211 1700 50 22 such

677 1717 83 21 vessels
776 1719 44 21 will
837 1719 28 22 be
881 1720 80 24 landed
981 1730 25 13 as
1023 1727 23 18 at
1063 1730 92 21 present
1175 1727 86 22 withoul

677 1744 87 27 charge.

975 1787 10 9 *'
991 1792 5 5 •
1023 1785 7 11 i
1060 1780 26 17 W
1089 1786 18 11 Tf
1107 1787 3 5 t
1113 1786 67 11 ?vSTr*r
1180 1788 4 5 i
1188 1788 12 9 n

677 1796 56 22 New
749 1797 100 24 Zealand
867 1801 132 28 Company's
1011 1804 110 23 Resident
1137 1807 78 27 Agent
1232 1808 29 21 foi

667 1839 4 5 -
716 1851 10 7 T
875 1828 54 22 New
940 1829 127 26 Plymouth.

703 1851 56 21 New
770 1852 125 29 Plymouth,
907 1855 54 27 July
972 1858 33 25 20,
1023 1858 59 22 1844.

841 1905 89 28 High
958 1908 138 22 School.

672 1961 123 49 WILL
826 1961 39 21 BE
894 1962 41 21 HE
941 1962 134 22 -OPENED
1107 1970 29 14 on
1162 1964 99 28 Monday

755 1990 61 24 next,
828 1988 88 26 August
927 1990 33 25 19,
971 1989 30 26 by
1013 1991 24 20 C.
1049 1990 145 23 Kinchcliffe.

701 2013 82 27 Hours,
793 2014 58 23 from
865 2017 24 19 10
900 2015 32 21 till
945 2017 32 24 12,
988 2017 45 20 and
1045 2017 58 21 from
1114 2019 12 20 2
1138 2018 34 22 till
1186 2019 21 20 4.

698 2039 85 26 Terms,
795 2041 48 26 &c,
854 2048 51 21 may
917 2043 26 20 be
953 2042 83 22 known
1050 2050 28 14 on
1089 2044 136 27 application
1239 2048 22 19 at

673 2065 37 23 the
722 2066 162 23 School-room.

700 2093 83 23 Should
800 2094 110 22 sufficient
926 2096 95 22 number
1039 2097 61 26 offer,
1121 2105 27 14 an
1168 2099 93 26 evening

671 2119 58 22 class
746 2120 43 22 will
805 2121 27 21 be
849 2123 85 25 opened
952 2123 34 21 for
1004 2123 37 22 the
1058 2123 79 28 higher
1153 2125 108 22 branches

672 2147 24 21 of
709 2147 123 22 education.

736 2175 87 19 Private
834 2177 76 19 tuition
921 2178 23 19 in
947 2177 99 25 families
1057 2178 23 25 if
1089 2180 105 24 required.

699 2205 142 29 Wellington,
853 2208 90 27 August
955 2210 32 25 13,
1000 2211 61 20 1844.

858 2265 35 21 W.
908 2265 34 22 M.
959 2267 109 26 SMITH,

671 2297 58 15 LATE
740 2298 238 17 SURVEYOR-GENERAL
988 2302 29 13 TO
1029 2302 46 14 TUG
1092 2302 49 14 NEW
1158 2304 103 14 ZEALAND

907 2328 116 19 COMPANY,

698 2344 143 27 Surveyor,
856 2346 213 27 Draughtsman,
1086 2349 55 20 and
1156 2350 78 21 Land

914 2375 103 26 Agent.

670 2397 177 28 Tinakori-road,
860 2399 101 28 January
973 2402 20 25 4,
1007 2403 62 21 1843.

870 2452 77 20 Land
958 2453 28 19 to
1001 2453 59 20 Let.

672 2481 169 48 SECTIONS
858 2482 62 22 No's.
937 2485 27 20 24
974 2485 44 20 and
1028 2485 27 20 25
1070 2485 23 22 in
1107 2486 77 27 Oniro,
1202 2494 59 14 com-

736 2508 77 27 monly
823 2509 72 21 called
907 2511 81 26 Happy
1007 2511 88 28 Valley.

698 2535 87 21 Section
797 2535 43 22 No.
851 2538 25 20 23
887 2538 21 20 in
921 2537 37 21 the
969 2538 97 21 Makara
1077 2539 89 28 Valley.

698 2561 72 22 These
781 2563 100 21 Sections
892 2564 43 21 will
946 2565 28 20 be
983 2569 39 16 cut
1032 2573 29 19 up
1070 2566 50 21 into
1131 2566 45 22 lots
1188 2571 21 18 to
1220 2568 41 21 suit

670 2588 94 22 settlers.
794 2589 42 22 For
845 2591 63 26 plans
919 2591 43 22 and
972 2592 132 27 particulars
1115 2594 68 27 apply
1194 2598 21 17 to

996 2624 36 22 W.
1050 2625 32 21 M.
1099 2626 84 26 Smith,

1114 2653 119 27 Surveyor.

672 2679 82 22 Offices
764 2680 23 22 in
799 2684 86 25 cottage
896 2682 68 28 lately
974 2683 108 28 occupied
1093 2683 30 28 by
1133 2685 47 21 Mr.
1193 2685 68 22 Waitt

867 2709 108 23 Tinakori
989 2711 71 21 Road.

699 2733 145 28 Wellington,
856 2735 52 28 July
919 2738 33 26 15,
966 2739 61 20 1844.

908 2782 40 21 To
964 2783 57 22 Let.
1217 2778 43 4 ~~

670 2814 52 47 A
737 2813 91 22 TOWN
845 2813 89 28 ACRE,
947 2815 43 22 No.
1002 2817 49 27 644,
1063 2825 27 14 on
1107 2817 38 22 the
1155 2818 106 22 Tinakori

751 2839 72 25 Road,
834 2841 99 22 between
943 2842 38 22 the
992 2850 51 15 acre
1059 2852 60 20 upon
1130 2845 74 22 which
1222 2853 39 20 my

670 2866 70 22 house
749 2867 19 21 is
783 2867 96 22 situated
890 2869 45 21 and
951 2869 45 23 Mr.
1009 2871 93 22 Levin's
1119 2872 78 27 house,
1216 2873 45 22 and

670 2900 30 15 on
710 2893 38 22 the
758 2901 60 17 same
828 2894 47 22 side
886 2895 24 21 of
923 2895 37 22 the
978 2897 62 22 road.

883 2921 35 23 W.
934 2923 34 21 M.
985 2924 83 22 Smith.
1084 2926 121 27 Surveyor,

697 2974 10 7 ,T,,
708 2974 9 7 T
718 2974 5 7 ,
740 2974 23 7 „.
856 2975 11 6 ,
1035 2952 109 23 Tinakori
1159 2954 73 22 Road.

697 2974 144 27 Wellington,
853 2975 52 28 July
915 2977 33 26 15,
961 2978 61 21 1844.

908 3020 40 22 To
964 3021 57 20 Let.

670 3050 73 49 ON
757 3050 39 21 the
812 3050 130 23 Manawatu
957 3052 76 28 River,
1053 3057 94 26 country
1163 3056 98 22 sections

735 3076 62 23 No's.
813 3079 27 20 13
856 3078 45 22 and
911 3080 33 26 16,
960 3078 84 23 known
1055 3080 30 28 by
1100 3081 38 23 the
1153 3089 67 17 name
1237 3085 24 21 of

669 3104 32 21 Te
712 3104 62 22 Kare
785 3104 68 23 Kare.
883 3106 43 21 For
936 3107 132 26 particulars
1078 3109 68 28 apply
1155 3112 24 20 to

894 3137 35 22 W.
943 3138 33 21 M.
990 3139 84 24 Smith.
1086 3140 118 30 Surveyor,

1042 3167 108 22 Tinakori
1159 3169 74 23 Road.

697 3194 146 28 Wellington,
855 3195 54 28 July
919 3196 34 28 15,
966 3198 61 21 1844.

668 3244 119 48 LAND
802 3247 23 19 to
835 3244 28 22 be
874 3245 42 21 Let
933 3252 30 15 on
974 3245 108 28 Building
1091 3247 90 29 Leases,
1193 3249 22 22 in
1230 3250 31 22 all

745 3274 61 24 parts
818 3271 24 22 of
850 3271 37 23 the
897 3272 69 22 Town
976 3273 25 21 of
1009 3273 147 28 Wellington.

696 3297 44 23 For
749 3298 137 27 particulars,
898 3299 67 28 apply
975 3303 23 18 at
1008 3300 38 22 the
1057 3301 76 23 offices
1144 3303 28 21 of

860 3332 99 22 George
974 3334 95 22 Samuel
1084 3335 80 23 Evans
1179 3337 46 23 and

860 3360 62 22 Joah
937 3360 77 22 Bates
1030 3361 153 30 Wakefieltj,

973 3389 118 28 Solicitors,

1035 3416 113 24 Lambton
1159 3419 74 27 Quay.

694 3440 56 28 July
760 3442 33 26 10,
804 3442 61 21 1844.

845 3493 77 21 Land
937 3495 30 20 to
983 3495 96 21 Lease.

668 3523 122 48 TOWN
806 3531 47 15 and
868 3525 149 23 COUNTRY
1032 3527 106 22 LANDS
1150 3528 41 22 TO
1201 3528 60 23 LET

744 3557 29 14 on
784 3550 168 28 advantageous
961 3556 69 19 terms
1041 3553 22 22 in
1075 3554 30 22 all
1115 3559 63 23 parts
1190 3556 26 21 of
1222 3555 38 22 the

668 3577 136 27 Company's
814 3577 146 23 settlements.

901 3605 118 23 Clifford
1033 3614 48 15 and
1095 3608 137 23 Vavasour.

694 3629 147 28 Wellington,
852 3631 63 28 April
924 3634 35 25 24,
973 3635 61 20 1844.

817 3682 39 20 To
872 3682 31 20 be
919 3683 52 20 Let
985 3689 31 15 or
1031 3684 75 26 Sold,

684 3715 17 20 A
729 3714 88 22 GOOD
827 3715 132 22 substantial
966 3716 211 25 weather-boarded
1188 3720 71 26 Store,

667 3742 51 20 jIJL
733 3741 95 22 situated
838 3742 23 21 in
873 3742 35 22 the
919 3751 70 19 upper
999 3748 52 22 part
1063 3745 26 22 of
1098 3745 161 24 Willis-street.

666 3767 48 22 The
724 3775 61 14 same
795 3775 52 21 may
857 3769 28 22 be
896 3777 55 20 very
962 3771 71 27 easily
1042 3772 124 22 converted
1181 3773 51 22 into
1246 3781 14 14 a

667 3793 194 28 dwelling-house.
889 3796 44 23 For
948 3798 141 28 particulars,
1105 3800 70 26 apply
1184 3803 24 19 at
1221 3800 39 22 the

667 3821 74 22 Stores
752 3821 25 22 of
783 3822 75 22 Levin
874 3824 20 21 &
907 3824 48 27 Co.,
968 3824 114 23 Lambton
1092 3826 76 27 Quay.

674 3871 85 35 JUST
774 3871 133 28 OPENED,
914 3873 45 23 and
969 3881 30 15 on
1010 3874 51 22 Sale
1071 3877 24 19 at
1104 3875 39 21 the
1154 3875 72 24 Office
1236 3878 25 22 of

665 3897 28 23 O
730 3897 44 23 this
783 3898 78 24 Paver,
873 3899 37 22 ink
922 3904 51 18 stan
981 3900 26 22 ds
1017 3904 24 18 ot
1051 3908 90 15 various
1152 3907 64 18 sizes.

716 3925 95 22 Gazette
844 3925 77 25 Office,
931 3927 129 22 December
1069 3927 20 25 7,
1101 3929 63 21 1843.

1358 700 107 22 CARGO
1481 702 40 22 OF
1563 703 80 22 STAR
1657 704 40 22 OF

1473 734 100 22 Public
1587 736 134 22 Auction.

1302 765 92 49 MR.
1410 765 224 25 FITZHERBERT
1643 769 46 22 will
1697 769 41 22 sell
1747 770 31 27 by
1786 771 97 22 Auction

1393 799 28 14 on
1441 793 105 27 Tuesday
1563 798 63 23 next,
1641 795 53 22 27th
1714 797 93 26 August,
1821 801 24 18 at
1858 798 29 21 hii

1301 817 71 27 Mart,
1384 826 29 14 ex
1423 819 55 20 Star
1488 821 26 24 of
1522 821 72 25 China,

1355 852 36 19 An
1401 853 103 20 extensive
1513 856 123 19 assortment
1646 856 27 24 of
1678 856 157 23 Merchandize.

1328 882 44 21 For
1381 884 132 26 particulars
1525 892 35 14 see
1570 885 122 23 handbills.

1328 909 50 21 Sale
1388 917 144 15 commences
1543 915 22 18 at
1575 920 44 14 one
1634 913 93 23 o'clock.

1328 942 89 27 August
1428 944 34 27 21,
1476 945 60 22 1844.

1300 995 15 12 H
1323 995 69 21 Hew
1401 997 150 25 Plymouth
1560 999 144 22 Guardian
1715 1002 54 21 and
1787 1003 100 21 Cook's

1281 1026 5 26 \
1469 1024 98 21 Straits

1298 1053 51 48 IT
1361 1053 20 22 is
1396 1061 150 23 unnecessary
1563 1061 23 18 to
1600 1058 126 23 undertake
1744 1060 37 22 the
1798 1061 49 21 task
1865 1061 22 23 of

1356 1082 94 26 proving
1462 1086 23 17 to
1496 1083 37 22 the
1545 1085 86 21 settlers
1648 1086 25 20 of
1685 1085 54 23 New
1760 1087 127 28 Plymouth,

1300 1106 37 21 the
1353 1107 66 21 value
1429 1108 26 21 of
1466 1116 13 14 a
1494 1110 59 22 local
1568 1118 137 20 newspaper.
1734 1113 62 21 Most
1805 1114 27 21 of
1843 1122 44 18 you

1298 1139 22 14 in
1332 1132 38 22 the
1380 1134 203 30 Mother-country,
1603 1145 57 13 were
1676 1139 115 26 possessed
1808 1140 26 21 of
1850 1140 37 22 the

1300 1159 131 28 advantage,
1443 1162 45 21 and
1499 1162 37 22 the
1546 1164 78 26 period
1634 1164 24 21 of
1671 1165 138 26 deprivation
1829 1171 58 17 must

1279 1188 5 25 |
1298 1186 58 30 Ijave
1366 1187 66 22 made
1443 1188 30 21 all
1480 1189 26 21 of
1511 1197 44 19 you
1566 1191 102 27 accutely
1679 1191 57 22 alive
1746 1195 22 19 to
1779 1192 36 22 the
1822 1194 65 22 value

1300 1213 22 21 of
1337 1220 13 13 a
1358 1212 59 23 local
1427 1214 96 23 channel
1539 1217 35 21 for
1587 1218 176 27 commuicating
1779 1219 54 22 with
1849 1219 38 23 the

1298 1239 82 26 public.
1419 1240 57 23 That
1493 1243 18 20 it
1527 1242 40 23 has
1584 1244 57 21 been
1662 1245 47 27 felt,
1725 1245 43 22 and
1784 1246 49 22 that
1849 1247 37 21 the

1299 1266 71 21 desire
1381 1269 23 18 to
1414 1266 57 23 have
1481 1275 14 14 a
1505 1276 129 22 newspaper
1643 1271 19 21 is
1672 1274 83 25 strong,
1773 1272 39 22 has
1829 1274 57 22 been

1297 1293 128 27 rbpcatedly
1436 1294 93 23 evinced
1539 1296 30 26 by
1579 1298 134 26 complaints
1728 1299 26 21 of
1766 1299 37 22 the
1820 1300 66 22 Com-

1298 1325 59 20 pany
1368 1324 39 17 not
1417 1320 83 28 having
1508 1322 109 27 provided
1626 1331 45 19 you
1681 1324 52 21 with
1742 1325 54 26 that,
1812 1327 74 21 which

1299 1345 122 22 heretofore
1431 1354 46 19 you
1484 1348 66 21 could
1560 1353 40 18 not
1609 1350 57 22 have
1676 1353 127 25 supported.

1325 1379 104 28 Trusting
1452 1385 23 18 to
1505 1383 43 21 this
1572 1384 79 27 desire,
1676 1388 23 19 to
1724 1385 36 22 the
1784 1386 102 23 stimulus

1298 1407 100 21 afforded
1407 1407 31 28 by
1447 1408 122 27 important
1579 1415 78 18 events
1666 1419 50 14 now
1727 1412 58 28 daily
1793 1414 90 27 arising,

1299 1433 135 28 demanding
1445 1442 12 14 a
1468 1436 58 21 local
1537 1444 67 19 organ
1615 1438 27 21 of
1653 1439 78 22 record
1741 1440 45 21 and
1803 1440 83 23 discus-

1284 1473 3 10 ,
1288 1472 4 13 ;
1290 1466 63 19 .sion,
1365 1461 45 21 and
1420 1465 23 17 to
1452 1462 38 21 the
1501 1470 100 19 progress
1613 1465 65 21 made
1693 1466 25 21 in
1734 1466 37 21 the
1788 1468 96 26 agricul-

1283 1486 71 31 tural
1365 1489 127 24 operations
1503 1489 25 21 of
1540 1491 37 21 the
1587 1491 92 28 district,
1690 1492 18 21 it
1718 1492 17 21 is
1751 1493 101 27 deemed,
1867 1494 20 22 if

1283 1526 4 6 .
1295 1513 112 26 promised
1417 1515 114 22 moderate
1549 1521 97 24 support,
1664 1526 13 13 a
1694 1519 73 27 fitting
1786 1526 98 17 moment

1297 1543 21 17 to
1335 1540 105 22 establish
1455 1549 14 14 a
1485 1549 129 22 newspaper
1632 1548 23 18 at
1673 1545 118 28 Taranald,
1811 1548 72 21 which

1282 1567 59 20 Uwill
1351 1567 28 21 be
1391 1567 71 23 called
1473 1569 36 21 the
1615 1571 130 24 Plymouth
1757 1574 126 22 Guardian

1295 1599 48 14 and
1358 1593 83 23 Cook's
1457 1596 97 22 Straits

1323 1619 54 22 This
1386 1621 139 26 publication
1534 1623 46 23 will
1589 1625 82 27 always
1683 1628 33 19 set
1725 1626 59 21 forth
1800 1627 82 27 promi-

1296 1647 79 26 nently
1403 1647 38 23 the
1471 1649 135 29 advantages
1629 1653 115 26 possessed
1767 1654 30 26 by
1821 1654 62 22 these

1297 1673 88 21 Islands
1404 1675 23 21 in
1447 1676 88 22 various
1554 1684 67 21 ways,
1641 1679 46 21 and
1702 1680 51 26 will,
1768 1687 24 14 as
1802 1682 82 25 promi-

1297 1700 78 26 nently
1386 1708 24 14 as
1419 1702 103 28 possible,
1533 1703 87 23 exhibit
1635 1712 62 15 more
1712 1707 117 27 especially
1845 1708 38 22 the

1296 1728 133 26 superiority
1439 1729 26 21 of
1476 1729 37 22 the
1529 1731 112 22 Taranaki
1657 1733 101 21 District.
1798 1734 21 21 It
1838 1734 45 22 will

1296 1756 23 17 at
1330 1753 28 21 all
1368 1754 65 22 times
1443 1755 28 22 be
1481 1764 14 13 a
1504 1757 94 22 channel
1614 1759 34 21 for
1664 1759 38 21 the
1719 1761 125 25 expression
1861 1762 25 20 of

1297 1780 103 26 opinions
1410 1785 23 17 at
1441 1783 106 22 variance
1556 1784 55 22 with
1620 1785 63 22 those
1700 1787 138 22 entertained
1854 1788 29 27 by

1295 1809 29 17 its
1334 1807 140 28 conductors,
1492 1811 161 28 conditionally
1667 1819 61 20 upon
1745 1813 57 22 their
1816 1814 67 28 being

1299 1833 117 23 embodied
1427 1835 23 21 in
1462 1837 128 27 beseeming
1600 1839 120 27 language.

1322 1860 48 21 The
1389 1863 84 24 parties
1488 1865 179 26 contemplating
1685 1866 143 27 establishing
1840 1868 42 21 this

1290 1887 101 25 journal,
1404 1888 67 25 being
1476 1891 106 24 practical
1591 1892 101 25 printers,
1704 1893 43 20 will
1753 1893 27 20 be
1787 1894 95 21 enabled

1275 1912 13 24 K
1287 1915 74 33 i?_:fl
1364 1919 5 14 <
1370 1913 82 40 Hfl&&
1469 1922 13 25 ?
1477 1936 15 22 ?
1494 1922 24 28 &
1512 1922 11 14 e
1521 1924 56 25 re
1574 1937 12 18 P
1585 1924 84 31 ?cTaJ)y
1676 1920 207 37 "as^fi^Ffl^'filft

1295 1956 79 22 expect
1391 1956 24 18 to
1436 1954 75 22 derive
1532 1962 61 14 more
1614 1955 53 21 than
1687 1964 13 13 a
1715 1957 64 21 small
1794 1957 87 22 income

1294 1978 58 21 from
1362 1979 58 21 their
1430 1981 165 27 contemplated
1606 1983 129 26 enterprise,
1754 1984 56 21 until
1826 1984 56 22 New

1295 2005 120 27 Plymouth
1426 2007 56 21 shall
1493 2007 58 22 have
1562 2009 155 27 considerably
1727 2009 114 23 advanced
1857 2011 24 21 in

1293 2033 130 26 population
1434 2034 45 20 and
1490 2035 87 21 wealth.
1616 2035 61 28 Very
1695 2037 81 26 trifling
1791 2041 92 24 support

1294 2059 52 25 will,
1360 2059 118 28 therefore,
1500 2068 79 15 ensure
1598 2062 38 21 the
1657 2063 167 22 establishment
1840 2065 43 21 and

1295 2086 152 22 maintenance
1462 2087 26 21 of
1504 2087 37 22 the
1657 2089 129 23 Plymouth
1803 2091 80 22 Guar-

1399 2114 44 21 and
1462 2115 38 21 the
1518 2119 88 22 greater
1622 2120 50 23 part
1694 2118 25 20 of
1737 2117 47 21 that
1798 2119 37 21 aid
1855 2119 28 21 its

1295 2139 132 23 conductors
1443 2141 44 21 will
1503 2141 28 21 be
1550 2143 109 26 prepared
1674 2147 23 18 to
1713 2143 49 22 take
1779 2145 57 21 after
1846 2145 37 22 the

1294 2173 93 14 manner
1398 2167 26 21 of
1435 2167 123 23 American
1570 2169 90 22 Editors
1670 2171 128 26 publishing
1805 2179 78 20 papers

1294 2193 136 22 established
1438 2194 24 21 in
1469 2195 84 22 similar
1562 2196 107 22 localities
1676 2205 5 19 ;
1694 2198 44 21 and
1748 2205 24 14 as
1777 2202 107 23 payment

1295 2220 44 21 will
1356 2221 28 21 be
1401 2221 67 21 made
1478 2222 24 21 in
1517 2223 105 29 produce,
1636 2224 38 22 the
1693 2225 82 21 farmer
1786 2225 43 21 will
1844 2230 39 17 not

1294 2246 45 22 feel
1347 2246 37 22 the
1396 2248 76 27 outlay
1481 2248 25 22 in
1516 2250 38 20 the
1565 2249 81 27 degree
1655 2251 24 21 in
1690 2251 72 22 which
1771 2251 28 22 he
1810 2252 73 22 would

1295 2274 17 20 if
1325 2274 71 22 called
1407 2282 59 19 upon
1478 2279 22 18 to
1510 2277 93 26 provide
1614 2277 59 23 cash.

1322 2300 48 22 The
1381 2301 44 21 size
1441 2303 27 20 of
1479 2303 37 21 the
1526 2304 137 26 publication
1678 2305 47 22 will
1734 2305 27 21 be
1775 2305 106 28 foolscap,

1295 2328 45 20 and
1352 2328 37 21 the
1398 2329 59 26 price
1469 2329 61 27 eight
1535 2330 101 27 shillings
1646 2339 40 20 per
1695 2334 88 25 quarter
1790 2334 93 25 payable

1293 2354 23 22 in
1328 2354 108 23 advance.
1466 2357 194 23 Advertisements
1668 2360 46 20 and
1721 2359 110 27 job-work
1838 2359 45 22 will

1295 2381 26 21 be
1339 2381 98 28 charged
1451 2383 35 21 for
1503 2387 23 18 at
1542 2384 38 22 the
1590 2385 135 23 established
1741 2390 58 18 rates
1808 2387 26 21 of
1847 2387 36 22 the

1295 2409 61 21 trade
1366 2409 23 21 in
1401 2409 43 22 this
1455 2410 86 28 colony.

1321 2445 90 27 August
1420 2448 32 24 12,
1467 2447 60 21 1844.

1431 2501 43 20 Oil
1490 2502 56 20 and
1566 2502 179 21 Whalebone.

1295 2532 92 50 THE
1407 2534 153 27 undersigned
1579 2535 45 22 will
1643 2536 66 21 make
1727 2536 111 23 advances
1854 2545 28 14 on

1370 2560 38 22 Oil
1422 2561 47 21 and
1488 2562 144 26 Whalebone,
1644 2563 37 21 the
1692 2564 82 21 former
1783 2567 21 18 to
1822 2564 27 21 be
1859 2564 24 22 in

1292 2588 54 24 good
1354 2588 60 20 casks
1422 2588 26 21 fit
1462 2588 35 21 for
1511 2589 122 28 shipment,
1651 2590 122 26 consigned
1788 2590 34 23 for
1837 2591 46 22 sale

1294 2618 22 17 to
1328 2615 56 22 their
1394 2615 70 22 house
1474 2616 24 21 in
1508 2616 114 27 England.

1500 2648 134 27 RIDGWAYS,
1650 2649 115 27 HICKSON,
1782 2650 19 22 &
1816 2651 39 22 Co.

1321 2679 145 27 Wellington,
1479 2680 89 27 August
1577 2681 20 26 5,
1610 2682 61 21 1844.

1433 2729 52 26 Oil,
1501 2731 85 25 Bone,
1598 2732 56 21 and
1667 2733 78 21 Flax.

1295 2763 91 36 npHE
1401 2764 233 23 UNDERSIGNED
1650 2766 18 21 is
1684 2773 13 14 a
1707 2768 49 19 cash
1767 2768 117 25 purcJiaser

1300 2787 30 25 JL
1354 2790 26 21 of
1392 2790 44 26 Oil,
1447 2791 71 27 Bone,
1530 2792 46 21 and
1586 2792 64 27 Flax,
1662 2793 26 22 fit
1697 2794 34 21 for
1741 2794 113 27 shipment
1861 2798 22 18 to

1294 2816 110 28 England,
1416 2818 44 21 and
1477 2818 45 22 will
1532 2819 66 21 make
1615 2820 112 22 advances
1737 2829 28 13 on
1782 2822 101 27 consign-

1293 2847 72 18 ments
1376 2848 22 17 to
1409 2844 34 22 his
1453 2846 86 26 Agents
1550 2846 23 21 in
1587 2846 104 23 London.

1621 2874 34 21 M.
1670 2874 27 22 E.
1719 2876 108 22 Muunin.

1319 2903 145 29 Wellington,
1477 2904 55 27 July
1542 2907 35 25 30,
1588 2907 62 21 1844.

1387 2959 53 20 For
1455 2959 71 25 Sale,
1540 2960 38 25 by
1592 2960 55 23 late
1662 2961 124 27 arrivals,

1291 2992 128 51 PRIME
1431 2992 57 22 Irish
1499 2993 55 22 beef
1558 2994 24 21 in
1591 2994 89 28 tierces,

1363 3020 113 28 Crockery
1486 3020 46 22 and
1542 3020 154 23 earthenware
1712 3022 23 22 in
1746 3023 80 23 tierces
1835 3025 46 22 and

1292 3050 78 22 crates,

1316 3073 61 27 Rod,
1387 3073 48 27 bar,
1447 3073 45 22 and
1502 3074 63 21 sheet
1575 3074 58 27 iron,
1645 3075 50 21 best
1702 3077 94 27 quality,

1316 3100 92 22 Bottled
1418 3100 72 26 fruits,
1501 3100 91 28 pickles,
1604 3102 146 28 cranberries,

1316 3126 132 24 Stockholm
1459 3127 47 22 and
1515 3128 50 21 coal
1574 3131 42 23 tav,

1316 3154 92 26 British,
1419 3154 85 27 Dutch,
1516 3154 44 22 and
1570 3155 90 27 Europe
1671 3163 61 20 rope,

1317 3180 74 28 Ship's
1400 3188 133 20 compasses,
1544 3183 100 20 assorted
1652 3182 116 29 furniture,

1317 3207 119 23 Williams'
1445 3208 104 26 superior
1558 3209 113 28 blacking,

1316 3234 146 26 Rutherford,
1474 3235 84 27 Drury,
1570 3236 20 22 &
1601 3236 59 22 Co.'s
1670 3237 76 28 wines,
1759 3239 122 27 consisting

1290 3262 26 21 of
1332 3262 60 26 Port,
1412 3261 92 28 Sherry,
1525 3262 46 22 and
1590 3263 106 23 Madeira
1714 3265 24 21 in
1758 3267 63 21 wood
1835 3267 46 22 and

1290 3288 76 27 bottle,

1316 3315 112 23 Teneriffe
1438 3315 23 22 in
1473 3319 90 25 quarter
1573 3317 73 22 casks.

1617 3357 84 23 Waitt
1713 3366 46 15 and
1768 3359 87 23 Ttser.

1316 3382 92 27 August
1417 3383 20 25 6,
1450 3383 61 21 1844.

1290 3431 217 50 HUMPBACK
1523 3432 54 23 OIL
1592 3433 35 22 for
1638 3434 46 23 sale
1694 3435 24 22 in
1728 3436 122 28 quantities
1861 3437 26 23 of

1379 3460 27 21 10
1415 3458 87 28 gallons
1512 3467 25 14 or
1551 3461 111 27 upwards.

1619 3493 83 24 Waitt
1714 3502 46 15 and
1770 3496 85 23 Tyser.

1316 3519 92 26 August
1417 3521 21 24 6,
1450 3519 62 22 1844.

1342 3571 21 21 N
1379 3571 80 22 SALE
1474 3575 25 19 at
1516 3573 40 21 the
1576 3573 72 22 Office
1669 3575 25 21 of
1712 3575 43 21 this
1773 3583 112 20 paper.—

1369 3598 64 27 Keys
1442 3599 26 21 of
1476 3599 38 22 the
1524 3599 69 23 Town
1605 3601 26 21 of
1638 3601 57 22 New
1706 3601 128 28 Plymouth,

1317 3632 69 22 Plans
1396 3632 26 22 of
1430 3633 101 28 Country
1542 3634 67 22 Land
1619 3634 73 23 round
1706 3636 142 28 Wellington,
1859 3637 23 23 in

1290 3666 59 19 case,

1317 3686 69 21 Plans
1397 3686 27 21 of
1430 3686 95 27 Nelson,
1535 3687 24 22 in
1571 3695 58 20 case,

1316 3713 81 26 Copies
1415 3713 26 21 of
1453 3714 39 21 the
1510 3714 57 23 New
1586 3715 102 23 Zealand
1702 3716 101 28 Journal,
1821 3719 62 27 1842,

1290 3740 118 26 complete,
1420 3740 85 27 bound,

1316 3766 137 28 Chapman's
1463 3767 117 29 Portfolio,
1591 3768 87 29 bound,

1316 3793 77 22 Prints
1400 3794 26 21 of
1430 3794 96 28 Nelson,

1316 3820 76 22 Prints
1403 3821 25 22 of
1432 3821 148 29 Wellington,

1316 3844 69 25 Plans
1395 3848 26 21 of
1428 3848 87 23 Nelson
1525 3850 24 21 in
1559 3850 88 27 Sheets,

1317 3874 69 22 Plans
1396 3875 26 21 of
1429 3875 102 29 Country
1540 3876 66 23 Land
1618 3880 23 19 at
1655 3877 145 28 Wellington,

1316 3901 70 22 Plans
1395 3902 26 22 of
1428 3902 39 22 the
1476 3902 70 23 Town
1558 3904 26 21 of
1590 3904 58 22 New
1659 3904 127 28 Plymouth.

1316 3928 133 28 September
1459 3930 34 27 19,
1505 3931 63 21 1843.

1928 708 160 48 MESSRS.
2114 711 148 24 BETHUNE
2290 715 64 22 A.ND
2379 717 131 23 HUNTER

2019 742 37 15 are
2071 738 124 21 instructed
2205 742 22 18 to
2238 740 40 21 sell
2287 741 31 26 by
2328 742 75 27 public
2412 745 97 25 auction,

1926 763 93 21 without
2028 768 95 21 reserve,
2135 771 29 14 on
2175 770 92 17 account
2286 768 27 21 of
2333 768 74 23 whom
2423 770 18 21 it
2460 778 53 16 may

1926 793 101 22 concern,
2038 796 28 14 on
2078 789 108 28 Monday,
2198 792 38 21 the
2245 793 50 21 26tb
2308 798 88 18 current
2405 803 35 14 :—

1926 813 39 21 All
1975 813 62 23 those
2046 822 55 18 very
2112 815 107 24 desirable
2229 819 45 21 and
2283 820 153 29 substantially
2452 823 57 22 built

2074 843 107 26 premises
2189 843 81 24 known
2281 853 25 14 as
2316 846 38 23 the

2038 874 175 24 SUFFOLK
2246 878 145 29 HOTEL,

1924 901 15 19 1
1945 901 173 27 horndon.quay,
2127 902 53 23 with
2190 908 30 17 aa
2229 905 111 22 excellent
2346 907 111 22 baiehouse
2462 909 47 22 and

1922 926 51 26 shop
1996 927 115 27 attached;
2145 928 38 22 the
2210 937 59 15 same
2296 931 58 24 have
2370 934 57 22 been
2445 943 62 14 more

1923 953 143 27 particularly
2092 954 115 23 described
2229 958 22 20 in
2280 959 83 22 former
2382 961 126 26 [advertise-

2183 987 79 18 ments.

1949 1005 100 27 Also,—
2050 1014 14 14 a
2071 1008 102 27 quantity
2180 1009 26 21 of
2212 1009 121 25 household
2344 1013 106 23 furniture
2460 1014 47 22 and

1921 1033 136 25 impliments
2068 1034 25 20 of
2105 1034 68 23 trade.

1948 1058 48 22 The
2007 1060 88 24 ground
2103 1064 50 18 rent
2168 1062 40 21 has
2223 1056 62 29 been'
2299 1065 85 27 greatly
2400 1066 105 27 reduced,

1921 1086 45 19 and
1976 1092 13 13 a
1998 1086 86 21 licence
2095 1094 52 20 may
2156 1088 28 21 be
2192 1089 112 23 obtained.

1948 1111 72 22 These
2031 1112 104 28 subjects,
2153 1115 72 22 under
2240 1123 80 20 proper
2337 1123 164 24 management,

1921 1143 37 15 are
1970 1139 92 26 capable
2073 1140 26 21 of
2110 1140 100 28 yielding
2219 1149 14 14 a
2240 1143 124 23 handsome
2375 1152 105 16 revenue.

1921 1170 50 22 Sale
1984 1174 24 18 to
2018 1172 51 22 take
2084 1173 64 27 place
2159 1182 28 14 on
2195 1175 37 22 the
2238 1177 112 28 premises,
2362 1180 41 20 atl
2414 1179 93 22 o'clock.

1949 1203 143 28 Wellington,
2105 1206 51 22 IQth
2166 1206 96 28 August,
2274 1210 61 21 1844.

2098 1252 128 26 Supreme
2238 1255 91 20 Court.

1919 1283 148 47 NOTICE
2092 1284 28 22 IS
2145 1285 129 24 HEREBY
2298 1288 109 28 GIVEN,
2431 1290 49 22 that
2492 1297 15 15 a

2003 1312 76 24 sitting
2098 1311 23 21 of
2144 1312 38 21 the
2201 1314 106 26 Supreme
2327 1316 74 26 Court,
2419 1316 34 22 for
2468 1316 38 22 the

1919 1335 107 27 despatch
2035 1337 25 20 of
2072 1339 98 19 criminal
2179 1339 99 22 business
2288 1341 45 22 will
2344 1342 28 21 be
2382 1342 82 22 holden
2482 1346 23 19 at

1919 1361 38 22 the
1968 1362 68 22 Court
2044 1363 79 23 House
2139 1365 23 21 in
2182 1365 142 29 Wellington,
2346 1375 28 14 on
2393 1369 108 28 Monday,

1902 1393 1 17 j
1918 1387 38 23 the
1975 1389 83 22 second
2078 1391 43 26 day
2144 1391 26 21 of
2190 1393 131 27 September
2337 1398 61 24 next,
2424 1399 23 18 at
2465 1399 39 19 tea

1902 1415 1 35 [
1918 1422 12 14 o
1941 1415 65 22 clock
2014 1416 24 21 in
2049 1417 37 21 the
2097 1418 105 22 forenoon
2212 1427 5 18 ;
2236 1420 45 21 and
2297 1420 49 22 that
2360 1428 13 15 a
2382 1422 75 27 sitting
2467 1423 35 22 for

1918 1441 37 22 the
1966 1441 106 28 despatch
2083 1444 26 21 of
2119 1446 50 19 civil
2177 1445 99 23 business
2286 1448 46 21 will
2341 1448 28 22 be
2377 1448 82 23 holden
2476 1457 28 14 on

1918 1468 116 27 Saturday,
2044 1470 38 21 the
2092 1472 93 21 seventh
2196 1472 45 27 day
2255 1474 26 20 of
2298 1474 130 27 September
2443 1479 63 24 next,

1917 1497 23 19 at
1951 1498 37 18 ten
1999 1496 86 22 o'clock
2095 1497 22 21 in
2128 1499 38 21 the
2181 1499 115 27 forenoon,
2318 1504 22 18 at
2358 1501 72 22 which
2447 1503 55 21 time

1918 1521 45 21 and
1973 1522 63 27 place
2055 1523 30 22 all
2104 1531 90 20 persons
2208 1526 73 21 under
2294 1528 172 26 recognizances
2483 1532 22 19 to

1917 1555 82 20 appear
2022 1549 71 22 either
2112 1558 25 14 as
2153 1556 144 23 prosecutors,
2319 1554 138 28 defendants,
2478 1563 26 14 or

1917 1579 118 23 witnesses,
2046 1584 38 14 are
2094 1579 103 26 required
2207 1582 22 18 to
2236 1579 50 27 give
2297 1580 58 22 their
2362 1582 140 23 attendance.

2166 1610 95 23 Robert
2276 1611 28 22 R.
2321 1612 99 23 Strano.

2282 1638 91 28 Deputy
2383 1640 121 27 Registrar.

2068 1662 72 22 Court
2156 1663 78 28 Gffice,

1916 1686 146 29 Wellington,
2090 1689 51 22 13th
2164 1690 95 27 August.

1917 1732 74 48 ON
2006 1733 78 22 SALE
2097 1737 23 19 at
2130 1735 38 22 the
2177 1736 137 23 Warehouse
2325 1737 26 22 of
2362 1737 38 23 the
2413 1739 89 22 Under-

1996 1760 77 27 signed
2081 1768 5 14 :—:
2088 1772 28 4 —

1944 1785 90 23 Bottled
2043 1787 35 21 ale
2089 1788 43 22 and
2142 1793 82 23 porter.

1944 1812 60 27 Port,
2016 1814 84 27 sherry,
2113 1815 74 28 claret,
2202 1817 45 21 and
2255 1817 143 23 Maraschino
2412 1819 57 22 wine
2480 1820 22 22 in

1899 1847 1 18 ;
1914 1838 77 27 bottle,

1942 1866 80 21 Scotch
2032 1867 54 21 malt
2097 1867 98 28 whiskey
2205 1869 23 23 in
2240 1873 90 24 quarter
2340 1871 70 27 casks,

1942 1891 90 27 Cognac
2047 1893 88 28 brandy
2151 1895 22 21 in
2191 1901 90 22 quarter
2299 1897 63 21 casks
2376 1898 44 22 and
2436 1898 67 28 hogs-

1915 1918 18 20 k
1933 1925 11 13 e
1945 1925 93 25 6!Mleva.
2047 1937 23 13 in
2083 1937 76 20 Dome,

1942 1954 52 22 Van
2006 1955 115 23 Dieman's
2132 1957 64 22 Land
2205 1958 62 27 flour,
2280 1958 48 22 first
2333 1960 86 27 quality

1942 1982 103 21 Oatmeal
2055 1982 23 21 in
2090 1983 70 27 casks,

1942 2008 74 22 Prime
2029 2009 57 22 Irish
2097 2010 62 26 pork,

1944 2034 122 23 Preserved
2075 2040 72 18 meats
2156 2037 45 22 and
2210 2045 73 20 soups,

1943 2061 105 22 Cheshire
2060 2062 43 21 and
2114 2063 70 27 Leigh
2195 2064 87 28 cheese,
2293 2065 25 22 in
2327 2066 51 22 lead
2389 2074 60 15 cases

1943 2088 74 22 Prime
2029 2088 57 23 Irish
2095 2090 82 26 butter,

1944 2115 95 22 Refined
2050 2123 71 20 sugar,
2134 2117 22 21 in
2169 2119 48 22 101b
2226 2117 82 28 loaves,

1943 2142 47 21 Tea
2000 2142 22 21 in
2033 2142 132 23 half-chests
2175 2144 42 21 and
2228 2149 60 23 catty
2297 2146 76 28 boxes,

1944 2168 104 22 Genuine
2060 2169 129 23 Havannah
2198 2179 83 20 cegars,

1944 2195 134 22 Lancashire
2088 2196 71 28 hams,

1944 2222 93 27 English
2062 2224 102 27 cordage,
2184 2224 135 28 whalelines,
2338 2226 99 28 marline,
2459 2228 45 22 and

1916 2256 119 20 spunyam,
2053 2250 40 21 &c.

1943 2276 42 21 Tui
1991 2283 41 20 pen
2036 2276 52 26 tine,
2099 2276 74 29 white,
2184 2278 75 28 black,
2270 2279 46 22 and
2326 2287 67 19 green
2405 2281 68 27 paint,

1945 2302 45 22 Bar
2001 2303 42 21 and
2052 2301 40 24 rod
2102 2304 57 27 iron,
2171 2306 96 22 assorted
2277 2306 63 27 sizes,

1946 2329 123 22 Yorkshire
2079 2330 46 22 tool
2135 2332 65 21 faced
2210 2332 61 27 flags,

1945 2356 78 22 Welch
2033 2356 73 28 slates,
2118 2358 87 22 various
2215 2359 63 27 sizes,

1944 2382 51 23 Fire
2006 2383 73 22 bricks
2090 2384 45 21 and
2146 2389 92 23 cement,

1944 2410 157 22 Earthenware
2111 2412 45 21 and
2166 2412 133 28 glass-ware,

1944 2436 54 22 Iron
2008 2437 63 27 nails,
2083 2438 88 22 various
2180 2443 64 23 sorts,

1944 2463 119 27 Tin-ware,
2074 2466 107 26 assorted,

1944 2490 54 21 Iron
2008 2490 97 28 hurdles,

1944 2516 96 28 Ranges,
2052 2522 81 23 stoves,
2145 2519 42 22 and
2198 2519 104 28 chimney
2311 2521 80 27 pieces,

1947 2544 53 21 Iron
2010 2552 86 20 pumps,
2109 2546 81 28 piping,
2201 2547 45 22 and
2257 2548 97 27 fenders,

1943 2570 92 23 Printed
2046 2571 112 29 druggets,

1943 2599 52 20 11-4
2005 2598 112 28 Blankets,
2128 2600 99 22 assorted
2238 2600 94 27 colours,

1944 2624 37 22 7-8
1990 2626 108 21 Assorted
2108 2627 70 26 prints
2188 2628 44 21 and
2242 2628 132 22 mousseline
2385 2628 27 22 de
2421 2629 79 28 lames,

1944 2651 85 22 Glazed
2039 2652 110 23 furniture
2160 2654 78 26 prints,

1942 2680 28 20 36
1980 2678 82 23 Inches
2071 2687 54 19 grey
2138 2680 124 28 domestics,

1942 2706 40 20 4-4
1991 2706 94 21 Printed
2096 2708 121 26 carpeting,

1945 2732 80 23 Cotton
2036 2733 46 22 and
2092 2734 94 22 worsted
2194 2734 79 29 plaids,
2285 2738 76 19 cotton
2372 2736 80 24 checks
2462 2738 45 22 and

1916 2762 94 19 tartans.

1946 2786 79 22 Stored
2034 2786 80 23 Welch
2125 2787 92 29 flannel,

1943 2814 39 20 6-4
1992 2814 115 22 Merinoes
2118 2815 43 21 and
2173 2816 93 21 Orleans
2274 2816 68 22 cloth.

1944 2840 74 21 Broad
2042 2840 69 28 cloth,
2138 2842 55 27 pilot
2215 2843 68 27 cloth,
2311 2843 123 28 cassimere,
2459 2846 47 22 and

1918 2869 92 20 trowser
2019 2868 70 26 stuffs,

1943 2893 47 22 Sail
1999 2901 82 15 canvas
2095 2894 45 22 and
2152 2896 70 26 twine,

1945 2920 107 28 Christy's
2062 2921 83 22 beaver
2154 2922 44 22 and
2209 2922 43 22 silk
2262 2923 58 27 hats,

1943 2947 69 22 Sacks
2021 2948 95 22 suitable
2125 2949 36 21 for
2172 2949 64 23 flour.

2104 2983 135 27 Ridgwavs,
2252 2984 113 29 Hickson,
2378 2987 42 22 and
2433 2988 40 22 Co.

1940 3012 145 28 Wellington,
2098 3014 89 28 August
2196 3017 35 25 20,
2243 3018 63 20 1844.

1914 3056 92 48 THE
2029 3057 81 20 Nelson
2132 3059 118 20 Examiner
2272 3061 44 19 and
2337 3062 54 20 New
2413 3063 95 21 Zealand

1987 3084 112 20 Chronicle
2114 3084 128 27 (published
2251 3089 23 18 at
2284 3087 102 28 Nelson,)
2402 3088 18 22 is
2438 3096 68 21 regu-

1909 3108 58 28 larly
1987 3110 141 22 transmitted
2145 3114 23 19 to
2184 3111 146 30 Wellington,
2349 3115 45 22 and
2408 3122 53 21 may
2476 3117 28 22 be

1910 3134 44 23 had
1965 3139 24 19 at
1997 3136 38 22 the
2045 3137 65 21 office
2119 3138 28 21 of
2156 3138 44 22 this
2209 3146 76 21 paper.

1937 3167 50 23 The
1996 3169 79 20 Nelson
2084 3170 117 21 Examiner
2217 3172 45 21 will
2270 3172 29 23 be
2309 3173 70 24 found
2389 3182 28 15 an
2429 3178 75 22 excel-

1911 3195 48 21 lent
1967 3195 100 22 medium
2077 3196 36 21 for
2123 3197 140 24 advertisers.

1939 3222 80 22 Terms
2029 3223 34 21 for
2073 3223 38 22 the
2121 3231 75 21 paper,
2208 3228 38 19 ten
2256 3226 104 28 shillings
2373 3236 40 20 per
2422 3234 82 23 quarts

1911 3249 97 28 payable
2015 3257 24 14 in
2050 3249 110 24 advance.

1941 3280 83 23 Orders
2046 3282 35 21 for
2100 3282 39 22 the
2163 3291 68 20 paper
2253 3285 46 22 and
2323 3287 164 24 advertisemen

1912 3308 105 22 received
2027 3311 23 19 at
2059 3308 39 22 the
2109 3310 73 22 Office
2193 3311 25 21 of
2231 3311 43 23 this
2283 3320 78 19 paper.

2129 3365 166 26 Stationery.

1917 3396 75 48 ON
2008 3397 87 27 SALE,
2111 3398 43 22 AT
2168 3398 74 23 THIS
2260 3399 140 22 OFFICE—

1981 3423 114 29 Foolscap,
2107 3426 91 21 various
2208 3426 112 28 qualities,

1943 3450 73 27 Large
2027 3451 61 22 thick
2099 3456 57 24 post,
2168 3460 61 15 wove
2240 3453 46 22 and
2295 3453 52 27 laid,

1944 3477 59 22 Thin
2012 3482 56 23 post,
2208 3479 63 28 ditto,

1943 3504 57 22 Fine
2011 3502 58 25 Bath
2078 3509 58 23 post,
2147 3506 47 27 gilt,

1944 3532 158 28 Antiquarian,
2109 3532 110 28 imperial,
2227 3533 71 27 royal,
2306 3533 47 22 and
2361 3534 64 29 demy
2435 3536 72 23 draw-

1915 3558 41 27 ing
1965 3565 75 21 paper,

1944 3587 72 23 Quills
2026 3587 45 21 and
2079 3593 63 20 pens,

1945 3612 70 23 Small
2024 3613 60 22 hand
2094 3612 46 23 and
2149 3612 55 28 shop
2214 3621 76 20 paper,

1944 3640 72 27 Royal
2031 3640 68 26 hand,
2111 3639 82 22 double
2208 3640 61 23 hand
2286 3642 83 26 brown,
2380 3643 46 22 and
2441 3644 66 27 royal

1914 3666 78 23 brown
2005 3666 113 27 wrapping
2126 3673 76 20 paper,

1944 3694 43 21 Ink
1999 3694 44 21 and
2052 3693 41 22 ink
2102 3694 106 26 powders,

1943 3720 71 22 Black
2024 3719 50 22 lead
2084 3719 92 28 pencils,

1943 3747 98 27 Ledgers
2051 3746 46 23 and
2106 3750 98 19 account
2212 3748 78 27 books,
2302 3748 90 24 various
2401 3750 63 28 sizes,

1943 3774 103 27 Message
2057 3772 73 27 cards,

1944 3800 108 23 Coloured
2062 3807 87 21 papers,

1944 3828 71 26 Sugar
2024 3834 87 20 papers,
2393 3835 3 4 -
2428 3828 19 28 ,'

1943 3854 59 22 Note
2011 3861 86 21 papers,
2317 3858 4 9 *
2407 3859 3 6 '
2417 3859 4 2 '
2427 3851 4 14 ;
2439 3866 3 5 <

1944 3880 68 23 India
2020 3880 90 28 rubber,
2121 3881 77 28 bottle,
2210 3882 44 22 and
2263 3886 86 24 patent,
2391 3886 3 2 '
2416 3885 3 3 '
2427 3901 4 4 ,
2440 3898 6 10 „-

1943 3907 70 32 Ivory
2021 3907 83 22 folders
2114 3909 44 21 and
2169 3908 86 29 knives,
2422 3915 49 21 -.;,./'

1897 3930 5 20 I
1943 3934 92 23 Invoice
2045 3934 72 23 books
2126 3936 56 22 with
2190 3936 100 28 indexes,
2300 3938 92 22 various
2402 3938 64 29 sizes,
