2550 3999
797 130 22 21 in
833 129 39 22 the
889 130 89 27 opinion
995 129 26 21 of
1040 128 45 22 this
1104 129 97 26 Council,
1221 130 36 22 the

679 156 7 11 c
686 156 45 22 Act
739 156 35 21 for
785 155 126 28 regulating
926 156 38 22 the
981 154 50 22 Sale
1046 155 26 21 of
1083 155 76 22 Waste
1175 156 82 22 Land*'

677 181 120 32 belonging
819 185 22 18 to
866 181 39 21 the
924 182 79 22 Crown
1025 181 23 21 in
1068 181 39 22 the
1129 182 128 23 Australian

677 208 118 25 Colonies,'
803 207 141 28 considering
952 207 37 22 the
997 206 117 29 principles
1119 215 59 20 upon
1186 209 71 22 which

677 235 17 20 it
710 240 90 21 appears
816 237 22 18 to
847 234 29 21 be
891 233 107 31 founded;
1016 233 17 21 is
1049 234 124 22 unsuitable
1183 237 21 18 to
1220 235 37 21 the

677 259 73 23 actual
773 259 114 23 condition
910 260 45 21 and
978 263 170 19 circumstances
1174 261 25 21 of
1220 261 37 22 the

677 286 79 27 colony
766 286 26 22 of
802 286 56 22 New
868 286 108 22 Zealand.

792 318 36 23 the
837 318 111 28 principal
955 318 82 27 objects
1048 318 25 21 of
1085 320 113 27 requiring
1208 321 48 22 that

676 352 29 14 no
715 345 54 22 land
778 345 56 22 shall
844 345 27 22 be
881 345 48 22 sold
940 346 33 21 for
983 345 42 21 Jess
1035 345 54 22 than
1104 347 45 20 20s.
1160 353 28 16 an
1198 355 59 18 acre,

675 378 82 20 appear
767 374 23 19 to
799 372 27 21 be
837 371 37 22 the
884 371 112 25 following
1003 378 5 14 :
1010 381 27 5 —
1037 371 33 21 To
1079 372 91 26 provide
1181 381 12 14 a
1202 374 55 23 fund

676 398 34 21 for
715 397 38 22 the
762 397 150 22 introduction
919 398 27 21 of
951 397 112 22 labourers
1072 398 48 21 into
1126 398 37 22 the
1170 400 86 27 colony,

676 424 43 21 and
730 424 50 21 thus
789 426 22 19 to
820 431 76 14 secure
906 428 23 17 to
940 424 37 21 the
987 423 120 27 purchaser
1115 425 26 21 of
1152 425 50 22 land
1220 427 37 22 the

676 457 76 15 means
769 451 26 21 of
806 450 132 27 cultivating
952 451 59 25 it;—
1013 450 43 21 and
1072 454 23 18 to
1112 456 93 26 prevent
1220 453 37 21 the

675 477 102 21 labourer
792 476 58 22 from
869 479 36 19 too
922 475 99 29 speedily
1038 476 119 27 becoming
1175 485 13 15 a
1204 479 53 22 land

674 510 85 19 owner;
775 502 43 22 and
826 503 90 25 ceasing
926 506 24 18 to
964 503 61 22 work
1033 503 37 21 for
1080 503 53 26 hire,
1145 505 74 21 before
1229 505 28 22 he

673 529 41 21 has
725 529 139 21 contributed
873 536 14 14 a
897 529 43 21 due
951 529 127 27 proportion
1091 530 25 22 of
1127 531 83 21 labour.

790 561 36 22 the
842 565 89 23 present
946 564 82 25 system
1045 569 93 21 appears
1155 566 23 19 to
1192 564 59 22 have

673 588 56 21 been
739 588 89 21 devised
839 588 52 21 with
908 596 13 13 a
931 589 57 22 view
997 591 22 18 to
1029 588 37 21 the
1076 589 147 23 colonization
1234 591 26 21 of

673 614 145 21 uninhabited
832 616 120 24 countries,
963 621 25 15 or
1004 616 111 21 countries
1131 616 81 28 having
1227 624 29 15 no

673 640 108 22 available
791 648 89 14 sources
898 641 26 21 of
936 642 78 21 labour
1028 641 78 22 within
1117 642 138 28 themselves,

672 667 45 21 and
727 667 23 21 iv
760 666 72 22 which
842 666 38 22 the
897 668 155 21 Government
1067 674 111 20 possesses
1189 677 14 14 a
1213 670 44 21 dis-

671 693 77 27 posing
758 700 72 20 power
840 699 53 16 over
902 693 39 22 the
952 694 106 25 territory,
1066 701 25 14 or
1096 701 41 15 can
1147 696 109 26 prescribe

672 720 36 21 the
719 722 67 19 terms
796 727 28 14 on
836 720 71 22 which
917 717 38 24 the
962 726 37 16 use
1010 726 24 15 or
1043 722 132 26 occupation
1185 722 26 21 of
1218 722 38 22 the

672 746 101 27 territory
783 745 56 23 shall
848 746 29 21 be
886 746 60 22 held.

724 779 58 23 That
799 779 37 22 the
861 779 89 23 Islands
973 779 26 21 of
1019 779 55 23 New
1098 781 98 23 Zealand
1218 790 38 16 are

670 806 93 32 peopled
774 807 29 26 by
813 806 102 27 upwards
926 807 27 21 of
967 807 87 25 100,000
1070 807 125 28 intelligent
1211 811 46 21 and

671 832 86 28 rapidly
766 832 125 28 improving
900 833 76 22 native
986 832 144 24 inhabitants.

723 865 58 22 That
792 866 51 21 with
854 865 36 22 the
902 865 116 28 exception
1028 867 26 20 of
1066 867 68 22 about
1145 868 110 28 1,700,000

670 899 62 14 acres
741 893 27 20 of
774 893 51 20 land
835 893 79 21 owned
924 900 26 14 or
967 891 96 23 claimed
1077 894 29 26 by
1117 894 37 22 the
1167 896 87 28 Crown,

670 918 45 21 and
733 919 29 26 by
772 918 83 27 private
873 926 100 19 persons,
991 925 66 20 every
1071 920 88 26 portion
1178 923 24 20 of
1218 923 38 22 the

670 945 85 21 surface
764 944 26 22 of
797 945 61 21 these
866 945 87 21 Islands
962 945 139 28 (containing
1110 947 23 21 in
1141 948 37 21 the
1185 950 71 22 whole

668 974 40 18 not
718 971 42 21 less
778 970 52 22 than
846 973 127 25 60,000,000
989 971 25 21 of
1027 974 71 25 acres)
1109 973 19 21 is
1140 976 77 21 owned
1232 983 24 15 or

669 997 95 22 claimed
773 997 29 27 by
813 1004 42 15 one
866 1004 24 15 or
901 1006 61 14 more
973 997 65 22 tribes
1049 1006 24 14 or
1089 1000 134 24 individuals
1232 1004 26 21 of

668 1024 38 21 the
716 1024 123 26 aboriginal
848 1032 58 17 race,
919 1025 73 21 whose
1007 1024 6 10 '
1023 1026 117 22 territorial
1150 1028 69 27 rights
1230 1037 24 15 as

668 1057 86 15 owners
771 1051 26 21 of
812 1050 37 22 the
865 1051 57 26 soil,'
941 1051 57 22 have
1008 1051 56 22 been
1081 1056 137 24 guaranteed
1232 1060 22 18 to

668 1077 61 21 them
746 1077 30 26 by
790 1077 92 28 Treaty;
884 1089 29 4 —
913 1079 53 25 and,
985 1077 31 26 by
1032 1079 64 22 other
1115 1084 47 19 acts
1181 1083 24 20 of
1216 1084 38 21 the

667 1103 83 22 British
767 1103 161 28 Government,
940 1105 57 21 have
1013 1105 55 21 been
1080 1106 112 30 distinctly
1204 1110 5 10 '
1219 1117 36 15 re-

667 1130 108 27 cognized
785 1131 44 21 and
839 1132 132 27 respected.'

792 1157 26 21 of
834 1157 38 22 the
888 1159 125 26 1,7000,000
1030 1165 63 15 acres
1112 1160 94 23 claimed
1221 1163 30 27 by

667 1183 135 28 Europeans,
823 1184 38 22 the
880 1185 56 21 New
956 1184 100 22 Zealand
1075 1187 113 28 Company
1208 1190 46 25 (as-

666 1211 88 25 suming
762 1210 37 22 the
809 1211 94 27 validity
913 1213 26 20 of
952 1211 58 22 their
1023 1213 128 27 purchases)
1166 1215 43 22 will
1223 1217 28 22 be

666 1237 99 26 entitled,
778 1237 28 27 by
816 1245 28 14 an
860 1241 159 23 arrangement
1033 1240 91 21 entered
1141 1241 46 21 into
1198 1244 53 22 with

666 1263 60 21 them
737 1263 30 27 by
778 1265 36 20 the
825 1265 83 21 British
920 1265 160 28 Government,
1126 1274 13 14 a
1150 1268 71 23 Grant
1231 1270 23 22 of

667 1293 39 18 not
716 1290 43 21 less
770 1290 53 22 than
834 1291 69 22 about
913 1292 112 25 1,200,000
1034 1299 68 15 acres.

719 1317 60 21 That
797 1317 70 23 under
885 1318 39 22 the
944 1317 123 28 provisions
1087 1320 25 21 of
1130 1321 37 21 the
1188 1322 65 23 Land

666 1343 89 22 Claims'
767 1344 127 22 Ordinance
905 1345 26 21 of
944 1345 42 21 this
1003 1345 91 28 Colony,
1108 1354 51 15 sess.
1177 1350 18 24 1,
1207 1349 44 24 No.

667 1370 31 26 11,
710 1370 37 21 the
757 1371 37 21 old
813 1371 53 22 land
886 1371 118 23 claimants
1021 1372 42 21 will
1124 1374 90 23 entitled
1231 1380 22 19 to

665 1397 85 22 receive
760 1401 77 23 grants
847 1397 25 22 of
887 1402 40 18 not
942 1399 43 21 less
1002 1398 53 22 than
1075 1401 70 21 about
1163 1403 90 27 200,000

665 1430 68 19 acres,
743 1424 45 21 and
801 1425 48 21 that
860 1425 36 22 the
906 1425 126 26 remaining
1040 1427 91 25 300,000
1141 1435 61 15 acres
1213 1437 38 15 are

664 1451 38 21 the
719 1450 52 27 only
780 1450 64 22 lands
859 1452 23 22 in
898 1451 38 23 the
954 1451 78 27 colony
1040 1454 117 25 possessed
1171 1454 26 28 by
1214 1456 38 23 the

665 1478 84 25 Crown,
766 1477 28 27 by
805 1479 108 26 purchase
931 1486 24 14 or
971 1479 122 27 otherwise,
1110 1488 53 14 over
1179 1482 72 23 which

665 1504 36 22 the
713 1505 152 22 Government
874 1505 40 23 has
924 1513 14 14 a
948 1505 111 27 disposing
1069 1514 81 21 power.

717 1531 59 22 That
785 1531 107 28 although
908 1532 38 22 the
964 1531 77 23 Crown
1053 1533 40 22 has
1104 1535 103 22 obtained
1222 1537 30 27 by

664 1557 81 27 Treaty
755 1557 56 22 from
819 1557 38 23 the
868 1559 86 22 natives
962 1558 36 22 the
1005 1559 58 26 right
1070 1562 26 20 of
1103 1563 149 26 pre-emption

665 1590 52 16 over
726 1584 29 22 all
766 1585 74 20 native
850 1585 70 27 lands,
933 1585 45 22 and
993 1585 30 21 all
1039 1587 59 22 titles
1108 1590 22 19 to
1140 1588 53 22 land
1205 1590 48 22 that

665 1618 50 20 may
735 1614 39 18 not
793 1611 25 21 be
838 1613 123 21 confirmed
981 1611 30 27 by
1028 1618 78 21 grants
1130 1615 57 22 from
1213 1617 38 22 the

664 1637 84 26 Crown,
760 1637 56 21 have
828 1638 56 22 been
903 1637 104 23 declared
1020 1639 27 27 by
1058 1647 13 14 a
1091 1641 65 22 Local
1167 1642 52 23 Law
1230 1648 21 17 to

664 1663 82 23 bwmll
757 1664 42 21 and
810 1665 66 21 void:
891 1670 44 22 yet,
948 1665 91 27 looking
1050 1670 21 18 to
1084 1668 36 21 the
1132 1670 120 27 capability

663 1691 26 21 of
695 1691 55 21 New
762 1691 98 22 Zealand
871 1692 33 22 for
914 1693 38 21 the
962 1693 106 26 breeding
1078 1695 44 21 and
1133 1696 88 27 rearing
1228 1698 26 21 of

663 1717 68 28 sheep
740 1718 45 21 and
795 1719 66 21 cattle
863 1730 26 4 —
891 1722 22 18 to
924 1719 36 22 the
971 1719 64 22 value
1046 1721 45 21 and
1103 1726 78 17 extent
1190 1724 26 20 of
1223 1724 28 22 its

662 1745 92 21 mineral
766 1745 85 27 wealth,
863 1746 45 21 and
920 1750 21 18 to
953 1746 36 22 the
1000 1747 105 22 numbers
1115 1749 44 21 and
1169 1750 82 22 intelli-

662 1778 71 18 gence
743 1771 25 21 of
776 1771 35 22 the
828 1773 74 21 native
912 1780 83 15 owners
1004 1773 24 21 of
1034 1773 37 22 the
1083 1775 46 26 soil,
1141 1776 18 21 it
1171 1776 40 22 will
1225 1778 25 21 be

661 1797 125 28 impossible
799 1804 20 16 to
833 1802 94 24 prevent
945 1801 35 20 the
996 1799 118 28 European
1129 1804 79 26 settler,
1221 1804 30 27 by

662 1831 43 20 any
722 1825 121 26 legislative
868 1830 132 21 enactment,
1019 1827 56 22 from
1093 1829 112 28 obtaining
1220 1831 30 27 by

662 1852 83 25 private
756 1858 155 21 arrangement
922 1854 52 21 with
987 1854 35 21 the
1033 1855 74 22 native
1118 1863 90 19 owners,
1228 1862 23 17 at

662 1876 55 23 least
734 1879 37 21 the
786 1882 127 25 temporary
924 1888 38 14 use
979 1881 45 21 and
1033 1883 131 27 occupation
1176 1884 24 21 of
1213 1884 37 22 the

661 1903 59 26 land,
733 1905 21 21 in
763 1912 27 14 an
800 1905 108 27 irregular
919 1913 99 15 manner.

714 1931 59 22 That
782 1932 107 27 although
900 1933 37 21 the
949 1933 55 22 New
1014 1933 98 23 Zealand
1126 1936 121 28 Company,
1259 1928 2 31 !

661 1957 24 21 in
703 1957 113 28 disposing
833 1960 26 20 of
875 1959 59 21 their
950 1960 63 20 lands
1026 1961 21 19 in
1070 1962 56 21 New
1141 1963 106 27 Zealand,

661 1983 56 21 have
729 1984 94 22 hitherto
834 1986 123 26 proceeded
966 1992 57 20 upon
1032 1994 11 13 a
1054 1989 126 24 systematic
1187 1990 60 26 plan,

661 2010 45 21 and
716 2010 57 22 have
783 2013 101 26 required
896 2020 13 13 a
919 2013 53 26 high
991 2013 58 26 price
1061 2014 34 22 for
1110 2015 57 21 their
1178 2016 69 27 lands,

661 2036 62 22 there
734 2038 17 20 is
762 2045 29 14 no
802 2039 94 26 security
909 2039 35 26 (as
962 2046 51 19 may
1024 2039 25 21 be
1061 2048 53 14 seen
1126 2042 54 21 from
1192 2043 58 22 their

662 2070 48 14 own
721 2064 65 22 views
797 2073 59 18 upon
868 2066 43 21 this
922 2067 103 26 subject,)
1034 2067 47 21 that
1092 2068 51 27 they
1151 2076 50 19 may
1211 2074 39 17 not

661 2090 102 22 abandon
776 2091 47 22 that
832 2097 89 22 system,
934 2093 44 21 and
989 2093 127 23 endeavour
1127 2099 21 17 to
1160 2096 86 27 dispose

661 2117 25 21 of
703 2117 56 22 their
771 2119 124 26 remaining
915 2120 64 21 lands
999 2119 28 27 by
1039 2120 94 28 offering
1150 2123 58 21 them
1228 2127 21 18 to

662 2143 74 28 public
746 2146 143 26 competition
901 2150 23 18 at
934 2154 14 14 a
957 2147 42 21 low
1011 2151 61 22 upset
1083 2149 66 25 price.

780 2178 56 21 from
848 2179 36 22 the
903 2180 63 21 other
983 2180 54 21 class
1056 2181 28 21 of
1099 2181 53 22 laud
1165 2189 84 15 owners

661 2213 25 5 —
690 2203 36 22 the
745 2205 92 25 original
856 2206 94 26 settlers,
956 2216 25 6 —
983 2206 47 22 who
1049 2207 30 27 by
1100 2215 12 14 a
1127 2213 75 17 recent
1213 2218 34 13 ar-

661 2235 130 21 rangement
807 2232 57 23 have
884 2233 60 21 been
963 2232 91 23 allowed
1075 2234 37 22 the
1133 2236 73 24 option
1227 2237 26 21 of

661 2257 140 28 exchanging
821 2259 58 22 their
898 2260 65 22 lands
991 2260 35 21 for
1046 2260 63 23 other
1137 2262 63 22 lands
1224 2263 23 22 in

661 2285 37 22 the
710 2284 93 23 District
814 2286 25 21 of
851 2286 121 23 Auckland
973 2297 28 5 —
1001 2286 52 23 land
1064 2295 51 19 may
1126 2289 28 21 be
1164 2290 85 27 readily

660 2312 130 27 purchased,
802 2313 45 21 and
857 2316 22 18 to
890 2313 38 22 the
940 2317 77 18 extent
1026 2314 27 21 of
1060 2322 69 20 many
1137 2316 110 23 thousand

660 2346 69 19 acres,
750 2342 24 17 at
792 2339 37 21 the
848 2343 48 18 rate
915 2340 27 21 of
962 2341 44 21 less
1021 2340 53 23 than
1091 2342 31 21 ss.
1143 2350 28 13 an
1188 2350 58 16 acre.

661 2366 77 22 Under
762 2366 61 21 these
844 2367 173 22 circumstances
1036 2368 37 21 the
1094 2369 155 23 Government

660 2392 39 23 has
717 2395 39 19 not
773 2392 36 22 the
829 2401 75 19 power
923 2394 26 21 of
967 2394 138 28 prescribing
1124 2396 36 21 the
1181 2397 65 27 price,

661 2419 69 23 below
740 2420 72 21 which
821 2420 54 21 land
884 2420 22 22 in
925 2421 43 22 this
984 2421 80 27 colony
1081 2422 56 21 shall
1157 2423 26 21 be
1205 2424 42 22 dis-

660 2447 67 26 posed
737 2446 30 22 of.

710 2472 59 23 That
785 2474 37 21 the
842 2474 134 27 Aboriginal
991 2474 136 23 inhabitants
1149 2477 25 21 of
1192 2477 55 22 New

661 2500 100 22 Zealand
778 2507 36 15 are
831 2501 129 23 cultivators
977 2502 26 21 of
1019 2502 37 21 the
1071 2503 41 21 soil
1120 2511 5 19 ;
1148 2504 47 21 that
1209 2512 40 14 ex-

659 2528 104 25 perience
774 2527 40 22 has
825 2528 75 21 shewn
910 2528 61 23 them
983 2531 21 19 to
1015 2529 26 21 be
1053 2529 54 22 both
1114 2530 81 27 willing
1203 2531 44 21 and

659 2554 50 21 able
720 2557 21 19 to
752 2554 95 24 perform
858 2558 59 18 most
925 2556 26 21 of
959 2556 36 21 the
1007 2556 105 28 ordinary
1122 2558 125 26 operations

661 2581 25 21 of
696 2581 80 22 labour
782 2589 4 19 ;
803 2581 48 22 that
861 2582 22 21 in
894 2582 89 22 various
1000 2585 60 23 parts
1075 2584 26 20 of
1114 2584 37 20 the
1168 2584 79 27 colony

659 2606 54 28 they
732 2615 37 14 are
788 2608 99 26 working
906 2609 35 21 for
959 2608 48 23 hire
1026 2609 34 21 for
1075 2610 38 22 the
1130 2610 117 29 European

659 2634 86 22 settlers
755 2638 24 18 at
790 2642 12 14 a
812 2635 115 22 moderate
943 2638 46 19 rate
1007 2636 25 21 of
1042 2643 74 21 wages
1118 2649 27 3 —
1145 2638 56 22 from
1216 2640 31 21 Is.

659 2664 23 19 to
705 2662 29 21 Is.
755 2661 36 22 6d.
811 2662 96 26 a-day—
909 2663 44 21 and
973 2661 54 28 that,
1047 2662 91 29 looking
1162 2669 21 17 to
1208 2665 38 21 the

659 2691 79 19 nature
759 2688 26 22 of
806 2693 59 17 most
891 2688 104 23 valuable
1023 2696 114 16 resources
1160 2692 25 20 of
1210 2692 37 21 the

663 2718 101 24 country,
785 2715 88 27 capital,
892 2716 75 22 rather
987 2716 53 22 than
1058 2716 84 28 labour,
1160 2719 44 21 will
1220 2719 29 22 be

660 2742 105 26 required
784 2744 22 19 to
826 2742 26 21 be
871 2742 112 27 imported
1002 2743 45 21 into
1068 2744 37 22 the
1126 2745 80 26 colony
1225 2745 24 22 in

660 2769 66 21 order
748 2771 23 18 to
790 2775 78 15 ensure
887 2769 59 22 their
964 2770 72 22 useful
1055 2771 45 22 and
1125 2772 122 22 successful

661 2795 177 27 developement.

774 2827 93 21 Council
886 2834 36 15 are
943 2830 40 20 not
1005 2829 127 23 unmindful
1156 2831 26 22 of
1207 2831 39 24 the

660 2853 126 23 difficulties
806 2854 48 21 that
871 2862 52 19 may
939 2855 66 22 stand
1023 2855 22 22 in
1063 2857 38 21 the
1121 2865 49 20 way
1187 2858 26 23 of
1234 2867 15 14 a

660 2881 85 26 change
755 2881 24 21 in
790 2880 36 22 the
837 2881 98 28 existing
945 2883 87 26 system,
1049 2883 42 22 but
1107 2885 76 27 seeing
1200 2885 50 24 that

660 2907 43 22 this
714 2907 79 26 colony
803 2907 76 22 differs
888 2915 24 14 so
924 2909 126 27 essentially
1060 2910 57 22 from
1126 2912 36 21 the
1171 2913 78 26 neigh-

659 2934 96 27 bouring
774 2934 105 27 colonies,
900 2935 38 22 the
958 2935 93 23 Council
1068 2944 37 15 are
1120 2938 27 21 of
1159 2940 87 26 opinion

661 2961 47 21 that
717 2961 38 21 the
766 2961 116 26 foregoing
891 2962 57 22 facts
953 2962 80 22 should
1039 2963 26 21 be
1072 2963 98 29 brought
1177 2966 72 22 under

661 2987 36 22 the
708 2988 163 21 consideration
880 2989 26 21 of
912 2988 41 22 her
958 2989 117 27 Majesty's
1083 2991 161 29 Government,

659 3013 54 23 with
732 3022 13 13 a
764 3015 55 21 view
839 3015 25 21 of
886 3015 130 27 suggesting
1035 3016 37 22 the
1091 3020 111 26 propriety
1224 3021 24 20 of

659 3041 115 27 repealing
785 3048 24 15 so
818 3041 68 23 much
904 3043 25 21 of
943 3043 37 21 the
997 3043 6 9 '
1011 3042 45 22 Act
1070 3044 36 21 for
1120 3046 127 28 regulating

659 3067 37 22 the
710 3068 45 22 sale
766 3069 26 20 of
803 3072 67 18 waste
880 3069 65 22 lands
955 3068 122 29 belonging
1087 3074 22 18 to
1120 3072 37 21 the
1168 3073 77 22 Crown

658 3093 23 23 in
692 3094 38 22 the
741 3095 128 22 Australian
879 3095 112 27 colonies,'
1011 3103 22 15 as
1053 3102 76 18 enacts
1148 3099 46 22 that
1209 3100 38 22 the

660 3121 6 10 '
674 3121 130 23 Australian
813 3123 99 21 colonies
920 3123 5 9 '
943 3122 57 23 shall
1017 3123 26 21 be
1064 3124 95 23 deemed
1174 3130 21 18 to
1213 3128 34 21 in-

659 3148 65 22 clude
733 3149 39 23 *he
782 3149 79 27 colony
873 3150 26 20 of
910 3150 57 22 New
975 3149 108 23 Zealand.

785 3182 53 21 with
856 3182 115 23 reference
991 3187 22 18 to
1032 3183 37 22 the
1091 3188 83 24 system
1197 3194 50 15 now

659 3208 95 27 existing
774 3209 72 21 under
864 3209 75 22 which
958 3210 18 21 it
991 3210 19 21 is
1027 3212 83 26 sought
1120 3215 23 19 to
1154 3218 93 22 prevent

659 3234 37 23 the
708 3235 131 27 Aboriginal
850 3243 86 15 owners
946 3237 26 22 of
984 3237 37 22 the
1035 3237 55 23 land
1108 3239 59 22 from
1183 3248 64 16 exer-

659 3261 72 27 cising
746 3269 47 19 any
817 3262 114 32 disposing
954 3270 75 20 power
1051 3271 54 16 over
1127 3266 25 27 it,
1178 3267 70 23 either

659 3288 100 22 absolute
771 3295 24 15 or
805 3289 85 27 partial,
901 3290 25 21 in
937 3290 78 22 favour
1023 3290 25 22 of
1060 3298 43 21 any
1122 3300 79 19 person
1223 3295 26 21 of

659 3314 119 28 European
797 3315 65 27 birth,
889 3316 38 21 the
952 3316 135 28 prohibition
1104 3319 39 21 has
1160 3321 87 22 excited

659 3342 68 21 much
736 3341 172 23 dissatisfaction
919 3343 24 22 in
952 3344 57 21 their
1018 3345 78 27 minds,
1108 3346 72 22 which
1185 3347 60 23 from

659 3367 60 23 their
727 3369 100 27 growing
837 3369 143 27 intelligence
996 3371 44 22 and
1057 3373 150 27 appreciation

659 3394 37 22 the
716 3395 65 22 value
801 3396 26 21 of
846 3396 61 26 land,
928 3397 20 21 is
966 3396 66 23 liable
1048 3401 22 18 to
1091 3400 26 21 be
1127 3400 118 24 increased

658 3422 75 21 rather
752 3422 54 22 than
825 3422 148 29 diminished;
993 3424 87 23 besides
1100 3426 80 29 which,
1200 3428 46 23 this

658 3448 135 27 prohibition
811 3448 80 23 affords
919 3450 27 22 ill
969 3450 101 28 disposed
1094 3460 90 20 persons
1207 3456 38 22 the

659 3482 75 15 means
745 3476 26 21 of
779 3475 110 28 inducing
895 3476 39 23 the
945 3477 85 22 natives
1039 3481 24 19 to
1073 3478 29 23 be
1112 3480 134 25 dissatisfied

659 3502 54 21 with
730 3502 36 21 the
783 3502 83 22 British
885 3503 155 23 Government
1059 3507 126 28 generally;
1200 3510 46 22 and

659 3535 30 20 as,
701 3529 24 21 in
735 3528 102 23 defiance
855 3530 25 21 of
900 3537 46 20 any
962 3531 59 27 legal
1039 3537 148 25 enactments,
1207 3537 38 21 the

659 3554 116 29 European
790 3556 75 22 settler
873 3556 46 23 will
927 3558 29 21 be
966 3557 51 22 able
1026 3561 23 18 to
1059 3559 83 28 obtain,
1154 3565 24 17 at
1189 3562 57 24 least

661 3581 35 22 the
716 3587 126 23 temporary
857 3590 39 15 use
913 3585 46 22 and
976 3586 131 26 occupation
1128 3588 26 20 of
1170 3589 75 23 native

658 3608 71 28 lands,
732 3620 27 4 —
760 3610 41 21 her
819 3610 119 28 Majesty's
953 3610 155 25 Government
1122 3614 78 23 should
1217 3617 28 22 be

659 3636 80 21 moved
759 3640 23 18 to
802 3636 101 23 consider
921 3637 100 23 whether
1037 3639 19 21 it
1073 3640 74 22 would
1164 3646 39 18 not
1217 3643 28 23 be

659 3662 124 28 expedient
792 3666 22 18 to
830 3663 87 27 modify
933 3664 38 22 the
987 3669 90 23 present
1094 3668 149 24 restrictions*

659 3688 38 23 the
708 3690 91 21 Council
809 3690 69 26 being
887 3690 27 21 of
926 3690 98 28 opinion,
1037 3692 102 24 founded
1149 3702 29 15 on
1185 3696 60 23 local

659 3715 129 28 knowledge
798 3716 46 22 and
854 3717 141 28 experience,
1007 3718 48 23 that
1067 3720 21 21 it
1104 3722 74 22 would
1190 3724 55 22 tend

659 3749 61 15 more
738 3746 23 19 to
781 3742 37 23 the
837 3744 119 26 peaceable
971 3744 45 23 and
1030 3753 130 21 prosperous
1171 3750 74 23 settle-

659 3773 63 18 ment
731 3770 24 21 of
766 3769 38 22 the
814 3773 99 24 country,
925 3770 49 23 that
985 3771 36 22 the
1029 3773 76 22 native
1121 3782 85 17 owners
1221 3778 27 22 of

659 3795 37 22 the
706 3796 60 27 land,
777 3796 70 22 under
856 3798 86 21 certain
951 3797 49 23 well
1011 3800 129 23 considered
1157 3804 87 26 regula-

659 3822 63 28 tions,
734 3822 80 23 should
824 3823 28 22 be
861 3824 47 21 free
919 3827 24 18 to
957 3824 85 29 dispose
1060 3826 27 22 of
1107 3828 55 23 such
1180 3831 64 23 lands

658 3856 24 15 as
691 3857 37 15 are
738 3853 39 18 not
785 3850 103 28 required
906 3850 30 28 by
952 3852 38 21 the
1006 3852 77 23 Crown
1098 3855 76 23 rather
1189 3857 53 23 than

659 3876 48 23 that
780 3876 142 28 dispositions
932 3879 26 22 of
968 3878 54 22 land
1039 3879 80 25 should
1136 3883 27 21 be
1178 3885 66 22 made

658 3904 143 27 secretely,—
802 3904 30 28 by
851 3904 109 28 irregular
979 3905 45 22 and
1044 3906 76 28 illegal
1140 3916 103 21 arrange-

2049 3871 75 17 Printed
2138 3873 38 15 and
2189 3873 102 19 published
2309 3878 55 15 every
2378 3867 99 21 Wednesday

1921 3891 90 20 morning,
2033 3892 25 19 by
2077 3892 87 17 Edwaud
2185 3893 48 19 Roe,
2250 3895 20 14 at
2291 3894 32 17 the
2345 3894 52 16 Office
2414 3890 19 18 of
2453 3888 24 16 the

1921 3913 49 17 Nsw
1984 3911 100 18 Zealand
2095 3913 93 17 Gazettb
2199 3918 44 12 ahd
2256 3914 136 18 Wbllington
2408 3912 69 16 Smcw-

1920 3937 44 14 tor,
1976 3933 158 21 Manncrs-itmt,
2143 3935 117 21 Wellington,
2274 3935 45 18 Port
2332 3934 101 19 Nicholson,
2444 3930 33 18 NeV

1921 3954 87 19 Zt&Jand.

565 44 98 47 ®i}t
687 45 119 41 w*to
831 45 208 40 J£eaUM>
1065 44 188 46 iSrajcttc
1278 45 89 39 *n*
1394 45 300 46 WltWmton
1719 45 259 47 spectator.

1295 157 6 5 _
1313 130 34 21 On
1356 130 38 21 the
1404 131 84 21 motion
1498 131 26 22 of
1535 131 38 22 the
1594 133 122 25 Governor,
1731 132 40 22 the
1786 132 84 22 resolu-

1286 157 45 21 tion
1341 164 44 14 was
1394 157 61 25 read,
1467 157 43 22 and
1520 158 58 21 after
1587 166 14 14 a
1616 158 52 27 long
1684 158 123 22 discussion
1825 159 45 21 and

1284 183 84 21 several
1378 183 163 28 amendments,
1553 191 44 15 was
1607 184 103 28 adopted,
1722 184 45 22 and
1778 184 92 22 ordered

1285 212 23 18 to
1326 209 27 21 be
1369 208 124 23 forwarded
1514 213 22 18 to
1555 211 38 21 the
1611 211 75 22 Home
1706 211 163 22 Government.

1285 235 23 21 It
1315 235 19 21 is
1343 235 103 21 assumed
1457 235 48 23 that
1521 237 44 21 this
1583 237 80 27 colony
1679 237 102 22 contains
1802 237 68 21 about

1285 264 88 24 seventy
1394 261 85 23 million
1506 263 26 20 of
1553 270 69 19 acres,
1649 263 25 22 of
1694 263 74 22 which
1791 263 79 22 twelve

1284 287 101 22 hundred
1395 287 110 23 thousand
1515 289 83 26 belong
1608 293 23 18 to
1642 289 37 22 the
1697 290 56 21 New
1768 286 101 25 Zealand

1286 314 118 27 Company,
1430 317 42 18 two
1497 315 104 23 hundred
1627 315 110 23 thousand
1761 318 22 19 to
1806 315 64 22 Land

1285 340 128 26 Claimants,
1428 340 45 22 and
1488 341 63 22 three
1567 341 103 23 hundred
1679 341 112 23 thousand
1799 344 23 19 to
1833 341 36 22 the

1286 367 165 25 Government;
1468 366 37 22 the
1524 368 86 22 residue
1622 372 21 18 to
1653 368 38 22 the
1700 369 87 21 natives
1795 375 5 20 ;
1822 367 48 22 that

1284 393 38 21 the
1332 392 52 22 land
1394 392 69 27 being
1471 399 22 15 so
1504 395 88 26 owned,
1604 394 37 23 the
1660 395 62 21 Land
1744 393 62 23 Sales
1825 394 46 21 Act

1284 419 19 21 is
1312 418 111 27 unsuited,
1436 418 56 23 their
1501 420 68 27 being
1579 428 30 14 no
1620 424 65 19 Waste
1695 421 70 25 lands,
1782 420 88 22 besides

1285 444 76 28 which,
1371 445 24 21 in
1406 452 153 21 consequence
1569 447 27 21 of
1608 447 38 22 the
1663 447 65 22 Land
1746 446 124 22 Claimants

1286 472 138 26 exchanging
1434 472 57 22 their
1500 473 78 21 claims
1588 474 37 21 for
1641 473 65 22 lands
1722 480 55 15 near
1793 473 77 21 Auck-

1284 498 59 26 land,
1362 498 55 21 land
1432 505 42 14 can
1490 499 28 21 be
1536 500 125 27 purchased
1680 503 22 18 to
1714 500 37 21 the
1762 502 78 19 extent
1848 499 25 21 of

1284 524 82 22 several
1386 524 110 22 thousand
1515 532 70 21 acres,
1606 529 24 19 at
1649 527 42 21 less
1708 526 54 22 than
1778 526 31 21 ss.
1831 532 39 20 per

1285 557 56 15 acre.
1369 550 59 22 That
1438 550 36 22 the
1484 553 151 26 pre-emption
1644 556 82 24 system
1732 553 41 21 has
1780 552 90 22 created

1284 577 167 22 dissatisfaction
1463 584 82 22 among
1555 578 38 22 the
1604 579 93 26 natives,
1705 579 56 26 who,
1770 579 99 21 increas-

1283 604 40 25 ing
1331 604 22 20 in
1362 603 149 27 intelligence,
1533 612 38 14 are
1591 605 61 27 daily
1670 606 120 26 becoming
1807 612 62 14 more

1284 630 92 21 sensible
1388 630 25 21 of
1424 630 38 21 the
1478 631 66 21 value
1559 632 26 20 of
1601 632 60 26 land,
1672 631 74 22 which
1757 631 112 21 dissaffec-

1284 656 47 22 lion
1340 656 17 21 is
1368 656 69 21 foster
1446 656 30 26 by
1486 658 82 26 parties
1578 658 97 21 inimical
1687 661 23 18 to
1721 658 38 21 the
1769 658 101 21 Govern-

1284 686 72 23 ment;
1372 682 19 21 it
1406 682 111 23 therefore
1531 691 66 19 prays
1606 684 48 21 that
1663 684 56 22 New
1729 684 103 21 Zealand
1842 684 28 22 be

1284 712 87 24 exempt
1381 708 58 22 from
1448 708 38 22 the
1496 710 77 21 Lands
1585 710 60 22 Sales
1655 710 51 27 Act,
1717 710 47 22 and
1773 710 49 22 that
1832 710 37 23 the

1282 735 147 27 pre-emption
1440 738 81 24 system
1530 736 29 22 be
1569 737 112 22 modified.

1313 762 40 21 Mr.
1364 762 81 22 Brown
1456 762 82 23 moved
1554 762 49 23 that
1619 763 37 22 the
1672 763 94 28 petition
1785 764 25 21 of
1822 764 47 22 Mr.

1283 788 90 22 Trusted
1394 788 28 23 be
1442 789 60 27 read,
1522 789 46 22 and
1589 790 67 22 taken
1674 790 50 22 into
1741 790 129 23 considera-

1284 815 54 21 tion.

1311 841 35 22 On
1365 840 38 23 the
1420 842 98 23 Petition
1535 842 69 28 being
1622 843 59 27 read,
1700 843 36 22 the
1752 844 118 22 Governor

1282 868 48 21 said
1340 868 35 21 the
1386 869 63 21 affair
1460 870 52 21 took
1522 870 65 26 place
1596 870 24 21 in
1629 870 121 26 February,
1763 872 60 25 1841,
1846 874 24 19 at

1284 894 48 21 that
1341 894 53 22 time
1405 895 17 21 it
1432 902 45 15 was
1493 896 97 26 possible
1610 896 48 21 that
1673 896 38 21 the
1730 903 91 15 reasons
1837 898 33 21 for

1282 921 37 22 the
1331 921 149 26 Magistrate's
1490 920 100 24 decision
1599 922 71 27 might
1681 923 27 21 be
1725 922 84 28 solred,
1831 924 39 21 but

1282 947 67 22 could
1366 951 41 18 not
1424 955 51 14 now
1494 955 37 15 see
1552 949 50 21 how
1621 950 37 20 the
1684 949 94 22 Council
1803 950 67 21 could

1281 974 111 26 interfere,
1404 974 103 22 however
1516 975 69 22 much
1594 975 17 22 it
1621 974 71 27 might
1702 976 55 21 wish
1768 979 22 18 to
1800 976 29 22 do
1837 984 32 15 so.

1281 1000 43 22 His
1334 1000 136 28 Excellency
1481 1001 53 22 then
1545 1002 47 21 laid
1605 1009 29 15 on
1644 1002 38 21 the
1694 1002 60 21 table
1769 1009 15 14 a
1798 1010 72 20 quan-

1281 1027 41 27 tity
1332 1027 23 22 of
1366 1035 80 19 papers
1456 1028 125 22 connected
1592 1028 52 22 with
1653 1028 38 22 the
1702 1035 57 15 case.

1307 1054 45 21 The
1363 1054 224 26 Attorney-General
1599 1055 39 22 did
1648 1058 40 19 not
1696 1055 66 22 think
1773 1056 36 22 the
1820 1064 49 15 case

1281 1080 63 27 fairly
1352 1080 78 22 before
1441 1080 36 22 the
1495 1082 100 26 Council,
1606 1082 19 21 it
1636 1089 44 14 was
1691 1089 13 14 a
1717 1083 103 26 question
1835 1084 35 22 for

1278 1107 123 22 •Executive
1419 1108 155 22 Government
1591 1108 76 27 alone;
1684 1110 19 20 if
1717 1110 38 21 the
1770 1110 45 21 fine
1826 1118 43 15 was

1280 1134 133 26 improperly
1421 1134 108 28 imposed,
1541 1136 18 21 it
1576 1143 45 14 was
1637 1135 33 22 for
1684 1136 62 21 them
1763 1139 23 18 to
1802 1144 40 20 say
1853 1138 19 21 if

1281 1160 52 27 they
1343 1160 73 22 would
1425 1161 66 21 remit
1500 1162 29 26 it;
1546 1162 46 21 and
1607 1161 20 22 if
1640 1162 18 21 it
1674 1162 66 21 could
1750 1163 28 22 be
1790 1163 78 23 shown

1280 1187 49 22 that
1338 1187 50 26 they
1399 1187 45 21 had
1464 1188 88 22 refused
1562 1193 23 16 to
1605 1189 28 21 do
1650 1189 89 27 justice,
1759 1190 53 21 then
1832 1191 36 22 the

1281 1214 97 31 question
1397 1214 71 27 might
1483 1222 64 15 come
1558 1215 65 27 fairly
1632 1215 76 22 before
1721 1216 38 21 the
1771 1216 98 28 Legisla-

1280 1243 45 18 tive
1333 1241 98 21 Council.
1460 1241 48 22 The
1518 1242 93 21 learned
1621 1242 127 27 gentleman
1756 1246 60 19 went
1822 1243 47 23 into

1281 1274 13 15 a
1304 1267 57 22 brief
1367 1267 85 26 history
1463 1268 25 20 of
1496 1268 36 21 the
1543 1276 58 18 case,
1615 1272 20 18 to
1644 1269 59 21 show
1712 1268 48 22 that
1770 1270 37 21 the
1817 1270 53 28 only

1276 1293 93 27 .remedy
1379 1294 39 21 the
1429 1294 121 23 Petitioner
1559 1295 51 26 had,
1622 1303 43 14 was
1675 1303 28 14 an
1714 1296 74 21 action
1799 1301 23 17 at
1829 1298 40 21 law

1281 1321 85 26 against
1376 1320 38 21 the
1432 1321 126 28 witnesses;
1574 1322 42 21 but
1627 1322 24 21 of
1662 1322 71 21 which
1744 1322 28 22 he
1785 1324 37 21 did
1831 1327 39 18 not

1281 1347 57 21 avail
1354 1347 95 21 himself.
1478 1348 47 21 The
1542 1356 50 14 case
1611 1349 115 26 presented
1742 1357 13 13 a
1764 1357 54 20 very
1829 1358 41 15 un-

1280 1373 128 22 favourable
1416 1381 139 19 appearance
1561 1392 5 5 .
1585 1375 62 27 First,
1655 1376 26 20 he
1690 1383 42 14 was
1740 1378 116 21 convicted
1862 1386 5 18 ;

1281 1400 111 26 secondly,
1405 1400 27 21 he
1450 1401 36 20 did
1505 1406 39 17 not
1561 1403 92 25 appeal;
1668 1402 46 21 and
1726 1403 90 27 thirdly,
1831 1404 38 22 the

1281 1427 43 21 late
1342 1427 45 21 and
1406 1427 73 26 acting
1499 1428 126 22 Governors
1643 1428 45 23 had
1698 1429 54 22 both
1770 1431 25 20 of
1808 1431 60 22 them

1281 1453 90 22 decided
1382 1454 88 25 against
1479 1453 53 22 him.
1563 1456 81 21 Unless
1654 1459 101 23 stronger
1762 1457 107 22 evidence

1280 1480 65 21 could
1353 1480 27 21 be
1392 1480 82 24 shown,
1486 1481 17 20 it
1514 1482 66 21 could
1590 1485 38 18 not
1637 1482 28 21 be
1675 1484 145 20 entertained.

1308 1507 39 21 Dr.
1359 1507 90 26 Martin,
1461 1507 57 22 from
1537 1508 38 21 the
1590 1508 57 22 little
1663 1509 27 21 he
1707 1508 66 24 knew
1793 1511 25 20 of
1830 1511 38 22 the

1281 1536 83 23 matter,
1373 1533 102 21 believed
1485 1534 18 21 it
1514 1538 21 17 to
1546 1535 27 21 be
1580 1542 13 14 a
1599 1535 55 21 hard
1665 1543 59 19 case;
1738 1536 41 22 but
1788 1538 80 25 agreed

1281 1559 50 22 with
1341 1559 36 22 the
1388 1559 93 22 learned
1496 1561 225 32 Attorney-General,
1733 1563 49 22 that
1795 1564 18 21 it
1825 1571 44 15 was

1282 1594 13 14 a
1305 1587 98 26 question
1414 1587 34 21 for
1457 1587 37 21 the
1505 1588 125 21 Executive
1642 1589 58 27 only.

1307 1613 45 22 The
1371 1614 118 21 Governor
1504 1615 125 26 remarked,
1642 1616 47 21 that
1699 1618 22 19 at
1731 1616 38 22 the
1781 1617 53 21 time
1846 1618 25 21 of

1281 1639 130 28 conviction,
1430 1639 37 22 the
1488 1641 123 22 Petitioner
1631 1642 43 22 had
1695 1650 13 14 a
1727 1644 104 26 quantity
1846 1645 26 20 of

1281 1667 76 26 spirits,
1378 1667 28 21 he
1428 1667 38 21 did
1486 1671 38 18 not
1541 1669 155 27 satisfactorily
1713 1674 96 17 account
1827 1671 41 27 for,

1281 1693 69 21 which
1361 1700 55 14 were
1427 1694 81 27 seized,
1516 1695 45 20 and
1569 1695 34 22 for
1611 1695 70 22 which
1692 1696 27 22 he
1730 1705 50 14 vow
1792 1697 77 22 claims

1280 1721 173 24 compensation.

1308 1747 43 21 Mr.
1371 1747 78 21 Brown
1452 1759 25 3 —
1479 1747 46 21 The
1545 1749 74 26 spirits
1637 1749 23 21 iv
1679 1750 101 26 question
1795 1750 74 27 might

1281 1774 55 20 have
1353 1773 57 21 been
1427 1774 107 22 intended
1550 1779 21 16 to
1588 1776 28 21 be
1632 1776 48 21 sold
1690 1776 125 27 wholesale,
1826 1778 43 21 and

1281 1804 38 17 not
1330 1800 101 22 retailed.
1463 1801 33 22 He
1508 1801 37 21 did
1563 1806 41 17 not
1620 1802 61 21 know
1699 1803 52 21 how
1766 1804 36 20 the
1820 1811 49 15 case

1281 1826 70 27 stood,
1369 1827 41 21 but
1427 1829 115 26 assuming
1559 1829 55 26 that,
1625 1829 43 21 and
1685 1829 93 27 looking
1794 1834 23 17 at
1834 1831 35 22 the

1281 1853 131 22 documents
1421 1854 75 22 before
1508 1855 68 26 them,
1586 1856 16 21 it
1610 1856 108 27 appeared
1727 1864 12 13 a
1746 1857 55 21 hard
1812 1865 55 14 ease.

1281 1880 46 20 The
1343 1880 51 21 lion,
1414 1881 99 22 member
1524 1882 52 21 read
1587 1890 13 13 a
1611 1883 118 21 certificate
1747 1884 79 26 signed
1841 1885 26 27 by

1269 1907 167 26 -M'Donough,
1449 1908 58 27 Esq.,
1522 1909 137 26 Magistrate,
1671 1914 24 17 at
1709 1910 129 28 Hokianga,
1848 1915 21 18 to

1264 1934 3 25 j
1279 1933 36 21 the
1327 1933 62 21 effect
1401 1934 47 21 that
1459 1935 79 26 during
1552 1935 36 21 the
1599 1938 42 19 two
1654 1943 63 19 years
1727 1936 28 22 he
1766 1936 46 23 had
1823 1938 46 21 offi-

1274 1959 75 21 a-ituecl
1359 1959 61 21 there
1432 1968 23 13 as
1472 1961 137 26 Magistrate,
1622 1962 45 21 that
1679 1962 29 21 lie
1720 1970 70 13 never
1799 1964 68 21 knew

1278 1986 36 20 the
1326 1985 121 23 Petitioner
1457 1988 69 26 guilty
1539 1988 25 20 of
1571 1989 80 26 selling
1662 1989 79 27 spirits,
1752 1994 80 23 except
1840 1998 27 14 on

1279 2013 36 19 the
1338 2013 103 21 occasion
1461 2014 25 20 of
1508 2015 43 20 this
1576 2015 134 26 conviction,
1738 2016 70 21 which
1833 2018 34 26 he,

1279 2039 154 26 M'Donoiigh,
1457 2040 99 22 believed
1576 2048 44 14 was
1635 2049 26 13 on
1679 2043 54 20 false
1752 2043 115 23 evidence.

1279 2065 50 21 And
1344 2072 22 14 as
1382 2066 18 20 it
1417 2066 37 22 did
1466 2070 39 18 not
1521 2075 81 20 appear
1620 2072 20 17 to
1656 2069 28 20 be
1695 2077 13 12 a
1719 2077 49 13 case
1779 2070 36 21 for
1832 2071 36 21 the

1279 2091 144 23 interference
1435 2093 25 21 of
1467 2094 36 22 the
1514 2095 101 26 Council,
1627 2095 27 21 he
1672 2096 82 21 moved
1771 2098 49 20 that
1832 2098 35 21 the

1279 2119 92 21 Petition
1383 2119 44 21 and
1444 2120 28 22 all
1490 2121 131 21 documents
1632 2123 125 20 connected
1768 2124 52 20 with
1832 2124 36 22 the

1279 2153 54 18 case,
1352 2146 27 21 be
1401 2147 96 22 referred
1517 2151 21 18 to
1560 2148 36 22 the
1619 2149 121 21 Executive
1767 2150 98 28 Counoil,

1279 2172 74 25 which,
1366 2173 56 21 after
1434 2181 58 15 some
1504 2175 42 21 few
1557 2176 99 21 remarks
1662 2176 57 21 from
1731 2176 37 21 the
1781 2177 76 22 Gover

1277 2206 45 17 nor,
1333 2207 41 13 was
1385 2200 83 25 agreed
1483 2206 29 17 to.

1306 2226 91 22 Council
1408 2227 122 27 adjourned
1541 2228 33 22 till
1584 2230 13 20 2
1608 2229 85 21 o'clock
1705 2237 29 14 on
1743 2230 124 28 Thursday.

1422 2283 154 31 Thursday,
1595 2285 65 24 July
1682 2288 37 22 18.

1279 2320 90 22 Present
1377 2321 31 21 all
1418 2324 39 18 tne
1467 2323 118 22 members.

1305 2347 45 21 The
1360 2348 98 22 minutes
1475 2350 26 20 of
1514 2350 38 21 the
1572 2350 43 22 last
1631 2351 98 27 meeting
1746 2359 55 14 were
1815 2352 54 23 read

1279 2373 42 22 and
1331 2374 129 22 confirmed.

1307 2401 40 21 His
1354 2400 142 29 Excellency,
1505 2403 58 22 after
1573 2404 129 26 addressing
1711 2404 37 23 the
1759 2406 110 21 members

1277 2430 22 18 to
1310 2427 35 22 the
1358 2428 112 27 following
1481 2430 71 27 effect,
1566 2431 108 22 dissolved
1688 2432 36 21 the
1733 2433 92 21 Council
1835 2441 34 13 :—

1307 2462 151 28 Gentlemen,
1461 2474 27 4 —
1493 2464 90 27 Having
1602 2465 124 28 completed
1745 2466 37 22 the
1797 2467 72 22 duties

1278 2495 24 14 so
1314 2488 121 27 cheerfully
1444 2491 141 21 undertaken
1597 2492 44 21 and
1653 2493 111 26 earnestly
1775 2493 94 23 fulfilled

1279 2515 28 27 by
1315 2522 50 20 you,
1377 2515 83 27 during
1471 2517 43 22 this
1526 2517 61 22 third
1595 2519 80 21 session
1688 2519 26 21 of
1720 2519 37 22 the
1768 2520 101 27 Legisla-

1279 2542 43 21 tive
1333 2542 90 21 Council
1435 2544 25 20 of
1467 2544 55 22 New
1533 2545 108 27 Zealand,
1653 2546 17 20 it
1680 2546 39 21 has
1730 2546 93 22 become
1832 2555 37 19 my

1277 2568 96 27 pleasing
1385 2569 63 22 office
1460 2574 21 17 to
1488 2571 85 22 release
1584 2579 51 19 you,
1646 2573 57 21 until
1715 2577 54 17 next
1782 2575 87 21 Session

1277 2594 24 22 of
1315 2595 98 27 Council,
1431 2597 57 22 from
1501 2599 37 21 the
1555 2598 94 22 dilHcult
1668 2599 46 21 and
1730 2601 137 26 responsible

1277 2622 48 21 task
1334 2622 23 21 of
1364 2622 89 27 legislat
1455 2631 3 8 1
1464 2631 36 15 on.

1305 2648 70 22 Allow
1387 2657 34 14 me
1434 2654 21 17 to
1466 2652 54 20 offer
1529 2660 46 18 you
1588 2660 37 19 my
1636 2653 82 21 cordial
1729 2653 44 22 and
1782 2654 86 22 sincere

1277 2675 76 22 thanks
1363 2676 34 21 for
1412 2683 56 20 your
1478 2679 89 26 regular
1583 2679 44 22 and
1644 2681 143 26 persevering
1797 2684 72 19 atten-

1277 2702 45 21 tion
1338 2705 21 18 to
1374 2702 38 22 the
1428 2711 112 16 measures
1558 2706 119 22 submitted
1689 2710 23 18 to
1728 2715 57 19 your
1795 2709 74 21 consir

1279 2728 105 23 deration.

1305 2756 10 21 I
1327 2763 33 14 am
1369 2763 50 15 sure
1430 2757 49 22 that
1486 2758 38 22 the
1533 2759 76 22 Home
1619 2760 161 28 Government,
1790 2769 23 15 as
1821 2762 49 22 well

1278 2789 23 14 as
1310 2782 36 22 the
1355 2784 112 21 residents
1482 2785 24 21 in
1525 2785 43 22 this
1584 2787 86 28 colony,
1682 2787 44 23 will
1743 2790 126 25 appreciate

1279 2809 35 21 the
1331 2810 61 26 pains
1409 2810 45 22 and
1465 2812 87 22 trouble
1566 2820 47 20 you
1627 2814 57 22 have
1702 2815 73 21 taken.
1805 2816 64 27 They

1277 2843 36 14 are
1324 2836 49 22 well
1383 2844 73 15 aware
1467 2839 48 21 that
1533 2840 114 22 Members
1663 2841 26 21 of
1701 2842 101 26 Council,
1819 2843 23 21 in
1858 2850 12 14 a

1276 2869 74 20 young
1359 2864 89 27 colony,
1459 2864 57 23 have
1528 2874 69 19 many
1602 2871 82 23 urgent
1694 2868 108 22 demands
1811 2876 58 20 upon

1277 2889 57 22 their
1343 2890 60 28 time,
1414 2891 73 23 which
1497 2893 83 22 render
1588 2895 18 20 it
1625 2894 92 22 difficult
1732 2898 22 18 to
1764 2897 52 26 give
1834 2896 35 22 the

1277 2923 117 21 necessary
1407 2918 78 27 degree
1496 2920 26 21 of
1535 2920 122 24 deliberate
1667 2922 110 23 attention
1789 2926 21 19 to
1821 2930 49 20 pro-

1277 2943 68 26 posed
1353 2943 126 28 legislative
1490 2950 146 20 enactments.

1304 2969 22 22 It
1334 2970 17 21 is
1366 2977 14 15 a
1396 2978 78 16 source
1484 2973 26 21 of
1526 2978 64 22 great
1606 2975 136 22 satisfaction
1754 2979 22 18 to
1794 2976 77 22 reflect

1277 2996 47 21 that
1333 3003 37 16 our
1380 2998 80 22 united
1469 3000 75 22 efforts
1555 3008 37 14 are
1602 3001 68 27 likely
1681 3006 24 17 to
1715 3002 27 21 be
1752 3003 118 22 rewarded

1275 3022 30 28 by
1314 3030 13 15 a
1338 3031 59 15 more
1408 3032 132 21 prosperous
1550 3031 57 18 state
1618 3028 23 22 of
1648 3029 72 21 affairs
1722 3040 27 4 —
1749 3029 31 27 by
1788 3036 13 15 a
1806 3037 64 15 more

1275 3049 97 23 cheerful
1383 3052 112 23 condition
1505 3054 26 21 of
1540 3061 40 15 our
1590 3056 146 27 community.

1303 3076 11 21 I
1326 3078 99 22 consider
1440 3079 48 22 that
1497 3088 13 14 a
1528 3081 63 21 crisis
1602 3081 40 22 has
1657 3082 57 21 been
1724 3082 89 27 passed,
1826 3083 44 22 and

1277 3102 52 28 that,
1348 3105 108 26 provided
1470 3113 32 15 we
1519 3114 118 20 persevere
1651 3109 23 21 in
1688 3116 13 14 a
1717 3109 88 27 strictly
1813 3110 56 27 just,

1275 3129 102 27 humane,
1390 3135 129 25 temperate,
1531 3134 44 22 and
1585 3134 137 23 industrious
1737 3143 88 20 course,
1837 3144 32 14 we

1275 3157 56 21 shall
1346 3161 39 18 not
1402 3158 40 22 fail
1458 3162 23 19 to
1495 3168 37 14 see
1550 3168 40 15 our
1607 3161 81 23 honest
1707 3163 115 22 exertions
1836 3170 34 15 re-

1275 3184 86 21 warded
1376 3185 31 27 by
1422 3187 109 27 temporal
1546 3195 24 16 as
1586 3187 49 23 well
1649 3196 25 14 as
1691 3189 103 28 spiritual
1811 3190 59 22 bles-

1275 3216 66 21 sings.

69 133 39 24 the
120 133 70 24 whole
200 140 51 16 sum
260 141 7 21 ;
280 134 44 24 and
336 134 61 23 shew
407 133 38 24 the
458 133 77 24 Home
545 132 104 24 Govern-

68 171 64 18 ment
143 166 48 23 that
202 165 37 24 the
251 165 171 25 establishment
433 173 46 16 was
492 169 36 20 too
539 165 63 31 large
616 165 33 23 for

68 197 39 24 the
119 202 71 19 wants
202 198 24 23 of
234 198 39 24 the
284 198 88 31 colony.

100 231 48 23 Mr.
163 230 95 24 Clifford
274 231 56 28 said,
344 231 27 23 he
392 230 102 31 objected
511 235 23 19 to
554 230 95 30 nothing

66 263 75 23 useful
153 270 25 15 or
190 270 127 23 necessary,
327 264 40 22 but
379 264 61 22 there
451 271 45 15 was
505 271 28 15 no
543 263 105 24 evidence

65 295 76 23 before
154 296 59 22 them
227 300 22 18 to
261 296 63 22 show
332 296 58 22 what
398 303 49 16 was
456 296 113 31 required.
597 294 51 24 The

66 327 53 31 only
131 335 77 15 reason
230 328 29 22 he
271 328 67 23 voted
357 329 88 29 against
457 328 39 24 the
515 329 74 27 items,
602 334 46 16 was

66 360 38 22 the
116 364 58 18 want
186 360 24 22 of
219 360 77 22 funds.

98 392 44 24 Dr.
156 392 86 23 Martin
251 393 52 23 read
315 397 98 20 extracts
421 393 58 23 from
491 400 12 16 a
514 392 66 23 letter
590 392 57 23 from

64 422 63 25 Lord
139 425 94 30 Stanley
245 430 22 17 to
287 426 38 23 the
337 426 75 23 officer
424 425 173 29 administering
609 424 38 23 the

64 457 162 28 Government,
240 461 23 19 to
281 458 62 23 show
355 459 48 22 that
414 466 33 15 we
456 458 44 22 had
512 465 29 15 no
553 464 93 16 reasons

63 493 22 19 to
98 494 79 26 expect
190 491 123 23 assistance
326 491 56 23 from
402 490 37 23 the
452 490 77 23 Home
540 489 105 24 Govern-

65 527 71 18 ment.

95 555 51 24 The
159 555 118 24 Governor
288 555 118 31 explained
419 555 49 23 that
479 555 36 23 the
527 555 66 23 letter
602 562 42 23 ap-

60 587 62 31 plied
139 592 23 19 to
184 588 47 23 Mr.
252 588 122 23 Shortland
386 588 60 30 only,
459 588 42 23 and
520 592 41 18 not
572 592 21 18 to
607 588 37 22 the

60 621 76 23 future
148 620 127 30 Governor,
287 621 44 23 and
341 621 103 30 repeated
456 620 36 23 his
504 620 52 24 firm
567 628 77 15 assur-

61 659 56 17 ance
129 653 47 24 that
189 660 32 15 we
233 652 81 24 should
325 653 28 24 be
364 653 104 29 assisted,
481 654 22 22 in
516 653 39 23 the
566 660 78 16 mean-

60 686 55 22 time
127 685 80 23 should
219 685 37 23 the
266 686 80 31 colony
357 691 38 19 not
403 686 90 22 furnish
504 686 67 23 funds
579 686 65 22 suffi-

60 719 67 27 cient,
140 718 29 23 he
181 717 80 24 should
273 719 53 29 only
338 726 43 24 pay
393 719 49 23 half
451 719 102 22 salaries.

93 750 36 24 Dr
141 751 87 23 Martin
240 752 83 29 agreed
329 752 54 23 with
393 752 37 23 his
441 751 141 31 Excellency
590 751 54 23 with

59 783 114 24 reference
197 787 21 20 to
242 784 38 23 the
303 788 106 27 payment
432 785 24 22 of
477 784 102 29 salaries,
601 784 43 23 but

59 816 98 30 thought
167 817 18 22 it
196 816 132 31 imperative
338 825 28 15 on
374 817 38 23 the
420 816 97 24 Council
527 821 23 19 to
561 817 81 23 induce

58 849 38 22 the
115 849 76 23 Home
204 849 156 24 Government
379 855 23 18 to
413 850 57 23 send
488 849 39 24 the
539 849 103 31 required

57 882 124 23 assistance
193 891 5 18 ;
231 882 28 23 he
282 882 81 23 should
385 882 111 24 therefore
517 890 65 23 press
605 882 37 23 his

57 914 163 29 amendments,
233 914 29 23 he
282 922 47 16 saw
347 923 28 15 no
395 915 73 23 better
484 915 54 31 plan
549 923 6 20 ;
578 915 63 23 there

57 954 47 15 was
116 954 28 16 no
157 947 105 24 evidence
280 951 23 19 to
315 947 63 24 show
389 947 99 24 whether
499 952 43 18 two
555 955 24 15 or
597 948 44 23 five

58 980 75 23 clerks
158 987 55 15 were
235 987 121 24 necessary
377 981 23 23 in
423 988 45 23 any
490 980 149 31 department.

57 1012 51 23 The
120 1013 128 23 reductions
268 1013 28 23 he
308 1014 117 30 proposed,
438 1013 74 23 would
524 1013 66 24 affect
600 1018 40 19 not

56 1046 38 22 the
103 1046 95 22 number
209 1046 25 22 of
252 1053 95 22 persons
364 1046 118 31 employed
499 1054 25 15 so
534 1046 69 24 much
614 1054 26 16 as

56 1079 38 22 the
111 1079 99 28 salaries,
230 1079 74 23 which
324 1079 27 23 he
371 1079 131 24 considered
519 1083 38 19 too
574 1079 63 30 high.

56 1112 50 23 The
118 1111 183 23 establishments
313 1112 69 31 being
393 1112 125 30 altogether
528 1116 37 20 too
576 1112 63 31 large

55 1144 35 23 for
102 1145 37 23 the
151 1148 92 28 present
254 1148 59 20 state
325 1145 26 23 of
359 1146 38 22 the
409 1145 88 30 colony.

89 1178 50 23 The
151 1186 50 15 sum
214 1177 26 23 of
251 1178 96 28 £1,135
360 1186 45 16 was
416 1178 66 23 voted
496 1178 33 23 for
541 1178 38 24 the
592 1178 46 24 Co-

55 1211 69 23 lonial
143 1210 286 32 Treasuiy'Departraent.
466 1211 44 24 Dr.
530 1211 108 25 Martin's

54 1244 144 24 amendment
213 1243 50 23 that
275 1244 70 25 £725
365 1246 28 22 be
414 1244 145 29 substituted,
570 1245 69 31 being

54 1277 128 30 negatived.
226 1275 51 25 The
296 1278 142 23 non-official
449 1278 78 30 voting
538 1278 42 29 for,
593 1279 45 22 and

53 1310 39 23 the
104 1311 115 23 executive
231 1311 79 29 voting
322 1312 96 29 against.

86 1344 49 24 Mr.
150 1343 94 24 Clifford
256 1344 57 28 said,
325 1344 29 23 he
368 1344 81 24 should
461 1344 86 24 decline
560 1345 78 30 voting

53 1385 29 15 on
94 1377 38 23 the
144 1377 126 30 remaining
290 1378 75 28 items,
378 1378 40 23 but
430 1377 81 24 should
523 1383 63 19 enter
601 1378 36 23 his

54 1414 93 26 protest,
161 1414 21 19 to
195 1410 61 23 show
268 1409 50 25 that
330 1411 37 23 the
380 1410 183 24 establishments
576 1416 61 19 must

52 1442 28 23 be
98 1442 137 24 remodelled
254 1447 25 25 tq,
296 1451 63 16 come
371 1444 78 23 within
466 1443 39 23 the
524 1452 77 16 means
614 1445 26 22 of

51 1475 40 24 the
102 1475 88 31 colony,
202 1475 78 25 unless
298 1477 38 23 the
348 1477 141 23 deficiencies
506 1484 58 17 were
585 1477 51 31 paid

51 1508 30 32 by
93 1508 38 23 the
144 1508 76 24 Home
233 1508 164 26 Government.

84 1541 52 24 The
154 1549 50 16 sum
216 1542 25 23 of
259 1543 71 24 £425
348 1550 45 16 was
411 1543 112 32 proposed
543 1543 34 24 for
598 1544 37 24 the

52 1575 98 23 Council
161 1575 81 24 Office.
279 1576 45 23 Dr.
343 1576 85 24 Martin
447 1577 112 30 proposed
570 1585 25 15 as
607 1585 29 15 an

52 1608 152 29 amendment,
227 1608 50 24 that
297 1610 72 24 £300
392 1609 26 23 be
438 1609 145 29 substituted,
607 1610 28 24 he

50 1641 98 31 thought
169 1649 42 16 one
233 1641 63 24 clerk
325 1642 120 24 sufficient.
447 1655 35 4 —
482 1642 153 25 Amendment
643 1639 2 40 j

49 1674 128 30 negatived,
189 1674 39 23 the
240 1675 96 30 original
348 1684 50 15 sum
409 1675 101 24 allowed.

84 1707 52 23 The
148 1714 50 15 sum
210 1707 25 23 of
252 1708 72 25 £750
336 1708 34 23 for
390 1708 38 23 the
441 1709 195 31 Superinlendant

50 1740 26 23 of
85 1739 58 24 Port
155 1740 125 24 Nicholson
292 1742 180 23 establishment.

84 1773 45 23 Dr.
151 1773 86 23 Martin
258 1775 111 30 proposed
392 1783 24 15 as
435 1783 29 14 an
483 1775 149 29 amendment,

49 1805 50 24 that
110 1806 71 24 £600
199 1806 27 24 be
238 1808 138 23 substituted
386 1817 6 19 ;
412 1808 28 23 he
452 1808 98 31 thought
562 1809 70 23 £400

49 1847 14 15 a
74 1839 114 24 sufficient
199 1839 75 32 salary
285 1841 35 23 for
334 1841 37 23 the
383 1841 203 31 Superintendent.

83 1872 49 23 Mr.
146 1872 94 24 Clifford
249 1881 44 16 was
305 1874 122 24 convinced
435 1874 50 23 that
497 1875 37 22 the
546 1875 86 30 Super-

47 1905 139 23 intendent's
199 1905 143 31 department
354 1915 44 15 was
411 1911 40 19 not
463 1911 22 19 at
495 1907 31 23 all
538 1911 36 20 too
582 1908 50 22 well

47 1937 61 31 paid,
128 1938 144 31 considering
289 1939 39 23 the
346 1947 96 16 onerous
462 1944 80 19 nature
555 1940 24 24 of
595 1940 37 24 the

48 1970 74 23 duties
134 1971 19 22 it
163 1971 44 22 had
219 1975 23 18 to
254 1973 107 28 perform.
397 1972 123 24 Whatever
529 1973 103 23 Govern-

48 2008 64 18 ment
119 2003 147 31 expenditure
273 2011 46 16 was
328 2004 129 24 authorised
466 2006 24 22 in
499 2005 37 24 the
545 2006 87 30 colony,

50 2036 18 22 it
80 2043 46 15 was
144 2036 53 31 only
214 2037 63 30 right
294 2037 50 23 that
361 2037 38 24 the
417 2038 108 23 southern
545 2039 87 23 divison

49 2068 81 24 should
140 2069 58 24 have
209 2070 29 23 its
251 2070 43 23 fair
303 2070 75 24 share.
414 2070 51 24 The
478 2071 73 24 duties
562 2072 24 23 of
595 2072 37 23 the

47 2103 91 22 various
158 2103 76 23 offices
252 2110 58 17 were
323 2104 60 31 quite
397 2112 24 15 as
439 2103 80 32 heavy,
532 2105 45 23 and
595 2105 37 23 the

47 2142 97 17 revenue
157 2135 98 29 derived,
268 2142 89 26 greater
368 2136 54 24 than
439 2137 25 23 in
476 2137 37 24 the
526 2138 106 23 northern

47 2168 107 24 division.
200 2168 157 25 Amendment
384 2170 127 31 negatived,
537 2171 95 31 original

47 2208 51 16 sum
110 2201 100 24 allowed.

79 2234 72 24 £150
163 2242 44 16 was
219 2235 67 23 voted
298 2236 95 23 without
404 2245 13 15 a
428 2236 104 30 division,
545 2237 35 24 for
593 2237 38 23 the

48 2267 83 24 Crown
143 2267 107 24 Solicitor
258 2272 22 20 at
292 2269 58 23 Port
362 2269 134 24 Nicholson.

81 2300 51 23 The
142 2309 51 15 sum
205 2301 25 23 of
237 2302 73 24 £352
320 2310 44 15 was
376 2303 64 23 voted
449 2303 94 23 without
554 2312 13 14 a
574 2303 57 25 divi-

47 2333 49 23 sion
110 2334 34 23 for
156 2333 37 24 the
205 2334 75 24 Board
293 2335 25 23 of
328 2335 80 24 Audit.

80 2366 51 23 The
143 2375 50 15 sum
205 2367 26 23 of
248 2367 98 30 £4,000
357 2376 45 16 was
421 2370 112 30 proposed
544 2370 36 23 for
593 2370 37 24 the

47 2399 108 24 Customs
167 2400 190 25 Establishment.

78 2435 45 22 Dr.
146 2435 87 22 Martin
256 2435 112 30 proposed
388 2443 25 15 as
436 2443 29 15 an
486 2436 143 24 amendment

45 2466 86 25 £2573
155 2466 73 24 which
246 2467 95 24 allowed
360 2469 70 23 £216
443 2469 42 28 ,for
506 2469 123 24 additional

45 2499 113 29 boatmen,
177 2500 28 23 be
223 2500 138 24 substituted
372 2510 7 20 ;
402 2510 13 14 a
430 2502 55 31 long
505 2502 124 24 discussion

45 2532 92 25 ensued.
172 2532 45 25 Dr.
239 2533 91 24 Martin
341 2535 132 29 contended,
486 2535 48 24 that
556 2544 24 15 as
593 2536 36 23 the

45 2571 91 25 present
146 2565 174 26 establishment
327 2568 65 23 could
401 2572 39 19 not
449 2573 94 26 prevent
550 2577 79 22 smug-

45 2598 72 31 gling,
130 2599 114 23 sufficient
261 2608 83 23 money
355 2601 53 31 only
419 2601 82 24 should
513 2602 28 23 be
554 2603 73 29 voted,

45 2639 120 22 necessary
178 2636 21 19 to
211 2632 81 24 collect
305 2633 37 24 the
354 2642 107 16 revenue.

78 2664 52 24 The
149 2665 119 24 Governor
285 2667 58 28 said,
355 2667 45 24 this
413 2667 157 25 Government
586 2669 43 22 had

45 2698 56 23 been
118 2698 65 23 made
195 2700 122 29 expensive
335 2700 29 31 by
376 2700 37 24 the
433 2701 77 24 Home
524 2701 105 25 Govern-

45 2735 69 24 ment,
127 2731 49 23 who
193 2731 44 23 had
258 2733 130 24 authorised
400 2742 13 15 a
425 2733 109 25 Customs
555 2735 74 23 estab-

45 2763 107 24 lishment
171 2765 24 22 in
207 2765 37 22 six
256 2765 104 24 different
379 2766 74 32 places
465 2768 25 22 in
501 2768 37 23 the
551 2768 78 31 colony

45 2797 44 23 and
101 2797 49 23 that
160 2797 45 24 less
218 2797 55 25 than
284 2799 98 29 £4,000
394 2799 74 24 would
479 2805 40 18 not
530 2801 37 24 do.

78 2830 52 23 The
151 2831 114 31 Attorney
287 2832 101 24 General
409 2833 103 24 followed
541 2842 29 16 on
593 2834 36 23 the

46 2871 62 15 same
127 2864 56 28 side,
195 2864 44 23 and
259 2865 58 29 said,
331 2866 17 23 it
360 2873 45 17 was
425 2866 39 24 the
482 2866 56 31 duty
550 2868 25 23 of
593 2867 36 24 the

45 2896 79 30 people
136 2902 23 17 to
170 2904 41 16 use
224 2905 67 23 every
302 2898 124 31 legitimate
438 2907 79 16 means
529 2900 26 23 of
564 2902 65 22 mak-

45 2928 38 24 the
107 2929 77 24 Home
207 2930 158 25 Government
387 2940 51 23 pay.
440 2945 35 4 —
475 2933 154 25 Amendment

45 2963 126 29 negatived,
185 2963 95 31 original
292 2972 52 16 sum
356 2965 100 24 allowed.

79 2995 51 23 The
142 3003 50 16 sum
204 2996 26 23 of
246 2997 98 29 £3,970
356 3005 44 16 was
419 2999 112 31 proposed
543 2999 34 24 for
594 3000 35 23 the

45 3027 98 25 Judicial
175 3029 203 31 Establishments,
410 3032 118 31 including
557 3033 72 24 Local

46 3061 92 24 Courts.

79 3094 52 24 The
150 3103 49 15 sum
212 3095 25 23 of
254 3097 55 24 £80
326 3097 34 24 for
373 3097 112 24 Coroners
505 3106 47 17 was
565 3100 64 23 voted

47 3127 34 23 for
93 3128 94 23 without
198 3137 13 14 a
223 3129 105 25 division.

79 3160 52 24 The
153 3169 51 15 sum
226 3162 26 23 of
277 3164 87 23 £1615
388 3172 45 15 was
462 3166 112 30 proposed
595 3166 34 24 for

48 3193 96 24 Sheriffs
157 3194 43 23 and
212 3195 80 24 Gaols.

78 3226 46 24 Dr.
148 3227 87 23 Martin
258 3230 111 30 proposed
392 3238 24 16 as
438 3239 30 15 an
485 3233 144 23 amendment

45 3260 96 28 £1,116
153 3260 28 23 be
193 3260 145 26 substituted.

80 3292 69 24 After
160 3300 62 16 some
234 3293 127 26 discussion
380 3296 38 24 the
428 3297 146 25 amendment
585 3306 44 17 was

45 3326 127 30 negatived,
185 3326 45 23 and
241 3326 37 25 the
291 3329 95 30 original
398 3338 51 15 sum
461 3331 101 25 allowed.

78 3358 52 24 The
149 3359 88 24 further
256 3361 165 25 consideration
438 3371 47 16 was
505 3365 124 31 postponed

45 3391 34 24 till
92 3393 113 30 Saturday
217 3398 63 19 next.

78 3426 96 23 Council
186 3426 132 31 adjourned.

178 3493 180 28 Wednesday,
371 3495 64 25 July
454 3497 40 24 17.

118 3559 138 25 WASTE
290 3561 142 24 LANDS'
467 3562 82 25 ACT.

78 3615 65 31 [The
153 3616 139 31 importance
300 3618 26 23 of
338 3617 38 24 the
385 3618 88 30 subject
483 3617 41 25 has
533 3619 95 26 induced

43 3657 28 15 us
84 3654 23 18 to
119 3648 90 31 publish
222 3649 37 24 the
273 3650 46 24 last
330 3655 35 19 act
378 3652 25 22 of
419 3651 38 24 the
470 3652 104 30 Council,
592 3659 36 19 out

44 3682 25 23 of
85 3682 73 28 order,
174 3682 41 24 but
228 3682 37 24 the
282 3684 64 23 other
365 3685 148 31 proceedings
525 3686 46 23 will
590 3695 38 23 ap-

43 3723 55 23 pear
110 3716 23 22 in
146 3715 43 23 due
201 3723 79 17 course
292 3717 54 24 with
358 3718 45 23 this
414 3719 129 31 exception.
545 3731 34 5 —
579 3720 49 24 Ed.

48 3747 139 32 Wellington

71 3789 94 22 Present
171 3797 6 14 :
192 3788 38 23 the
241 3790 117 23 Governor
368 3792 46 22 and
423 3792 30 22 all
465 3793 37 22 the
512 3794 116 22 members.

71 3815 46 22 Mr.
132 3816 80 22 Brown
224 3817 118 26 agreeable
357 3821 23 19 to
390 3819 81 26 notice,
491 3820 45 22 laid
546 3828 29 14 on
592 3821 36 22 the

43 3841 61 23 table
119 3848 13 15 a
146 3842 88 28 specific
251 3843 132 23 Resolution
398 3845 100 23 founded
508 3854 59 23 upon
581 3848 47 22 that

43 3868 75 22 which
132 3868 37 22 the
181 3869 93 23 Council
289 3871 46 22 had
347 3872 81 27 agreed
443 3876 24 18 to
477 3880 28 15 on
520 3874 108 29 Saturday

43 3895 49 26 last,
104 3902 25 15 as
141 3902 28 16 an
181 3896 147 24 amendment
342 3906 28 15 on
381 3899 40 22 Dr.
440 3900 105 23 Martin's
560 3902 68 23 Reso-

43 3922 78 23 lution.

1900 125 108 20 Candles
2016 130 6 13 :
2030 122 96 26 English
2133 128 58 20 wax,
2197 128 43 20 per

2046 148 24 21 lb
2250 150 13 19 0
2291 150 14 19 2
2334 150 14 19 3
2368 163 17 6 ..
2404 151 14 20 0
2447 153 50 22 3g

2009 175 79 26 Sperm
2249 176 14 19 0
2293 176 9 19 1
2322 176 27 20 10
2367 189 18 6 ..
2404 178 15 19 O
2446 179 14 20 3
2485 183 12 19 o

2008 200 82 22 Mould
2248 202 13 19 0
2291 202 13 20 0
2333 203 14 19 6
2366 215 18 6 ..
2403 204 14 19 0
2446 205 14 20 0
2484 209 11 19 8

2010 228 58 26 Dips
2247 228 14 19 0
2290 229 14 20 0
2333 228 83 21 5..0
2444 231 15 20 O
2484 235 11 18 o

1899 256 94 22 Flour:
2003 252 133 28 lstquality,
2149 260 41 20 per
2194 256 40 17 ton

2022 280 27 22 of
2060 281 54 20 2000
2123 279 34 22 lbs
2230 279 25 21 15
2286 282 13 19 0
2329 282 14 19 0
2363 281 53 21 ..16
2446 285 14 19 0
2483 288 12 19 0

1998 307 48 22 2nd
2055 306 57 22 ditto
2247 307 13 19 0
2291 308 14 19 0
2333 308 52 20 0..
2404 308 15 20 0
2446 311 14 20 0
2483 315 12 18 0

1899 334 76 23 Flax:
1990 332 69 23 N.Z.
2069 339 40 21 per
2117 334 39 19 ton
2182 331 78 22 ....15
2291 334 14 19 0
2333 335 14 20 0
2366 346 19 7 ..
2403 335 14 19 O
2445 337 13 19 0
2483 340 12 19 o

1926 362 73 20 Do.—
2002 358 133 23 onboard—
2136 358 122 28 pressedl7
2288 360 14 20 0
2330 361 15 20 0
2365 373 18 7 ..
2402 361 14 19 0
2444 363 13 19 0
2482 367 11 18 c

1900 388 61 21 Gin:
1982 386 54 22 Pale
2054 386 24 21 in
2088 386 61 21 bond
2249 386 14 19 0
2291 386 14 20 3
2335 388 14 19 6
2367 399 18 7 ..
2404 387 14 20 0
2445 388 14 20 5
2483 393 12 19 6

1949 412 63 26 Case,
2020 414 15 19 4
2041 412 38 26 gal
2088 413 36 20 4-5
2134 412 24 21 in
2168 411 63 22 bond
2248 412 10 20 1
2290 414 14 19 0
2333 414 14 19 0
2366 426 18 7 ..
2404 413 12 19 1
2445 415 13 19 5
2484 420 11 17 o

1900 439 69 22 Hams
1976 446 6 14 :
1997 438 131 26 Yorkshire,
2143 445 41 20 per
2193 437 24 22 lb
2226 453 6 6 .
2248 440 14 19 0
2293 440 13 19 0
2335 439 14 20 5
2367 453 6 6 .
2380 453 5 6 .
2405 441 14 19 0
2446 442 14 19 0
2483 444 10 20 7

1982 465 29 21 N.
2024 465 27 21 Z.
2062 472 40 19 per
2112 465 22 21 lb
2249 466 13 20 0
2292 466 14 19 0
2335 466 14 20 0
2368 479 17 6 ..
2405 467 15 19 O
2447 468 13 19 0
2483 471 12 19 5

1900 492 128 22 Mustard:
2045 491 43 22 Per
2097 491 72 22 dozen
2183 505 46 6 ....
2250 493 13 19 0
2280 491 27 21 16
2335 493 15 20 0
2368 505 17 7 ..
2405 494 15 19 O
2435 493 25 21 18
2484 498 12 19 o

1900 519 103 22 Mutton
2011 525 4 14 :
2038 518 94 21 Carcase
2142 524 40 20 per
2191 517 24 21 lb
2227 533 6 5 .
2249 519 14 20 0
2292 520 14 19 0
2335 519 14 21 7
2367 532 6 6 .
2380 532 5 7 .
2404 520 16 19 O
2446 521 14 19 0
2483 524 12 19 9

1900 546 124 21 Muskets:
2040 544 94 21 Walnut
2141 543 94 22 stocked
2250 546 13 19 0
2279 545 26 21 15
2335 546 14 20 0
2368 559 17 6 ..
2406 546 11 19 1
2447 548 13 18 0
2485 551 11 19 o

1899 572 79 21 Milk:
1996 571 42 22 Per
2045 571 50 27 pint
2249 572 13 20 0
2291 573 14 19 0
2333 572 14 20 2
2367 585 18 7 ..
2404 573 14 19 0
2446 574 14 19 0
2483 577 11 19 3

1899 599 93 21 Maize:
2009 604 40 21 per
2060 596 80 22 bushel
2248 599 14 19 0
2291 599 14 20 3
2333 599 85 20 0..0
2446 600 14 19 3
2483 604 12 18 c

1900 626 43 21 Oil
1950 632 6 14 :
1973 623 106 25 Linseed,
2089 630 41 20 per
2138 623 77 26 gallon
2226 625 36 19 .0
2291 625 14 19 6
2333 626 14 19 6
2366 639 6 6 .
2379 639 5 6 .
2404 626 14 19 0
2445 625 13 21 7
2483 630 11 19 6

1974 650 79 27 Black,
2058 650 25 21 in
2088 649 176 28 cask,pertonlß
2293 652 14 20 0
2335 652 14 20 0
2367 652 51 20 ..20
2446 653 14 19 0
2483 657 11 18 o

2009 678 81 25 Sperm
2230 677 28 20 50
2288 678 12 19 0
2330 678 12 19 0
2363 678 50 21 ..75
2443 679 13 18 0
2481 682 10 17 0

1900 705 76 22 Pork:
1992 703 80 27 Fresh,
2090 709 89 15 carcase
2196 710 40 19 per

2016 730 24 22 lb
2248 731 13 19 0
2290 732 14 19 0
2332 733 14 19 0
2365 744 19 7 ..
2402 733 14 19 0
2444 733 14 20 0
2481 736 11 19 4

1900 759 76 21 Pork:
1993 756 69 27 Irish,
2072 762 40 21 per
2122 755 75 22 barrel
2210 769 19 7 ..
2249 757 13 19 0
2291 758 14 20 0
2333 759 14 19 0
2366 771 19 7 ..
2403 758 15 20 4
2433 759 25 20 10
2482 763 11 18 0

1980 783 61 22 N.Z
2247 783 13 20 2
2277 784 26 20 10
2331 785 14 20 0
2363 797 18 7 ..
2400 785 14 20 3
2443 786 13 20 0
2480 789 11 18 0

1900 812 132 21 Potatoes:
2054 809 57 22 New
2126 808 111 27 Zoaland,

2079 843 40 20 per
2128 839 39 18 ton
2182 849 47 7 ....
2248 836 15 20 4:
2292 838 13 20 0
2335 839 13 19 0
2366 851 5 6 .
2403 839 14 19 6
2444 840 14 19 0
2482 843 10 18 o

1900 865 94 22 Porter
2003 870 6 14 :
2039 863 104 26 Dunbar,
2156 862 24 22 in
2188 862 48 22 bot.

2070 896 39 21 per
2120 889 42 21 doz
2249 890 13 20 0
2291 891 14 19 9
2333 892 82 20 0..0
2443 893 13 19 0
2481 896 10 19 0

2009 916 87 27 Bryant
2106 915 46 21 and
2162 915 72 21 Davis
2249 917 14 19 0
2291 918 13 19 9
2333 919 14 19 0
2365 931 18 6 ..
2401 919 15 19 O
2443 920 14 19 0
2481 922 10 19 0

1900 945 99 21 Pickles
2010 950 6 14 :
2048 941 118 27 Assorted,
2197 949 42 20 per

2074 969 58 25 doz.,
2158 971 78 24 quarts
2250 971 14 19 0
2279 969 26 21 15
2333 971 14 20 0
2366 984 17 7 ..
2403 973 13 19 0
2432 972 25 21 17
2482 975 8 18 0

1901 997 72 22 Pitch
1987 1003 5 14 :
2025 995 141 26 Stockholm,
2197 1002 41 20 per

2049 1021 74 23 barrel
2249 1023 14 19 2
2291 1025 14 19 0
2333 1025 14 20 0
2364 1037 19 7 ..
2401 1026 14 20 0
2442 1027 13 19 0
2479 1029 12 18 0

1900 1051 81 21 Plank
1989 1056 5 14 :
2023 1049 57 21 Port
2102 1047 134 28 Nicholson,

2049 1083 40 20 per
2100 1077 40 20 100
2150 1075 47 21 feet
2211 1089 5 6 .
2224 1089 5 7 .
2250 1077 13 19 0
2292 1078 13 20 6
2333 1079 13 19 0
2365 1091 6 6 .
2378 1091 4 7 .
2401 1079 54 20 010
2479 1083 11 18 o

1900 1104 68 22 Rice:
1982 1103 111 21 Common
2103 1109 40 20 per
2150 1104 49 20 cwt.
2211 1117 19 6 ..
2250 1104 13 19 0
2279 1103 27 21 10
2334 1106 13 19 0
2366 1117 18 7 ..
2402 1107 14 18 0
2443 1108 13 18 0
2480 1110 10 17 o

1982 1129 67 22 Good
2249 1131 12 19 0
2278 1131 25 20 15
2334 1133 13 19 0
2366 1144 17 6 ..
2401 1133 14 19 0
2442 1134 48 20 0o

1900 1157 53 21 Rum
1961 1163 6 14 :
1985 1156 24 22 P.
2020 1157 27 21 B.
2060 1157 32 24 P.,
2108 1163 40 20 per
2158 1156 78 26 gallon

2021 1183 24 21 in
2061 1183 62 21 bond
2249 1185 14 19 0
2291 1185 14 20 4
2333 1185 12 20 3
2365 1197 17 7 ..
2401 1185 14 20 0
2443 1187 13 19 0
2479 1189 11 18 0

1900 1211 88 21 Sugar:
2008 1209 119 22 Mauritius
2138 1217 40 19 per
2186 1213 50 18 cwt.
2252 1212 14 18 0
2294 1213 14 19 0
2336 1213 49 19 0..
2419 1218 54 16 none

2008 1237 81 20 Brown
2105 1236 56 21 ditto
2180 1238 79 20 ....0
2289 1239 13 19 0
2330 1239 83 19 0..0
2441 1241 13 17 0
2478 1243 11 17 0

2009 1262 98 22 Refined
2123 1263 53 26 loaf,
2196 1270 41 20 per

2035 1289 23 21 lb
2249 1291 13 19 0
2291 1292 13 20 0
2333 1291 82 21 5..0
2443 1294 12 18 0
2479 1296 11 19 G

2011 1315 96 22 Manilla
2128 1323 39 20 per
2181 1320 49 18 cwt.
2249 1318 9 20 1
2289 1319 13 19 0
2331 1320 13 18 0
2363 1332 17 6 ..
2401 1319 10 19 1
2445 1321 8 18 1
2479 1323 11 18 (>

1900 1344 72 21 Salt:
1991 1343 126 27 Liverpool,
2129 1350 39 20 per
2178 1347 40 17 ton
2227 1343 35 21 .15
2291 1346 14 19 0
2333 1347 12 18 0
2365 1345 50 21 ..18
2443 1348 12 18 0
2479 1350 11 18 0

1900 1371 58 21 Soap
1968 1377 5 13 :
2004 1369 101 21 llawes's
2130 1370 104 26 London,

2027 1404 40 19 per
2074 1399 38 18 ton
2231 1398 29 19 40
2290 1399 13 19 0
2331 1400 14 19 0
2364 1412 17 6 ..
2400 1401 14 19 0
2442 1401 13 19 0
2481 1404 9 16 n

2020 1423 118 27 Liverpool
2232 1423 27 21 35
2290 1426 13 19 0
2332 1427 48 19 0..
2399 1427 14 19 0
2441 1428 12 19 0
2479 1431 11 18 0

1899 1451 105 21 Starch:
2020 1450 83 21 Perlb:
2123 1461 3 4 •
2248 1452 13 19 0
2291 1453 14 19 0
2331 1452 14 20 5
2364 1465 18 7 ..
2401 1454 14 19 0
2441 1455 14 19 0
2479 1457 11 18 0

1899 1478 144 21 Scantling:
2061 1477 41 21 Per
2110 1477 40 21 100
2161 1477 66 21 feet..
2249 1479 13 18 0
2291 1479 14 19 6
2333 1480 14 19 0
2365 1493 17 5 ..
2401 1481 15 19 O
2443 1482 12 18 8
2481 1485 8 16 [)

1900 1505 127 21 Shingles:
2046 1503 42 21 Per
2095 1505 61 25 1000,
2166 1504 29 21 N.
2204 1505 26 21 Z.
2248 1506 12 18 0
2291 1507 13 19 6
2333 1507 12 19 0
2364 1519 18 6 ..
2401 1508 14 18 0
2430 1507 25 20 10
2480 1513 8 15 n

2030 1530 72 27 Ditto,
2124 1530 28 22 V.
2163 1530 30 22 D.
2204 1531 27 21 L.
2248 1533 12 18 0
2291 1533 13 19 0
2333 1534 12 18 0
2364 1546 5 6 .
2377 1546 5 6 .
2401 1534 13 19 0
2430 1535 25 19 12
2477 1539 12 17 o

1899 1559 62 21 Tau:
1978 1557 55 21 Coal
2248 1559 10 18 1
2290 1561 13 18 0
2332 1561 13 18 0
2364 1573 18 6 ..
2403 1561 10 18 1
2443 1561 12 19 5
2479 1564 11 18 0

1982 1583 131 23 Stockholm
2248 1586 15 20 2
2292 1587 13 19 0
2333 1587 13 19 0
2365 1600 5 6 .
2378 1600 4 6 .
2402 1588 13 20 0
2443 1589 12 18 0
2479 1591 11 17 o

1899 1612 47 22 Tea
1956 1618 5 14 :
1972 1611 82 26 Hyson
2060 1610 56 27 skin,
2122 1618 39 19 per
2171 1611 64 22 chest
2249 1613 14 19 4
2291 1611 18 23 tiv
2333 1614 13 19 0
2365 1626 18 7 ..
2401 1615 14 19 6
2442 1615 13 20 G
2479 1618 11 18 0

1975 1638 95 26 Congou
2249 1640 12 20 8
2291 1641 14 19 0
2333 1641 12 20 0
2365 1640 48 21 ..13
2441 1643 14 19 0
2478 1644 10 19 0

1899 1666 106 21 Tobacco
2014 1672 4 14 :
2034 1664 142 27 Negrohead,
2196 1672 40 19 per

2060 1691 29 21 lb.
2104 1691 24 21 in
2145 1691 59 21 bond
2249 1694 13 18 0
2293 1695 9 19 1
2333 1695 49 20 G..
2401 1697 14 17 O
2444 1696 45 20 19

1900 1719 165 21 Turpentine:
2082 1719 42 20 Per
2129 1718 100 27 gallon..
2249 1721 13 19 0
2293 1721 12 21 7
2334 1722 13 20 G
2366 1735 18 5 ..
2403 1724 14 18 O
2444 1724 12 18 8
2479 1725 11 18 0

1900 1746 163 21 Whalebone:
2082 1745 42 21 Per
2133 1749 38 17 ton
2182 1760 6 5 .
2196 1760 5 6 .
2210 1760 5 5 .
2223 1761 5 5 .
2237 1747 40 21 100
2293 1749 13 19 0
2335 1750 12 19 0
2367 1749 63 20 ..120
2444 1751 13 18 0
2481 1752 9 18 0

1901 1773 82 21 Wine:
1999 1772 90 27 Sherry,
2100 1778 40 21 per
2149 1772 50 27 pipe
2211 1787 18 5 ..
2235 1775 27 19 20
2292 1776 13 19 0
2335 1776 12 19 0
2366 1776 51 19 ..-10
2443 1777 13 19 0
2481 1780 9 17 v

2010 1799 71 26 Ditto,
2096 1806 42 19 per
2152 1799 80 21 dozen.
2250 1801 8 19 1
2291 1803 13 19 0
2334 1803 13 19 0
2366 1815 16 6 ..
2401 1803 14 19 2
2443 1804 13 19 0
2481 1806 9 17 0

2011 1826 59 27 Port,
2081 1833 40 20 per
2131 1826 50 27 pipe
2208 1829 51 19 ..25
2290 1830 12 19 0
2331 1830 14 19 0
2364 1829 50 20 ..40
2441 1832 12 17 0
2478 1832 11 19 0

2078 1860 39 19 per
2128 1852 48 22 doz.
2208 1867 5 5 .
2222 1867 5 6 .
2248 1856 10 20 1
2290 1857 13 19 0
2332 1857 13 19 0
2363 1869 5 6 .
2377 1869 3 6 .
2399 1857 13 19 2
2441 1859 12 17 0
2478 1859 10 18 0

2009 1879 152 28 Champagne,
2176 1879 58 22 ditto
2249 1882 13 20 0
2291 1884 13 18 0
2333 1884 13 19 0
2364 1896 18 6 ..
2401 1884 13 19 0
2442 1885 12 18 C
2479 1886 11 17 0

2009 1907 75 21 Claret
2249 1910 13 18 0
2279 1910 27 19 10
2335 1910 13 19 0
2366 1922 17 7 ..
2403 1912 13 18 0
2443 1912 13 19 0
2481 1914 10 16 D

1902 1935 120 21 I'oultky:
2039 1933 79 26 Fowls,
2126 1940 40 20 per
2173 1934 61 26 pair.
2250 1936 13 20 0
2293 1938 13 18 IJ
2335 1938 13 18 G
2366 1949 18 7 ..
2403 1938 14 18 0
2443 1937 12 20 5
2481 1942 10 15 v

2035 1960 86 26 Ducks,
2132 1961 57 19 ditto
2211 1963 52 18 ..O
2292 1962 13 19 5
2334 1964 14 18 O
2366 1975 18 6 ..
2402 1965 14 17 O
2441 1965 14 17 S
2480 1967 12 16 0

2037 1986 80 27 Geese,
2129 1986 56 22 each
2210 2001 17 6 ..
2248 1990 13 18 0
2279 1989 24 19 10
2333 1990 12 19 0
2364 2002 18 6 ..
2401 1989 13 20 0
2429 1989 24 20 12
2481 1992 11 16 o

2035 2013 110 27 Turkeys,
2157 2013 56 22 each
2252 2015 6 20 1
2293 2016 12 20 0
2335 2017 12 19 0
2367 2029 5 5 .
2379 2029 5 6 .
2406 2016 9 20 1
2444 2018 11 18 5
2481 2020 10 17 0

2037 2040 103 26 Pig-cons,
2153 2041 81 26 (wild,)

2030 2070 7 6 *
2063 2074 39 19 per
2112 2067 49 26 pair
2249 2070 13 19 0
2291 2071 12 18 0
2333 2071 13 20 0
2366 2083 5 6 .
2378 2084 5 5 .
2403 2072 14 19 0
2444 2073 12 17 0
2480 2074 9 16 0

2036 2094 85 26 Ducks,
2131 2094 35 21 do.
2178 2094 52 22 do..
2250 2097 13 19 0
2292 2097 13 20 5
2334 2098 13 19 0
2366 2110 18 6 ..
2403 2099 14 19 0
2444 2100 13 17 0
2479 2101 11 15 1)

1902 2123 70 21 ISoGs:
1992 2123 42 20 Per
2046 2121 71 21 dozen
2251 2124 13 19 0
2295 2124 8 19 1
2335 2125 14 19 6
2367 2138 18 5 ..
2404 2126 13 18 0
2445 2127 46 18 On

1899 2151 77 20 Cows:
1993 2148 72 22 Milch
2237 2150 26 20 10
2292 2152 13 19 0
2334 2154 13 17 0
2366 2152 49 19 ..lo
2443 2155 13 16 O
2479 2156 11 15 o

1900 2177 96 21 Makes:
2013 2175 76 22 Brood
2236 2178 26 19 20
2291 2178 13 20 0
2333 2179 13 19 0
2366 2178 50 21 ..70
2443 2181 12 17 0
2479 2182 10 15 (>

1901 2204 115 20 Working
2034 2203 134 20 Bullocks:
2192 2203 45 20 Per

1924 2230 51 27 pair
2236 2231 29 20 30
2292 2232 14 19 0
2334 2233 13 20 0
2366 2245 5 6 .
2378 2246 5 5 .
2403 2233 13 19 0
2443 2234 12 19 0
2478 2235 10 17 0

1901 2257 62 22 Hire
1975 2263 26 14 or
2013 2263 80 14 ditto:
2111 2256 43 21 Per
2161 2257 52 26 day,
2223 2263 14 14 a

1926 2288 60 18 team
1997 2283 46 21 and
2051 2283 74 21 driver
2250 2286 14 19 0
2280 2286 25 19 15
2334 2287 13 20 0
2366 2300 18 5 ..
2402 2288 13 19 0
2443 2288 12 18 0
2477 2289 11 16 0

1899 2312 89 21 Sheep:
2006 2309 62 22 Each
2248 2312 14 20 0
2278 2312 26 20 15
2333 2314 14 20 0
2365 2327 17 6 ..
2404 2315 7 18 1
2477 2316 10 16 0

1900 2339 62 21 Boat
1975 2337 74 21 Hire:
2067 2337 41 21 Per
2114 2337 50 27 day,
2171 2337 65 22 with-

2093 2368 38 17 out
2142 2364 73 21 hands
2226 2367 36 19 .0
2279 2367 26 20 10
2333 2369 14 19 0
2366 2381 4 6 .
2378 2381 5 5 .
2404 2368 7 19 1
2443 2369 12 18 0
2478 2371 11 14 (>

1900 2392 85 22 Wares
1993 2399 5 14 :
2029 2390 140 27 Mechanics,
2197 2399 40 19 per

2063 2418 42 26 day
2251 2421 13 19 0
2293 2422 14 19 6
2335 2424 14 18 0
2367 2435 17 6 ..
2403 2423 14 19 0
2443 2423 12 19 S
2479 2424 11 17 0

2037 2444 127 23 Labourers
2183 2460 46 6 ....
2250 2448 13 19 0
2291 2448 14 20 3
2334 2450 13 18 0
2366 2462 5 6 .
2379 2462 4 5 .
2403 2450 13 19 0
2443 2450 12 19 5
2479 2451 11 18 0

1900 2474 66 21 Bark
1976 2480 4 13 :
1997 2472 30 21 N.
2039 2472 26 21 Z.
2077 2479 39 19 per
2126 2476 38 17 ton
2246 2474 12 20 3
2288 2476 14 19 0
2330 2477 13 18 0
2364 2490 5 5 .
2377 2489 4 6 .
2399 2477 14 19 4
2440 2477 12 19 0
2476 2477 11 18 0

1902 2501 76 20 Black
1990 2499 53 22 Dye
2052 2499 46 21 :N.
2109 2499 24 22 Z.
2143 2507 41 19 per
2191 2503 39 21 ton
2246 2500 13 21 5
2289 2503 13 19 0
2331 2504 13 19 0
2364 2516 16 5 ..
2400 2504 13 19 G
2441 2504 12 19 0
2478 2505 11 17 0

1900 2528 87 20 Wool:
2004 2526 29 25 N,
2046 2526 26 25 Z,.
2083 2533 39 20 per
2131 2526 23 21 lb
2246 2528 14 21 0
2289 2530 13 19 0
2331 2530 13 20 9
2364 2543 17 6 ..
2400 2531 13 20 0
2443 2530 8 19 1
2477 2531 11 21 Q

1898 2555 96 21 Timber
2001 2560 5 14 :
2033 2553 30 21 N.
2084 2553 26 21 Z.
2121 2553 115 22 furniture

1925 2587 41 21 per
1977 2582 40 19 100
2029 2580 45 21 feet
2248 2582 14 19 2
2291 2584 14 19 0
2333 2585 51 19 0..
2402 2584 13 20 2
2430 2585 24 19 10
2477 2585 11 18 0

1899 2608 112 22 Cordage
2020 2615 5 17 ;
2036 2606 93 26 English
2136 2615 39 19 per
2182 2611 51 18 cwt.
2248 2608 14 21 3
2290 2609 13 20 5
2333 2611 14 20 0
2366 2624 17 5 ..
2403 2612 13 19 0
2442 2613 13 18 0
2478 2613 11 18 0

2027 2634 62 21 N.Z.
2095 2634 96 22 without
2197 2638 37 20 tar
2247 2636 14 19 2
2290 2636 13 20 5
2332 2639 13 18 0
2366 2651 17 6 ..
2401 2638 13 20 3
2430 2638 24 20 10
2478 2639 11 18 0

1899 2662 120 21 Canvass:
2035 2669 41 19 per
2089 2661 48 22 bolt
2250 2663 54 20 115
2333 2665 83 20 0..2
2443 2664 11 20 5
2479 2666 11 18 0

1899 2690 106 21 Copper:
2022 2688 104 26 sheeting
2147 2696 40 19 per
2201 2688 30 22 lb.
2249 2691 14 19 0
2293 2691 9 20 1
2334 2692 13 20 G
2366 2704 17 7 ..
2402 2693 14 21 0
2443 2693 12 19 0
2478 2692 12 19 0

2020 2715 64 21 Bolts
2248 2718 15 19 0
2293 2718 9 19 1
2333 2719 50 19 9..
2402 2719 14 19 0
2442 2720 13 18 0
2478 2719 12 19 0

2018 2742 66 21 Nails
2249 2744 14 20 0
2291 2744 13 21 5
2333 2746 14 20 0
2366 2759 17 6 ..
2403 2746 13 19 0
2443 2746 12 19 6
2479 2746 10 19 0

1900 2770 80 21 Lead:
1997 2768 65 23 sheet
2070 2776 41 20 per
2121 2772 40 19 ton
2180 2771 81 20 ....30
2290 2772 13 20 0
2331 2773 14 19 0
2364 2771 49 22 ..35
2441 2773 13 19 0
2477 2773 11 18 0

1900 2797 61 21 Iron
1969 2803 6 14 :
1987 2796 96 26 English
2093 2796 40 22 bar
2144 2804 41 19 per
2195 2801 37 17 ton
2237 2798 27 20 14
2293 2799 13 19 0
2335 2800 14 19 0
2368 2813 16 6 ..
2403 2801 13 19 0
2442 2800 13 19 0
2477 2799 11 19 0

1983 2823 69 27 Hoop
2062 2831 39 19 per
2109 2827 38 18 ton
2232 2824 26 21 25
2290 2826 13 19 0
2330 2827 14 19 0
2364 2840 18 6 ..
2401 2827 13 19 0
2441 2827 11 19 0
2476 2826 10 22 Q

1901 2850 60 22 Oil'
1961 2850 76 22 Butts
2048 2857 4 14 :
2077 2850 115 22 Gordon's
2212 2858 27 14 or

2048 2876 71 22 Mills'
2126 2884 40 20 per
2176 2877 55 27 imp.

2048 2905 40 21 tun
2248 2905 14 21 3
2291 2907 14 22 0
2333 2908 14 20 0
2365 2920 19 11 
2401 2907 12 25 3.
2430 2906 23 21 15
2476 2907 9 20 0

2138 2937 125 22 DUTIES.

1900 2967 101 21 British
2013 2965 92 21 Spirits
2323 2968 33 21 ss.
2366 2975 40 20 per
2414 2966 68 28 gallon.

1901 2994 107 21 Foreign
2020 2991 57 22 ditto
2258 3006 7 11 
2272 3007 6 7 ,
2286 3007 19 9 .
2323 2994 34 22 ss.
2367 3002 38 20 per
2413 2994 69 27 gallon.

1900 3021 106 22 Tobacco
2016 3019 180 27 manufactured,
2326 3023 31 20 Is.
2366 3029 38 20 per
2413 3022 27 21 lb.

2016 3046 209 21 Unmanufactured
2323 3048 38 22 *)d.
2371 3055 39 21 per
2417 3048 27 21 lb.

1901 3076 75 21 Snuff
2323 3078 33 19 2s.
2366 3083 37 19 per
2411 3074 28 22 lb.

1901 3102 88 21 Cigars
2324 3104 33 19 2s.
2367 3109 38 21 per
2413 3102 28 21 lb.

1901 3129 83 21 Wines
2314 3130 28 21 20
2355 3136 38 21 per
2402 3131 52 20 cent.
2458 3128 5 11 1

1900 3156 51 25 Ale,
1963 3155 60 25 beer,
2035 3158 81 23 porter,
2128 3154 45 21 and
2182 3154 65 21 other
2259 3156 57 21 malt

1928 3182 91 26 liquors,
2312 3184 26 20 15
2350 3190 39 20 per
2399 3185 54 19 cent.

1901 3210 35 21 On
1946 3208 30 21 all
1992 3215 59 19 guns
2068 3215 23 14 or
2109 3215 104 19 weapons
2230 3208 27 21 of
2270 3216 45 20 any

1928 3235 144 27 description,
2090 3241 25 15 or
2129 3234 145 28 gunpowder,
2288 3244 26 14 or

1929 3269 46 19 any
1986 3262 111 21 munition
2110 3262 25 21 of
2143 3269 45 14 war
2319 3265 28 20 30
2356 3270 38 21 per
2402 3265 54 20 cent.

1902 3290 34 21 On
1947 3288 31 22 all
1988 3288 64 22 other
2070 3288 77 27 goods,
2162 3295 79 21 wares,
2258 3297 59 15 mer-

1928 3315 116 27 chandise,
2056 3315 44 22 and
2110 3319 111 24 property,
2233 3320 83 24 except

1927 3342 114 29 personal,,
2049 3342 107 28 baggage,
2176 3342 73 28 living
2265 3345 49 21 ani-

1928 3369 64 27 mals,
2007 3369 45 22 and
2062 3369 73 27 spesic
2332 3372 13 21 5
2356 3379 37 18 per
2402 3372 51 21 cent.

2107 3396 190 25 EXCHANGE.

1901 3436 129 26 B~*W.
2041 3444 29 16 on
2081 3438 95 24 London
2208 3422 273 58 {*••*£*&

1902 3480 34 21 On
1945 3478 94 28 Sydney
2330 3480 69 22 Ditto.

1902 3507 90 22 Private
2000 3506 55 21 bills
2305 3506 111 23 Nominal.

1921 3556 40 16 The
1973 3555 49 16 New
2032 3555 100 16 Zealand
2144 3554 95 17 Gazette
2246 3556 38 17 and
2296 3558 133 15 Wellington
2442 3554 39 16 SpW

1901 3580 65 14 Ti/ron
1972 3577 17 16 is
1996 3576 100 20 published
2107 3579 57 17 every
2168 3576 125 22 Wednesday.
2314 3577 97 22 Subjoined
2420 3579 28 13 are
2457 3572 24 17 the

1901 3600 67 15 terras:
1969 3605 23 4 —

1921 3620 65 16 Price
1993 3622 25 12 of
2025 3621 42 12 the
2073 3617 76 16 Paper.
2149 3625 21 4 —
2171 3617 57 22 Forty
2232 3619 88 22 shillings
2326 3624 33 17 per
2369 3620 70 16 annum,
2448 3618 34 18 pay-

1901 3641 40 16 able
1947 3639 21 16 in
1975 3639 83 16 advance
2063 3643 4 14 ;
2078 3642 20 12 or
2103 3641 35 13 one
2145 3638 77 22 shilling
2228 3640 29 16 for
2263 3640 61 21 single
2331 3641 91 16 numbers.

1922 3660 31 18 All
1958 3659 69 19 orders,
2037 3659 162 21 advertisements,
2209 3661 39 17 and
2258 3661 161 18 communications
2429 3660 17 14 to
2457 3656 22 17 the

1902 3682 70 17 Editor,
1977 3684 32 12 are
2015 3680 99 20 requested
2119 3681 19 16 to
2145 3681 22 16 be
2173 3681 102 18 addressed
2281 3684 19 16 to
2307 3683 38 17 this
2352 3682 60 17 Office.

1921 3700 161 20 Advertisements
2088 3700 38 17 will
2131 3702 34 16 not
2170 3706 70 17 appear
2248 3703 21 17 In
2280 3704 33 17 the
2322 3706 78 16 ensuing
2410 3699 66 19 numtet

1901 3724 17 17 if
1926 3721 84 19 received
2015 3721 50 17 later
2070 3722 46 17 than
2127 3723 21 16 10
2154 3722 76 20 o'clock,
2238 3728 50 17 a.m.,
2295 3730 24 12 on
2326 3725 32 16 the
2365 3722 85 19 mornings
2458 3720 23 15 be-

1900 3745 38 16 fore
1951 3742 125 21 publication.
2094 3743 163 18 Advertisements
2270 3746 40 17 will
2319 3747 23 16 be
2352 3742 94 19 continued
2451 3740 28 16 ami

1901 3763 78 21 charged
1990 3763 52 17 until
2049 3765 162 17 counter-ordered
2216 3771 5 15 ;
2231 3767 48 16 such
2285 3767 53 17 order
2343 3766 50 17 must
2398 3766 22 15 be
2425 3762 37 18 sent
2467 3761 13 14 to

1901 3787 32 16 the
1941 3785 56 16 Office
2009 3786 38 15 two
2066 3785 44 21 days
2129 3786 62 17 before
2201 3787 122 21 publication,
2335 3787 37 17 and
2380 3786 49 17 must
2437 3784 20 16 be
2465 3784 14 13 in

1900 3807 80 19 writing.
2004 3805 160 19 Advertisements
2176 3808 87 16 received
2281 3809 54 17 after
2352 3809 21 17 10
2386 3805 63 18 o'clock

1900 3827 66 20 Friday
1978 3827 98 21 mornings
2086 3828 40 17 will
2135 3829 24 16 be
2170 3829 82 21 charged
2263 3830 55 17 twice
2328 3827 83 19 theusual
2416 3826 47 17 rates.

1275 3279 220 28 WHOLESALE
1526 3285 128 24 PRICES
1689 3287 180 27 CURRENT.

1372 3321 135 16 CORRECTED
1523 3323 31 15 UP
1568 3324 29 15 TO
1613 3325 55 14 LAST
1686 3326 82 15 NIGHT.

1618 3345 16 16 £
1656 3349 16 12 s.
1698 3346 17 15 d.
1773 3346 17 17 £
1813 3351 15 12 s.
1855 3349 10 16 d

1275 3365 50 22 Ale
1333 3372 4 15 :
1351 3373 41 20 per
1402 3366 49 23 hhd
1623 3372 13 19 0
1663 3372 14 19 0
1705 3373 50 20 0..
1776 3375 14 19 0
1818 3375 14 20 0
1859 3365 13 33 6

1451 3401 40 20 per
1495 3396 104 21 barrel..
1620 3399 12 20 0
1662 3400 13 18 0
1703 3400 14 19 0
1736 3413 19 6 ..
1775 3402 14 20 0
1817 3402 15 20 0
1860 3405 12 19 0

1451 3429 40 18 per
1501 3422 42 22 doz
1623 3425 50 20 011
1706 3426 13 20 0
1737 3440 19 6 ..
1775 3429 56 20 013
1859 3432 11 20 0

1352 3447 31 22 N.
1395 3448 26 21 Z.
1434 3455 40 19 per
1483 3449 79 27 gallon
1583 3465 5 5 .
1596 3465 5 6 .
1622 3453 13 20 0
1662 3452 13 20 2
1704 3453 13 20 0
1737 3468 6 5 .
1751 3467 6 7 .
1775 3456 14 20 0
1817 3456 15 20 0
1859 3459 13 19 0

1274 3474 97 23 Arrack
1381 3483 6 13 :
1403 3476 44 21 Per
1456 3477 45 25 gal.
1510 3476 26 22 in
1547 3476 62 23 bond
1624 3480 13 20 0
1666 3480 10 19 1
1706 3481 14 19 6
1737 3495 6 6 .
1750 3495 6 5 .
1775 3483 14 20 0
1816 3485 15 19 2
1860 3486 12 20 6

1274 3502 76 22 Bread
1360 3509 6 14 :
1383 3502 44 21 Per
1435 3502 46 24 21b.
1492 3504 53 21 loaf
1558 3507 79 21 ....0
1663 3507 16 21 4
1707 3509 12 23 0
1737 3522 6 6 •
1750 3522 6 6 •
1775 3511 15 19 0
1817 3513 14 19 0
1859 3513 13 20 0

1274 3530 72 21 Beef:
1362 3528 80 28 Fresh,
1461 3537 92 16 carcase
1569 3539 42 20 per

1380 3583 13 4 _
1388 3556 25 22 lb
1414 3572 6 6 -
1508 3573 7 17 ;
1618 3561 14 20 0
1660 3561 12 19 0
1702 3563 12 20 8
1735 3577 19 6 ..
1774 3565 15 19 O
1816 3566 14 20 0
1846 3566 23 21 11

1379 3584 56 26 Salt,
1446 3591 40 20 per
1500 3588 71 20 tierce
1585 3589 92 21 ..110
1705 3591 13 19 0
1736 3604 6 6 .
1750 3604 5 6 .
1774 3592 15 20 3
1816 3593 15 21 0
1858 3595 12 19 0

1275 3612 103 21 Butter:
1397 3610 67 28 Irish,
1474 3613 82 27 perlb.
1581 3616 53 20 ..0
1662 3617 13 19 0
1703 3617 14 20 9
1736 3631 18 6 ..
1773 3619 15 20 0
1818 3620 9 20 1
1860 3622 12 19 0

1393 3638 72 22 Fresh
1623 3644 14 19 0
1665 3643 10 21 1
1705 3645 14 19 6
1738 3658 19 6 ..
1776 3647 14 19 0
1818 3648 14 19 0
1860 3648 12 20 0

1274 3665 80 22 Brand
1359 3672 11 15 if
1378 3673 5 13 :
1401 3664 60 23 First
1467 3667 95 27 quality,
1570 3675 42 20 per

1421 3692 78 27 gallon
1508 3694 25 21 in
1543 3695 64 21 bond
1621 3698 13 19 0
1662 3697 13 20 5
1705 3699 12 20 0
1736 3713 19 6 ..
1775 3702 14 18 0
1818 3700 13 21 7
1859 3702 13 20 6

1275 3719 82 22 Brown
1378 3719 89 22 Stout:
1491 3728 42 20 per
1547 3721 55 23 hhd.
1618 3723 14 20 5
1660 3725 14 19 0
1702 3727 13 19 0
1734 3740 19 7 ..
1775 3728 56 21 610
1860 3730 11 19 0

1274 3747 99 21 Cioars:
1386 3746 106 28 Manilla,
1500 3754 41 20 per
1547 3750 64 25 1000,

1420 3773 26 21 in
1456 3773 61 23 bond
1622 3779 13 19 2
1663 3779 14 20 0
1705 3781 13 19 0
1736 3794 19 6 ..
1775 3782 14 20 3
1818 3783 14 20 0
1860 3784 11 19 0

1380 3800 222 27 GhmsurahperlOO
1625 3805 10 19 1
1665 3807 15 19 O
1708 3808 13 19 0
1738 3821 19 6 ..
1776 3810 14 19 0
1818 3810 14 19 O
1860 3811 12 20 0

1272 3828 87 22 Coffee
1367 3834 6 14 :
1385 3827 66 27 Java,
1461 3834 41 20 per
1510 3829 24 22 lb
1622 3833 13 20 0
1663 3834 15 19 O
1705 3834 14 21 6
1737 3848 6 6 .
1750 3848 7 6 .
1775 3836 14 20 0
1817 3837 15 19 O
1858 3838 12 19 6

1272 3857 89 20 Cheese
1369 3862 5 14 :
1391 3855 109 22 Cheshire
1622 3861 13 19 0
1664 3860 10 20 1
1703 3862 86 21 4..0
1818 3864 10 19 1
1859 3864 13 21 0

1388 3882 58 22 Pine
1457 3882 76 29 Apple
1555 3888 80 20 ....0
1664 3888 11 20 1
1704 3888 85 21 2..0
1816 3891 15 19 O
1859 3892 12 19 0

1390 3909 78 23 Dutch
1622 3916 13 19 o
1663 3916 14 19 0
1706 3916 12 19 8
1736 3929 20 6 ..
1775 3917 15 19 O
1816 3918 15 19 O
1846 3917 26 21 10

1380 3936 29 22 N.
1421 3937 28 21 Z.
1460 3944 41 20 per
1511 3938 24 22 lb
1621 3942 14 19 0
1663 3942 10 19 1
1703 3943 14 19 6
1736 3956 6 6 .
1749 3956 6 6 .
1775 3944 15 19 0
1817 3945 15 19 O
1859 3945 12 20 0
