2356 3782
0 10 2324 125 THE

0 135 581 124 OXFORD
678 135 290 124 AND
1065 135 387 124 COST
1549 135 775 124 OBSERVER

536 260 175 56 AND
784 259 565 57 CANTERBURY
1417 259 378 63 LIBERAL,

624 336 501 42 CIRCULATING-
1170 340 495 38 THROUGHOUT.

0 432 683 52 NORTH
820 432 1504 52 CANTERBURY.

1006 515 219 29 Established
1268 513 87 31 1889.

6 630 64 31 Vol
121 631 58 28 3—
179 630 58 30 No.
281 629 81 38 lao.]

695 632 103 31 EAST
829 632 178 34 OXFORD,
1031 628 233 37 SATURDAY,
1312 625 248 31 SEPTEMBER
1601 625 27 31 3,
1667 624 74 28 ]BQ2

1907 622 130 29 Price—
2039 623 81 30 ONE
2156 624 142 30 PENNY

1815 759 64 44 M.
1949 760 386 51 SANDSTEDT

1820 824 88 51 HAS
1932 832 45 14 now
1992 828 72 21 moved
2079 829 46 20 into
2140 830 33 20 his
2189 831 64 20 NEW
2271 832 54 20 PRE

1900 852 90 25 MISES,
2009 860 27 14 on
2055 855 35 20 the
2106 856 42 20 Site
2166 857 67 20 which
2250 858 27 19 he
2294 859 39 19 has

1813 878 96 24 occupied
1919 879 74 25 during
2003 880 35 19 tho
2053 882 47 24 past
2109 883 144 25 twenty-seven
2267 890 66 19 years,

1813 903 41 20 and
1872 906 77 24 opened
1966 906 33 20 his
2018 906 67 22 NEW
2107 908 92 26 STOCK,
2218 911 115 26 purchased

1811 929 58 21 when
1879 937 27 14 on
1916 932 33 20 his
1959 932 48 21 visit
2020 937 21 16 to
2050 934 88 26 Europe.

1838 962 161 25 Arrangements
2006 964 76 26 Imving
2088 965 49 21 been
2147 968 60 20 made
2216 969 31 18 for
2253 969 80 24 regular

1813 987 96 27 Monthly
1924 989 121 25 Shipments
2060 993 22 18 of
2102 992 48 20 New
2166 993 74 23 Goods,
2253 995 25 19 he
2294 995 38 19 has

1813 1014 83 21 marked
1913 1015 35 21 the
2044 1018 21 19 at
2079 1018 51 20 such
2145 1024 20 19 pi
2170 1019 40 20 ices
2223 1025 23 15 as
2255 1026 77 14 canno.

1811 1040 37 19 fail
1859 1042 21 17 to
1890 1047 69 14 secure
1974 1049 11 12 a
1994 1043 59 23 quick
2070 1043 48 21 sale.
2159 1045 44 19 The
2211 1047 76 24 capital
2297 1047 36 19 in-

1813 1066 66 20 vested
1891 1069 55 18 must
1956 1068 24 19 'ie
1990 1071 102 24 promptly
2103 1071 72 20 turned
2184 1077 53 16 over.

1839 1097 32 19 He
1893 1098 39 20 has
1954 1100 94 24 pleasure
2069 1101 23 19 m
2111 1102 99 25 directing
2229 1104 104 19 fitfceniioa

1812 1123 97 26 specially
1926 1126 20 18 lo
1963 1125 35 20 the
2013 1126 150 26 DIAMONDS,
2179 1129 55 20 loose
2244 1130 41 20 and
2297 1132 36 22 set,

1811 1149 41 20 and
1862 1151 58 19 oilier
1929 1152 95 20 Precious
2034 1153 80 21 Stones.

1838 1181 166 22 WATCWSS.—
2009 1184 32 25 By
2050 1185 76 25 special
2142 1188 144 24 arrangement
2306 1188 26 21 he

1812 1209 16 18 is
1845 1209 85 20 enabled
1948 1211 20 19 lo
1978 1210 44 25 give
2039 1211 35 20 the
2085 1212 43 19 best
2143 1214 60 19 value
2212 1214 21 19 m
2244 1216 88 22 genuine

1810 1234 156 25 English-made
1977 1237 64 20 Silver
2057 1238 41 20 and
2107 1239 54 19 Gold
2172 1240 95 21 Watches
2282 1242 50 21 that

1810 1260 38 21 has
1858 1267 46 15 ever
1912 1263 57 20 been-
2002 1264 46 20 ered
2057 1271 22 14 m
2090 1264 42 21 this
2142 1266 84 26 Colony.

1836 1292 85 26 Having
1930 1294 73 25 family
2019 1296 132 20 connections
2162 1298 50 20 with
2222 1298 57 20 Paris
2290 1306 43 14 ana

1810 1318 87 21 London
1912 1321 106 20 Diamond
2034 1322 42 20 and
2086 1322 106 26 Jewellery
2208 1325 118 21 Merchants

1809 1345 68 25 places
1895 1346 44 21 him
1958 1346 21 21 m
1999 1354 13 13 a
2029 1349 91 24 position
2137 1351 21 19 to
2177 1351 37 19 sell
2233 1351 34 20 the
2285 1353 46 20 foe*t

1809 1372 81 20 articles
1900 1374 22 19 at
1932 1380 12 13 a
1953 1376 120 19 reasonable
2085 1376 62 26 price.
2189 1377 44 21 The
2241 1378 68 20 Jobbii
2318 1386 13 17 g

1810 1398 40 18 and
1860 1399 169 25 Manufacturing
2037 1401 18 18 is
2071 1403 78 18 carried
2166 1404 35 19 out
2218 1404 65 20 under
2297 1405 6 20 1
2312 1405 19 21 is

1809 1430 44 13 own
1863 1426 128 25 supervision
2001 1429 22 18 at
2030 1427 34 20 the
2071 1428 78 21 Lowest
2157 1430 67 20 Prices
2232 1430 100 23 Possible.

1837 1477 28 20 M.
1878 1478 155 21 SANDSTEIN
2043 1480 38 20 has
2097 1483 109 23 appointed
2217 1483 42 20 Mb.
2267 1484 25 20 E.
2302 1485 28 20 H.

1809 1503 78 21 Parish
1903 1511 23 14 as
1942 1505 33 20 his
1991 1506 76 21 Oxford
2081 1508 100 25 AGENT,
2196 1510 45 20 who
2257 1511 42 20 will
2308 1517 12 15 a

1809 1536 41 18 any
1860 1530 50 21 time
1919 1537 91 20 procure,
2024 1539 27 14 on
2067 1535 143 27 approbation,
2229 1537 103 25 Watches,

1810 1556 78 25 Clocks,
1898 1558 42 20 and
1949 1559 111 25 Jewellery,
2070 1561 32 19 for
2118 1561 34 20 his
2165 1563 77 20 Oxford
2257 1564 73 20 clients

1813 1584 21 18 to
1845 1584 61 20 select
1919 1585 61 23 from,
1991 1587 22 18 at
2024 1586 34 19 the
2076 1593 57 14 same
2143 1589 55 24 price
2213 1596 23 14 as
2243 1590 90 26 charged

1806 1611 22 18 at
1839 1610 34 20 the
1884 1611 146 21 Christchurch
2041 1614 172 23 Establishment.

1850 1663 55 40 M,
1949 1664 337 51 SANDSTEIN,

1954 1717 106 21 OASHEL
2073 1718 114 26 STEEET,

1897 1751 344 31 CHRISTCHUBCH.

1811 1834 74 55 A.
1905 1835 78 55 B.
2012 1836 313 62 Hawaii

1925 1905 283 40 SADDLER

2034 1958 58 20 AND

1804 1992 270 41 HARDWARE
2095 1995 220 42 IMPORTER

1942 2034 90 24 HIGH
2052 2036 139 30 STREET,

1885 2067 49 55 O
1971 2068 141 55 US
2150 2072 90 52 T.

1811 2135 95 50 BEGS
1916 2138 21 18 to
1952 2136 66 20 thank
2029 2138 34 20 the
2076 2138 133 22 inhabitants
2224 2141 23 20 of
2261 2141 67 21 North

1880 2162 128 26 Canterbury
2024 2164 33 19 for
2071 2165 35 20 the
2123 2165 75 21 libeial
2216 2169 111 24 patronage

1805 2188 89 20 received
1914 2188 75 25 during
2013 2190 35 20 the
2070 2192 47 24 past
2142 2195 35 17 ten
2198 2200 66 19 years,
2286 2195 42 20 and

1805 2212 75 22 desires
1890 2216 21 18 to
1919 2215 39 20 call
1969 2216 104 21 attention
2084 2220 22 17 to
2115 2218 33 20 his
2158 2221 71 19 varied
2238 2221 58 19 stock
2304 2223 23 19 of

1831 2240 152 25 SADDLERY,
1999 2244 40 23 &c,
2053 2244 68 21 which
2130 2246 18 19 is
2158 2246 60 26 being
2228 2247 74 21 offered

1973 2270 22 19 at
2003 2270 82 21 Lowest
2093 2271 75 21 Prices.

1806 2319 131 32 Subjoined
1948 2330 40 16 are
2000 2331 14 15 a
2025 2324 102 23 number
2135 2324 26 24 of
2166 2326 95 24 articles
2269 2326 57 32 kept

1987 2354 27 24 m
2026 2355 68 25 stock
2104 2365 5 15 :
2111 2372 33 2 —

1836 2395 121 26 Harness.
1958 2411 33 4 —
1993 2397 58 29 Cab,
2074 2399 55 31 Dog
2152 2400 66 30 Cart,
2241 2402 86 32 Buggy

1804 2428 88 32 (plated
1926 2430 49 25 and
2008 2430 66 26 brass
2102 2432 137 36 furniture),
2271 2435 54 32 Gig,

1805 2461 80 30 Shaft,
1898 2462 117 32 Leading,
2028 2465 48 24 and
2089 2466 105 32 Plough.

1837 2494 101 26 Chains.
1941 2510 32 4 —
1974 2496 107 33 Leading
2102 2498 90 26 Chains
2212 2501 63 24 from
2297 2504 31 23 6s

1803 2527 45 29 6d;
1867 2528 95 32 Plough
1971 2529 99 30 Chains,
2079 2531 63 25 from
2153 2534 28 23 3s
2190 2534 43 29 6d;
2251 2534 67 25 Back

1801 2560 60 30 Tug,
1874 2561 49 24 and
1934 2562 55 30 Dog
2001 2562 99 26 Chains.

1837 2593 117 25 Saddles.
1972 2609 33 4 —
2022 2595 167 27 Gentlemen's
2220 2599 106 29 Saddles,

1803 2625 132 30 froin£i>;
1959 2627 96 26 Ladies'
2078 2629 109 30 Saddles,
2204 2634 25 22 at
2246 2632 81 25 Prices

1801 2660 26 21 to
1839 2658 49 24 suit
1898 2659 34 23 all
1944 2663 137 22 customers.

1835 2689 121 27 Belting.
1969 2706 32 3 —
2019 2693 54 24 Mill
2097 2696 49 22 and
2170 2696 160 26 Chafl-cutter

1806 2722 66 25 Belts
1884 2724 28 26 of.
1919 2733 47 23 any
1977 2725 86 32 length
2075 2727 49 24 and
2139 2729 80 25 widfch.

1838 2757 86 24 House
1933 2757 146 27 Medicines.
2081 2774 33 4 —
2116 2760 130 27 Elliman's
2254 2762 75 33 Royal

1798 2789 187 30 .Embrocation,
2006 2792 100 24 Cottie's
2128 2794 111 26 Colonial
2258 2795 69 30 Cure,

1804 2822 91 31 Fryer's
1905 2823 107 30 Balsam,
2020 2825 86 25 Worm
2117 2826 122 31 Powders,
2251 2828 78 26 Sweet

1804 2855 75 29 Nitre,
1905 2856 117 30 Stevens',
2047 2858 99 29 James',
2166 2861 49 24 and
2238 2860 90 26 Slesin-

1802 2890 60 29 gers'
1876 2888 19 23 B
1899 2888 66 25 lister
1966 2889 59 31 ing.3.

1836 2921 113 31 Carriage
1978 2922 100 32 Lamps,
2116 2924 98 33 Whips,
2244 2926 84 33 Spurs,

1804 2953 160 31 Breaking-in
1983 2955 72 28 Gear,
2077 2957 54 23 Soft
2154 2958 72 32 Soap,
2252 2960 78 32 Lamp

1806 2985 81 29 Black,
1902 2987 79 29 Sheep
1994 2988 82 28 Skins,
2091 2989 61 24 Sack
2164 2991 88 29 Twine,
2265 2992 63 32 Leg-

1803 3017 78 32 gings,
1895 3018 168 32 Currycomb*,
2083 3021 57 25 Iron
2151 3023 49 25 and
2220 3024 110 27 Wooden

1805 3051 98 30 Hames,
1917 3053 42 24 &c.

1837 3084 77 25 Rope.
1916 3100 33 3 —
1949 3086 110 29 Manilla,
2083 3088 91 32 Hemp,
2198 3091 48 24 and
2268 3091 63 26 Flax

1805 3116 26 25 of
1850 3117 33 24 all
1893 3135 2 3 •
1909 3119 61 23 sizes
1999 3119 118 32 (English
2145 3122 49 25 and
2222 3124 110 27 Colonial

1806 3150 187 33 manufacture).
2048 3154 160 34 /Tarpaulins,
2249 3157 80 30 Tents,

1806 3183 91 25 Binder
1924 3185 107 30 Aprons,
2060 3187 135 31 Elevators,
2224 3190 106 28 Butters,

1807 3216 149 32 Polestraps,
1969 3217 92 32 Riding
2072 3220 97 25 Bridles
2175 3222 102 32 (Snaffle
2283 3226 47 23 and

1812 3249 128 33 Pelhans),
1952 3250 62 24 from
2027 3253 58 24 fisGd
2099 3256 24 21 to
2136 3255 46 24 12s
2196 3256 37 25 Od.

1845 3281 104 26 On,s.—
1949 3282 21 24 A
1981 3283 67 31 largo
2059 3287 113 31 quantity
2180 3289 25 23 of
2217 3289 113 26 Machine

1808 3313 52 25 Oils
1871 3317 26 21 at
1920 3315 173 27 Christchurcli
2102 3319 84 30 prices,
2206 3322 125 33 including

1807 3347 58 24 Raw
1877 3348 49 24 and
1937 3349 86 24 Boiled
2030 3350 113 30 Linseed,
2156 3353 90 29 Castor,
2255 3345 74 35 Lard°

1808 3378 95 26 Golden
1921 3381 151 34 Machinery,
2091 3383 135 33 Volvolmo,
2238 3399 2 2 •
2248 3388 80 30 OJza,

1806 3413 47 24 and
1864 3413 132 26 Neatsfoot.

1810 3472 165 26 Second-hand
2001 3476 99 26 Saddles
2129 3479 85 33 hougU
2241 3490 27 16 or
2293 3491 39 16 ex-

1954 3509 156 33 changed/or
2128 3521 57 15 new.

1886 3549 168 22 HOBSEHAIR
2075 3553 177 25 PUECHASED.

1810 3600 78 31 Agent
1907 3602 37 25 for
1961 3604 40 23 the
2019 3604 123 29 Lyttelton
2161 3609 80 24 Times
2262 3610 71 24 Com-

1810 3641 70 23 pany.
1915 3634 88 24 Orders
2014 3634 70 25 taken
2099 3636 38 24 for
2147 3640 49 23 and
2208 3641 125 33 Subscrip-

1809 3667 65 23 tions
1885 3667 107 23 received
2003 3674 31 16 on
2041 3672 103 22 account
2156 3672 28 24 of
2193 3676 5 10 '
2212 3674 121 31 Lyttelton

1797 3698 148 38 jTimes.'jjg'
1956 3698 149 35 Canterbury
2147 3703 98 32 Times,'
2287 3709 47 24 and

1797 3731 8 23 ft
1812 3731 64 24 Star.
1886 3733 17 30 %

1240 795 177 46 JOHN
1482 793 282 54 INGRAM,

1241 882 57 22 HAS
1311 883 56 21 FOR
1380 882 69 22 SALE
1465 883 37 20 BY
1517 882 120 21 PRIVATE
1650 881 115 21 TREATY.

1346 1028 31 21 On
1388 1030 87 19 ueeourt
1485 1029 21 20 of
1515 1028 35 21 Mr
1559 1028 67 20 Johns
1631 1035 30 13 m.

1242 1092 58 25 Shop
1306 1092 42 20 and
1362 1093 100 26 dwelling,
1473 1093 96 24 fronting
1578 1092 36 21 the
1624 1091 57 21 Main
1696 1090 64 21 Road,

1243 1119 94 24 opposite
1346 1120 90 20 Pearson
1457 1120 56 21 Park
1536 1125 27 14 on
1582 1119 45 20 half
1636 1124 26 14 an
1742 1117 21 19 of

1241 1144 57 21 land.

1242 1310 55 21 That
1315 1313 129 20 two-storied
1461 1313 98 25 Building
1577 1319 27 14 on
1623 1313 35 20 the
1674 1311 92 23 Terrace,

1243 1338 94 26 opposite
1348 1339 42 20 Mrs
1400 1339 77 21 Leurs'.

1336 1443 31 20 On
1378 1445 87 19 account
1475 1445 21 20 of
1506 1445 33 20 Mr
1555 1445 27 20 H.
1593 1445 78 20 Eeabn.

1242 1489 38 20 His
1289 1496 49 21 very
1353 1489 97 28 compact
1477 1494 54 20 little
1541 1493 97 27 Property
1656 1492 22 20 m
1697 1492 68 25 Queen

1241 1516 71 25 Street,
1323 1519 121 26 containing
1452 1520 64 21 about
1524 1520 27 26 4\
1560 1521 60 19 Acres
1630 1520 21 19 of
1658 1518 44 21 rich
1709 1519 56 21 land,

1242 1544 120 21 subdivided
1373 1546 46 20 into
1428 1548 78 19 several
1516 1548 61 19 small
1587 1546 110 26 paddocks,
1715 1545 49 20 with

1242 1570 52 23 good
1311 1571 72 21 House
1400 1572 94 26 thereon;
1512 1574 57 19 brick
1586 1574 52 19 well.
1661 1572 50 20 Cost
1730 1572 34 20 the

1242 1602 68 14 owner
1319 1599 60 20 £250.
1407 1599 48 20 Will
1467 1600 24 19 be
1500 1600 44 20 sold
1555 1602 21 17 at
1586 1606 12 14 a
1608 1606 47 19 very
1665 1598 99 21 consider-

1238 1622 45 21 ab'o
1292 1624 105 21 reduction
1408 1632 26 14 on
1444 1627 68 21 above
1522 1628 59 24 price.

1325 1780 31 20 On
1370 1783 87 21 account
1471 1783 23 21 of
1504 1784 33 21 Mr
1555 1784 31 21 W.
1602 1785 81 21 Neithe.

1274 1832 41 22 His
1329 1840 51 20 very
1398 1839 95 24 compact
1508 1839 58 21 little
1584 1839 92 27 grazing
1692 1839 70 24 Farm,

1240 1867 124 27 containing
1381 1870 26 20 40
1424 1877 65 19 acres,
1508 1872 59 22 with,
1576 1873 55 25 good
1649 1874 12 20 6
1678 1872 83 22 roomed

1256 1899 86 27 welling
1351 1901 65 21 house
1425 1903 73 27 nearly
1509 1910 51 17 new,
1571 1905 66 21 stable
1647 1905 42 21 and
1703 1912 7 12 t
1714 1905 46 22 bed.

1262 1936 55 16 acres
1328 1934 88 25 stumps,
1430 1935 26 29 |n
1480 1936 104 26 ploughed
1595 1939 48 24 part
1653 1938 23 20 of
1693 1938 67 21 which

1238 1961 28 24 is]
1271 1962 21 20 in
1309 1963 51 21 fruit
1374 1966 61 20 trees.

1266 1994 44 22 The
1320 1999 96 23 property
1425 1998 19 21 is
1453 2000 68 25 nicely
1535 2000 93 21 situated
1638 2002 24 20 at
1671 2002 36 20 the
1716 2002 44 21 foot

1238 2028 24 21 of
1271 2030 35 19 the
1315 2030 47 26 Bey
1370 2031 67 26 Road,
1449 2033 54 21 East
1511 2034 84 24 Oxford,
1604 2036 55 25 price
1669 2037 64 20 .£360.

1452 2242 54 21 Also
1506 2255 28 3 —

1314 2293 31 21 On
1357 2296 87 20 account
1454 2296 21 20 of
1484 2297 33 20 Mr
1525 2297 58 20 John
1591 2298 87 22 Fisheb.

1234 2328 42 20 Jlis
1287 2330 94 20 valuable
1391 2331 63 21 Stone
1464 2334 80 23 Quarry
1553 2336 22 17 at
1584 2335 55 19 View
1650 2336 49 21 Hill,
1710 2343 47 12 con-

1234 2354 84 27 taining
1329 2356 35 21 tbe
1374 2357 43 20 best
1428 2358 91 25 building
1527 2361 61 21 .stone
1597 2361 22 19 m
1629 2362 128 26 Canterbury

1235 2381 49 20 with
1294 2384 26 18 20
1330 2383 61 20 Acres
1402 2385 21 19 of
1431 2385 60 21 Land
1501 2393 26 13 on
1546 2387 67 21 which
1633 2388 56 21 there
1707 2390 18 19 is
1745 2395 12 15 a

1234 2414 56 14 scam
1303 2410 20 18 of
1332 2410 125 22 Limestone.

1299 2600 31 19 On
1341 2602 87 20 account
1444 2603 22 19 of
1481 2602 77 26 Joseph
1576 2604 113 22 Powyalke.

1260 2646 67 26 Eight
1337 2654 57 14 acres
1404 2649 22 19 of
1435 2649 57 23 land,
1643 2654 12 18 3
1673 2655 85 20 roomed

1235 2677 94 25 dwelling
1349 2679 91 24 thereon,
1455 2680 44 21 nice
1524 2681 83 25 garden,
1628 2684 129 21 surrounded

1234 2707 50 21 with
1292 2708 25 20 fir
1327 2710 59 21 trees.
1440 2710 58 22 Price
1510 2712 110 28 onlyljfiSO.

1440 2966 35 19 TO
1488 2966 62 21 LET.

1390 3011 26 19 In
1434 3011 80 22 Horn's
1524 3014 78 22 Estate.

1235 3045 61 20 Good
1305 3046 95 26 dwelling
1410 3048 49 20 with
1469 3049 42 21 Ten
1521 3056 56 15 acres
1587 3053 23 19 of
1618 3053 55 22 land.

1240 3211 186 35 JOHN
1457 3215 300 42 INGRAM

1384 3324 232 35 AUCTIONEER,

1317 3465 362 39 OXFORD.

653 1957 217 64 ROBERT
950 1966 218 76 FJSHER,

689 2036 171 30 GENERAL
881 2042 255 30 STOREKEEPER

670 2084 94 45 Teas,
804 2086 128 46 Coffees,
969 2089 124 46 Cocoas,
1124 2101 45 28 an

750 2135 138 40 General
910 2138 175 42 Groceries-
1143 2155 4 4 -

700 2185 138 32 WEST
900 2189 215 34 OXFORD.

689 2285 427 49 SADDLER-ST.

647 2354 76 52 H.
749 2355 60 53 J.
828 2357 338 60 LAMING

738 2434 335 39 SADDLER

873 2481 61 20 AND

649 2514 278 42 HARNESS
962 2520 203 42 MAKER

790 2568 69 24 Neap.
877 2569 145 30 Saleyakds,

682 2609 43 39 O
750 2610 62 41 3S
836 2611 189 44 FOR
1049 2616 44 40 D
1118 2645 13 11 .

647 2681 84 24 Orders
743 2683 49 23 and
808 2683 101 31 Repairs
921 2686 121 33 promptly
1053 2689 115 25 executed

780 2738 3 4 -
805 2729 25 22 at
841 2726 83 26 lowest
936 2731 71 23 rales.

747 2792 139 40 HORSE
909 2794 158 42 COVERS

647 2843 96 39 made
755 2844 36 39 to
807 2844 99 41 Order
921 2846 66 40 and
1001 2848 166 50 Repaired

703 2956 253 29 CALEDONIAN
971 2961 141 28 HOUSE.

646 3018 212 45 JAMES

726 3074 79 26 BOOT,
823 3075 82 27 SHOE,
921 3078 24 25 &
961 3078 119 27 SUPPER

776 3107 254 34 Manufacturer.

746 3151 114 32 WEST
893 3154 174 33 OXFORD.

646 3201 47 21 Has
704 3208 27 14 an
740 3203 61 20 hand
810 3210 12 13 a
832 3204 99 25 splendid
940 3204 128 23 assortment
1074 3208 23 20 of
1102 3209 67 21 Boots

648 3235 41 19 and
700 3234 68 20 Shoes
777 3236 64 19 made
860 3241 28 14 on
898 3237 37 20 the
944 3234 103 30 preu.isos
1066 3241 24 19 at
1099 3241 69 24 prices

647 3264 51 20 that
708 3265 51 26 defy
768 3267 146 25 couiptt:tioii.
941 3268 60 25 Boys
1009 3269 77 21 School
1112 3272 53 25 oots,

646 3297 56 20 back
711 3304 69 14 seams
790 3298 44 20 and
843 3298 62 21 front
913 3298 61 21 hand
981 3306 63 18 sewn,
1053 3304 81 19 cannot
1140 3304 28 20 be

646 3329 122 25 surpassed.
799 3330 66 21 Men's
876 3330 46 21 best
929 3333 144 26 wa*ertights,
1084 3337 83 24 pegged

647 3361 48 25 15/-.
734 3361 95 25 Bespoke
852 3361 137 25 department
1011 3366 101 24 eaiefully
1136 3369 34 18 at-

645 3390 83 21 tflnded
743 3393 28 19 to.
785 3412 4 5 .
799 3392 44 21 Pit.
856 3393 44 20 and
918 3393 165 25 Workmanshj>
1102 3398 67 22 Guar-

645 3424 85 20 anteed.
758 3425 90 25 Sepairs
856 3425 75 24 neatly
942 3426 43 20 and
994 3429 110 28 promptly
1114 3430 55 23 done

645 3456 25 20 at
677 3456 127 20 reasonable
827 3457 56 21 rices

675 3509 58 21 anch
745 3509 177 23 Establishment
929 3519 6 13 :
950 3512 58 21 Near
1026 3514 65 21 Town
1110 3516 53 21 Hall

827 3537 55 21 Fist
892 3538 88 21 Oxford.
1164 3532 6 10 '

668 3612 47 34 G.
743 3611 46 36 E.
820 3612 332 48 WEYLANDT,

777 3672 107 28 FAMILY
900 3675 142 27 BUTCHER.

689 3704 152 44 EAST
870 3710 256 42 OXFOBD.

35 1975 34 52 I.
112 1974 44 61 J.
198 1973 348 67 WEEBER,

105 2038 69 30 High
187 2038 85 27 Street,
285 2038 62 24 East
367 2038 96 25 Oxford.

108 2097 121 27 PICTURE
249 2096 97 27 FRAME
368 2096 101 28 MAKER

24 2149 100 24 Picture
134 2149 89 24 Frame
233 2149 143 31 Mouldings
389 2157 27 16 or
448 2150 57 24 sale.

26 2188 79 32 Agent
112 2189 37 24 for
161 2188 37 25 W.
211 2188 138 25 Kainbow's
367 2189 178 31 Preparations.

76 2246 15 11 „
156 2228 135 25 Ellisdon's
302 2228 133 32 Neuralgic.
442 2229 89 32 Drops.
554 2232 5 17 (

75 2286 15 10 
156 2267 91 24 United
266 2267 133 26 Insurance
422 2268 125 34 Company
555 2274 4 14 ;

25 2307 26 25 of
63 2307 104 32 Sydney.
186 2308 30 23 25
228 2308 21 32 %
271 2315 62 17 ower
343 2310 64 23 rates
427 2308 60 25 than
510 2312 34 23 ot-

26 2347 44 24 her
85 2348 88 27 offices,

27 2416 20 24 A
59 2423 53 18 new
124 2416 35 25 lot
174 2416 27 25 of
211 2416 207 33 Paperhangings,
442 2418 49 31 just
513 2427 35 17 re-

30 2455 89 28 ceived,
131 2455 61 24 from
206 2455 110 32 sixpence
334 2463 42 23 per
395 2455 74 32 piece.

69 2576 88 41 ■W.
204 2576 301 46 STOCKS,

27 2637 335 32 MONUMENTAL
383 2638 168 38 MASON,

149 2687 126 32 Madras
298 2688 141 37 Steeeet,

70 2740 439 33 CHRISTCHURCH.

28 2822 30 29 A
68 2821 83 41 larg.e
166 2823 87 30 stock
267 2823 32 30 of
313 2822 192 32 Monuments
521 2828 31 26 to

29 2873 93 30 select
141 2874 78 29 from
234 2879 31 26 at
279 2875 106 30 lowest
399 2879 90 26 rates.

91 3010 53 35 %t>»
180 3002 54 43 #[.
275 3002 49 43 II?
328 3002 162 49 wlilili^
529 3019 6 11 '

132 3096 206 30 Established
364 3102 85 29 18G2.

29 3168 119 31 FLOUR,
162 3171 52 26 best
225 3172 77 25 brand
313 3175 57 32 only
382 3176 64 32 kept.

31 3212 136 31 SHARPS,
202 3215 197 33 OATMEAL,
433 3220 113 28 BRAK

119 3257 147 26 CHICKEN
270 3259 131 32 WHEAT,
420 3264 40 25 &o.

29 3296 45 26 AT
88 3298 140 30 LOWEST
247 3301 158 29 OUJRBENT
427 3307 126 26 »ATJEfI.

32 3389 44 46 J.
99 3391 51 45 T.
178 3392 192 58 Brown,
393 3398 39 45 &
453 3400 94 45 Son

85 3458 106 25 TIMBER
201 3460 17 21 &
228 3461 70 22 COAL
311 3463 178 25 MEBOHANTS.

201 3499 160 24 IMPOBTEiIS

33 3532 51 30 Of,
97 3534 135 29 TIMBER
261 3539 52 26 and
341 3540 48 27 All
418 3542 85 27 Kinds
527 3544 28 27 of

79 3580 185 30 .BUILDING
288 3584 215 31 MATERIALS.

215 3629 147 28 CORNER

27 3664 161 29 COLOMBO
228 3671 18 24 &
274 3670 95 27 TUAM
404 3673 149 28 STREETS

183 3713 187 29 ChrCitohuboh

389 741 54 41 J.
481 743 57 39 S.
565 744 221 49 COOS,

550 795 51 24 ,The
619 796 90 25 People's
725 797 94 26 Chemist,

669 833 89 25 washol
775 835 92 32 Street,

90 882 158 18 ...-.■
760 898 4 3 .
808 873 274 27 CHRISTCHUECH.

70 936 6 5 -
728 925 124 32 (Opposite
864 927 40 25 the
925 929 54 24 A.I.
994 929 85 33 Hotel)

43 988 11 19 I
63 988 52 20 have
126 988 92 25 pleasure
228 989 22 20 m
262 989 100 25 thanking
372 995 34 21 ray
416 990 76 21 friends
503 992 41 19 and
553 994 118 24 supporters
682 994 33 20 for
725 994 34 21 the
768 1008 3 10 :
775 995 117 22 confllence
911 997 50 21 and*
970 1004 48 18 very
1035 999 72 20 liberal
1126 1000 38 23 pat

15 1029 76 20 ronage
111 1023 67 22 which
189 1024 38 22 has
237 1025 49 21 been
295 1025 97 22 extended
402 1027 20 20 to
429 1032 33 15 me
469 1027 32 20 for
511 1025 34 23 the
554 1029 47 24 past
610 1035 66 19 years,
685 1030 12 19 I
707 1032 52 19 trust
769 1031 46 21 that
833 1032 12 20 I
864 1032 53 22 shall
933 1034 60 20 merit
1012 1035 34 19 the
1065 1035 110 21 continued

17 1062 111 24 patronage
137 1061 22 20 of
168 1067 35 19 my
211 1061 77 21 friends
298 1062 40 19 and
349 1063 34 19 the
393 1063 68 25 public
468 1065 109 24 generally,
604 1065 81 26 During
695 1067 33 20 the
737 1074 58 19 years
804 1069 11 19 I
831 1069 52 20 have
899 1070 49 20 been
959 1071 20 20 m
998 1071 147 22 Chrstchurch
1159 1073 11 20 I

17 1097 51 19 have
79 1096 106 26 dispensed
193 1104 63 19 many
264 1097 113 22 thousands
387 1100 21 19 of
418 1101 145 25 prescriptions
573 1102 42 20 and
624 1104 132 25 successfully
765 1106 78 20 treated
854 1108 76 18 several
953 1107 115 21 thousands
1097 1110 21 19 of
1136 1116 36 19 my

14 1133 96 26 patients.
138 1133 54 21 lam
202 1134 50 26 fully
262 1134 122 25 acquainted
393 1135 50 20 with
448 1136 39 21 -the
501 1137 93 21 business
601 1138 60 21 mah
671 1140 28 20 its
708 1140 105 26 branches,
824 1143 42 19 and
874 1143 80 28 itismy
963 1145 117 21 endeavour
1097 1147 76 25 always

48 1170 116 25 personally
178 1171 71 21 attend
260 1172 20 20 to
291 1171 31 20 the
330 1172 147 25 requirements
486 1174 42 21 and
535 1174 71 21 obtain
618 1176 34 21 the
662 1177 117 22 confidence
794 1180 21 19 of
834 1180 28 19 all
880 1181 45 21 who
944 1182 71 26 kindly
1033 1183 73 21 favour
1140 1190 33 15 me

15 1206 50 21 with
74 1206 54 22 their
138 1208 119 25 patronage.

16 1246 62 20 TRY
98 1246 47 21 MY
169 1246 91 22 CURE
277 1247 62 21 FOR
356 1248 62 20 ALL
436 1247 160 28 KINDSIOF
613 1253 79 21 SKIN
721 1254 169 23 DISEASE-

173 1282 56 19 Iam
239 1282 129 26 exceedingly
377 1284 110 20 successful
499 1285 22 19 m
531 1291 35 19 my
572 1288 98 20 remedies
679 1289 32 19 for
721 1290 42 20 this
771 1291 119 26 complaint,
901 1293 52 21 have
963 1300 11 14 a
979 1294 56 27 large
1052 1296 86 20 number
1158 1300 24 19 of

213 1319 145 21 iestimoniale.

41 1363 40 20 RY
99 1364 48 20 MY
165 1364 72 21 NEW
255 1364 139 25 REMEDY
413 1366 61 21 FOR
493 1366 94 22 LIVER
600 1369 216 25 COMPLAINTS
833 1375 67 20 AND
920 1376 247 24 INDIGESTION-

175 1398 110 20 Hundreds
295 1399 21 18 of
324 1405 36 18 my
369 1401 92 23 patients
471 1401 52 20 have
533 1404 76 23 proved
618 1404 16 19 it
645 1405 72 25 highly
732 1408 138 26 satisfactory.

161 1444 78 32 Large
251 1444 73 26 Stock
341 1446 27 24 of
376 1446 33 24 all
420 1446 70 26 kinds
502 1449 24 24 of
537 1448 85 27 Patent
644 1451 130 28 Medicines
797 1458 25 22 at
850 1456 68 25 Store
935 1458 89 26 Prices.

243 1499 21 24 A
276 1499 124 35 complete^
413 1500 146 27 Assortment,
578 1504 26 24 of
623 1505 172 33 Horcoepathic
822 1509 136 27 Medicines.

80 1547 42 27 All
139 1549 121 27 DRUGS
277 1550 187 27 Guaranteed
481 1552 81 33 Pure,
579 1554 72 27 Best
672 1556 126 36 Quality,
818 1561 54 24 and
890 1563 114 26 Lowest
1029 1564 89 27 Price.

210 1597 295 27 PBESGRIPTIONS
521 1603 115 32 carefully
653 1605 49 23 and
720 1608 109 29 correctly
853 1609 127 31 dispensed.

343 1648 592 48 COTSrStJIL,TATIONS
973 1664 188 37 FREE

434 1706 113 32 JOHN
568 1708 28 33 S.
621 1710 142 40 COOKE,

406 1765 141 33 Registered
578 1769 203 30 Pharinacentical
798 1776 114 32 Chemist,

733 1822 107 26 Cashel
865 1824 112 34 Street,

547 1876 3 6 '
559 1865 3 14 :
859 1872 269 30 OHRISTCHURCH.
