2440 3900
683 1450 113 34 Oxford
815 1450 56 34 and
890 1450 75 34 Cost
984 1450 169 34 Observer.

683 1511 248 19 PUBLISHED
959 1511 194 19 WEEKLY.

691 1556 164 22 SATURDAY.
877 1555 135 21 September
1031 1556 44 18 3rd
1096 1554 57 20 1892.

703 1704 38 29 In
783 1702 181 31 accordance
1005 1701 74 30 with
1135 1700 49 30 the

665 1744 130 40 promise
809 1754 45 19 we
869 1753 75 29 gave
958 1745 32 26 to
1020 1752 54 19 our
1101 1742 83 29 read-

666 1796 48 19 ers
727 1786 61 29 last
802 1785 82 30 week
898 1794 44 20 we
956 1794 68 19 now
1039 1783 74 29 offer
1136 1782 48 29 for

664 1827 80 28 their
758 1825 126 40 perusal,
900 1825 58 29 and
986 1835 44 19 we
1059 1826 125 27 venture

663 1870 32 25 to
709 1867 76 38 hope
795 1866 79 29 their
895 1865 109 30 careful
1035 1865 147 28 consider-

665 1907 88 30 ation.
798 1907 64 29 'Ihe
876 1905 65 30 first
965 1909 83 35 stage
1075 1905 32 30 of
1133 1904 51 30 Mr

665 1949 144 37 Bastings
824 1948 117 29 scheme
955 1947 47 29 for
1016 1947 52 28 the
1084 1945 98 30 ameli-

666 1989 115 28 oration
797 1989 31 28 of
842 1989 51 28 the
908 1987 198 37 unemployed
1124 1987 60 28 and

665 2030 52 28 the
727 2029 178 40 prevention
919 2029 31 28 of
964 2037 115 30 pauper
1099 2036 86 20 man-

667 2071 146 29 ufacture.

707 2111 64 29 The
784 2111 66 29 first
861 2113 86 36 stage
956 2109 31 29 of
1001 2109 50 29 the
1066 2109 117 29 scheme

667 2151 107 30 should
798 2152 72 28 then
899 2151 89 38 begin
1018 2151 75 29 with
1130 2150 52 29 the

667 2196 7 12 '
686 2191 198 40 -unemployed
894 2192 4 11 '
928 2191 86 37 class,
1044 2201 31 18 as
1111 2190 73 39 they

666 2243 49 20 are
743 2243 81 19 more
852 2232 123 39 capable
1016 2232 73 29 than
1132 2231 51 29 the

665 2274 141 38 majority
821 2274 32 28 of
875 2274 82 28 those
984 2272 67 29 who
1076 2282 50 18 are
1153 2272 32 27 m

665 2315 112 37 receipt
805 2315 32 27 of
861 2314 164 28 charitable
1063 2312 50 29 aid
1153 2315 30 25 to

664 2354 167 30 undertake
853 2354 51 30 the
931 2354 85 29 work
1043 2352 140 40 required

666 2400 30 24 to
726 2396 34 29 be
789 2395 75 29 done
889 2405 38 19 on
955 2405 40 19 an
1021 2394 163 29 industrial

666 2436 94 34 farm;
784 2435 157 39 especially
964 2434 25 28 if
1016 2434 168 38 operations

667 2487 50 19 are
732 2476 189 30 commenced
935 2485 81 29 upon
1046 2485 18 19 a
1089 2477 94 27 waste

667 2518 81 38 piece
763 2517 31 29 of
807 2517 71 29 land
892 2516 113 38 having
1021 2526 37 19 no
1086 2516 96 29 build-

667 2559 78 37 ings,
759 2558 111 34 fences,
886 2557 52 29 &c.
953 2565 82 29 upon
1045 2557 32 34 it.
1100 2556 87 30 Then

667 2599 41 37 by
730 2599 124 38 making
881 2598 150 38 provision
1060 2596 47 30 for
1133 2596 52 30 the

670 2641 7 12 '
687 2638 199 40 unemployed
896 2638 5 12 '
918 2639 30 28 m
969 2638 52 29 the
1049 2637 66 29 first
1141 2638 44 27 in-

668 2684 108 33 stance,
802 2680 79 29 their
905 2680 90 29 wives
1020 2679 101 29 would
1148 2679 37 28 be

668 2721 164 39 prevented
847 2721 39 38 by
901 2731 60 29 any
975 2721 111 28 chance
1108 2719 75 29 from

667 2762 156 39 becoming
852 2761 168 39 applicants
1048 2760 59 29 and
1141 2759 46 30 for

669 2806 8 11 '
686 2803 126 28 outdoor
827 2802 102 29 relief.'
971 2801 30 29 It
1021 2802 26 28 is
1076 2804 31 26 at
1135 2801 50 29 the

668 2847 121 34 present
824 2843 81 35 time,
942 2852 32 19 as
1015 2852 90 28 many
1136 2851 50 20 are

669 2884 152 29 doubtless
843 2893 104 26 aware,
978 2885 54 26 not
1060 2892 38 19 an
1125 2892 62 19 un-

669 2935 135 18 common
818 2925 87 37 thing
918 2925 48 27 for
992 2934 77 22 men,
1098 2923 88 28 when

668 2965 117 29 thrown
802 2968 52 26 out
869 2965 31 28 of
915 2964 211 39 employment,
1154 2966 31 26 to

667 3006 85 30 leave
767 3006 51 30 the
832 3005 106 39 colony
966 3005 31 28 m
1022 3004 104 30 search
1154 3004 32 29 of

668 3047 94 34 work,
778 3048 59 27 and
854 3047 85 29 when
954 3046 71 39 they
1053 3055 50 19 are
1131 3045 55 29 ob-

668 3088 81 38 liged
765 3091 30 25 to
810 3088 37 28 do
875 3095 43 26 so,
946 3087 25 28 it
997 3088 54 27 not
1078 3086 109 29 unfre-

668 3129 127 39 quently
805 3128 135 39 happens
954 3127 68 29 that
1035 3128 46 27 for
1105 3137 80 19 some

667 3179 105 20 reason
785 3179 35 19 or
846 3169 93 34 other,
964 3168 74 34 they
1067 3168 119 37 neglect

668 3214 31 24 to
715 3210 72 28 send
803 3220 107 27 money
931 3214 31 22 to
990 3208 78 28 their
1096 3208 91 28 wives

670 3252 64 27 who
750 3260 49 18 are
814 3250 81 28 often
924 3248 127 39 obliged,
1077 3248 110 39 especi-

670 3290 26 30 al
700 3291 31 39 ly
745 3291 24 29 if
783 3290 59 30 left'
854 3289 45 30 wil
904 3290 21 28 h
943 3289 77 38 large
1048 3288 138 35 families,

670 3337 30 24 to
723 3332 92 39 apply
844 3335 30 25 to
915 3330 52 29 the
1005 3328 182 31 Benevolent
1190 3342 2 8 ;

667 3372 181 30 Institution
863 3372 125 28 Trustee
1002 3370 47 29 for
1063 3370 98 37 relief.

710 3413 30 29 It
755 3413 61 29 will
830 3412 146 34 however,
1007 3411 35 29 be
1077 3421 17 19 a
1123 3421 65 19 sur-

668 3455 80 37 prise
773 3457 31 25 to
829 3463 81 19 some
937 3455 32 26 to
995 3452 84 29 learn
1120 3452 68 29 that

668 3495 86 29 there
771 3504 48 19 are
833 3494 32 28 m
879 3493 60 29 this
955 3492 162 29 charitable
1138 3493 49 28 &vl

668 3535 119 30 district
814 3537 32 26 at
874 3535 121 37 present
1035 3543 72 19 over
1149 3533 37 29 80

669 3586 82 18 cases
763 3575 31 28 of
818 3574 137 28 deserted
981 3574 91 28 wives
1082 3585 8 22 ;
1128 3574 59 28 and

669 3626 31 18 as
715 3616 73 38 they
803 3614 76 29 have
894 3624 18 19 a
922 3614 84 36 large
1017 3612 124 30 number
1156 3613 32 29 of

670 3656 134 30 children
832 3655 99 30 whom
959 3654 73 36 they
1056 3664 52 19 are
1135 3664 53 19 un-

670 3697 66 29 able
764 3702 31 23 to
828 3696 154 33 maintain,
1009 3695 27 28 it
1063 3696 59 27 will
1150 3696 38 27 bo

668 3748 68 19 seen
751 3737 67 30 that
832 3737 52 29 the
894 3739 124 26 amount
1032 3736 155 30 disbursed

667 3782 33 25 to
715 3780 82 28 them
812 3779 86 29 alone,
925 3777 29 29 m
984 3778 51 28 the
1065 3781 123 25 amount

668 3820 32 29 of
728 3823 8 12 c
747 3820 126 28 outdoor
914 3818 86 31 relief
1011 3819 6 11 '
1061 3818 33 29 m
1134 3818 52 29 the

1263 176 102 20 course
1380 167 31 29 of
1423 177 19 19 a
1456 176 73 31 year
1556 167 25 29 is
1610 166 171 41 something

1263 207 210 30 considerable.
1738 233 36 6 ...
1796 210 3 25 !

1288 247 125 31 Besides
1427 247 84 29 these
1526 247 136 29 deserted
1679 247 97 35 wives,

1258 298 68 20 men
1340 289 179 29 themselves
1543 288 89 29 when
1659 288 119 30 thrown
1795 289 4 24 !

1258 334 54 23 out
1326 329 31 28 of
1367 329 212 38 employment,
1589 328 80 28 often
1685 329 93 38 apply

1258 372 30 26 to
1300 369 50 29 the
1365 369 187 29 Benevolent
1567 368 140 29 Trustees
1730 369 48 28 for

1259 410 49 28 aid
1319 420 7 23 ;
1351 409 58 28 and
1434 409 84 27 those
1545 409 68 27 who
1642 418 49 18 are
1718 408 58 29 fre-

1259 450 124 38 quently
1397 452 54 24 out
1465 449 32 28 of
1510 448 84 29 work
1609 457 51 20 are
1678 447 101 30 bound

1258 494 31 25 at
1303 490 58 28 last
1375 494 31 24 to
1431 487 103 30 obtain
1564 490 7 13 '
1583 489 127 29 outdoor
1733 498 45 20 re-

1258 530 71 35 lief/
1345 539 33 19 or
1393 532 31 26 to
1446 529 120 29 become
1594 529 126 29 inmates
1748 529 34 29 of

1260 569 184 31 Benevolent
1470 569 205 31 Institutions.

1298 612 31 29 It
1357 614 82 26 must
1466 610 151 30 therefore
1644 610 38 30 be
1729 610 49 30 ad-

1259 650 107 37 ir.itted
1381 650 66 30 that
1462 661 18 19 a
1493 650 83 40 large
1604 651 175 38 proportion

1260 693 29 28 of
1303 692 51 29 the
1381 701 108 29 money
1517 695 88 35 spent
1628 690 32 30 m
1689 701 91 29 every

1261 733 163 29 charitable
1452 732 49 29 aid
1531 732 118 29 district
1676 732 31 28 m
1728 732 52 30 the

1262 772 107 39 colony
1389 772 27 29 is
1444 774 87 36 spent
1555 782 38 19 on
1621 782 65 19 men
1717 771 63 30 who

1261 824 82 19 come
1357 816 53 27 out
1425 812 30 30 of
1475 812 52 30 the
1554 812 91 30 ranks
1674 812 31 29 of
1714 836 3 1 .
1728 812 53 30 the

1261 853 233 40 'unemployed'
1546 852 113 32 besides
1700 853 80 31 their

1257 895 90 30 wives
1362 895 59 29 and
1433 894 144 37 children,
1597 893 183 41 (Applause.)

1261 935 77 30 That
1351 936 92 38 being
1458 936 49 29 the
1522 944 75 27 case,
1615 935 26 29 it
1667 934 27 30 is
1721 935 60 30 ob-
1788 964 4 1 .

1260 978 85 29 vious
1359 977 66 28 that
1438 976 113 39 ifsteps
1566 986 51 19 are
1628 976 93 29 taken
1748 979 33 26 to

1260 1016 123 40 provide
1423 1020 178 34 permanent
1649 1016 125 39 employ-

1263 1053 81 33 nfent
1370 1057 50 28 for
1453 1057 53 29 the
1548 1055 234 40 'unemployed'

1263 1098 69 29 that
1346 1100 53 27 not
1414 1097 71 40 only
1498 1097 101 30 would
1634 1097 85 29 there
1748 1097 35 29 be

1262 1138 90 31 fewer
1367 1138 137 30 deserted
1517 1138 88 29 wives
1619 1138 61 29 and
1691 1137 92 30 child-

1262 1190 61 25 ren,
1338 1179 56 30 but
1411 1179 66 30 that
1504 1179 52 30 the
1584 1179 199 39 expenditure

1263 1221 49 29 for
1340 1220 162 29 charitable
1530 1220 50 29 aid
1607 1219 98 30 would
1748 1219 35 30 be

1265 1261 170 40 materially
1489 1261 143 31 lessened.
1704 1259 81 40 (Ap-

1263 1301 125 41 plause.)
1431 1301 69 31 And
1514 1302 67 30 how
1606 1301 88 31 could
1721 1301 61 30 this

1263 1345 78 27 class
1353 1346 30 26 to
1399 1343 97 29 which
1510 1342 17 28 I
1548 1343 77 28 have
1646 1343 65 38 just
1739 1352 43 19 re-

1262 1385 107 34 ferred,
1402 1385 37 27 be
1465 1384 97 28 better
1588 1383 82 29 dealt
1711 1382 71 30 with

1263 1425 73 28 than
1351 1425 42 38 by
1414 1424 106 39 giving
1547 1423 81 29 them
1650 1423 53 29 the
1719 1431 63 31 ;op-

1263 1466 157 39 portunity
1435 1465 32 29 of
1481 1464 126 39 earning
1620 1463 80 31 their
1714 1473 67 21 own

1263 1506 162 30 livelihood
1439 1516 38 19 on
1506 1505 205 33 co-operative,
1731 1505 52 29 in-

1263 1547 126 30 dustrial
1404 1547 186 30 settlements
1602 1546 16 30 f

1303 1587 54 31 Let
1385 1599 35 19 us
1444 1587 136 34 consider
1617 1588 51 30 the
1705 1597 78 21 con-

1263 1630 109 29 ditions
1381 1629 94 30 under
1486 1628 97 31 which
1597 1628 73 40 they
1684 1628 98 30 would
1793 1657 2 4 .

1262 1669 37 29 be
1334 1668 166 40 employed.
1543 1668 38 30 In
1622 1668 52 30 the
1713 1668 68 29 first

1261 1711 85 39 place
1374 1720 18 20 a
1425 1710 142 30 selection
1607 1709 97 39 might
1743 1710 37 29 be

1261 1751 86 30 made
1361 1750 99 31 which
1476 1750 100 30 would
1590 1750 134 40 possibly
1738 1750 43 28 mr

1262 1792 86 29 dude
1357 1802 68 19 men
1437 1791 123 40 capable
1571 1792 31 28 of
1616 1793 163 27 construct-

1261 1833 53 39 ing
1324 1833 162 39 buildings,
1502 1832 59 29 and
1576 1832 91 38 doing
1694 1831 86 30 work

1261 1874 34 29 of
1333 1873 67 29 that
1437 1872 83 29 kind.
1564 1872 83 30 Such
1701 1872 81 29 work

1263 1914 99 29 would
1385 1913 64 30 find
1489 1913 204 39 employment
1732 1912 47 29 for

1263 1958 180 36 carpenters,
1484 1954 143 39 painters,
1675 1953 106 30 brick-

1261 1995 108 39 layers,
1385 1995 151 39 plumbers
1548 1994 63 34 &c,
1634 1994 114 29 besides
1764 2002 17 20 a

1261 2037 127 29 number
1402 2036 32 29 of
1447 2035 149 30 unskilled
1624 2035 156 29 labourers

1261 2081 32 26 to
1308 2077 89 30 assist
1410 2077 82 29 them
1519 2077 32 28 m
1576 2075 140 40 carrying
1743 2085 38 20 on

1263 2118 77 30 their
1364 2117 176 40 operations.

1301 2158 31 29 If
1345 2168 17 19 a
1378 2157 174 40 sufficiency
1574 2157 34 30 of
1632 2156 149 30 unskilled

1261 2199 154 29 labourers
1444 2199 88 29 could
1560 2201 54 26 not
1648 2199 38 29 be
1731 2199 50 29 ob-

1262 2240 102 30 tained
1380 2241 75 28 from
1479 2239 50 29 the
1557 2238 90 30 ranks
1672 2239 31 29 of
1729 2238 52 30 the

1262 2284 7 12 *
1280 2281 216 38 unemployed,'
1512 2280 73 28 then
1609 2280 32 28 of
1668 2288 112 24 course,

1261 2322 24 29 it
1301 2321 98 30 would
1427 2322 34 28 be
1486 2330 159 30 necessary
1668 2326 32 22 to
1728 2322 52 35 get

1263 2373 81 20 some
1359 2361 106 31 skilled
1484 2361 154 31 workmen
1653 2363 31 27 to
1700 2363 80 27 erect

1264 2403 51 29 the
1329 2402 160 39 buildings.
1531 2402 99 29 When
1658 2401 126 30 suitable

1265 2442 151 39 buildings
1432 2442 58 29 had
1504 2442 75 30 been
1594 2441 119 30 erected
1734 2442 49 28 for

1263 2484 52 29 the
1330 2484 177 38 occupation
1519 2483 31 29 of
1576 2482 53 30 the
1653 2482 128 35 settlers,

1265 2535 32 19 as
1312 2524 67 30 well
1393 2534 32 20 as
1451 2524 118 37 stables,
1592 2524 102 35 barns,
1723 2523 60 30 and

1265 2564 206 40 outbuildings
1486 2574 18 20 a
1518 2566 169 38 competent
1701 2573 82 20 man-

1266 2616 73 28 ager
1352 2606 48 29 for
1415 2606 72 28 tach
1502 2606 171 28 settlement
1686 2605 99 38 might

1268 2646 34 29 be
1317 2646 159 40 appointed
1498 2646 41 39 by
1566 2646 52 28 the
1643 2644 143 30 Govern-

1266 2691 91 31 ment,
1381 2687 57 30 and
1460 2698 18 19 a
1506 2686 110 30 second
1644 2686 137 30 selection

1265 2729 31 28 of
1310 2728 52 30 the
1390 2729 6 14 '
1406 2728 199 40 unemployed
1616 2728 5 11 '
1643 2728 86 29 made
1750 2731 32 26 to

1266 2768 173 31 undertake,
1456 2769 134 39 farming
1616 2768 169 40 operations

1266 2811 88 39 along
1367 2809 74 32 with
1456 2810 85 29 those
1555 2809 66 30 who
1638 2809 58 30 had
1717 2820 66 29 pre-

1265 2851 118 38 viously
1397 2851 74 29 been
1496 2849 106 40 placed
1626 2849 88 40 upotf
1717 2849 68 30 Sffihe

1265 2891 194 30 settlements.
1503 2891 64 29 The
1582 2891 77 28 farm
1688 2889 96 32 hands

1265 2932 97 29 would
1378 2932 36 28 be
1428 2941 37 29 pr
1471 2931 102 32 yyided
1601 2931 73 30 with
1694 2931 93 28 what-

1267 2982 69 19 ever
1350 2971 189 40 implements
1553 2971 72 40 they
1647 2972 139 39 required

1266 3015 32 28 to
1312 3022 88 31 carry
1414 3022 39 20 on
1462 3011 78 32 their
1563 3013 94 35 work,
1688 3012 97 31 which

1266 3053 97 39 might
1390 3055 38 28 be
1456 3054 170 38 supervised
1653 3055 59 28 and
1741 3055 44 28 di-

1266 3095 101 29 rected
1381 3095 42 39 by
1450 3094 52 30 the
1535 3105 151 28 manager,
1715 3094 70 30 who

1266 3135 108 38 would,
1392 3136 32 29 of
1449 3146 113 25 course,
1588 3135 76 31 have
1688 3139 31 26 to
1748 3137 37 29 be

1267 3186 39 19 an
1321 3179 107 36 expert
1435 3177 119 31 farmer.
1596 3177 31 29 If
1643 3177 49 29 the
1706 3184 88 22 man-;

1268 3227 72 28 ager
1355 3227 59 18 was
1438 3218 109 28 unable
1574 3222 32 24 to
1634 3218 153 39 supervise

1269 3258 49 27 the
1333 3258 170 37 operations
1517 3258 34 27 of
1561 3258 52 28 the
1628 3268 68 19 men
1712 3258 75 29 him-

1269 3297 66 38 self,
1350 3298 38 29 he
1403 3297 98 40 might
1515 3298 63 30 also
1592 3298 77 30 have
1684 3308 55 20 one
1755 3307 35 21 or

1270 3344 61 22 two
1345 3338 156 30 assistants
1518 3349 33 19 or
1561 3339 141 30 foremen.
1746 3340 45 30 As

1269 3378 51 30 the
1362 3379 118 31 scheme
1521 3381 193 38 progressed,,
1748 3380 42 30 la-

1267 3419 126 31 bourers
1421 3421 62 29 still
1510 3426 54 24 out
1590 3421 31 29 of
1658 3422 131 39 employ-

1271 3469 83 19 ment
1368 3461 98 38 might
1474 3462 37 29 be
1522 3462 159 39 gradually
1697 3467 94 26 trans-

1270 3500 102 29 ferred
1385 3504 32 26 to
1432 3502 51 29 the
1498 3504 197 34 settlements,
1724 3514 68 19 care

1269 3540 91 40 being
1388 3540 92 32 taken
1508 3549 30 24 to
1574 3544 91 29 select
1705 3544 86 31 those

1270 3582 68 26 that
1366 3590 80 20 were
1473 3587 78 24 mopt
1576 3584 130 29 suitable
1744 3585 48 28 for

1257 3626 3 12 ;
1270 3622 131 39 farming
1413 3625 169 36 operations
1597 3625 31 28 m
1642 3625 52 28 the
1708 3626 85 38 early

1271 3667 101 33 stages
1387 3662 33 30 of
1430 3664 52 29 the
1496 3664 125 30 scheme.
1645 3665 30 30 It
1696 3667 97 29 would

1273 3713 37 19 no
1325 3704 96 29 doubt
1434 3705 217 40 be'necessary,
1667 3717 33 19 as
1721 3718 71 19 soon

1273 3754 33 19 as
1338 3745 49 29 the
1416 3745 108 30 second
1549 3747 175 31 instalment
1764 3748 31 29 6i

1273 3785 155 29 labourers
1438 3786 60 29 had
1511 3787 69 30 been
1597 3788 106 38 placed
1715 3800 80 29 upon

1273 3825 53 28 the
1340 3826 186 29 settlements
1566 3829 130 41 perhaps
1720 3841 76 19 even

1866 163 32 26 at
1926 170 39 19 an
1992 161 106 29 earlier
2123 161 110 29 date
2234 168 30 22 To
2299 161 86 29 stosk
2411 171 8 26 ;

1867 201 51 29 the
1931 201 127 30 farmers
2074 201 71 30 with
2157 201 113 35 horses,
2285 202 109 35 cattle^

1867 241 100 39 sheep,
1995 242 75 39 pigs,
2100 241 123 40 poultry
2251 243 54 28 &.c.
2348 241 39 30 At

1867 292 19 19 a
1912 283 126 29 suitable
2066 283 72 29 time
2180 283 31 28 m
2251 283 64 28 fact
2352 293 33 18 as

1868 332 71 19 soon
1955 333 32 18 as
2009 323 129 38 possible
2178 323 53 28 the
2258 323 129 30 settler's

1867 362 109 29 should
2004 363 89 38 begin
2123 366 33 26 to
2191 363 87 39 plant
2310 363 77 30 fruit

1868 406 79 26 trees
1961 403 242 38 and/vegetables

1910 441 117 40 Special
2041 443 148 31 attention
2216 443 107 30 should
2350 443 37 31 be

1869 483 69 38 paid
1949 486 31 26 to
1994 483 51 30 the
2059 483 140 30 selection
2215 483 31 30 of
2260 484 127 30 suitable

1869 523 144 30 localities
2027 525 49 28 for
2102 525 52 29 the
2177 524 153 36 orchards,
2353 534 33 20 as

1869 565 52 29 the
1934 565 67 28 first
2027 565 137 39 industry
2186 565 98 31 -would
2309 569 79 27 most

1869 605 93 40 likely
1999 605 117 30 become
2143 616 38 19 an
2222 607 165 40 important

1870 654 57 20 one
1942 655 32 20 as
1997 646 52 29 the
2074 647 184 29 settlements

1871 687 85 38 oped,
1980 686 73 30 and.
2066 687 96 31 afford
2187 688 201 39 employment

1869 726 48 30 for
1933 728 139 29 numbers
2095 728 31 28 of
2154 728 143 36 children,
2325 729 60 29 and

1872 766 48 29 old
1949 775 121 29 persons
2095 768 67 28 who
2197 777 78 20 were
2316 768 71 40 only

1871 807 123 36 capable
2022 808 32 29 of
2088 808 90 39 doing
2204 808 86 30 work
2313 809 34 27 of
2370 819 18 19 a

1870 848 78 39 light
1966 848 162 31 character.

1911 888 32 29 It
1969 889 25 29 is
2016 892 54 26 not
2091 900 159 30 necessary
2277 894 32 26 to
2347 899 40 31 go

1871 929 118 30 further
2011 930 65 29 into
2103 930 107 30 details
2237 930 73 30 with
2335 942 53 20 re-

1870 970 77 39 gard
1973 974 33 26 to
2033 972 170 38 operations
2243 972 74 30 such
2357 983 33 19 as

1872 1011 88 29 those
1975 1015 30 26 to
2020 1012 97 30 which
2131 1012 18 29 I
2156 1012 76 30 have
2261 1013 128 36 alluded.

1873 1049 30 31 It
1917 1050 117 37 should,
2049 1050 147 37 however,
2212 1051 36 31 be
2270 1052 121 39 pointed

1873 1094 53 26 out
1936 1091 67 30 that
2016 1102 33 19 as
2063 1101 73 21 soon
2151 1103 32 19 as
2208 1092 182 39 practicable

1872 1132 154 39 provision
2041 1132 104 30 should
2166 1132 37 31 be
2229 1134 87 29 made
2342 1134 49 30 for

1872 1173 141 41 carrying
2036 1184 40 19 on
2098 1175 52 28 the
2178 1175 140 39 dairying
2343 1175 46 29 in-

1874 1214 186 40 dustryan
2074 1215 140 40 industry
2229 1216 98 29 which
2354 1226 33 19 as

1873 1255 51 31 the
1938 1256 170 30 settlement
2123 1266 88 30 grew,
2226 1256 100 30 would
2352 1256 38 30 be
2407 1259 2 13 :

1873 1297 32 29 of
1919 1307 32 19 as
1966 1301 85 35 great
2074 1297 185 39 importance
2284 1308 32 19 as
2338 1297 52 30 the

1873 1337 117 31 culture
2004 1338 33 29 of
2047 1337 74 30 fruit
2134 1339 24 28 if
2180 1341 54 26 not
2260 1342 129 34 greater.

1875 1376 98 31 When
1987 1377 133 40 farming
2134 1377 177 40 operations,
2328 1377 62 31 had

1873 1427 32 19 so
1919 1419 48 28 far
1990 1419 176 38 progressed
2195 1419 67 29 that
2290 1419 101 28 others

1871 1458 161 31 industries
2057 1459 97 36 could,
2182 1459 80 30 wittr
2280 1459 111 30 advan-

1871 1503 78 36 tage,
1978 1501 37 29 be
2043 1503 45 27 set
2116 1511 38 19 on
2181 1500 72 35 foot,
2282 1500 111 30 bacon*

1872 1541 106 40 curing
2026 1541 250 36 establishments,
2328 1541 63 38 jam

1872 1582 148 38 factories,
2036 1583 160 38 tanneries,
2213 1583 64 35 &c,
2291 1582 100 41 migjit

1872 1624 37 30 lie
1924 1624 124 29 started.

1876 1663 123 33 .!:Some
2001 1661 5 12 ;
2033 1664 32 29 of
2104 1664 85 30 these
2228 1664 162 29 industries

1872 1703 137 30 ivould'of
2023 1714 103 19 course
2140 1707 54 26 not
2215 1713 83 20 come
2325 1703 65 30 into

1872 1746 148 29 existence
2033 1744 32 30 m
2079 1745 51 30 the
2157 1745 68 29 first
2250 1750 83 34 stage
2362 1744 34 29 of

1871 1785 53 31 the
1938 1786 126 35 scheme,
2081 1786 52 28 but
2145 1786 71 28 each
2251 1796 66 18 new
2344 1785 45 28 in-

1872 1826 108 40 dustry
1994 1826 101 30 would
2116 1826 152 39 naturally
2288 1826 100 29 follow

1871 1877 82 29 upon
1967 1877 38 19 an
2023 1868 134 28 increase
2171 1868 32 28 m
2217 1867 52 28 the
2296 1876 92 29 popu-

1871 1908 93 29 lation
1979 1908 31 29 of
2029 1907 50 30 the
2107 1906 180 31 settlement.

1912 1948 97 30 When
2036 1949 53 29 the
2107 1948 188 30 settlements
2331 1947 59 30 had

1871 1990 75 29 beeLi
1973 1989 32 29 m
2034 1990 148 28 existehee
2205 1999 18 18 a
2248 1998 21 27 y
2270 1998 15 13 p
2287 1998 34 18 ar
2355 1998 34 18 or

1871 2033 68 30 two,
1955 2029 41 39 by
2023 2028 96 30 which
2150 2028 71 30 time
2246 2028 26 29 it
2300 2028 87 29 could

1870 2070 147 40 probably
2032 2071 36 28 be
2090 2068 186 31 ascertained
2296 2069 90 30 whet-

1870 2112 55 29 her
1952 2121 33 19 or
2013 2113 53 27 not
2100 2111 72 39 they
2212 2109 100 30 would
2351 2110 38 30 be

1871 2152 92 38 likely
1976 2156 32 25 to
2023 2152 122 29 achieve
2160 2152 51 28 the
2225 2151 99 39 object
2337 2150 50 29 for

1874 2193 92 29 which
1984 2193 71 38 they
2072 2202 77 19 were
2162 2192 143 36 founded.

1913 2233 63 30 Our
1990 2236 73 26 next
2073 2234 78 27 issue
2178 2232 62 30 will
2267 2232 119 30 contain

1870 2275 52 28 the
1938 2275 109 28 second
2055 2274 60 28 and
2129 2273 82 28 third
2230 2275 100 36 stages
2358 2273 32 28 of

1872 2314 51 30 the
1937 2314 126 37 scheme,
2081 2313 59 30 and
2154 2323 45 20 we
2216 2317 126 26 venture
2356 2315 33 27 to

1872 2354 125 41 predict,
2012 2365 31 20 as
2063 2353 52 31 the
2143 2354 118 30 scheme
2277 2353 113 30 -devel-

1872 2406 80 29 opes,
1968 2397 24 28 it
2005 2395 62 30 will
2082 2405 86 20 cause
2182 2405 90 28 many
2279 2395 44 31 .of.
2332 2404 58 19 our

1872 2446 160 20 numerous
2068 2436 121 29 readers
2222 2438 33 25 to
2302 2433 89 30 think

1871 2477 109 29 harder
2008 2477 74 29 than
2109 2475 73 40 they
2209 2475 77 30 have
2319 2484 71 20 ever

1873 2518 130 39 thought
2027 2517 108 29 before.
2178 2517 46 32 As
2251 2516 48 29 for
2325 2525 65 20 our-

1871 2560 96 29 selves
1982 2568 45 21 we
2039 2558 115 30 believe
2181 2557 67 28 that
2268 2557 25 29 it
2319 2556 26 28 is
2373 2566 18 18 a

1873 2599 129 30 solution
2017 2598 34 29 of
2062 2609 55 19 one
2133 2597 30 30 of
2173 2597 52 30 the
2239 2600 78 27 most
2337 2596 53 29 im-

1874 2642 121 38 portant
2009 2639 60 30 and
2089 2641 126 37 gravest,
2239 2637 150 40 problems

1871 2681 69 31 that
1954 2680 75 31 have
2041 2679 144 40 occupied
2206 2679 52 31 the
2279 2679 111 29 human

1870 2722 85 30 mind
1968 2750 4 12 ;
1975 2722 52 43 fqr,
2051 2720 159 40 centuries,
2224 2746 26 21 q
2253 2719 84 46 Tifl^
2364 2719 26 29 it

1873 2764 35 36 is,
1922 2762 69 32 that
2010 2763 26 29 it
2059 2762 34 30 is'
2110 2757 160 34 socialistic
2291 2760 34 30 m
2351 2759 39 30 its

1872 2804 178 34 tendencies,
2076 2803 55 33 but
2157 2802 52 32 the
2243 2802 63 30 fact
2324 2828 3 7 ,
2342 2811 48 20 re-

1874 2842 95 33 mains
1985 2846 66 28 that
2074 2844 41 29 all
2142 2846 86 35 great
2253 2841 137 31 thinkers

1874 2896 51 20 are
1939 2886 154 34 socialists,
2110 2884 73 39 only
2209 2884 73 39 they
2308 2882 84 30 don't

1873 2927 139 34 know.it.

1931 3001 18 23 '
1975 3008 18 21 '<
2034 3007 10 21 ..'
2059 3006 1 3 '
2081 3011 10 22 ;
2108 3002 42 25 '"
2178 3006 18 23 ':'
2266 3004 41 23 '-.-

1875 3070 72 25 REV
1962 3069 28 25 J,
2004 3068 190 26 PENDRAY'S
2213 3065 175 28 SOUTHERN

2092 3106 96 22 TOUR.

1908 3212 100 25 Thnaru
2020 3211 42 25 the
2073 3212 59 24 next
2143 3211 65 27 town
2232 3208 15 25 I
2267 3206 87 30 visited
2373 3207 22 24 is

1875 3248 75 28 about
1973 3249 45 25 12,.
2020 3248 71 24 miles
2110 3247 62 24 from
2190 3245 115 25 Pleasant
2323 3243 72 25 Point

1877 3288 18 23 &
1907 3287 45 24 has
1969 3283 74 28 about
2055 3285 38 25 six
2103 3283 122 26 thousand
2236 3282 159 27 inhabitants,

1877 3325 57 25 does
1953 3333 14 16 a
1988 3318 47 31 fa^r
2058 3324 101 25 amount
2180 3320 26 28 of
2227 3320 113 33 shipping
2360 3318 35 26 for

1877 3363 60 25 such
1948 3370 16 16 a
1974 3363 77 30 place,
2064 3362 48 24 and
2123 3368 124 24 compares
2256 3357 139 32 favourably

1876 3403 60 25 with
1948 3404 65 23 most
2023 3402 70 24 other
2112 3400 87 28 towns!
2211 3399 26 26 of
2249 3399 65 25 '.New
2333 3398 62 24 =Zea-

1876 3442 59 26 land
1952 3442 38 25 for
2011 3442 111 24 business
2144 3441 50 28 life,
2218 3440 48 24 and
2288 3440 106 29 activity.

1878 3483 53 25 The
1941 3482 82 32 public
2032 3482 49 24 and
2092 3482 70 24 other
2173 3475 123 36 buildings
2308 3485 40 17 are
2369 3478 26 23 m

1877 3520 104 32 keeping
1992 3519 59 25 with
2073 3519 43 25 the
2140 3519 48 23 size
2209 3518 25 24 of
2252 3518 43 24 the
2319 3515 76 32 place,

1879 3558 47 25 arid
1938 3558 89 31 during
2037 3557 43 25 the
2092 3556 79 26 week
2179 3556 15 25 I
2202 3560 4 6 '
2214 3563 34 17 wa
2252 3563 11 17 s
2282 3554 76 29 there,
2382 3553 13 24 I

1879 3604 49 15 saw
1941 3591 131 35 'butH''ery
2073 3591 4 20 !
2084 3595 4 10 '
2093 3595 68 22 little'
2178 3591 167 26 'di^uhkenhess
2372 3598 23 16 cr

1879 3635 66 31 signs
1967 3635 27 24 of
2182 3633 25 24 m
2230 3632 42 24 the
2305 3632 90 22 street?.

1879 3675 78 26 Tiiiore
1967 3675 21 24 is
2000 3682 66 18 some
2078 3682 57 23 very
2146 3673 75 31 goodi:
2228 3671 58 26 land
2301 3671 32 28 sin
2345 3669 50 30 (the

1879 3713 102 29 district,
1995 3713 47 24 aud
2060 3721 36 15 on.
2104 3713 51 25 the.
2155 3711 15 25 .
2170 3711 107 25 Waimate
2299 3708 57 25 road
2378 3708 17 24 it

1879 3754 21 24 is
1917 3753 26 25 of
1962 3761 33 16 an
2018 3753 145 30 undulating
2185 3751 130 26 character,
2342 3747 53 26 with

1877 3793 59 25 here
1948 3794 48 23 and
2007 3793 68 24 there
2088 3800 65 17 some
2164 3792 54 24 nice
2234 3791 83 24 farms.

1910 3833 122 22 Waimate
2043 3833 22 22 is
2076 3840 31 15 an
2128 3831 86 24 inland
2235 3832 66 23 town
2322 3828 73 27 about

526 46 166 30 OXFORD
733 43 88 31 AND
865 40 102 32 CUST
1011 41 219 32 OBSERVER
1252 40 162 32 SATTLRD
1419 40 66 36 AY,
1508 39 253 33 SEPTEMBER
1790 40 30 36 3,
1841 39 90 37 *892.

759 159 109 55 FOE,
920 157 152 57 SALE.

687 244 66 24 First
765 244 61 24 class
838 244 63 30 Hay,
914 244 27 22 m
962 243 66 30 large
1050 250 27 16 or
1099 242 74 24 small

657 282 138 31 quantities,
808 284 24 21 at
844 289 14 16 a
866 289 54 23 very
932 282 46 22 low
989 281 71 29 piice.
1095 279 77 31 Apply

812 324 23 24 J.
853 323 164 27 PARLANE,

960 360 62 23 East
1043 359 96 25 Oxford.

741 480 52 43 F.
816 480 54 42 B.
901 477 190 45 LANE.

762 552 137 40 (LateE.
916 550 157 40 Butcher.)

668 601 255 34 Watchmaker,'
928 601 178 34 Jeweller,
1123 598 43 30 &c

658 649 118 30 Importer
803 647 26 23 of
866 646 101 24 Musical
1006 646 170 27 Instruments,

658 688 106 25 Victoria
783 686 36 28 St,
838 686 129 31 Rangiora.

657 777 129 31 Speciality
794 785 5 16 :
833 776 27 23 m
868 775 103 31 superior
982 774 105 32 English
1105 774 76 24 Lever

659 815 113 25 Watches
783 814 27 23 m
821 815 68 23 extra
901 815 82 28 strong
995 820 64 17 cases
1071 812 70 24 made
1153 813 26 22 to

658 861 41 23 my
711 853 68 24 order
791 853 25 23 to
829 851 48 25 suit
895 851 41 24 the
946 872 3 4 .
959 850 174 32 requirements
1155 850 27 24 of

658 891 50 24 this
725 890 100 24 district.

694 938 34 24 F.t
736 938 29 23 B.
778 936 67 24 Lane
858 935 66 24 visits
948 934 90 25 Oxford
1060 933 121 31 monthly,

662 978 95 30 staying
764 978 25 22 at
800 975 132 24 Mitchell's
947 975 122 29 Boarding
1089 974 93 24 House.

661 1018 41 22 All
713 1016 91 30 repairs
815 1023 38 15 are
865 1015 62 23 done
936 1014 73 23 under
1020 1022 41 21 my
1070 1012 111 30 personal

662 1055 156 31 supervision,
842 1053 45 24 and
911 1053 13 23 I
946 1058 129 24 guarantee
1110 1050 69 25 satis-

659 1095 99 24 faction.
792 1094 44 23 All
847 1092 98 32 jobbing
953 1091 43 24 left
1014 1096 25 19 at
1061 1089 122 25 Weeber's

662 1133 82 31 Fancy
755 1131 150 31 Repository,
927 1129 62 25 East
1011 1128 98 29 Oxford,
1131 1128 49 24 will

661 1173 90 24 receive
763 1180 41 22 my
817 1171 51 24 best
880 1169 120 25 attention
1018 1169 48 25 and
1084 1176 96 17 reason-

663 1213 54 24 able
727 1213 71 23 rates.

695 1259 114 25 Caution.
844 1257 37 24 No
893 1256 141 25 connection
1053 1255 59 24 with
1135 1262 47 24 any

662 1300 69 24 other
743 1298 58 31 shop
814 1297 26 25 of
858 1296 92 25 similar
962 1295 104 24 address.

112 165 136 26 OXFOKD
266 162 89 26 ROAD
379 161 119 24 BOARD.

49 247 155 26 TENDERS
221 255 40 15 arc
282 244 92 25 invited
400 244 37 24 for
454 244 41 23 the
522 242 42 24 fol-

49 293 88 29 lowing
161 290 84 24 Works
254 297 5 15 :

50 334 126 29 Grubbing
198 340 69 23 gorse
297 330 48 25 and
372 330 92 27 broom,
498 328 67 24 Main

82 376 74 24 Road.

50 420 126 28 Grubbing
203 425 68 22 gorso
294 416 48 24 and
364 416 91 26 broom,
489 414 78 24 South

83 463 63 30 Eyro
169 461 76 24 Road.

51 506 111 29 Clearing
193 503 110 24 tussocks
343 501 50 24 &c
432 498 135 26 Harewood

84 548 75 25 Road.

53 593 99 29 Carting
169 591 44 23 and
233 589 125 31 spreading
376 588 98 30 shingle,
504 587 62 23 Har-

52 638 77 21 man's
147 634 78 30 Gorge
251 632 76 24 Road.

64 696 9 5 .
85 678 106 23 Tendtrs
202 679 25 21 to
239 676 29 23 bo
281 676 53 24 sent
345 674 26 23 m
383 674 29 29 by
426 674 30 22 12
468 672 97 27 o'clock,

28 714 55 31 /on
101 720 158 30 Wednesday,
278 719 58 29 Sept
348 717 43 24 7th
414 717 71 23 1802.

85 763 51 24 Tho
148 762 81 23 lowest
240 769 26 16 or
286 768 47 22 any
356 759 82 24 tender
460 759 43 23 not
526 764 40 17 ne-

54 806 111 30 cessarily
177 804 119 31 accepted.

148 847 108 26 JAMES
273 847 33 25 H.
334 844 139 29 SHAEPE,

261 889 71 26 Clerk
349 890 25 22 to
397 888 40 24 the
449 886 87 25 Board.

136 1009 163 30 OXFORD
320 1007 171 29 ANNUAL

121 1055 121 26 SPRING
266 1052 129 25 CATTLE
415 1050 92 25 SiLE.

97 1148 64 30 The
181 1145 116 33 Oxford
312 1144 111 39 Spring
449 1142 65 30 Sale
543 1142 30 29 of

97 1189 99 29 Cattle
209 1188 62 28 will
285 1189 35 27 be
343 1185 69 30 held
437 1187 31 26 at
480 1184 52 29 the

79 1245 163 31 OXFORD
299 1239 253 35 SALEYARDS.

296 1303 41 21 ON

132 1345 190 27 THURSDAY,
350 1343 82 25 SEPT
450 1344 48 22 Bth.

57 1392 124 29 Present
207 1390 110 30 entries
339 1387 154 39 comprise.

59 1437 44 29 On
115 1445 126 21 account
268 1436 31 27 of
324 1432 114 31 several
466 1433 31 29 of
524 1432 51 29 the

59 1477 117 31 Oxford
186 1477 83 29 Bush
283 1475 229 30 Land-owiitrs.

30 1512 86 37 AOO
138 1519 74 28 head
228 1518 30 28 of
274 1519 25 33 2,
330 1517 17 28 3
376 1514 59 30 and
459 1517 19 26 4
506 1524 70 22 year

57 1561 51 28 old
123 1560 100 32 cattle,
240 1558 30 29 m
293 1557 77 39 good
400 1559 78 26 store
508 1566 66 17 con-

59 1601 103 29 dition.
205 1600 129 29 Further
375 1597 110 30 entries
527 1606 48 19 so-

57 1642 110 28 licited.
210 1640 163 28 Luncheon
388 1643 30 22 at
444 1639 34 26 11
508 1648 66 17 a.m.

99 1681 66 30 Sale
180 1688 182 22 commences
391 1683 32 23 at
437 1677 97 29 11.30.

160 1731 108 31 JOHN
308 1728 168 36 INGRAM,

348 1775 185 29 Auctioneer.

81 1921 282 33 PRELIMINARY
397 1920 159 31 NOTICE.

102 2019 27 30 J.
165 2017 162 32 INC4RAM
356 2017 53 29 has
442 2017 136 29 received

59 2062 195 29 instructions
277 2061 78 28 from
382 2058 65 30 Mrs
474 2057 34 29 A.
537 2058 37 28 E.

63 2103 138 37 Comyns,
238 2102 67 28 who
327 2100 25 28 is
379 2100 119 38 leaving
525 2099 53 29 the

31 2155 9 15 /
63 2144 125 35 district,
203 2146 32 25 to
252 2140 53 31 sell
320 2142 40 37 by
375 2140 102 38 public
498 2140 79 29 Auc-

60 2184 66 29 tion
160 2192 38 19 on
232 2182 50 29 the
316 2181 141 39 premises
491 2180 85 29 West

63 2224 114 29 Oxford
193 2227 31 25 at
246 2233 39 19 an
310 2223 83 37 early
421 2222 77 34 date,
527 2222 51 28 the

61 2265 95 28 whole
170 2265 32 28 of
216 2265 52 27 her
281 2264 150 28 furniture
452 2262 58 28 and
538 2262 40 28 cf-

62 2305 58 29 cs
123 2330 10 10 c
175 2304 182 29 Particulars
378 2302 62 30 will
468 2311 110 29 appear

62 2351 73 24 next
150 2345 89 31 week.

169 2391 108 29 JOHN
297 2388 168 37 INGRAM,

348 2437 189 29 Auctioneer.

111 2585 193 44 TOWN
338 2584 193 44 HALL.

161 2646 103 30 EAST
306 2645 172 31 OXEORD.

176 2697 106 30 RACE
317 2697 149 31 NIGHT!

79 2749 184 27 SATURDAY,
283 2748 206 25 SEPTEMBER
505 2748 57 23 10th

135 2789 28 24 In
174 2790 36 23 aid
229 2789 23 23 of
269 2790 39 22 the
325 2788 94 24 Cricket
437 2788 67 23 Olub.

88 2833 68 24 MRS
174 2831 156 25 JARLEY'S
355 2831 122 24 WORLD
494 2831 57 22 RE-

125 2875 147 25 NOWNED
306 2874 207 25 WAXWORKS.

92 2919 57 23 Will
166 2919 26 22 bo
209 2918 123 26 exhibited,
349 2917 104 23 followed
478 2918 29 28 by
532 2925 13 14 a

134 2961 144 31 Concert
299 2969 66 21 and
385 2961 120 28 Dance.

76 3014 137 24 Commence
238 3016 25 20 at
286 3014 15 22 8
332 3020 54 22 p.m.
421 3011 139 28 Admission,

59 3057 73 24 Front
159 3057 74 28 Seats,
259 3057 44 31 2/-,
330 3055 65 23 Back
421 3054 75 28 Seats,
532 3054 44 34 1/-.

337 3141 7 2 -

125 3198 37 25 ST
190 3196 176 25 ANDREW'S
397 3194 115 25 GUILD.

90 3277 21 24 A
130 3278 79 24 Social
221 3277 49 24 will
287 3276 30 23 be
329 3275 55 24 held
397 3276 25 23 at
439 3275 41 24 the
504 3274 75 25 Town

60 3317 67 28 Hall,
145 3317 62 24 East
235 3316 97 28 Oxford,
361 3323 31 17 on
419 3314 160 31 Wednesday*

61 3355 58 31 Sept
131 3355 52 24 7th.
217 3355 78 23 Doors
307 3361 61 23 open
380 3355 25 22 at
433 3355 64 22 7.80.
531 3351 47 25 Ad-

60 3395 101 24 mission
182 3394 44 32 1/-.

193 3515 80 45 TO
303 3515 141 51 LET.

61 3639 126 58 AGool
198 3640 14 22 4
224 3639 98 25 roomel
334 3638 82 28 house,
430 3638 47 24 and
498 3638 31 30 G|
540 3645 35 16 ac.

134 3673 101 29 ground,
248 3672 48 25 and
307 3672 52 23 first
382 3673 68 25 class,
467 3671 109 26 orchard,

61 3710 98 27 stables,
190 3710 78 28 shoils,
299 3710 38 23 &-.
373 3710 64 24 Rent
468 3709 47 33 (;/-'
536 3717 42 23 per

60 3750 73 25 v.eek.
168 3749 77 32 Apply
257 3751 33 27 to,

142 3788 136 25 GEORGE
305 3788 190 29 MARSHALL,

360 3826 68 23 West
446 3826 96 23 Oxford.
