3460 4610
43 188 90 24 tnatter
151 185 27 24 m
200 184 43 25 the
266 182 80 25 hands
368 182 27 24 of
419 180 42 25 the
486 180 88 26 Senior

45 228 104 28 Justice,
168 228 39 24 Mr
225 227 66 25 John
309 226 117 30 Ingram;
444 225 55 24 who
507 233 70 18 came

43 274 27 19 to
82 269 42 25 the
144 267 148 27 conclusion,
317 266 55 24 that
392 266 69 24 there
479 273 50 17 was
547 274 31 17 no

43 313 122 30 necessity
177 314 25 21 to
214 318 72 17 cause
298 317 103 23 expense
414 312 25 21 to
452 310 41 23 the
503 318 73 16 coun-

45 359 40 28 try
96 356 48 24 and
157 362 87 17 sorrow
254 356 25 22 to
289 354 41 23 the
341 353 115 24 relatives
465 353 32 31 by
506 353 70 25 hold-

44 399 43 32 ing
104 406 32 17 an
164 398 108 31 inquest,
315 396 50 24 and
402 397 80 25 under
510 397 70 24 these

44 446 193 21 circumstances
249 441 40 23 Mr
299 440 104 31 Ingram
412 448 57 24 very
482 448 97 24 proper-

46 486 27 31 ly
84 485 82 25 issued
184 485 42 24 the
238 492 131 22 necessary
392 484 127 31 authority
542 484 38 24 for

47 529 81 25 burial
139 530 26 23 of
174 528 43 25 the
230 528 121 25 deceased.

80 600 66 24 Boat
164 599 127 24 Accident
308 606 31 16 on
442 598 106 23 Ingram.
552 612 31 4 —

82 643 22 23 A
113 643 64 23 Boat
188 641 78 24 which
289 648 47 16 was
349 640 121 31 supposed
482 643 25 21 to
518 640 65 24 have

47 687 64 24 been
124 685 154 26 constructed
290 692 33 16 on
334 685 43 24 the
397 685 73 24 latest
482 685 99 24 scienti-

51 730 31 24 fic
106 729 139 32 principles,
276 728 121 31 suddenly
421 728 113 31 capsized
553 736 31 15 on

51 774 113 31 Tuesday
176 773 135 28 afternoon,
325 771 121 32 although
465 772 73 32 (shall
550 780 36 16 we

51 819 62 29 say),
134 817 78 23 under
240 823 63 23 very
331 815 55 24 able
410 817 176 28 management

54 861 67 31 (viz.)
135 859 102 31 Captain
252 859 113 23 Watson.
393 857 99 26 Several
504 866 83 23 young

52 904 77 24 ladie.s
147 911 60 16 were
221 903 24 23 m
266 902 43 24 the
321 902 57 23 boat
398 903 26 22 at
437 901 43 24 the
492 902 59 23 time
563 901 27 24 of

54 947 41 24 the
104 946 164 31 catastrophe,
281 945 48 23 and
341 945 42 23 the
395 944 116 31 draggled
525 946 63 22 state

54 991 27 23 of
97 990 64 25 their
173 989 83 27 skirts,
274 996 27 16 as
314 988 58 30 they
398 987 145 25 skedaddled
562 989 26 23 to

56 1035 41 24 ihe
107 1036 79 23 haven
204 1033 27 25 of
241 1033 44 31 dry
303 1031 111 31 clothing
426 1032 80 30 amply
519 1031 67 25 testi-

55 1078 55 30 fied,
129 1080 26 22 to
174 1078 64 24 their
260 1074 149 26 miraculous
426 1082 84 17 rescue
525 1075 63 24 from

56 1121 127 30 drowning
194 1120 27 24 m
242 1121 48 23 two
310 1118 47 25 feet
380 1118 24 24 of
427 1122 81 20 water.
543 1118 46 24 We

55 1174 41 15 are
113 1164 118 25 informed
244 1163 55 24 that
310 1163 42 23 the
369 1161 97 32 gallant
485 1161 103 32 Captain

56 1209 104 31 signally
171 1206 181 32 distinguished
375 1206 100 25 himself
487 1206 26 23 m
533 1214 56 16 res-

55 1254 76 29 cuing
153 1254 40 22 the
217 1250 129 32 drowning
363 1257 151 24 passeagers,
540 1250 50 23 and

57 1304 34 16 no
103 1295 76 25 doubt
191 1295 69 24 there
278 1294 51 24 will
343 1294 28 23 be
383 1304 15 13 a
410 1294 89 29 special
511 1293 79 25 medal

57 1339 82 24 struck
153 1338 36 25 off
198 1341 25 21 to
246 1337 92 25 reward
360 1337 54 23 him
426 1337 39 23 for
486 1335 40 25 his
538 1337 50 30 gal-

57 1383 54 24 lant
123 1381 112 25 conduct.

90 1447 35 24 To
136 1454 49 15 the
197 1445 137 24 Electors.
338 1459 31 3 —
370 1445 25 23 It
407 1452 58 24 may
483 1444 103 24 interest

57 1491 42 25 the
112 1492 101 23 electors
239 1489 26 25 of
287 1489 92 25 Oxford
397 1491 31 23 -to
452 1489 69 24 know
535 1488 55 25 that

58 1535 59 31 they
134 1542 46 16 can
204 1532 71 31 study
298 1539 117 24 economy
440 1531 33 32 by
497 1531 94 32 buying

57 1579 65 24 their
141 1578 110 31 Drapery
272 1576 50 25 and
334 1576 120 31 Clothing
466 1577 26 24 at
505 1576 31 24 E.
555 1576 35 24 H.

59 1623 117 27 Parish's,
190 1622 68 31 High
272 1621 88 29 Street,
374 1621 79 23 where
470 1620 59 31 they
541 1621 51 23 will

59 1670 40 28 get
111 1666 117 24 Trousers
240 1664 63 25 from
325 1666 35 22 Gs.
378 1671 55 24 per.
440 1664 73 31 pair;
531 1663 62 25 Col-

57 1709 67 26 onial
136 1709 87 25 Tweed
237 1708 68 25 Suits
317 1708 61 24 from
393 1708 44 24 25s
443 1708 53 24 also
509 1706 81 32 splen-

57 1754 42 24 did
116 1753 72 24 value
205 1753 27 24 m
245 1752 75 32 Boy's
342 1751 109 25 Knicker
465 1750 69 26 Suits
555 1752 36 22 ss.

92 1824 177 23 Influenza.—
275 1821 61 23 Now
355 1820 50 24 this
433 1820 119 30 epidemic
571 1820 22 24 is

60 1866 128 31 becoming
199 1864 127 32 prevalent
334 1871 37 17 we
383 1863 111 31 strongly
504 1870 88 17 recom-

60 1910 72 24 mend
143 1910 43 23 the
196 1909 50 23 free
257 1915 44 17 use
313 1906 26 24 of
349 1907 121 30 Platypus
477 1906 84 24 Brand
569 1905 26 24 of

59 1953 153 31 Eucalyptus
226 1951 123 25 Globulus
378 1950 111 27 Extract,
518 1949 74 25 taken

61 2005 66 23 upon
150 2004 73 23 sugar
251 2004 27 15 or
296 1995 28 24 m
348 1993 69 24 milk.
453 1993 53 24 The
529 1995 65 22 most

59 2031 114 32 pleasant
184 2037 53 23 way
249 2031 25 21 to
284 2028 55 24 tako
352 2026 154 32 Eucalyptus
527 2026 21 24 is
566 2027 27 22 m

60 2074 43 24 the
136 2073 114 31 Platypus
278 2071 86 24 Brand
392 2071 27 24 of
441 2070 151 31 Eucalyptus

62 2117 114 33 Jujubes.
211 2117 69 30 They
292 2124 41 16 are
344 2116 25 23 m
386 2114 61 25 such
459 2122 15 16 a
485 2113 108 32 portable

60 2159 70 26 form,
143 2158 113 31 pleasant
268 2159 25 22 to
305 2158 74 26 taste,
398 2155 49 24 and
465 2155 129 30 antiseptic

60 2197 140 24 stimulant.

94 2247 96 24 Cntcus.
193 2261 33 2 —
226 2245 93 25 Messrs
331 2244 121 24 Probasco
470 2243 50 24 and
532 2243 59 23 Fin-

58 2292 63 31 lay's
161 2290 86 25 Circus
281 2288 50 25 and
361 2286 232 34 Equescurriculum

58 2343 61 21 jrave
138 2343 32 15 an
198 2333 150 32 Equestrian
374 2331 170 31 performance
567 2331 26 22 at

57 2377 93 25 Oxford
162 2385 29 16 on
206 2376 122 29 Saturday
339 2374 112 30 evening,
465 2375 26 23 to
501 2381 12 15 a
524 2373 68 31 large

56 2421 121 31 auditory.
224 2418 53 26 The
288 2418 168 32 performance
468 2425 50 16 was
530 2424 58 23 very

56 2465 71 32 good,
146 2464 51 24 and
207 2463 110 24 needless
331 2465 24 21 to
368 2470 43 23 say
423 2469 49 16 was
492 2468 100 24 apprec-

56 2509 75 24 iated.
165 2508 53 24 The
240 2506 98 25 various
360 2505 63 24 feats
447 2505 27 24 of
499 2505 90 29 riding,

56 2552 132 30 mounting
199 2550 47 24 and
268 2549 169 30 dismounting
447 2548 44 24 the
502 2547 88 31 ponies

56 2595 73 24 when
139 2595 26 23 m
185 2593 46 25 full
244 2593 80 31 speed,
348 2600 64 17 were
432 2591 114 25 followed
557 2590 33 32 by

56 2638 88 25 dances
157 2637 49 25 and
224 2637 108 31 military
357 2635 113 25 marches
492 2635 32 31 by
547 2634 45 25 the

59 2683 92 31 ponies,
169 2703 3 11 ,
193 2680 176 32 accompanied
393 2679 37 33 (as
451 2679 82 31 usual)
559 2678 33 32 by

55 2727 76 23 sweet
153 2724 91 25 strains
270 2723 33 31 by
325 2723 43 24 the
379 2744 3 2 .
394 2722 79 23 Band.
508 2722 82 23 These

53 2769 86 24 horses
151 2767 51 25 and
211 2766 85 32 ponies
308 2774 61 23 gave
381 2764 115 26 evidence
506 2765 28 24 of
545 2764 44 24 the

54 2811 155 26 remarkable
211 2806 3 13 ;
221 2811 84 30 ability
317 2809 28 25 of
362 2809 57 24 that
430 2808 171 32 experienced'

54 2857 101 27 trainer,
174 2856 42 23 Mr
233 2853 131 25 Probasco.
407 2852 51 26 The
479 2853 109 24 contort-

52 2899 108 28 tionists,
184 2899 107 30 trapeze:
305 2896 133 31 balancing
461 2897 41 23 &c.
510 2895 80 32 'being

51 2945 55 31 part
129 2943 27 24 of
171 2943 42 24 the
240 2941 118 31 evenings
384 2940 202 29 entertainment,

51 2976 146 31 altogether,
222 2975 43 24 the
277 2974 95 25 various
384 2974 72 24 items
469 2981 68 20 were,
557 2981 29 16 as

51 3014 43 26 the
106 3014 146 25 Auctioneer
261 3020 63 24 says,
338 3012 90 24 almost
511 3018 72 17 num-

51 3066 71 18 erous
134 3060 25 22 to

92 3212 148 25 POLLING
257 3210 131 25 PLAGES
401 3209 66 24 FOE
485 3208 70 25 THE

123 3255 139 25 KAIAPOI
282 3251 240 27 ELECTORATE.

92 3330 52 25 The
156 3330 75 25 Court
250 3329 92 29 House,
362 3327 71 26 West
457 3326 99 25 Oxford.

186 3469 292 31 MAGISTERIAL.

284 3522 76 7 «sne>

252 3542 146 29 OXFORD,

139 3586 115 31 Monday,
273 3585 143 30 November,
437 3585 68 28 23rd,

58 3629 88 25 Before
157 3629 90 24 Messrs
273 3628 33 24 H.
327 3629 37 26 W.
390 3628 100 31 Bishop,
516 3627 18 25 S
544 3627 44 29 M.,

57 3673 32 29 R,
104 3674 33 23 H.
148 3672 89 25 Parish
249 3672 48 24 and
310 3672 30 25 G.
353 3672 30 24 A.
395 3670 99 32 Wbyte,
514 3671 74 25 J.P's.

93 3739 186 24 Maintenance.
281 3752 32 3 —
313 3738 95 23 Minnie
419 3737 135 31 McCarthy
565 3745 23 16 v.

58 3784 69 26 John
147 3782 142 31 McCarthy.
339 3782 40 24 Mr
405 3782 126 25 Johnston
552 3781 38 25 for

57 3828 178 30 complainant.
264 3826 61 24 This
337 3834 47 16 was
397 3834 30 16 an
440 3826 147 31 application

59 3872 38 24 for
107 3871 174 24 maintenance
293 3877 32 17 on
342 3869 43 24 the
394 3869 95 31 ground
501 3869 26 24 of
536 3870 53 23 des-

61 3916 87 29 ertion,
167 3914 47 24 and
226 3921 33 17 an
271 3914 70 24 order
352 3921 50 17 was
412 3913 73 25 made
495 3914 95 31 against

58 3959 131 25 defendant
201 3959 24 23 to
237 3965 48 23 pay
294 3959 36 23 7s.
351 3957 39 25 Gd.
409 3965 43 23 per
463 3957 67 25 week
541 3958 49 24 and

60 4003 36 24 £1
112 4004 34 22 Is.
160 4003 70 22 costs.

93 4046 33 25 A.
145 4045 95 24 Bailey
252 4052 21 16 v.
287 4044 75 25 Thos.
381 4043 118 29 Pearson,
520 4043 71 26 View

61 4090 109 25 Hill.—
172 4088 163 25 lnformation
353 4088 51 24 laid
415 4089 29 31 by
456 4088 134 31 complain-

59 4136 44 21 ant
123 4133 53 23 that
188 4139 15 16 a
220 4131 47 30 dog
278 4131 43 23 tbe
341 4134 115 27 property
478 4130 27 24 of
515 4130 73 24 Thos.

59 4175 107 24 Pearson
179 4174 41 24 did
231 4173 51 25 bite
301 4183 14 14 a
326 4172 46 33 boy
385 4173 29 23 II
428 4181 70 24 years
510 4173 27 25 of
546 4180 45 24 age

59 4227 33 17 on
104 4220 52 24 Oct.
171 4218 67 25 17th.
251 4217 57 25 last.
354 4217 40 24 Mr
412 4216 117 25 Helmore
548 4224 42 24 ap-

57 4264 86 30 peared
165 4262 36 24 for
223 4262 94 31 Bailey,
337 4261 40 24 Mr
400 4260 126 25 Johnston
552 4260 38 25 for

60 4306 117 24 Pearson.
220 4305 81 24 About
320 4312 16 16 a
358 4304 77 24 dozen
461 4304 127 24 witnesses

56 4358 57 24 gave
125 4349 117 29 evidence,
259 4356 27 17 m
296 4349 64 31 ostly
370 4347 27 26 m
408 4347 86 26 favour
513 4348 26 25 of
550 4347 39 26 the

56 4394 56 30 dog,
124 4393 125 32 testifying
268 4394 26 24 to
315 4393 35 25 its
369 4391 99 34 general
484 4392 104 32 playful-

56 4443 57 17 ness
125 4436 49 24 and
184 4436 65 31 good
259 4438 103 29 temper,
382 4435 43 25 but
437 4434 41 25 the
501 4434 87 25 Bench

55 4479 44 26 Jael
106 4479 14 25 d
134 4479 52 24 that
207 4479 43 25 the
261 4479 48 32 dog
330 4478 94 33 having
449 4478 78 26 bitten
545 4477 43 26 the

55 4535 18 27 jj
141 4522 95 32 proved
261 4522 158 30 viciousness,
456 4530 14 16 a
488 4521 51 26 fine
562 4521 26 25 of

607 198 52 24 20s.
684 198 49 24 and
752 200 73 28 costs,
846 199 50 24 and
919 207 33 16 an
977 199 70 25 order
1066 199 79 25 under

609 241 97 25 Section
731 243 14 23 2
758 243 29 24 of
799 243 43 24 the
863 243 54 27 Act,
935 243 56 24 that
1004 243 42 24 the
1065 251 80 16 owner

609 287 65 23 must
685 286 61 32 keep
770 286 43 25 the
826 286 53 25 said
899 286 49 32 dog
959 286 77 25 under
1059 295 85 23 proper

608 330 103 24 control.

642 373 100 25 Oxford
754 373 69 25 Eoad
835 373 85 25 Board
940 381 24 17 v.
976 373 134 25 Dumphey.
1114 387 31 4 —

609 415 142 26 Defendant
769 416 64 25 fined
854 418 36 23 Is.
912 417 104 24 without
1029 419 65 22 costs
1107 417 38 24 for

609 462 45 22 not
676 460 147 32 registering,
844 460 48 30 dog
911 467 56 17 over
992 460 37 24 six
1041 460 102 24 months

609 504 49 24 old.
682 504 73 25 Same
766 512 24 16 v.
800 504 94 24 Walter
902 504 77 31 Hyde,
992 504 37 24 for
1040 506 44 22 not
1096 512 50 23 reg-

610 548 103 31 istering
726 547 54 31 dog,
795 547 41 25 Mr
849 547 96 31 Sharpe
951 556 3 8 •
961 554 60 24 gave
1033 547 114 24 evidence

611 593 53 22 that
677 591 42 24 the
739 591 48 31 dog
799 598 50 16 was
862 590 79 24 eitber
961 598 15 15 a
987 590 94 23 Puddle
1093 598 23 15 or
1132 598 15 15 a

611 634 104 23 Terrior.
750 633 78 23 Fined
842 635 33 22 Is.
891 633 102 24 without
1005 635 74 22 costs.

644 678 78 24 Hugh
743 676 141 25 McGibbon
905 676 37 25 for
961 676 121 31 imbibing
1105 678 41 22 too

612 721 76 25 much
700 721 46 24 fire
757 722 84 22 water.
878 721 36 23 ss.
927 720 48 23 and
987 723 73 21 cost«.

647 765 102 24 Eobhrt
775 763 119 27 Hodgson
920 763 58 24 took
1007 765 41 22 too
1077 763 71 24 much

933 807 112 24 becomes
1067 807 80 31 noisy,

614 851 119 25 bellieeus
745 850 49 24 and
806 849 106 25 turbelet
924 854 26 20 at
960 850 41 23 the
1011 849 137 25 Harewood

615 895 74 23 Arms
712 894 74 24 Hotel
805 901 32 16 on
859 893 53 25 Oct.
926 894 69 25 17th.
1030 893 118 24 Received

616 947 18 16 a.
640 939 61 30 long
723 937 91 24 lecture
833 937 64 24 from
910 937 42 24 the
974 937 93 28 Bench,
1088 937 61 24 with

616 982 82 24 advice
707 984 55 22 that
773 981 71 24 when
853 981 103 31 visiting
966 980 91 25 Oxford
1066 988 84 24 young

617 1034 57 16 men
686 1028 67 22 must
766 1025 92 25 behave
875 1024 148 25 themselves
1039 1033 28 15 or
1078 1024 71 25 abide

616 1069 31 32 by
659 1069 42 25 the
713 1076 188 24 consequences.
936 1068 80 24 Fined
1036 1069 52 23 40s.
1101 1068 48 24 and

616 1115 71 26 costs,
700 1120 27 17 or
738 1112 28 25 m
777 1111 94 26 default
893 1112 44 25 the
948 1111 74 25 usual
1042 1111 106 25 alterna-

616 1156 59 25 tive.

651 1304 210 26 MORTGAGES
892 1302 223 26 REGISTERED

748 1347 134 25 DURING
899 1348 116 24 1895-96.

649 1415 53 24 The
729 1413 105 24 number
862 1413 26 24 of
908 1414 149 29 mortgages,
1088 1411 57 24 with

617 1453 64 25 their
698 1453 63 24 total
769 1453 124 28 amounts,
910 1451 132 32 registered
1059 1450 89 24 within

618 1492 40 24 the
670 1492 111 23 different
792 1491 137 30 provincial
940 1490 109 24 districts
1058 1489 37 24 for
1106 1488 43 24 the

618 1538 56 23 yea.i
682 1529 92 32 ending
781 1528 86 26 March
875 1530 65 27 31st,
954 1529 73 27 1896,
1037 1534 63 18 were
1109 1534 5 16 :
1117 1540 33 5 —

618 1568 128 25 Auckland
820 1587 27 5 ...
868 1568 73 28 1,405
963 1586 27 5 ...
1043 1566 107 28 474,593

619 1609 123 25 Taranaki
816 1620 26 12 ..;
895 1609 48 23 905
964 1626 26 5 ...
1044 1607 106 27 300,865

618 1646 176 31 Hawke'sßay
815 1665 26 4 ...
895 1647 47 23 807
963 1663 27 5 ...
1043 1646 107 26 631,115

621 1687 150 30 Wellington
814 1705 27 5 ...
868 1687 74 27 2,458
963 1704 27 5 ...
1018 1686 131 28 1,580,081

621 1726 91 23 Nelson
815 1743 26 5 ...
895 1724 47 23 325
964 1742 26 5 ...
1045 1724 106 28 824,596

620 1765 174 31 Marlborough
814 1784 26 4 ...
895 1765 47 23 114
964 1782 27 5 ...
1061 1764 89 28 69,951

620 1803 130 25 Wesriand
816 1822 26 5 ...
912 1803 32 23 43
965 1821 26 5 ...
1063 1802 88 27 13,812

620 1842 151 32 Canterbury
818 1862 27 4 ...
882 1844 65 24 1765
967 1861 27 4 ...
1019 1842 132 28 1,114,544

621 1881 78 31 Otago
816 1899 27 4 ...
896 1881 47 23 935
964 1898 27 5 ...
1045 1881 106 27 520,888

623 1920 137 26 Southland
817 1939 27 5 ...
898 1921 47 24 596
965 1938 27 5 ...
1046 1921 105 27 520,788

686 2002 72 23 Total
822 2020 26 5 ...
896 2001 49 25 596
1045 2001 106 28 502,788

654 2042 141 30 Mortgages
822 2041 104 31 granted
953 2042 44 22 not
1023 2039 128 31 exceeding

621 2083 67 24 £500
697 2089 62 18 were
768 2083 73 26 7366,
858 2081 173 31 representing
1044 2081 107 27 £1,344,

620 2122 48 23 833
677 2128 6 21 ;
702 2121 108 24 between
829 2121 69 23 £500
910 2119 49 24 and
982 2119 81 30 1,000,
1078 2119 72 28 1083,

620 2159 168 31 representing
800 2159 129 28 £793,552
941 2166 5 21 ;
959 2157 110 25 between
1078 2157 73 28 1,000

620 2200 49 23 and
680 2201 102 27 £5,000,
795 2199 56 28 823,
864 2198 171 31 representing
1047 2197 103 28 £1,928,

620 2238 48 23 200
677 2244 6 21 ;
702 2236 49 25 and
762 2244 58 17 over
842 2237 103 28 £5,000,
965 2237 55 26 139,
1039 2236 111 22 amount-

619 2275 43 32 ing
672 2277 26 23 to
710 2275 160 30 £1,707,205.
907 2270 4 4 '
921 2274 54 24 The
986 2275 86 23 return
1093 2272 57 24 does?

619 2320 43 19 not
689 2315 98 24 include
809 2322 100 24 moneys
933 2315 54 23 lent
1006 2313 78 24 under
1106 2312 44 24 the

626 2354 162 23 government
810 2353 120 23 advances
947 2354 26 21 to
985 2350 96 25 settlers
1095 2350 55 23 Act.

620 2392 33 25 Of
661 2392 44 25 the
715 2394 65 23 rates
800 2392 26 25 of
834 2392 104 24 interest
949 2390 106 32 charged
1076 2397 73 23 rang-

618 2431 44 32 ing
672 2431 64 26 from
749 2432 33 24 2i
804 2434 26 21 to
842 2431 30 26 62
885 2429 49 26 and
945 2431 47 24 five
1014 2428 80 27 sixths
1106 2436 44 23 per

696 2470 43 25 the
750 2469 138 31 prevailing
906 2470 52 23 rate
969 2469 21 23 is
1003 2470 13 22 6
1029 2476 43 23 per
1084 2469 64 22 cent.

619 2509 150 29 £1,359,021
787 2507 75 31 being
884 2507 50 23 lent
945 2509 26 22 at
994 2506 50 24 this
1055 2505 92 32 figure:

620 2547 128 29 £780,153
759 2547 21 23 is
791 2545 53 25 lent
856 2547 26 23 at
895 2547 14 23 5
926 2553 43 23 per
981 2548 55 20 cent
1045 2554 6 18 ;
1070 2544 76 28 £732,

619 2587 48 25 764
679 2587 26 23 at
716 2586 33 27 5£
759 2592 40 23 per
808 2585 57 23 cent
877 2592 5 21 ;
902 2584 126 28 £592,292
1042 2584 26 23 at
1080 2585 13 22 7
1104 2590 45 23 per

618 2628 57 23 cent
684 2634 7 21 ;
709 2625 50 25 and
767 2625 128 28 £382,348
907 2625 26 23 at
945 2625 14 23 8
970 2631 43 24 per
1023 2625 63 23 cent.
1112 2623 37 24 At

620 2665 40 24 the
671 2664 88 32 higher
851 2663 42 23 the
905 2662 114 31 majority
1037 2662 28 24 of
1073 2663 74 22 mort-

618 2711 73 23 gages
710 2710 41 16 are
776 2702 27 23 m
826 2702 41 22 the
889 2700 82 24 North
993 2700 86 24 Island
1099 2699 48 24 and

617 2749 76 24 range
704 2742 64 22 from
780 2741 31 22 10
829 2740 26 23 to
869 2740 29 22 15
911 2746 43 24 per
966 2740 64 22 cent.
1070 2738 33 23 At
1116 2738 33 23 20

618 2787 43 23 per
680 2779 55 24 cent
748 2778 96 29 £2,084
856 2776 21 25 is
889 2777 60 29 lent,
961 2777 83 24 £1984
1055 2776 26 24 of
1100 2776 49 25 this

618 2827 56 16 sum
700 2819 28 24 m
755 2817 44 25 the
843 2817 153 30 Wellington
1038 2816 110 30 district;

618 2858 83 23 £1340
735 2857 20 24 is
789 2857 53 23 lent
877 2857 26 22 at
936 2856 33 23 40
1013 2863 43 23 per
1084 2857 64 25 cent,

618 2895 41 25 the
670 2895 81 25 whole
762 2895 25 23 of
797 2895 21 23 it
838 2894 27 24 m
890 2892 153 33 Canterbury
1053 2900 5 22 ;
1077 2892 73 26 while

620 2936 86 25 £1000
722 2936 22 23 is
755 2934 119 25 returned
889 2942 28 17 as
935 2933 72 32 being
1018 2933 53 25 lent
1080 2935 26 23 at
1117 2934 33 25 62

618 2977 48 24 and
677 2977 47 24 five
737 2977 78 22 sixths
826 2983 43 23 per
880 2978 65 24 cent,
967 2974 41 24 the
1019 2974 130 24 unfortun-

618 3019 40 22 ate
669 3017 121 24 borrower
814 3015 73 32 being
903 3015 28 24 m
950 3015 43 24 the
1018 3014 129 25 Auckland

618 3058 105 25 district.

807 3203 157 25 RECIPES.

651 3277 102 25 Vanilla
771 3276 140 32 flavouring
922 3276 22 25 is
962 3277 42 30 apt
1024 3276 25 25 to
1061 3275 29 25 be
1110 3275 38 24 de-

619 3316 97 33 stroyed
728 3318 25 22 to
765 3323 15 17 a
802 3316 70 31 great
884 3316 84 23 extent
988 3314 91 32 during
1091 3313 57 24 bak-

618 3355 43 31 ing
672 3362 27 17 or
710 3354 102 31 boiling,
825 3353 48 25 and
881 3353 28 24 m
917 3352 138 31 flavouring
1066 3360 16 16 a
1090 3351 58 26 cake

618 3395 20 24 it
658 3395 50 24 will
720 3395 30 23 be
761 3394 77 24 found
849 3401 15 16 a
886 3393 62 31 good
970 3393 58 31 plan
1040 3394 26 23 to
1082 3394 66 30 post-

618 3443 64 23 pone
704 3435 74 31 using
789 3435 41 23 the
847 3434 136 31 flavouring
1007 3434 64 23 until
1089 3433 59 24 after

618 3474 99 31 baking.
762 3474 65 23 Then
840 3474 47 24 wet
911 3480 61 24 your
994 3472 70 25 clean
1084 3471 64 25 hand

619 3515 58 24 with
688 3515 43 24 the
757 3515 93 23 extract
873 3513 49 24 and
939 3513 45 24 rub
995 3513 21 24 it
1039 3520 57 17 over
1107 3511 41 25 the

618 3556 42 30 top
674 3555 27 24 of
710 3555 43 24 the
772 3553 52 25 stiff
842 3554 44 23 hot
898 3553 59 25 cake
967 3561 5 21 ;
991 3553 43 24 the
1059 3552 89 25 flavour

617 3594 50 24 will
678 3594 127 30 penetrate
817 3592 50 24 and
878 3592 31 24 be
920 3600 57 23 very
990 3591 114 25 delicate.

651 3672 22 25 A
684 3671 62 32 good
766 3680 50 22 way
828 3673 26 23 to
872 3670 61 26 cook
945 3679 13 16 a
970 3670 103 25 chicken
1095 3669 56 26 that

617 3710 46 25 has
675 3709 86 32 passed
769 3710 30 24 its
811 3710 77 31 youth
900 3709 50 24 and
962 3709 149 28 tenderness,
1129 3708 21 23 is

618 3750 25 24 to
661 3749 50 24 boil
722 3749 20 24 it
753 3748 40 25 till
815 3747 44 26 the
875 3747 63 25 flesh
950 3747 60 31 slips
1033 3746 63 25 from
1108 3746 43 25 the

617 3790 82 24 bones.
734 3789 73 24 Place
825 3790 41 23 the
877 3789 81 31 pieces
979 3787 26 24 of
1014 3789 67 23 meat
1092 3788 27 23 m
1136 3796 15 16 a

616 3830 69 31 large
707 3837 48 23 pan
767 3837 28 16 or
816 3829 102 24 earthen
938 3829 63 28 dish,
1021 3829 63 24 skim
1108 3828 43 24 the

616 3869 101 24 fatfrom
724 3868 43 26 the
779 3868 89 31 liquor,
878 3876 87 17 season
978 3868 49 24 and
1039 3868 47 24 add
1098 3867 53 25 half

617 3917 33 17 an
661 3917 78 18 ounce
750 3909 27 24 of
792 3909 115 31 gelatine.
942 3909 83 24 When
1035 3909 21 24 it
1066 3908 23 25 is
1102 3908 48 25 dis-

618 3950 89 28 solved,
721 3957 61 24 pour
793 3949 45 24 hot
849 3956 58 17 over
919 3949 43 24 the
971 3948 111 25 chicken.
1101 3947 49 25 Put

618 3995 31 16 on
661 3988 43 28 ice,
724 3987 48 24 and
784 3994 66 17 serve
862 3986 55 24 cold
928 3987 28 23 m
969 3985 79 25 slices.

802 4039 67 18 SNOW
885 4039 82 16 BALLS.

654 4072 50 25 Put
716 4081 15 16 a
743 4079 46 23 cnp
801 4071 27 24 of
838 4071 46 23 rice
893 4070 27 24 m
929 4079 13 14 a
955 4077 121 23 saucepan
1088 4069 62 25 with

619 4109 68 25 milk.
725 4110 55 23 Boil
792 4109 64 24 until
867 4108 94 29 tender,
980 4107 48 24 add
1040 4108 49 23 salt
1100 4107 51 23 and

617 4149 44 29 put
672 4147 28 24 m
711 4154 61 23 cups
790 4148 26 22 to
837 4145 62 25 cool.
934 4145 82 25 When
1037 4144 114 24 moulded

618 4189 57 23 turn
687 4189 42 22 out
738 4186 27 24 m
777 4194 14 16 a
804 4185 62 29 dish,
878 4184 50 25 and
939 4192 69 17 serve
1018 4183 57 25 with
1083 4183 67 25 fresh

618 4227 102 29 berries,
738 4234 27 17 or
776 4227 58 23 fruit
844 4225 61 33 jam.

647 4330 33 24 In
708 4327 124 33 Belgium,
886 4328 156 32 forly-seyen
1071 4329 80 23 towns

617 4370 48 24 and
693 4368 69 33 eight
774 4368 27 26 cf
821 4367 43 25 the
881 4369 60 23 nine
965 4367 134 33 provincial
1110 4367 41 24 ad-

616 4406 183 26 ministrations
811 4405 97 32 require
918 4406 66 24 their
995 4407 155 24 contractors

614 4448 27 23 to
653 4454 72 25 agree
745 4446 26 24 to
783 4445 43 25 the
845 4448 118 28 payment
974 4445 28 24 of
1018 4445 132 26 minimum

616 4493 81 24 wages
716 4485 28 25 m
766 4483 84 33 public
870 4485 131 27 contracts,
1020 4492 15 17 a
1047 4483 104 33 striking

613 4525 116 27 instance
748 4521 28 25 of
797 4522 42 25 the
863 4528 116 24 progress
998 4522 28 25 of
1042 4521 44 26 the
1107 4521 44 28 fait

1185 211 69 23 wage
1267 209 138 20 movement
1413 206 26 23 m
1448 205 123 31 Belgium,
1590 206 53 25 The
1654 215 67 16 same

1187 242 112 31 question
1317 243 46 24 has
1384 243 60 25 been
1465 242 108 32 agitated
1595 243 37 26 for
1650 253 68 17 some

1185 286 59 23 time
1256 286 25 24 m
1294 286 44 25 the
1352 287 123 25 Chamber
1488 287 25 25 of
1524 286 127 32 Deputies,
1670 289 48 24 and

1185 329 43 23 the
1240 329 87 32 pledge
1347 330 73 31 given
1445 330 30 31 by
1493 329 57 25 the'
1568 329 114 27 Minister
1699 332 27 24 of

1185 361 101 25 Labour
1297 363 22 24 is
1337 370 55 17 now
1412 368 26 19 to
1461 365 28 22 be
1504 361 126 26 redeemed
1642 365 26 23 m
1681 365 41 24 the

1185 402 56 17 case
1251 394 26 25 of
1287 396 34 24 all
1344 404 99 16 masons
1455 396 50 24 and
1522 396 112 24 navvies.
1670 398 52 24 The

1185 434 151 29 experiment
1355 434 46 24 will
1413 434 29 25 be
1466 433 63 26 tried
1539 434 40 23 for
1602 443 14 16 a
1628 436 67 29 perio
1707 436 16 24 d

1185 474 28 25 of
1229 475 38 24 six
1280 477 112 24 months.

1219 623 21 24 A
1253 623 48 24 Bill
1314 624 97 31 dealing
1422 625 76 31 solely
1509 624 58 24 with
1579 625 43 24 the
1634 626 84 24 EeJer-

1188 663 86 24 endurn
1287 664 21 24 is
1328 666 118 28 promised
1459 666 86 31 during
1566 664 41 25 the
1619 669 98 28 present

1188 703 94 24 session
1294 703 32 32 by
1338 704 106 24 Premier
1451 704 71 28 Eeid,
1533 704 26 24 of
1566 704 59 26 New
1639 705 80 25 South

1188 742 91 25 Wales.
1281 758 31 3 —
1314 745 125 23 Forward.

1221 782 53 25 The
1283 783 121 25 initiative
1412 785 48 23 and
1466 784 160 29 referendum,
1635 786 82 24 which

1188 830 40 17 are
1238 822 34 25 all
1282 826 68 27 parts
1363 825 25 22 of
1405 824 42 24 the
1459 824 130 24 socialistic
1608 825 113 30 platform

1188 862 49 23 ard
1246 870 57 23 very
1314 871 59 16 near
1385 864 232 31 accomplishment,'
1631 866 50 24 will
1693 866 29 24 be

1188 901 78 30 ample
1277 901 142 31 safeguards
1439 903 96 31 against
1552 909 49 24 any
1619 911 102 23 govern-

1188 939 95 23 mental
1294 941 107 30 tyranny
1423 948 28 16 or
1463 941 92 24 misuse
1566 940 28 24 of
1601 949 82 23 power
1694 942 27 24 m

1188 977 42 24 the
1246 976 89 25 future.
1338 992 31 3 —
1370 979 125 24 Forward.

1221 1109 53 25 The
1284 1111 68 30 great
1374 1109 110 25 doctrine
1495 1108 26 26 of
1536 1108 49 24 free
1602 1109 115 30 competi-

1189 1148 51 24 tion
1251 1148 22 24 is
1284 1147 50 25 like
1343 1156 12 14 %
1368 1147 95 32 python
1480 1147 58 24 with
1549 1147 32 24 its
1593 1147 44 24 tail
1646 1148 28 23 m
1685 1149 31 24 its

1189 1186 95 24 mouth.
1314 1186 24 23 It
1347 1186 46 24 has
1406 1194 31 16 no
1449 1186 86 24 visible
1547 1185 135 32 beginning
1693 1195 28 16 or

1189 1224 53 29 end,
1261 1224 48 24 and
1319 1231 33 16 no
1360 1231 46 17 one
1418 1232 47 16 can
1477 1223 89 31 attack,
1573 1231 46 17 one
1630 1227 56 28 part
1694 1226 26 23 of

1189 1262 18 24 it
1218 1262 104 24 without
1329 1262 145 31 infuriating
1482 1262 33 24 all
1526 1262 41 24 the
1578 1264 50 23 rest
1641 1263 24 24 of
1677 1264 43 23 the

1189 1299 93 24 animal
1293 1307 5 21 ;
1317 1299 49 24 and
1376 1302 25 21 to
1409 1302 86 28 expect
1503 1299 49 25 free
1561 1301 157 29 competition

1189 1339 25 23 to
1225 1337 105 32 produce
1348 1346 49 22 any
1416 1339 99 30 remedy
1526 1338 38 24 for
1574 1337 33 25 its
1619 1346 55 16 own
1684 1339 35 24 ill-

1189 1377 86 32 doings
1284 1377 21 25 is
1313 1377 51 32 just
1374 1378 42 24 the
1428 1386 66 16 same
1503 1386 28 16 as
1540 1378 128 31 expecting
1677 1379 44 24 the

1189 1417 94 32 python
1295 1420 33 22 to.
1342 1417 105 25 swallow
1465 1417 68 25 itself
1553 1417 91 31 bodily,
1672 1418 49 24 and

1189 1456 58 24 thus
1258 1464 98 16 remove
1367 1455 67 25 itself
1444 1457 42 23 out
1515 1455 25 25 of
1562 1455 42 26 the
1625 1464 59 25 way.
1686 1471 34 4 —

1189 1496 112 23 Bulletin.

1402 1626 113 24 ITEMS.

1381 1659 53 27 (The
1449 1659 80 26 PeojAc.

1225 1698 52 25 The
1298 1700 82 23 extent
1404 1703 24 19 to
1440 1698 81 25 which
1541 1698 184 31 labour-saving

1191 1738 142 32 machinery
1345 1738 20 24 is
1381 1739 99 31 coming
1491 1738 54 25 into
1557 1746 43 17 use
1613 1741 26 22 at
1651 1747 41 16 sea
1703 1739 22 24 is

1192 1781 83 22 shown
1297 1779 32 31 by
1346 1779 42 24 the
1413 1779 52 24 fact
1490 1780 55 23 that
1571 1779 43 24 the
1642 1779 82 24 Union

1194 1817 141 31 Steamship
1364 1817 149 31 Company's
1539 1825 55 17 new
1620 1819 106 23 steamer

1192 1850 118 24 EaKanoa
1321 1850 58 32 only
1402 1850 104 31 requires
1528 1850 42 24 the
1583 1850 105 25 services
1701 1850 27 25 of

1192 1890 68 24 three
1288 1890 104 28 stokers,
1421 1890 119 31 although
1568 1890 43 24 she
1635 1891 90 24 carries

1192 1936 57 17 over
1261 1929 72 28 3,000
1343 1929 65 23 tons.
1427 1927 53 25 One
1489 1927 82 26 stoker
1580 1928 26 25 m
1619 1936 15 17 a
1646 1929 79 24 watch

1192 1966 21 25 is
1234 1966 122 25 sufficient
1368 1969 26 22 to
1416 1966 60 31 keep
1496 1967 44 24 the'
1550 1967 77 25 vessel
1648 1968 78 24 under

1192 2007 87 25 steam,
1308 2005 49 24 and
1380 2005 69 25 three
1473 2005 102 30 stokers,
1602 2005 60 25 with
1680 2007 44 23 five

1193 2043 84 24 sailors
1298 2052 32 15 on
1348 2043 69 28 deck,
1441 2044 49 23 and
1508 2044 42 24 the
1571 2044 92 24 officers
1676 2045 48 23 and

1192 2081 128 31 engineers
1331 2080 108 32 brought
1456 2081 42 24 the
1510 2081 79 25 vessel
1607 2084 42 22 out
1661 2082 63 24 from

1192 2118 87 26 Home.
1331 2119 85 25 Under
1437 2120 129 31 rationally
1596 2120 128 31 organised

1191 2158 114 32 industry
1315 2159 61 24 such
1399 2159 139 25 inventions
1556 2160 82 24 would
1662 2160 27 24 be
1710 2169 14 15 a

1191 2198 108 32 blessiug
1310 2201 26 22 to
1357 2199 44 24 the
1411 2199 94 30 people,
1524 2199 98 24 instead
1638 2200 86 31 taking

1191 2237 43 23 the
1247 2237 73 24 bread
1331 2236 28 25 of
1368 2237 42 24 the
1428 2236 105 25 workers
1546 2237 110 25 mouths.

1223 2360 24 25 It
1258 2361 23 24 is
1298 2361 166 32 encouraging
1492 2362 25 24 to
1540 2361 70 25 learn
1630 2362 56 24 that
1698 2364 25 22 at

1191 2398 42 25 the
1256 2400 70 31 tangi
1344 2399 27 25 of
1397 2402 43 22 the
1457 2400 117 25 deceased
1602 2400 66 25 chief
1689 2400 34 25 Te

1191 2438 74 24 Pueri
1275 2438 122 26 Taniwha
1420 2447 31 16 no
1463 2438 78 34 Jiquor
1552 2447 52 18 was
1623 2444 66 20 used.
1690 2453 34 5 —

1191 2477 96 31 People.

1147 45 173 34 OXFORD
1364 48 222 33 OBSERVES
1602 51 239 37 SATURDAY,
1879 47 240 35 NOVEMBER
2173 45 51 36 28,
2263 45 89 30 1896.

2878 4281 103 25 Printed
3014 4281 48 25 and
3088 4279 131 34 published
3259 4278 40 33 by'
3339 4277 67 29 &xek

2911 4325 119 31 EkluKd,
3055 4325 38 26 for
3113 4325 90 25 Lauba.
3221 4323 71 26 Anne
3308 4323 98 32 Pabhjm,

2913 4373 27 24 at
2954 4371 46 25 her
3022 4370 143 33 Registered
3186 4369 116 32 Printing
3324 4368 82 30 Office,

2917 4414 72 34 High
3000 4414 90 29 Street,
3107 4412 65 26 East
3191 4411 100 30 Oxford,
3304 4410 101 27 Canter-

2914 4458 72 34 bury.

2917 4503 128 25 EUttodat
3068 4502 139 26 Novsmbm
3233 4501 42 25 28.
3301 4500 74 26 189<©

2878 536 249 47 JOSEPH
3170 536 239 47 LOUGH.

3020 614 243 25 UNDERTAKES.

2988 658 107 29 EAST
3120 658 185 31 OXFORD.

2910 708 102 32 Having
3019 709 52 31 just
3079 700 193 40 importeMrcm
3280 710 127 32 England,

2876 760 54 16 new
2953 752 115 32 Designs,
3104 760 53 17 new
3165 748 169 37 ..trimmings
3358 754 49 24 and

2877 795 87 28 Robes,
2976 796 22 23 is
3007 795 117 31 prepared
3135 797 27 23 to
3170 796 106 24 conduct
3284 796 123 25 Funerals

2876 834 96 29 Adults,
2991 838 26 21 at
3030 835 45 25 £5.
3090 835 49 24 and
3151 835 121 31 upwards,
3295 835 112 31 polished

2876 878 80 28 coffin,
2980 879 48 24 and
3059 879 192 25 silvermounted
3273 879 134 25 Furniture

2877 922 75 24 From
2965 922 45 25 £8.
3029 922 130 32 according
3170 924 26 23 to
3218 922 114 32 Designs.
3367 924 40 24 No

2876 967 68 23 extra
2956 966 86 32 charge
3055 967 37 24 for
3105 966 94 25 Hearse
3222 974 40 17 or-
3268 974 63 24 open
3348 967 56 25 Car-

2874 1009 75 31 riage.

2908 1053 31 24 N.
2969 1052 29 25 B.
3029 1052 91 26 Coffins
3142 1053 58 31 kept
3222 1054 26 24 m
3277 1054 69 25 stock
3368 1054 38 25 for

2876 1114 87 29 urgent
2982 1119 75 17 cases.

2923 1195 44 55 S.
3000 1195 50 46 B.
3073 1195 302 52 SEYMOUR,

3070 1263 137 26 DENTIST,

2913 1308 41 21 215
2968 1306 105 21 Colombo
3088 1305 80 24 Street,
3191 1306 167 20 Christchurch.

2983 1397 3 2 .
3040 1378 176 22 CHARGES:—

2939 1421 92 27 Filling,
3047 1421 22 20 5h
3078 1429 7 15 ;
3120 1420 132 21 Extraction
3261 1421 24 19 2s
3299 1420 36 20 6d.

2898 1486 94 21 Nitrous
3002 1486 60 20 Oxid
3071 1486 45 20 Gas
3127 1484 168 22 Administered
3302 1485 37 20 for
3345 1485 59 22 ]?ain

2870 1529 46 21 less
2925 1528 132 21 Extraction
3067 1528 23 20 of
3099 1528 80 20 Teeth.
3213 1528 45 20 Pee
3268 1527 36 21 for
3312 1528 92 20 Admin-

2870 1568 109 21 istration
2989 1568 31 20 ss.

3067 1754 138 22 LIMITED.

2902 1816 268 26 CHRISTCHUECH
3189 1814 184 25 BEEWERY.

3101 1876 61 19 THE

3002 1961 130 21 BREWED
3142 1961 40 20 BY
3196 1961 70 20 THIS

2961 2002 367 35 COJVIFAISrY

3061 2057 82 20 FROM
3152 2056 62 21 THE

2874 2095 399 48 CttO'rO£6T..W>U.T.o
3283 2093 91 48 ttdf
3378 2100 23 36 8

2949 2156 8 8 <-
2967 2158 3 5 '
2986 2153 45 20 Are
3041 2152 173 26 acknowledged
3222 2153 25 20 to
3255 2153 28 20 be

2872 2192 147 21 SUPERIOR
3028 2193 35 19 IN
3073 2175 135 40 QUALIFY
3218 2191 37 20 TO
3262 2190 141 31 ANY-PRO-

2939 2234 100 21 DUCED
3052 2234 36 20 IN
3102 2233 73 21 NEW
3188 2232 147 22 ZEALAND.

2899 2272 108 26 Supplied
3012 2273 24 20 to
3040 2272 81 21 Hotels
3126 2272 46 20 and
3179 2272 92 21 PriNrate
3276 2270 133 23 Customera-

2866 2299 179 26 \iniHogsheadsi
3055 2299 101 25 Barrels,.
3165 2299 137 23 Kilderkins;
3313 2298 44 21 and
3367 2293 36 26 iu-

2871 2326 88 26 gallons
2968 2326 63 26 Kegs
3040 2326 61 26 only.

2873 2378 116 28 PAT?
3017 2378 84 28 ATP
3130 2378 88 28 Altfft
3249 2377 149 29 FRffRA

3064 2431 160 41 STOUT*

2955 2484 92 20 Bottled
3069 2484 25 20 m
3103 2484 85 24 Quarts
3197 2484 47 20 and
3252 2481 71 22 Pints.

2963 2603 118 40 PEED
3123 2603 188 39 FULLEE.

3059 2661 162 21 SOLICITOR.

2912 2701 13 20 9
2935 2700 122 20 Cathedral
3068 2700 91 26 Square,
3174 2700 190 20 Chkistchuech.

2873 2734 115 27 (Between
2997 2733 109 21 Morten's
3115 2733 116 26 buildings
3242 2733 17 20 &
3269 2733 56 21 Post
3332 2733 74 21 Offi.ce,

2911 2812 186 55 Money
3125 2812 54 42 to
3215 2810 142 45 Lend

2873 2885 29 14 on
2911 2878 33 21 all
2952 2878 57 20 kind
3019 2877 23 21 of
3052 2877 111 27 Security,
3171 2878 25 19 at
3215 2876 57 21 Low
3286 2878 77 19 Rates
3382 2876 23 21 of

2899 2923 106 21 Interest.
3035 2922 88 27 Special
3135 2923 79 21 Terms
3222 2921 36 21 for
3266 2922 111 21 Farmers.

2977 3194 211 29 Established
3212 3193 79 28 1862

2922 3259 191 29 FLOUB,\best
3123 3258 80 26 brand
3214 3257 59 33 only
3284 3257 67 32 kept.

2876 3304 142 28 SHAEPS,
3055 3302 204 28 OATMEAL,
3294 3300 109 25 BEAN

2965 3346 289 28 CHICKENWHEAT,
3272 3347 41 23 &c.

2901 3392 40 20 AT
2974 3391 122 21 LOWEST
3127 3389 141 22 CURRENT
3308 3386 95 22 RATES

3098 3595 69 22 AND

2890 3644 472 56 VAIjIiANGE
3385 3687 3 4 .

2970 3756 120 23 TIMBER
3116 3754 193 25 MERCHANTS

2937 3807 200 31 COOPER'S
3189 3805 152 31 CREEK.

2977 3864 142 36 VIEW
3162 3864 137 39 HILL,

2876 3940 83 57 BEG
2982 3942 26 21 to
3027 3939 112 24 intimate
3158 3941 26 21 to
3212 3939 43 23 the
3277 3937 82 31 public
3382 3938 27 24 of

2926 3972 92 25 Oxford
3033 3972 48 24 and
3099 3971 165 30 surrounding
3280 3970 125 31 districts,

2876 4006 54 25 that
2941 4014 36 16 we
2996 4005 64 24 have
3083 4004 159 25 commenced.
3249 4003 118 25 Business
3379 4012 27 16 as

2876 4038 164 29 saw-millers,
3064 4038 50 24 and
3134 4038 63 31 hope
3220 4038 33 31 by
3278 4038 71 24 strict
3366 4040 37 22 at-

2877 4073 95 24 tention
2979 4075 26 22 to
3017 4072 116 25 Business
3147 4074 26 21 to
3184 4071 30 24 be
3224 4071 115 24 favoured
3347 4071 60 25 with

2876 4107 63 23 their
2966 4106 113 30 support.'
3092 4123 5 4 .
3120 4104 83 26 White
3226 4104 65 31 pine,
3322 4104 83 29 Eimu,

2876 4139 73 24 Birch
2960 4138 51 25 and
3022 4136 59 27 Coal
3102 4137 38 32 pit
3150 4145 72 23 props
3234 4137 28 23 m
3271 4144 47 23 any
3331 4144 76 24 quan-

2876 4172 56 32 tity.

2375 188 424 49 EUCALYPTUS

2578 262 14 12 ♦

2373 286 60 21 THE
2449 288 72 20 BEST
2535 288 88 21 HOME
2639 289 118 21 KEMEDI
2765 291 19 20 E

2432 326 35 13 are
2481 319 36 20 the
2526 321 136 25 preparation
2672 322 25 21 of
2705 322 35 19 the

2317 353 169 24 TASMANIAN
2504 357 185 21 EUCALYPTUS
2703 358 47 21 OIL
2766 360 80 21 COMP.

2345 393 135 27 Universally
2489 394 104 22 admitted
2602 395 36 21 the
2646 396 79 24 BEST,
2737 397 109 21 PUREST

2315 431 43 20 and
2368 434 57 17 most
2435 432 93 20 effective
2539 432 134 26 Eucalyptus
2695 433 104 21 Globulus
2815 435 31 20 Oil

2315 461 34 21 for
2368 462 170 27 INFLUENZA,
2560 463 91 27 Coughs,
2672 465 63 20 Colds
2759 466 43 20 and
2820 467 26 20 all

2315 493 65 20 Chest
2396 494 43 20 and
2448 494 62 26 Lung
2526 496 113 19 affections
2653 497 76 25 speedy
2738 498 59 20 relief
2808 498 38 20 and

2315 524 55 22 Cure
2389 527 33 19 for
2437 526 156 26 Bheuinatism,
2613 529 122 24 Neuralgia,
2750 531 96 25 Spraius-

2314 551 72 22 Burns
2406 554 34 19 &c.

2341 586 133 25 Eucalyptus
2492 588 102 21 Globulus
2613 589 92 20 Extract
2714 591 89 24 sprayed
2817 592 29 19 in-

2315 616 63 21 haled
2394 618 42 19 and
2450 619 65 20 taken
2524 619 116 27 internally
2658 621 33 19 for
2706 621 36 20 the
2759 623 80 21 Throat

2315 653 96 27 Catarrh,
2429 654 58 26 Hay,
2511 656 97 26 Typhoid
2624 658 43 19 and
2682 658 81 21 Scarlet
2773 660 73 22 Fevers

2316 686 130 20 MEASLES
2457 687 36 20 the
2498 692 56 16 most
2563 689 136 26 satisfactory
2707 694 139 22 preventative

2316 717 43 20 and
2373 717 61 21 Cure.
2462 720 55 19 Send
2531 720 50 20 Post
2597 721 54 20 Card
2662 725 22 16 to
2695 722 35 20 the
2741 723 62 21 Office
2816 725 30 20 for

2315 747 96 22 Circular
2425 750 118 28 describing
2563 754 120 20 treatment.
2710 755 136 27 Eucalyptus,

2315 782 111 21 Ointment
2437 785 35 19 the
2482 785 68 26 Magic
2559 787 80 20 Healer
2652 788 22 19 of
2688 789 69 23 Sores,
2771 774 75 37 Burns'

2317 813 101 26 Wounds,
2435 816 58 20 Boils
2511 818 44 23 &c,
2578 818 132 26 Eucalyptus
2731 820 57 26 Soap
2801 821 43 21 Era

2314 847 62 23 grant
2387 847 42 19 and
2438 849 123 26 refreshing.
2585 851 132 25 Eucalyptus
2726 853 89 25 Jujubes
2824 860 22 13 or

2314 876 102 22 Pastilles
2425 879 34 19 for
2469 880 34 20 the
2529 881 79 22 Throat
2619 883 42 20 and
2671 882 62 21 Voice
2750 890 28 14 an
2793 886 53 19 anti-

2316 908 67 26 septic
2393 910 42 19 and
2445 912 118 21 stimulant.

2314 942 125 26 Veterinary
2456 945 35 20 Oil
2502 946 41 20 and
2554 947 110 21 Ointment
2673 948 33 20 for
2716 948 36 21 the
2761 950 85 21 stables.

2342 978 29 19 Be
2380 983 49 15 sure
2439 985 42 19 you
2491 980 106 21 Purchase
2611 981 39 21 the
2660 982 103 26 Platypus
2780 985 66 20 brand

2314 1009 50 25 only
2374 1010 22 19 of
2404 1010 28 20 all
2442 1011 112 26 Chemists,
2559 1013 87 21 Grocers
2653 1014 42 20 and
2702 1015 144 26 Storekeepers

2314 1041 43 20 and
2371 1044 22 17 at
2407 1042 36 20 the
2454 1044 64 20 Oflice
2526 1046 13 19 9
2548 1045 114 21 Cathedral
2671 1052 75 19 square
2755 1048 91 20 between

2314 1073 99 21 Morten's
2427 1074 113 27 Buildings
2547 1078 42 19 and
2599 1078 37 20 the
2644 1079 51 20 Post
2705 1079 69 22 Office.

2478 1110 87 21 Oxford
2575 1113 78 25 Agent

2368 1144 26 22 R.
2404 1145 29 21 11.
2448 1147 118 26 PARISH,
2588 1149 76 21 EAST
2677 1151 119 21 OXFORD

2394 1184 141 27 Eucalyptus
2544 1185 38 21 Oil
2595 1187 30 26 1/-
2638 1195 41 19 per
2686 1189 78 22 bottle.

2335 1253 116 40 HELP
2467 1253 82 41 FOR
2566 1254 83 42 THS
2675 1257 145 42 WEAK.

2314 1359 177 35 YfEBVOUS
2512 1361 70 24 AND
2599 1362 244 32 DEBILITATED,

2314 1387 31 30 1\
2371 1394 63 27 who,
2446 1394 110 31 through
2566 1395 60 31 folly
2644 1397 50 23 and
2704 1398 139 31 ignorance,

2313 1425 63 24 have
2389 1426 78 24 trifled
2479 1435 68 24 away
2559 1428 61 25 their
2630 1430 86 31 vigour
2736 1431 26 23 of
2771 1431 71 32 body,

2314 1459 77 29 mind,
2403 1460 50 24 and
2463 1460 134 31 manhood,
2610 1463 100 31 causing
2727 1464 116 25 exhaust-

2313 1492 44 31 ing
2373 1492 83 25 drains
2467 1501 66 23 upon
2545 1494 42 25 the
2609 1494 127 27 fountains
2757 1498 25 23 of
2792 1497 49 31 life,

2314 1524 63 26 Loss
2384 1525 25 24 of
2419 1525 100 32 Energy
2528 1527 48 25 and
2587 1528 125 33 Strength,
2724 1529 120 35 Timidity

2314 1557 162 27 Bashfulness
2510 1560 27 25 m
2573 1561 104 33 Society,
2701 1562 140 33 Headache,

2314 1591 134 30 Backache,
2467 1593 177 30 Nervousness,
2667 1597 134 24 Weakness
2819 1599 27 23 of

2314 1624 119 32 Memory,
2446 1625 109 26 Restless
2565 1627 80 31 Sleep,
2655 1628 114 30 Dreams,
2779 1630 64 25 Loss

2314 1657 75 25 Flesh
2401 1658 50 24 and
2462 1658 68 25 Vital
2549 1659 90 30 Powev,
2663 1661 135 32 Eruptions
2810 1672 32 16 on

2314 1690 42 25 the
2365 1691 62 24 Face
2439 1693 49 23 and
2499 1692 77 32 Body,
2590 1693 75 25 Want
2688 1695 27 24 of
2723 1695 118 33 Develop-

2313 1727 77 26 ment,
2411 1724 115 26 Varicose
2542 1726 82 29 Veins,
2647 1728 141 33 Incapacity
2805 1731 38 24 for

2313 1756 110 27 business
2435 1766 28 17 or
2473 1759 119 31 pleasure,
2606 1760 103 33 Urinary
2717 1762 124 31 Diseases,

2314 1790 49 25 and
2381 1791 34 24 all
2437 1792 43 24 the
2503 1792 83 25 effects
2608 1794 98 32 leading
2728 1798 25 22 to
2775 1797 65 31 early

2313 1823 84 32 decay,
2420 1825 105 30 perhaps
2546 1825 181 33 Consumption
2750 1836 28 17 or
2800 1829 41 24 In-

2313 1857 90 29 sanity,
2416 1865 46 16 can
2486 1858 29 24 be
2527 1859 114 24 ootained
2652 1860 31 31 by
2702 1862 141 31 consulting

2312 1889 137 32 uersonally
2468 1898 27 17 or
2502 1890 31 32 by
2545 1893 63 29 post,
2643 1893 92 24 FREE
2744 1894 97 25 PROP-

2313 1922 175 31 NOTMANN,
2517 1924 79 30 M.E.,
2605 1925 112 31 E.M.G.,
2770 1928 70 24 Gam-

2314 1955 83 32 bridge
2409 1957 108 30 Terrace,
2542 1959 109 31 opposite
2674 1960 116 26 Colombo
2804 1962 36 24 St.

2314 1989 98 32 Bridge,
2442 1990 185 26 Christchurch.
2689 1993 53 25 The
2783 1995 59 30 only

2313 2022 225 26 Electrobotanical
2566 2024 94 32 Expert
2694 2027 149 32 advertising

2313 2055 54 24 who
2379 2056 50 24 will
2441 2058 134 29 guarantee
2592 2066 15 15 a
2623 2058 124 33 thorough
2776 2068 65 17 cure.

2315 2088 58 25 Sole
2388 2091 134 29 proprietor
2550 2091 49 24 and
2615 2094 113 28 patentee
2757 2093 26 24 of
2801 2093 43 25 the

2314 2123 58 31 only
2394 2124 148 29 guaranteed
2565 2124 108 25 Electric
2695 2125 70 25 Belts
2795 2127 49 23 and

2315 2155 70 25 other
2397 2156 89 31 special
2509 2157 123 25 electrical
2655 2158 140 31 appliances
2817 2160 27 23 m

2314 2188 41 23 the
2364 2189 114 23 colonies.
2513 2189 98 24 Ladies'
2624 2190 95 25 French
2731 2191 113 25 herbace-

2314 2229 43 15 ous
2368 2221 58 30 pills
2446 2221 38 25 for
2511 2222 175 31 irregularities
2709 2223 64 26 from
2796 2232 49 24 any

2314 2260 80 23 cause,
2420 2256 42 23 10s
2484 2255 94 29 posted.
2600 2255 157 33 'Pamphlets
2783 2256 61 27 free.

2314 2286 168 26 Testimonial:
2484 2302 33 3 —
2517 2288 98 30 Napier,
2625 2290 96 30 August
2729 2291 44 24 7th
2780 2293 63 28 18^5

2314 2319 64 24 Prof.
2389 2320 131 24 Notmann.
2522 2335 33 3 —
2555 2321 67 24 Dear
2632 2321 46 29 Sir,
2681 2337 33 3 —
2714 2323 14 23 I
2736 2324 108 23 received

2314 2359 59 24 your
2379 2352 73 25 letter
2460 2353 49 24 iast
2521 2353 75 29 week,
2614 2354 49 24 and
2674 2354 14 24 I
2705 2363 40 15 am
2754 2356 89 24 thank-

2314 2385 36 24 ful
2373 2387 25 23 to
2420 2385 53 25 find
2495 2394 48 23 you
2556 2394 40 17 are
2608 2387 102 25 anxious
2728 2390 26 23 to
2774 2389 69 25 know

2314 2418 43 26 the
2368 2418 105 26 benefits
2489 2420 14 24 I
2514 2420 64 24 have
2589 2421 99 25 derived
2706 2421 62 25 from
2784 2431 60 24 your

2314 2455 140 22 treatment,
2491 2453 47 29 bir,
2566 2455 21 23 it
2614 2455 67 30 gives
2709 2462 41 17 me
2777 2458 67 29 great

2314 2486 112 30 pleasure
2438 2489 28 21 to-
2474 2486 91 24 inform
2576 2495 49 22 you
2634 2487 55 23 that
2698 2495 15 15 a
2725 2490 119 30 complete

2314 2518 50 25 and
2374 2519 92 30 perfect
2477 2527 58 17 cure
2545 2519 47 25 has
2611 2519 61 25 been
2695 2520 102 26 effected
2820 2524 25 22 of

2314 2551 43 25 the
2368 2551 114 25 maladies
2495 2552 14 24 I
2526 2552 157 32 complained
2702 2554 26 24 of
2738 2555 26 22 to
2787 2563 56 23 you.

2314 2584 14 24 I
2339 2592 41 17 am
2392 2585 113 32 enjoying
2515 2585 63 31 good
2594 2586 92 28 health,
2699 2587 48 23 and
2759 2595 40 17 am
2808 2597 36 16 re-

2315 2617 81 25 stored
2415 2620 26 22 to
2460 2618 85 32 manly
2567 2618 95 32 vigour.
2696 2619 58 25 P.S.
2756 2635 33 4 —
2789 2621 55 32 Any

2314 2651 101 24 sufferer
2423 2651 110 25 desirous
2540 2651 26 25 of
2571 2653 209 32 communicating
2783 2655 61 24 with

2314 2691 40 17 me
2362 2691 48 24 you
2422 2692 41 16 are
2475 2686 26 23 at
2517 2684 87 32 liberty
2627 2687 26 22 to
2673 2686 55 30 give
2747 2694 43 23 my
2801 2688 42 24 ad-

2314 2718 75 27 dress,
2401 2716 36 25 for
2448 2717 14 23 I
2478 2717 48 24 like
2536 2725 60 23 your
2611 2719 118 29 practical
2742 2720 102 25 method

2314 2750 24 24 of
2350 2751 140 24 treatment.
2493 2764 31 4 —
2525 2750 29 25 T.
2569 2750 28 25 C.
2611 2752 115 23 Simpson.

2400 2864 53 44 F.
2485 2864 48 45 B.
2556 2862 187 57 LANE.

2417 2938 90 41 (Late
2521 2939 39 30 E.
2580 2938 159 41 Butcher.)

2314 2998 249 36 Watchmaker,
2592 2999 182 35 Jewellek,
2790 2998 53 31 &c.

2313 3048 123 33 Importer
2469 3050 26 23 of
2535 3049 107 24 Musical
2676 3049 169 24 Instruments

2411 3086 111 25 Victoria
2543 3086 37 26 St.
2611 3087 133 31 Rangiora.

2315 3165 98 31 Special
2423 3165 78 26 value,
2516 3165 28 24 m
2566 3165 81 24 Extra
2669 3166 86 30 strong
2766 3163 80 26 Cased

2313 3208 87 32 highly
2408 3208 108 24 finished
2529 3208 108 31 English
2656 3209 79 23 Lever
2743 3206 102 26 Watch-

2314 3259 33 17 es.
2357 3253 4 3 '
2394 3251 189 25 Manufactured
2601 3253 26 23 to
2649 3259 42 23 my
2720 3251 71 24 order
2812 3250 34 31 by

2314 3292 54 25 best
2379 3292 105 25 London
2502 3289 106 27 makers.
2643 3291 156 32 Unequalled
2808 3290 38 25 for

2314 3335 121 26 excellent
2448 3335 177 31 Timekeeping
2640 3334 50 25 and
2701 3333 143 29 durability.

2347 3379 29 24 F.
2394 3379 31 24 B.
2437 3379 96 24 LANE
2545 3378 139 32 personally
2706 3379 71 24 visits
2798 3377 48 25 Ox-

2314 3422 54 25 ford
2388 3423 124 32 monthly,
2536 3424 114 30 carrying
2669 3431 15 16 a
2707 3423 68 30 large
2797 3423 49 23 and

2314 3466 85 24 choice
2432 3466 70 25 stock
2530 3466 27 25 of
2588 3466 127 29 Watches,
2743 3466 103 28 Chains,

2314 3509 133 28 Brooches,
2457 3510 87 31 Rings,
2556 3509 85 29 Studs,
2659 3509 128 25 Pendants
2799 3511 46 28 etc,

2317 3553 139 31 Spectacles
2478 3553 123 33 (Pebbles,
2618 3553 167 31 Pantoscopsc
2797 3553 49 24 and

2315 3596 108 33 Crystal)
2436 3596 96 30 Clocks,
2552 3596 107 33 (Marble
2679 3596 50 24 and
2746 3595 100 32 Wood,)

2414 3640 155 26 Accordeons
2582 3640 49 25 and
2643 3640 104 25 Violins.

2347 3716 82 25 Exact
2441 3716 57 26 date
2510 3716 26 25 of
2547 3716 61 25 each
2619 3715 60 25 visit
2700 3715 23 24 is
2734 3714 105 25 notified

2463 3761 27 25 m

2315 3805 114 25 Repairs.
2431 3820 32 4 —
2465 3805 40 25 All
2516 3805 93 31 repairs
2627 3812 42 16 are
2686 3803 117 25 executed
2814 3802 32 32 by

2314 3849 92 31 myself
2427 3857 27 16 or
2470 3848 79 25 under
2565 3855 43 24 my
2628 3847 218 31 superintendence

2315 3901 27 16 so
2364 3893 56 25 that
2439 3894 102 30 patrons
2552 3899 47 18 can
2621 3892 51 31 rely
2695 3899 34 17 on
2751 3890 95 32 getting

2316 3936 154 25 satisfaction
2478 3938 27 23 at
2516 3935 43 25 the
2570 3944 59 23 very
2639 3935 87 25 lowest
2735 3934 111 31 charges.

2349 3980 104 30 Repairs
2464 3987 28 17 or
2500 3979 83 24 orders
2592 3986 59 23 may
2662 3978 30 24 be
2700 3977 45 25 left
2756 3979 26 22 at
2782 3991 33 4 —

2316 4028 26 26 J.
2360 4028 133 31 Weeber's,
2528 4027 64 25 East
2616 4026 100 25 Oxford.

2315 4075 27 23 at
2364 4073 41 25 W.
2428 4073 36 24 M.
2488 4071 38 29 C,
2549 4071 64 25 East
2637 4071 101 24 Oxford.

2317 4116 23 25 J.
2358 4116 99 28 Brown,
2470 4114 159 28 Bootmaker,
2654 4113 70 25 West
2747 4111 99 26 Oxford.

2317 4158 39 26 W.
2369 4158 25 25 J.
2409 4158 116 25 Crothers
2535 4158 18 23 &
2566 4156 44 25 Co.
2618 4174 5 7 .
2646 4156 69 25 Cust.

2349 4202 49 24 and
2413 4202 53 25 will
2472 4201 31 25 be
2514 4200 125 33 promptly
2650 4199 118 25 attended
2779 4200 36 24 to.

2317 4247 54 29 All
2382 4247 98 29 Work
2492 4246 77 29 done
2581 4255 39 20 on
2634 4245 54 29 the
2699 4244 147 29 Premises

2439 4297 61 30 and
2515 4294 198 43 guaranteed.

2335 4384 259 45 WALTER
2653 4382 179 46 RYDE.

2422 4474 116 22 TIMBER
2563 4473 179 24 MERCHANT:

2401 4517 120 32 WEST
2595 4518 186 33 OXFORO.

1781 193 216 52 Blankets,
2041 190 215 51 Blankets,

1821 268 63 29 For
1907 269 43 28 7s.
1975 266 50 30 9d.
2049 275 56 30 per
2128 263 78 40 pair.

1754 336 30 78 2
1808 336 83 38 pairs
1914 334 35 30 of
1966 335 86 37 large
2074 331 151 30 Blankets
2237 331 50 29 for

1830 386 18 19 a
1870 376 111 29 double
2004 374 68 30 bed.
2088 374 49 28 for
2153 371 67 40 20/-

1752 432 203 31 CHEAPER
1976 432 77 30 than
2068 440 58 21 can
2150 431 39 29 be
2213 440 72 29 pui-

1752 484 113 31 chased
1906 485 81 29 from
2033 481 88 32 ANY
2166 481 119 31 Christ-

1752 525 116 30 church
1889 525 117 30 House.

1794 590 88 30 1896.
1943 587 158 31 SPRING
2145 586 94 32 1896.

1755 666 63 33 I^JT
1832 666 52 24 OW
1897 666 111 31 showing
2020 674 15 16 a
2046 666 82 25 choice
2138 667 148 23 assortment

1762 689 54 40 1%
1843 700 25 22 of
1881 699 132 25 SPBINCf
2026 699 122 28 GOODS,
2169 698 113 31 cempris-

1759 738 34 23 ng
1802 731 57 24 New
1872 731 76 25 Dress
1962 732 136 28 Materials,
2114 731 93 28 Prints,
2227 731 58 24 Del-

1751 764 75 28 aines,
1858 765 118 32 Zephyrs,
2011 764 115 32 Crepons,
2161 765 124 29 Galateas,

1750 796 113 25 Norman
1885 798 103 30 Stripes,
2009 798 84 30 Fancy
2116 797 100 31 Striped
2235 799 51 22 and

1751 828 77 25 Chick
1849 830 113 28 Muslins,
1992 830 92 26 Cotton
2107 830 107 32 Pongee,
2237 830 49 24 and

1751 861 118 30 Muslins,
1881 865 40 22 &c.

1748 945 244 47 KAUHK
2033 946 35 46 T
2071 940 211 53 W&IBS.

1749 1023 83 21 SUITS
1842 1024 86 20 MADE
1938 1025 38 20 TO
1986 1025 143 21 MEASURE
2143 1025 79 21 FROM
2239 1027 45 21 50s.

1748 1082 120 80 FULL
1884 1083 143 32 EANGE
2039 1085 35 30 of
2081 1085 62 30 this
2158 1084 125 33 Season'

1827 1124 144 31 Patterns
1990 1128 33 27 to
2054 1126 92 31 hand,

2004 1180 26 21 at

1851 1220 36 31 E.
1915 1220 41 30 .H
1978 1221 197 32 PARISH'S

1893 1281 90 26 EAST
2001 1282 147 25 OXFORD.

1841 1333 207 21 WHOINTEKDS
2064 1334 37 20 TO
2117 1334 73 20 SELL

1749 1382 176 29 seasonable
1934 1382 96 39 goods
2040 1389 32 23 at
2077 1383 101 40 prices
2187 1383 99 31 below

1749 1432 69 30 that
1837 1433 33 30 of
1884 1436 61 38 any
1969 1432 222 34 Christchurch
2216 1436 68 29 firm

1797 1943 167 35 ALL
2005 1942 238 34 WOOL

1753 2072 129 39 cheaper
1896 2072 78 29 than
1988 2081 57 21 can
2065 2072 38 30 be
2114 2072 171 40 purchased

1752 2127 33 26 at
1813 2123 124 31 auction
1966 2134 35 18 or
2018 2124 82 30 from
2137 2124 149 30 itinerant

1934 2171 136 40 drapers:

1851 2240 339 68 parTsh's

1770 2542 178 107 m
1996 2550 127 48 tod
2098 2469 50 43 *
2164 2550 94 46 hs>

1797 2640 131 75 fKM
2026 2650 65 34 All
2120 2649 104 35 Wool

1785 2709 117 68 Iwm
1957 2732 176 25 GOLONIAL
2157 2733 129 25 tweed

1755 2777 136 65 '4Jmk
2002 2806 216 33 SUITS

1792 2895 127 33 From
1943 2893 88 41 12/6
2052 2900 72 33 per
2147 2893 92 39 suit,
2291 2890 2 32 i

1820 2959 78 32 (three
1908 2959 105 31 garment
2013 2959 30 31 3,
2061 2958 80 24 worth
2153 2958 64 31 253.)

1755 3005 92 25 Cannot
1858 3005 26 24 be
1891 3004 135 30 purchased
2037 3007 25 20 at
2078 3003 170 24 Christchurch
2258 3010 28 16 or

1867 3047 121 24 elsewhere
1999 3051 26 20 at
2032 3047 36 23 the
2075 3048 77 30 price.

1754 3107 27 49 jk
1793 3107 131 30 AMens
1939 3106 100 31 Black
2049 3105 68 31 S.B.
2128 3107 57 29 Sac
2195 3105 90 31 Coats

1850 3149 50 30 for
1922 3148 127 39 Sunday
2064 3147 62 30 and
2148 3147 137 39 Holiday-

1754 3200 80 20 wear
1842 3189 146 31 Reduced
1995 3190 83 29 from
2089 3187 67 40 25/-
2169 3192 32 26 to
2211 3187 73 40 15/6

1797 3323 38 37 R
1838 3348 12 12 B
1877 3323 56 36 H.
1968 3322 276 38 PARISH'S

1755 3373 215 32 BARGAINS
2009 3375 49 30 for
2093 3373 62 30 this
2178 3376 107 29 month

1762 3471 79 68 J|||
1913 3494 173 26 COLONIAL
2115 3495 128 25 TWEED

1754 3539 82 51 Ww
1946 3561 183 26 TBOUSEBS
2166 3562 35 23 6s.

1762 3605 98 65 jljp
1961 3627 68 25 ALL
2077 3628 105 25 WOOL.

1754 3678 64 29 Fur
1832 3678 80 30 lined
1922 3680 103 29 cloaks
2036 3680 133 30 reduced
2180 3680 55 30 17s
2246 3681 40 29 6d

1791 3725 219 33 Christchiiirch
2024 3728 84 40 price
2121 3729 62 31 275.
2202 3728 49 32 6d.

1755 3882 119 31 Double
1889 3883 99 31 width
2005 3882 105 32 Check
2124 3883 162 33 Costumes

1913 3931 110 32 Tweed
2054 3933 67 37 6Jd.

1755 3979 117 30 Melton
1894 3979 134 36 Tweeds,
2051 3981 49 29 6d.
2122 3990 56 31 per
2199 3983 87 39 yard.

1755 4067 102 31 White
1888 4067 152 32 Blankets
2074 4068 44 32 7s.
2146 4069 49 32 6d.
2231 4081 56 30 per

1756 4115 76 40 pair.
1889 4116 101 39 Large
2027 4116 68 31 Size
2126 4117 160 39 Blankets,

1860 4162 62 29 10s.
1948 4161 49 31 6d.
2029 4172 56 30 per
2106 4163 77 40 pair.

1757 4208 66 41 Boy
1859 4209 82 31 Pilot
1955 4209 127 32 Jackets
2099 4212 34 30 <3s
2148 4212 49 31 6d.
2213 4214 75 31 each

1799 4314 50 32 All
1868 4315 87 33 these
1976 4317 96 41 goods
2093 4327 52 22 arc
2159 4317 130 44 cheaper

1757 4365 77 31 than
1855 4375 59 21 can
1934 4366 38 30 be
1993 4367 173 40 purchased
2179 4372 34 26 at
2226 4379 63 31 any

1757 4412 223 32 Christchurch
2009 4414 119 41 Selling
2159 4416 43 29 off
2228 4416 60 32 Es-

1757 4457 200 34 tablishment
1978 4469 35 22 or
2033 4461 81 32 from
2140 4461 149 35 itinerant

1759 4508 140 37 drapers.

1326 2621 116 30 Copies
1464 2629 39 21 of
1524 2629 61 21 the

1240 2681 173 33 OXFORD
1446 2682 224 31 OBSERVER

1295 2731 46 16 can
1364 2723 31 24 he
1418 2723 119 24 obtained
1560 2725 26 22 at

1190 2768 175 26 CAEGILL'S
1378 2775 85 18 corner
1486 2768 26 25 of
1528 2767 135 26 CASHEL
1675 2767 49 26 and

1288 2807 161 26 COLOMBO
1470 2808 155 25 STEEETS

1363 2848 185 25 Christchurck.

1221 2989 240 46 CANCER
1491 2989 204 46 CURED

1370 3057 149 22 WITHOUT

1189 3101 29 29 A
1240 3100 209 30 SURGICAL
1480 3099 242 31 OPERATION

1223 3153 50 24 For
1284 3153 99 31 further
1397 3153 150 31 particulars
1563 3153 73 30 apply
1654 3156 22 20 to
1688 3151 36 25 the

1242 3203 122 25 OFFICE
1385 3203 43 25 OF
1453 3202 83 26 THIS
1554 3202 122 24 PAPEE.

1285 3352 178 30 OXFORD
1488 3351 140 32 SPORS.

1220 3447 78 43 W.
1327 3446 65 44 H.
1422 3445 273 46 ALFOKD

1192 3543 239 40 WATCHMAKER.
1467 3543 172 39 JEWELLER
1666 3544 44 31 &c

1269 3616 86 25 MAIN
1371 3615 133 27 STEEET
1523 3614 143 26 OXFOED-

1301 3743 312 47 WANTED.

1192 3846 52 59 TO
1261 3845 122 32 purchase
1400 3853 14 15 a
1438 3844 64 24 farm
1528 3843 27 23 m
1573 3842 43 24 the
1633 3842 94 25 Oxford

1239 3878 112 26 District.
1387 3876 113 27 Forward
1516 3875 66 33 price
1603 3875 50 25 and
1671 3882 55 24 par-

1193 3918 101 25 ticulars
1312 3918 25 24 to
1366 3917 42 24 the

1209 3973 155 31 OFFICE
1381 3969 52 33 OF
1446 3970 102 30 THIS
1563 3969 144 30 PAPER

1196 4114 173 30 OXFORD
1412 4110 187 31 LIBRARY
1640 4109 88 31 AND

1286 4152 196 32 READING
1501 4151 131 30 ROOM.

1194 4237 54 26 The
1276 4235 93 27 Oxford
1395 4234 105 31 Library
1526 4233 23 25 is
1575 4239 63 24 open
1660 4238 69 25 every

1195 4280 113 31 Tuesday
1319 4278 50 25 and
1390 4277 121 31 Saturday
1540 4275 95 31 nights,
1664 4275 65 24 from

1195 4324 59 26 680
1266 4331 69 25 p.m.,
1356 4322 26 24 to
1402 4321 16 25 8
1428 4327 72 26 p.m.,
1522 4317 51 27 and
1603 4325 33 18 on
1659 4325 70 25 every

1194 4367 121 26 alternate
1326 4364 131 33 Thursday
1481 4363 142 28 afternoon;
1649 4362 80 33 (Sale-

1195 4412 71 31 days)
1288 4409 65 26 from
1364 4409 61 24 280
1435 4415 66 23 p.m..
1517 4408 26 23 to
1555 4407 15 23 5
1581 4413 59 24 p.m.
1678 4406 52 24 The

1385 4446 26 22 L.
1427 4444 117 22 EEEVES

1425 4495 4 4 .
1454 4496 7 2 ,
1475 4466 77 32 Hon'
1562 4470 133 27 Librarian

1247 4520 175 25 Subscription
1434 4517 38 28 2/-
1484 4523 50 18 per
1551 4515 120 30 Quarter
