2550 4020
689 144 48 24 also
756 152 48 24 say,
815 147 128 30 respecting
959 154 116 25 prospects
1087 149 26 24 of
1127 150 39 24 the
1184 151 85 24 Settle-

689 182 70 24 ment,
771 179 49 22 that
831 178 38 23 the
887 178 56 23 New
962 180 99 25 Zealand
1082 182 118 32 Company
1213 191 57 16 were

689 217 63 16 more
764 210 137 25 determined
908 211 52 24 than
969 220 52 16 ever
1032 219 22 18 to
1066 216 87 23 sustain
1169 217 17 22 it
1197 221 21 18 to
1232 216 38 24 the

689 247 85 19 utmost
785 243 24 23 of
818 243 59 24 their
884 251 81 24 power,
978 245 45 24 and
1034 247 36 28 he,
1078 255 25 16 as
1113 248 59 23 their
1179 249 89 31 Agent,

688 275 42 23 felt
741 283 25 16 so
778 276 55 30 deep
844 283 29 16 an
887 278 95 23 interest
992 278 24 23 in
1028 280 30 22 its
1073 282 135 29 prosperity,
1221 282 49 23 that

688 308 30 22 he
723 308 72 23 would
802 316 28 23 go
838 313 23 19 to
866 309 38 23 the
912 310 42 23 full
960 310 77 32 length
1044 312 24 23 of
1070 312 36 24 his
1113 313 155 31 instructions,

689 348 26 15 or
726 348 55 16 even
792 341 86 31 beyond
890 342 69 30 them,
971 348 24 19 to
1005 349 102 26 promote
1117 347 27 28 it,
1163 347 44 23 and
1219 355 25 15 as
1256 355 14 15 a

688 374 69 30 proof
770 374 25 22 of
809 374 55 24 both
864 387 31 5 —
896 375 29 23 he
943 376 75 24 would
1037 379 100 23 mention
1157 379 38 23 the
1214 380 54 23 road

688 414 31 22 up
731 406 38 23 the
790 406 66 30 Hutt,
875 408 74 23 which
968 409 82 24 should
1068 418 69 17 never
1152 411 29 24 be
1199 413 69 23 relin-

689 439 101 30 quished,
804 439 41 29 till,
857 440 28 31 by
898 440 66 31 fairly
976 444 97 29 opening
1084 451 30 24 up
1127 443 37 24 the
1174 450 94 26 country

689 476 22 18 to
722 471 142 32 Wairarapa,
875 473 17 22 it
902 473 81 24 should
995 475 27 22 be
1036 475 168 26 demonstrated
1219 478 49 24 that

687 504 46 23 this
745 505 20 23 is
776 505 38 23 the
824 513 56 22 very
890 506 51 23 best
951 508 108 22 situation
1066 508 35 23 for
1108 516 13 16 a
1131 510 135 30 settlement,

687 536 84 32 having
792 537 38 23 the
849 543 61 19 most
929 541 133 22 convenient
1081 542 45 22 and
1146 544 122 23 accessible

686 569 106 30 harbour,
805 570 44 24 and
861 572 98 31 opening
969 572 39 23 the
1016 572 87 31 largest
1112 579 76 19 extent
1196 576 24 23 of
1230 577 37 23 the

686 603 67 23 finest
762 603 52 23 land
825 603 24 23 in
861 603 37 23 the
911 604 86 24 Island.
1033 606 69 23 Some
1108 615 94 23 persons
1210 617 57 16 were

685 635 25 23 in
721 636 39 23 the
771 636 62 23 habit
845 636 25 23 of
883 638 79 30 giving
972 645 28 16 an
1012 638 112 32 alarming
1140 642 86 28 picture
1245 643 25 22 of

686 668 58 23 their
757 673 64 24 state,
831 669 80 32 telling
922 670 61 23 them
993 671 47 23 that
1052 671 38 23 the
1102 678 58 18 most
1180 675 86 23 serious

686 701 140 23 commercial
839 702 128 24 difficulties
983 711 56 16 were
1052 704 47 29 felt,
1113 713 25 16 or
1148 706 49 23 that
1207 708 59 29 pub-

684 733 31 23 lic
726 734 71 24 credit
807 742 45 16 was
865 739 22 19 at
898 735 73 29 stake,
983 736 20 23 if
1018 741 38 19 not
1076 737 126 32 destroyed,
1223 741 43 22 and

685 767 49 22 that
757 767 59 23 their
837 773 128 25 prosperty,
986 769 44 23 and
1049 770 83 24 almost
1149 771 58 25 their
1226 781 40 15 ex-

684 800 86 23 istence
793 799 114 32 depended
929 809 62 24 upon
1014 802 49 24 oil..
1098 803 40 24 He
1160 803 107 32 (Colonel

684 832 140 32 Wakefield)
842 834 75 23 would
936 835 38 22 tell
995 835 54 23 such
1070 836 134 30 gentlemen,
1219 838 49 25 that

684 865 54 31 they
750 866 38 23 did
797 870 39 19 not
846 866 86 32 depend
950 875 61 23 upon
1030 876 42 23 any
1092 870 56 22 such
1166 871 101 32 slippery

684 903 87 24 tenure,
781 899 43 23 and
833 899 85 31 though
930 901 17 22 it
959 908 45 16 was
1016 906 22 18 to
1050 902 27 23 be
1089 903 80 30 hoped,
1182 904 34 23 for
1228 905 38 23 the

684 931 56 24 sake
753 932 26 23 of
793 932 65 24 those
867 933 127 30 gentlemen
1004 934 48 24 who
1064 936 46 22 had
1120 937 110 23 ventured
1242 946 24 14 so

682 965 97 30 largely,
791 965 49 24 that
852 966 45 23 this
909 974 79 17 season
1001 968 72 30 might
1082 973 52 18 turn
1150 974 39 19 out
1207 970 58 29 well,

684 1002 40 26 yet
736 1005 55 16 even
802 999 54 31 they
868 1000 72 23 would
952 1000 47 23 find
1010 1000 37 24 the
1061 1007 61 17 most
1139 1003 126 30 profitable,

684 1038 25 16 as
739 1031 50 23 well
816 1040 24 15 as
868 1033 36 23 the
933 1033 72 23 safest
1031 1039 89 18 returns
1143 1036 73 23 would
1239 1037 27 22 be

684 1064 104 23 obtained
811 1065 59 23 from
893 1066 38 23 the
953 1066 61 23 land.
1060 1067 67 23 Even
1150 1069 39 22 the
1211 1069 54 29 flax,

684 1097 86 30 though
793 1097 28 23 he
840 1106 46 15 was
913 1106 62 16 more
1004 1101 110 29 sanguine
1138 1102 129 31 respecting

683 1130 49 22 that
750 1137 56 21 now,
826 1130 54 23 than
901 1131 30 23 he
949 1132 45 23 had
1019 1133 55 22 been
1085 1141 6 19 ;
1114 1141 45 15 was
1179 1139 39 18 not
1239 1143 26 15 so

682 1163 69 22 much
763 1167 22 18 to
797 1163 27 23 he
835 1163 82 23 looked
928 1169 22 17 to
963 1172 23 15 as
1000 1165 37 22 the
1048 1165 60 29 land,
1120 1166 43 23 and
1175 1166 29 24 he
1217 1175 46 15 was

682 1195 76 31 happy
770 1199 22 19 to
804 1204 37 15 see
854 1196 48 23 that
913 1204 66 24 every
992 1197 43 31 day
1046 1205 45 16 was
1108 1200 92 30 putting
1210 1208 55 23 peo-

682 1228 37 30 ple
732 1236 28 15 on
772 1228 57 23 their
840 1228 65 24 lands
917 1230 45 23 and
979 1230 29 22 he
1021 1238 44 15 was
1081 1231 69 32 ready
1162 1237 23 18 to
1197 1234 69 22 assist

682 1268 45 24 any
736 1261 102 31 working
849 1269 52 16 man
910 1263 54 22 with
976 1263 72 29 seeds,
1059 1264 42 23 hut
1113 1264 28 23 he
1152 1267 113 29 regretted

682 1293 50 24 that
744 1301 25 16 so
782 1302 67 23 many
856 1302 56 16 were
925 1296 47 22 still
983 1296 101 31 hanging
1092 1305 61 24 upon
1164 1301 100 28 precari-

682 1334 42 16 ous
736 1334 73 23 wages
820 1329 24 21 in
857 1327 37 24 the
907 1333 67 24 town,
985 1329 89 24 instead
1086 1331 26 22 of
1121 1331 95 31 seeking
1227 1333 37 22 in-
1272 1328 2 29 i

680 1359 143 31 dependence
835 1368 29 15 on
877 1361 56 23 their
945 1362 60 28 land,
1023 1362 72 24 which
1106 1364 72 23 would
1192 1366 72 22 main-

682 1393 47 23 tain,
741 1400 66 24 every
816 1401 52 15 man
880 1402 59 22 upon
952 1395 25 28 it,
990 1395 45 23 and
1045 1397 51 29 give
1108 1397 38 22 the
1155 1405 77 16 means
1242 1398 25 23 of

681 1426 69 30 nobly
771 1428 134 30 supporting
924 1428 29 23 all
974 1436 41 15 our
1032 1429 147 24 institutions.
1225 1431 39 23 He

680 1459 55 23 then
748 1459 71 23 called
831 1468 59 23 upon
901 1461 48 23 Mr.
962 1460 108 25 Knowles
1087 1463 38 22 the
1137 1463 126 32 Secretary,

680 1498 23 17 to
715 1492 53 23 read
783 1492 36 24 the
831 1498 77 26 report
915 1510 7 7 .

709 1530 27 21 In
746 1531 126 26 presenting
882 1531 57 22 their
947 1532 81 21 second
1037 1532 134 28 half-yearly
1178 1534 87 28 Report

682 1560 22 18 to
724 1557 37 21 the
781 1558 138 21 Subscribers
938 1558 44 21 and
1002 1558 91 23 Friends
1113 1560 25 21 of
1154 1561 37 21 the
1211 1562 54 21 Port

680 1583 123 22 Nicholson
814 1584 136 22 Mechanics'
961 1586 112 26 Institute,
1085 1586 78 23 Public
1173 1588 88 27 School,

680 1610 46 21 and
738 1611 97 27 pibrary,
845 1611 38 21 the
894 1612 131 21 Committee
1034 1613 41 26 beg
1082 1617 22 17 to
1112 1615 151 25 congratulate

680 1636 62 22 them
762 1637 54 26 that,
836 1637 75 22 unlike
925 1645 67 20 many
1009 1639 25 21 of
1051 1640 36 21 the
1103 1640 101 23 societies
1218 1642 45 21 and

680 1663 101 22 schemes
796 1664 82 21 started
894 1665 22 21 in
935 1665 42 22 this
992 1666 132 27 settlement,
1141 1674 66 20 yours
1223 1668 40 21 has

680 1691 134 26 progressed,
825 1691 45 21 and
879 1691 19 21 is
908 1692 94 21 enabled
1012 1695 23 19 to
1052 1692 110 23 celebrate
1176 1694 29 23 its
1214 1695 48 22 first
1270 1711 3 7 ,

680 1718 151 26 anniversary.

707 1752 51 21 The
772 1752 160 23 Institute.^
932 1753 95 29 Though
1044 1754 36 22 the
1095 1754 131 28 institution,
1238 1756 23 22 in

680 1777 30 22 all
724 1778 29 22 its
769 1783 66 22 parts,
851 1779 41 22 has
910 1780 87 27 flagged
1013 1781 80 32 during
1111 1781 37 22 the
1165 1782 44 22 last
1228 1783 34 21 six

680 1805 95 27 months,
786 1809 38 23 yet
835 1806 36 22 the
882 1814 64 14 cause
957 1808 26 21 of
989 1808 28 21 its
1024 1816 24 14 so
1059 1808 67 27 doing
1133 1816 55 19 your
1196 1809 65 22 Com-

680 1831 77 22 mittee
767 1839 37 15 are
814 1833 131 26 acquainted
955 1835 59 25 with,
1023 1835 44 21 and
1078 1835 56 27 hope
1143 1835 42 21 this
1195 1843 67 15 even-

678 1858 39 26 ing
725 1861 25 18 to
760 1859 78 27 supply
847 1867 29 13 an
887 1861 71 27 ample
970 1861 43 21 and
1023 1865 135 23 permanent,
1162 1863 98 26 remedy.

679 1884 72 22 Three
762 1885 92 22 lectures
865 1887 52 26 only
918 1899 28 4 —
948 1887 60 22 those
1022 1895 29 15 on

680 1911 28 26 by
720 1912 44 21 Mr.
782 1912 94 22 Hanson
877 1924 26 5 —
905 1914 55 22 have
976 1914 57 22 been
1049 1915 117 21 delivered.
1195 1917 65 21 More

680 1938 65 21 could
759 1938 57 22 have
831 1940 56 21 been
904 1941 108 26 procured
1028 1941 51 21 with
1095 1948 57 20 ease,
1169 1942 40 21 but
1223 1943 38 22 the

678 1965 95 21 number
783 1966 26 20 of
819 1966 112 22 Members
941 1967 40 21 has
997 1968 56 21 been
1068 1975 24 14 so
1102 1975 54 20 very
1165 1968 93 26 limited,

678 1991 49 21 that
736 1999 55 18 your
800 1992 131 22 Committee
942 1994 56 20 have
1014 1993 30 21 all
1060 1993 67 26 along
1141 1994 92 22 deemed
1243 1995 18 21 it

679 2016 112 22 advisable
809 2021 23 18 to
851 2019 50 21 wait
920 2019 37 21 the
974 2019 70 21 result
1066 2020 23 20 of
1112 2019 42 21 this
1178 2020 82 26 night's

679 2043 104 27 meeting,
794 2044 76 22 before
881 2045 65 27 again
960 2046 141 26 introducing
1113 2046 107 22 lecturers
1237 2050 22 19 to

678 2075 56 21 your
744 2070 79 26 notice,
833 2071 23 21 in
869 2071 37 22 the
917 2072 55 27 hope
987 2072 49 21 that
1051 2073 36 20 the
1096 2080 100 14 measure
1206 2073 54 28 they

677 2096 44 21 will
741 2097 120 27 presently-
869 2099 142 21 recommend
1031 2098 33 22 for
1082 2106 57 20 your
1157 2099 102 28 adoption

678 2122 45 22 will
732 2122 57 23 have
800 2124 37 21 the
847 2124 64 22 effect
920 2126 25 20 of
956 2125 97 27 infusing
1063 2126 59 21 fresh
1137 2126 62 27 spirit
1212 2127 47 21 into

678 2149 37 22 the
732 2149 135 28 Institution,
885 2152 44 21 and
946 2152 24 21 of
986 2152 117 27 procuring
1120 2160 13 14 a
1148 2153 111 22 sufficient

677 2176 95 21 number
782 2177 26 21 of
815 2178 116 27 Members,
943 2181 22 18 to
977 2186 79 14 ensure
1065 2179 57 26 good
1132 2180 126 22 audiences.

677 2221 3 4 .
704 2202 63 22 Your
778 2204 131 22 Committee
919 2206 57 20 have
986 2208 21 18 to
1024 2208 62 24 state,
1098 2206 55 27 that,
1164 2207 23 21 in
1196 2207 63 27 reply

677 2232 22 19 to
710 2229 38 21 the
764 2230 118 22 Memorial
892 2236 21 17 to
927 2232 35 21 his
977 2232 135 27 Excellency
1122 2232 37 21 the
1176 2233 83 22 Officer

677 2255 168 29 administering
861 2258 37 21 the
915 2259 158 26 Government,
1089 2259 90 22 alluded
1196 2264 22 17 to
1235 2261 23 21 in

677 2282 38 21 the
731 2282 43 21 last
783 2284 94 27 Report;
895 2285 31 22 his
937 2285 134 27 Excellency
1080 2286 40 21 has
1134 2287 92 25 granted
1237 2292 21 16 to

677 2310 38 21 the
727 2309 103 24 Institute
839 2317 13 14 a
861 2312 85 26 portion
954 2312 25 21 of
986 2312 86 26 ground
1080 2319 28 14 on
1114 2312 38 22 the
1162 2313 97 22 Reserve

677 2336 122 27 adjoining<
807 2337 90 23 Messrs.
915 2338 71 22 Willis
1003 2338 44 22 and
1067 2339 58 21 Co.'s
1145 2341 113 26 premises,

677 2363 111 21 Lambton
801 2364 71 27 Quay.
901 2365 64 28 Upon
975 2365 37 22 the
1025 2366 149 21 introduction
1185 2367 26 21 of
1223 2367 35 21 the

677 2389 79 27 Raupo
775 2390 133 26 Ordinance,
929 2392 36 21 the
985 2395 88 24 present
1094 2393 101 27 building
1215 2394 44 21 will

677 2416 58 21 have
744 2420 24 17 to
778 2417 27 21 be
814 2418 112 26 removed,
936 2419 41 21 but
986 2420 58 20 until
1055 2420 46 20 that
1110 2420 82 27 period,
1204 2427 56 20 your

677 2442 134 23 Committee
819 2443 57 23 have
883 2445 91 22 Colonel
980 2446 144 22 Wakefield's
1130 2447 128 27 permission

677 2472 21 18 to
708 2470 86 21 remain
805 2477 27 14 on
842 2471 37 22 the
890 2476 88 23 present
987 2472 105 22 Reserve.

703 2496 63 22 Your
777 2497 128 23 Committee
920 2499 56 22 have
993 2503 21 18 to
1025 2499 37 26 lay
1076 2500 76 22 before
1167 2507 44 20 you
1223 2501 36 21 the

677 2522 113 28 following
800 2524 124 28 Memorial,
936 2526 123 21 forwarded
1073 2529 23 18 to
1112 2527 38 21 the
1160 2528 68 21 Court
1237 2528 25 21 of

677 2549 115 22 Directors
816 2552 24 20 of
866 2552 38 21 the
928 2552 55 22 New
1007 2552 100 22 Zealand
1136 2554 122 27 Company,

677 2576 95 26 through
783 2576 56 23 their
854 2578 110 28 Principal
979 2579 81 27 Agent,
1071 2579 23 22 in
1112 2580 93 27 original
1221 2588 40 20 per

678 2603 112 27 Clydeside,
802 2611 28 14 on
842 2605 36 22 the
886 2606 52 21 29th
949 2606 106 27 January,
1063 2606 45 22 and
1113 2607 26 21 in
1149 2607 110 27 duplicate

675 2637 39 21 per
721 2632 128 26 Brougham,
860 2639 29 14 on
899 2632 36 22 the
946 2633 51 21 11th
1008 2633 80 21 March
1098 2634 43 21 last
1150 2642 5 13 :
1157 2645 28 4 —

703 2662 141 28 Wellington,
856 2664 55 21 New
922 2664 106 27 Zealand,
1040 2664 100 29 January
1150 2667 33 25 28,
1196 2667 62 21 1843.

703 2689 40 27 My
751 2690 70 22 Lords
830 2690 43 22 and
885 2691 160 21 Gentlemen—
1046 2691 47 22 The
1101 2692 157 27 undersigned,

677 2717 154 26 representing
840 2717 35 21 the
887 2718 130 21 Committee
1025 2718 25 22 of
1058 2718 36 22 the
1105 2719 54 21 Port
1168 2719 92 22 Nichol-

677 2749 39 14 son
727 2743 139 22 Mechanics'
877 2743 110 27 Institute,
998 2745 141 27 respectfully
1150 2746 42 22 call
1201 2754 57 19 your

676 2770 107 21 attention
795 2774 23 17 to
826 2770 38 22 the
879 2771 81 21 efforts,
969 2771 51 28 they
1030 2772 56 21 have
1096 2772 58 22 been
1169 2773 90 27 making

675 2799 23 17 to
708 2795 78 23 diffuse
797 2797 72 21 useful
884 2797 129 28 knowledge
1023 2805 83 20 among
1122 2799 37 21 the
1169 2799 88 22 settlers

676 2822 26 21 of
711 2830 59 18 your
779 2823 47 21 first
835 2823 92 27 Colony.

704 2849 63 27 They
774 2850 91 22 address
871 2858 44 19 you
921 2850 51 22 with
980 2852 137 30 confidence,
1124 2853 135 22 remember-

673 2875 39 28 ing
728 2875 50 23 that
791 2884 45 19 you
851 2877 57 22 have
922 2878 128 27 frequently
1059 2879 118 28 expressed
1193 2887 66 20 your-

675 2903 70 21 selves
763 2903 91 28 warmly
866 2905 124 26 respecting
1007 2905 37 22 the
1061 2906 160 22 desirableness
1237 2907 26 21 of

674 2929 86 23 similar
774 2930 143 27 institutions,
934 2931 45 22 and
995 2931 37 22 the
1041 2936 62 23 great
1120 2933 93 22 benefits
1223 2941 35 14 re-

675 2956 85 27 sulting
769 2957 56 22 from
835 2957 68 22 them.

701 2983 48 22 The
769 2983 53 22 Port
845 2984 122 22 Nicholson
989 2985 136 22 Mechanics'
1146 2986 112 27 Institute,

675 3009 77 23 Public
763 3010 86 27 School,
865 3011 45 22 and
921 3011 98 28 Library,
1037 3019 43 15 was
1091 3013 133 21 established
1234 3014 24 21 in

674 3036 55 27 May
738 3036 50 27 last,
798 3037 83 28 having
890 3038 24 22 in
925 3039 55 21 view
990 3042 42 18 two
1046 3042 61 23 great
1117 3039 90 27 objects,
1220 3040 38 22 the

674 3063 119 22 education
803 3064 25 22 of
840 3064 38 22 the
888 3065 58 21 child
958 3065 46 22 and
1018 3065 36 23 the
1064 3066 162 27 improvement
1235 3067 26 21 of

675 3089 36 22 the
722 3097 61 15 man.

699 3116 33 22 To
743 3117 38 21 the
791 3117 47 22 first
847 3118 24 21 of
878 3118 61 22 these
948 3119 38 21 the
997 3119 130 23 Committee
1136 3120 57 23 have
1203 3120 54 29 paid

673 3142 153 23 considerable
835 3145 115 21 attention.
979 3146 47 22 The
1042 3147 83 22 lecture
1139 3148 47 21 hall
1195 3148 18 21 is
1222 3155 36 14 oc-

672 3169 81 27 cupied
762 3169 80 28 during
851 3171 37 21 the
899 3171 42 28 day
948 3179 25 14 as
983 3180 12 14 a
1005 3173 81 27 school,
1098 3174 126 22 conducted
1234 3175 24 21 in

673 3196 134 27 conformity
817 3197 52 21 with
883 3197 37 22 the
934 3198 51 26 plan
994 3201 173 21 recommended
1179 3201 31 27 by
1219 3201 39 22 the

672 3222 83 21 British
771 3223 45 21 and
826 3223 94 27 Foreign
931 3225 81 22 School
1026 3227 95 27 Society,
1140 3227 86 27 though
1234 3228 25 21 in

672 3254 68 20 many
751 3249 27 21 of
788 3249 28 21 its
825 3253 60 24 parts
894 3251 28 21 its
939 3252 129 27 machinery
1077 3253 19 21 is
1112 3253 109 29 deficient,
1232 3255 25 21 in

672 3280 155 22 consequence
837 3276 26 21 of
869 3276 37 22 the
915 3277 103 28 requisite
1027 3282 127 25 apparatus,
1166 3281 40 22 &c.
1217 3284 41 19 not

672 3300 69 28 being
751 3302 137 27 procurable.

698 3327 48 22 The
756 3329 82 21 second
848 3329 74 27 object
929 3330 28 22 of
969 3330 37 22 the
1021 3331 102 23 Institute
1142 3333 41 23 has
1199 3334 57 22 been

671 3354 86 22 carried
770 3359 38 17 out
824 3363 24 14 as
863 3356 33 22 far
911 3364 24 14 as
951 3357 169 24 circumstances
1134 3359 59 23 have
1206 3368 50 20 per-

671 3380 86 27 mitted,
767 3381 31 28 by
809 3382 37 21 the
856 3382 97 29 delivery
964 3385 26 20 of
1000 3384 102 29 lectures,
1119 3386 39 22 tire
1172 3387 84 22 forma-

670 3408 47 21 tion
727 3408 26 21 of
759 3410 97 26 evening
872 3409 87 28 classes,
975 3411 45 22 and
1035 3411 38 23 the
1090 3413 166 23 establishment

671 3434 25 21 of
702 3441 14 14 a
724 3434 90 28 library.
846 3436 43 21 The
896 3436 94 23 lectures
997 3437 57 23 have
1060 3439 55 22 been
1123 3439 133 28 principally

670 3460 106 23 confined
785 3465 23 18 to
817 3463 91 25 general
921 3463 117 28 literature,
1054 3465 96 23 abstract
1160 3467 93 27 science,

671 3488 44 21 and
729 3487 117 23 education
852 3497 7 19 ;
875 3489 38 22 the
923 3490 91 22 absence
1025 3491 25 22 of
1063 3500 64 19 every
1138 3493 84 28 species
1232 3493 27 23 of

670 3514 107 22 scientific
796 3522 25 14 or
838 3516 143 22 mechanical,
995 3523 115 22 apparatus
1124 3520 132 27 precluding

669 3540 37 21 the
713 3540 122 29 possibility
841 3542 25 21 of
869 3542 93 23 lectures
969 3551 28 15 on
1003 3544 37 22 the
1045 3545 98 28 physical
1149 3547 103 26 sciences,

669 3566 96 28 through
783 3567 36 22 the
835 3572 59 18 want
908 3570 25 21 of
945 3571 92 21 suitable
1054 3578 77 16 means
1144 3573 36 21 for
1195 3573 60 22 their

668 3593 143 22 illustration.

695 3620 44 21 His
749 3620 136 29 Excellency
895 3622 37 21 the
943 3622 82 23 Officer
1038 3624 169 29 administering
1215 3625 39 23 the

670 3646 158 28 Government,
838 3647 41 22 has
887 3650 100 26 recently
996 3651 94 25 granted
1096 3652 38 21 the
1145 3652 107 22 Institute

668 3681 14 14 a
692 3672 47 27 plot
749 3673 27 22 of
783 3674 86 26 ground
878 3679 62 23 apart
948 3676 59 22 from
1017 3676 49 22 that
1076 3684 29 16 on
1115 3677 72 25 wliich
1196 3678 58 22 their

668 3702 93 24 present
770 3700 101 28 building
881 3702 81 22 stands.

691 3726 52 24 ,The
753 3726 132 23 Committee
899 3732 73 24 regret
981 3729 53 28 they
1044 3737 42 15 can
1094 3731 66 22 make
1172 3738 29 14 no
1211 3731 42 21 im-

668 3752 96 21 mediate
774 3759 39 16 use
823 3753 26 22 of
861 3754 42 22 this
912 3759 73 23 grant,
1001 3756 58 22 their
1068 3757 67 22 funds
1144 3757 69 27 being
1226 3764 26 15 so

667 3778 93 28 limited,
778 3786 24 14 as
814 3780 78 28 totally
903 3785 22 18 to
941 3782 104 26 preclude
1059 3784 56 22 their
1132 3785 98 26 erecting
1239 3791 14 14 a

668 3805 95 21 suitable
772 3805 103 28 building
885 3814 28 15 on
924 3808 36 22 the
970 3816 49 15 new
1028 3810 49 21 site.

694 3831 47 22 The
756 3831 104 29 building
875 3840 49 15 now
934 3835 105 27 occupied
1048 3835 34 22 for
1096 3836 36 21 the
1146 3843 106 20 purposes

667 3858 25 21 of
703 3857 38 22 the
759 3857 110 28 Institute,
888 3860 45 21 and
943 3861 71 21 which
1022 3862 52 21 nine
1090 3860 90 23 months
1195 3862 57 21 back

667 3884 53 27 they
727 3883 125 29 purchased
861 3886 35 22 for
905 3886 55 26 £50,
970 3887 51 22 .will
1030 3887 57 22 have
1102 3891 24 19 to
1136 3888 27 23 be
1178 3888 74 21 raised

666 3917 61 20 upon
744 3910 40 22 the
1006 3913 89 27 coming
1112 3914 48 21 into
1181 3913 68 27 force,

666 3936 72 23 which
748 3936 64 23 takes
820 3937 64 29 plact
892 3945 54 20 very
957 3938 90 28 shortly.

87 144 135 29 Company's
233 144 115 27 Surveyor
359 144 27 28 of
398 144 30 21 its
445 148 87 20 extent.
576 144 52 24 One
640 146 24 22 of

86 177 36 23 the
132 174 127 31 gentlemen
271 181 31 15 on
320 174 37 23 the
376 182 81 24 survey
476 175 41 25 has
535 177 57 23 been
609 178 54 22 nine

84 208 63 25 miles
158 214 38 23 up,
207 207 96 22 without
313 207 78 31 seeing
402 215 45 23 any
457 209 122 24 indication
591 210 25 23 of
631 211 32 22 its

85 240 148 24 termination.
279 238 60 24 This
351 240 86 24 district
454 242 21 22 is
494 242 86 31 spoken
598 243 25 23 of
638 243 24 23 in

84 274 36 23 the
131 272 90 30 highest
232 276 70 19 terms
313 272 31 30 by
355 272 30 24 all
395 273 50 24 who
459 274 59 23 have
536 275 79 23 visitel
633 276 26 23 it.

47 318 2 7 .
84 304 177 32 Independently
273 305 25 23 of
313 305 29 23 its
355 306 64 23 value
430 307 36 23 for
478 308 37 23 the
530 308 131 23 abundance

84 339 25 23 of
123 338 47 23 coal
182 337 43 23 and
234 337 120 25 limestone
364 339 71 23 found
445 341 25 22 in
478 341 37 23 the
524 341 136 30 neighbour-

82 370 63 29 hood,
169 370 38 23 the
228 370 83 24 timber
332 372 20 23 is
370 373 144 30 represented
541 381 25 15 as
593 373 69 31 being

82 403 141 30 remarkably
242 403 54 24 fine.
341 404 24 24 It
387 406 20 22 is
426 406 101 23 believed
544 407 49 22 that
614 406 47 23 this

82 436 70 31 valley
163 436 65 23 alone
240 436 45 24 will
296 437 53 31 give
360 440 91 27 25,000
464 447 63 15 acres
540 440 24 22 of
578 447 25 15 as
614 439 46 23 fine

80 469 50 24 land
153 476 25 16 as
196 476 45 23 any
260 469 24 24 in
302 469 40 25 the
360 471 69 30 Hutt,
451 479 26 16 or
494 480 45 22 any
553 471 74 31 valley
635 475 24 20 in

80 502 55 23 New
146 502 109 24 Zealand.
257 515 33 4 —
290 502 63 25 Ibid.

113 534 23 24 It
146 535 20 23 is
179 535 87 32 worthy
275 536 26 23 of
316 538 74 22 notice
409 541 21 19 to
442 541 59 19 state
514 537 38 23 the
564 538 95 23 number

78 567 27 24 of
118 572 59 19 carts
193 575 51 16 now
260 569 94 23 worked
370 570 24 23 in
412 570 46 23 this
479 570 135 30 settlement,
633 578 24 16 as

78 600 101 32 showing
195 601 48 23 that
252 602 130 31 something
392 603 19 23 is
421 603 69 30 doing
501 602 54 24 both
566 603 23 23 in
600 608 58 19 town

77 633 44 24 and
140 638 104 27 country.
290 635 68 31 They
377 640 93 19 amount
492 636 124 30 altogether
635 640 22 20 to

76 671 147 26 twenty-two,
241 667 25 23 of
288 668 75 23 which
382 668 76 23 eleven
478 676 38 16 are
535 668 76 24 drawn
628 669 30 32 by

75 704 71 19 teams
159 700 25 23 of
198 700 52 23 four
260 700 113 29 bullocks,
384 701 37 23 six
431 701 32 31 by
483 705 42 19 two
544 701 112 30 bullocks,

76 733 43 22 and
131 733 37 22 the
179 734 127 29 remaining
315 734 43 22 five
369 734 30 29 by
410 734 88 22 horses.
534 734 50 23 The
595 734 62 31 large

69 765 110 30 .majority
190 765 83 30 belong
283 766 27 22 of
318 774 79 15 course
407 770 22 19 to
437 767 38 22 the
483 767 173 30 agriculturists,

74 798 44 23 and
127 805 36 15 are
174 797 52 31 only
234 805 53 16 seen
296 799 24 22 in
330 798 87 24 Nelson
428 800 156 31 occasionally,
593 801 64 23 when

75 831 53 30 they
145 838 62 15 come
225 830 36 24 for
278 831 72 30 goods
365 839 26 15 or
409 833 128 30 provisions
546 842 5 19 ;
570 833 38 23 the
619 842 37 15 re-

75 863 99 24 mainder
195 871 37 16 are
255 864 56 23 used
334 865 24 22 in
381 864 38 23 the
437 870 60 19 town
515 866 35 23 for
565 868 92 29 general

73 904 117 23 purposes.
192 909 33 4 —
226 896 60 24 Ibid.

107 929 91 23 Letters
209 929 58 24 have
280 930 56 23 been
347 931 101 24 received
460 931 57 24 from
532 932 38 24 the
589 932 65 24 Wai-

75 969 45 21 roo,
134 962 71 23 which
217 967 59 19 state
288 963 49 24 that
350 963 38 24 the
407 966 89 22 natives
514 974 37 15 are
570 974 86 16 assem-
663 964 2 24 i

73 995 63 29 bling
162 995 71 28 there,
263 997 45 22 and
330 997 144 31 threatening
496 1003 22 19 to
539 1003 51 27 stop
617 1000 39 23 the
663 1000 2 24 !

73 1035 92 22 surveys
176 1028 43 22 and
232 1029 58 23 burn
302 1030 66 23 down
379 1031 38 22 the
429 1031 83 24 houses
528 1032 88 24 erected
626 1033 30 30 by

73 1061 36 22 the
122 1068 129 22 surveyors.
294 1062 52 23 The
358 1063 53 31 only
422 1064 107 23 mischief
547 1066 52 30 they
610 1066 46 23 had

74 1097 37 27 yet
129 1094 107 23 ventured
256 1102 28 15 on
304 1102 47 16 was
370 1100 22 18 to
411 1096 49 31 pull
477 1097 64 23 down
555 1099 37 22 the
604 1106 50 16 sur-

75 1126 82 31 veyors'
169 1126 66 31 flags,
248 1127 73 23 which
336 1136 45 15 was
392 1133 40 18 not
443 1129 58 23 done
514 1131 87 30 openly,
614 1132 42 23 but

75 1160 55 23 after
141 1159 65 24 dark.
242 1160 116 31 Raupero,
370 1160 160 32 Rangihaiata,
539 1164 44 22 ond
591 1164 63 23 other

74 1192 75 29 chiefs,
162 1200 38 16 are
212 1193 48 23 said
273 1197 21 19 to
313 1193 29 23 be
360 1195 117 29 expected.
526 1196 72 23 When
617 1205 37 15 are

75 1226 60 23 these
145 1225 62 23 titles
218 1230 23 19 to
254 1226 28 23 be
294 1226 90 30 settled,
395 1227 49 24 that
449 1228 57 23 both
513 1230 86 22 natives
611 1230 43 22 and

74 1259 131 30 Europeans
217 1266 52 24 may
280 1259 55 24 take
346 1261 118 30 peaceable
482 1263 130 29 possession
631 1263 25 22 of

75 1292 36 23 the
121 1291 53 24 land
187 1296 23 19 to
222 1292 74 23 which
308 1293 54 31 they
374 1301 36 16 are
421 1294 120 31 rightfully
553 1296 99 28 entitled,

75 1324 41 24 and
136 1325 36 23 the
195 1325 42 23 law
260 1325 96 25 allowea
374 1331 22 19 to
414 1327 85 31 punish
521 1328 64 23 those
604 1329 49 23 who

75 1357 78 24 molest
164 1358 62 23 them
236 1359 10 22 ?—lbid.?
247 1371 35 4 —
282 1358 62 24 Ibid.

106 1391 23 23 It
139 1391 19 23 is
169 1391 125 31 gratifying
305 1397 24 18 to
341 1400 37 16 see
390 1393 50 23 how
450 1393 63 31 large
525 1402 14 15 a
557 1395 94 23 number

75 1426 24 21 of
112 1431 39 16 our
162 1424 101 23 laborers
275 1433 37 15 are
322 1433 59 22 gone
392 1427 48 22 into
451 1426 38 24 the
501 1427 66 29 bush,
581 1428 71 23 either

74 1466 24 14 as
114 1458 133 30 purchasers
266 1466 25 15 or
310 1463 90 19 tenants
419 1459 26 23 of
457 1461 77 30 pieces
553 1461 24 23 of
591 1461 61 29 land,

75 1491 90 30 varying
177 1490 57 23 from
244 1491 52 23 four
308 1496 22 19 to
343 1496 37 19 ten
398 1500 71 16 acres.
518 1494 80 31 Many,
620 1502 32 15 we

75 1524 88 27 believe,
182 1523 57 24 have
256 1524 57 23 been
326 1525 102 23 deterred
440 1525 58 24 from
508 1527 68 30 doing
588 1535 24 15 so
624 1536 28 14 on

75 1561 90 18 account
183 1557 26 22 of
232 1557 38 23 the
286 1557 88 24 limited
391 1559 95 23 number
508 1560 24 23 of
555 1562 97 22 sections

75 1589 68 23 which
155 1590 64 22 could
230 1590 29 23 be
268 1590 50 23 sold
329 1591 25 23 in
365 1591 137 29 allotments,
516 1601 25 15 or
557 1593 32 23 let
599 1593 55 24 with

73 1622 134 32 purchasing
234 1623 96 29 clauses,
360 1625 38 22 the
424 1626 128 30 propietors
586 1626 68 32 being

76 1656 75 23 absent
168 1656 44 23 and
231 1656 85 31 having
337 1662 51 18 sent
405 1666 30 16 no
452 1666 88 23 powers
560 1664 21 18 to
595 1660 57 23 their

76 1694 81 26 agents.
203 1689 51 24 The
278 1691 145 31 opportunity
442 1691 101 24 afforded
562 1692 31 32 by
615 1693 37 23 the

76 1722 43 23 sale
139 1722 29 31 by
185 1724 90 22 auction
294 1724 25 22 of
344 1732 13 14 a
377 1725 127 23 surburban
522 1727 92 28 section,
628 1727 24 22 in

76 1756 39 22 five
123 1763 49 16 acre
184 1756 136 30 allotments,
334 1757 82 24 situate
427 1759 25 22 in
463 1766 43 15 one
518 1759 25 23 of
553 1759 37 23 the
600 1759 51 24 best

76 1788 100 30 districts,
195 1789 127 24 advertised
337 1792 25 21 in
381 1799 40 15 our
439 1799 70 24 paper
525 1792 25 23 of
564 1792 87 32 to-day,

76 1822 42 23 will
134 1826 38 19 not
191 1823 28 23 be
236 1823 46 23 lost
292 1823 63 31 sight
366 1824 24 23 of
398 1825 31 29 by
440 1825 65 23 those
517 1825 50 24 who
579 1826 72 23 desire

76 1859 21 19 to
108 1855 101 24 cultivate
220 1856 49 24 that
278 1856 53 31 only
343 1856 74 24 which
429 1858 53 31 they
490 1866 42 16 can
539 1859 43 23 call
594 1859 57 23 their

76 1896 51 21 own,
169 1889 24 23 It
209 1889 42 24 has
264 1889 38 24 the
313 1890 125 31 advantage
448 1892 23 22 of
486 1892 71 30 being
573 1892 77 23 within

78 1929 11 14 a
99 1922 107 23 moderate
218 1923 100 23 distance
332 1924 25 22 of
372 1923 38 24 the
421 1929 68 24 town,
502 1925 54 23 with
567 1934 14 14 a
593 1926 58 30 good

78 1954 47 24 toad
136 1955 34 23 the
179 1955 71 24 whole
262 1964 56 22 way.
320 1969 35 3 —
355 1956 62 25 Ibid.

108 1988 33 22 On
168 1988 94 31 Sunday
290 1989 67 30 night
384 1990 52 29 last,
459 1994 44 20 two
527 1992 122 29 prisoners,

76 2018 73 23 named
159 2019 83 30 Briglit
253 2021 45 22 and
309 2021 98 28 Turner,
420 2023 65 22 made
502 2023 58 23 their
572 2032 79 22 escape

78 2051 48 22 from
138 2052 57 29 gaol,
209 2053 29 29 by
257 2052 122 31 loosening
397 2062 41 15 one
459 2055 24 22 of
499 2055 38 23 the
557 2056 94 23 window

76 2083 53 29 bars,
142 2084 72 23 which
226 2086 94 22 enabled
332 2086 63 23 them
414 2091 21 19 to
451 2087 115 24 withdraw
577 2091 19 21 it
607 2089 44 23 and

75 2122 34 24 get
120 2117 104 31 through.
261 2118 50 23 The
324 2120 128 23 constables
464 2120 58 24 have
534 2122 56 23 been
603 2130 46 15 em-

74 2149 74 31 ployed
160 2150 81 31 during
252 2151 38 23 the
303 2152 63 23 week
379 2153 96 30 seeking
487 2154 70 29 them,
569 2156 42 22 but
621 2163 28 16 no

74 2182 44 24 clue
129 2183 39 23 has
180 2188 37 26 yet
230 2184 56 23 been
299 2185 131 24 discovered
442 2187 73 23 which
537 2195 42 16 can
599 2190 50 30 give

73 2223 40 23 any
124 2216 66 31 hopes'
203 2217 26 23 of
238 2217 58 23 their
307 2218 172 31 apprehension.
517 2221 56 23 Two
586 2223 64 23 other

73 2250 108 29 prisoners
202 2250 58 31 slept
278 2251 25 23 in
320 2252 40 22 the
380 2260 62 15 same
455 2253 49 29 cell,
527 2254 49 23 who
588 2255 61 31 deny

73 2289 40 23 any
124 2282 130 31 knowledge
266 2284 24 23 of
305 2284 52 24 how
368 2285 37 23 the
423 2293 78 24 escape
514 2294 44 16 was
572 2288 74 24 effect-

73 2315 32 23 ed.
139 2315 23 24 It
178 2324 52 23 may
250 2325 83 23 appear
354 2322 91 27 strange
457 2320 48 23 that
524 2320 38 24 the
577 2322 72 23 whole

73 2347 34 24 did
122 2353 38 19 not
178 2350 67 23 make
264 2351 35 22 off
313 2351 103 30 together
428 2361 5 19 ;
454 2352 40 24 but
515 2353 64 24 those
600 2355 49 23 who

73 2382 106 24 remained
190 2382 45 24 had
244 2383 53 31 only
309 2392 14 15 a
334 2385 65 22 short
409 2385 54 23 time
477 2386 26 23 of
518 2387 58 23 their
592 2392 57 19 term

72 2413 23 23 of
108 2414 169 32 imprisonment
297 2421 23 19 to
339 2425 71 21 serve,
424 2418 65 24 while
508 2419 84 32 Bright
605 2421 44 24 and

72 2446 84 26 Turner
167 2456 57 17 were
236 2451 131 23 committed
378 2451 35 23 for
426 2452 57 23 trial.
485 2465 35 3 —
520 2452 63 25 Ibid.

140 2515 209 26 MECHANIC'S
369 2519 201 24 INSTITUTE.

101 2573 47 24 The
158 2574 49 25 first
218 2576 157 32 Anniversary
386 2578 24 23 of
423 2578 45 23 this
486 2580 77 23 useful
575 2580 72 23 Insti-

73 2608 72 27 tution,
158 2616 44 16 was
212 2609 54 24 held
277 2610 25 23 in
312 2611 31 23 its
351 2611 176 24 Lecture-room
536 2621 29 15 on
576 2613 71 24 Mon-

73 2639 36 30 day
120 2642 100 30 evening,
239 2642 38 24 the
296 2643 40 24 Bth
355 2644 43 29 ult,
417 2645 43 23 and
473 2653 33 15 we
522 2646 58 23 have
598 2654 49 16 now

72 2672 32 23 the
121 2674 100 29 pleasure
240 2681 23 18 to
275 2676 38 31 lay
324 2677 78 23 before
420 2686 41 15 our
478 2679 91 23 readers
582 2688 13 15 a
605 2680 43 23 full

48 2708 6 14 '
71 2711 69 25 report
162 2708 24 23 of
205 2708 38 24 the
271 2710 159 31 proceedings.
478 2711 51 24 The
553 2714 96 29 evening

72 2740 74 28 proved
169 2742 146 31 exceedingly
332 2747 45 19 wet
395 2743 44 23 and
459 2749 96 26 stormy,
574 2745 75 24 which

72 2770 49 32 iept
131 2781 64 23 many
207 2776 121 30 especially
338 2776 81 29 ladies,
437 2777 57 22 from
510 2777 68 31 being
595 2786 52 23 pre-

72 2810 50 18 sent.
157 2807 48 23 The
224 2809 81 28 soiree,
326 2809 112 29 however,
456 2811 83 29 passed
551 2811 33 23 off
598 2813 25 22 in
635 2820 13 15 a

58 2834 4 13 (
71 2842 53 19 moat
140 2841 115 29 agreeable
272 2849 104 21 manner,
393 2842 40 23 the
448 2842 112 32 harmony
570 2844 24 24 of
609 2844 38 24 the

71 2872 87 31 evening
179 2874 69 31 being
264 2875 87 30 greatly
373 2876 116 29 promoted
511 2876 31 31 by
562 2879 85 23 several

72 2903 65 29 pieces
148 2907 23 22 of
186 2907 63 24 vocal
261 2908 80 28 music,
361 2908 74 24 which,
445 2917 58 16 were
520 2910 126 31 performed

74 2937 17 22 in
103 2945 10 16 a
123 2947 91 17 manner
226 2940 49 24 that
285 2942 107 23 reflected
402 2942 70 24 credit
484 2950 29 16 on
522 2943 38 25 the
572 2943 72 25 Ama-

74 2973 40 21 ture
125 2971 147 27 Performers.

100 3004 30 23 At
145 3013 67 16 seven
231 3008 88 23 o'clock
334 3008 40 24 the
387 3009 70 24 Chair
468 3018 47 16 was
536 3011 68 24 taken
614 3010 32 32 'by

74 3034 30 24 the
113 3037 83 33 highly.
200 3041 117 29 respected
330 3041 122 24 President
462 3043 24 24 of
496 3044 38 23 the
548 3044 97 25 Institu-

75 3070 43 28 tion,
131 3072 100 24 Col.-AY.
245 3072 136 29 Wakefield,
393 3075 50 23 who
451 3077 145 24 commenced
607 3078 38 24 the

73 3104 134 31 proceedings
218 3105 32 30 by
261 3107 184 31 congratulating
455 3108 37 22 the
503 3110 102 31 meeting
616 3119 28 16 on

73 3133 23 24 its
105 3143 50 25 very
166 3137 138 31 respectable
316 3145 140 23 appearance
473 3141 44 23 and
529 3142 115 30 numbers,

73 3169 188 32 notwithstanding
270 3171 38 23 the
315 3171 141 31 inclemency
461 3173 25 23 of
492 3173 38 23 the
538 3175 105 24 weather.

74 3197 31 26 He
114 3202 114 24 reminded
240 3203 62 24 them
309 3203 25 24 of
343 3203 39 24 the
393 3204 85 24 lecture
490 3205 121 25 addressed
622 3213 22 19 to

73 3231 49 26 them
134 3243 28 15 on
169 3236 37 23 the
218 3237 106 30 previous
331 3236 45 32 day
382 3237 24 23 Sn
418 3237 38 24 the
466 3237 101 31 Church,
581 3241 63 24 when

73 3264 47 26 their
135 3269 101 24 minister
254 3269 55 24 took
326 3269 39 24 the
385 3272 145 30 opportunity
542 3276 23 19 to
582 3281 62 16 com-

74 3303 50 20 ment
143 3309 57 23 upon
216 3303 38 23 the
271 3303 84 32 stigma
372 3303 49 24 that
440 3309 59 19 rests
517 3313 61 23 upon
598 3307 44 23 this

75 3329 66 33 Town,
153 3335 46 24 that
210 3340 41 19 not
261 3344 45 23 any
318 3337 72 31 place,
402 3336 71 32 solely
485 3340 158 30 appropriated

74 3363 27 24 for
116 3367 72 29 public
205 3369 106 32 worship,
323 3370 45 23 had
386 3375 38 26 yet
442 3371 57 23 been
511 3373 89 23 erected
612 3373 31 31 by

75 3402 34 25 any
124 3400 25 22 of
167 3401 36 24 the
226 3403 91 22 various
338 3403 117 24 Christian
476 3406 165 24 communities.

75 3427 53 35 They
139 3440 54 18 were
204 3435 49 23 told
263 3435 57 29 that,
331 3436 20 23 if
367 3436 54 31 they
431 3437 45 25 had
492 3443 40 19 not
551 3447 90 24 money,

74 3460 44 33 they
127 3465 42 25 had
179 3467 78 24 health
268 3469 45 22 and
323 3470 112 30 strength,
448 3470 44 24 and
504 3471 56 31 they
572 3473 72 30 ought

74 3496 19 34 }o
103 3498 80 32 employ
195 3500 63 24 these
268 3501 24 23 in
305 3502 89 31 cutting
403 3503 82 24 timber
495 3504 36 24 for
543 3513 14 15 a
567 3505 75 25 build-
665 3523 2 12 ,

66 3532 47 25 •&&•
144 3531 54 25 This
210 3533 85 30 advice,
307 3534 75 23 which
400 3537 51 22 was'
456 3537 109 24 intended
579 3543 23 19 to
612 3539 30 24 be
665 3547 2 10 '

74 3559 95 34 followed,
186 3565 28 24 he
226 3565 63 32 (Col.
303 3566 141 33 Wakefield)
456 3570 74 23 would
550 3572 51 30 give
617 3577 25 19 to
665 3574 2 11 ;

75 3592 31 23 the
115 3596 128 32 institution,
260 3599 123 33 especially
394 3608 26 16 as
434 3601 39 24 the
492 3604 116 30 operation
619 3605 26 24 of
665 3601 2 14 :

74 3624 31 24 the
329 3633 76 24 would
424 3633 91 32 deprive
534 3636 63 25 them
617 3638 26 24 of
665 3653 2 9 ,

75 3657 48 25 their
132 3669 59 17 room
203 3672 28 16 on
243 3665 37 24 the
294 3667 38 22 Ist
347 3666 26 23 of
393 3666 107 26 October.
536 3669 28 24 If
578 3670 64 25 short
665 3681 2 13 i

74 3690 21 22 of
107 3691 11 23 f
116 3693 60 31 unds,
188 3697 51 31 they
250 3703 62 19 must
323 3698 70 30 make,
403 3699 38 24 the
453 3705 89 26 greater
554 3703 86 30 efforts,
665 3707 2 19 1

74 3724 37 21 and
122 3726 24 23 he
154 3734 43 17 was
205 3729 75 33 happy
291 3736 24 19 to
327 3740 41 23 say
380 3732 56 30 that,
444 3733 86 32 having
537 3737 105 23 received

75 3759 40 19 Com
116 3761 130 25 munication
254 3764 57 24 from
319 3764 36 24 his
361 3765 141 32 Excellency
508 3767 38 24 the
555 3769 86 24 Officer
665 3759 2 40 \

75 3789 164 36 Administering
250 3796 38 24 the
300 3797 164 31 Government,
475 3799 25 23 in
517 3801 74 24 which
603 3802 38 23 the
665 3812 2 13 i

74 3821 79 31 Mayor,
174 3825 37 24 the
233 3828 69 25 Chief
322 3830 80 24 Police
430 3832 144 31 Magistrate,
596 3835 44 23 and

74 3855 81 24 wmself
172 3865 58 16 were
251 3860 97 26 directed
370 3869 25 18 to
417 3864 54 23 allot
497 3865 39 24 the
557 3867 83 24 Public
665 3865 2 13 '

75 3890 109 39 J-eserves,
207 3890 63 26 there
290 3896 73 23 would
383 3897 29 23 be
435 3904 29 17 no
484 3897 111 32 difficulty
615 3902 25 22 in
665 3888 2 36 I

75 3919 60 30 *»ng
146 3921 52 25 sites
207 3922 36 25 for
261 3926 75 31 public
353 3936 118 25 purposes.
508 3931 40 25 He
566 3933 74 23 would
665 3944 2 10 ,

1925 2298 113 22 Economy
2054 2307 24 13 in
2100 2307 13 13 a
2133 2300 99 21 Family.
2235 2312 26 3 —
2262 2300 71 22 Thei'e
2352 2301 19 21 is
2390 2300 91 27 nothing

1898 2325 70 22 which
1978 2333 52 19 goes
2041 2333 23 14 so
2077 2326 31 21 far
2119 2326 92 21 towards
2220 2327 88 26 placing
2317 2334 76 20 young
2402 2327 78 27 people

1897 2352 88 27 beyond
2004 2352 37 22 the
2058 2352 67 22 reach
2140 2353 26 21 of
2182 2358 98 22 poverty,
2297 2361 24 14 as
2338 2360 104 20 economy
2459 2354 22 21 in

1898 2378 37 22 the
1951 2383 156 23 management
2124 2379 24 21 of
2159 2379 57 22 their
2231 2380 106 22 domestic
2352 2380 78 22 affairs.
2459 2381 22 21 It

1898 2408 90 19 matters
2006 2408 40 19 not
2064 2406 99 21 whether
2181 2413 14 14 a
2214 2414 51 14 man
2284 2406 87 22 furnish
2387 2407 55 21 little
2456 2414 25 14 or

1897 2432 67 21 much
1983 2432 35 21 for
2035 2432 34 21 his
2088 2433 82 27 family,
2192 2433 19 21 if
2222 2433 60 22 there
2300 2434 19 21 is
2339 2440 13 14 a
2369 2434 112 21 continual

1896 2458 92 28 leakage
1997 2459 24 21 in
2030 2458 35 22 his
2074 2459 89 22 kitchen
2175 2467 24 13 or
2208 2460 22 21 in
2242 2461 37 21 the
2288 2460 89 27 parlour
2384 2467 6 19 ;
2401 2460 17 21 it
2428 2467 53 15 runs

1896 2492 62 20 away
1968 2486 28 21 he
2006 2486 76 21 knows
2092 2490 39 17 not
2140 2486 57 26 how,
2209 2487 44 21 and
2262 2487 48 21 that
2321 2487 80 21 demon
2410 2491 71 17 waste

1897 2512 56 21 cries
1968 2519 68 18 more,
2055 2512 45 22 like
2116 2512 36 22 the
2173 2512 171 22 borse-leeche's
2366 2513 115 27 daughter,

1896 2538 59 21 until
1961 2539 29 22 he
1999 2539 47 21 that
2054 2539 106 27 provided
2169 2539 40 22 has
2220 2547 29 14 no
2258 2547 61 14 more
2329 2543 24 18 to
2362 2540 56 27 give.
2457 2540 24 21 It

1896 2565 19 21 is
1926 2566 37 21 the
1974 2565 121 22 husband's
2106 2565 53 27 duty
2169 2569 23 18 to
2207 2566 63 27 bring
2284 2566 48 21 into
2350 2566 38 22 the
2404 2566 77 28 house,

1896 2592 45 21 and
1960 2592 18 22 it
1993 2594 18 19 is
2029 2592 37 21 the
2077 2593 54 26 duty
2141 2593 27 20 of
2178 2592 37 22 the
2226 2593 49 21 wife
2286 2597 21 17 to
2316 2599 39 15 see
2364 2593 48 21 that
2419 2600 61 14 none

1895 2625 52 19 goes
1960 2618 131 28 wrongfully
2100 2623 38 17 out
2148 2620 26 21 of
2183 2620 25 21 it.
2247 2620 21 21 A
2282 2627 56 14 man
2348 2623 48 23 gets
2406 2626 14 15 a
2429 2620 51 21 wife

1897 2650 21 16 to
1927 2645 53 22 look
1990 2646 56 21 after
2056 2645 33 22 his
2100 2646 80 26 affairs,
2192 2645 45 22 and
2246 2649 22 18 to
2276 2646 66 21 assist
2351 2646 46 21 him
2406 2646 23 21 in
2445 2646 36 22 his

1893 2672 97 26 journey
2006 2672 95 27 through
2110 2673 36 20 life
2155 2680 6 13 :
2180 2675 23 19 to
2218 2672 92 22 educate
2326 2672 47 22 and
2390 2679 90 21 prepare

1896 2699 35 21 his
1941 2698 99 23 children
2051 2698 33 21 for
2095 2706 12 14 a
2115 2706 81 20 proper
2206 2700 80 21 station
2295 2700 23 21 in
2327 2699 48 27 life,
2385 2699 45 22 and
2439 2703 41 17 not

1898 2729 20 17 to
1929 2726 101 26 dissipate
2046 2725 33 21 his
2095 2729 109 24 property.
2241 2726 47 21 The
2305 2725 121 23 husband's
2444 2726 36 21 in-

1897 2755 67 18 terest
1974 2752 78 21 should
2062 2752 26 21 be
2100 2753 36 21 the
2147 2754 68 20 wife's
2223 2759 56 20 care,
2289 2752 45 22 and
2340 2753 40 21 her
2386 2755 95 24 greatest

1897 2779 105 21 ambition
2012 2786 63 19 carry
2087 2778 40 23 her
2138 2787 28 13 no
2175 2780 83 21 farther
2271 2780 53 21 than
2343 2779 34 22 his
2392 2779 89 22 welfare

1897 2812 25 14 or
1930 2805 126 27 happiness,
2068 2806 100 26 together
2178 2806 52 21 with
2237 2806 47 22 that
2292 2805 25 22 of
2323 2806 41 21 her
2373 2805 106 23 children.

1896 2832 53 21 This
1967 2832 80 21 should
2061 2832 27 21 be
2105 2832 40 22 her
2161 2832 45 22 sole
2223 2832 50 27 aim,
2291 2832 44 22 and
2346 2832 39 21 the
2395 2832 85 22 theatre

1897 2859 25 20 of
1939 2858 41 22 her
2000 2858 92 28 exploits
2110 2859 25 22 in
2150 2859 37 21 the
2202 2860 76 21 bosom
2293 2860 26 21 of
2335 2859 41 21 her
2392 2858 85 28 family,

1897 2884 72 22 where
1979 2885 37 21 she
2025 2892 52 20 may
2088 2885 28 22 do
2131 2892 23 14 as
2168 2886 69 21 much
2251 2885 92 22 towards
2362 2884 89 27 making
2465 2892 15 15 a

1897 2912 95 25 fortune,
2004 2918 24 15 as
2038 2912 27 21 he
2076 2919 41 14 can
2126 2912 23 21 in
2160 2912 38 21 the
2208 2913 177 25 counting-room
2401 2918 25 15 or
2441 2911 38 22 the

1896 2938 131 26 work-shop.
2069 2938 22 21 It
2105 2938 19 21 is
2139 2942 39 17 not
2195 2938 37 22 the
2247 2945 81 20 money
2338 2938 82 21 earned
2429 2937 49 22 that

1897 2964 75 21 makes
1983 2971 13 14 a
2006 2971 53 14 man
2067 2964 96 28 wealthy
2165 2975 29 5 —
2194 2965 19 21 it
2220 2965 20 21 is
2250 2965 60 21 what
2319 2964 28 22 he
2354 2971 62 14 saves
2422 2964 57 22 from

1896 2990 33 22 his
1940 2992 96 26 earning.
2075 2990 202 28 Self-gratification
2292 2990 23 22 in
2332 2992 69 25 dress,
2411 2997 24 15 or
2444 2991 34 21 in-

1897 3017 108 27 dulgence
2014 3018 24 21 in
2048 3018 101 26 appetite,
2161 3025 24 14 or
2195 3023 61 16 more
2265 3024 109 20 company
2382 3017 52 22 than
2443 3017 35 22 his

1896 3051 64 19 purse
1972 3051 39 14 can
2019 3044 50 22 well
2079 3046 116 24 entertain,
2211 3051 35 14 are
2260 3044 87 28 equally
2357 3044 120 27 penicious.

1896 3071 47 21 The
1954 3070 47 22 first
2009 3071 56 21 adds
2081 3071 73 27 vanity
2170 3075 23 17 to
2208 3073 168 24 extravagance,
2391 3070 38 22 the
2444 3077 37 16 se-

1896 3098 58 21 cond
1963 3098 83 21 fastens
2054 3105 13 14 a
2077 3097 96 22 doctor's
2181 3097 40 22 bill
2230 3101 23 18 to
2267 3105 14 14 a
2295 3097 54 27 long
2364 3097 111 22 butchers'

1892 3127 106 23 account,
2014 3124 46 21 and
2075 3124 36 21 the
2126 3124 65 22 latter
2205 3124 74 26 brings
2297 3124 180 27 imtemperance,

1896 3150 37 21 the
1943 3154 66 18 worst
2018 3151 27 21 of
2055 3150 30 22 all
2095 3151 61 26 evils,
2166 3151 24 21 in
2198 3151 29 21 its
2237 3151 63 22 train.

1922 3177 163 22 Fashionable
2114 3177 178 22 Intelligence.
2302 3188 29 4 —
2347 3176 129 29 Yesterday,

1897 3204 76 26 Paddy
1985 3204 75 21 Green
2074 3204 114 21 honoured
2206 3204 47 21 that
2267 3207 64 24 great
2345 3204 63 21 artist
2423 3204 54 22 Wu-

1895 3230 53 22 liam
1967 3230 103 27 Hogarth
2086 3231 90 21 Teniers
2192 3230 101 28 Rapheal
2310 3231 85 26 Bunks,
2415 3231 60 27 Esq.,

1896 3257 51 21 with
1966 3264 14 14 a
1998 3258 77 26 sitting
2094 3260 35 18 lor
2147 3263 12 15 a
2177 3256 104 23 likeness.
2308 3257 51 22 The
2380 3260 95 24 portrait,

1889 3283 77 22 -which
1983 3283 44 22 will
2047 3283 110 22 doubtless
2176 3284 28 21 be
2220 3291 28 14 an
2262 3284 121 22 admirable
2397 3291 49 20 one,
2458 3285 18 21 is

1896 3310 70 22 stated
1985 3313 23 18 to
2027 3310 28 22 be
2075 3310 100 22 destined
2195 3314 23 17 to
2237 3310 69 22 adorn
2327 3318 45 15 one
2391 3311 25 21 of
2431 3312 44 21 Mr.

1896 3336 117 23 Catnach's
2032 3336 91 27 ballads,
2144 3338 95 26 namely,
2355 3337 83 22 Monks
2452 3338 27 21 of

1983 3363 72 22 which
2074 3363 44 22 Mr.
2129 3363 25 22 P.
2172 3364 80 26 Green,
2265 3364 24 22 in
2304 3367 60 18 most
2380 3364 97 26 obliging

1894 3397 100 19 manner,
2004 3390 41 21 has
2060 3390 92 22 allowed
2162 3394 23 18 to
2195 3397 87 21 appear.
2312 3390 100 22 William
2422 3390 54 22 Paul
2480 3397 2 3 '

1895 3416 51 21 took
1956 3423 13 14 a
1979 3416 56 22 walk
2049 3416 117 28 yesterday
2176 3424 23 15 as
2215 3420 33 19 iar
2263 3424 23 15 as
2303 3416 138 27 Hounditch,
2451 3417 23 21 in

1895 3450 109 20 company
2013 3444 52 21 with
2079 3444 115 21 Jeremiah
2209 3443 117 22 Donovan.
2354 3444 24 21 A
2392 3443 46 27 pair
2453 3443 24 21 of

1894 3469 84 22 left-off
1988 3470 194 22 unmentionables
2195 3470 19 22 is
2229 3470 135 27 confidently
2374 3469 100 26 reported

1896 3500 21 17 to
1927 3496 27 22 be
1964 3496 38 22 the
2013 3495 64 23 cause
2088 3497 26 21 of
2119 3497 57 22 their
2185 3497 52 22 visit
2244 3497 24 22 in
2277 3497 38 22 the

1896 3523 45 22 The
1952 3523 52 27 lady
2014 3524 25 20 of
2044 3523 77 28 Paddy
2129 3524 80 26 Green,
2218 3523 98 27 Esquire,
2327 3530 30 13 on
2369 3521 105 22 Wednes-

1896 3549 41 28 day
1952 3549 49 27 last,
2012 3550 53 21 with
2082 3550 49 21 that
2144 3550 105 23 kindness
2258 3549 72 22 which
2339 3549 41 21 has
2393 3547 80 27 always

1896 3575 160 28 distinguished
2070 3576 46 26 her,
2133 3577 80 21 caused
2230 3580 23 17 to
2272 3575 28 22 be
2314 3573 130 24 distributed
2458 3580 15 15 a

1895 3602 113 27 platterful
2026 3603 26 21 of
2067 3606 78 18 trotter
2166 3603 70 21 bones
2254 3604 100 23 amongst
2376 3599 36 23 the
2436 3599 37 23 the

1896 3629 98 28 starving
2002 3629 54 28 dogs
2066 3630 27 21 of
2104 3629 37 21 the
2151 3628 184 28 neighbourhood.
2364 3626 65 22 From
2438 3626 35 22 in-

1895 3655 117 22 formation
2027 3655 134 27 exclusively
2170 3662 40 14 our
2226 3662 53 19 own,
2295 3653 45 22 and
2350 3652 35 22 for
2399 3652 74 23 whose

1896 3686 134 18 correctness
2040 3689 32 15 we
2082 3682 73 22 would
2163 3682 61 21 stake
2234 3688 40 14 our
2282 3680 73 27 hump,
2369 3685 32 15 we
2409 3678 63 23 learn

1896 3709 45 21 that
1952 3709 78 21 James
2039 3709 82 27 Burke,
2129 3710 35 20 the
2175 3706 112 24 honoured
2296 3705 101 22 member
2403 3705 26 22 of
2435 3706 37 22 the

1896 3735 64 26 P.R.,
1970 3742 44 15 was
2024 3742 53 15 seen
2094 3739 22 18 to
2131 3734 55 22 walk
2200 3734 65 21 home
2279 3739 29 15 on
2323 3731 39 22 the
2378 3731 64 28 night
2450 3732 27 22 of

1896 3761 101 27 TUesday
2015 3761 43 22 last
2076 3761 53 22 with
2147 3760 61 22 three
2227 3757 59 24 fresh
2298 3758 103 27 herrings
2411 3766 35 15 .on
2458 3767 15 15 a

1890 3789 65 26 'twig.
1983 3788 66 22 After
2058 3794 86 21 supper,
2154 3786 28 22 he
2198 3784 104 23 consoled
2316 3785 93 22 himself
2420 3786 52 22 with

1896 3821 14 15 a
1917 3815 50 26 pint
1975 3815 26 21 of
2003 3815 134 26 four-penny
2145 3812 40 22 ale.
2213 3811 90 22 Charles
2309 3811 77 22 Mears
2390 3817 84 21 yester-

1896 3841 42 26 day
1948 3839 54 24 took
2013 3848 13 14 a
2034 3840 48 22 ride
2091 3840 24 22 in
2125 3846 14 15 a
2147 3837 152 27 Whitechapel
2308 3837 110 23 omnibus.
2435 3840 37 22 He

1896 3866 98 27 alighted
2011 3869 23 19 at
2042 3866 97 26 Aldgate
2155 3864 78 27 Pump,
2243 3868 24 18 at
2275 3864 72 22 which
2355 3864 30 22 he
2393 3865 53 23 took
2459 3874 15 14 a

1896 3892 95 27 draught
1997 3892 26 22 of
2029 3896 67 18 water
2100 3891 57 23 from
2162 3890 39 22 the
2205 3890 66 23 ladle.
2298 3890 38 23 He
2343 3891 32 23 aft
2379 3893 95 21 erwards

1895 3918 90 27 regaled
2003 3925 30 15 on
2041 3925 15 15 a
2070 3917 78 24 couple
2164 3918 24 21 of
2203 3916 102 29 polonies
2314 3918 45 24 and
2378 3925 14 16 a
2399 3926 73 19 penny

1896 3933 78 33 \ok—
1973 3945 84 21 Punch.
2449 3933 20 16 *

1322 150 49 22 The
1376 153 124 22 usefulness
1506 154 27 22 of
1539 154 35 23 the
1585 155 102 22 Institute
1696 156 64 27 being
1768 158 49 22 thus
1824 159 52 22 seri-

1296 177 63 27 ously
1373 178 89 27 injured
1476 180 30 27 by
1520 181 37 22 the
1572 184 58 19 want
1640 182 25 21 of
1676 182 74 27 funds,
1766 184 37 22 the
1818 192 57 15 com-

1295 203 77 21 mittee
1385 206 151 27 respectifully
1545 207 69 22 solicit
1628 208 49 21 that
1689 216 55 19 your
1759 210 65 22 Court
1834 211 41 22 will

1295 230 81 21 render
1387 230 20 21 it
1419 232 56 21 such
1489 234 118 21 assistance
1622 241 24 14 as
1663 241 44 20 you
1718 243 51 19 may
1778 236 43 22 feel
1839 237 36 22 the

1296 262 99 21 urgency
1406 257 25 21 of
1437 257 38 22 the
1484 266 50 14 case
1543 260 104 27 requires.

1322 281 116 29 Believing
1448 284 50 22 that
1511 285 25 21 in
1545 285 37 23 the
1592 286 74 22 efforts
1677 287 53 21 here
1740 288 97 22 referred
1845 292 28 23 to,

1296 308 36 21 the
1342 309 111 22 exertions
1463 311 46 21 and
1517 312 78 22 wishes
1604 313 26 21 of
1636 313 37 21 the
1683 313 112 23 Directors
1807 316 25 20 of
1838 315 37 22 the

1296 334 56 22 New
1369 335 100 23 Zealand
1488 337 118 29 Company,
1627 339 34 21 for
1680 340 56 22 their
1755 341 58 21 First
1831 342 44 21 and

1296 360 110 28 Principle
1413 362 137 28 Settlement,
1562 372 36 15 are
1607 365 68 28 being
1684 367 86 21 carried
1779 370 46 23 out,

1404 388 40 22 We
1453 389 57 22 have
1521 391 36 21 the
1567 391 84 22 honour
1661 396 22 17 to
1693 392 35 23 be.

1456 416 43 34 My
1508 417 70 21 Lords
1587 418 44 21 and
1642 418 140 27 Gentlemen,

1484 446 62 18 Your
1555 448 56 18 most
1620 444 104 22 obedient
1734 448 105 23 servants,

1350 465 102 29 (Signed)
1482 469 35 21 W.
1534 470 70 27 Lyon,
1640 471 9 19 1
1676 484 22 13 v
1700 484 5 5 .
1743 485 17 12 „
1798 486 4 4 .
1811 485 7 5 .
1851 489 3 1 .

1485 496 28 21 G.
1524 481 133 43 Hunter,}
1676 484 198 24 Vice-Presidents.

1483 522 22 21 J.
1517 522 31 22 H.
1559 523 121 28 Wallace,
1691 524 125 22 Treasurer.

1484 548 52 22 Jno.
1552 549 121 28 Knowles,
1685 552 121 26 Secretary.

1321 577 64 23 Your
1403 580 132 23 Committee
1553 582 56 23 have
1630 588 22 17 to
1667 584 157 28 acknowledge
1838 585 36 22 the

1293 605 83 27 receipt
1385 606 25 21 of
1423 607 85 22 several
1526 609 106 27 packages
1641 611 25 21 of
1673 618 136 20 newspapers
1820 612 54 21 from

1295 638 13 14 a
1319 633 42 20 Mr.
1373 633 20 20 S.
1406 633 106 26 Cobhatn,
1525 635 26 21 of
1563 636 104 26 Newgate
1682 638 77 25 Street,
1772 638 100 26 London,

1294 659 119 21 addressed
1423 663 22 18 to
1457 660 36 22 the
1504 662 131 22 Secretaries
1642 664 26 20 of
1675 664 37 21 the
1717 664 45 21 late
1770 664 104 22 Museum

1294 683 44 22 and
1348 684 127 29 Exchange,
1487 688 45 21 and
1550 688 35 21 the
1596 689 107 27 Working
1719 690 74 21 Man's
1807 691 71 22 Asso-

1294 710 92 29 ciation;
1403 712 52 22 both
1473 713 61 22 these
1549 715 133 22 institutions
1700 716 65 27 being
1776 716 96 28 defunct,

1294 736 51 27 they
1354 737 57 23 have
1421 739 57 22 been
1487 740 78 27 placed
1580 742 23 21 in
1616 749 57 20 your
1683 742 86 27 library
1775 751 6 19 ;
1797 744 44 21 and
1851 751 24 14 as

1294 770 59 14 more
1362 765 85 26 parcels
1461 774 37 14 are
1512 770 23 18 to
1553 768 26 20 be
1595 769 107 26 expected
1717 769 29 26 by
1757 769 55 22 each
1827 777 48 14 suc-

1294 790 83 22 cessive
1393 791 47 27 ship
1453 795 21 19 to
1491 793 43 22 this
1543 793 68 28 place,
1621 802 56 19 your
1687 795 130 22 Committee
1832 796 42 22 will

1293 817 50 25 give
1353 817 56 22 their
1418 817 48 23 best
1472 822 108 20 attention
1587 824 22 18 to
1616 829 61 14 some
1686 821 54 28 plan
1746 823 34 20 for
1785 823 90 27 making

1296 843 61 21 them
1368 845 114 27 generally
1491 847 78 22 useful.

1321 869 61 23 Your
1392 871 132 23 Committee
1535 873 54 23 have
1600 875 93 26 granted
1708 875 38 21 the
1755 882 39 14 use
1804 875 26 22 of
1837 875 37 22 the

1293 896 83 22 lecture
1387 897 50 26 hall,
1449 906 29 14 on
1488 900 37 20 the
1535 901 95 27 Sunday,
1640 904 21 18 to
1673 901 37 21 the
1720 901 154 28 Independent

1294 922 170 24 denomination.
1494 926 104 22 Previous
1604 932 22 16 to
1636 927 50 26 this,
1694 929 17 20 it
1717 935 43 15 was
1767 929 105 26 occupied

1294 950 28 25 by
1330 949 37 21 the
1377 950 171 29 Episcopalians,
1560 954 44 21 and
1614 962 56 19 your
1676 955 131 21 Committee
1818 955 54 22 have

1294 977 80 25 always
1384 977 55 21 been
1449 979 67 26 ready
1528 984 22 17 to
1560 981 61 21 allow
1631 981 27 21 its
1668 988 39 14 use
1721 986 22 16 to
1760 988 45 21 any
1814 982 58 28 body

1294 1002 23 21 of
1326 1002 127 27 Christians,
1466 1005 92 23 without
1566 1007 113 22 reference
1689 1011 23 18 to
1722 1011 52 19 sect.

1320 1029 96 22 School.
1418 1040 27 5 —
1446 1031 62 22 Your
1515 1033 129 22 Committee
1651 1033 57 23 have
1715 1035 99 21 watched
1823 1042 50 15 over

1294 1055 41 22 tins
1346 1056 138 26 department
1494 1058 25 21 of
1533 1059 55 21 their
1605 1064 55 18 tiust
1669 1061 52 21 with
1730 1061 37 21 the
1778 1066 95 22 greatest

1294 1082 96 26 pnxiety.
1419 1083 63 28 They
1491 1084 45 22 laid
1548 1086 35 21 the
1593 1086 129 22 foundation
1733 1088 26 20 of
1770 1095 13 13 a
1793 1092 79 22 system

1294 1108 24 22 of
1334 1109 116 23 education
1468 1118 25 14 as
1508 1111 114 23 beneficial
1638 1120 23 14 as
1671 1113 17 21 it
1698 1121 43 13 was
1757 1115 113 26 available,

1294 1134 41 23 and
1344 1135 22 22 in
1379 1136 56 22 their
1444 1137 44 21 last
1498 1142 73 23 report
1580 1138 50 28 they
1641 1140 116 25 presented
1767 1148 13 13 a
1790 1141 82 22 flatter-

1293 1162 36 26 ing
1338 1166 95 18 account
1440 1164 27 21 of
1473 1164 28 21 its
1512 1172 94 14 success.
1633 1166 48 21 The
1691 1166 113 27 following
1812 1168 18 20 is
1837 1168 35 22 the

1294 1189 82 26 Report
1385 1190 25 20 of
1417 1189 37 23 the
1465 1191 79 21 School
1555 1192 197 22 Sub-Committee:
1754 1204 28 4 —

1319 1215 47 22 The
1375 1217 74 25 period
1457 1217 80 28 during
1544 1218 71 22 which
1622 1226 57 19 your
1686 1219 187 23 Sub-Committee

1292 1240 55 23 have
1358 1242 44 21 had
1412 1242 81 28 charge
1502 1246 25 20 of
1541 1245 37 21 the
1595 1245 98 28 Schools,
1704 1245 39 23 has
1759 1247 57 21 been
1832 1254 41 15 one

1293 1267 24 22 of
1333 1275 28 14 no
1381 1269 105 28 ordinary
1505 1272 97 25 anxiety.
1636 1273 151 21 Commenced
1804 1274 70 22 under

1291 1295 110 27 nattering
1411 1297 106 27 auspices,
1528 1297 71 22 which
1609 1299 99 27 speedily
1719 1299 82 27 proved
1812 1300 61 22 delu-

1292 1321 52 26 sive,
1353 1322 36 21 the
1397 1323 132 22 Committee
1536 1324 56 22 have
1604 1325 42 21 had
1653 1325 38 21 the
1701 1326 51 26 pain
1758 1326 27 21 of
1787 1327 87 21 witnes-

1292 1348 47 26 sing
1355 1348 56 22 their
1424 1351 131 27 apparently
1566 1351 128 28 flourishing
1708 1352 166 23 establishment

1293 1374 129 23 threatened
1442 1376 54 22 with
1520 1378 144 22 annihilation
1675 1386 5 19 ;
1703 1379 40 21 but
1766 1379 106 28 although

1292 1400 51 28 they
1348 1402 58 21 have
1416 1403 44 21 had
1472 1407 22 17 to
1502 1408 119 18 encounter
1628 1412 12 14 a
1648 1405 95 22 virulent
1749 1407 123 26 opposition

1291 1427 57 22 from
1359 1428 95 28 without,
1468 1431 42 21 and
1520 1430 57 22 have
1588 1432 93 27 enjoyed
1693 1433 38 21 but
1740 1432 55 22 little
1806 1434 25 20 of
1835 1433 35 22 the

1292 1459 88 23 support
1390 1456 25 21 of
1425 1457 113 26 professed
1552 1458 88 27 friends,
1653 1459 51 27 they
1715 1459 54 21 have
1780 1460 92 27 steadily

1291 1482 136 28 persevered,
1439 1484 43 21 and
1500 1484 20 21 if
1533 1484 57 22 their
1605 1492 87 14 success
1707 1485 45 21 had
1762 1491 39 16 not
1816 1487 55 21 been

1292 1515 174 16 commensurate
1477 1510 52 22 with
1545 1511 56 21 their
1611 1511 73 28 hopes,
1694 1517 39 22 yet
1741 1512 65 22 while
1820 1513 52 28 they

1292 1541 35 14 see
1334 1534 52 27 that,
1396 1543 24 14 as
1428 1536 37 21 the
1475 1536 53 22 fruit
1536 1538 25 20 of
1568 1538 55 21 their
1630 1539 80 26 efforts,
1720 1539 63 21 other
1789 1540 83 22 schools

1292 1561 24 21 of
1323 1562 84 21 similar
1416 1562 53 22 kind
1479 1563 57 22 have
1546 1564 56 22 been
1613 1565 92 26 formed,
1718 1565 52 27 they
1780 1574 41 14 can
1834 1567 39 21 but

1291 1588 78 26 rejoice
1379 1588 49 22 that
1437 1589 118 23 education
1569 1591 18 21 is
1600 1592 68 27 being
1679 1591 99 28 diffused,
1790 1593 45 22 and
1850 1601 22 14 so

1292 1614 56 22 their
1357 1623 49 14 own
1416 1616 73 27 object
1500 1618 102 22 attained.

1317 1641 47 22 The
1373 1642 104 23 statistics
1487 1644 26 21 of
1525 1644 38 22 the
1579 1644 135 28 day-school,
1727 1653 23 15 as
1765 1647 107 25 gathered

1291 1668 57 21 from
1358 1669 37 21 the
1404 1670 179 22 schoolmaster's
1592 1675 79 24 report,
1679 1679 37 14 are
1725 1680 22 14 as
1757 1673 74 22 follow
1839 1682 5 13 :
1846 1685 26 4 —

1317 1695 71 22 There
1398 1695 56 22 have
1465 1696 57 22 been
1531 1698 115 26 admitted,
1657 1699 60 21 since
1728 1699 33 21 his
1772 1701 100 26 appoint-

1292 1724 60 19 ment
1369 1729 28 14 on
1416 1722 127 23 December
1559 1725 21 25 5,
1595 1726 60 24 1842,
1672 1725 125 28 (including
1811 1726 60 23 those

1291 1748 48 21 who
1355 1749 113 22 remained
1485 1750 24 21 in
1527 1751 39 21 the
1581 1751 74 21 school
1670 1753 57 21 from
1738 1753 36 21 the
1788 1753 84 23 former

1291 1774 96 27 teacher)
1727 1779 60 27 Boys
1818 1782 25 20 61

1732 1806 58 22 Girls
1818 1808 27 20 29

1667 1859 65 21 T0ta1
1741 1874 46 6 ....
1818 1862 28 20 90
1877 1852 2 27 I

1291 1882 32 21 Of
1327 1882 59 21 these
1393 1882 60 23 there
1461 1883 57 23 have
1525 1884 41 22 left
1571 1884 55 22 from
1633 1886 87 22 various
1728 1893 76 15 causes
1817 1888 28 21 48

1398 1936 101 28 Leaving
1510 1945 48 14 now
1568 1938 23 21 in
1602 1938 35 22 the
1647 1938 76 22 school
1741 1954 45 6 ....
1818 1941 28 21 42
1867 1955 3 4 •
1877 1942 2 24 |

1315 1968 47 22 The
1373 1975 52 20 ages
1439 1969 24 21 of
1475 1969 101 21 children
1593 1971 107 21 admitted
1715 1971 56 21 have
1787 1972 85 26 ranged

1288 1995 58 21 from
1354 1996 46 20 4to
1411 1996 26 20 16
1444 2001 64 20 years
1515 2003 5 18 ;
1536 2002 97 19 average,
1645 1998 13 20 8
1668 2004 66 19 years
1747 1999 8 19 1
1767 1999 85 20 month.

1315 2021 47 21 The
1373 2028 52 19 ages
1435 2021 25 21 of
1472 2021 99 22 children
1582 2022 39 22 left
1631 2022 55 22 have
1696 2024 84 26 ranged
1789 2025 58 21 from
1858 2026 12 20 5
1877 2021 2 25 I

1289 2049 22 19 to
1321 2049 26 19 16
1357 2054 63 19 years
1427 2055 6 18 ;
1449 2054 101 20 average,
1560 2051 14 19 9
1584 2056 62 19 years
1656 2051 14 19 4
1679 2051 96 21 months.

1316 2073 32 22 Of
1360 2074 37 21 the
1412 2075 27 20 90
1454 2073 103 23 children
1574 2075 113 28 admitted,
1705 2079 12 19 8
1738 2077 64 22 could
1818 2079 53 20 read

1289 2100 51 21 with
1351 2108 113 19 accuracy,
1475 2103 26 19 21
1515 2101 156 28 indifferently,
1680 2105 28 20 47
1717 2104 64 21 small
1791 2105 77 27 words,

1288 2127 44 21 and
1350 2128 27 20 14
1391 2127 65 21 could
1473 2131 39 17 not
1525 2128 55 21 read
1595 2132 21 17 at
1626 2124 42 31 alt;
1686 2131 25 20 13
1728 2130 66 22 could
1810 2132 60 21 write

1287 2152 89 28 legibly,
1386 2155 28 20 38
1423 2153 158 28 indifferently,
1592 2155 43 21 and
1649 2157 28 20 39
1687 2157 65 21 could
1762 2162 39 17 not
1811 2159 59 21 wiite

1288 2183 22 18 at
1320 2181 40 26 all;
1378 2180 63 21 while
1451 2181 22 21 in
1486 2181 129 26 arithmetic,
1627 2183 25 21 37
1665 2190 56 14 were
1737 2184 133 27 acquainted

1288 2214 60 14 more
1358 2214 24 14 or
1392 2207 43 21 less
1446 2207 50 21 with
1507 2207 38 21 the
1555 2208 42 22 five
1608 2208 46 22 first
1663 2209 67 27 rules,
1738 2212 12 20 3
1760 2218 61 14 more
1832 2211 38 21 ad-

1288 2234 91 26 vanced,
1389 2235 28 19 50
1428 2234 94 27 entirely
1532 2235 165 27 unacquainted
1707 2236 52 22 with
1769 2237 17 21 it
1794 2246 5 17 ;
1816 2245 54 19 very

1287 2260 42 21 few
1341 2260 66 22 could
1416 2267 38 20 say
1464 2267 45 20 any
1520 2261 25 21 of
1557 2261 36 21 the
1609 2261 103 28 ordinary
1722 2263 148 23 arithmetical

1287 2287 77 22 tables,
1382 2287 44 21 and
1441 2287 29 21 all
1487 2294 56 15 were
1559 2295 52 20 very
1621 2288 104 23 deficient
1739 2290 23 21 in
1778 2291 92 26 general

1287 2313 150 22 information.

1314 2340 71 22 These
1395 2343 27 19 90
1438 2340 100 22 children
1554 2348 36 15 are
1604 2341 58 23 from
1675 2344 28 20 53
1719 2343 101 28 families,
1831 2344 39 22 the

1289 2366 77 27 trades,
1374 2367 141 27 professions,
1523 2376 25 13 or
1558 2369 140 27 occupations
1705 2370 25 21 of
1738 2370 36 22 the
1780 2375 90 22 parents

1289 2393 87 22 thereof
1396 2394 66 26 being
1484 2402 23 14 as
1526 2395 85 22 follows
1620 2404 33 13 :—
1654 2397 79 21 bakers
1752 2399 19 24 2,
1794 2397 76 22 black-

1288 2420 77 22 smiths
1384 2421 19 26 .'*,
1423 2421 136 27 bricklayers
1579 2423 18 24 1,
1616 2423 95 21 butcher
1731 2425 18 25 1,
1770 2425 100 21 cabinet-

1289 2447 85 21 makers
1390 2450 20 24 2,
1429 2454 91 15 carman
1540 2450 19 25 1,
1580 2453 124 23 carpenters
1719 2452 20 25 8,
1757 2451 72 21 clerks
1846 2453 22 25 4,

1289 2474 111 22 constable
1412 2476 18 25 1,
1442 2482 81 19 cooper
1540 2477 19 24 1,
1577 2477 81 21 currier
1675 2478 19 25 1,
1711 2477 121 27 gardeners
1846 2480 23 25 2,

1287 2500 178 22 harness-maker
1489 2503 17 24 1,
1527 2502 133 27 innkeepers
1682 2505 20 25 5,
1728 2503 99 23 laborers
1846 2506 22 25 4,

1289 2527 104 22 milkman
1405 2529 18 25 1,
1435 2528 87 27 painter
1532 2530 18 25 1,
1558 2529 100 27 plumber
1668 2531 18 25 1,
1697 2530 83 27 printer
1790 2533 19 24 1,
1819 2531 50 21 sail-

1287 2553 77 21 maker
1373 2557 19 23 1,
1404 2562 83 19 sawyer
1500 2557 21 24 3,
1536 2555 131 23 shoemaker
1680 2559 21 24 3,
1719 2557 151 28 store-keeper

1289 2582 18 24 1,
1319 2588 94 19 surgeon
1425 2584 18 24 1,
1456 2581 86 22 tinman
1559 2584 19 25 1,
1590 2583 148 27 wheelwright
1754 2585 17 25 1,
1790 2589 79 17 water-

1289 2614 50 14 man
1350 2609 10 20 1
1370 2616 5 18 ;
1390 2608 24 21 in
1425 2608 29 21 all
1463 2609 34 21 53.

1314 2634 47 21 The
1372 2635 84 26 weekly
1466 2642 77 14 course
1552 2635 25 21 of
1584 2636 63 27 study
1654 2637 112 27 approved
1774 2637 31 27 by
1813 2645 55 19 your

1288 2660 81 27 visitor,
1381 2661 44 21 and
1434 2661 132 22 sanctioned
1577 2663 28 26 by
1615 2663 34 21 the
1661 2664 138 27 Committee,
1809 2672 57 14 com-

1287 2688 67 26 prises
1364 2689 12 19 9
1388 2688 81 22 lessons
1484 2689 24 20 in
1522 2689 98 26 reading,
1629 2691 14 20 6
1656 2690 102 27 spelling,
1769 2691 12 21 5
1801 2691 69 21 arith-

1289 2714 73 26 metic,
1369 2717 14 19 4
1393 2715 70 21 tables
1471 2715 44 21 and
1522 2716 84 26 mentaj.
1613 2716 131 27 arithmetic,
1753 2719 13 19 4
1774 2717 94 28 writing,

1287 2742 13 20 3
1315 2748 118 21 grammar,
1450 2743 135 27 geography,
1602 2742 44 22 and
1660 2743 38 22 the
1713 2744 98 27 physical
1827 2746 42 20 sci-

1289 2774 71 14 ences.

1315 2794 33 21 Of
1354 2794 36 21 the
1399 2796 28 20 48
1433 2795 100 22 children
1538 2795 49 23 who
1597 2796 55 22 have
1661 2796 47 28 left,
1719 2799 27 19 28
1756 2797 114 22 remained

1287 2822 23 20 in
1321 2820 36 22 the
1367 2821 75 23 school
1453 2829 41 15 one
1506 2823 68 26 week,
1585 2825 14 19 3
1613 2827 47 22 two,
1671 2825 14 20 3
1700 2824 69 25 three,
1781 2826 13 19 3
1809 2825 59 26 four,

1287 2849 14 20 4
1310 2848 49 26 five,
1371 2849 10 21 1
1393 2849 40 25 six,
1444 2851 14 19 2
1468 2856 74 20 seven,
1555 2851 11 20 1
1579 2850 60 26 nine,
1649 2852 13 19 2
1673 2854 45 23 ten,
1730 2852 11 20 1
1757 2851 94 21 thirteen
1862 2859 5 18 ;

1289 2881 92 20 average
1390 2879 49 23 stay
1447 2876 23 21 in
1482 2876 37 23 the
1530 2876 82 27 school,
1622 2877 27 24 2§
1660 2877 78 21 weeks.

1315 2902 33 20 Of
1358 2901 36 21 the
1403 2903 28 20 42
1441 2902 100 22 children
1553 2903 48 21 who
1616 2903 92 26 remain,
1719 2905 27 20 26
1762 2910 57 15 were
1829 2903 40 22 ad-

1287 2927 77 22 mitted
1373 2928 24 21 in
1406 2928 133 26 December,
1549 2930 13 19 3
1577 2930 23 20 in
1610 2929 106 27 January,
1726 2932 14 20 3
1750 2929 24 23 in
1785 2930 84 22 Febru-

1288 2962 43 20 ary,
1342 2956 13 20 3
1365 2955 22 21 in
1399 2955 87 27 March,
1498 2951 44 25 and
1552 2956 13 21 7
1573 2956 24 21 in
1607 2956 72 27 April.

1314 2980 46 22 The
1370 2989 94 20 average
1478 2983 139 25 attendance,
1627 2983 102 26 morning
1744 2983 43 21 and
1802 2983 67 21 after-

1288 3015 65 19 noon,
1365 3008 38 22 has
1413 3009 57 21 been
1480 3009 52 21 with
1544 3009 80 21 almost
1639 3009 148 27 undeviating
1804 3017 65 20 regu-

1286 3035 71 26 larity,
1369 3036 33 20 33.

1312 3060 48 23 The
1383 3062 102 22 statistics
1510 3062 26 21 of
1555 3062 38 22 the
1617 3062 90 27 Sunday
1726 3063 80 22 School
1830 3070 36 15 are

1286 3087 113 23 furnished
1407 3089 30 27 by
1447 3089 37 21 the
1494 3089 185 27 Superintendent
1689 3097 24 13 as
1722 3090 84 22 follows
1814 3097 6 14 :
1822 3102 28 3 —

1313 3115 64 21 Since
1386 3115 39 21 the
1434 3116 98 26 opening
1541 3116 25 21 of
1578 3116 36 21 the
1625 3116 76 22 school
1718 3124 28 14 on
1762 3117 59 22 June
1834 3119 32 25 19,

1287 3142 58 26 1842,
1355 3141 63 23 there
1428 3142 58 22 have
1496 3143 57 21 been
1569 3142 106 22 admitted
1694 3157 45 7 ....
1745 3144 58 27 Boys
1813 3145 27 20 65

1747 3166 58 28 Girls
1814 3172 28 20 39

1572 3224 65 25 Total
1800 3226 41 20 104

1287 3248 32 22 Of
1332 3248 63 22 these
1404 3249 58 23 have
1478 3249 41 23 left
1527 3250 59 22 from
1602 3251 85 21 various
1696 3257 85 16 causes.
1789 3265 5 6 .
1813 3252 27 20 48

1548 3303 57 23 Now
1614 3303 25 22 in
1649 3304 37 22 the
1696 3303 85 23 school.
1788 3317 6 7 .
1813 3305 28 20 56

1285 3328 77 22 Under
1371 3328 38 22 the
1418 3336 51 15 care
1479 3330 26 21 of
1515 3337 68 15 seven
1592 3331 122 27 gratuitous
1724 3330 108 22 teachers.

1312 3356 101 26 Average
1425 3357 134 22 attendance
1567 3358 36 20 45.

1311 3389 37 21 An
1359 3388 62 22 effort
1429 3389 19 21 is
1456 3389 67 27 being
1533 3390 65 21 made
1607 3393 23 18 to
1637 3390 77 22 record
1723 3390 37 21 the
1769 3392 61 25 parts
1845 3390 25 21 of

1284 3415 110 27 England,
1410 3416 41 21 &c.
1468 3416 58 22 from
1535 3416 73 23 which
1624 3417 36 21 the
1677 3417 72 21 above
1766 3416 100 21 children

1284 3448 69 19 come,
1371 3441 44 22 and
1434 3450 24 13 so
1477 3443 33 22 far
1524 3450 25 15 as
1571 3443 19 22 is
1609 3447 38 23 yet
1664 3443 143 26 ascertained,
1828 3443 38 21 the

1284 3468 100 27 majority
1393 3469 26 21 of
1426 3469 37 21 the
1473 3469 126 28 intelligent
1609 3469 98 22 children
1713 3470 58 21 have
1779 3468 45 22 had
1828 3469 39 22 the

1284 3495 122 26 advantage
1416 3495 28 21 of
1453 3496 92 28 Sunday
1555 3496 80 22 School
1649 3495 131 22 instruction
1795 3495 70 28 there,

1283 3520 44 22 and
1336 3520 18 21 it
1364 3527 50 20 may
1425 3521 27 22 be
1463 3522 114 27 observed,
1592 3522 24 22 in
1627 3522 104 26 addition,
1748 3521 49 22 that
1805 3529 62 14 some

1284 3547 27 22 of
1320 3547 38 21 the
1370 3547 67 23 latter
1446 3549 63 27 class,
1527 3549 37 22 the
1583 3549 96 22 distance
1690 3549 26 21 of
1728 3547 72 23 whose
1814 3549 53 21 resi-

1282 3573 71 23 dence
1369 3573 33 26 (at
1418 3575 87 27 Karori,
1517 3576 52 26 &c.)
1578 3575 116 28 precludes
1710 3575 58 22 their
1781 3575 86 22 attend-

1282 3608 54 14 ance
1345 3603 24 19 at
1383 3599 37 23 the
1431 3601 149 28 day-schools,
1598 3608 36 16 are
1644 3605 102 24 amongst
1763 3601 36 23 the
1809 3604 59 20 most

1282 3629 101 19 constant
1397 3626 24 23 in
1438 3627 58 23 their
1510 3629 132 21 attendance
1654 3636 28 15 on
1697 3628 108 27 Sundays,
1822 3629 46 21 and

1281 3659 69 20 many
1360 3653 26 21 of
1397 3653 38 22 the
1445 3655 79 27 others,
1541 3655 73 22 whose
1628 3658 96 24 parents,
1738 3655 46 22 like
1794 3654 73 23 them-

1281 3679 86 31 selves^
1374 3686 38 15 are
1427 3681 55 21 total
1497 3686 112 23 strangers
1623 3684 22 20 to
1665 3681 36 23 the
1719 3681 109 27 blessings
1846 3682 25 22 of

1281 3705 125 28 education,
1417 3707 73 21 would
1498 3707 109 28 probably
1614 3715 59 20 grow
1682 3715 30 20 up
1721 3708 82 22 unahle
1811 3715 57 15 even

1280 3736 24 18 to
1313 3732 61 26 read,
1384 3732 22 21 if
1408 3733 18 21 it
1435 3740 57 15 were
1501 3737 42 18 not
1551 3735 35 21 for
1595 3735 38 21 the
1643 3735 91 26 Sunday
1744 3734 88 23 School-

1307 3758 48 22 The
1365 3761 81 24 system
1454 3761 27 21 of
1487 3760 131 23 instruction
1627 3761 95 27 pursued
1731 3761 24 21 in
1762 3761 38 21 the
1811 3762 58 21 Sun-

1280 3785 44 27 day
1333 3785 81 21 School
1423 3785 20 22 is
1456 3786 25 22 in
1492 3787 137 22 accordance
1638 3788 53 21 with
1704 3787 39 21 the
1755 3790 59 20 most
1829 3794 39 20 ap-

1279 3811 83 27 proved
1376 3811 64 26 plans
1450 3813 26 21 of
1490 3813 37 21 the
1545 3813 95 24 London
1655 3813 94 27 schools;
1767 3813 46 22 and
1829 3813 39 21 the

1279 3837 45 22 aim
1332 3837 26 25 is,
1373 3840 23 18 to
1406 3838 93 24 instruct
1505 3858 3 5 ,
1517 3839 38 21 the
1564 3839 103 22 children
1682 3839 25 23 in
1715 3839 41 21 the
1764 3839 71 21 truths
1845 3839 25 21 of

1279 3863 149 28 Christianity,
1447 3864 75 23 drawn
1537 3865 82 31 purely
1633 3866 58 21 from
1706 3865 58 22 their

1279 3890 38 22 the
1331 3890 64 22 Bible
1401 3897 6 20 ;
1423 3897 31 15 no
1465 3891 132 25 patechisms
1613 3898 24 15 or
1650 3891 70 21 books
1730 3891 26 21 of
1767 3898 45 20 any
1827 3891 41 21 de-

1278 3916 162 22 nominational
1450 3916 116 22 character
1576 3916 111 22 whatever
1693 3923 39 17 are
1742 3917 125 28 employed,

1279 3942 45 23 and
1334 3946 23 19 at
1369 3942 38 22 the
1418 3942 59 23 close
1487 3943 26 22 of
1524 3943 38 23 the
1577 3943 75 23 school
1668 3943 37 23 the
1721 3942 98 24 children
1834 3947 34 18 at-

581 54 101 48 m*
704 54 119 43 W<tP
848 55 210 45 gftHantt
1080 61 193 48 oaftttt
1296 64 93 40 ana
1412 66 103 42 rou
1516 67 196 48 Ittngton
1736 66 250 50 Spectator.

1903 159 52 22 tend
1970 160 53 22 such
2037 161 72 27 places
2119 162 28 22 of
2158 162 61 22 Chris
2222 165 43 21 tain
2281 165 91 28 worship
2381 173 23 15 as
2424 166 58 23 their

1904 189 92 23 parents
2006 194 50 20 may

1930 212 114 28 Although
2053 220 14 15 a
2081 217 61 23 great
2150 214 111 24 reduction
2269 217 25 21 in
2303 217 37 23 the
2351 219 95 21 number
2455 219 27 21 of

1905 238 36 21 the
1950 238 96 23 scholars
2054 240 40 21 has
2103 240 66 22 taken
2179 241 67 31 place,
2257 242 18 21 it
2280 243 19 21 is
2308 248 20 17 to
2335 244 27 22 he
2371 245 110 26 regarded

1904 268 39 17 not
1952 272 25 14 as
1986 273 15 14 a
2008 266 67 26 proof
2081 267 24 20 of
2112 266 37 22 the
2159 268 76 22 failure
2243 268 25 21 of
2275 268 58 22 their
2342 274 89 23 system,
2442 271 42 22 but

1903 290 24 21 in
1937 292 131 21 connection
2077 293 51 21 with
2139 293 36 22 the
2183 294 92 22 number
2284 295 26 21 of
2317 295 85 24 schools
2412 297 69 28 lately

1904 318 81 21 started
1994 325 28 14 on
2037 318 38 22 the
2083 326 60 15 same
2156 320 57 26 plan,
2228 320 18 22 is
2263 324 23 18 to
2302 321 27 21 be
2345 323 64 21 taken
2426 330 24 14 as
2468 330 14 15 a

1903 347 62 21 great
1974 344 63 26 proof
2042 344 25 22 of
2074 345 36 21 the
2120 346 72 26 utility
2199 347 24 20 of
2229 347 37 21 the
2273 347 53 27 plan
2334 348 46 21 first
2386 349 93 27 adopted

1905 369 43 21 and
1959 370 84 22 carried
2052 374 37 19 out
2103 372 31 26 by
2143 379 56 21 your
2207 374 137 26 Committee,
2360 375 42 21 and
2415 382 25 14 as
2449 382 30 15 an

1903 397 111 21 incentive
2023 400 23 18 to
2056 404 13 15 a
2079 398 42 21 still
2131 402 85 23 greater
2225 400 113 22 reduction
2347 400 22 22 in
2380 401 36 21 the
2424 402 58 21 scale

1905 421 25 22 of
1938 422 52 22 fees.

1931 447 61 22 Your
2011 450 129 22 Committee
2157 451 71 22 would
2243 452 55 22 here
2314 452 71 23 allude
2401 455 23 20 to
2442 454 38 21 the

1903 480 91 16 reasons
2004 476 71 21 which
2088 476 37 23 led
2141 478 44 21 Mr.
2204 478 63 27 Rule,
2281 478 38 23 the
2334 480 44 21 late
2395 480 89 22 school-

1904 503 86 24 master,
2011 504 21 19 to
2051 503 77 22 tender
2145 503 35 22 his
2197 504 139 28 resignation,
2356 506 45 22 and
2423 513 56 21 your

1905 527 129 23 Committee
2045 531 22 19 to
2077 532 77 24 accept
2162 530 37 21 the
2208 538 60 15 same
2275 539 7 19 ;
2299 532 42 22 and
2352 532 42 22 this
2404 532 77 26 expla-

1902 554 77 21 nation
1988 555 20 20 is
2016 555 66 21 made
2092 559 39 18 not
2149 556 52 21 with
2215 565 13 13 a
2242 558 56 21 view
2316 562 22 18 to
2354 558 71 28 injure
2436 559 45 22 Mr.

1903 579 64 27 Rule,
1980 581 38 21 but
2027 584 22 18 to
2060 584 32 19 set
2102 582 36 21 the
2148 582 73 27 public
2231 583 59 27 right
2300 591 29 14 on
2339 584 36 22 the
2387 585 92 27 subject,

1903 606 44 22 and
1963 610 22 18 to
2000 607 70 26 guard
2086 608 60 21 them
2162 609 85 26 against
2263 613 128 19 statements
2409 612 73 21 which

1903 631 56 22 have
1970 633 55 22 been
2034 634 158 27 industriously
2202 639 33 18 set
2244 643 28 14 on
2284 636 45 21 foot
2335 637 29 26 by
2371 637 42 21 Mr.
2423 638 58 21 Rule

1902 657 95 24 himself.
2037 661 44 21 Mr.
2098 661 75 22 Rule's
2189 662 107 21 attention
2311 662 44 22 had
2371 663 55 22 been
2449 671 35 14 re-

1903 685 103 27 peatedly
2020 686 96 22 directed
2135 690 21 19 to
2177 687 36 22 the
2236 689 93 21 careless
2350 696 93 15 manner
2456 690 25 22 in

1903 711 71 22 which
1991 713 32 21 his
2042 713 70 21 duties
2135 721 23 14 as
2178 714 114 23 Librarian
2312 715 42 21 and
2375 715 108 23 Collector

1904 744 56 15 were
1978 739 130 26 performed.
2138 740 89 22 Instead
2244 741 25 21 of
2281 748 45 20 any
2340 742 147 22 reformation,

1903 763 66 27 being
1979 765 37 22 the
2026 767 68 21 result
2110 767 25 20 of
2146 767 60 21 these
2223 767 127 28 directions,
2367 768 51 27 they
2426 776 57 14 were

1903 794 46 18 met
1958 798 29 14 on
1997 792 37 21 the
2042 797 50 22 part
2100 793 25 21 of
2133 793 42 21 Mr.
2185 794 55 21 Rule
2248 809 6 5 ..
2262 802 15 19 y
2285 802 14 14 a
2310 795 83 26 dogged
2401 795 83 22 sullen-

1902 824 56 18 ness,
1979 818 44 22 and
2042 819 125 28 frequently
2185 827 59 19 gross
2266 821 119 27 insolence,
2404 828 25 15 as
2452 829 29 14 an

1902 843 99 23 instance
2013 845 24 21 of
2049 845 38 22 the
2096 846 66 21 latter
2171 854 56 19 your
2241 847 131 22 Committee
2388 847 65 22 think
2467 848 17 22 it

1902 870 59 26 right
1969 875 23 17 to
2002 876 62 22 state,
2075 873 47 21 that
2137 872 64 22 when
2217 873 58 22 their
2291 875 188 21 Sub-Committee

1902 897 79 21 visited
1991 898 36 21 the
2044 899 80 21 School
2140 899 44 21 and
2199 901 116 26 requested
2331 900 43 22 Mr.
2386 901 58 21 Rule
2461 904 22 18 to

1903 923 87 28 explain
2001 928 21 17 to
2034 925 60 21 them
2104 925 37 21 the
2157 926 89 21 method
2260 927 29 21 he
2306 934 44 14 was
2364 927 117 26 pursuing,

1902 949 27 21 he
1946 950 46 21 told
2008 951 59 21 them
2084 952 47 21 that
2143 951 30 21 he
2188 952 71 22 would
2278 956 41 18 not
2336 960 84 14 answer
2439 960 43 20 any

1902 977 99 25 question
2013 977 54 21 until
2079 978 35 21 the
2126 978 129 22 Committee
2269 979 74 21 raised
2354 979 35 21 his
2401 979 82 28 salary.

1902 1003 53 21 This
1964 1005 135 25 proposition
2111 1004 44 21 had
2164 1011 66 15 never
2245 1005 57 21 been
2320 1005 63 22 made
2394 1009 22 17 to
2427 1012 56 21 your

1903 1029 132 22 Committee
2050 1030 132 27 previously,
2194 1031 43 21 and
2253 1032 37 20 the
2308 1031 126 27 gentlemen
2443 1040 40 20 ap-

1901 1056 91 26 pointed
2002 1057 30 25 by
2039 1057 61 21 them
2107 1060 21 18 to
2137 1057 102 22 overlook
2245 1057 36 22 the
2289 1057 75 23 school
2371 1059 114 22 remained

1903 1082 36 21 the
1950 1082 70 22 whole
2032 1083 114 22 afternoon
2155 1083 92 23 without
2256 1084 37 22 the
2305 1085 99 26 slightest
2412 1086 72 21 notice

1902 1108 67 27 being
1983 1110 67 21 taken
2067 1111 25 20 of
2108 1110 58 21 their
2180 1118 111 19 presence.
2329 1111 75 22 Under
2420 1112 63 21 these

1901 1136 171 22 circumstances
2088 1144 13 14 a
2115 1137 98 27 meeting
2223 1137 25 22 of
2258 1137 37 22 the
2310 1138 95 21 General
2415 1139 68 21 Com-

1901 1163 76 20 mittee
1997 1170 43 14 was
2058 1163 69 22 called
2148 1164 157 27 immediately,
2325 1167 22 19 to
2366 1165 50 21 take
2434 1165 50 21 into

1901 1188 160 22 consideration
2078 1190 35 21 the
2128 1190 110 27 propriety
2255 1191 24 21 of
2291 1190 126 28 dismissing
2437 1192 45 21 Mr.

1902 1214 63 27 Rule,
1983 1215 42 22 but
2039 1216 74 22 before
2129 1216 44 22 this
2190 1217 96 27 meeting
2302 1217 65 21 could
2384 1217 27 22 be
2430 1224 54 15 con-

1901 1242 79 26 vened,
1998 1243 44 21 Mr.
2060 1243 55 21 Rule
2133 1244 78 25 placed
2229 1244 34 21 his
2282 1244 103 21 situation
2404 1247 23 18 at
2446 1244 38 21 the

1901 1267 96 28 disposal
2014 1270 25 19 of
2056 1277 56 19 your
2128 1271 137 25 Committee,
2282 1271 47 21 and
2347 1269 50 22 thus
2415 1271 68 21 saved

1902 1294 59 21 them
1972 1295 37 21 the
2028 1296 132 26 unpleasant
2175 1296 49 21 task
2241 1297 24 20 of
2283 1296 127 28 dismissing
2426 1296 57 22 him.

1901 1320 45 21 But
1955 1320 44 23 this
2008 1322 19 20 is
2037 1326 40 17 not
2087 1322 28 21 all
2125 1329 55 20 your
2188 1323 131 21 Committee
2326 1323 57 21 have
2390 1327 21 17 to
2418 1327 64 18 state.

1901 1346 43 22 Mr.
1957 1348 63 26 Rule,
2031 1349 17 20 it
2057 1355 97 21 appears,
2168 1350 78 21 visited
2255 1350 36 21 the
2308 1353 90 23 parents
2408 1350 26 21 of
2446 1350 38 21 the

1901 1374 105 27 children,
2018 1375 45 22 and
2072 1375 36 22 led
2117 1376 61 21 them
2189 1379 21 18 to
2228 1376 86 21 believe
2331 1376 49 21 that
2394 1376 27 21 he
2437 1376 46 22 had

1900 1400 56 21 been
1978 1401 128 27 ill-treated,
2124 1410 24 13 so
2170 1402 46 21 that
2237 1407 90 23 parents
2348 1402 134 31 frequently,

1900 1426 57 22 from
1967 1427 37 22 the
2014 1435 59 14 mere
2083 1428 93 23 motives
2188 1429 26 21 of
2223 1431 53 25 pity,
2288 1432 50 19 sent
2354 1429 56 22 their
2425 1430 56 21 chil-

1901 1453 53 21 dren
1967 1458 21 17 to
2000 1454 33 21 his
2044 1455 80 21 school.

1927 1480 49 22 The
1992 1481 104 22 Library
2114 1482 101 21 remains*
2226 1482 23 21 in
2267 1482 78 28 nearly
2360 1482 35 22 the
2415 1489 61 16 same

1901 1509 54 19 state
1975 1515 25 14 as
2018 1509 116 25 presented
2150 1512 23 18 to
2191 1516 43 20 you
2249 1509 23 21 in
2291 1509 39 22 the
2345 1510 42 21 last
2401 1513 81 23 report.

1907 1533 40 21 The
1964 1534 132 22 Committee
2112 1535 43 22 will
2172 1535 102 22 continue
2291 1539 24 18 to
2329 1536 49 26 give
2391 1536 17 21 it
2426 1536 58 21 their

1900 1560 49 21 best
1959 1562 113 26 attention,
2086 1562 42 21 and
2138 1562 125 21 endeavour
2272 1565 22 18 to
2305 1562 65 21 make
2380 1562 42 21 this
2432 1569 51 19 por-

1900 1586 45 21 tion
1957 1587 24 22 of
1990 1587 37 22 the
2038 1588 102 22 Institute
2151 1596 13 14 a
2174 1596 75 14 source
2261 1589 25 20 of
2296 1588 95 22 rational
2405 1590 77 25 enjoy-

1900 1617 63 18 ment
1981 1614 45 21 and
2045 1619 145 18 amusement.
2223 1615 46 21 The
2286 1615 92 26 Library
2395 1610 44 27 will
2456 1616 27 20 be

1900 1647 57 19 open
1967 1640 34 23 for
2014 1640 37 22 the
2069 1640 98 29 delivery
2182 1642 25 21 of
2217 1642 68 21 books
2302 1649 65 20 every
2384 1641 100 27 Monday

1900 1667 94 27 evening
2005 1668 55 21 from
2070 1669 13 20 6
2093 1672 22 17 to
2125 1670 13 20 8
2147 1668 90 22 o'clock.

1927 1693 111 22 Finance.
2040 1706 27 4 —
2067 1694 48 21 The
2124 1694 105 22 Ballance
2241 1694 67 23 Sheet
2319 1694 69 22 shews
2394 1694 46 24 £l7
2449 1696 33 20 9s.

1900 1719 35 22 Id.
1947 1728 24 13 as
1985 1720 133 28 the'recepts
2128 1722 25 21 of
2159 1721 45 27 [the
2217 1725 49 23 past
2280 1721 139 27 six-months,
2437 1721 47 22 and

1900 1746 174 23 disbursements
2084 1748 45 21 £15
2143 1750 32 19 3s.
2187 1748 34 22 Id.
2232 1748 89 27 leaving
2336 1748 32 23 £2
2377 1750 31 19 6s.
2423 1748 37 21 Od.
2470 1755 14 14 a

1899 1773 103 22 balance.

1926 1800 47 22 The
1990 1801 94 22 number
2102 1801 24 21 of
2140 1801 132 22 subscribers
2288 1801 80 27 during
2382 1801 37 22 the
2434 1804 50 24 past

1900 1826 49 21 half
1962 1834 52 20 year
2023 1828 40 21 has
2078 1828 56 21 been
2150 1832 166 24 twenty-seven.
2347 1828 26 22 In
2387 1828 62 22 order
2460 1832 24 17 to

1899 1858 100 22 promote
2017 1861 28 14 an
2062 1854 97 22 increase
2176 1855 36 21 the
2228 1856 131 21 Committee
2375 1854 54 22 have
2444 1854 40 22 de-

1900 1880 109 22 termined
2023 1884 22 17 to
2054 1881 143 32 reconynend
2206 1889 12 14 a
2225 1882 116 21 reduction
2349 1881 24 22 in
2385 1881 36 22 the
2427 1882 54 21 sub-

1899 1906 105 27 scription
2014 1910 23 18 to
2047 1908 42 21 five
2099 1908 89 26 shilling
2202 1915 38 19 per
2249 1915 92 19 annum,
2356 1908 92 27 payable
2460 1908 23 21 in

1899 1933 106 26 advance,
2021 1934 44 21 and
2077 1935 53 27 hope
2142 1935 48 21 that
2199 1934 42 21 this
2252 1941 101 16 measure
2363 1941 50 20 may
2424 1938 61 17 meet

1900 1959 51 22 with
1962 1968 54 17 your
2028 1961 112 26 approval.

1927 1985 60 22 Your
2008 1986 130 22 Committee
2155 1990 82 18 cannot
2253 1986 108 23 conclude
2378 1986 56 22 their
2449 1994 35 14 re-

1898 2016 50 23 port
1958 2013 91 20 without
2059 2013 100 27 alluding
2172 2016 22 19 to
2205 2014 36 20 the
2253 2013 78 22 deaths
2342 2013 24 21 of
2377 2016 42 19 two
2429 2021 53 14 men

1900 2039 97 21 eminent
2006 2039 22 22 in
2040 2039 36 22 the
2088 2047 64 14 cause
2162 2040 26 21 of
2195 2040 116 21 education
2322 2040 44 21 and
2376 2040 37 21 the
2421 2040 61 21 well-

1898 2066 68 26 being
1980 2066 25 21 of
2020 2066 37 21 the
2071 2066 117 27 labouring
2204 2066 129 27 population
2348 2066 23 21 in
2385 2067 97 26 general.

1898 2092 148 27 Intelligence
2056 2093 39 21 has
2104 2093 67 26 lately
2182 2093 93 21 reached
2285 2101 26 14 us
2322 2093 23 21 of
2355 2093 36 22 the
2403 2093 78 22 deaths

1898 2119 26 20 of
1936 2119 51 22 Drs.
2004 2119 110 22 Birkbeck
2129 2119 44 22 and
2190 2120 122 26 Charming.
2342 2119 61 22 Your
2418 2120 67 21 Com-

1898 2145 76 21 mittee
1985 2146 73 21 would
2073 2153 88 20 express
2175 2146 56 21 their
2249 2149 74 24 regret
2333 2149 22 18 at
2371 2146 61 22 these
2447 2153 37 14 oc-

1897 2179 123 19 currences,
2032 2172 42 21 and
2082 2180 43 20 pay
2135 2180 13 13 a
2157 2173 87 27 passing
2253 2174 83 21 tribute
2349 2179 22 15 to
2382 2174 58 20 fame
2450 2181 25 13 so

1898 2199 69 26 nobly
1979 2199 89 22 earned.

2011 2251 359 24 MISCELLANEOUS.
