2529 4029
38 82 320 157 THE
465 82 319 157 NEW
891 82 745 157 ZEALAND
1743 82 746 157 GAZETTE

38 239 2451 101 AND

38 340 1225 101 WELLINGTON
1386 340 1103 101 SPECTATOR

588 492 223 37 PUBLISHED
857 492 133 37 EVERY
1033 492 263 37 WEDNESDAY
1340 492 88 37 AND
1475 492 230 37 SATURDAY
1750 492 207 37 MORNING.

585 607 132 31 PORT
745 586 285 60 NICHOLSON,
1044 588 279 52 -SATURDAY*
1338 607 241 40 MORNING,
1601 611 226 33 JANUARY
1850 616 28 31 1,
1903 614 90 28 1842.

2295 610 100 41 [Vol.
2417 610 49 30 11.

76 614 62 31 No.
162 612 85 38 103.]

1463 701 84 20 South
1557 701 49 21 Sea
1616 701 91 21 Hotel.

1261 738 10 14 *.
1291 734 44 22 ri
1345 733 106 22 EORGE
1465 734 111 23 YOUNG
1590 735 54 27 begs
1657 738 24 19 to
1694 735 83 22 inform
1788 734 37 23 the
1835 738 44 18 set-

1260 779 2 2 .
1293 758 52 23 vJT
1351 762 51 21 tiers
1410 761 26 22 of
1441 761 53 22 Port
1498 761 129 27 Nicholson,
1635 762 46 21 and
1686 762 129 26 gentlemen
1820 762 57 21 from

1289 786 39 23 the
1336 788 166 26 neighbouring
1509 788 109 26 Colonies,
1625 788 49 23 that
1682 789 39 21 the
1731 789 70 21 above
1808 788 68 22 house

1289 814 18 21 is
1317 821 54 16 now-
1378 821 57 20 open
1443 823 6 19 ;
1465 815 73 22 where
1547 823 68 19 every
1623 815 135 28 description
1769 815 26 22 of
1801 816 75 26 wines,

1289 840 81 28 spirits,
1382 842 33 21 ale
1429 841 45 22 and
1482 845 81 24 porter,
1574 842 18 21 is
1608 842 127 28 constantly
1745 846 23 17 to
1780 842 28 21 be
1818 842 45 21 had
1870 851 6 18 ;

1290 868 45 21 and
1350 871 68 19 trusts
1433 869 31 26 by
1474 869 109 22 attention
1599 872 23 19 to
1631 870 109 26 business,
1758 873 21 18 to
1789 870 66 21 merit
1864 877 13 14 a

1289 894 66 22 share
1365 895 25 22 of
1402 894 58 23 their
1469 899 128 24 patronage.

1317 921 66 22 Good
1395 921 62 29 beds,
1468 922 45 22 and
1528 930 63 20 every
1604 922 170 23 accomodatlon
1789 922 34 22 for
1834 926 43 19 tra-

1289 948 87 23 vellers.

1317 975 22 22 A
1348 975 54 22 boat
1411 978 23 19 to
1444 976 27 21 be
1481 976 45 22 had
1535 979 24 19 at
1568 976 30 22 all
1606 976 75 28 hours,
1693 976 43 28 day
1747 984 25 14 or
1782 976 70 28 night.

1317 1002 124 23 Harmonic
1451 1003 108 27 meetings
1569 1011 67 20 every
1644 1004 126 26 Thursday.

1290 1047 39 23 TjO
1351 1047 45 22 the
1417 1048 167 24 Merchants,
1606 1049 197 25 Ship-owners,
1821 1049 53 24 &c,

1442 1075 30 20 of
1484 1076 66 20 Port
1564 1075 161 21 Nicholson.

1288 1104 106 48 TD.
1420 1106 101 23 PRATT
1543 1108 54 26 begs
1613 1110 59 19 most
1689 1107 145 28 respectfully
1852 1110 23 19 to

1336 1141 12 11 •
1378 1136 78 19 return
1470 1134 35 21 his
1516 1134 81 22 thanks
1613 1134 35 22 for
1665 1135 38 22 the
1717 1136 91 20 favours
1823 1141 53 14 con-

1350 1159 75 22 ferred
1441 1167 29 15 on
1485 1160 54 28 him,
1549 1161 66 22 while
1630 1162 25 21 in
1672 1162 141 28 partnership
1823 1161 52 22 with

1289 1185 44 22 Mr.
1343 1186 26 22 T.
1381 1187 84 27 Bevan,
1475 1188 47 21 and
1530 1188 55 27 begs
1594 1192 22 18 to
1625 1189 83 22 inform
1719 1188 61 22 them
1790 1190 48 20 that
1847 1188 28 21 he

1288 1212 20 21 is
1316 1219 52 16 now
1376 1214 181 28 manufacturing
1566 1222 64 19 ropes
1632 1232 5 15 {
1647 1216 65 26 lines,
1723 1216 74 26 twine,
1809 1215 26 21 of
1846 1215 30 21 all

1290 1239 145 28 descriptions
1444 1249 4 19 ;
1465 1244 57 19 mats
1536 1242 26 21 of
1575 1242 30 21 all
1621 1249 63 20 sizes,
1705 1243 41 21 &c.
1783 1242 94 26 Fishing

1288 1268 50 21 nets
1357 1267 66 22 made
1441 1268 44 21 and
1502 1268 109 28 repaired,
1629 1269 45 21 and
1693 1276 68 20 every
1779 1268 56 22 kind
1854 1270 26 20 of

1289 1293 77 24 article
1380 1294 24 21 in
1421 1294 37 23 the
1474 1295 70 22 above
1560 1295 53 27 line,
1630 1296 30 21 all
1676 1296 59 22 from
1751 1295 55 22 New
1820 1296 57 21 Zea-

1287 1319 55 23 land
1358 1320 52 28 flax,
1422 1322 45 21 and
1481 1329 29 14 on
1521 1322 37 21 the
1568 1326 57 19 most
1634 1322 130 22 reasonable
1775 1322 100 28 charges.

1260 1357 2 12 ;
1288 1353 45 23 No.
1350 1355 20 26 1,
1395 1355 230 28 Molesworth-street,
1652 1356 147 27 Wellington,
1824 1357 53 21 Port

1496 1404 4 2 .
1517 1383 131 22 Nicholson.

1289 1426 40 24 %o
1340 1427 45 20 the
1396 1427 162 22 Mercantile
1569 1429 54 20 and
1639 1428 134 27 Shipping
1789 1429 87 20 Inter-

1413 1456 57 19 ests
1481 1455 31 20 of
1523 1456 66 20 Port
1597 1456 161 21 Nicholson.

1290 1487 158 49 THOMAS
1465 1488 106 23 BEVAN
1589 1489 44 21 and
1649 1489 84 26 SONS,
1745 1489 56 22 New
1818 1490 58 21 Zea-

1350 1521 61 16 land
1430 1522 59 15 ROPE
1507 1523 45 15 AND
1573 1524 73 14 TWINE
1670 1524 204 19 MANUFACTURERS,

1288 1540 44 28 beg
1346 1544 23 19 to
1378 1542 84 22 inforni
1471 1542 58 22 their
1536 1543 85 21 friends
1632 1543 45 22 and
1688 1543 38 21 the
1735 1543 81 27 public,
1829 1544 47 22 that

1288 1567 54 28 they
1350 1567 58 23 have
1424 1569 107 22 removed
1546 1573 23 18 to
1584 1570 57 22 their
1657 1578 50 14 new
1724 1571 105 26 premises
1846 1578 27 14 on

1288 1594 189 29 Lambton-quay,
1493 1603 78 15 corner
1587 1597 26 21 of
1629 1597 156 27 Willis-street,
1803 1598 72 21 where

1288 1629 68 21 every
1366 1623 76 22 article
1451 1623 24 21 in
1483 1623 37 21 the
1531 1624 69 22 above
1610 1624 73 22 trades
1693 1632 52 19 may
1756 1625 26 21 be
1792 1625 44 21 had
1846 1632 29 14 on

1288 1648 38 22 the
1336 1649 96 22 shortest
1441 1650 81 22 notice.

1315 1675 94 28 Fishing
1417 1680 56 24 nets,
1483 1680 64 25 mats,
1559 1678 49 25 &c,
1618 1678 65 22 made
1694 1678 45 22 and
1749 1679 107 27 repaired.

1315 1703 27 22 T.
1351 1703 27 22 B.
1388 1704 47 22 and
1445 1704 57 22 Sons
1511 1712 37 14 are
1556 1700 68 33 ready
1634 1709 22 18 to
1665 1705 125 22 undertake
1798 1709 78 24 export

1288 1730 77 22 orders
1375 1734 22 18 to
1407 1738 45 19 any
1462 1734 83 24 extent,
1556 1739 29 15 on
1595 1733 131 21 reasonable
1736 1736 75 18 terms.

1314 1757 130 22 November
1453 1759 33 26 30,
1498 1760 59 20 1841.

1510 1804 30 22 H.
1556 1805 93 27 READ,

1424 1837 118 23 Tinman
1552 1841 55 20 and
1616 1841 120 25 Brazier,

1284 1882 22 9 .«_
1365 1870 62 21 Near
1436 1870 37 23 the
1486 1872 153 28 Court-house,
1651 1874 146 26 Wellington.
1883 1881 2 9 '

1476 1928 34 19 A.
1524 1928 79 24 Hort,
1618 1928 70 26 jun.,

1362 1959 279 24 CUSTOM-HOUSE
1669 1962 130 21 AGENT.

1406 1994 40 33 J27,
1461 1995 60 21 1841.

1479 2039 26 20 J.
1520 2039 39 21 M.
1574 2040 108 26 Taylor,

1364 2071 278 24 CUSTOM-HOUSE
1671 2074 131 23 AGENT.

1288 2104 113 28 Courtney
1410 2106 74 27 Place,
1495 2106 32 22 Te
1536 2107 56 22 Aro.

1476 2151 99 23 JABEZ
1589 2140 96 41 DEAN^

1347 2185 137 26 Plumber,
1500 2187 116 26 Glazier,
1632 2188 56 21 and
1701 2188 119 28 Painter,

1314 2219 174 27 Lambton-quay,
1505 2227 50 14 near
1572 2222 35 20 the
1622 2223 69 25 Royal
1708 2223 77 25 George
1799 2224 48 24 Inn,

1287 2252 42 23 T>
1338 2253 122 22 ETURNS
1474 2254 35 21 his
1518 2255 85 22 sincere
1614 2256 81 22 thanks
1705 2257 35 21 for
1750 2257 37 21 the
1797 2257 77 22 liberal

1286 2278 52 23 -LV
1371 2284 93 24 support
1481 2281 28 22 he
1528 2282 40 21 has
1587 2283 108 27 received,
1716 2284 45 21 and
1780 2284 54 27 begs
1853 2288 21 17 to

1285 2313 76 15 assure
1376 2307 64 22 those
1455 2308 130 27 gentlemen
1599 2310 49 21 who
1664 2318 53 20 may
1734 2312 79 21 favour
1829 2311 45 22 him

1286 2333 52 22 with
1357 2333 58 23 their
1430 2335 82 27 orders,
1529 2336 49 21 that
1596 2336 53 28 they
1667 2345 53 19 may
1740 2338 87 27 depend
1846 2346 28 14 on

1284 2361 113 22 materials
1406 2362 27 21 of
1443 2362 37 21 the
1490 2363 48 21 best
1545 2362 133 28 description
1688 2365 45 21 and
1739 2365 58 26 good
1805 2366 70 21 work-

1284 2388 111 28 manship,
1404 2389 118 22 combined
1529 2390 53 21 with
1589 2392 130 21 reasonable
1730 2392 92 27 charges
1831 2393 45 21 and

1283 2416 148 27 punctuality.

1494 2464 29 20 E.
1539 2464 125 26 Stafford,

1372 2498 78 25 Tailor,
1465 2498 172 26 Lambton-quay,
1656 2500 134 24 Wellington,

1286 2531 53 48 IN
1352 2532 117 26 returning
1478 2531 81 23 thanks
1569 2535 23 19 to
1602 2533 63 21 those
1679 2533 130 27 gentlemen
1826 2534 49 22 who

1343 2558 58 22 have
1411 2559 92 21 favored
1512 2559 47 21 him
1569 2560 53 21 with
1632 2560 58 22 their
1698 2560 82 27 orders,
1790 2569 85 14 assures

1287 2584 61 23 them
1357 2585 49 22 that
1415 2586 58 22 from
1482 2586 35 22 his
1527 2586 63 22 stock
1600 2594 28 14 on
1639 2587 67 27 hand,
1719 2587 45 22 and
1773 2588 57 22 from
1840 2596 34 14 re-

1287 2615 52 18 cent
1348 2612 91 22 arrivals
1448 2613 59 22 from
1516 2613 110 27 England,
1637 2614 28 22 he
1677 2614 45 22 will
1736 2615 26 21 be
1780 2615 96 22 enabled

1288 2642 22 18 to
1319 2639 66 22 make
1395 2647 30 20 up
1435 2640 87 22 articles
1532 2641 23 21 in
1564 2640 37 22 the
1611 2641 47 21 first
1668 2642 58 27 style
1736 2642 26 21 of
1772 2642 86 21 fashion
1868 2651 5 18 ;

1287 2665 72 23 which
1368 2667 46 21 will
1423 2667 80 22 render
1512 2667 18 21 it
1538 2675 150 20 unnecessary
1697 2669 36 21 for
1747 2668 36 22 the
1801 2670 73 25 public

1286 2695 23 19 to
1319 2693 56 22 send
1388 2697 23 19 to
1427 2693 39 23 the
1482 2694 163 28 neighbouring
1655 2695 104 22 Colonies
1769 2696 35 21 for
1818 2696 58 21 their

1287 2720 98 27 wearing
1394 2721 97 28 apparel.

1313 2753 58 24 N.B.
1373 2766 28 4 —
1402 2755 73 27 Every
1491 2755 76 22 article
1582 2756 125 22 warranted
1726 2756 26 22 of
1772 2756 38 22 the
1827 2757 49 22 best

1287 2781 91 28 quality,
1390 2785 45 25 cut,
1446 2782 45 22 and
1501 2783 171 28 workmanship,
1683 2783 46 22 and
1743 2791 30 14 on
1785 2792 90 14 reason-

1286 2808 50 21 able
1346 2812 76 18 terms.

1288 2853 257 48 CMOUNSHER,
1556 2854 100 27 'Tailor,
1667 2855 55 28 begs
1732 2856 142 27 respectfully

1335 2891 10 10 ■
1376 2883 22 19 to
1408 2881 83 21 inform
1501 2881 37 22 the
1554 2885 79 24 gentry
1643 2883 46 21 and
1704 2883 138 22 inhabitants
1853 2883 25 21 of

1286 2905 145 30 Wellington,
1442 2908 49 22 that
1501 2908 27 22 he
1536 2907 48 23 'has
1594 2909 106 22 removed
1713 2913 23 18 to
1753 2910 121 21 Lambton-

1286 2940 66 21 quay,
1363 2938 56 18 next
1428 2935 54 22 door
1493 2938 22 19 to
1531 2936 75 27 Major
1617 2936 90 21 Durie's
1724 2940 65 23 store,
1801 2937 73 22 where

1285 2957 34 35 fie^
1324 2964 68 19 trusts
1401 2961 55 28 that,
1463 2962 31 27 by
1503 2962 124 27 producing
1636 2963 106 22 first-rate
1750 2964 124 22 workman-

1286 2987 56 35 ship,
1354 2988 106 28 elegance
1469 2989 27 21 of
1502 2992 44 25 cut,
1557 2989 45 22 and
1611 2990 115 21 moderate
1736 2990 98 28 charges,
1846 2991 27 22 he

1285 3011 45 25 will
1340 3015 28 22 be
1377 3016 119 27 supported
1506 3016 30 27 by
1545 3024 14 13 a
1568 3016 127 27 discerning
1705 3017 82 27 public.

1430 3060 172 26 Wellington
1616 3062 115 20 Tavern.

1288 3093 167 35 T^DWARD
1482 3094 97 22 DAVIS
1606 3095 55 26 begs
1684 3097 23 19 to
1731 3095 83 21 inform
1838 3095 34 22 his

1286 3116 47 26 J_i
1362 3121 86 21 friends
1458 3121 44 21 and
1512 3121 37 22 the
1558 3121 74 27 public
1641 3122 22 21 in
1675 3122 100 27 general,
1787 3122 48 22 that
1844 3123 28 21 he

1284 3147 41 21 has
1340 3147 88 28 opened
1444 3147 37 22 the
1492 3147 137 28 Wellington
1641 3149 97 26 Tavern,
1750 3149 122 22 Lambton-

1284 3180 67 22 quay,
1362 3174 73 22 where
1446 3174 53 27 they
1509 3175 44 21 will
1568 3175 47 22 find
1622 3182 13 14 a
1644 3175 78 22 choice
1733 3176 106 22 selection
1850 3177 26 21 of

1284 3201 85 22 bottled
1383 3201 35 22 ale
1427 3201 45 22 and
1481 3205 81 24 porter,
1573 3202 73 28 spirits
1656 3203 46 21 and
1709 3203 69 22 wines
1793 3203 26 21 of
1825 3204 48 21 first

1283 3231 48 19 rate
1342 3229 93 27 quality.

1311 3255 88 23 N.B.—
1400 3255 66 23 Good
1475 3256 86 22 Burton
1572 3255 41 27 ale,
1625 3257 39 21 &c.
1676 3257 41 21 &c.

1311 3290 22 21 A
1341 3290 103 27 quantity
1450 3289 26 22 of
1481 3289 85 28 garden
1573 3290 69 26 seeds,
1650 3290 38 21 the
1696 3290 98 27 produce
1802 3291 25 21 of
1835 3291 35 22 the

1283 3316 94 28 Colony,
1388 3317 35 21 for
1432 3316 53 22 sale.

1283 3361 201 49 WNEAL,
1506 3361 87 22 Watch
1615 3361 45 22 and
1681 3361 78 23 Clock
1775 3363 94 26 Makuk,

1357 3399 10 11 ■
1411 3388 55 27 begs
1484 3387 143 28 respectfully
1643 3392 24 18 to
1686 3388 83 22 inform
1785 3389 37 21 the
1837 3390 34 20 in-

1282 3414 114 24 habitants
1415 3415 26 21 of
1457 3415 53 21 Port
1516 3415 130 27 Nicholson,
1664 3415 50 27 &c,
1732 3415 48 22 that
1789 3415 28 22 he
1832 3416 39 21 has

1282 3442 108 22 removed
1402 3441 35 23 his
1451 3442 101 22 business
1568 3442 49 22 S.E.
1629 3441 26 22 of
1665 3442 93 22 Messrs.
1769 3443 101 21 Bethune

1283 3469 46 22 and
1339 3469 117 26 Hunter's,
1467 3469 45 21 and
1521 3469 76 27 hopes,
1608 3469 28 26 by
1648 3470 62 21 strict
1720 3469 116 28 attention,
1849 3473 21 18 to

1283 3496 67 22 merit
1365 3504 13 14 a
1394 3497 149 21 continuance
1560 3496 26 22 of
1601 3496 57 21 their
1674 3496 96 27 favours,
1788 3496 82 28 having

1283 3523 45 22 had
1337 3524 27 20 20
1375 3523 71 26 years'
1457 3523 132 27 experience
1597 3523 24 21 in
1630 3523 105 22 London.

1310 3549 41 23 All
1369 3549 66 23 kinds
1451 3549 25 22 of
1488 3549 94 27 foreign,
1600 3549 89 28 British,
1706 3549 100 27 musical,
1827 3550 44 22 and

1282 3577 117 27 repeating
1404 3575 98 23 watches
1508 3577 44 21 and
1562 3576 81 27 clocks,
1651 3576 45 22 and
1704 3576 166 23 chronometers

1283 3603 95 23 cleaned
1387 3603 45 22 and
1441 3603 107 28 repaired.

1393 3636 57 23 N.B.
1451 3648 28 4 —
1481 3636 95 23 Musical
1587 3636 68 23 boxes
1664 3636 110 27 repaired.

1286 3681 166 23 r>U-IARLES
1470 3681 138 26 HARVEY,
1618 3681 90 21 Tailor
1719 3681 21 21 &
1750 3681 120 23 Breeches

1286 3711 40 19 V^
1357 3709 95 26 Maker,
1463 3715 55 15 near
1527 3708 89 22 Messrs.
1627 3707 88 22 Waters
1726 3707 45 23 and
1780 3709 91 22 Smith's

1284 3736 70 26 Store,
1371 3735 146 27 Wellington,
1532 3735 55 26 begs
1601 3737 22 19 to
1639 3734 85 22 inform
1738 3735 37 22 the
1790 3740 80 23 gentry

1284 3762 45 22 and
1338 3761 137 23 inhabitants
1487 3761 25 22 of
1524 3761 138 27 Wellington
1672 3761 47 22 and
1732 3761 28 22 its
1769 3763 100 26 vicinity,

1284 3789 48 24 that
1341 3789 29 21 he
1382 3789 40 21 has
1430 3788 146 23 commenced
1584 3788 101 22 business
1695 3796 24 14 as
1734 3789 77 27 above,
1827 3789 43 22 and

1284 3818 68 20 trusts
1361 3815 49 22 that
1419 3815 79 23 twelve
1514 3815 73 28 years'
1597 3815 134 28 experience
1740 3816 24 21 in
1775 3816 95 22 London

1283 3848 27 16 as)
1328 3850 17 15 ,a
1364 3841 110 28 practical
1495 3841 79 28 cutter,
1596 3842 120 22 combined
1734 3842 54 22 with
1810 3843 59 27 good

1282 3869 113 22 materials
1419 3868 46 22 and
1479 3868 179 29 -workmanship,
1682 3869 48 22 and
1757 3869 113 23 moderate

1283 3895 100 28 charges,
1394 3895 46 23 will
1449 3895 79 23 enable
1537 3895 47 23 him
1595 3899 22 18 to
1633 3895 52 28 give
1695 3896 137 22 satisfaction
1848 3900 22 18 to

1282 3918 31 27 ali
1322 3919 51 27 wlio
1382 3929 53 21 may
1444 3922 78 22 favour
1531 3921 48 23 him
1587 3922 52 22 with
1646 3922 61 23 .their
1717 3925 130 26 patronage.

1465 3954 150 31 Torms^casU
1625 3956 62 28 only.

768 700 106 21 Nelson
888 701 79 21 Land
980 699 146 28 Agencies.
1218 699 9 21 \
1248 717 3 7 ,
1267 700 2 5 '

667 733 259 50 THE^undersigned
940 734 43 27 beg
992 738 22 18 to
1025 734 55 22 offer
1089 733 135 22 themselves
1234 736 34 19 to*-

743 759 38 23 th'e
790 761 76 25 public
875 769 25 14 as
910 764 78 24 agents
997 761 36 22 for
1042 760 38 23 the
1090 760 109 23 selection
1213 760 46 22 and

667 787 97 27 disposal
775 788 25 21 of
807 791 67 18 town.
876 788 47 21 and
932 791 94 23 country
1041 788 66 21 lands
1115 788 26 21 in
1151 787 39 22 the
1208 794 50 15 new

666 814 129 22 settlement
823 814 26 22 of
872 814 95 23 Nelson.
1005 814 76 28 Apply
1103 817 24 20 to
1149 814 108 28 Wallace,

666 840 84 28 White,
760 840 47 23 and
815 841 109 27 Wallace,
935 841 145 27 Wellington.

788 868 123 22 Patchett
926 868 44 22 and
985 868 90 27 White,
1087 867 66 24 Land
1162 868 95 28 Agents,

967 894 94 23 Nelson.

693 920 133 28 December,
838 922 63 22 1841.

734 965 43 22 On
791 967 69 26 Sale,
874 972 36 16 ex
926 967 45 21 the

666 999 76 50 AN
752 1000 115 23 extensive
877 1003 134 19 assortment
1020 1000 26 23 of
1051 999 56 24 mud
1114 1000 74 28 boots,

747 1027 61 22 Stuff
814 1026 96 23 channel
920 1026 98 29 slippers,

695 1052 48 23 Kid
752 1054 100 32 slippers,

694 1080 73 28 Pump
774 1081 72 27 boots,

694 1106 103 23 Channel
806 1108 71 27 boots,

694 1134 106 26 Dancing
809 1142 87 20 pumps,

694 1162 11 20 1
717 1168 50 15 case
774 1162 85 26 gloves,

694 1188 26 21 15
729 1188 70 22 boxes
809 1188 82 23 starch.

799 1214 125 30 Wallace,
940 1215 90 28 White,
1046 1215 46 22 and
1105 1215 125 23 Wallace.

693 1240 134 28 December,
839 1243 61 21 1841.

742 1285 95 27 Signal
854 1286 109 21 Station
977 1288 29 20 at
1018 1287 46 21 the
1078 1287 102 21 Heads.

665 1319 52 49 A
740 1320 146 25 MEETING
910 1320 26 22 of
955 1320 38 23 the
1016 1321 141 23 Subscribers
1176 1325 25 18 to
1219 1321 39 23 the

752 1347 111 28 proposed
878 1347 93 22 Beacon
987 1351 23 18 at
1023 1348 39 22 the
1077 1348 80 22 Heads
1168 1348 26 22 of
1205 1348 54 23 Port

666 1373 131 28 Nicholson,
808 1374 46 22 will
862 1374 28 22 be
898 1374 54 22 held
961 1374 24 22 in
995 1374 37 23 the
1042 1375 124 27 Exchange
1174 1376 82 26 Room,

666 1407 29 14 on
706 1400 108 28 Monday,
826 1402 37 21 the
878 1401 42 22 3rd
930 1401 109 28 January,
1049 1405 23 18 at
1082 1403 26 20 12
1119 1402 94 26 o'clock,
1223 1402 36 23 for

665 1426 40 23 the
714 1435 97 20 purpose
824 1428 26 22 of
853 1428 135 28 appointing
997 1436 14 15 a
1020 1429 136 28 committee,
1168 1429 46 23 and
1220 1437 37 15 re-

666 1454 89 28 ceiving
764 1454 65 28 plans
839 1455 45 23 and
893 1455 90 22 tenders
992 1456 35 21 for
1037 1456 106 23 erection.
1244 1460 6 8 v

883 1482 36 22 W.
936 1482 104 28 Guyton,

957 1509 118 23 Chairman
1084 1510 28 22 of
1121 1510 109 28 Meeting.

749 1570 175 16 SUBSCRIPTIONS
934 1571 105 15 ALREADY
1054 1571 43 15 REC
1099 1569 69 18 EItVED
1169 1580 5 7 «

884 1590 21 23 £
930 1597 17 15 S.
1058 1583 30 33 £*
1192 1591 21 23 £
1239 1599 18 15 S.

666 1616 121 28 Ridgways
797 1618 21 21 &
827 1618 39 22 Co.
872 1634 6 5 .
893 1618 14 21 5
935 1618 14 21 0
976 1616 35 23 W.
1020 1618 165 27 Swdpteon....
1204 1620 11 20 1
1244 1620 14 20 0

665 1644 70 21 Waitt
750 1644 45 22 and
809 1644 70 27 Tyser
893 1645 12 20 5
935 1645 13 19 0
977 1644 29 22 D.
1013 1645 127 22 M'Donald
1166 1647 92 21 ..10

665 1670 27 23 T.
710 1670 33 23 M.
762 1671 115 27 Partridge
892 1672 13 21 5
933 1673 13 20 0
974 1672 27 21 E.
1012 1672 108 22 Halswell
1138 1686 46 8 ....
1202 1674 13 20 5
1243 1674 14 20 0

666 1697 36 22 W.
713 1697 161 23 litzherbert..
893 1698 14 22 5
934 1701 14 19 0
976 1698 28 23 R.
1014 1698 79 23 Stokes
1204 1701 10 20 1
1243 1701 13 20 0

666 1724 29 22 D.
705 1725 22 22 S.
736 1725 141 22 Durie&Co.
893 1726 14 21 5
935 1727 13 20 0
977 1725 215 23 Hanson&Alzdorf
1202 1727 13 21 5
1243 1729 14 20 0

666 1752 52 27 Hay
728 1752 151 22 &Machattie
893 1751 13 22 5
934 1755 14 19 0
976 1753 92 27 Captain
1080 1753 108 23 Daniell..
1202 1755 14 21 2
1242 1755 15 21 2

667 1778 66 28 Hort,
745 1779 106 27 Mocatta,
860 1779 20 22 &
976 1779 101 23 Johnson
1083 1781 20 21 &
1108 1781 80 22 Moore
1203 1783 11 19 1
1242 1783 14 19 0

695 1806 31 22 Co
816 1806 91 21 .....5
934 1807 15 20 0
978 1806 27 22 G.
1016 1807 30 21 D.
1057 1807 130 23 Monteith..
1203 1809 11 20 1
1242 1809 15 20 0

667 1832 22 22 J.
700 1832 46 22 and
756 1833 29 21 G.
793 1832 115 22 Wade..lo
936 1834 12 20 0
978 1833 24 23 F.
1013 1834 21 22 J.
1047 1834 86 23 France
1243 1837 14 19 0

668 1859 25 22 F.
698 1860 31 22 A.
734 1860 145 21 Molesworth
893 1861 13 21 5
934 1861 14 21 0
977 1860 70 23 Levin
1057 1861 46 22 and
1112 1861 38 22 Co.
1165 1876 5 7 .
1177 1877 6 5 .
1203 1863 10 20 1
1243 1863 11 20 1

668 1887 62 27 Capt.
741 1886 137 22 Holderness
893 1888 12 20 1
934 1888 13 19 0
976 1887 98 23 Wallace
1085 1888 45 22 and
1141 1889 46 21 Co..
1202 1889 14 21 2
1242 1890 14 20 2

666 1914 138 27 H.Taylor.
889 1915 15 19 2
932 1916 14 19 2
975 1915 29 21 A.
1015 1915 69 26 Perry
1202 1917 11 20 1
1242 1917 13 19 0

667 1940 22 21 J.
698 1940 28 21 T.
736 1940 141 22 Wicksteed..
893 1941 12 20 5
934 1942 13 19 0
976 1941 21 21 S.
1009 1941 90 22 Revans
1201 1943 14 20 2
1242 1945 14 19 0

666 1966 74 22 Willis
753 1966 46 22 and
812 1967 12 21 C
824 1967 50 21 0...
893 1968 13 20 5
934 1970 14 19 0
976 1967 27 22 R.
1013 1968 75 22 Baker
1201 1970 14 20 2
1242 1971 14 20 2

664 2009 89 26 rriHF,
762 2009 155 32 JVLEM^BKRS
928 2011 26 21 of
967 2010 37 22 the
1014 2011 96 23 Gfinerpl
1122 2013 146 25 C^ujut*rp«.

675 2033 24 22 X
724 2035 35 21 for
777 2035 137 27 conducting
929 2035 38 21 the
976 2035 155 28 Anniversary
1141 2037 61 27 Fete,
1218 2045 37 15 are

723 2062 120 27 requested
859 2065 22 19 to
898 2065 62 19 meet
974 2066 23 18 at
1011 2063 106 22 Barrett's
1134 2064 77 27 Hotel,
1226 2072 29 15 on

667 2088 102 27 Monday
776 2089 97 26 evening
881 2093 62 22 next,
950 2093 23 17 at
981 2090 60 27 eight
1046 2091 86 21 o'clock
1138 2091 115 28 precisely.

665 2134 160 27 Wanganui
846 2135 78 20 Land
946 2136 93 26 Agent
1059 2136 56 21 and
1138 2136 117 21 General

784 2161 187 22 Commission
983 2162 153 22 Merchant.

666 2194 92 35 npHE
778 2194 152 28 undersigned
948 2195 54 27 begs
1016 2199 24 19 to
1054 2195 54 23 offer
1124 2195 95 27 himsejf
1230 2200 23 19 to

672 2217 31 26 JL
741 2222 39 21 the
794 2221 76 28 public
886 2229 24 14 as
926 2222 64 22 Land
1003 2223 76 26 Agent
1094 2223 47 22 and
1154 2217 102 32 <s§|fiefal

666 2248 148 22 Commission
837 2249 121 22 Merchant
983 2250 34 22 for
1044 2249 38 23 the
1110 2250 87 23 district
1231 2252 27 21 of

665 2274 136 28 Wanganui.
830 2275 38 23 He
877 2275 42 22 has
928 2276 58 22 been
995 2277 36 21 for
1039 2277 38 21 the
1086 2277 43 22 last
1138 2279 14 20 9
1164 2277 90 23 months

666 2309 30 14 on
712 2302 39 22 the
767 2302 54 22 staff
835 2303 122 27 surveying
972 2303 48 23 that
1038 2304 91 27 district,
1150 2305 45 21 and
1214 2305 40 23 has

665 2329 164 28 consequently
837 2330 59 22 been
907 2330 94 22 enabled
1011 2333 22 19 to
1049 2331 91 26 acquire
1150 2336 103 18 accurate

665 2354 144 24 information
826 2357 126 27 respecting
966 2357 37 23 the
1018 2357 62 23 land.
1108 2358 61 26 This,
1180 2359 74 22 added

666 2385 23 19 to
698 2382 39 22 the
748 2383 131 26 experience
889 2383 28 22 he
926 2384 41 22 has
976 2384 44 22 had
1028 2385 25 21 in
1063 2385 108 22 Scotland
1180 2386 24 22 in
1215 2386 37 22 the

666 2413 161 23 management
842 2411 26 22 of
881 2410 56 22 land
952 2411 45 22 and
1012 2411 69 28 stock,
1091 2412 30 22 he
1131 2415 68 19 trusts
1209 2413 46 22 will

667 2436 80 22 enable
756 2436 48 22 him
813 2441 24 17 to
847 2437 28 21 do
886 2444 67 21 every
959 2438 80 27 justice
1049 2442 22 18 to
1081 2439 36 22 his
1126 2439 126 28 employers

666 2463 25 21 in
710 2462 38 22 the
767 2463 107 23 selection
896 2471 26 15 or
941 2465 108 26 purchase
1073 2466 27 21 of
1119 2465 61 23 land.
1216 2467 38 22 He

667 2489 86 23 flatters
776 2490 96 27 himself,
891 2491 50 21 that
963 2491 34 22 his
1015 2493 161 26 acquaintance
1200 2494 54 22 with

666 2517 92 26 general
773 2517 101 23 business
884 2517 46 23 will
946 2518 79 22 enable
1039 2519 49 22 him
1096 2523 24 18 to
1129 2520 51 27 give
1190 2521 63 21 satis-

666 2543 85 23 faction
767 2547 25 21 to,
800 2544 64 22 those
874 2543 50 23 who
938 2552 52 21 may
999 2546 92 27 consign
1107 2547 70 26 goods
1187 2551 24 18 to
1220 2548 35 22 his

666 2570 82 28 charge
757 2571 36 21 for
802 2571 54 23 sale.
884 2571 63 22 With
959 2579 14 14 a
981 2572 55 22 view
1045 2576 23 18 to
1084 2573 85 28 adding
1182 2577 24 19 to
1219 2575 36 22 Ins

666 2597 105 23 facilities
777 2598 23 22 in
811 2598 115 28 disposing
934 2599 27 21 of
966 2599 61 22 stock
1034 2599 47 23 and
1089 2601 166 28 merchandize,

666 2624 29 23 he
705 2624 42 23 has
755 2625 70 22 taken
835 2629 38 19 out
882 2632 30 15 an
922 2626 155 23 Auctioneer's
1088 2627 104 23 Licence.

1028 2653 63 23 John
1107 2655 121 22 Cameron.

694 2678 47 22 Kai
750 2686 71 15 warra
828 2686 77 21 warra,
914 2679 126 23 December
1047 2682 35 25 31,
1091 2683 62 20 1841.

740 2724 40 21 To
793 2725 35 20 be
842 2724 76 26 Sold,
934 2730 30 16 or
978 2726 49 21 Let
1041 2732 36 15 on
1091 2726 95 26 Lease,

665 2757 128 49 WITH
809 2758 131 22 immediate
955 2760 131 27 possession,
1104 2767 13 15 a
1131 2764 60 18 most
1206 2761 51 22 sub-

763 2785 91 22 stantial
871 2785 46 23 and
933 2785 108 23 desirable
1061 2787 193 28 dwelling-house,

664 2811 79 22 within
752 2812 44 22 five
806 2812 104 22 minutes'
920 2813 59 22 walk
988 2813 25 22 of
1018 2813 38 23 the
1063 2814 131 28 Exchange,
1202 2822 54 15 con-

665 2839 87 27 taining
771 2846 13 15 a
799 2839 62 28 large
884 2839 80 28 sitting
980 2848 69 20 room,
1068 2842 14 21 2
1105 2841 44 22 bed
1171 2848 83 21 rooms,

663 2865 100 28 kitchen,
774 2866 45 22 and
829 2866 75 22 cellar.
932 2867 48 22 The
990 2868 61 22 walls
1061 2875 37 15 are
1108 2869 28 21 14
1144 2868 31 22 in.
1185 2869 69 27 thick,

663 2893 113 26 plastered
793 2893 73 22 inside
880 2893 47 22 and
942 2897 51 19 out:
1017 2895 39 22 the
1073 2895 55 21 roof
1143 2895 110 29 shingled,

663 2919 54 22 with
722 2920 116 22 verandah
847 2920 23 22 in
877 2921 68 26 front,
953 2921 43 22 and
1003 2924 43 20 two
1055 2922 65 22 brick
1123 2922 41 22 fire
1171 2923 83 27 places.

663 2946 23 22 A
708 2946 62 27 large
792 2947 83 28 garden
899 2947 112 24 attached.
1047 2949 45 22 For
1114 2949 139 28 particulars,

663 2973 68 28 apply
741 2977 23 19 to

854 3001 28 22 R.
894 3001 94 28 Stokes,
999 3002 227 23 Woollcomb-3treet.

677 3046 40 20 To
731 3046 59 25 Let,
807 3046 68 21 with
893 3046 156 23 immediate
1069 3048 171 27 possession,

899 3079 32 15 or
941 3074 73 25 Sold,

882 3108 24 20 A
929 3109 101 24 Bargain.

662 3140 52 49 A
732 3139 90 23 WELL
837 3140 57 23 built
912 3142 145 22 comfortable
1072 3142 78 22 house-
1164 3142 27 22 of
1204 3143 49 22 four

741 3175 82 19 rooms,
837 3168 25 21 in
877 3171 45 20 two
940 3171 179 25 compartments,
1130 3170 75 22 suited
1218 3170 35 22 for

662 3197 45 20 two
715 3194 66 23 small
790 3194 103 27 families,
903 3195 54 22 with
966 3196 80 22 fenced
1054 3196 85 27 garden
1148 3197 105 27 partially

662 3221 104 28 cropped,
784 3221 126 28 pleasantly
926 3222 101 28 situated,
1038 3222 55 23 with
1100 3223 73 22 beach
1182 3224 63 22 front

662 3255 48 21 age,
721 3251 24 19 at
760 3247 39 22 the
814 3248 109 23 northern
940 3249 118 29 extremity
1068 3250 25 22 of
1105 3250 146 28 Wellington.

663 3275 135 22 Particulars
809 3275 26 22 of

946 3302 107 24 Johnson
1067 3303 47 23 and
1129 3304 96 22 Moore.

716 3347 40 21 To
767 3347 87 21 Stand
867 3348 29 20 to
911 3347 86 22 Cover
1011 3349 56 21 this
1082 3349 114 26 Season,

825 3382 33 19 At
867 3381 140 27 Berhampore
1014 3383 72 27 Farm,

661 3414 59 23 That
729 3415 52 22 well
790 3415 83 22 known
882 3415 66 22 horse
959 3415 85 29 Figaro,
1060 3416 40 23 the
1113 3419 107 26 property
1230 3417 26 22 of

846 3442 78 22 James
933 3442 68 27 Watt,
1011 3443 53 28 Esq.

819 3476 45 14 was
872 3469 76 22 foaled
957 3469 28 22 in-
992 3470 124 22 December
1134 3471 61 26 1837,
1213 3474 40 24 got

662 3491 34 25 JD
734 3495 31 28 by
775 3495 115 28 Operator,
903 3495 52 23 dam
965 3497 116 28 Adelaide,
1091 3497 31 27 by
1129 3497 122 23 Theorum.

688 3521 110 28 Operator
807 3530 44 14 was
860 3523 74 21 foaled
944 3523 25 22 in
979 3525 59 26 1832,
1049 3528 39 23 got
1101 3524 32 27 by
1148 3524 103 28 Emilius,

660 3547 53 23 dam
722 3549 124 22 Worthless
853 3549 31 28 by
895 3549 97 29 Walton,
1004 3554 38 19 out
1051 3551 26 21 of
1091 3551 122 22 Altisidora
1221 3552 31 27 by

659 3575 60 22 Dick
728 3575 118 23 Andrews.

687 3602 75 28 Every
771 3603 109 22 attention
891 3603 46 23 will
945 3603 28 23 be
982 3603 52 29 paid
1043 3607 24 19 to
1081 3611 73 16 mares
1168 3607 51 20 sent
1230 3608 21 19 to

658 3628 55 23 him.

686 3655 99 28 Charges
802 3655 36 23 for
856 3655 56 23 each
929 3664 68 20 mare,
1016 3657 54 22 with
1088 3666 15 13 a
1120 3661 131 24 guarantee,

659 3689 68 15 seven
737 3683 93 26 guineas
836 3691 5 18 ;
857 3683 94 22 without
959 3688 129 25 guarantee,
1098 3685 45 22 fi.ve
1150 3686 101 27 guineas.

659 3709 128 27 Groomage
795 3709 113 23 included.

873 3755 40 20 To
925 3755 34 21 be
970 3756 71 24 sold,

661 3787 92 34 rpHE
764 3786 137 29 LICENSE,
912 3790 24 20 to
944 3794 43 16 run
997 3789 34 21 for
1040 3789 37 22 the
1088 3791 129 21 remainder
1229 3791 26 22 of

668 3811 29 25 JL
722 3813 37 23 the
770 3820 60 21 year,
842 3814 25 22 of
872 3814 39 22 the
918 3815 130 23 Australian
1054 3816 97 28 Tavern,
1162 3817 88 29 Petoni,

660 3841 107 28 formerly
776 3840 53 22 held
838 3841 30 27 by
877 3841 39 22 the
926 3841 45 22 late
982 3842 27 22 G.
1020 3842 31 23 H.
1061 3843 93 27 Coglan.
1180 3852 4 3 •
1220 3850 3 5 '

687 3867 65 28 Also,
763 3870 24 19 to
802 3867 38 26 let,
852 3868 88 27 a,good
955 3869 79 27 sailing
1048 3869 60 28 boat,
1119 3870 92 27 capable
1228 3873 26 20 of

661 3894 89 28 earring
759 3895 76 26 10,0C0
846 3893 48 24 feet
904 3895 27 22 of
943 3895 84 23 timber.
1056 3896 78 28 Apply
1144 3900 24 19 to

933 3928 90 23 Jemima
1039 3930 101 28 Coglan,
1151 3938 25 15 or
1186 3933 23 20 to

933 3955 36 23 W.
979 3956 26 23 B.
1015 3957 96 23 Rhodes
1128 3958 45 22 and
1182 3958 39 23 Co.

71 705 148 22 Auckland
235 705 54 20 and
303 703 171 26 Wellington
493 701 113 21 Packet,
642 705 2 31 j

203 738 93 31 HpHE
306 736 121 23 Auckland
442 735 45 22 and
495 734 138 27 Wellington

78 758 89 37 JBi2|A.
210 758 31 28 JL
279 764 84 22 Packet
377 764 147 21 Abercrombie
539 761 46 23 will
599 768 36 15 re-

56 783 134 40 J®fe^^,
202 797 54 18 turn
272 791 78 23 within
368 798 68 14 seven
451 790 55 28 days
521 790 57 21 after
593 787 42 22 her

204 821 42 18 arri
250 819 34 20 vn.l
292 822 23 19 at
323 818 50 22 that
381 821 70 24 port;-
459 817 46 21 and
513 816 46 22 will
569 815 65 27 again

44 839 188 38 aß^Sghfl
242 842 135 31 despatched
386 845 57 21 from
452 842 181 24 PortNichoison

203 883 20 14 w
225 875 17 21 it
244 882 14 14 a
259 875 23 21 in
290 879 68 17 seven
365 872 54 27 days
430 871 56 22 after
494 871 42 21 her
545 868 88 24 arrival.

72 904 44 22 For
125 903 82 28 freight
218 910 25 14 or
252 906 98 23 passagei
362 899 67 27 apply
438 901 22 19 to

289 933 76 26 Hort,
376 932 120 26 Mocatta,
513 930 45 22 and
567 930 40 22 Co.

145 982 51 20 Will
205 981 25 20 be
239 979 122 27 dispatched
369 979 23 20 in
401 984 13 14 a
421 977 47 26 few
479 977 57 25 days,

44 1017 55 21 For
117 1015 149 22 Auckland
285 1013 63 25 and,
369 1012 24 21 if
413 1011 177 24 inducement
611 1009 24 21 is

101 1043 108 25 offered,
225 1042 44 21 for
282 1041 58 25 Bay
355 1039 33 21 of
400 1039 109 20 Islands
524 1037 56 21 and

263 1067 156 26 Hokianga,

55 1097 105 41 <<^Jyfel,
197 1105 102 22 rTHHE
331 1105 60 27 good
420 1107 73 20 cutter
519 1103 114 27 Piclcwici,

70 1125 111 39 JmilJzfask
207 1125 26 28 A
272 1132 62 27 Capt.
354 1131 99 26 Guillan,
470 1138 50 15 now
535 1130 64 33 lying
613 1132 22 20 at

49 1153 148 37 /jMSPNgjak.
255 1159 71 21 Waitt
339 1158 46 21 and
395 1159 64 26 ,Co.'s
475 1157 78 22 wharf.
587 1158 48 20 Has

30 1204 3 6 ,
47 1179 151 39 HEE*~|fE»Te
226 1185 61 27 Rood
324 1184 212 22 accommodations.
592 1183 43 22 For

30 1211 7 10 v
227 1212 83 27 freight
324 1219 24 14 or
362 1218 100 21 passage,
479 1211 67 31 apply
560 1213 23 19 to
598 1209 37 23 the

47 1240 101 28 Captain,
159 1247 25 15 or
193 1243 24 18 to

167 1273 4 4 •
508 1263 46 23 and
567 1263 40 22 Co.

227 1312 55 20 For
295 1310 156 25 Auckland,

201 1346 31 20 To
245 1346 42 20 sail
299 1345 23 20 in
335 1351 13 14 a
355 1345 48 26 few
416 1345 57 25 days,

54 1373 104 39 •^J^^j
197 1378 94 34 npHE
306 1378 46 22 fine
367 1378 44 22 fast
428 1378 80 27 sailing
520 1378 51 27 brig
581 1378 53 21 Por-

68 1404 110 33 Jm&ISX
204 1400 31 27 J-
273 1407 63 25 tenia,
346 1405 42 22 has
397 1405 99 27 superior
508 1412 127 14 accommo-

211 1432 78 22 dation
293 1433 35 21 for
334 1439 139 21 passengers.
502 1432 44 21 For
553 1432 82 27 freight

47 1454 148 39 BggSjsglflf
211 1467 26 14 or
245 1467 93 20 passage
347 1459 67 28 apply
422 1463 22 17 to
454 1459 37 22 the
501 1459 96 27 Captain
605 1466 29 14 on

47 1482 146 33 vfggggj^jpP
209 1487 80 26 board,
300 1494 25 14 or
334 1490 23 18 to

369 1512 81 23 Waitt
465 1512 45 22 and
522 1512 85 22 Tyser.

72 1541 143 27 Wellington,
226 1540 126 22 December
361 1541 35 25 30,
405 1541 60 21 1841.

221 1586 53 20 For
292 1585 165 26 Wanganui,

117 1621 29 20 To
155 1620 40 21 sail
203 1627 28 13 on
242 1620 115 26 Thursday,
370 1620 34 20 the
414 1620 38 20 6th
459 1620 105 26 January.

86 1658 83 38 •k^s^^
212 1668 10 16 f
230 1665 11 31 |
249 1663 56 23 IHE
323 1663 109 22 schooner
454 1665 72 26 Mana,
549 1663 86 23 Barker

76 1685 129 39 *£*J33|^^
219 1685 32 27 JL
287 1693 89 24 master,
387 1690 45 22 will
440 1691 28 22 be
477 1690 116 27 alongside
611 1691 26 21 of

73 1713 132 38 X2r»3^
226 1717 70 22 Waitt
312 1717 45 22 and
371 1717 89 26 Tyser's
475 1718 75 22 wharf
561 1720 23 19 to
600 1724 35 14 re-

50 1740 159 38 eSi!Jg£&3!i*L
226 1745 63 21 ceive
298 1744 69 27 goods
385 1751 28 14 on
426 1744 111 29 Tuesday,
548 1743 38 23 the
595 1744 40 22 4th

51 1766 159 31 q^m^SiyP
226 1774 98 19 current.
352 1771 45 21 For
406 1770 81 29 freight
496 1779 26 14 or
534 1778 99 21 passage,

47 1799 68 26 apply
123 1802 23 18 to

166 1825 146 22 Alexanqer
327 1824 87 27 Peruy,
431 1824 190 29 Lambton-quay.

75 1851 145 27 Wellington,
232 1851 101 28 January
343 1853 20 25 1,
375 1853 62 21 1841.
546 1856 3 11 !
559 1865 4 3 •

204 1896 41 21 To
255 1896 34 21 be
299 1897 50 20 Let
367 1902 30 15 or
406 1896 74 26 Sold,

56 1924 107 42 -*s^2jgi
214 1933 24 27 A
272 1932 177 22 BEAUTIFUL
466 1936 73 18 cutter
558 1933 77 27 rigged

72 1954 118 38 J!fi3£2V
199 1954 53 26 J^^~
265 1959 29 21 k°
296 1962 23 18 at
336 1959 27 21 °f
377 1962 68 18 aDOut
460 1966 10 14 s
470 1959 8 21 i
479 1966 17 14 x
511 1963 51 18 tons
563 1976 5 11 >
589 1960 50 21 half

52 1981 147 39 /^|||~-||^
214 1985 92 27 decked,
314 1993 83 20 copper
400 1986 108 27 fastened,
514 1986 53 22 with
574 1987 59 27 sails,

46 2008 153 36 'SgsF3§«lsS
320 2020 45 20 fuyi
374 2013 132 26 everything
516 2013 117 26 complete.

50 2035 149 32 i^glljggpßr
214 2036 83 24 Shels'
305 2038 50 22 well
364 2037 94 28 adapted
473 2037 35 23 for
523 2038 45 22 this
584 2039 50 21 har-

45 2067 63 27 bour,
119 2068 45 20 and
172 2066 20 22 is
201 2064 88 27 worthy
298 2065 37 21 the
346 2065 108 23 attention
468 2065 26 21 of
504 2065 130 26 gentlemen

46 2094 67 27 going
127 2096 23 19 to
164 2093 36 22 the
218 2099 50 14 new
284 2091 128 23 settlement
428 2092 25 22 of
468 2091 94 24 Nelson.
590 2092 45 22 For

48 2121 134 26 particulars,
192 2118 69 29 apply
271 2121 23 19 to

425 2145 21 23 J.
461 2146 32 21 M.
503 2145 102 24 Taylor.

74 2173 32 22 Te
115 2173 54 26 Aro,
180 2173 57 22 Dec.
245 2173 37 26 20,
292 2173 60 21 1841.

76 2219 73 37 ']£&&
186 2222 112 34 f^APT.
320 2222 185 23 ROBERTSON
527 2223 46 22 will
595 2227 40 18 not

179 2245 50 31 \y
252 2249 30 22 be
299 2251 138 21 answerable
454 2251 35 21 for
507 2258 46 19 any
571 2250 64 23 debts

212 2276 130 22 contracted
362 2277 29 28 by
409 2277 37 23 the
470 2285 57 15 crew
551 2278 27 22 of
597 2277 38 23 the

50 2303 67 25 Tyne.-
487 2310 4 4 •
635 2314 3 3 ■

186 2353 188 24 /CAPTAIN
389 2354 156 28 SALMON,
561 2356 27 20 of
597 2355 38 22 the

67 2377 91 28 ■mM&
187 2383 41 18 y-S
244 2381 126 27 Middlesex,
381 2381 45 22 will
435 2385 40 18 not
484 2382 54 21 hold
546 2382 94 22 himself

47 2408 135 24 «sS3£=3ssw
193 2408 138 26 responsible
340 2408 36 22 for
383 2416 45 20 any
436 2408 63 22 debts
506 2409 130 21 contracted

45 2432 32 26 by
87 2430 33 23 his
132 2440 61 15 crew.

163 2478 163 24 /CAPTAIN
340 2479 91 28 YULE,
439 2479 25 22 o£
469 2479 39 22 the
513 2479 123 26 Mandarin,

62 2502 142 39 jfisl^Vv
233 2505 46 23 will
294 2509 40 19 not
349 2507 28 21 be
393 2507 135 22 answerable
542 2507 36 22 for
592 2514 45 21 any

49 2528 109 31 fffg*jrgrfff
174 2533 65 22 debts
251 2533 128 22 contracted
387 2533 31 28 by
426 2533 35 23 his
471 2541 64 15 crew.

163 2578 220 23 /CONSIGNEES
399 2579 26 21 of
433 2579 77 28 goods,
529 2587 30 14 ex
573 2582 64 19 Man-

21 2601 7 27 i
64 2601 91 39 J2gji3&
234 2606 68 26 darin,
313 2613 37 14 are
365 2606 116 27 requested
494 2610 24 18 to
534 2613 51 21 pass
600 2607 37 22 the

21 2629 6 38 [
52 2629 107 31 «siisSs»
173 2640 119 20 necessary
299 2633 83 21 entries
390 2636 22 19 at
418 2633 37 22 the
465 2634 172 22 Custom-house

21 2662 6 21 I
49 2662 92 21 without
150 2660 73 27 delay,
232 2660 116 22 otherwise
359 2660 53 28 they
419 2660 44 22 will
472 2660 27 23 be
507 2660 53 23 held
569 2661 74 22 liable'

21 2683 6 27 i
48 2688 35 22 for
92 2688 136 27 demurrage.

21 2719 4 29 |
260 2714 83 22 Waitt
357 2714 47 23 and
416 2714 85 28 Tyser,
512 2715 97 27 Agents.
630 2723 5 3 ~
642 2723 2 8 '

73 2748 145 28 Wellington,
228 2748 127 22 December
364 2747 35 28 27,
410 2749 60 21 1841.

160 2793 103 21 Wreck
276 2792 30 21 of
318 2792 46 21 the
379 2791 145 23 Winwick.
560 2801 8 10 \

21 2829 2 15 i
245 2827 120 26 Postponed
378 2827 57 21 Sale.

46 2862 158 48 MESSRS.
234 2861 95 22 WADE
357 2861 46 22 will
432 2861 40 22 sell
492 2862 41 28 .by
558 2862 75 28 public

136 2889 96 27 auction,
242 2888 37 22 for
288 2888 37 22 the
333 2888 86 22 benefit
428 2889 26 21 of
465 2888 75 23 whom
549 2890 19 21 it
578 2897 54 20 may

47 2923 102 19 concern,
156 2919 24 18 at
188 2916 39 22 the
238 2916 75 21 Stores
322 2915 26 22 of
355 2915 35 22 W.
400 2915 25 22 B.
432 2916 90 22 Rhodes
532 2917 46 21 and
585 2917 46 27 Co.,

45 2949 30 15 on
99 2942 101 27 Tuesday
219 2946 63 23 next,
301 2942 38 22 the
362 2942 40 22 4th
425 2942 108 29 January,
559 2946 24 19 at
605 2945 25 21 11

21 2984 2 7 i
45 2969 86 22 o'clock
138 2969 107 27 precisely
254 2969 85 26 (before
346 2968 39 22 the
391 2969 65 22 cattle
463 2970 64 27 sale),
537 2971 37 21 the
581 2971 51 22 sails

45 2996 46 21 and
100 2999 69 20 stores
178 2996 26 22 of
209 2996 39 21 the
258 2996 82 27 barque
353 2997 108 25 Winwick,
470 3004 83 20 among
559 2997 73 23 which

45 3022 46 22 ■will
99 3023 28 21 be
138 3022 70 22 found
218 3030 14 14 a
240 3026 64 24 great
312 3023 87 27 variety
409 3024 24 20 of
440 3024 72 22 useful
522 3024 95 23 articles.

256 3049 76 22 Terms
333 3060 29 5 —
363 3050 65 22 Cash.

110 3094 95 22 ESSRS.
216 3094 85 22 JOHN
315 3094 69 22 AND
400 3095 126 23 GEORGE
537 3096 95 22 WADE

137 3121 44 21 will
191 3121 41 21 sell
249 3121 30 27 by
289 3121 75 27 public
377 3122 96 27 auction,
489 3130 30 14 on
527 3123 105 28 Tuesday

46 3150 62 24 next,
127 3147 37 22 the
179 3147 40 22 4th
236 3147 44 28 day
294 3148 25 21 of
334 3148 107 27 January,
459 3152 23 18 at
499 3149 39 22 the
553 3150 79 22 Public

45 3173 89 27 Pound,
143 3174 31 21 Te
184 3175 55 26 Aro,
251 3178 22 18 at
287 3176 11 20 1
315 3174 86 22 o'clock
414 3176 115 27 precisely,
545 3176 38 22 the
596 3184 36 15 re-

45 3200 103 22 mainder
155 3201 26 21 of
186 3200 39 22 the
232 3200 73 28 cattle,
313 3208 29 15 ex
348 3203 122 26 Middlesex,
479 3203 123 28 consisting
609 3204 26 22 of

138 3234 90 22 FIFTY
243 3234 39 22 OF
296 3235 64 23 THE
373 3236 74 22 BEST
461 3238 82 21 COWS

45 3261 26 22 in
82 3260 43 23 this
135 3260 75 23 choice
220 3268 73 20 cargo,
300 3269 83 21 among
390 3264 73 22 which
471 3264 46 23 will
526 3265 27 21 be
560 3265 72 23 found

46 3295 62 15 some
118 3288 54 21 with
185 3288 75 21 calves
273 3288 30 27 by
319 3288 57 23 their
390 3290 64 28 sides,
470 3291 45 22 and
526 3299 62 15 some
601 3299 30 15 on

46 3315 39 22 the
94 3314 63 28 point
166 3314 26 22 of
205 3314 96 27 calving.
329 3316 49 21 The
388 3317 70 23 whole
468 3325 38 15 are
520 3319 112 28 supposed

45 3344 25 19 to
82 3342 30 22 be
122 3348 60 15 more
193 3349 25 14 or
227 3341 46 22 less
282 3341 115 24 advanced
411 3344 24 22 in
449 3344 51 28 calf,
514 3352 46 16 ana
573 3345 57 23 have

46 3368 31 23 all
85 3369 59 22 been
152 3368 86 22 broken
246 3368 25 22 in
281 3371 22 19 to
313 3368 38 23 the
362 3370 69 28 dairy.

308 3403 64 20 ALSO,

21 3426 3 33 j
45 3429 80 22 NINE
139 3429 81 23 COWS
236 3429 39 22 OF
284 3429 22 23 A
317 3429 85 24 VERY
411 3431 114 23 CHOICE
540 3432 88 28 KIND,

45 3455 39 22 the
103 3456 82 27 private
206 3456 65 22 stock
290 3456 25 22 of
334 3464 14 15 a
361 3458 135 27 gentleman,
517 3459 50 22 who
590 3460 40 23 has

47 3482 96 22 selected
152 3483 60 22 them
222 3483 54 22 with
285 3486 63 25 great
357 3492 51 15 care
418 3488 39 19 out
463 3485 26 22 of
494 3485 37 23 the
541 3487 88 23 various

47 3515 90 20 cargoes
152 3509 49 23 that
214 3510 58 22 have
287 3511 87 22 arrived
388 3511 59 23 here.
477 3512 38 23 Six
532 3513 27 21 of
567 3513 61 24 these

21 3546 4 11 s
45 3542 39 14 are
92 3536 24 21 in
129 3536 41 22 full
182 3537 63 27 milk,
261 3537 45 22 and
322 3537 38 23 the
376 3539 125 28 remaining
517 3539 63 23 three
595 3542 35 21 far

21 3565 3 12 '
46 3561 114 24 advanced
168 3563 24 23 in
201 3563 52 23 calf.

245 3597 75 16 AFTER
339 3599 86 20 WHICH,

44 3622 24 22 A
82 3622 127 23 SECTION
230 3631 28 15 of
271 3624 88 23 LAND
374 3633 30 17 on
420 3633 45 16 tjie
487 3626 140 25 PORIRUA

44 3675 45 10 ym3
148 3676 5 4 .
179 3676 13 9 n
286 3651 95 28 ROAD,

44 3678 47 19 laid
100 3678 38 20 out
146 3683 24 14 m
179 3678 44 21 five
233 3685 51 15 acre
296 3679 52 27 lots,
359 3679 74 23 which
441 3680 45 23 will
501 3681 29 21 be
540 3681 49 23 sold
603 3683 23 22 in

47 3702 70 22 either
134 3710 40 15 one
193 3711 25 14 or
236 3711 62 16 more
314 3706 51 27 lots,
382 3710 23 18 to
423 3707 44 22 suit
488 3709 138 26 purchasers.

46 3729 95 22 Further
149 3730 136 28 particulars,
301 3732 45 22 and
363 3733 37 22 the
415 3734 95 22 number
519 3735 46 22 and
573 3736 54 27 plan

46 3756 27 22 of
78 3756 37 22 the
126 3756 90 28 section,
227 3758 46 22 will
287 3758 28 22 be
327 3759 80 27 posted
415 3760 24 22 in
449 3761 37 22 the
496 3761 130 29 Exchange.

72 3782 76 23 Terms
157 3783 85 27 liberal,
252 3785 65 22 made
325 3786 83 23 known
418 3791 23 18 at
449 3787 54 23 time
513 3789 26 21 of
545 3789 54 23 sale.

183 3829 89 21 Town
285 3830 86 22 Acres
385 3833 29 19 to
428 3833 57 20 Let.

43 3860 178 48 NUMBERS
232 3869 29 15 on
271 3862 37 23 the
317 3863 240 29 Surveyor-General's
566 3874 59 18 map,

229 3890 42 21 510
407 3902 2 5 .
432 3893 41 21 263

44 3915 4 17 '
72 3913 186 31 For.particulars,
268 3916 66 29 apply
341 3920 24 19 to
374 3918 106 29 Wallace,
493 3919 81 27 White,
583 3921 44 22 and

42 3940 105 24 Wallace.

2091 703 82 19 Book
2185 703 127 26 Binding.

1909 735 116 48 BOOK
2053 736 138 22 BINDING
2213 736 58 22 done
2295 740 23 18 at
2341 737 38 21 the
2403 738 95 21 Gazette

1987 762 76 22 Office.

2010 808 40 20 On
2064 808 71 24 Sale,
2150 814 37 14 ex
2483 818 4 7 >

1912 837 102 33 Aftfl
2039 838 141 23 BARRELS
2203 840 111 27 superfine
2343 840 155 28 Philadelphia

1909 862 105 24 Tt'LP'U'
2057 866 63 26 flour,

2016 894 39 20 200
2066 892 72 23 dozen
2147 893 86 22 bottled
2242 896 82 24 porter,

1933 919 42 20 400
1987 918 70 23 dozen
2067 920 113 26 superfine
2189 920 49 26 pale
2250 920 40 26 ale,

1933 946 22 20 A
1966 946 110 26 thorough
2084 946 57 22 bred
2150 946 103 23 Durham
2262 946 47 22 bull
2319 947 45 21 and
2375 954 54 20 cow,

1935 972 118 28 Liverpool
2060 973 48 27 salt,

1934 999 54 21 Iron
1999 1000 49 21 bars
2058 1000 45 22 and
2112 1000 59 27 rods,

1935 1026 110 23 Oatmeal.

2229 1054 81 22 Waitt
2325 1054 45 22 and
2384 1052 85 25 Tyser.

1933 1079 127 23 December
2068 1082 34 24 27,
2114 1082 61 20 1841.

2137 1126 42 20 On
2196 1126 68 24 Sale,

1907 1159 50 48 A
1977 1159 87 22 WELL
2083 1159 101 22 assorted
2202 1160 62 21 stock
2284 1160 27 21 of
2325 1167 54 20 very
2398 1160 100 28 superior

1986 1193 59 20 rope,
2057 1186 71 22 whale
2137 1186 53 27 line,
2202 1186 44 22 and
2256 1194 56 20 spun
2322 1195 63 19 yarn,

1935 1213 104 27 Superior
2049 1213 82 22 British
2141 1213 69 28 pitch,

1935 1239 128 22 Stockholm
2074 1243 39 24 tar,

1935 1266 76 21 White
2020 1266 56 28 lead,

1936 1293 176 31 Antj-corrosive
2122 1294 72 27 paint,

1935 1320 95 21 Cabinet
2039 1320 117 27 furniture,

1935 1346 59 22 Well
2004 1348 106 21 seasoned
2119 1348 105 26 feathers,

1935 1373 169 28 Ironmongery,
2115 1382 63 18 saws,
2189 1376 55 26 files,
2256 1376 39 21 &c.

1934 1400 44 22 Tin
1988 1409 56 14 ware
2055 1401 43 21 and
2109 1402 101 26 brushes,

1935 1427 59 22 Hats
2004 1428 44 21 and
2057 1428 113 22 thrashers
2180 1429 71 22 suited
2261 1432 22 19 to
2294 1429 37 22 the
2341 1437 86 20 season,

1935 1454 88 23 Pickles
2033 1455 22 21 in
2065 1455 60 27 pints
2136 1456 44 21 and
2191 1460 81 23 quarts,

1936 1481 100 27 Herring
2046 1482 42 21 and
2098 1482 105 28 anchovy
2211 1487 70 23 paste,

1935 1508 82 22 Sauces
2027 1509 104 26 assorted,

1935 1536 76 21 Salted
2022 1536 84 21 salmon
2117 1536 46 21 and
2173 1536 108 28 herrings,

1935 1562 143 28 Gunpowder
2088 1563 45 21 and
2144 1563 57 27 shot,

1934 1590 39 21 An
1984 1590 108 21 excellent
2102 1594 135 18 assortment
2247 1591 25 21 of
2283 1591 157 28 earthenware,

1934 1616 22 22 A
1967 1616 41 22 few
2019 1618 98 26 superior
2127 1618 53 21 seed
2191 1621 106 23 potatoes.

2138 1651 36 22 W.
2189 1652 171 27 Fitziiekbeut,
2370 1653 32 21 Tc
2413 1653 55 21 Aro.

1907 1696 89 47 FOR
2011 1696 75 21 SALE
2102 1700 22 17 at
2142 1696 43 22 this
2201 1696 69 28 office,
2290 1697 78 27 Hymn
2384 1698 73 21 Books
2472 1698 24 21 in

1980 1722 37 21 the
2028 1723 72 21 native
2111 1724 118 26 language.

1933 1756 127 22 December
2068 1759 33 23 28,
2114 1759 26 19 IS
2147 1759 29 19 11.

2030 1802 39 19 To
2086 1802 132 25 Captains
2240 1803 31 20 of
2287 1803 86 26 Ships.

1907 1834 92 21 HHHE
2014 1834 227 22 UNDERSIGNED
2253 1836 56 21 have
2321 1844 14 13 a
2345 1836 59 22 fresh
2417 1837 80 27 supply

1914 1858 29 23 JL
1982 1861 26 21 of
2032 1862 127 26 vegetables
2185 1863 126 27 constantly
2335 1870 29 14 on
2388 1863 60 22 hand
2474 1867 24 18 at

1907 1888 132 22 reasonable
2049 1889 78 26 prices.

2221 1916 30 22 11.
2262 1916 101 27 Taylor,
2375 1917 45 21 and
2431 1918 38 20 Co.

1945 1959 127 22 TORAGE
2085 1961 42 20 TO
2143 1961 38 20 BE
2197 1961 76 27 HAD,
2290 1962 67 27 apply
2368 1966 22 17 to

2271 1988 25 22 T.
2308 1989 33 22 M.
2353 1990 144 22 Partridge.

1933 2012 31 22 Te
1976 2013 47 21 Aro
2034 2014 80 21 Beach.

2148 2058 105 26 Bricks,

1907 2091 89 48 FOR
2013 2091 81 26 SALE,
2107 2096 24 18 at
2147 2094 45 20 60s.
2211 2101 39 19 per
2267 2094 118 23 thousand.
2420 2095 77 32 Apply

1967 2122 22 17 to
2006 2119 22 21 J.
2048 2119 92 26 Pimble,
2152 2125 23 16 at
2190 2120 36 22 the
2245 2121 170 27 Sydney-street
2430 2121 67 23 Brick

1907 2145 45 21 and
1961 2145 48 21 Tile
2028 2145 84 26 Works,
2125 2150 24 18 at
2158 2147 38 21 the
2213 2155 49 14 rear
2272 2149 25 20 of
2309 2149 92 21 Colonel
2416 2148 81 23 Wake-

2096 2173 72 22 field's
2183 2175 122 22 residence.

1973 2206 105 22 Terms—
2080 2207 52 21 cash
2144 2215 27 14 on
2185 2208 98 27 delivery
2294 2213 22 17 at
2327 2209 37 22 the
2375 2210 54 22 kiln.

2150 2253 104 21 Bricks.

1906 2285 140 48 BRICKS
2057 2293 30 14 on
2097 2286 46 22 sale
2154 2287 29 27 by
2194 2288 36 21 the
2241 2288 157 27 undersigned,
2413 2293 25 19 at
2450 2292 46 20 60s.

1983 2320 39 19 per
2033 2314 60 21 1000.

1933 2346 78 22 Terms
2013 2358 26 4 —
2041 2347 57 22 Cash
2108 2356 30 13 on
2149 2348 99 28 delivery
2258 2352 23 19 at
2290 2350 38 21 the
2338 2350 55 22 kiln.

2314 2378 30 21 A.
2362 2378 107 22 Ludlam.

1934 2400 156 28 Willis-street,
2100 2402 54 21 29th
2165 2402 104 23 October.

1907 2446 165 47 JOHNSON
2088 2446 68 22 AND
2171 2448 110 21 MOORE
2296 2455 39 14 are
2343 2456 51 14 now
2403 2449 94 27 landing

1957 2480 29 13 ex
1996 2474 119 24 Mandarin,
2124 2474 46 21 and
2180 2474 44 21 will
2234 2482 57 20 open
2299 2475 23 21 in
2333 2483 13 13 a
2356 2476 42 21 few
2409 2476 62 27 days,
2483 2484 14 14 a

1907 2499 77 22 choice
2001 2501 43 21 and
2061 2501 76 21 varied
2154 2505 133 18 assortment
2302 2502 26 21 of
2344 2503 75 26 goods,
2436 2510 61 14 com-

1906 2526 85 27 prising
2015 2528 99 27 drapery,
2135 2528 89 27 hosiery
2247 2529 171 27 haberdashery,
2439 2530 57 27 lace,

1906 2553 98 27 ribbons,
2011 2555 103 26 parasols,
2123 2555 83 27 gloves,
2217 2556 56 27 baby
2281 2556 70 27 linen,
2359 2557 136 27 perfumery,

1907 2580 96 22 London
2014 2582 63 21 made
2090 2582 112 26 superfine
2217 2582 60 22 dress
2291 2583 46 21 and
2352 2583 63 22 frock
2426 2588 69 23 coats,

1908 2610 107 24 trowsers,
2032 2610 130 25 waistcoats,
2178 2613 72 23 gents,
2267 2610 60 21 cloth
2347 2618 59 19 caps,
2422 2611 74 27 shoes,

1907 2634 44 21 and
1961 2635 71 26 single
2043 2636 43 21 and
2097 2636 81 21 double
2188 2637 126 26 percussion
2322 2637 173 28 andflintguns,

1906 2662 46 21 real
1973 2662 89 27 Witney
2087 2663 112 27 blankets,
2220 2667 37 18 cut
2278 2663 67 28 glass,
2364 2665 131 27 stationery,

1907 2688 96 27 packing
2019 2697 66 19 paper
2102 2690 45 21 and
2164 2694 78 23 trome,
2258 2691 45 21 fine
2319 2691 52 22 boat
2387 2692 64 27 nails,
2462 2693 35 26 pit

1906 2723 44 13 saw
1973 2716 49 21 files
2036 2717 43 21 and
2101 2717 93 26 general
2215 2717 122 27 hardware,
2360 2719 64 26 paint
2446 2719 48 27 oils,

1905 2742 94 22 brushes
2006 2743 44 21 and
2057 2744 106 27 painter's
2171 2745 118 26 materials,
2297 2745 111 22 medicine
2415 2745 80 26 chests,

1907 2777 111 19 congreve
2033 2771 107 26 matches,
2156 2771 45 21 fine
2214 2772 80 27 butter,
2312 2771 87 28 cheese,
2411 2773 86 22 bottled

1905 2796 72 27 fruits,
1989 2797 88 27 pickles,
2090 2805 85 20 sauces,
2186 2799 46 26 &c,
2245 2799 39 21 &c.

1972 2850 94 21 ESSRS.
2083 2850 111 21 WILLIS
2208 2851 44 21 and
2263 2851 53 26 CO.,
2328 2851 57 21 have
2403 2858 28 15 on
2449 2851 48 23 sale

1981 2884 28 14 ex
2021 2879 60 25 Tyne,
2093 2877 38 21 the
2141 2877 114 28 following
2265 2878 70 27 goods
2345 2882 24 18 at
2378 2879 118 22 moderate

1905 2904 79 27 prices.

1933 2937 125 22 Newcastle
2069 2938 67 26 coals,

1932 2964 65 21 Ditto
2006 2964 148 28 grindstones,
2166 2965 58 22 from
2235 2966 8 21 1
2258 2966 47 21 foot
2314 2969 23 18 to
2348 2968 26 24 4J
2385 2966 54 28 feet,

1932 2991 46 21 Bar
1988 2991 44 22 and
2041 2992 46 21 bolt
2097 2992 58 26 iron,

1932 3018 65 26 Rope
2008 3018 24 21 of
2043 3018 88 22 various
2142 3020 64 26 sizes,

1932 3044 105 22 Anchors
2044 3045 56 21 from
2112 3048 12 19 8
2136 3050 49 17 cwt.
2196 3050 22 17 to
2229 3047 8 20 1
2251 3049 49 19 cwt.
2311 3046 43 21 and
2363 3046 80 27 under,

1932 3071 72 22 Chain
2015 3072 71 21 cables
2097 3072 58 21 from
2166 3074 11 23 \
2187 3073 52 22 inch
2250 3077 22 18 to
2284 3075 9 19 1
2304 3074 54 21 inch
2369 3074 74 26 chain,

1933 3098 92 21 Geneva
2036 3098 22 21 in
2067 3098 49 21 half
2123 3099 69 27 pipes,

1931 3124 65 22 Ditto
2004 3125 24 21 in
2039 3132 59 15 cases
2110 3127 13 20 4
2134 3126 72 27 galls.,

1931 3152 61 21 Rum
2002 3152 23 21 in
2036 3152 132 28 hogsheads,

1931 3178 83 27 Sherry
2023 3179 23 20 in
2057 3179 77 27 bottle,
2467 3185 4 8 '

1931 3205 96 27 Spanish
2036 3206 55 21 wine
2102 3207 23 20 in
2137 3206 62 28 pipes
2209 3207 45 22 and
2263 3206 133 28 hogsheads,

1932 3232 43 21 Ale
1985 3232 23 21 in
2018 3233 75 26 bottle,

1930 3259 70 21 Table
2010 3260 77 21 raisins
2098 3260 23 21 in
2132 3260 58 21 28lb.
2202 3268 68 18 cases.

1931 3286 104 26 Pudding
2044 3287 78 21 raisins
2133 3288 23 20 in
2164 3287 68 22 2Slbs.
2244 3288 44 22 and
2297 3288 71 23 56lbs.
2377 3295 70 21 cases,

1931 3313 109 22 Carotells
2050 3314 25 21 of
2086 3318 110 23 currants,

1930 3340 87 21 Biscuit
2025 3340 20 21 in
2057 3340 92 28 barrels,

1930 3367 76 21 Dutch
2017 3366 85 28 cheese,

1931 3394 75 21 Prime
2017 3394 64 21 India
2091 3394 46 22 and
2147 3402 58 14 mess
2214 3395 57 27 beef,

1930 3420 104 28 Tongues
2046 3421 21 22 in
2077 3420 54 28 kegs
2142 3422 45 21 and
2198 3424 12 23 \
2220 3422 90 27 barrels,

1931 3447 97 22 Linseed
2037 3448 29 21 oil
2076 3448 22 21 in
2109 3448 65 22 casks
2182 3449 36 25 (50
2227 3449 81 27 galls.,)

1930 3475 65 21 Ditto
2074 3474 24 22 in
2109 3483 55 14 cans
2176 3477 21 25 (5
2208 3476 80 28 galls.,)

1930 3501 138 28 Turpentine
2077 3502 22 21 in
2112 3509 53 14 cans
2178 3504 21 25 (5
2208 3502 82 28 galls.,)

1930 3528 59 27 Soap
1998 3528 23 22 in
2030 3528 76 28 281b5,,
2117 3528 78 28 561b5.,
2206 3530 45 21 and
2260 3530 82 22 112lbs.
2352 3530 78 27 boxes,

1930 3555 76 22 White
2017 3556 62 27 paint
2086 3556 24 21 in
2121 3556 51 26 tins,
2184 3556 67 23 28lbs.
2262 3556 45 23 and
2314 3556 79 27 561b5.,

1931 3582 76 22 Green
2018 3583 61 27 paint
2087 3582 25 22 in
2121 3582 63 28 kegs,

1930 3609 68 22 Sheet
2007 3609 56 27 lead,

2014 3636 25 21 of
2048 3636 58 27 glass
2116 3636 28 22 of
2154 3637 63 27 sizes,

1929 3662 63 22 Flint
2000 3663 58 27 glass
2066 3664 24 21 in
2099 3664 112 27 packages
2220 3664 105 27 assorted,

1930 3690 140 22 Lambswool
2079 3690 98 28 hosiery,
2187 3690 73 27 white,
2269 3690 61 28 blue,
2341 3690 44 23 and
2395 3698 62 20 grey,

1931 3716 75 22 White
2017 3716 102 28 flannels,
2130 3719 27 20 29
2167 3717 60 27 inch,
2237 3719 27 20 31
2275 3717 60 27 inch,

1930 3744 135 27 Stationery,
2076 3743 88 28 ledgers
2175 3744 81 22 double
2266 3744 45 22 and
2321 3744 78 28 single,

1930 3770 57 22 Fine
2006 3770 98 27 printing
2124 3770 74 28 demy,
2215 3774 57 25 post,
2289 3771 107 27 foolscap,
2414 3770 79 23 white-

1902 3805 48 19 cap,
1962 3797 45 22 and
2016 3797 101 27 imperial
2125 3798 85 26 brown,

1930 3823 82 22 School
2022 3824 64 28 quills
2095 3824 47 22 and
2152 3824 63 22 office
2225 3824 73 31 quills,

1930 3850 71 23 Black
2011 3850 51 23 lead
2070 3851 93 28 pencils,
2181 3850 41 23 red
2235 3850 47 28 ink,
2300 3850 66 23 office
2382 3850 48 29 ink,
2446 3850 46 24 and

1902 3877 52 22 blue
1966 3877 63 28 fluid,

1930 3904 89 22 Pickles
2028 3904 22 22 in
2060 3904 60 27 pints
2131 3904 105 27 assorted,

2046 3931 42 22 ilb.
2099 3931 46 22 and
2156 3933 9 19 1
2178 3931 29 21 lb.
2217 3930 88 28 bottles,

1931 3958 115 27 Congreve
2057 3957 158 23 candle-sticks
2224 3957 45 23 and
2278 3957 108 24 mutches.
