2529 4029
230 1490 119 21 CUSTOM
364 1491 109 21 HOUSE.

1982 1490 120 32 yesterday
2110 1492 103 24 received
2229 1500 14 16 a
2261 1493 67 24 letter
2350 1494 59 24 from
2428 1494 48 25 Mr.

1894 1521 107 31 Hanson,
2019 1524 107 31 replying
2147 1530 23 18 to
2191 1533 64 17 some
2278 1526 154 25 observations
2455 1528 24 24 of

1893 1563 53 16 ours
1970 1563 29 16 on
2020 1556 163 33 Wednesday,,
2196 1559 43 23 but
2257 1559 40 24 the
2316 1559 47 24 late
2380 1561 59 23 hour
2456 1566 23 19 at

1892 1587 75 25 which
1978 1589 18 23 it
2009 1597 62 16 came
2083 1595 23 18 to
2115 1590 62 25 hand
2188 1590 29 32 (2
2224 1592 109 32 o'clock,)
2340 1594 139 31 necessarily

1891 1622 119 30 precludes
2020 1624 31 22 its
2062 1623 110 25 insertion
2183 1625 60 23 until
2255 1633 42 16 our
2307 1630 65 21 next.

1893 1701 30 20 To
1933 1701 35 20 the
1976 1702 77 21 Editor
2061 1704 29 24 of
2100 1704 36 20 the
2235 1705 93 21 Zealand
2339 1706 87 22 Gazette
2435 1695 56 33 and

2050 1730 125 26 Wellington

1919 1762 49 24 Sir,
1969 1773 27 5 —
1996 1763 45 21 The
2050 1764 82 21 verdict
2140 1766 99 20 returned
2247 1766 30 27 by
2286 1768 35 19 the
2336 1766 55 28 Jury
2401 1773 29 15 on
2441 1769 49 22 tb.e',s

1891 1789 58 27 body
1959 1790 25 20 of
1991 1790 43 20 Mr.
2045 1791 113 22 Archibald
2168 1792 76 26 Milne,
2253 1801 24 13 as
2287 1796 99 25 reported
2393 1795 23 20 in
2422 1801 56 20 .your

1891 1824 65 19 paper
1966 1818 25 19 of
1997 1818 42 20 this
2050 1818 59 27 day's
2116 1820 55 24 date,
2182 1820 96 21 deserves
2288 1827 57 15 some
2354 1823 101 21 remarks.

1921 1844 10 20 I
1948 1844 79 21 believe
2043 1846 17 19 it
2075 1846 18 20 is
2108 1848 149 26 unanimously
2271 1849 35 20 the
2321 1850 96 26 opinion,
2434 1851 44 20 that

1891 1872 47 19 that
1947 1872 80 20 verdict
2035 1873 18 20 is
2064 1875 111 26 unworthy
2185 1881 13 14 a
2208 1875 80 21 British
2297 1876 62 27 Jury.
2382 1881 5 5 s

1919 1899 58 26 Why
1985 1900 75 20 should
2077 1902 36 19 the
2246 1904 74 24 maori,
2335 1904 54 20 after
2402 1904 76 27 having

1890 1926 54 20 been
1959 1933 68 14 sworn
2043 1930 24 17 to
2083 1928 28 26 by
2121 1936 57 13 more
2194 1930 51 20 than
2259 1937 41 14 one
2313 1934 70 24 party,
2396 1933 26 19 be
2435 1931 55 21 dis-fe

1890 1954 124 25 charged.on
2024 1954 33 20 his
2064 1961 46 14 own
2120 1956 116 21 individual
2243 1958 115 26 testimony
2363 1959 9 19 ?
2398 1950 92 31 Should!

1890 1984 41 16 not
1938 1981 82 20 farther
2034 1982 148 26 investigation
2197 1984 53 21 have
2259 1985 53 20 been
2326 1985 86 21 entered
2424 1977 66 32 intoj

1890 2008 42 19 and
1938 2014 28 13 an
1972 2008 51 20 alibi
2029 2009 78 25 clearly
2116 2011 85 24 proved,
2210 2011 71 21 before
2289 2018 26 13 an
2321 2012 102 26 acquittal
2429 2010 61 23 took!

1890 2033 66 25 place.
1982 2034 74 26 Surely
2063 2034 81 22 British
2151 2043 60 14 sense
2217 2038 41 19 and
2267 2038 116 26 prudence,
2392 2041 57 19 must
2453 2031 37 31 be?

1890 2060 88 26 terribly
1995 2061 93 27 wanting
2105 2063 23 20 in
2145 2064 35 20 the
2200 2065 79 26 parties
2295 2066 124 26 composing
2437 2067 53 25 lhis|

1890 2088 62 25 Jury.
2091 2096 2 7 '
2132 2100 3 5 .
2481 2085 9 28 I

2203 2118 12 20 I
2224 2125 33 14 am
2268 2119 41 26 Sir,
2320 2122 47 24 &c,

1889 2176 29 9 w
1932 2177 9 8 3
2348 2154 104 24 X.Y.Z.
2481 2173 4 6 ,
2486 2165 4 19 }

1893 2178 127 27 Wednesday
2029 2178 104 27 morning,
2144 2180 117 21 December
2270 2182 35 23 29,
2317 2183 63 22 1841.
2481 2195 4 10 v
2485 2185 5 6 '

2017 2241 94 24 PORT
2132 2243 213 27 NICHOLSON.

294 1550 108 15 IMPORTS.

86 1577 57 20 Ship
338 1585 64 16 from
410 1580 106 23 London.
518 1593 29 4 —
549 1582 67 21 Waitt
625 1582 17 26 8f

61 1605 70 25 Tyser,
141 1606 86 24 Agents.
228 1617 28 3 —
258 1607 24 19 15
293 1607 62 20 boxes
371 1609 12 18 2
399 1614 55 15 cases
473 1610 79 20 British
548 1608 3 8 1
567 1617 74 13 manu-

58 1632 94 20 factured
167 1634 72 24 goods,
253 1634 91 20 Wallace
361 1634 18 26 Sf
398 1636 32 19 Co.
432 1646 28 4 —
461 1637 11 19 1
489 1637 51 20 hhd.
551 1639 13 18 4
581 1637 60 21 casks

58 1660 12 18 2
90 1666 56 13 cases
167 1660 9 19 1
198 1660 41 20 box
258 1662 59 23 ditto,
339 1662 129 25 Greenwood,
488 1664 151 22 Brothers.^-!

57 1687 65 19 trunk
131 1688 12 18 5
154 1693 57 14 cases
227 1688 60 24 ditto,
298 1690 28 19 D.
339 1690 91 20 Nathan.
433 1701 28 4 —
462 1691 25 19 12
498 1698 57 14 cases
568 1693 9 19 1
589 1692 50 20 hhd.

56 1714 13 18 3
80 1714 97 24 bundles,
185 1715 12 19 7
211 1715 68 24 doors,
291 1717 12 18 5
319 1717 60 19 casks
391 1717 9 19 1
414 1717 33 25 jar
459 1718 88 26 pickles,
558 1720 13 19 6
580 1720 61 20 casks

56 1741 59 20 seeds
126 1742 40 19 and
182 1742 76 25 paints,
269 1744 11 18 5
294 1743 42 25 jars
353 1744 37 24 oil,
402 1745 9 19 1
427 1751 47 13 case
491 1746 54 24 hats,
557 1747 10 19 1
586 1747 54 19 ditto

56 1768 128 26 turpentine,
195 1770 12 19 2
225 1770 69 20 chests
307 1771 62 24 tools,
381 1772 11 19 1
403 1773 65 18 trunk
481 1773 62 24 ditto,
554 1775 13 19 2
582 1780 58 14 cases

56 1795 67 25 pipes,
141 1796 12 19 2
169 1797 75 19 tierces
258 1797 145 26 earthenware,
420 1800 12 18 4
451 1800 61 20 casks
527 1801 112 24 furniture,

57 1823 25 19 90
97 1822 63 24 deals,
174 1824 100 19 Order.—
275 1825 11 19 2
297 1831 57 13 cases
366 1826 9 19 1
392 1825 77 21 bundle
486 1828 10 19 1
508 1829 50 19 cask
570 1829 10 19 1
592 1834 47 14 case

56 1849 78 20 British
145 1851 150 23 merchandize,
303 1852 27 20 R.
343 1853 86 20 Barnes.
431 1864 28 4 —
461 1855 11 19 7
482 1856 102 25 packages
595 1856 43 23 do.,

55 1878 32 19 //.
105 1878 28 19 A.
153 1878 121 26 Thompson.
276 1890 27 3 —
306 1880 9 19 1
333 1879 54 21 ditto
403 1881 61 26 snuff,
479 1883 89 24 Meyers.
570 1893 27 4 —
598 1884 41 19 229

54 1904 102 26 packages
167 1906 101 24 sundries,
282 1907 73 19 Order.
356 1918 28 3 —
386 1908 11 20 7
407 1914 57 14 cases
475 1909 61 25 ditto,
547 1911 48 20 Rev.
606 1911 32 20 H.

58 1931 108 20 Williams.
167 1943 28 4 —
198 1933 24 19 12
252 1933 60 25 ditto,
339 1935 22 20 C.
381 1935 141 21 FOidkner.—
524 1938 26 19 2o
574 1937 64 24 ditto,

56 1959 73 19 Order.
131 1970 27 3 —
159 1960 26 19 24
195 1960 61 25 ditto,
275 1961 72 20 Order.
348 1972 30 5 —
378 1963 24 19 44
420 1963 61 25 ditto,
492 1964 91 20 Johnson
597 1965 44 20 and

54 1986 78 20 Moore.
133 1997 27 3 —
162 1987 13 19 8
188 1989 85 22 trusses,
284 1989 111 24 Ridgways
410 1989 18 27 8f
438 1991 35 19 Co.
475 2002 28 3 —
503 1992 12 19 2
531 1998 64 17 cases,
607 1993 33 18 his

53 2013 124 25 Excellency
190 2014 86 25 Captain
284 2015 92 20 Hobson.
378 2027 28 3 —
407 2017 24 19 13
442 2017 105 27 packages
557 2019 80 20 British

53 2041 73 23 goods,
140 2041 93 19 Johnson
251 2042 17 25 8f
281 2042 79 20 Moore.
362 2053 28 4 —
390 2044 12 18 5
420 2044 61 25 ditto,
496 2046 22 19 J.
539 2046 69 19 Tame.
610 2057 29 3 —

54 2068 12 18 2
77 2067 60 24 ditto,
148 2068 51 20 Rev.
214 2069 21 20 J.
244 2069 26 20 F.
288 2069 99 21 Churton.
388 2081 26 4 —
416 2072 27 19 39
454 2072 61 24 ditto,
526 2073 26 20 R.
563 2074 74 19 Davis.

53 2095 40 19 —3
104 2101 63 20 cases,
178 2096 49 21 Rev.
242 2097 24 19 G.
283 2097 81 20 Butler.
366 2108 28 3 —
394 2099 12 18 2
418 2105 64 20 cases,
498 2100 111 25 Ridgways
620 2100 19 26 Sf

56 2121 61 20 Co.—
119 2123 11 18 4
148 2122 110 26 packages,
272 2124 101 20 Order.—
373 2125 26 20 6o
414 2125 63 22 casks
492 2128 62 24 nails,
569 2128 68 20 Willis

54 2148 18 24 &f
91 2149 62 21 Co.—
153 2149 14 20 3
185 2151 108 24 packages,
315 2152 32 20 W.
361 2152 24 21 S.
400 2152 82 21 Butler.
484 2164 28 4 —
512 2156 12 18 2
543 2155 61 24 ditto,
613 2156 22 19 J.

53 2176 106 20 Baker.—
160 2177 10 19 l
181 2177 48 25 box,
240 2178 40 20 Dr.
288 2178 114 21 Rees.—4Q
416 2181 110 26 packages,
536 2183 26 19 30
573 2182 62 24 deals,

53 2204 26 19 23
98 2204 88 24 battens,
211 2205 9 19 1
239 2208 65 22 stove,
324 2206 101 21 Order.—
427 2208 10 19 l
454 2208 48 24 box,
519 2210 83 24 Dudley
620 2210 17 26 8f

56 2231 121 26 Thompson.
178 2242 27 4 —
206 2233 13 19 8
234 2233 60 19 casks
310 2234 23 19 of
352 2234 61 25 nails,
434 2236 69 19 Willis
522 2236 19 26 8f
559 2238 35 19 Co.
595 2246 30 6 —
625 2238 10 19 i

54 2258 103 26 packages
174 2259 79 20 British
267 2261 148 27 merchandize,
427 2263 26 20 R.
464 2264 57 20 Ball.
522 2274 28 4 —
550 2265 17 20 4,
573 2264 62 25 ditto,

56 2286 73 19 Order.
130 2297 27 3 —
159 2286 12 19 7
183 2286 60 23 ditto.
256 2288 59 19 Cook.
317 2299 26 3 —
346 2289 9 18 1
368 2291 64 18 steam
439 2291 75 25 engine
521 2292 43 19 and
572 2298 63 20 appa-

53 2316 66 21 ratus,
139 2314 32 19 W.
191 2312 18 28 8f
227 2314 22 20 C.
267 2316 104 20 Maxwell.
374 2326 28 5 —
403 2318 37 19 125
456 2319 124 25 puncheons
597 2318 38 21 160

53 2340 50 25 bags
112 2340 45 26 salt,
169 2341 40 20 488
221 2342 84 24 barrels,
387 2345 44 19 bars
441 2345 55 23 iron,
508 2347 40 19 175
558 2346 78 20 barrels

53 2370 77 22 porter,
152 2368 101 20 Order.—
253 2371 26 19 2o
290 2370 109 26 packages,
416 2373 22 19 J.
451 2373 18 25 Sf
481 2373 24 19 T.
514 2374 123 20 Kebbell.—

54 2395 9 18 1
79 2401 47 14 case
134 2395 70 25 boots,
214 2397 26 20 R.
251 2397 78 21 Stokes.
331 2408 28 4 —
360 2399 10 19 1
382 2399 50 25 bull,
446 2400 10 19 1
467 2406 51 18 cow,
530 2402 13 18 2
554 2401 81 25 horses,

55 2422 60 25 Capt.
127 2422 58 21 Yule.
186 2434 28 3 —
216 2425 10 18 1
243 2431 56 14 mare
313 2426 42 19 and
364 2426 49 26 foal,
424 2427 30 20 H.
465 2427 29 20 A.
514 2429 120 26 Thompson.

51 2451 55 19 —87
117 2450 101 26 packages
227 2452 102 25 sundries,
343 2453 33 20 W.
387 2453 18 28 8f
416 2455 21 20 C.
447 2455 108 21 Maxwell.

1916 2298 44 21 The
1970 2301 48 24 port
2027 2300 18 20 is
2055 2302 102 26 certainly
2166 2305 59 18 most
2237 2304 103 26 spacious,
2352 2305 43 21 and
2403 2305 19 22 is
2432 2305 58 25 freest

1888 2325 56 21 from
1954 2326 78 26 danger
2043 2328 75 21 within
2128 2330 28 20 its
2169 2330 65 21 heads
2242 2339 5 16 ;
2263 2332 39 20 but
2314 2332 29 21 its
2352 2339 52 20 very
2415 2337 59 23 great

1890 2356 78 23 extent,
1986 2355 39 19 and
2039 2355 37 20 the
2086 2358 134 20 tremendous
2236 2359 94 21 violence
2339 2360 25 20 of
2375 2361 37 21 the
2427 2368 47 20 pre-
2481 2354 9 26 3

1889 2381 79 26 vailing
1977 2382 65 21 winds
2050 2386 98 22 generate
2158 2391 23 14 so
2189 2386 67 26 heary
2265 2392 14 14 a
2288 2393 36 14 sea
2330 2388 74 21 within
2411 2385 79 30 itself,^

1889 2414 23 14 as
1922 2411 22 18 to
1955 2410 91 25 suspend
2060 2410 35 21 for
2103 2418 64 20 many
2180 2413 52 26 days
2241 2415 104 24 together,
2360 2415 29 21 all
2402 2422 74 20 opera-
2483 2412 7 26 %

1889 2436 57 20 tions
1960 2438 116 20 connected
2085 2439 51 20 with
2150 2439 35 21 the
2196 2441 107 26 shipping.
2331 2443 46 20 The
2394 2446 80 24 reports
2483 2444 7 24 \

1890 2463 25 20 of
1926 2463 44 20 Mr.
1985 2464 120 26 Shortland,
2116 2467 42 19 and
2167 2467 25 20 of
2203 2468 62 20 other
2277 2469 131 26 authorities,
2423 2472 51 19 rank
2481 2469 9 25 I

1890 2490 53 21 Port
1952 2490 117 23 Nicholson
2079 2500 22 13 as
2111 2500 14 14 a
2134 2496 133 20 commercial
2272 2499 56 24 port,
2339 2498 79 20 second
2424 2499 50 20 both

1889 2519 23 19 to
1919 2518 37 21 the
1963 2518 45 27 Bay
2015 2519 24 20 of
2046 2519 84 22 Islands
2136 2522 41 20 and
2182 2523 37 20 the
2225 2523 127 21 Waitemata
2359 2532 5 17 ;
2375 2525 99 27 although
2480 2519 10 35 |

1889 2545 37 20 the
2011 2547 43 19 will
2062 2548 83 26 require
2160 2551 107 20 extensive
2278 2552 75 20 wharfs
2362 2554 24 19 to
2401 2543 89 31 render'

1888 2572 19 21 it
1916 2570 61 23 iri'all
1986 2577 93 23 respects
2090 2577 134 21 convenient.

2221 2605 115 21 William
2346 2606 103 22 Hobson.

207 2513 108 13 INWARDS-COASTWISE

79 2534 154 19 Brigantine
272 2534 142 26 Mtjnford,''
432 2542 65 14 from
512 2537 94 21 Kapiti.
609 2549 24 4 —

53 2559 20 21 J.
83 2559 43 20 and
136 2559 26 24 G>
175 2561 71 25 Wade,
258 2562 85 25 Agents.
345 2564 54 19 —Bo
409 2565 49 19 tuns
478 2565 11 19 1
505 2565 51 20 hhd.
574 2565 59 21 black

53 2586 37 23 oil,
102 2587 12 19 6
124 2589 47 17 cwt.
181 2588 41 20 salt
230 2589 60 20 fish.'

78 2613 100 22 Barque
230 2615 122 25 Matilda,
356 2617 4 8 1
363 2619 6 10 '
399 2624 62 15 from
487 2618 118 22 Porirua.
606 2631 27 5 —

55 2641 68 21 Waitt
138 2642 47 19 and-
199 2643 70 25 Tyser,
286 2645 87 24 Agents.
374 2646 54 20 —2o
447 2648 51 18 tuns
517 2647 61 20 black
597 2648 36 24 oil,

55 2667 69 22 Willis
141 2669 43 19 and
203 2671 102 20 Co.—loo
324 2672 44 25 do.,
392 2673 26 19 46'
437 2676 48 18 cwt.
505 2675 128 24 wholebone,

53 2696 21 20 J.
86 2696 41 20 and
137 2696 26 20 G.
177 2697 73 21 Wade.

79 2723 62 20 Brig
339 2732 65 15 from
416 2727 139 22 Molynettx
569 2729 64 20 Har-

53 2751 175 25 bour.—3o,ooo
240 2753 41 19 feet
291 2753 81 25 timber,
388 2755 26 19 50
425 2761 66 20 spars,
504 2757 25 19 12
540 2759 48 18 tuns
599 2758 34 24 oil,

53 2778 26 23 Si
89 2780 47 18 tons
145 2779 127 24 whalebone,
284 2782 12 18 2
307 2782 47 19 tons
364 2782 47 24 flax,
424 2783 25 19 10
467 2784 43 19 seal
524 2784 67 24 skins,
610 2786 23 19 12

53 2807 47 19 tons
110 2808 105 24 potatoes,
227 2808 24 19 15
268 2808 52 26 pigs,
340 2810 26 18 20
383 2809 77 21 barrels
477 2811 62 26 flour,
559 2813 11 18 1
587 2812 46 20 cask

53 2832 95 21 tobacco.

45 2882 94 64 New
170 2882 220 64 Zealand
421 2882 219 64 Gazette

95 2946 68 22 AND
178 2947 210 25 WELLINGTON
404 2951 185 23 SPECTATOR.

161 3008 128 26 Saturday-,
306 3010 108 23 January
430 3014 18 24 1,
465 3014 60 20 1842.

1918 2653 30 21 Its
1954 2655 109 26 principal
2067 2656 79 21 defects
2156 2664 35 14 are
2199 2659 37 20 the
2244 2659 81 21 violent
2333 2660 67 22 winds
2407 2662 67 21 which
2479 2667 4 7 '

1888 2681 78 26 always
1975 2682 54 20 blow
2043 2684 24 19 ia
2076 2684 42 20 and
2132 2687 38 18 out
2178 2686 25 20 of
2216 2686 36 21 the
2262 2687 100 22 Harbour
2371 2689 114 21 and-with?

1890 2709 51 19 such
1948 2709 58 21 force
2017 2716 22 14 as
2046 2712 21 18 to
2072 2713 89 24 prevent
2168 2714 108 21 merchant
2282 2715 58 27 ships
2342 2716 63 26 from
2412 2718 77 20 either-

1889 2737 95 24 entering
1992 2743 25 14 or
2022 2739 64 22 going
2097 2741 44 18 out-
2480 2744 9 9 ><

2119 2767 167 23 WILLOUGHBY
2297 2769 151 24 SHORTLA.ND.
2479 2768 7 23 li

2132 3109 39 19 700
2182 3111 57 18 tons.

1924 2798 51 25 The
1984 2800 70 24 above
2061 2809 38 16 are
2107 2801 38 25 the
2153 2803 85 31 official
2245 2809 133 22 statements
2386 2795 104 46 against^

1889 2831 39 24 the
1939 2837 59 27 port,
2010 2833 125 26 forwarded
2148 2836 60 24 from
2226 2834 125 29 Auckland
2368 2844 24 20 to
2410 2841 64 31 Eng-

1888 2865 63 25 land.
1987 2866 59 24 Now
2053 2867 54 25 read
2116 2868 39 24 the
2164 2870 107 25 evidence
2274 2872 49 30 for
2330 2872 40 25 the
2377 2878 52 28 port
2436 2883 7 15 :
2443 2885 32 6 —
2485 2861 5 13 *'

1902 2911 5 9 k
1918 2904 11 21 I
1938 2905 27 20 do
1974 2907 39 19 not
2020 2906 91 22 hesitate
2120 2909 23 19 to
2154 2915 37 20 say
2203 2910 46 20 that
2258 2911 77 27 during
2345 2913 39 21 the
2398 2913 52 21 time
2463 2913 10 20 I
2484 2924 6 14 >

1888 2932 53 21 have
1951 2932 53 21 been
2013 2935 22 19 at
2045 2940 43 21 sea,
2097 2935 48 21 that
2155 2936 18 20 is
2180 2940 24 17 to
2215 2933 81 32 say/40
2313 2946 69 19 years,
2396 2940 11 21 I
2424 2940 49 21 have
2479 2934 11 25 A

1888 2960 77 21 visited
1973 2961 75 26 nearly,
2057 2968 62 21 every
2128 2965 47 24 part
2184 2964 26 20 of
2221 2966 36 20 the
2268 2966 74 25 Globe,
2352 2967 42 20 and
2403 2967 12 21 I
2425 2973 65 15 con.o

1889 2987 58 20 sider
1955 2986 51 22 Port
2014 2988 126 27 Nicholson,
2153 2992 90 21 without
2251 2994 119 26 exception,
2384 2995 36 21 the
2430 2995 43 20 best
2482 2987 8 30 ?!

1888 3014 93 21 harbour
1991 3016 45 20 that
2046 3016 11 20 I
2067 3023 49 15 ever
2124 3024 41 15 was
2175 3021 23 18 at
2207 3021 81 20 anchor
2295 3021 31 20 in.
2396 3033 5 4 -
2413 3032 4 4 •
2479 3012 11 28 ,*'

2185 3047 56 21 Wm.
2255 3048 137 26 Campbell,
2479 3043 11 30 |

1888 3076 53 22 Late
1951 3076 140 24 Commander
2104 3080 26 20 of
2142 3081 35 20 the
2194 3081 51 27 ship
2257 3083 109 25 Adelaide,
2384 3083 87 22 burthen
2478 3069 12 39 1

2284 3246 107 27 Wilson,
2479 3248 4 16 (■

1888 3267 141 22 Commander
2038 3269 25 21 of
2074 3270 36 21 the
2123 3268 101 28 Oriental,
2231 3279 16 15 *
2254 3275 69 20 vessel
2330 3275 24 20 of
2367 3276 39 20 600
2416 3276 53 20 tons.

1917 3157 12 21 I
1938 3158 61 21 think
2010 3158 17 22 it
2037 3166 41 15 one
2088 3161 24 20 of
2125 3161 37 21 the
2171 3162 66 22 safest
2252 3162 36 23 for
2295 3163 100 29 shipping
2404 3165 46 21 that
2461 3165 10 21 I

1888 3184 52 21 have
1956 3192 49 14 ever
2013 3187 83 26 visited,
2114 3189 42 19 and
2164 3189 88 23 inferior
2268 3193 24 19 to
2301 3198 56 15 none
2368 3193 25 21 in
2401 3193 30 21 all
2439 3193 33 21 the
2479 3194 5 16 f
2488 3196 2 11 >

1888 3213 111 25 requisites
2008 3214 26 21 of
2045 3221 13 14 &
2069 3215 103 21 first-rate
2181 3217 61 21 Port.

1916 3320 12 22 I
1937 3322 56 21 shall
2000 3325 39 19 not
2047 3330 49 16 now
2104 3325 89 22 hesitate
2206 3330 24 18 to
2240 3330 59 19 enter
2305 3328 39 22 .the
2353 3329 90 22 harbour
2450 3331 20 19 at

1887 3355 43 20 any
1939 3350 51 20 tirue
1998 3351 43 21 and
2049 3352 52 21 with
2110 3360 42 20 any
2159 3355 65 21 wind.
2259 3356 16 16 ?>
2308 3356 14 13 *
2354 3357 23 21 A
2384 3357 86 22 harbour

1888 3377 25 19 of
1924 3378 101 21 first-rate
2036 3381 136 24 capabilities.

2161 3408 56 21 Wm.
2227 3409 164 27 Holdernsss,
2488 3414 2 7 '

2031 3433 139 24 Commander
2178 3437 25 20 of
2215 3437 36 21 the
2260 3438 79 26 barque
2346 3439 99 21 Eleanor.

1916 3486 45 22 The
1970 3487 63 22 finest
2047 3489 43 21 and
2107 3490 66 21 Safest
2188 3493 51 25 port
2252 3492 48 21 that
2308 3499 13 14 a
2328 3493 47 25 ship
2385 3499 39 16 can
2431 3498 37 15 run

1886 3513 44 20 for.

2119 3544 113 22 Charles
2241 3546 150 26 Robertson,

2065 3570 140 24 Commander
2213 3573 26 21 of
2250 3574 36 21 the
2295 3574 78 27 barque
2385 3575 61 26 Tyne.

1918 3622 11 21 I
1939 3622 74 21 should
2022 3624 44 21 like
2075 3627 23 18 to
2107 3624 50 21 beat
2164 3625 47 22 into
2227 3626 52 22 Port
2292 3624 116 26 Nicholson
2420 3626 49 23 with
2488 3626 2 23 I

1888 3650 37 21 the
1937 3651 116 25 Caledonia,
2062 3653 83 26 against
2154 3659 12 14 a
2175 3656 74 25 strong
2257 3656 155 21 north-wester.

2184 3680 90 28 Captain
2284 3683 106 26 Dunlop,
2479 3681 11 32 |

2018 3706 53 21 Late
2080 3706 24 21 of
2115 3707 39 21 her
2163 3706 110 30 Majesty's
2283 3711 47 26 ship
2337 3710 104 22 Favorite.
2463 3731 4 5 %
2479 3709 11 26 f

84 3067 50 23 The
147 3073 102 19 contents
262 3070 24 22 of
300 3071 38 22 the
350 3071 45 23 last
606 3081 29 16 on

50 3100 58 23 New
119 3100 99 24 Zealand
230 3109 38 16 are
281 3102 22 23 in
317 3111 13 15 a
340 3103 56 31 high
408 3104 81 31 degree
500 3106 136 24 instructive

51 3134 44 22 and
113 3135 106 30 amusing
227 3144 6 19 ;
253 3135 41 23 but
308 3137 25 22 of
349 3144 25 16 so
385 3138 76 22 varied
481 3146 13 15 a
512 3139 123 29 character,

51 3166 50 23 that
119 3174 43 22 any
173 3172 96 26 attempt
286 3173 22 18 to
326 3169 92 32 classify
435 3170 70 24 them,
515 3172 73 23 would
608 3173 28 23 be-

50 3199 53 23 idle.
138 3199 64 23 Lord
220 3201 59 23 John
291 3201 94 25 Russell
397 3204 42 23 and
456 3204 37 23 his
506 3205 128 31 colleagues

49 3233 24 22 in
86 3232 38 23 the
136 3232 108 31 Imperial
257 3234 160 32 Government,
435 3245 84 23 appear
536 3242 23 19 to
571 3244 64 25 great

50 3266 134 29 advantage.
214 3266 24 24 It
245 3268 20 22 is
275 3268 132 31 impossible
418 3274 22 18 to
449 3271 54 23 read
513 3271 37 23 his
559 3271 76 24 Lord-

50 3298 72 30 ship's
131 3298 127 30 dispatches
269 3305 21 18 to
301 3302 96 30 Captain
410 3302 105 30 Hobson,
529 3304 43 24 and
584 3312 51 16 cor-

49 3331 153 31 respondence
214 3332 54 23 with
280 3334 37 22 the
328 3334 58 24 New
399 3335 99 25 Zealand
507 3337 126 32 Company,

49 3365 96 22 without
157 3364 132 24 admiration
301 3367 25 22 of
338 3367 38 23 the
387 3376 111 22 generous
510 3370 66 32 spirit
587 3371 43 24 dis-

49 3396 82 32 played
143 3398 96 23 towards
252 3398 36 23 the
300 3400 135 24 inhabitants
449 3402 26 23 of
484 3403 44 23 this
538 3403 96 32 Colony,

49 3429 40 24 the
107 3430 97 23 absence
218 3431 25 23 of
257 3431 37 23 the
312 3432 104 32 slightest
434 3441 105 18 remnant
557 3436 26 24 of
596 3437 38 23 ill-

49 3463 47 23 will
107 3463 97 23 towards
214 3464 39 23 the
265 3464 117 33 Company
402 3468 43 22 and
456 3468 39 23 the
505 3469 94 24 .settlers
611 3471 23 22 in

50 3495 59 24 their
115 3496 112 31 territory,
233 3497 44 23 and
282 3497 37 24 the
324 3499 73 24 sound
402 3501 42 22 and
451 3502 184 24 statesman-like

49 3529 152 23 admonitions
213 3529 59 24 from
289 3531 53 23 time
360 3537 23 18 to
395 3534 54 22 time
466 3534 126 24 forwarded
611 3541 23 18 to

51 3562 39 23 the
104 3562 101 25 Queen's
217 3562 186 30 Representative
414 3570 23 19 at
449 3567 131 25 Auckland.

84 3595 98 31 Captain
202 3595 98 24 Hobson
316 3598 78 23 stands
407 3604 39 18 out
456 3600 25 22 in
492 3601 142 32 melancholy

51 3633 100 18 contrast
163 3632 23 18 to
198 3628 62 24 Lord
270 3629 57 23 John
341 3630 101 26 Russell.
479 3633 29 23 In
520 3634 36 23 his
568 3634 66 24 share

51 3662 26 22 of
94 3661 39 22 the
152 3662 197 30 correspondence,
369 3671 33 16 we
425 3670 82 19 cannot
527 3666 73 24 detect
622 3676 13 14 a

51 3698 113 26 symptom
171 3694 26 22 of
206 3694 189 33 comprehending
405 3697 38 24 the
454 3698 81 31 higher
548 3700 86 32 objects

50 3727 26 22 of
85 3727 37 22 his
133 3727 102 23 mission.
272 3727 46 24 His
326 3729 61 23 mind
399 3737 73 17 seems
479 3736 22 19 to
509 3732 58 24 have
576 3734 58 22 been

50 3760 72 30 solely
130 3760 105 30 occupied
245 3760 53 23 with
305 3761 38 23 the
349 3767 64 26 petty
419 3763 88 32 project
516 3765 25 23 of
549 3765 83 24 found-

49 3793 42 30 ing
106 3800 14 16 a
137 3793 83 30 capital
235 3797 25 19 at
275 3793 130 26 Auckland.
441 3796 47 24 His
506 3798 136 31 dispatches'

51 3833 39 16 are
108 3824 82 32 chiefly
200 3826 141 24 lemarkable
357 3828 37 22 for
411 3828 155 33 depreciatory
576 3833 58 23 mis-

49 3858 190 30 representations
247 3859 25 23 of
281 3859 56 24 Port
349 3860 133 31 Nicholson,
493 3863 44 24 and
550 3864 82 24 ebulli-

49 3892 61 22 tions
138 3891 27 22 of
191 3892 58 30 spite
271 3893 88 29 against
392 3894 37 23 the
452 3895 58 23 New
533 3897 101 24 Zealand

51 3923 127 32 Company.
190 3920 8 5 '
215 3923 39 24 He
265 3925 80 23 founds
363 3926 36 24 his
413 3928 130 29 preferenc«
555 3930 25 23 of
594 3930 38 23 the

1916 3758 95 23 Number
2019 3760 25 21 of
2055 3762 80 21 vessels
2143 3763 69 21 which
2220 3764 54 21 have
2289 3764 86 22 entered
2383 3763 41 23 and
2431 3762 37 22 left
2479 3764 11 12 •'*

1888 3786 52 21 Port
1956 3787 117 22 Nicholson
2085 3789 88 21 without
2188 3791 72 28 injury
2274 3792 58 20 since
2347 3793 39 21 the
2399 3791 69 21 settle-
2478 3788 12 34 j

1888 3817 59 18 ment
1956 3821 41 14 was
2006 3815 110 21 formed—
2115 3819 42 19 two
2166 3817 96 23 hundred
2271 3819 41 21 and
2321 3818 134 27 eighty-four.
2478 3820 12 22 |

682 137 133 23 Waitemata
827 141 22 20 to
867 138 57 23 Port
935 138 132 29 Nicholson,
1084 140 87 30 mainly
1183 148 29 15 on
1222 140 38 23 the

681 169 104 24 evidence
807 171 27 22 of
851 171 47 23 Mr.
922 171 147 31 Willoughby
1092 172 155 23 Shortland—
1248 181 13 14 a

679 210 55 23 very
746 207 128 26 competent
887 204 112 31 authority
1008 204 71 31 truly,'
1089 213 25 15 as
1124 205 47 23 will
1178 213 83 24 appear

681 235 30 30 by
722 235 163 32 the'following
895 240 97 20 extracts
1003 237 59 23 from
1073 237 36 23 his

681 267 64 24 dated
784 268 101 29 Russell,
900 269 56 24 lOth
967 270 108 27 October,
1215 292 5 2 .
1260 286 2 6 .

782 306 112 27 (Lambton
914 308 122 26 Harbour's)
1055 310 109 24 principal
1180 309 79 21 defects

680 340 35 13 are
722 334 35 20 the
767 334 79 20 violent
863 335 72 24 winds,
949 336 67 19 which
1032 336 78 25 always
1117 336 143 30 blovynand

679 363 38 17 out
732 361 25 20 of
774 361 35 20 the
820 361 105 27 Harbour,
942 363 40 19 and
997 362 50 21 with
1062 364 52 19 such
1129 363 59 20 force
1237 366 23 18 to.

679 390 87 23 prevent
780 390 106 19 merchant
900 389 57 26 ships
966 389 62 26 from
1043 390 67 20 either
1126 391 94 25 entering
1235 397 25 14 or

679 415 60 25 going
748 416 49 21 out;
809 416 41 19 but
859 423 12 12 a
878 416 123 25 light-house
1010 416 43 21 and
1056 418 54 24 good
1114 418 68 24 pilots
1190 418 70 21 wovlLA

679 442 23 19 in
712 448 12 14 a
732 444 58 22 great
799 449 93 14 measure
898 443 80 20 obviate
987 444 59 21 these

714 476 23 24 It
747 477 21 23 is
779 477 149 31 superfluous.
931 481 22 20 to
964 486 84 23 expose
1065 479 38 23 the
1125 479 39 23 the
1183 483 75 20 trans-

679 509 97 24 cendant
793 517 113 16 nonsense
924 510 25 23 of
962 511 46 23 this
1027 512 82 22 official
1128 516 130 20 statement.

679 542 71 23 What
759 550 42 15 use
811 543 74 23 would
896 543 66 30 pilots
980 544 45 23 and
1045 552 13 15 a
1069 544 147 30 light-house,
1214 547 5 8 1
1230 545 28 23 be

679 579 22 18 to
720 583 13 15 a
753 574 63 30 Port,
837 575 73 24 which
928 584 27 15 on
975 581 96 19 account
1089 577 26 23 of
1135 578 39 23 the
1190 576 69 32 wind?

679 608 62 30 ships
753 608 65 23 could
830 613 71 19 never'
909 608 60 24 leave
982 618 26 15 or
1014 613 68 20 .enter
1091 610 9 24 ?
1124 606 44 32 -/

711 641 165 23 What-follows
887 641 20 23 is
919 642 88 31 equally
1018 642 47 23 rich
1075 651 6 15 :—.:
1082 655 34 5 —
1124 664 4 4 .
1221 638 23 31 \

785 679 114 21 formation
912 680 24 20 of
948 681 39 20 the'
999 683 90 24 country
1102 681 90 27 (around
1208 681 50 21 Port

677 705 129 28 Nicholson),
813 707 18 19 is
839 707 45 25 clay
893 707 57 26 sand,
960 708 43 19 and
1010 708 47 26 clay
1065 709 59 24 slate,
1135 715 48 14 over
1190 710 68 19 which

677 734 57 19 there
740 733 17 19 is
765 734 36 19 but
806 740 13 14 a
827 735 46 19 thin
880 734 78 26 deposit
964 735 28 24 of
995 736 101 25 vegetable
1102 736 76 25 mould,
1189 736 69 21 which

676 761 100 25 although
785 761 52 23 rich,
848 761 42 19 will
898 764 39 17 not
947 762 47 20 bear
1004 762 113 21 continued
1124 764 132 24 cultivation,

676 794 22 13 as
708 794 46 19 may
764 788 25 20 be
799 794 49 14 seen
858 788 28 27 by
894 788 116 27 .'observing
1024 790 36 20 the
1074 790 55 24 hills,
1147 797 26 14 on
1188 792 68 19 which

677 815 56 19 there
743 815 19 19 it
770 821 25 14 no
806 816 74 19 timber
922 817 9 18 1
937 818 18 23 1)
964 825 7 14 :
988 818 47 24 they
1048 823 36 14 are
1096 818 75 25 totally
1185 818 73 21 devoid

675 841 27 26 of
710 842 44 24 soil,
766 842 40 20 and
815 843 50 26 only
875 844 86 19 covered
969 844 51 20 with
1029 844 41 21 low
1078 844 46 21 fern
1131 845 128 22 and^coarse.

1119 868 28 26 J~

710 904 58 24 This
774 905 20 23 is
802 905 39 23 the
850 908 118 21 statement
975 907 26 22 of
1006 914 42 15 one
1055 907 48 23 who
1112 907 103 32 actually
1218 917 38 15 re-

676 936 135 24 sided.some
824 938 54 23 time
889 943 27 21 at.
924 938 55 24 Port
990 939 134 30 Nicholson,
1138 940 46 24 and
1194 946 62 19 must

675 968 56 24 have
743 969 60 32 daily
814 978 55 15 seen
879 970 38 24 the
934 964 52 30 hills
998 980 28 15 on
1038 972 72 23 either
1122 973 49 23 side
1183 974 25 23 of
1218 974 37 24 the

676 1002 68 29 Hutt,
764 1002 44 23 and
827 1003 41 26 the,
884 1003 109 24 Tinakori
1012 1013 78 22 range.
1129 1006 130 24 Veracious-

675 1036 113 30 reporter!
830 1036 131 25 Admirable
982 1038 125 30 geologist!
1144 1039 48 24 .He
1203 1041 53 22 .mill

675 1069 55 22 rival
752 1069 24 22 in
797 1069 61 23 fame
879 1070 36 23 his
940 1075 71 18 astute
1039 1070 45 24 and
1258 1074 1 8 1

674 1096 98 34 brother,
784 1102 38 23 the
830 1102 92 24 Private
932 1103 124 32 Secretary,
1064 1104 50 24 who
1124 1105 131 24 discovered

674 1133 48 24 that
740 1134 38 23 the
796 1135 126 24 sub-strata
934 1136 23 23 of
1133 1145 38 16 are
1188 1138 67 25 chalk

674 1167 45 22 and
729 1166 59 25 lime.
845 1181 4 3 •
955 1168 3 7 '

688 1211 7 5 -
725 1199 26 20 In
770 1200 35 20 the
823 1200 74 20 winter
915 1201 37 20 the
958 1215 3 3 .
968 1201 50 21 hills
1040 1209 35 13 are
1085 1203 98 20 .covered
1202 1204 52 21 with

855 1235 3 4 ■
1018 1238 5 3 -

706 1255 62 24 That
785 1256 20 22 is
825 1260 23 19 to
935 1257 34 24 the
989 1257 53 24 hills
1193 1259 60 24 Port

673 1288 139 25 Nicholson!
1204 1302 26 6 --*
1258 1296 2 4 '

723 1326 50 21 Port
781 1327 117 21 Nicholson
908 1328 18 21 is
936 1329 113 27 important
1059 1330 57 26 only.
1119 1336 22 15 as
1151 1338 13 14 a
1172 1333 50 24 port
1230 1332 29 21 of-

672 1353 94 26 deposit;
781 1354 21 21 to
819 1356 56 19 what
891 1358 69 18 extent
976 1359 56 19 must
1046 1357 81 26 depend
1142 1364 71 21 upon,
1218 1359 35 21 the

671 1381 59 20 value
739 1382 25 19 of
775 1382 35 20 the
820 1385 89 24 country
919 1383 91 21 between
1027 1384 95 25 Peraroa,
1133 1385 118 26 Waikanai,

671 1408 41 19 and
721 1408 98 26 Kaipara,
830 1410 42 19 and
881 1411 35 19 the
933 1411 125 26 capabilities
1075 1412 25 20 of
1116 1413 35 19 the
1166 1415 89 26 port^of

671 1434 105 21 Manakau
783 1443 5 17 ;
804 1437 76 19 should
888 1438 47 19 that
941 1441 48 24 port
995 1445 64 20 prove
1066 1440 125 27 sufficiently
1196 1442 56 25 go6d

670 1464 22 17 to
703 1463 108 20 command
820 1464 36 20 the
866 1465 57 20 trade
934 1466 23 20 of
967 1467 37 19 the
1020 1469 66 22 coast,
1101 1467 23 20 in
1140 1469 112 20 connexion

670 1490 50 19 with
731 1490 35 19 the
780 1491 87 25 Capital,
877 1492 44 26 the,
928 1493 127 26 importance
1065 1494 26 20 of
1102 1494 51 21 Port
1163 1495 87 22 Nichol-

672 1523 38 14 son
719 1517 42 20 will
771 1518 25 20 be
806 1519 144 27 considerably

701 1552 124 31 Sagacious
836 1554 96 31 prophet
939 1556 5 22 !
971 1556 71 24 What
1050 1556 39 24 did
1098 1556 30 24 he
1138 1565 68 17 mean
1218 1559 31 31 by

669 1593 13 15 a
689 1590 52 26 port
757 1586 25 23 of
797 1587 87 31 deposit
891 1588 10 23 1
936 1588 35 24 Is-
976 1589 58 24 Port
1049 1589 127 26 Nicholson
1192 1592 59 25 unfit

668 1626 26 15 or
709 1618 101 32 unlikely
822 1624 22 19 to
862 1620 92 24 become
963 1630 14 15 a
992 1627 52 26 port
1062 1623 26 23 of
1102 1624 85 31 import
1206 1626 43 24 and

668 1657 79 26 export
755 1652 11 24 ?
802 1653 39 23 He
853 1661 73 16 seems
943 1658 21 20 to
975 1655 57 24 have
1049 1655 46 24 had
1103 1665 63 16 some
1176 1666 73 23 vague

667 1684 52 23 idea
737 1684 27 24 of
780 1684 37 25 the
837 1686 101 32 bonding
959 1693 92 26 system,
1073 1689 42 24 but
1133 1690 37 24 his
1190 1695 59 21 term

813 1719 90 31 implies
924 1721 46 23 that
989 1721 62 32 ships
1062 1723 47 22 will
1120 1730 64 17 come
1194 1724 55 25 here

667 1754 22 19 to
700 1751 83 23 unload
801 1752 59 23 their
872 1761 96 23 cargoes,
989 1755 87 31 merely
1086 1760 23 19 to
1121 1756 54 24 take
1187 1757 62 25 them

667 1784 22 22 in
702 1785 74 29 again.
811 1785 56 23 And
882 1787 20 21 it
912 1794 44 16 was
965 1795 62 23 upon
1037 1787 38 24 the
1094 1793 121 20 statement
1226 1792 26 23 of

666 1816 46 23 this
728 1817 189 25 muddle-headed
927 1820 149 31 functionary,
1089 1822 49 23 that
1151 1822 97 31 Captain

667 1849 97 24 Hobson
782 1851 138 25 condemned
937 1853 56 24 Port
1008 1854 127 24 Nicholson
1154 1847 94 39 without

665 1883 78 31 seeing
755 1884 27 23 it.

698 1916 47 23 But
756 1917 38 23 the
805 1925 67 23 game
882 1919 20 22 is
917 1923 40 19 not
966 1919 82 32 played
1059 1924 39 20 out
1114 1925 47 27 yet.
1196 1922 51 24 The

665 1954 49 18 seat
725 1949 25 24 of
765 1950 155 25 Government
936 1960 51 24 may
1003 1958 40 19 not
1062 1954 29 23 be
1109 1954 139 33 definitively

664 1982 79 30 placed
759 1987 24 19 at
802 1984 39 23 the
853 1984 142 26 Waitemata.
1031 1986 96 31 Captain
1140 1988 116 29 Hobson^

664 2014 87 30 indeed,
764 2020 68 19 wrote
849 2020 24 19 to
884 2016 64 24 Lord
957 2017 66 24 .John
1040 2018 103 30 Russell,
1162 2027 30 16 on

666 2048 56 23 10th
735 2048 24 23 of
769 2048 128 24 November
910 2051 71 28 1840,
1001 2051 49 23 that
1063 2051 30 24 he
1103 2060 47 16 was-

664 2080 91 31 ceeding
764 2081 54 23 with
825 2081 39 23 the
872 2089 115 25 necessary
994 2083 73 24 works
1071 2085 47 30 for
1126 2085 119 24 establish-

663 2112 38 32 ing
712 2114 36 22 the
760 2114 67 23 Town
845 2115 26 23 of
1041 2117 115 28 which-he,
1190 2126 56 25 con-

663 2147 121 30 templated
802 2147 70 31 being
889 2148 38 24 the
943 2149 74 24 future
1034 2154 50 20 seat
1100 2151 26 23 of
1141 2151 105 25 Govern-

663 2184 62 19 ment
733 2176 24 32 ;'*
774 2180 40 24 but
826 2188 29 16 on
867 2181 38 23 the
918 2182 55 26 17th
984 2183 77 32 April,
1075 2185 74 28 1841,
1168 2185 79 32 nearly

663 2213 35 22 six
719 2213 89 24 months
828 2213 135 32 afterwards,
988 2215 71 25 Lord-
1070 2216 61 25 John
1152 2217 95 26 Russell

663 2250 68 19 wrote
743 2251 23 18 to
776 2246 37 24 the
827 2247 97 32 Captain
933 2257 5 15 ::
941 2262 32 4 —
984 2245 7 7 x
1182 2245 35 24 ■&

712 2285 68 21 There
788 2292 77 20 appear
875 2289 21 18 to
905 2287 28 20 be
941 2288 54 26 good
1008 2295 85 15 reasons
1102 2290 34 20 for
1145 2290 110 28 selecting-

663 2312 36 20 the
714 2313 94 25 position
823 2314 70 20 which
908 2321 50 19 you,
964 2317 62 25 point
1037 2319 38 18 out
1084 2323 28 14 on
1126 2318 36 20 the
1180 2318 68 21 South

663 2340 62 19 shore
741 2340 26 20 of
784 2341 36 20 the
836 2341 130 27 Waitemata,
985 2344 23 19 in
1025 2340 36 24 tb*e
1077 2344 84 21 district
1175 2344 72 23 of-^the

662 2366 95 26 Thames,
775 2367 34 21 for
825 2368 37 21 the
875 2372 44 17 seat
936 2371 23 20 of
970 2370 149 22 Government.
1147 2372 55 22 That
1218 2373 27 26 is,

662 2394 102 25 however,
783 2401 12 14 a
804 2396 98 26 question
918 2398 24 19 of
953 2401 58 22 great
1027 2399 130 25 importance
1159 2398 37 23 \to
1209 2401 37 20 the

661 2421 70 21 future
740 2422 98 21 interests
848 2424 25 19 of
884 2424 35 20 the
930 2424 87 28 Colony,
1032 2426 43 20 and
1088 2432 38 14 one
1139 2433 27 14 on
1178 2428 68 20 which
1252 2442 3 3 ■

661 2454 54 19 your
726 2450 58 24 final
798 2450 83 25 opinion
895 2452 73 20 should
983 2453 25 20 be
1025 2453 75 20 settled
1118 2455 53 20 with
1185 2458 62 23 great

697 2511 95 31 Captain
815 2513 99 24 Hobson
931 2514 73 25 would
1025 2516 111 31 probably
1157 2518 88 25 receive

662 2544 46 23 this
720 2546 127 22 intimation
858 2547 58 23 from
925 2547 57 25 head
993 2553 110 27 quarters,
1122 2557 57 16 soon
1189 2552 57 23 after

661 2577 37 23 his
710 2584 76 17 return
798 2582 23 20 to
832 2577 123 28 Auckland
963 2582 60 23 from
1033 2581 37 24 his
1081 2583 54 23 visit
1146 2587 23 20 to
1181 2584 65 24 Wel-

661 2610 96 31 lington,
774 2612 42 23 and
827 2619 35 17 we
874 2618 81 19 cannot
969 2622 60 24 envy
1039 2614 39 24 the
1090 2617 126 24 sensations
1227 2619 26 29 it^

661 2648 62 19 must
749 2645 57 23 have
825 2646 115 31 produced
965 2648 25 23 in
1017 2648 39 24 the
1078 2641 175 39 gubernatorial'

662 2677 81 23 mind.-
789 2685 6 5 s
864 2683 10 11 »
992 2677 3 4 '
1095 2677 6 9 '
1110 2683 2 4 '
1140 2692 3 3 ■

694 3734 63 24 Lord
775 3736 59 24 John
853 3737 94 25 Russell
959 3739 116 32 earnestly
1088 3743 157 24 recommends

661 3766 38 24 the
710 3772 60 19 most
780 3769 61 30 rigid
853 3777 107 25 economy
974 3777 23 20 to
1010 3773 38 23 the
1062 3773 125 32 Governor,
1200 3777 45 23 and

661 3800 45 23 this
715 3800 77 24 advice
803 3802 20 23 is
835 3810 25 16 so
874 3803 81 32 clearly
963 3805 111 30 followed,
1086 3806 49 25 that
1143 3808 101 25 whereas

661 3830 36 33 (as
709 3841 93 23 appears
813 3835 31 31 by
856 3835 38 24 the
905 3838 101 25 estimate
1024 3847 33 16 we
1072 3840 120 30 published
1200 3842 46 25 last

661 3866 82 31 week,)
756 3867 38 23 the
815 3868 120 33 Secretary
952 3871 34 23 for
1006 3871 38 25 the
1063 3873 107 24 Colonies
1189 3880 56 26 puts

661 3898 64 24 down
735 3900 106 24 nineteen
852 3902 111 25 thousand
970 3904 63 24 three
1042 3904 104 26 hundred
1155 3909 91 29 pounds

660 3939 24 15 as
696 3932 39 23 the
747 3940 50 16 sum
809 3934 89 31 beyond
909 3936 73 24 which
994 3937 38 24 the
1053 3933 156 42 expenditure]
1223 3943 26 22 of

699 2711 95 30 Captain
812 2711 99 25 Hobson
928 2713 40 24 has
982 2721 62 17 more
1064 2714 56 25 than
1131 2715 56 25 oiwe
1204 2725 42 16 ex-

662 2744 93 29 pressed
775 2744 34 24 his
828 2746 171 24 determination
1015 2751 40 20 not
1138 2749 108 25 Colonize

664 2777 107 23 Munstef
779 2775 81 31 ;"'and
871 2778 29 24 he
910 2779 59 24 fixed
980 2788 61 24 upon
1052 2780 37 24 his
1101 2786 49 19 seat
1161 2783 26 23 of
1196 2784 49 23 Go-

662 2815 119 18 vernment
797 2811 95 24 without
905 2813 155 34 ever^visiting
1075 2814 39 24 the
1131 2815 115 25 Southern

663 2842 92 30 Island,,
763 2843 112 31 although
883 2845 24 23 in
915 2847 129 29 possession
1051 2847 26 23 of
1085 2847 96 33 a'report
1187 2850 59 24 from

663 2875 77 32 Major
757 2876 119 32 Bunbury,
888 2874 68 28 which'
978 2880 72 31 ought
1067 2885 25 19 at
1108 2889 46 24 any
1162 2887 49 20 rate
1222 2888 23 19 to

662 2908 57 24 have
736 2910 65 23 made
812 2910 48 24 him
872 2919 76 23 pause.
964 2911 4 3 '
983 2913 62 24 That
1056 2914 77 23 officer
1147 2923 26 16 as
1183 2917 63 31 early

663 2949 25 16 as
696 2942 37 23 the
738 2942 59 24 28th
805 2943 59 24 June
874 2946 70 28 1840,
954 2946 110 24 informed
1071 2946 38 24 the
1118 2947 126 32 Govern*^

662 2975 50 24 that
755 2976 38 23 the
809 2977 139 31 capabilities
959 2979 24 23 of
999 2979 38 24 the
1056 2979 89 26 Middle
1165 2981 80 26 Island

662 3008 35 23 for
708 3016 108 24 purposes
827 3010 26 23 of
862 3012 133 29 agriculture
1003 3012 45 24 had
1058 3013 58 23 been
1124 3014 68 24 much
1199 3024 45 16 un-

662 3041 110 30 derrated,
790 3047 23 19 to
825 3051 42 23 say
877 3044 94 32 nothing
983 3046 26 23 of
1025 3047 30 22 its
1072 3047 104 31 splendid
1190 3048 54 25 har-

661 3074 69 23 bours
754 3075 45 23 and
820 3077 169 31 minerological
1016 3078 146 31 productions
1215 3082 29 24 he

661 3107 91 30 praised
770 3108 38 23 the
853 3111 99 30 amenity
968 3111 26 23 of
1008 3112 38 22 the
1067 3112 115 31 climate/!
1200 3115 50 24 and'

740 3141 94 31 fertility
855 3142 24 23 of
900 3142 39 25 the
1047 3145 53 23 and.
1112 3146 30 24 he
1166 3147 78 30 added,

726 3181 36 15 am
789 3174 48 23 also
867 3177 84 22 certain
973 3177 49 23 that
1046 3177 46 29 the;
1102 3179 143 32 intelligence

663 3206 44 23 and
724 3208 153 31 enterprising
900 3208 113 25 character
1023 3211 40 23 *of
1085 3211 39 24 the
1148 3214 96 29 natives,

663 3247 24 15 as
699 3236 59 26 well'
768 3248 23 15 as
804 3240 38 24 the
858 3237 82 28 extent
947 3243 23 23 of
985 3244 30 22 its
1027 3244 139 32 population,
1187 3247 57 24 have

662 3272 59 23 been
735 3273 93 31 equally
834 3275 222 25 misunderstood."'

696 3305 46 23 Yet
755 3306 96 31 Captain
865 3307 102 25 Hobson,
977 3314 70 19 wrote
1065 3314 23 20 to
1105 3311 64 24 Lord
1185 3313 60 24 John

663 3337 94 25 Russell
775 3339 48 26 that
907 3341 152 33 ha^perfect
1078 3342 128 34 knowledge
1223 3347 25 23 of

662 3371 38 23 the
710 3372 136 24 uncivilized
858 3377 58 20 state
935 3375 24 23 of
971 3375 40 24 the
1153 3379 44 23 and
1216 3379 30 24 he

661 3408 40 20 not
714 3405 56 31 only'
778 3405 88 24 refuses
878 3412 22 17 to
912 3415 132 25 encourage,
1056 3409 49 29 but,
1119 3410 126 33 absolutely

661 3437 54 24 does
726 3438 36 23 his
777 3443 87 19 utmost
874 3444 22 19 to
907 3446 94 25 prevent
1011 3442 38 24 the
1062 3443 149 26 colonization
1223 3446 25 23 of

662 3470 45 24 this
741 3467 151 36 promising/
896 3475 88 29 portion
1022 3475 24 24 of
1077 3476 39 24 the
1150 3483 95 26 country

661 3504 129 24 committed
813 3509 23 20 to
853 3506 43 23 his~
907 3515 58 17 care.
1004 3508 128 31 -Forsooth,
1152 3511 30 23 he
1199 3512 47 23 will

661 3541 39 18 not
856 3539 105 24 Munster
968 3541 22 24 I'
989 3535 10 16 1
1074 3542 73 32 why?
1194 3544 52 25 The

661 3569 37 23 old
720 3578 86 20 reason,
808 3584 33 4 —
842 3572 96 24 because
957 3574 18 23 it
997 3574 75 24 would
1094 3576 81 24 render
1197 3578 48 23 still

661 3610 62 16 more
745 3603 90 32 glaring
856 3605 39 23 the
917 3607 115 31 stupidity,
1051 3608 45 23 and
1119 3609 125 33 obstinacy,

661 3635 74 24 which
750 3636 38 24 led
804 3637 48 24 him
870 3642 22 19 to
908 3639 34 23 fix
957 3647 61 24 upon
1035 3641 133 25 Auckland.
1204 3643 41 25 He

661 3667 78 25 knows
759 3670 50 24 that
826 3671 39 24 the
883 3671 113 25 Southern
1013 3673 88 24 Island,
1112 3680 83 20 connot
1216 3677 29 24 be

661 3702 113 28 governed
785 3704 58 23 from
856 3704 127 26 Shouraka.

1322 453 36 31 By
1370 453 36 24 the
1417 453 136 30 Mandarin,
1566 462 34 16 we
1617 455 101 24 received
1733 455 58 24 New
1803 456 68 23 Zeal-

1287 486 46 22 aud
1343 485 110 25 Journals
1473 487 29 23 of-
1513 487 39 23 the
1570 487 44 25 3rd
1632 488 45 24 and
1694 489 58 25 17th
1771 489 26 23 of
1811 489 60 32 July,

1287 519 45 22 and
1343 519 39 23 the
1394 519 41 26 7th
1447 520 25 23 of
1486 519 102 30 August.

1279 571 5 16 ;>
1321 551 29 23 In
1361 552 39 23 the
1410 560 70 23 paper
1491 553 25 23 of
1531 553 38 23 the
1589 553 43 25 3rd
1651 554 63 31 July,
1726 555 64 23 there
1808 555 21 23 is
1844 563 28 16 an

1407 585 77 24 article
1500 586 95 24 entitled
1629 587 95 24 demand
1736 588 37 23 for
1791 589 81 31 capital

1286 621 24 19 at
1513 619 59 23 from
1594 620 78 24 which'
1688 628 33 16 we
1744 621 68 23 make
1832 621 40 23 the

1286 649 114 32 following
1410 655 94 20 extract.
1540 652 25 23 It
1585 653 75 24 shows
1671 653 49 24 that
1731 661 42 16 our
1785 654 87 32 friends,

1286 690 38 16 are
1342 684 92 31 quickly
1451 684 66 24 made
1538 685 58 24 alive
1615 691 23 19 to
1660 694 42 16 our
1723 688 48 22 real
1790 691 81 20 wants.

1286 715 50 24 The
1349 717 50 23 able
1409 717 66 24 mode
1485 719 24 22 in
1520 718 76 24 which
1609 719 49 24 that
1676 721 123 30 important
1813 724 59 20 want

1284 749 21 22 is
1317 749 128 30 advocated,
1458 750 92 24 renders
1562 759 28 16 us
1603 752 113 24 confident
1728 753 49 23 that
1796 754 19 23 it
1826 754 46 23 will

1284 781 28 25 be
1322 783 99 23 satisfied
1431 788 24 18 at
1466 792 27 15 an
1504 784 62 31 early
1577 785 87 30 period.

1304 820 27 17 To
1338 820 44 22 give
1387 820 35 18 full
1429 821 55 18 effect
1493 822 22 17 to
1529 822 33 18 the
1573 823 113 21 productive
1697 823 91 23 industry
1794 824 23 18 of
1825 825 45 17 New

1283 841 89 21 Zealand,
1380 842 90 21 however,
1478 843 53 17 loans
1542 844 31 16 for
1584 848 13 13 a
1604 844 44 23 long
1662 844 66 22 period
1741 846 63 16 would
1810 846 24 17 be
1841 850 29 13 re-

1284 862 73 20 quired.
1378 863 39 17 The
1432 864 59 17 wheat
1503 868 80 18 grower,
1597 865 35 17 the
1641 865 51 17 flock
1705 870 72 16 owner,
1784 867 34 16 the
1829 871 41 17 pre-

1284 886 55 17 parer
1345 883 22 17 of
1376 884 42 20 flax,
1425 884 21 18 in
1456 884 60 22 short,
1524 885 26 17 all
1562 885 56 18 those
1631 886 84 22 engaged
1726 886 21 18 in
1754 887 34 17 the
1794 891 76 14 various

1283 903 58 18 kinds
1349 904 22 17 of
1380 905 110 21 productive
1497 906 107 21 enterprise
1614 907 63 18 which
1691 907 39 17 will
1741 907 129 23 immediately

1284 924 66 21 spring
1359 929 24 16 up
1390 925 20 17 in
1418 926 46 17 New
1471 926 89 21 Zealand,
1566 928 40 16 will
1619 928 75 21 require
1705 928 54 17 loans
1771 929 30 16 for
1807 933 13 13 a
1827 929 43 21 long

1282 944 88 25 period—
1371 945 28 17 for
1410 950 41 17 one,
1465 947 60 20 three,
1538 951 22 12 or
1566 945 38 19 five
1618 952 76 16 years—
1693 948 31 17 for
1734 953 62 16 years,
1808 950 62 17 whtre

1285 965 75 22 indeed,
1368 966 33 17 the
1413 968 99 16 merchant
1526 968 87 20 requires
1627 968 52 17 them
1691 969 46 20 only
1744 969 30 16 for
1785 971 84 17 months.

1283 985 73 22 Hence,
1363 986 74 18 instead
1451 987 22 17 of
1482 991 11 13 a
1505 987 87 20 Banking
1608 988 103 21 Company,
1718 989 21 17 of
1749 989 63 18 which
1825 991 45 20 they

1283 1006 48 17 have
1343 1007 75 22 already
1430 1009 37 16 tw»
1479 1011 22 14 or
1514 1008 61 21 three,
1590 1008 47 22 they
1650 1009 38 17 will
1703 1009 75 22 require
1791 1015 13 13 a
1818 1011 52 18 Loan

1283 1027 97 22 Company
1387 1032 24 13 on
1422 1032 24 14 an
1457 1028 61 22 ample,
1526 1029 56 21 scale,
1590 1029 92 22 prepared
1690 1030 20 17 to
1719 1032 58 20 grant
1784 1032 54 17 loans
1846 1037 24 12 on

1283 1048 33 17 the
1329 1049 84 21 security
1425 1049 23 18 of
1460 1049 54 18 lands
1530 1049 37 18 and
1582 1049 62 18 stock.
1672 1051 40 19 The
1725 1052 114 22 suggestion
1853 1053 16 17 is

1274 1068 83 18 'thrown
1364 1071 33 16 out
1404 1070 20 17 in
1436 1074 26 14 an
1472 1069 66 19 article
1550 1070 20 18 in
1582 1071 34 17 the
1628 1070 46 18 New
1684 1072 89 18 Zealand
1785 1074 84 21 Gatette,

1278 1089 65 18 -which
1350 1095 29 13 we
1390 1091 73 21 reprint
1470 1091 21 18 in
1505 1091 81 18 another
1597 1091 84 22 column,
1688 1093 39 17 and
1739 1098 29 13 we
1778 1094 73 18 believe
1858 1099 11 13 a

1281 1109 71 24 better.
1356 1111 111 23 suggestion
1478 1111 56 18 could
1546 1114 34 15 not
1592 1112 25 18 be
1627 1111 62 20 made.
1716 1114 62 18 Those
1789 1120 80 14 persons

1281 1131 86 23 residing
1377 1137 23 18 in.
1405 1133 38 17 this
1456 1135 81 19 country
1550 1133 42 18 who
1607 1134 47 18 have
1668 1135 108 20 purchased
1786 1136 55 18 lands
1848 1137 21 17 in

1281 1152 35 17 the
1328 1152 43 18 first
1383 1154 37 17 and
1433 1154 70 17 second
1513 1154 93 22 colonies,
1620 1159 23 14 or
1651 1156 43 17 who
1708 1160 45 18 may
1765 1157 69 18 intend
1848 1159 20 16 to

1281 1173 99 22 purchase,
1389 1175 45 17 have
1442 1175 32 17 the
1482 1176 97 21 strongest
1585 1176 84 21 possible
1676 1176 72 19 motive
1754 1178 21 18 to
1782 1180 87 19 promote

1281 1197 12 14 a
1300 1194 45 18 New
1352 1195 82 18 Zealand
1441 1196 57 17 Trust
1505 1196 39 17 and
1556 1196 53 18 Loan
1620 1197 102 21 Company.
1745 1198 71 18 Unless
1824 1200 45 21 they

1281 1215 25 17 do
1317 1218 30 19 so;
1352 1220 56 18 every
1419 1221 44 13 acre
1473 1216 108 22 purchased
1594 1217 36 18 has
1641 1222 12 13 a
1665 1218 94 23 tendency
1766 1221 20 16 to
1800 1221 69 18 render

1280 1236 67 17 labour
1354 1237 113 21 redundant,
1474 1237 37 18 and
1521 1239 20 16 to
1549 1237 86 21 depress.
1639 1239 34 17 the
1681 1239 54 21 price
1747 1241 22 17 of
1777 1241 55 22 land;
1847 1241 20 18 in

1281 1256 60 23 short,
1348 1258 22 17 to
1376 1258 82 21 produce
1463 1258 33 19 the
1503 1258 49 18 evils
1559 1260 22 16 of
1590 1260 84 17 colonies
1679 1261 72 18 settled
1757 1265 25 14 on
1795 1263 34 16 the
1836 1263 31 17 old

1279 1278 52 21 plan.
1352 1279 21 17 If
1386 1279 69 21 capital
1465 1280 24 17 be
1495 1280 93 21 provided
1600 1281 30 17 for
1636 1281 33 17 the
1683 1286 83 17 purpose
1773 1288 28 12 we
1813 1284 54 21 point

1280 1300 41 21 out,
1331 1299 16 18 it
1354 1299 38 18 will
1402 1300 48 17 have
1456 1300 34 18 the
1500 1301 55 17 effect
1562 1302 22 17 of
1592 1302 99 22 obviating
1702 1303 33 18 the
1742 1303 38 18 evil
1792 1305 75 20 arising

1279 1320 50 18 from
1336 1324 11 14 a
1353 1325 52 14 mere
1411 1321 116 21 speculative
1533 1322 84 18 demand
1624 1323 29 17 for
1660 1323 51 18 land.
1732 1324 42 18 The
1780 1326 87 21 specula-

1280 1340 149 23 tivepurchaser
1435 1343 23 16 of
1465 1342 44 18 land
1516 1343 90 21 provides
1612 1348 25 13 an
1644 1344 114 22 emigration
1765 1345 57 22 fund,

1280 1362 95 18 therefore
1382 1367 10 13 a
1399 1364 69 21 supply
1475 1364 22 17 of
1505 1363 105 22 labourers,
1617 1364 81 19 without
1707 1366 89 23 carrying
1802 1369 22 16 to
1833 1368 34 18 the

1281 1383 72 22 Colony
1367 1383 32 18 the
1406 1384 54 18 third
1471 1385 83 17 element
1564 1385 23 17 of
1596 1386 153 23 attractiveness,
1761 1392 22 13 as
1791 1389 41 17 well
1844 1393 22 13 as

1279 1404 179 21 productiveness—
1458 1405 76 22 capital.
1567 1406 48 17 This
1628 1407 81 18 element
1720 1408 25 17 he
1759 1408 70 19 should
1843 1410 23 17 be

1279 1425 71 18 careful
1359 1427 20 16 to
1386 1426 78 22 provide
1470 1426 21 18 in
1498 1426 81 18 another
1585 1431 48 17 way,
1640 1428 38 17 and
1684 1433 28 13 we
1719 1433 32 13 see
1763 1434 26 13 no
1796 1435 42 16 way
1844 1436 22 12 so

1279 1446 114 21 practicable
1399 1451 21 14 as
1427 1446 38 19 the'
1468 1451 79 14 manner
1559 1448 104 22 suggested
1669 1449 26 21 by
1702 1453 36 14 our
1751 1450 71 20 friend,
1832 1451 33 18 the

1279 1467 67 17 Editor
1352 1467 23 18 of
1383 1467 31 19 the
1422 1469 46 17 New
1475 1468 88 18 Zealand
1569 1469 84 19 Gatette.

1312 1497 51 24 The
1375 1497 73 26 Times
1458 1498 51 30 had,
1523 1507 62 24 upon
1594 1500 70 31 being
1679 1505 42 27 put
1738 1502 49 24 into
1805 1510 56 24 pos-

1279 1531 89 23 session
1376 1531 26 23 of
1414 1531 44 25 the.
1463 1533 58 23 false
1533 1537 133 20 statements
1677 1536 130 31 respecting
1819 1537 45 23 this

1278 1564 135 30 settlement,
1425 1564 73 26 which
1507 1566 113 31 appeared
1634 1575 24 15 so
1670 1568 63 23 often
1749 1568 44 24 last
1808 1577 55 23 year

1277 1597 26 23 in
1331 1597 44 23 the,
1385 1615 5 3 .
1396 1589 194 47 Vaifl|Diernen's
1613 1600 68 24 Land
1704 1601 45 24 and
1771 1602 94 32 Sydney

1276 1637 91 24 papers^
1378 1632 65 23 made
1455 1640 14 15 a
1481 1632 84 23 violent
1577 1633 78 24 attack
1669 1642 62 23 upon
1744 1634 38 24 the
1792 1635 70 24 Com-

1277 1670 72 24 pany,-
1359 1664 44 24 and
1412 1665 59 23 their
1482 1665 148 32 proceedings
1641 1667 24 23 in
1677 1667 58 24 New
1752 1668 110 25 Zealand.

1277 1696 25 23 It
1317 1697 53 29 had,
1389 1697 109 31 however,
1516 1698 165 33 subsequently
1700 1701 101 23 inserted
1824 1702 38 24 the

1276 1730 116 31 following
1402 1731 135 31 paragraph,
1556 1731 77 25 which
1648 1733 73 23 shows
1741 1733 49 24 that
1808 1734 54 32 they

1277 1762 98 24 doubted
1386 1763 37 24 the
1434 1765 123 31 testimony
1568 1772 64 24 upon
1648 1766 75 23 which
1741 1766 55 31 they
1815 1767 47 24 had

1276 1795 58 23 been
1342 1796 45 24 .but
1396 1801 36 19 too
1441 1797 68 31 ready
1521 1801 23 19 to
1564 1798 78 24 attack
1652 1799 44 23 the-
1702 1799 64 32 place
1776 1808 6 16 :—:
1784 1813 34 4 —

1296 1826 40 18 The
1348 1827 47 17 New
1402 1828 83 18 Zealand
1497 1832 68 18 papers
1571 1829 89 18 received
1671 1834 33 14 are
1713 1831 22 17 to
1749 1830 33 18 the
1789 1832 41 17 31st
1844 1832 22 18 of

1275 1847 96 24 January.;
1382 1848 53 19 these
1443 1849 106 18 contradict
1556 1850 34 17 the
1597 1852 91 16 accounts
1696 1851 103 21 published
1805 1852 21 18 in
1831 1853 33 18 the

1275 1867 120 20 Lannceston
1403 1874 66 17 papers
1482 1871 57 20 lately
1544 1871 93 22 received,
1645 1872 22 18 of
1679 1872 35 18 the
1719 1873 89 22 starving
1819 1878 45 13 con-

1276 1889 61 18 dition
1351 1890 22 17 of
1382 1890 31 18 the
1426 1891 105 23 emigrants
1538 1891 43 18 who
1594 1892 40 18 had
1643 1897 50 20 g»ne
1704 1895 34 16 out
1750 1894 61 22 there,
1825 1895 39 17 and

1276 1911 51 17 state
1338 1911 44 17 that
1394 1916 25 14 no
1426 1916 42 14 new
1479 1912 111 18 settlement
1598 1914 61 17 could-
1668 1918 45 14 ever
1719 1919 80 14 prosper
1811 1920 53 13 more

1274 1931 81 21 rapidly.
1364 1931 12 20 '.
1386 1948 3 3 .
1411 1948 3 3 .
1444 1933 5 5 -

1309 1954 92 24 Letters
1410 1955 59 23 from
1483 1956 96 31 Captain
1590 1956 130 24 Wakefield
1727 1958 46 23 and
1784 1959 78 23 others

1275 1994 30 16 on
1312 1987 120 33 boardjhe
1443 1988 93 30 Whitby
1548 1989 46 23 and
1608 1989 58 24 Will
1679 1989 96 31 Watch,
1792 1992 70 24 dated

1416 2022 56 21 21st
1490 2020 66 30 May,
1572 2021 113 30 appeared
1702 2023 25 22 in
1746 2023 39 22 the
1803 2023 59 24 New

1274 2050 105 24 Zealand
1387 2051 100 25 Journal
1495 2053 28 23 of
1537 2053 54 31 July
1604 2056 24 22 3.

1309 2084 30 24 In
1348 2093 40 15 -an
1410 2086 78 23 article
1505 2093 63 24 upon
1590 2086 58 24 New
1667 2087 102 25 Zealand
1791 2088 70 30 titles,

1273 2116 102 26 wherein
1390 2126 27 19 a.
1421 2118 62 32 hope
1503 2119 21 24 is
1542 2119 124 32 expressed
1682 2121 50 23 that
1751 2121 40 24 the
1805 2130 65 24 pur-,

1275 2150 93 23 chasers
1378 2151 58 24 from
1448 2149 38 26 the
1503 2153 98 29 natives,
1619 2153 25 23 in
1663 2153 40 24 the
1720 2154 77 30 north,
1815 2155 47 23 will

1273 2183 30 23 be
1323 2183 59 24 dealt
1401 2184 55 24 with
1474 2184 104 33 liberally
1595 2185 33 32 by
1639 2185 38 25 the
1695 2186 165 32 Government,

1274 2216 40 23 the
1324 2215 59 25 New
1392 2217 104 24 Zealand
1504 2217 102 24 Journal
1615 2219 103 24 remarks
1727 2229 7 14 :
1737 2233 31 5 —
1768 2232 3 6 ■

1296 2247 67 18 Under
1369 2248 33 17 the
1408 2250 64 16 recent
1479 2250 75 21 temper
1565 2250 22 17 of
1596 2250 34 17 the
1637 2250 129 19 Government
1778 2252 83 19 towards

1273 2267 50 19 New
1336 2269 88 22 Zealand,
1436 2269 93 22 however,
1543 2271 26 17 all
1575 2271 35 17 the
1622 2272 82 18 colonial
1710 2272 86 22 officials,
1811 2274 51 18 from

1274 2289 34 18 the
1320 2290 96 18 Governor
1426 2290 123 22 downwards,
1563 2292 41 17 will
1613 2292 24 18 be
1649 2292 90 22 disposed
1751 2295 20 16 to
1778 2295 32 17 act
1822 2294 21 18 in
1850 2300 12 12 a

1273 2314 55 14 more
1334 2311 67 18 liberal
1407 2311 62 22 spirit.
1491 2312 19 18 It
1516 2312 19 18 is
1542 2314 119 17 remarkable
1670 2314 43 18 how
1719 2314 33 18 the
1758 2316 104 21 presumed

1274 2331 88 23 hostility
1375 2333 22 17 of
1405 2333 32 17 the
1451 2333 91 22 ministry
1553 2334 81 21 spreads
1644 2335 54 17 itself
1708 2335 55 19 down
1771 2337 20 16 to

1274 2352 62 22 paltry
1343 2353 88 18 official—
1431 2353 55 19 down
1492 2358 48 14 even
1546 2356 21 16 to
1574 2355 39 18 Mr.
1625 2356 120 23 Willoughby
1752 2357 108 19 Shortland.

1273 2373 55 22 They
1334 2374 74 18 remind
1414 2379 37 13 one
1458 2375 22 17 of
1488 2375 38 18 Mr.
1538 2375 75 19 Justice
1620 2376 80 18 Shallow
1702 2378 5 9 1
1707 2382 10 12 *
1724 2378 78 22 serving
1810 2384 50 13 men.

1308 2404 44 23 We
1361 2405 47 23 find
1418 2405 32 31 by
1461 2413 13 15 a
1491 2405 95 24 Review
1597 2406 25 23 in
1634 2406 39 25 the
1688 2406 60 25 New
1758 2408 106 24 Zealand

1272 2435 108 31 Journal,
1392 2438 49 23 that
1451 2438 49 25 Mr.
1513 2439 23 24 J.
1547 2439 28 24 C.
1584 2439 97 25 Bidwell
1691 2440 42 24 has
1740 2441 122 31 published

1274 2478 15 15 a.
1299 2469 64 24 work
1410 2471 96 24 London
1514 2470 96 27 entitled
1767 2476 25 23 in
1803 2475 59 24 New

1435 2505 76 24 There
1526 2513 38 16 are
1572 2506 58 31 long
1641 2509 98 22 extracts
1751 2508 59 24 from
1822 2509 39 23 the

1272 2536 72 30 work,
1357 2537 26 24 of
1392 2537 73 24 which
1476 2547 40 15 our
1529 2539 100 24 London
1641 2544 171 29 contemporary
1820 2542 41 24 ob-

1274 2577 76 17 serves
1351 2583 34 4 —
1408 2572 78 31 wisely
1497 2572 145 32 disclaiming
1659 2581 46 24 any
1716 2575 144 30 pretensions

1273 2606 24 20 to
1309 2603 176 33 book-making,
1502 2605 40 24 the
1556 2606 81 24 author
1649 2606 67 24 offers
1733 2607 43 24 his.
1782 2608 78 24 obser-

1272 2637 91 25 vations
1380 2638 24 23 in
1415 2646 14 15 a
1443 2638 61 32 plain
1517 2638 45 24 and
1578 2640 106 31 pleasing
1693 2647 103 24 manner,
1816 2641 53 30 and,

1272 2669 56 31 they
1338 2676 92 25 present
1441 2671 38 24 the
1490 2672 98 30 impress
1601 2673 26 23 of

1308 2703 82 24 Under
1426 2704 98 32 Captain
1541 2705 101 24 Hobson
1652 2706 45 24 and
1712 2706 40 24 the

1274 2735 39 25 the
1325 2736 82 25 Editor
1422 2745 63 24 upon
1495 2738 146 32 introducing
1651 2746 30 16 an
1691 2740 80 23 article
1782 2748 29 15 on
1824 2740 38 25 the

1274 2776 62 17 same
1348 2770 94 31 subject,
1458 2771 69 24 taken
1533 2772 65 24 .from
1610 2780 40 15 our
1662 2772 111 30 columns,
1781 2773 80 25 makes

1274 2801 38 24 the
1333 2803 113 31 following
1473 2805 164 24 observations.
1684 2805 52 24 The
1763 2807 98 24 London

1274 2836 92 30 opinion
1383 2845 93 23 appears
1495 2841 22 19 to
1529 2837 29 24 be
1569 2838 25 23 in
1613 2838 111 32 harmony
1735 2840 55 23 with
1812 2840 50 24 that

1274 2869 26 23 of
1314 2869 59 24 Port
1389 2869 135 30 Nicholson,
1543 2873 131 30 respecting
1691 2872 39 24 the
1749 2874 80 23 merits
1838 2874 26 23 of

1271 2901 41 26 .the
1325 2902 57 24 New
1391 2903 102 25 Zealand
1503 2903 105 25 Colonial
1620 2904 128 33 Secretary.

1294 2940 39 16 The
1343 2935 168 26 following.article^-
1516 2946 24 12 on
1553 2942 31 16 the
1598 2943 116 20 suppression
1724 2944 22 17 of
1754 2944 31 17 the
1797 2945 39 21 Bay
1843 2946 21 16 of

1272 2960 78 17 Klands'
1360 2966 55 16 paper
1423 2962 18 17 is
1454 2963 47 16 from
1511 2963 32 16 the
1556 2962 47 19 New
1615 2963 89 18 Zealand
1718 2965 84 17 Gaxette.
1824 2967 38 16 Our

1272 2982 135 21 contemporary
1416 2982 17 18 is
1446 2984 51 20 quite
1510 2983 49 22 right
1570 2984 20 17 in
1603 2984 28 17 his
1645 2985 137 21 interpretation
1796 2987 21 16 of
1831 2987 30 17 the

1272 3003 68 16 statute
1347 3007 19 12 as
1373 3004 71 19 printed
1455 3005 19 16 in
1482 3004 30 17 the
1519 3007 49 15 note.
1590 3005 40 17 The
1637 3007 137 20 recognizances
1782 3008 50 16 must
1839 3009 22 15 be

1272 3023 74 17 entered
1352 3024 39 16 into
1398 3025 58 16 before
1464 3029 33 12 one
1504 3026 21 15 of
1530 3026 31 16 the
1568 3026 69 21 Judges
1644 3027 20 16 of
1668 3027 31 16 the
1707 3027 86 21 Supreme
1800 3029 60 19 Court,

1272 3043 37 17 and
1316 3043 34 18 Mr.
1358 3045 113 21 Willoughby
1478 3046 95 16 Shortland
1585 3047 33 16 has
1630 3048 32 16 not
1671 3048 33 16 the
1711 3048 47 17 least
1769 3049 91 21 authority

1272 3065 19 15 to
1296 3068 84 13 summon
1387 3066 29 16 the
1421 3066 69 21 printer
1495 3067 60 16 before
1559 3067 89 19 himself..
1660 3068 37 17 But
1704 3068 23 17 all
1731 3069 30 17 his
1768 3071 38 15 acts
1813 3070 48 17 have

1272 3086 88 16 savoured
1365 3086 20 16 of
1389 3091 11 11 a
1404 3087 68 16 morbid
1481 3088 57 16 desire
1545 3090 19 14 to
1571 3088 51 17 exalt
1625 3088 75 18 himself
1702 3090 47 16 from
1753 3090 31 17 the
1789 3091 71 17 natural

1272 3105 134 21 insignificance
1412 3107 46 16 from
1467 3108 59 16 which
1532 3108 29 16 his
1569 3109 131 19 qualifications
1708 3111 87 20 certainly
1801 3111 59 17 would

1272 3130 57 12 never
1335 3127 47 16 raise
1388 3127 50 17 him.*
1453 3128 31 16 He
1490 3128 15 17 is
1512 3128 92 20 ignorant,
1612 3130 149 20 vulgar-minded,
1774 3131 36 17 and
1817 3132 44 16 mis-

1272 3146 95 21 chievous;
1380 3149 36 16 and
1427 3148 16 17 if
1451 3148 82 17 retained
1542 3149 21 17 in
1570 3150 51 16 office
1632 3151 22 16 he
1666 3150 38 19 will
1710 3152 93 20 assuredly
1808 3153 54 20 bring

1273 3167 80 21 disgrace
1363 3173 48 16 upon
1421 3170 32 16 the
1461 3170 96 19 Governor,
1570 3175 49 16 upon
1630 3171 59 18 whom
1699 3171 25 17 all
1735 3172 28 17 his
1775 3173 85 17 blunders

1272 3190 53 15 must
1331 3189 61 16 recoil.

1307 3211 92 24 Letters
1415 3212 60 24 from
1493 3221 137 24 passengers
1651 3214 32 31 by
1706 3214 39 24 the
1766 3215 93 25 Amelia

1274 3241 14 23 2
1295 3243 113 32 hompson,
1420 3247 89 22 written
1520 3251 24 18 at
1556 3247 82 29 Bahia,
1651 3247 59 24 25th
1720 3247 76 33 April,
1815 3249 45 24 had

1272 3277 58 24 been
1342 3279 102 23 received
1455 3280 25 22 in
1491 3279 110 32 England
1615 3281 63 30 prior
1697 3285 23 19 to
1738 3281 40 25 the
1797 3283 60 26 17th

1275 3310 62 30 July.

1295 3342 76 16 Advices
1383 3342 46 17 from
1441 3342 45 18 New
1495 3343 80 18 Zealand
1586 3344 22 18 of
1616 3344 31 18 the
1659 3344 41 18 irth
1708 3345 20 17 of
1742 3346 81 21 January
1831 3351 29 13 are

1273 3363 66 19 quoted
1347 3363 23 20 by
1376 3363 31 16 the
1416 3363 67 18 Havre
1488 3364 85 18 Journal.
1580 3375 3 4 ■
1596 3365 50 21 They
1654 3366 56 17 relate
1718 3367 19 15 to
1745 3367 32 17 the
1790 3368 70 17 French

1273 3383 77 19 settlers,
1357 3383 40 17 -who
1403 3387 47 14 went
1458 3387 32 15 out
1493 3385 19 17 in
1517 3385 31 17 the
1556 3386 62 17 Comte
1626 3387 21 16 de
1652 3386 56 21 Paris,
1715 3388 62 16 which
1782 3393 30 12 are
1820 3393 40 12 now

1272 3403 110 18 established
1389 3409 22 12 on
1420 3404 66 18 Banks'
1494 3406 103 17 Peninsula.
1620 3407 54 17 Their
1681 3408 93 16 condition
1780 3408 16 17 is
1801 3414 59 15 repre-

1272 3424 65 17 sented
1347 3429 21 12 as
1379 3428 46 14 most
1433 3426 115 21 flourishing;
1563 3427 44 21 they
1612 3427 37 17 had
1662 3432 12 13 a
1684 3429 45 19 good
1741 3429 40 16 deal
1788 3430 21 16 of
1817 3430 43 17 land

1272 3445 71 17 cleared
1350 3446 37 16 and
1400 3451 62 15 sown;
1476 3447 36 17 and
1518 3448 73 19 wheat,-
1595 3448 63 21 maize,
1670 3450 78 19 tobacco,
1755 3450 58 20 vines,
1822 3451 37 20 &c,

1272 3469 49 17 grow
1328 3466 43 17 with
1378 3469 49 18 great
1434 3468 106 17 luxuriance
1548 3473 23 12 on
1578 3468 23 17 it.
1622 3469 57 17 There
1686 3469 16 18 is
1710 3475 53 16 every
1771 3475 63 14 reason
1841 3474 19 15 to

1273 3490 76 17 suppose
1356 3487 45 18 (that
1406 3487 66 22 |grapes
1488 3489 34 16 will
1530 3489 77 17 succeed
1616 3490 91 21 perfectly,
1719 3492 36 16 and
1763 3492 32 16 the
1805 3497 55 16 sugar

1272 3511 45 12 cane
1326 3507 14 16 is
1348 3508 67 21 shortly
1422 3510 19 15 to
1448 3510 21 15 be
1476 3509 80 21 planted.
1578 3510 36 17 For
1620 3515 12 12 a
1638 3511 62 21 couple
1707 3512 20 16 of
1731 3513 73 16 months
1811 3514 49 16 their

1272 3528 72 16 settlers
1352 3529 36 17 had
1395 3529 44 17 been
1446 3530 40 16 able
1493 3532 17 15 to
1518 3530 65 21 supply
1588 3531 123 20 provisionsto
1716 3533 49 21 ships
1773 3534 87 20 touching

1272 3548 72 17 Akaroa
1352 3549 43 21 Bay.
1416 3550 53 17 Some
1476 3551 36 16 coal
1520 3551 51 17 fields
1578 3551 48 17 have
1633 3553 46 16 been
1687 3553 104 17 discovered
1801 3555 20 16 in
1829 3556 31 16 the

1272 3569 60 17 island
1337 3570 20 16 of
1362 3570 199 18 Tavai-Poenaramai—
1561 3576 35 13 one
1603 3572 78 17 situated
1688 3578 23 12 on
1719 3574 63 17 Cook's
1789 3575 70 20 Straits,

1272 3594 44 12 near
1324 3589 67 21 Cloudy
1394 3591 43 21 Bay,
1444 3592 32 16 the
1484 3592 51 17 other
1542 3593 16 16 is
1566 3593 89 21 Morakai,
1662 3598 43 13 near
1713 3595 62 21 Otags.

1307 3612 50 24 The
1368 3612 100 25 Journal
1477 3615 26 23 of
1511 3614 38 24 the
1562 3616 44 26 7th
1615 3616 101 31 August,
1728 3626 132 17 announces

1273 3644 39 24 the
1321 3646 82 23 arrival
1411 3647 25 22 of
1444 3647 39 24 the
1490 3647 132 32 Brougham
1629 3649 57 24 from
1695 3650 59 24 Port
1763 3651 96 25 Nichol-

1273 3686 43 16 son
1331 3679 25 23 in
1375 3680 31 23 92
1426 3680 63 32 days,
1506 3682 107 31 carrying
1632 3682 61 24 dates
1714 3687 23 20 to
1759 3684 40 25 the
1824 3687 36 23 Ist

1274 3711 65 31 May.

1306 3746 25 23 A
1336 3745 77 31 public
1420 3747 100 30 meeting
1528 3746 44 25 had
1580 3748 61 24 been
1648 3748 54 25 held
1710 3754 24 19 at
1742 3749 117 32 Windsor,

1270 3782 26 20 to
1317 3779 101 24 consider
1439 3779 38 24 the
1495 3781 117 31 propriety
1630 3782 25 23 of
1670 3784 134 32 presenting
1821 3785 39 24 the

1271 3811 63 24 Rev.
1343 3811 48 25 Mr.
1401 3812 97 32 Selwyn,
1512 3821 42 16 one
1564 3814 26 24 of
1597 3814 40 24 the
1646 3816 108 24 assistant
1763 3816 97 26 Curates

1273 3845 27 23 of
1309 3844 57 24 New
1376 3845 116 30 Windsor,
1509 3846 52 24 who
1571 3848 22 23 is
1606 3849 120 31 appointed
1737 3850 89 32 Bishop
1837 3852 26 23 of

1273 3877 58 24 New
1342 3878 107 30 Zealand,
1467 3879 54 24 with
1538 3887 63 17 some
1619 3881 88 32 lasting
1721 3883 139 26 testimonial

1274 3911 25 23 of
1312 3910 38 24 the
1368 3917 88 26 respect
1472 3913 40 24 felt
1530 3914 97 23 towards
1643 3915 48 24 him
1709 3915 31 32 by
1757 3916 37 25 his
1814 3917 46 25 late

1272 3943 153 31 parishoners.

1916 3871 37 21 Ax
1966 3871 147 23 Irishman's
2128 3880 54 16 ple>
2190 3890 6 6 .—.
2197 3885 29 6 —
2259 3876 43 21 Are
2314 3876 120 28 you-guilty
2445 3880 22 16 or
2478 3870 12 31 $

1887 3902 39 18 not
1936 3900 65 27 guilty
2046 3901 46 21 said
2100 3903 37 20 the
2146 3903 58 20 clerk
2213 3903 26 21 of
2249 3904 92 26 arraigns
2348 3907 24 18 to
2381 3911 13 14 s
2401 3903 65 27 priio-
2480 3896 10 26 I

1888 3933 38 15 ncr
1941 3927 36 21 the
1992 3928 60 21 other
2065 3929 47 26 day.
2215 3937 47 14 sure
2362 3932 44 21 said
2423 3930 43 22 Pat,

1910 3955 56 21 what
1975 3961 36 16 are
2016 3962 42 21 you
2067 3959 39 25 put
2112 3957 99 22 therefor
2220 3958 37 21 but
2262 3960 24 19 to
2295 3959 44 21 find
2347 3959 47 21 that
2476 3950 14 37 ;|

548 53 100 32 THE
665 54 109 31 NEW
787 54 226 33 ZEALAND
1033 56 226 32 GAZETTE
1277 56 102 33 AND
1399 58 327 33 WELLINGTON
1748 55 298 37 SPECTATOR.

1289 141 39 23 the
1339 141 159 24 Government-
1503 142 25 23 in
1539 142 59 24 New
1616 143 108 29 Zealand-,
1744 143 73 31 ought
1833 149 40 18 not

1289 178 22 19 to
1319 181 28 23 go
1356 183 7 19 ;
1375 174 35 23 his
1422 174 97 24 discreet
1540 174 148 32 Excellency,
1697 176 117 24 estimates
1834 177 39 23 the

1288 207 91 23 needful
1399 211 49 19 cost
1470 207 25 23 of
1519 207 37 24 his
1578 209 91 23 various
1688 209 185 28 establishments

1288 237 67 32 (jobs
1362 239 126 33 -included)
1506 244 25 19 at
1552 248 30 15 no
1604 241 46 23 less
1674 241 56 24 than
1749 242 123 28 £50,922.

1290 272 57 22 This
1361 272 24 23 of
1399 272 68 29 itself,
1481 280 31 16 we
1525 278 100 26 suspect,
1638 275 20 21 is
1671 273 90 32 enough
1771 279 22 19 to
1799 274 74 31 finish

1288 304 47 23 him
1346 305 25 22 in
1382 305 207 31 Downing-street.

1394 342 103 20 contents
1517 338 25 25 of
1564 339 40 23 the
1815 340 58 24 have

1287 370 57 23 been
1355 370 41 24 but
1406 371 107 30 partially
1534 371 121 30 indicated,
1677 372 44 23 and
1740 380 34 15 we
1794 373 79 24 intend

1287 404 69 28 again
1368 407 22 19 to
1404 403 43 24 call
1458 405 110 22 attention
1580 409 24 18 to
1616 405 70 23 them.

1935 144 51 24 The
2008 145 123 32 Company,
2137 153 59 17 were
2215 151 24 20 to
2257 148 105 32 dispatch
2379 150 40 24 the
2439 152 47 24 first

1902 177 88 23 Nelson
2002 178 173 32 emigrant*sliip
2187 180 25 23 in
2224 181 144 31 September.

1935 209 52 24 The
2005 211 70 23 ballot
2086 211 35 24 for
2140 212 77 24 orders
2234 214 35 23 for
2286 214 55 24 land
2359 216 91 24 chocies
2460 217 26 25 .&\

1902 243 96 29 Nelson,
2010 251 47 16 was
2073 245 117 31 pospdhed
2200 246 60 24 from
2278 247 38 23 the
2328 249 65 23 -16th
2410 253 24 19 to
2452 250 34 25 the

1903 275 60 25 30th
1975 276 102 31 August.

1935 309 24 23 A
1972 308 137 25 Gentleman
2121 310 69 33 lately
2201 313 130 30 connected,
2344 322 35 16 we
2394 300 96 46 believej

1901 341 55 23 with
1977 341 38 24 the
2038 342 59 24 East
2117 343 68 24 India
2206 346 95 28 service,
2324 347 166 31 contemplated'

1901 374 138 32 purchasing
2055 383 14 16 a
2089 376 77 24 Steam
2180 377 85 25 Vessel
2284 380 162 31 immediately,
2465 379 25 29 toj

1902 407 59 23 avail
1982 407 95 25 himself
2092 409 24 23 of
2135 409 38 24 the
2194 411 89 31 bounty
2301 410 85 27 offered
2400 414 33 30 by

1903 440 57 23 New
1971 440 102 25 Zealand
2086 442 126 32 Company.
2486 437 4 40 j

129 670 168 24 SHIPPING
315 671 273 24 INTELLIGENCE.

287 721 140 31 ARRIVED.

95 754 52 21 Dec.
158 755 35 23 30,
202 754 47 26 brig
258 756 106 23 Portenia,
373 756 88 25 Frazier,
470 757 55 21 from
533 757 116 26 Molyneux

66 782 91 19 harbour
165 789 6 16 ;
186 788 67 20 cargo,
265 783 28 19 oil
303 783 40 19 and
353 783 60 21 bone.

95 809 60 19 Same
171 809 47 25 day,
234 810 59 25 sloop
308 811 67 24 Royal
394 811 99 24 William,
510 812 36 24 43,
565 813 83 24 Lovett,

65 835 55 20 from
129 832 92 23 Akaroa.

1934 662 52 24 The
1996 660 106 27 Heroine
2112 670 100 19 corvette
2230 667 25 22 of
2269 674 47 17 war
2332 675 48 17 was
2399 677 30 16 on
2448 660 42 34 the?

1901 696 92 23 station.
2485 702 5 17 fc

1936 498 51 24 The
1994 498 64 32 sloop
2065 498 78 33 Royal
2149 499 102 25 William
2260 503 89 24 arrived
2358 512 29 15 on
2396 497 89 34 Thurs-i

1902 530 43 32 day
1956 531 74 30 ni^ht,
2041 532 59 23 from
2111 533 104 24 Akaroa.
2250 534 52 24 The
2310 534 87 33 Bright
2405 532 80 29 Planei

1901 564 45 23 and
1956 562 101 33 Magnet
2067 573 59 16 were
2137 566 166 33 there,~taking
2318 569 23 23 in
2363 570 38 24 oil.
2437 571 48 24 The

1900 597 85 23 former
1994 598 75 23 vessel
2078 606 47 16 was
2136 603 23 20 to
2170 599 65 24 leave
2246 608 31 16 on
2295 601 123 34 Thursday
2434 603 51 31 last,?

1900 630 36 23 for
1947 628 45 25 this
2005 635 59 22 port.
2313 627 10 5 '
2398 639 3 3 •
2479 623 6 34 )

1901 751 3 4 .
1934 728 76 24 There
2020 736 47 17 was
2078 738 29 15 no
2119 729 59 32 hope
2197 732 25 23 of
2236 733 89 31 getting
2343 734 40 24 the
2399 734 91 25 Jewes*

1900 761 34 24 off
1947 766 24 19 at
1983 762 98 24 Perake.
2360 785 5 1 .
2486 778 4 8 ,

1933 794 51 24 The
1994 796 92 24 settlers
2094 800 24 19 at
2126 796 95 24 Akaroa
2228 805 59 16 were
2296 798 108 33 devoting
2410 801 73 24 them-

1899 828 74 23 selves
1985 833 21 18 to
2017 829 135 32 cultivating
2161 830 39 24 the
2213 831 42 23 soil
2264 840 7 20 ;
2293 832 44 23 and
2356 833 59 23 their
2432 842 52 23 gar-

1898 860 57 24 dens
1966 868 58 17 were
2035 862 95 31 looking
2140 863 59 25 well.

1933 893 51 24 The
1994 894 80 32 Royal
2086 895 101 25 William
2199 896 46 25 will
2265 897 43 24 sail
2327 898 37 24 for
2381 898 102 33 Akaroa,
2486 891 4 37 \

1898 927 56 23 with
1964 928 108 23 supplies,
2086 929 22 22 in
2121 937 14 14 a
2145 929 43 22 few
2199 929 65 22 days.
2486 931 4 20 f

300 882 112 20 SAILED.

93 914 116 21 December
218 916 34 23 29,
263 918 67 18 cutter
340 917 62 25 yacht
411 915 118 28 Albatross,
548 919 25 21 75
591 921 55 26 tons,

66 942 94 23 Dowdle,
168 942 34 20 for
211 942 82 20 Hobart
300 943 71 21 Town.

93 969 52 20 Dec.
163 969 34 24 31,
217 969 116 26 brigantine
355 972 79 24 Triton,
454 971 69 25 Buck,
544 973 33 20 for
595 973 53 20 New

65 995 120 26 Plymouth.
218 996 122 27 Passengers
340 1009 28 4 —
369 998 51 21 Rev.
437 999 22 21 J.
476 999 115 21 Steventon
606 1001 42 19 and

63 1023 57 25 kdy.

93 1050 59 20 Same
161 1050 47 26 day,
220 1051 47 26 ship
276 1051 65 25 Aral,
355 1053 49 23 484,
416 1053 96 25 Sumner,
524 1055 35 20 for
569 1055 69 20 India.

1931 983 45 23 We
1992 983 58 25 have
2060 992 52 16 now
2122 985 121 31 published
2255 986 38 24 the
2308 987 74 25 whole
2402 989 26 23 of
2446 987 44 31 the|

1899 1016 105 24 evidence
2017 1018 69 30 given
2102 1018 76 24 before
2198 1018 38 24 the
2247 1019 65 32 Jury,
2326 1015 162 38 empaiinelled'

1898 1053 23 19 to
1933 1049 56 23 seek
2000 1049 39 24 the
2051 1058 67 16 cause
2138 1051 25 23 of
2183 1051 40 24 the
2241 1052 68 24 death
2326 1054 49 24 Mr.
2398 1055 81 25 Milne.

1898 1081 51 24 The
1960 1082 46 23 last
2014 1084 91 30 portion
2116 1092 46 15 was
2172 1086 105 23 received
2288 1086 58 24 after
2357 1088 39 23 the
2404 1089 79 31 period

1898 1114 49 24 that
1957 1122 34 16 we
2003 1123 37 16 are
2052 1116 90 32 obliged
2152 1121 23 20 to
2187 1118 68 24 make
2264 1127 41 16 our
2312 1126 169 26 arrangements
2488 1118 2 7 '

1897 1147 35 24 for
1942 1147 41 27 the.
1992 1149 140 31 publication
2144 1150 25 24 of
2185 1159 42 16 our
2237 1160 78 23 paper,
2326 1153 75 24 which
2412 1154 21 23 is
2444 1154 37 24 the

1897 1189 67 16 cause
1977 1182 25 23 of
2016 1190 30 16 no
2058 1188 126 20 comments
2196 1187 180 31 accompanying
2382 1187 30 24 its
2423 1187 63 31 pub-i

1896 1213 100 25 lication.
2161 1218 22 17 .'
2201 1223 4 4 •
2296 1227 3 3 •
2339 1226 8 3 -

290 1106 30 16 IN
336 1106 81 17 PORT.

120 1132 105 17 Schooner
233 1132 66 22 Anne,
305 1132 57 19 Joss.

120 1156 80 23 Barque
213 1157 62 22 Tijne,
286 1157 122 22 Robertson,

192 1194 1 5 ■
206 1184 123 25 Middlesex,
339 1185 91 22 Salmon.

118 1210 75 21 Cutter
205 1212 114 21 Pickwick,
331 1213 92 23 Guillan.

118 1238 50 26 Ship
178 1239 120 24 Mandarin,
309 1239 70 21 Yuile.

117 1265 82 26 Barque
208 1266 99 24 Matilda,
318 1267 98 22 Roberts.

117 1292 106 20 Schooner
232 1294 76 23 Fidele,
319 1294 94 22 Salvator
424 1296 94 21 Cemino.

117 1319 82 26 Barque
209 1321 71 24 Regia,
292 1321 74 21 Bruce.

116 1347 123 25 Brigantine
247 1349 109 25 Munford,
369 1349 60 26 Kyle.

117 1373 106 21 Schooner
232 1376 71 23 Mana,
315 1376 87 20 Barker.

113 1401 51 26 Brig
173 1402 100 20 Portenia
292 1403 88 20 Frazier.

117 1428 63 26 Sloop
188 1430 68 24 Royal
266 1430 98 24 William,
376 1430 82 22 Lovett.

1930 1265 51 24 The
2003 1266 31 24 oil
2055 1267 83 24 landed
2159 1268 60 24 from
2239 1269 39 24 the
2296 1270 77 24 wreck
2396 1270 26 25 of
2445 1271 37 25 the

1898 1297 117 31 Win'joick,
2027 1307 45 16 was
2085 1300 50 24 sold
2152 1309 30 15 on
2199 1302 40 23 the
2255 1302 73 24 beach
2351 1308 24 18 at
2394 1303 87 32 Lyall's

1895 1331 58 32 Bay,
1965 1332 36 24 for
2011 1333 54 24 £15
2079 1336 53 22 10s.
2144 1341 40 25 per
2195 1339 50 20 tun.
2292 1335 52 24 The
2352 1336 75 25 wreck
2438 1339 43 24 and

1895 1365 104 24 sundries
2026 1366 126 32 belonging
2178 1371 23 20 to
2224 1368 40 24 the
2285 1370 76 23 vessel
2384 1370 96 26 realized

1895 1398 68 24 about
1974 1399 79 24 £500.
2098 1400 77 24 These
2185 1402 75 30 prices
2271 1402 36 23 far
2319 1404 113 23 exceeded
2443 1404 44 26 the,

1893 1436 61 19 rates
1964 1432 74 24 which
2045 1434 73 22 it-was
2126 1434 113 30 supposed
2246 1436 75 22 would
2329 1436 28 24 be
2366 1437 113 25 obtained.

336 134 238 28 Surveyor-Genernl's
579 135 73 27 'office,
654 134 4 13 1

416 161 56 22 Dec.
482 162 33 26 24,
526 163 60 20 1841.

72 193 146 22 -VTOTrCE
239 194 26 21 IS
291 193 123 22 HEREBY
432 194 111 27 .GIVEN,
562 195 48 21 that
624 201 29 15 no

73 215 44 27 JLI
139 220 64 21 lands
214 220 42 21 will
267 221 26 21 be
311 221 85 20 offered'
407 221 35 21 for
449 220 117 22 -selection
582 221 23 21 in
616 221 37 21 the

72 248 48 20 first
137 247 44 21 and
206 247 107 26 principal
338 247 134 26 settlement,
493 254 29 14 on
547 247 36 22 the
587 255 2 6 1
607 247 46 21 first

72 273 116 27 Thursday
197 273 23 21 in
231 273 106 27 January.

275 306 35 21 W.
320 307 34 20 M.
360 307 86 26 .Smith,
458 307 63 27 Capt.
531 307 68 26 R.A:,

425 340 226 27 Surveyor-General.

178 383 55 22 New
247 383 98 22 Zealand
362 384 134 29 Company's
514 385 113 26 Principal

301 410 115 27 .-Agent's
429 411 79 26 Ofhce,

231 443 143 27 Wellington,
386 444 96 21 October
491 446 19 25 8,
522 446 61 21 1841.

70 477 124 47 BILLS,
207 480 22 18 at
246 477 67 26 thirty
322 477 62 31 days'
400 477 64 27 sight,
482 478 75 22 drawn
574 478 30 27 by
615 478 38 22 the

147 503 110 27 Principal
272 504 75 26 Agent
361 511 29 14 on
401 504 36 21 the
448 505 116 26 Secretary
578 505 26 22 of
616 505 36 21 the

69 529 56 22 New
140 529 101 21 Zealand
257 530 121 27 Company,
397 531 101 27 London,
510 538 41 15 can
567 531 28 22 be
608 532 44 21 had

69 564 29 13 on
108 556 134 27 application
251 560 22 18 at
282 556 37 22 the
329 557 70 21 above
408 557 73 21 office.

311 583 28 21 D.
354 583 80 27 Lewis,

266 608 65 22 Clerk
341 612 21 19 to
373 609 37 22 the
422 610 108 27 Principal
542 610 82 27 Agent.
