2529 4029
1884 3847 72 17 Printed
1969 3847 38 17 and
2019 3847 97 21 published
2133 3853 47 19 every
2195 3850 166 22 Wednesday'and
2371 3854 90 18 Saturday

1901 3868 90 21 morning,
2006 3868 23 20 by
2048 3869 85 17 Samuel
2143 3868 91 22 BevaSisV
2243 3874 20 14 at
2277 3873 31 17 the
2324 3873 55 17 Office
2394 3874 21 17 of
2425 3876 33 15 tne

1902 3889 49 17 New
1964 3889 99 17 Zeaiand
2074 3890 89 17 Gazette
2169 3896 42 12 and
2225 3892 134 19 WeiiiNgton
2375 3895 85 17 Ssecta-

1901 3914 44 14 tor,
1956 3909 157 23 Manners-street,
2122 3911 107 23 Wellington
2241 3914 43 17 Port
2296 3914 105 23 Nicholson,
2411 3914 51 20 NeW

1902 3931 85 14 Zealand.

514 42 98 31 THE
628 42 110 31 NEW
755 41 234 32 ZEALAND,
1000 41 223 32 GAZETTE
1240 40 100 31 AND
1358 37 328 33 WELLINGTON
1708 36 289 31 SPECTATOR.

1266 121 80 48 LA
1355 119 132 24 ND.AG
1496 118 80 23 ENC
1585 118 12 22 I
1607 118 20 22 E
1690 117 40 22 TO
1754 117 96 22 LAND-

1319 146 3 5 '
1342 145 182 23 HOLDERS.—
1523 145 48 22 The
1589 143 157 28 Undersigned
1762 144 44 26 beg
1827 146 23 21 to

1266 174 60 21 offer.
1329 172 134 23 themselves
1472 174 23 19 to
1503 171 59 22 their
1571 170 85 23 friends
1666 170 45 21 and
1724 170 38 21 the
1777 169 83 28 public'

1267 207 23 14 as
1300 200 87 26 Agents
1395 198 35 22 for
1439 198 38 21 the
1487 197 96 27 disposal
1590 195 102 24 of'Tbwn
1701 196 46 22 and
1754 196 97 27 Country

1266 225 87 27 Lands,'
1361 224 45 23 and
1414 227 58 19 trust
1480 224 58 21 their
1548 223 96 22 colonial
1654 223 139 26 experience,
1800 230 51 19 may

1267 252 78 22 entitle
1354 252 62 21 them
1425 254 23 18 to
1458 258 14 14 a
1483 250 65 22 share
1557 250 27 21 of
1593 250 39 21 the
1640 249 78 31 public!
1724 252 125 25 patronage.

1292 284 65 27 They
1366 284 47 22 will
1419 284 29 22 be
1456 276 108 35 iiappy'to
1573 289 94 20 arrange
1680 283 35 21 for
1724 282 45 21 and
1778 289 74 20 super-

1266 311 81 22 intend
1355 310 38 22 the
1402 317 92 19 surveys
1501 310 46 21 and
1553 309 159 22 sub-divisions
1718 309 26 22 of
1750 308 37 22 the
1792 308 59 22 land.
1860 329 3 4 ,

1268 338 91 21 Liberal
1368 337 110 21 advances
1487 336 46 22 will
1545 336 29 21 be
1588 336 65 21 made
1664 343 30 14 on
1702 335 65 22 lands
1775 334 88 28 placed-

1268 364 23 22 in
1301 364 58 21 their
1367 363 73 21 hands
1446 363 34 21 for
1487 362 54 22 sale.
1569 362 64 28 They
1639 362 99 22 willalso
1744 362 28 21 be
1781 368 71 20 nappy
1858 372 3 4 •

1269 394 22 18 to
1301 390 66 22 assist
1376 390 134 27 proprietors
1519 389 24 21 in
1552 388 87 28 leasing
1647 388 60 22 their
1714 388 73 22 lands'.

1550 421 63 22 John
1623 421 45 22 and
1678 421 59 22 Geo.
1746 421 79 22 Wade.

1346 467 132 26 Building
1491 461 171 26 Allotments
1675 467 30 19 to
1719 466 59 21 Let.

1271 499 91 49 THE
1381 498 199 23 ADVERTISER
1593 498 67 22 offers
1673 505 63 20 upon
1750 498 105 26 Building

1346 526 88 26 Leases,
1445 533 14 14 a
1467 525 95 22 number
1573 524 26 22 of
1609 525 70 21 Town
1686 524 134 22 Allotments
1829 525 24 21 in

1270 551 38 27 £gf
1317 556 61 18 most
1386 552 107 22 desirable
1501 555 62 24 parts
1573 551 27 23 of
1609 551 50 21 this.
1663 551 138 22 Settlement.

1284 598 3 5 ,
1296 579 50 23 The
1364 579 110 22 attention
1489 579 27 21 of
1532 578 39 21 the
1587 578 76 27 public
1671 578 27 21 -is
1713 578 147 31 particularly,
1860 586 3 8 1

1271 606 73 22 called
1361 609 24 18 to
1403 605 38 23 the
1458 605 125 27 advantage
1602 604 26 22 of
1644 604 106 28 Building
1766 604 87 28 Leases,

1267 633 77 21 ■which
1353 632 37 22 the
1399 631 153 27 undersigned
1558 632 20 20 is
1588 630 96 22 enabled
1692 634 23 18 to
1724 634 71 24 grant,
1803 631 50 27 viz.,

1270 659 58 22 from
1338 666 69 14 seven
1416 661 23 19 to
1454 659 146 26 twenty-one'
1609 665 73 19 years,
1699 657 117 27 according
1831 661 22 18 to

1271 686 38 21 the
1326 685 66 22 value
1411 685 26 21 of
1456 685 38 21 the
1516 684 115 26 buildings
1651 684 110 28 proposed
1783 687 22 18 to
1825 684 29 22 be

1272 712 96 22 erected.
1397 711 76 28 Apply,
1482 714 23 18 to

1434 741 11 18 J
1451 754 5 5 .
1469 738 28 21 T.
1512 737 146 26 Wicksteed,
1670 744 26 14 or
1705 751 2 4 .

1433 764 36 22 W.
1484 764 29 22 V.
1527 764 108 26 Brewer,
1649 764 191 21 Manners-street.

1272 811 122 25 Country
1407 809 124 21 Sections
1552 809 41 20 for
1613 808 60 20 Sale
1694 814 37 14 on
1749 807 105 21 Liberal

1501 846 3 5 ■
1516 836 102 20 Terms.

1275 869 162 50 SEVERAL
1472 869 102 22 Sections
1586 868 42 22 •of
1658 868 99 27 Country
1784 866 69 31 Land,

1338 896 90 27 already
1438 895 82 23 chosen
1528 896 26 21 in
1562 895 40 22 the
1614 895 93 22 Porirua
1721 894 89 28 district,
1820 894 35 21 for

1273 923 57 27 Sale,
1341 930 75 14 terms
1425 929 105 15 liberal.
1559 922 77 26 Apply
1644 925 24 18 to

1368 955 24 21 F.
1407 955 30 21 A.
1451 955 171 25 Molesworth,
1639 953 181 27 Murphy-street,
1830 960 25 14 or

1367 982 36 21 W.
1418 981 28 21 V.
1457 981 112 26 -Brewer,'
1579 980 193 22 Manners-street.

1381 1026 69 20 New
1463 1025 122 21 Zealand
1601 1025 147 24 Company.

1275 1059 91 49 THE
1383 1058 101 22 COURT
1498 1058 46 22 OF-
1557 1057 175 22 DIRECTORS
1743 1057 39 22 OF
1794 1057 62 22 THE

1348 1085 75 23 NEW
1439 1085 151 22 ZEALAND
1606 1083 153 23 COMPANY
1773 1084 82 27 hereby

1273 1113 51 27 give
1333 1113 82 26 notice,
1426 1112 49 21 that
1484 1112 54 26 they
1546 1112 59 21 have
1614 1110 104 23 reserved
1726 1110 39 22 for.
1774 1110 43 23 sale
1832 1113 23 19 to

1273 1146 93 21 persons
1374 1140 98 21 resident
1480 1139 23 21 in
1514 1139 57 21 New
1587 1137 101 22 Zealand
1705 1145 26 14 or
1743 1137 39 22 the
1797 1138 59 21 Aus-

1274 1166 107 22 tralasian
1390 1166 110 26 Colonies,
1511 1167 44 19 two
1560 1164 105 22 hundred
1670 1164 26 22 of
1702 1164 38 21 the
1747 1164 109 21 thousand

1275 1193 127 21 allotments
1414 1192 132 22 mentioned
1560 1192 25 21 in
1600 1191 38 22 the
1653 1190 90 28 printed
1780 1191 76 22 Terms

1274 1220 35 21 for
1331 1219 112 22 Purchase
1461 1220 27 20 of
1626 1218 25 21 in
1668 1218 39 21 the
1724 1218 131 27 Company's

1275 1246 83 22 second
1368 1246 133 26 settlement,
1514 1246 95 26 bearing
1619 1244 51 23 date
1685 1244 57 22 New
1757 1244 99 22 Zealand

1275 1273 85 27 House,
1376 1272 52 22 15th
1444 1272 113 27 February
1573 1272 60 26 IS4I,
1648 1272 74 26 copies
1741 1271 26 21 of
1785 1270 71 23 which

1275 1307 52 20 may
1343 1300 28 20 be
1390 1299 105 21 obtained
1519 1303 23 17 at
1559 1298 39 22 the
1617 1298 237 27 Surveyor-General's

1276 1326 70 27 office,
1357 1325 144 28 Wellington.

1302 1352 73 22 These
1383 1354 42 20 200
1433 1352 138 22 allottments
1579 1351 58 22 have
1652 1351 58 22 been
1728 1351 89 22 entered
1830 1352 24 21 in

1275 1379 38 21 the
1322 1379 99 27 registry-
1426 1380 26 20 of
1462 1378 147 33 applications
1617 1378 72 22 under
1698 1378 38 21 the
1751 1378 104 22 numbers

1274 1407 40 20 401
1326 1409 23 18 to
1365 1407 39 21 600
1422 1405 56 23 both
1489 1405 117 27 inclusive,
1627 1405 45 22 and
1689 1404 38 22 the
1745 1404 68 28 rights
1832 1405 27 22 of

1275 1432 77 22 choice
1359 1433 24 21 in
1390 1435 88 25 respect
1486 1432 26 22 of
1525 1432 37 21 the
1581 1431 49 22 said
1644 1432 107 21 numbers
1767 1431 43 22 will
1826 1432 28 21 be

1276 1459 139 22 determined
1422 1460 31 26 by
1461 1459 33 22 lot
1502 1459 25 21 in
1540 1458 104 28 England
1654 1465 25 15 as
1686 1458 26 22 in
1722 1458 38 21 the
1768 1465 47 15 case
1832 1458 27 22 of

1275 1486 30 22 all
1313 1486 39 21 the
1363 1486 63 21 other
1435 1485 135 23 allotments.

1311 1512 124 28 Intending
1456 1512 132 28 purchasers
1607 1512 26 21 of
1649 1511 63 22 these
1730 1511 125 22 allotments

1275 1542 59 19 must
1345 1539 85 28 deposit
1438 1539 39 22 the
1486 1538 71 23 whole
1573 1538 200 28 purchase-money
1788 1538 22 27 (i
1810 1538 46 27 6300

1274 1566 35 21 for
1319 1566 63 26 each)
1392 1566 48 22 into
1451 1573 44 19 any
1505 1565 26 22 of
1543 1565 38 22 the
1590 1565 58 22 local
1656 1564 111 23 branches
1783 1566 25 21 of
1817 1565 37 22 the

1275 1593 76 21 Union
1360 1592 66 22 Bank
1435 1592 26 22 of
1479 1592 115 22 Australia
1600 1599 6 20 ;
1622 1592 46 21 and
1684 1599 29 14 on
1728 1592 128 27 presenting

1275 1627 25 14 or
1308 1620 151 26 transmitting
1468 1622 23 19 to
1504 1619 39 22 the
1559 1619 135 27 Company's
1708 1618 75 28 acting
1796 1619 60 27 prin-

1275 1646 57 28 cipal
1341 1650 68 23 agent
1416 1646 24 21 in
1450 1646 56 22 New
1516 1645 107 27 Zealand,
1634 1648 23 19 at
1666 1646 53 21 Port
1727 1644 127 28 Nicholson,

1275 1680 30 14 an
1314 1672 192 28 acknowlegment
1512 1672 26 22 of
1545 1672 38 21 the
1590 1672 83 27 receipt
1679 1672 26 22 of
1710 1671 55 22 such
1772 1671 84 28 deposit

1273 1700 31 26 by
1313 1700 37 21 the
1360 1700 72 27 Bank,
1449 1699 37 22 the
1501 1698 119 28 depositor,
1635 1706 25 15 or
1673 1699 35 21 his
1722 1701 73 24 agent,
1811 1699 45 21 will

1273 1726 88 22 receive
1371 1726 58 22 from
1438 1726 38 21 the
1481 1726 135 27 Company's
1621 1725 49 22 said
1676 1724 109 28 principal
1792 1728 64 24 agent

1274 1760 13 14 a
1305 1753 90 22 written
1414 1752 136 23 declaration
1568 1752 27 21 of
1611 1752 38 21 the
1665 1752 96 21 number
1775 1752 25 21 in
1816 1752 38 21 the

1273 1780 96 27 registry
1379 1780 26 21 of
1415 1779 145 27 applications
1569 1778 104 22 awarded
1681 1781 24 19 to
1718 1778 55 21 such
1790 1778 70 28 depo-'

1273 1806 59 26 sitor,
1345 1806 54 22 with
1408 1813 29 14 an
1444 1806 150 26 undertaking
1600 1808 23 19 to
1630 1805 83 22 deliver
1717 1804 38 22 the
1762 1805 93 22 sections

1273 1832 76 26 which,
1355 1832 56 23 such
1419 1832 111 28 depositor
1540 1839 25 14 or
1574 1832 35 22 his
1618 1835 68 23 agent
1694 1839 53 19 may
1756 1831 65 22 select
1830 1832 24 21 in

1272 1862 88 23 respect
1370 1859 25 22 of
1407 1859 37 22 the
1453 1859 60 27 right
1523 1859 26 22 of
1560 1858 77 22 choice
1645 1858 80 28 falling
1740 1858 30 27 by
1786 1858 30 22 lot
1831 1862 23 18 to

1273 1886 54 21 such
1337 1886 96 21 number
1440 1886 24 21 in
1474 1886 38 21 the
1521 1886 101 26 registry.

1300 1912 48 22 The
1357 1912 105 22 numbers
1471 1913 25 21 in
1504 1912 39 21 the
1552 1912 94 26 registry
1660 1911 45 22 will
1713 1911 28 22 be
1754 1912 100 21 awarded

1273 1939 87 27 strictly
1368 1940 24 20 in
1402 1939 38 21 the
1451 1939 64 21 order
1525 1938 27 22 of
1561 1938 39 21 the
1609 1938 151 27 presentation
1771 1938 24 21 of
1802 1938 52 22 such

1274 1965 86 28 deposit
1368 1966 94 26 receipts
1472 1969 23 18 to
1505 1965 38 22 the
1553 1965 134 27 Company's
1694 1964 48 23 said
1748 1964 107 28 principal

1273 1995 74 23 agent.

1301 2018 26 21 In
1339 2025 49 14 case
1399 2017 95 27 deposits
1504 2017 81 22 should
1592 2017 29 21 be
1631 2017 65 22 made
1705 2017 35 21 for
1749 2023 13 15 a
1770 2020 84 23 greater

1273 2044 96 21 number
1379 2044 25 21 of
1417 2044 129 22 allotments
1558 2044 56 21 than
1630 2043 37 22 the
1683 2045 42 20 200
1740 2043 76 27 placed
1832 2047 23 18 at

1273 2070 37 22 the
1322 2071 94 27 disposal
1433 2071 25 22 of
1475 2071 38 21 the
1529 2071 136 27 Company's
1681 2074 68 22 agent
1762 2070 25 21 in
1800 2070 54 23 New

1273 2097 107 27 Zealand,
1391 2097 142 27 .the*deposit
1541 2098 96 26 receipts
1644 2097 26 21 in
1678 2100 88 24 respect
1775 2097 26 21 of
1811 2104 44 20 any

1273 2124 55 21 such
1338 2128 64 17 extra
1411 2124 127 22 allotments
1548 2124 45 21 will
1602 2127 40 18 not
1650 2124 29 21 be
1689 2123 111 27 accepted,
1811 2124 43 21 and

1273 2150 37 22 the
1320 2150 72 23 whole
1402 2154 93 18 amount
1504 2150 26 22 of
1541 2150 38 22 the
1586 2150 87 27 deposit
1682 2150 45 21 will
1733 2150 28 21 be
1769 2154 89 18 return-

1274 2177 27 22 ed
1310 2180 22 19 to
1343 2177 39 22 the
1392 2177 117 27 depositor,
1524 2177 54 22 with
1586 2178 94 21 interest
1688 2180 24 18 at
1719 2176 38 22 the
1767 2181 88 18 current

1273 2207 48 18 rate
1339 2204 27 21 of
1385 2204 94 21 interest
1495 2211 30 14 on
1544 2204 96 27 deposits
1658 2203 94 22 allowed
1769 2204 31 27 by
1816 2204 38 22 the

1273 2230 77 23 Union
1359 2230 65 22 Bank
1433 2230 26 22 of
1470 2230 122 23 Australia.

1300 2257 36 22 No
1347 2257 86 28 deposit
1441 2258 95 26 receipts
1546 2257 46 22 will
1599 2257 29 22 be
1637 2258 105 27 accepted
1753 2258 56 21 after
1816 2258 38 21 the

1274 2284 135 27 Company's
1430 2284 110 27 principal
1557 2287 68 23 agent
1640 2285 26 21 in
1684 2284 57 23 New
1759 2284 97 23 Zealand

1273 2311 57 22 shall
1339 2311 56 22 have
1404 2310 93 23 learned
1505 2311 50 22 that
1564 2311 38 22 the
1612 2311 100 27 drawing
1728 2311 26 22 of
1764 2312 42 21 lots
1820 2312 36 23 for

1272 2338 94 27 priority
1376 2338 25 21 of
1411 2338 83 27 choice,
1504 2338 42 21 has
1555 2338 67 21 taken
1635 2338 63 28 place
1712 2338 24 21 in
1745 2338 109 27 England.

1300 2364 23 22 It
1331 2365 19 21 is
1368 2364 114 28 expressly
1499 2364 127 28 stipulated,
1645 2365 49 22 that
1713 2365 30 22 all
1762 2365 94 28 deposits

1273 2391 46 22 and
1327 2391 145 27 applications
1479 2391 57 22 shall
1545 2392 28 21 be
1581 2392 66 21 made
1665 2392 85 26 subject
1764 2395 24 19 to
1802 2392 54 22 such

1272 2418 137 26 regulations
1418 2425 24 14 as
1451 2417 57 22 have
1517 2418 65 28 been,
1597 2425 25 15 or
1635 2425 52 21 may
1700 2419 110 22 hereafter
1818 2420 36 26 be,

1273 2444 66 22 made
1348 2444 32 26 by
1388 2444 38 22 the
1447 2444 122 32 Company,
1589 2445 36 22 for
1641 2445 39 22 the
1700 2446 95 26 disposal
1811 2448 45 19 and

1272 2471 55 22 final
1336 2467 99 31 delivery
1443 2471 25 22 of
1473 2471 146 29 preliminary
1627 2472 66 22 lands
1698 2472 24 22 in
1730 2472 37 23 the
1774 2472 82 23 second

1272 2498 135 23 settlement.

1381 2525 34 27 By
1425 2524 64 23 order
1499 2524 26 22 of
1535 2525 39 22 the
1584 2525 74 28 Court,

1516 2552 26 22 F.
1557 2552 92 22 Dillon
1663 2553 70 27 Bell,

1603 2579 116 27 Secretary
1727 2587 40 20 pro
1776 2582 52 20 tern.

1273 2605 56 22 New
1343 2605 99 22 Zealand
1453 2605 86 27 Housed

1327 2632 103 27 London,
1440 2632 60 22 22nd
1509 2632 73 28 April,
1594 2633 61 21 1841.

1367 2677 92 21 Union
1472 2677 81 21 Bank
1566 2677 31 21 of
1614 2677 148 21 Australia.

1273 2711 96 22 London
1387 2711 92 26 Office,
1494 2711 46 21 No.
1553 2712 37 25 33,
1608 2711 51 22 Old
1674 2711 182 23 Broad-street.

1327 2744 94 27 Capital,
1431 2744 122 27 £800,000;
1573 2744 53 27 paid
1634 2751 38 20 up,
1687 2744 117 28 £500,000.

1506 2782 122 12 directors:
1640 2778 3 6 '

1379 2806 68 20 George
1454 2805 39 17 Fife
1500 2805 67 21 Angas,
1575 2806 50 20 Esq.,

1379 2827 67 16 Robert
1453 2826 74 19 Brooks,
1538 2826 48 20 Esq.,
1627 2825 6 3 ~
1663 2827 3 4 '
1679 2836 3 5 .

1379 2848 60 16 James
1447 2846 48 18 John
1503 2847 100 19 Cummins,
1611 2847 49 20 Esq.,

1379 2868 67 16 Robert
1454 2867 96 20 Gardener,
1560 2868 51 20 Esq.,
1614 2867 10 21 '
1624 2867 119 21 Manchester,

1379 2888 48 17 John
1435 2888 51 20 Gore,
1495 2888 50 20 Esq.,

1379 2909 48 16 John
1433 2908 80 17 William
1520 2909 75 19 Buckle,
1601 2909 48 21 Esq.,

1379 2930 95 19 Benjamin
1480 2930 22 15 E.
1508 2929 65 20 Lindo,
1580 2930 49 19 Esq.,

1379 2951 72 15 Charles
1459 2950 76 16 Edward
1543 2950 87 21 Mangles,
1639 2951 48 20 Esq.,

1379 2971 114 20 Christopher
1500 2971 83 20 Rawson,
1592 2971 48 20 Esq.,
1652 2971 82 21 Halifax,

1379 2992 77 16 Thomas
1463 2992 64 19 Sands,
1535 2992 49 19 Esq.,
1592 2991 100 22 Liverpool,

1379 3013 60 16 James
1446 3012 55 21 Bogle
1510 3012 64 19 Smith,
1580 3013 50 19 Esq.,

1378 3034 61 16 James
1446 3033 80 17 Ruddell
1532 3033 57 20 Todd,
1597 3033 43 20 Esq.

1273 3062 86 16 Trustees
1364 3065 5 13 :
1385 3061 80 16 George
1476 3060 56 17 Carr
1544 3060 61 20 Gi.ts,
1617 3061 48 20 Esq.,
1675 3061 54 17 John
1741 3062 60 20 Gore,
1809 3062 48 21 Esq.,

1418 3081 37 17 and
1461 3081 67 17 James
1534 3081 19 17 J.
1559 3081 102 20 Cummins,
1670 3082 43 20 Esq.

1299 3109 83 17 Bankers
1386 3113 5 12 :
1402 3109 76 16 Messrs.
1485 3109 61 19 Glyn,
1557 3108 115 21 Hallifax,
1680 3109 71 21 Mills,
1759 3110 36 16 and
1802 3110 28 17 Co.

1303 3132 3 8 1
1369 3153 4 4 .
1392 3137 100 20 Secretary:
1504 3137 84 16 Samvel
1593 3137 96 20 Jackson,
1696 3137 44 21 Esq.

1364 3164 80 17 Colonial
1449 3163 104 22 Inspector:
1564 3163 18 17 J.
1590 3164 19 16 C.
1615 3164 103 21 M'Lahen,
1726 3165 43 20 Esq.

1393 3212 69 20 New
1480 3212 124 20 Zealand
1621 3212 116 21 Branch.

1272 3245 53 17 Local
1331 3246 92 16 Directors
1429 3250 4 12 :
1449 3245 47 17 Geo.
1507 3245 19 16 S.
1536 3245 74 19 Evans,
1622 3245 49 21 Esq.,
1682 3245 70 21 D.C.L.,
1764 3247 36 17 and
1811 3247 45 17 Geo.

1491 3265 93 20 Hunter,
1595 3266 44 20 Esq.

1272 3286 87 22 Manager
1364 3292 4 12 :
1380 3286 48 17 John
1435 3286 71 19 Smith,
1515 3286 49 20 Esq.,
1572 3286 37 17 late
1616 3287 21 16 of
1643 3287 32 16 the
1682 3287 118 18 Commercial
1804 3288 52 17 Bank

1439 3307 20 17 of
1468 3307 89 20 England,
1569 3307 122 18 Manchester.

1381 3334 114 23 Branches
1505 3338 24 18 at
1545 3335 96 28 Sydney,

1544 3356 89 28 ifobart
1640 3363 79 27 Town,'

1545 3388 148 29 Launceston,
1705 3389 45 23 and

1544 3415 55 21 I'ort
1606 3415 81 28 Philip.

1272 3442 54 22 Port
1333 3441 131 28 Nicholson,
1476 3441 80 23 March
1566 3443 34 26 24,
1611 3443 62 22 1840.

1273 3495 91 49 THE
1380 3495 114 22 Directors
1510 3495 27 21 of
1552 3495 39 22 the
1607 3495 57 23 New
1679 3496 101 23 Zealand
1793 3498 63 22 Land

1347 3523 116 26 Company
1476 3521 84 28 hereby
1576 3521 52 28 give
1642 3523 82 26 notice,
1741 3524 50 22 that
1803 3525 53 28 they

1271 3548 58 22 have
1334 3556 114 14 effected
1458 3556 29 14 an
1498 3556 172 15 arrangement
1677 3550 54 22 with
1737 3550 37 22 the
1782 3551 73 23 Union

1271 3575 65 22 Bank
1351 3575 27 22 of
1392 3575 120 27 Australia,
1528 3575 45 22 No.
1590 3577 33 25 38,
1638 3576 45 22 Old
1698 3577 156 29 Broad-street,

1272 3601 102 28 London,
1385 3602 34 22 for
1428 3602 37 21 the
1478 3601 168 23 establishment
1660 3603 26 22 of
1698 3611 14 14 a
1727 3604 128 23 BRANGH

1272 3628 88 22 BANK
1375 3629 35 21 IN
1423 3628 73 22 NEW
1508 3628 159 29 ZEALAND,
1680 3630 96 28 through
1786 3631 70 23 which

1271 3655 38 21 the
1317 3655 102 22 business
1432 3655 26 21 of
1470 3655 38 22 the
1525 3655 57 23 New
1598 3655 101 23 Zealand
1711 3657 66 23 Land
1792 3659 64 22 Com-

1270 3688 61 21 pany
1339 3682 47 22 will
1392 3682 29 22 be
1430 3681 135 23 transacted.
1593 3682 54 25 The.
1655 3683 114 23 Directors
1785 3685 71 22 there-

1270 3708 49 22 fore
1327 3709 145 21 recommend
1480 3712 23 18 to
1520 3709 111 22 Colonists
1645 3709 39 23 the
1700 3710 76 23 Union
1792 3712 64 22 Bank

1272 3735 26 21 of
1315 3735 114 21 Australia
1446 3742 24 15 as
1487 3742 31 16 an
1543 3735 169 23 establishment
1731 3739 125 28 possessing

1271 3761 56 22 their
1344 3762 70 22 entire
1437 3762 137 27 confidence,
1593 3763 46 21 and
1657 3763 50 23 able
1725 3767 23 19 to
1765 3765 90 26 provide

1271 3788 126 28 effectually
1411 3788 35 22 for
1461 3789 38 22 the
1512 3789 108 23 financial
1632 3793 71 19 wants
1720 3791 26 22 of
1756 3791 37 22 the
1809 3792 47 23 first

1270 3815 135 23 settlement.

1437 3841 35 28 By
1482 3841 66 23 order
1556 3842 27 22 of
1592 3842 38 22 the
1640 3843 80 28 Board,

1513 3869 87 22 JOHN
1613 3869 103 28 WARD,
1733 3871 120 29 Secretary.

1270 3895 57 23 New
1335 3895 101 23 Zealand
1445 3895 65 23 Land
1519 3896 135 28 Company's
1664 3897 77 28 Office,

1298 3924 19 26 1,
1327 3922 160 27 Adam-street,
1498 3922 106 29 Adelphi,
1614 3923 53 24 27th
1675 3924 60 27 Aug.
1755 3925 25 21 18

2062 92 28 7 —
2143 92 9 8 *
2150 92 33 8 mmm
2183 92 13 9 m
2195 93 15 19 T
2209 94 14 7 m
2219 94 15 19 T
2233 94 11 7 m
2244 93 40 10 **—
2284 94 32 9 —
2316 94 19 9 —
2335 95 54 8 ™—
2389 95 50 9 ——
2439 96 31 8 —
2478 96 9 12 »

1884 117 71 48 ON
1969 118 86 28 SALE,
2067 122 24 18 at
2098 118 40 23 the
2148 119 65 23 Office
2224 121 25 22 of
2256 122 46 21 this
2307 122 77 28 -Paper
2390 130 35 22 i-j-
2479 124 8 19 i

1879 167 2 2 .
1933 152 5 4 -
1949 144 106 27 'Double,
2068 145 104 29 elephant,
2189 148 155 30 antiquarian;,
2350 149 112 28 imperial,
2481 143 6 31 \

1878 170 49 28 ,'and
1934 171 65 27 royal
2010 171 100 28 drawing
2119 179 70 26 paper,
2222 187 3 6 .
2234 186 3 4 .
2260 184 6 7 •>
2300 172 54 19 '"'.'-
2482 176 5 27 \

1907 197 74 21 Black
1990 197 54 22 lead
2051 199 88 27 pencils
2150 201 58 26 (very
2216 202 118 27 superior),
2342 219 3 4 .
2435 219 4 5 ,
2482 209 5 16 )

1908 224 143 27 Carpenters'
2062 225 63 27 ditto,
2160 223 2 15 ;
2483 227 4 20 !

1910 249 91 28 Oblong
2011 251 90 31 clasped
2110 252 165 23 memorandum
2286 254 87 28 books,-
2469 263 3 9 >
2483 252 4 30 j

1909 276 90 22 French
2009 280 86 25 tracing
2104 286 64 20 paper
2176 278 77 27 (black
2260 280 47 22 and
2316 280 85 28 white),

1909 302 90 23 Ladies'
2009 303 45 22 and
2063 305 148 26 gentlemen's,
2215 306 53 23 card
2281 314 70 20 cases,
2367 325 1 6 ,
2438 310 3 3 '
2466 327 3 4 ,
2485 316 2 4 ■

1908 329 65 22 Ditto
2040 330 35 22 do.
2131 332 66 22 tinted
2206 333 45 22 and
2260 333 119 22 embossed
2389 334 71 28 cards,
2485 349 2 7 ,

1907 355 109 28 Foolscap
2025 357 47 21 and
2080 357 84 28 writing
2169 365 77 21 paper,'
2254 360 88 22 various
2352 360 113 28 qualities.
2485 366 2 15 1

1908 383 96 26 Sponge,
2015 383 78 22 wafers
2101 384 25 21 in
2135 386 14 20 2
2158 391 29 16 oz.
2201 386 74 28 boxes,
2293 386 69 22 India
2370 386 90 28 rubber,
2469 395 3 6 -

1881 409 84 21 A-lbata
1972 409 152 28 pen-holders,
2135 416 48 22 very
2192 413 101 27 superior
2302 413 88 27 sealing
2403 421 58 20 wax,

1881 435 96 28 blotting
1985 443 76 20 paper,
2072 437 40 22 &c.
2122 437 40 22 &c,
2257 451 3 5 •
2323 451 3 4 -
2452 454 3 4 .
2486 454 1 5 ,

2021 470 138 15 WHOLESALE
2171 468 50 17 IND'
2228 472 91 16 RETAIL.
2366 464 3 6 '
2392 478 2 6 -

1882 523 219 25 WHOLESALE
2131 520 118 30 PEICES
2283 524 180 29 CITRRE^T.

1953 563 133 15 CORRECTED
2100 557 67 27 UP',TO
2178 565 87 14 FRIDAY
2279 565 111 16 EVENING.

1962 602 11 9 T
1999 602 7 9 ,
2048 602 6 9 ,
2126 597 3 3 .
2177 586 5 3 -
2213 583 18 18 jS
2253 589 14 12 s.
2293 585 19 17 d.
2366 585 54 17 £s.
2444 586 22 17 a.

1882 603 63 21 Ale:
1962 603 28 20 In
1999 603 78 28 bottle,
2091 604 113 27 perdoz..'
2217 607 14 20 0
2245 607 25 20 11
2299 607 15 20 0
2330 620 20 7 ..
2368 609 14 19 0
2409 608 14 20 0
2450 609 15 19 O

1983 629 88 23 Elliot's
2077 627 120 31 per'hKi.-:
2201 637 3 5 1
2202 646 3 3 -
2215 633 14 20 6
2256 634 14 20 0
2298 635 14 19 0
2328 647 20 7 ..
2366 635 14 20 0
2407 635 16 19 O
2448 635 16 20 O

1882 655 99 22 Arrack
1989 663 5 14 :
2011 656 43 21 Per
2061 656 45 27 gaK
2116 658 25 20 in
2150 658 54 21 bond
2218 660 14 20 0
2259 660 11 20 1
2299 661 14 19 9
2329 674 7 6 .
2343 674 5 6 .
2368 662 14 20 0
2408 661 14 21 0
2449 665 16 19 O

1881 682 80 22 Bread
1969 690 5 13 :
1990 682 44 23 Per
2042 683 45 23 21b.
2098 683 50 22 loaf
2161 685 188 23 ....007..
2368 689 14 19 0
2408 689 14 19 0
2449 689 16 19 0

1882 709 73 22 Beef:
1970 708 78 28 Fx-esh,
2067 717 88 15 carcase
2160 711 45 27 'per
2251 715 4 5 '
2385 719 3 3 •
2403 725 4 4 -

1998 735 24 22 lb
2157 745 40 13 ..;.
2215 739 14 20 0
2256 739 12 19 0
2285 739 27 20 10
2328 752 20 7 ..
2367 741 15 19 0
2408 740 17 23 1.
2448 741 19 20 O.

1990 762 54 27 Salt,
2054 770 40 20 per
2106 764 62 22 tierce
2181 762 51 24 .17
2258 767 14 19 0
2300 766 14 20 0
2330 779 6 6 .
2343 779 7 6 .
2369 767 14 19 0
2409 767 14 20 0
2450 767 15 20 0

1989 788 45 22 Do-,
2044 797 40 20 per
2096 790 70 22 barrel
2180 792 52 20 ..4
2245 793 27 20 10
2300 793 14 19 0
2329 806 20 6 ..
2368 794 14 20 0
2408 793 15 20 0
2449 794 16 20 O

1882 815 94 22 Butter
1982 823 5 14 :
2003 812 66 31 Irish,
2079 824 40 20 per
2126 817 31 22 lb.
2181 832 7 6 .
2194 832 7 6 .
2219 819 14 20 0
2260 819 11 21 1
2300 819 14 20 9
2331 832 6 7 .
2343 832 7 7 .
2369 820 14 20 0
2409 818 60 22 20'

1966 859 3 6 ,
2003 842 71 23 Fresh
2135 844 67 21 ;...::
2220 847 14 20 0
2258 846 15 21 3
2300 846 14 21 0
2331 859 20 7 ..
2369 847 14 20 0
2409 847 15 20 0
2450 847 17 20 O

1882 868 110 23 Brandy:
2008 869 58 22 First
2073 870 89 28 quality,
2166 878 40 20 per
2237 879 3 3 ■

2030 896 77 26 gallon
2115 897 26 21 in
2150 898 54 21 bond
2218 900 14 20 0
2258 899 14 21 6
2299 900 15 20 0
2329 912 20 8 ..
2368 900 14 20 0
2409 900 14 20 9
2450 899 17 21 O

1882 922 87 21 Brown
1987 922 75 21 Stout
2070 930 5 13 :
2098 930 42 20 per
2152 923 48 22 hhd.
2214 926 55 19 510
2296 927 37 18 0.
2340 939 6 6 .
2367 927 14 19 0
2408 927 15 19 O
2448 924 20 22 O'
2481 941 3 3 .

1883 948 86 21 Cigars
1976 955 6 14 :
2104 955 41 20 per
2150 947 54 29 1000,
2218 951 14 20 3
2246 952 26 19 10
2300 952 14 19 0
2329 964 19 7 ..
2367 952 15 20 4
2408 952 14 20 0
2449 953 18 20 O

1990 974 98 21 Inferior
2217 977 14 20 2
2258 978 14 19 0
2299 978 83 21 0..0
2408 979 14 20 0
2449 979 16 20 O

1991 1000 137 28 Havannah,
2133 1002 71 26 perlb.
2218 1004 13 20 0
2246 1004 26 20 16
2299 1005 14 20 0
2329 1018 19 6 ..
2368 1006 14 19 0
2408 1006 14 19 0
2449 1006 15 19 O

1991 1026 221 28 ChinsurahperlOOO
2220 1030 10 20 1
2246 1030 25 21 15
2300 1032 13 19 0
2329 1044 19 7 ..
2368 1032 13 20 0
2408 1032 14 21 0
2449 1033 14 19 0

1990 1053 208 24 Alexandrian....
2218 1057 11 20 1
2244 1058 28 20 10
2298 1058 14 20 0
2329 1071 19 6 ..
2367 1059 26 24 0,
2407 1059 15 20 0
2440 1059 24 24 ,0

1884 1080 87 22 Coffee
1978 1087 5 14 :
1994 1080 65 27 Java,
2069 1088 40 20 per
2117 1081 24 22 lb
2218 1084 14 20 0
2258 1085 15 20 0
2300 1085 14 20 0
2330 1098 19 6 ..
2368 1086 23 19 0'
2408 1086 14 19 0
2449 1086 16 20 0

1884 1107 89 22 Cheese
1974 1115 4 4 1
1981 1115 4 14 :
2002 1106 106 24 Cheshire
2134 1123 66 7 ......
2218 1111 14 20 0
2258 1111 12 20 1
2299 1112 14 19 6
2330 1116 19 15 .'.
2368 1112 14 21 0
2408 1113 15 19 0
2450 1113 16 19 O

2000 1133 56 22 Pine
2065 1134 75 28 Apple
2160 1150 40 7 ....
2218 1138 14 20 0
2259 1139 13 20 0
2300 1139 14 20 0
2330 1151 19 7 ..
2368 1139 14 20 0
2409 1139 12 20 1
2449 1138 16 21 2

1999 1160 78 23 Dutch
2219 1165 14 20 0
2258 1166 14 20 0
2300 1166 13 19 9
2330 1178 20 8 ..
2368 1166 14 20 0
2409 1166 56 20 10

1884 1188 104 21 Candles
1995 1195 7 14 :
2008 1188 94 26 English
2109 1196 97 21 wax,per
2327 1197 2 3 •
2432 1207 3 6 ,
2470 1192 3 5 '

2025 1214 25 22 lb
2218 1218 14 20 0
2258 1218 14 21 3
2299 1218 15 21 6
2331 1232 19 6 ..
2368 1220 15 19 0
2409 1219 15 20 0
2451 1220 15 19 0

2013 1241 80 22 Mould
2217 1245 13 20 0
2258 1244 12 20 0
2299 1246 14 19 0
2330 1258 19 7 ..
2368 1246 14 19 0
2409 1246 14 21 0
2437 1246 26 20 11

2013 1268 58 28 Dips
2216 1270 14 22 0
2256 1272 14 21 0
2286 1271 62 21 10..
2366 1273 56 20 00
2449 1273 16 20 0

1883 1294 93 23 Flour:
1985 1295 131 28 lstquality,
2127 1299 77 24 perton
2224 1299 3 5 '

2006 1319 33 24 of
2041 1323 54 21 2000
2105 1322 35 22 lbs
2202 1324 27 21 28
2256 1325 14 20 0
2298 1325 14 20 0
2328 1325 53 21 ..30
2407 1326 15 19 0
2448 1326 15 20 0

1981 1348 47 22 2nd
2037 1348 56 23 ditto
2176 1350 55 21 '.'.25
2258 1352 14 19 0
2299 1352 14 20 0
2329 1365 20 6 ..
2368 1352 14 21 0
2408 1352 14 21 0
2449 1353 15 20 0

1884 1375 59 22 Gin:
1963 1375 55 22 Pale
2034 1376 24 21 in
2068 1375 61 22 bond
2217 1378 14 21 0
2258 1378 12 19 0
2299 1378 14 21 0
2329 1392 19 7 ..
2367 1380 14 19 0
2407 1378 56 21 20

1932 1402 62 26 Case,
2002 1403 16 20 4
2023 1402 37 26 gal
2068 1404 38 20 4-5
2114 1402 25 22 in
2148 1403 54 22 bond
2216 1405 12 20 1
2255 1406 15 20 4
2298 1406 50 19 0..
2366 1406 14 21 0
2408 1406 12 19 0
2449 1407 15 20 O

1883 1428 81 23 Hams:
1981 1428 129 28 Yorkshire,
2124 1429 79 28 perlb.
2218 1432 14 20 0
2258 1433 15 20 0
2300 1433 14 20 0
2330 1446 19 7 ..
2368 1434 14 19 0
2408 1434 15 19 0
2449 1433 16 20 9

1882 1455 129 22 Mustard:
2025 1455 45 22 Per
2078 1456 123 22 dozen....
2220 1459 51 20 11
2300 1460 14 19 0
2331 1472 19 7 ..
2369 1460 14 20 0
2409 1460 58 21 00

1882 1482 115 21 Mutton:
2018 1482 94 23 Carcase
2121 1491 40 19 per
2166 1483 21 22 lb
2197 1500 7 5 .
2218 1486 14 20 0
2258 1487 14 20 0
2300 1486 13 20 9
2331 1500 18 6 ..
2368 1487 14 20 0
2409 1487 14 20 0
2437 1487 26 20 11

1882 1508 124 23 MustETs:
2021 1508 94 23 Walnut
2121 1510 86 23 stocked
2219 1513 14 20 0
2259 1514 14 19 0
2300 1514 14 19 0
2330 1526 20 7 ..
2369 1514 14 20 0
2397 1514 25 20 15
2451 1515 15 19 O

1883 1536 78 21 Milk:
1968 1537 6 9 s
1977 1536 44 21 Per
2025 1536 52 27 pint
2218 1540 14 20 0
2259 1540 15 20 0
2299 1540 15 20 4
2330 1553 20 6 ..
2369 1541 14 20 0
2409 1541 14 20 0
2450 1541 15 20 0

1884 1562 56 23 Oil:
1955 1562 105 26 Linseed,
2070 1570 40 20 per
2118 1564 69 26 gallon
2196 1580 7 6 .
2218 1567 14 20 0
2258 1566 14 20 5
2300 1567 14 20 0
2331 1580 19 7 ..
2369 1568 13 19 0
2409 1566 14 21 7
2451 1568 16 19 O

1956 1589 79 27 Black,
2039 1590 24 21 in
2068 1590 166 28 cask,pertonl7
2260 1594 14 19 0
2301 1594 13 19 0
2331 1607 19 6 ..
2369 1594 14 20 0
2409 1594 14 20 0
2451 1595 15 19 0

1994 1616 128 26 Sperm...:
2202 1618 27 23 75
2257 1620 13 19 0
2298 1620 13 19 0
2329 1634 19 7 ..
2368 1621 12 20 0
2408 1621 13 20 0
2449 1622 14 19 0

1882 1643 65 22 Pork
1954 1651 5 14 :
1974 1642 77 28 Fresh,
2070 1650 87 16 carcase
2167 1652 39 20 per

1999 1669 23 22 lb
2217 1674 14 19 0
2258 1674 13 20 0
2298 1674 16 20 4
2329 1688 20 6 ..
2368 1675 23 21 0:
2408 1676 14 20 0
2449 1677 14 19 5

1883 1696 65 21 Pork
1955 1703 5 14 :
1976 1696 66 26 Irish,
2053 1703 40 20 per
2101 1697 68 23 barrel
2180 1713 7 6 .
2193 1713 6 6 .
2216 1700 56 21 410
2300 1702 36 20 0.
2343 1715 6 6 .
2368 1702 13 20 5
2409 1703 14 21 0
2450 1705 16 19 O

1883 1723 131 22 Potatoes:
2034 1722 57 23 New
2104 1724 101 28 Zealand,
2421 1741 2 9 ,

2059 1754 88 22 perton
2159 1766 40 7 ....
2218 1754 13 19 0
2258 1755 14 20 0
2300 1756 14 20 0
2330 1769 20 7 ..
2363 1757 19 23 ,8
2408 1757 15 21 0
2449 1759 16 20 0

1883 1776 94 22 Porter
1985 1784 6 15 :
2020 1776 103 28 Dunbar,
2134 1778 71 22 in'bot.
2349 1793 3 7 ,
2362 1775 4 12 ;

2050 1804 92 28 perdoz
2218 1808 52 20 011
2300 1809 14 20 0
2331 1822 19 7 ..
2368 1811 14 19 0
2409 1811 14 21 0
2451 1812 14 20 0

1948 1848 4 3 .
1990 1830 88 28 Bryant
2088 1831 45 22 and
2141 1832 63 22 Davis
2219 1835 53 21 013
2300 1837 38 19 0.
2343 1850 7 6 .
2368 1838 15 19 0
2409 1839 14 20 0
2449 1839 15 20 0

1883 1856 98 23 Pickles
1992 1865 6 14 :
2028 1858 117 28 AssoiJ«d,
2168 1867 40 21 per

2055 1884 58 27 doz.,
2138 1890 68 24 quarts
2221 1889 11 20 1
2262 1889 10 21 1
2301 1890 14 21 0
2333 1903 19 7 ..
2370 1891 15 21 0
2411 1893 14 20 0

1883 1910 73 22 Pitch
1968 1918 6 14 :
2006 1911 138 29 Stockholm,
2167 1921 40 20 per

2031 1938 73 22 barrel
2220 1942 13 20 0
2259 1943 15 20 0
2300 1944 15 20 0
2331 1957 19 7 ..
2370 1945 11 20 1
2397 1945 26 21 15
2451 1947 16 20 0

1882 1964 81 21 Plank
1970 1971 6 14 :
2004 1964 54 21 Port
2080 1965 124 29 Nicholson,
2345 1976 3 6 -
2420 1969 3 5 '
2432 1973 8 8 T
2442 1975 3 5 -
2465 1965 7 11 J

2030 1998 41 19 per
2080 1994 40 19 100
2129 1992 40 22 feet
2180 2008 20 7 ..
2218 1996 54 20 019
2300 1997 14 19 0
2330 2010 6 6 .
2343 2010 7 6 .
2369 1998 11 19 1
2409 1999 12 19 1
2449 2000 17 19 O

1882 2016 69 21 Rice:
1964 2016 111 23 Common
2084 2025 40 20 per
2130 2022 41 19 cwt.
2183 2034 19 7 ..
2220 2023 14 19 0
2260 2023 14 19 0
2301 2023 14 20 0
2331 2036 19 6 ..
2369 2025 15 19 0
2409 2025 14 19 0
2451 2027 15 19 O

1964 2043 67 22 Good
2218 2049 14 20 0
2259 2049 14 21 0
2300 2050 14 20 0
2330 2063 20 7 ..
2368 2051 14 21 0
2409 2052 13 20 0
2449 2053 16 20 O

1882 2069 68 22 Rum:
1966 2070 26 21 P.
2002 2070 26 21 B.
2041 2070 33 26 P.,
2088 2072 118 27 pergallon

2003 2096 25 22 in
2042 2097 62 23 bond
2219 2102 13 20 0
2258 2102 16 21 4
2301 2103 13 19 0
2332 2117 18 6 ..
2369 2105 15 20 0
2409 2105 14 21 6
2451 2107 15 19 0

1883 2122 87 23 Sugar:
1986 2123 121 24 Mauritius
2115 2133 41 20 per
2161 2130 44 19 cwt.
2220 2129 14 20 0
2260 2130 14 20 0
2301 2131 14 20 0
2328 2128 23 22 '..
2369 2132 15 20 0
2409 2133 14 19 0
2451 2134 14 19 0

1990 2150 84 23 Brown
2220 2156 10 20 1
2246 2156 27 22 17
2300 2158 15 20 0
2331 2171 19 6 ..
2369 2159 13 20 0
2409 2159 14 21 0
2450 2161 15 19 0

1990 2178 99 22 Refined
2103 2178 53 29 loaf,
2168 2188 40 20 per

1945 2232 3 6 ,
2017 2204 56 30 !*>••:
2161 2221 41 8 »..
2220 2210 14 20 0
2260 2211 14 19 0
2302 2209 14 23 7
2333 2225 19 6 ..
2370 2213 14 19 0
2410 2213 15 20 0
2451 2214 16 20 O

1991 2230 98 23 Manilla
2218 2237 14 20 0
2259 2238 14 20 0
2300 2239 14 19 0
2331 2251 20 7 ..
2368 2239 15 20 2
2411 2240 12 19 0
2451 2241 15 21 0

1884 2258 58 21 Salt
1950 2265 5 13 :
1971 2258 127 29 Liverpool,
2108 2267 41 19 per
2157 2263 33 20 ton
2198 2277 6 6 .
2220 2263 13 21 3
2260 2265 14 20 0
2300 2265 15 21 0
2331 2279 7 7 .
2344 2279 7 6 .
2369 2266 16 21 4
2410 2269 14 19 0
2451 2269 15 20 0

1884 2284 58 21 Soap
1950 2291 7 15 :
1984 2284 104 23 Hawes's
2109 2286 97 30 London,

2009 2316 86 23 perton
2204 2317 29 20 40
2260 2319 13 19 0
2300 2319 14 20 0
2331 2319 52 21 ..42
2411 2321 14 21 0
2451 2323 15 20 0

1887 2354 4 3 -
2001 2338 120 29 Liverpool
2205 2344 27 20 36
2260 2345 14 21 0
2301 2347 14 19 0
2331 2359 19 7 ..
2369 2348 14 20 0
2410 2348 13 19 0
2451 2350 16 20 0

1884 2366 103 21 Starch:
2003 2366 75 22 Perlb
2221 2371 13 21 0
2261 2373 14 19 0
2302 2373 13 20 9
2333 2386 19 8 ..
2371 2375 19 20 0.
2412 2376 11 20 1
2453 2377 14 20 0

1884 2392 143 22 Scantling:
2043 2393 44 22 Per
2093 2395 40 21 100
2142 2395 60 23 feet..
2221 2398 14 20 0
2248 2398 27 22 17
2302 2400 15 20 0
2334 2413 18 7 ..
2371 2402 14 19 0
2399 2399 29 24 IS'
2453 2404 16 20 O

1884 2418 128 23 Shingles:
2027 2420 44 22 Per
2078 2422 61 27 1000,
2147 2422 57 22 N.Z.
2221 2425 11 20 1
2260 2425 14 22 7
2301 2427 14 21 0
2333 2440 19 8 ..
2370 2429 15 20 0
2411 2430 14 20 0
2451 2431 18 20 O

2014 2446 70 29 Ditto,
2105 2444 128 28 ,V.D,L.'2
2259 2452 14 21 5
2301 2454 15 20 0
2333 2467 19 7 ..
2370 2455 14 20 0
2410 2457 15 20 0
2451 2458 15 20 0

1882 2472 63 23 Tar;
1961 2474 55 21 Coal
2221 2479 11 20 1
2260 2479 13 21 5
2302 2481 15 21 0
2333 2494 19 8 ..
2371 2483 15 20 0
2406 2484 20 19 .0
2453 2485 15 20 0

1965 2500 130 23 Stockholm
2221 2506 14 20 2
2261 2507 14 20 5
2302 2508 83 21 0..0
2412 2510 14 21 0
2453 2512 15 19 0

1883 2526 62 23 Tea:
1963 2527 89 27 Hyson,
2062 2535 40 20 per
2112 2529 56 23 chest
2184 2533 51 20 ..0
2261 2534 14 20 0
2302 2535 19 20 0,
2333 2535 52 21 ..12
2399 2537 26 20 12
2453 2539 16 20 O

1883 2553 105 22 Tobacco
1996 2561 6 14 :
2016 2554 142 30 Negrohead,
2168 2564 41 21 per

2042 2581 24 22 lb
2222 2587 52 20 01
2304 2587 11 21 1
2335 2601 19 7 ..
2372 2590 55 20 00
2455 2592 15 23 0

1883 2607 165 22 Turpentine:
2063 2608 139 28 Pergallon...
2221 2613 14 20 0
2261 2615 14 19 8
2302 2615 15 20 0
2333 2627 19 8 ..
2371 2617 15 20 0
2411 2618 15 21 0
2453 2620 15 19 0

1884 2634 162 22 Whalebone:
2061 2635 113 23 Perton..
2183 2639 51 21 ..95
2261 2641 14 20 0
2302 2642 14 20 0
2333 2655 19 7 ..
2371 2643 15 21 0
2411 2645 15 20 0
2453 2646 15 20 0

1884 2659 83 24 Wine:
1982 2660 90 29 Sherry,
2082 2669 40 21 per
2129 2663 44 28 pipe
2185 2667 50 20 ..28
2262 2668 13 20 0
2303 2669 14 20 0
2333 2670 54 21 ..40
2412 2672 15 21 0
2453 2673 16 20 0

1992 2688 73 28 Ditto,
2079 2696 41 21 per
2133 2690 74 23 dozen.
2221 2693 12 21 1
2260 2695 16 20 4
2302 2696 51 21 0..
2370 2697 15 19 2
2412 2699 15 24 p
2454 2700 15 21 0

1886 2740 121 24 Poultry:
2021 2742 80 28 Fowls,
2108 2751 41 20 per
2154 2745 43 27 pair
2203 2761 6 7 .
2223 2748 14 20 0
2263 2749 14 20 8
2305 2749 14 21 0
2335 2762 20 8 ..
2373 2751 16 23 0.
2401 2751 27 22 16
2455 2754 14 20 0

2020 2768 85 29 Ducks,
2117 2771 50 22 ditto
2185 2787 6 6 .
2197 2787 7 6 .
2223 2775 11 20 1
2263 2776 14 20 0
2304 2777 15 20 0
2335 2790 7 6 .
2348 2790 7 7 .
2374 2778 11 20 1
2401 2779 27 20 10
2455 2781 14 20 0

1992 2819 2 4 ,
2022 2796 80 28 Geese,
2114 2797 52 23 ditto
2185 2801 92 22 ..20
2303 2804 15 20 0
2335 2816 6 8 .
2347 2817 7 7 .
2373 2806 14 19 0
2413 2806 14 20 0
2454 2808 15 20 0

2020 2823 103 28 Turkeys
2138 2839 67 8 ......
2222 2828 15 20 2
2263 2829 14 21 0
2304 2831 15 20 0
2336 2843 18 14 
2373 2832 15 21 0
2414 2834 15 20 0
2455 2834 14 21 0

2021 2850 104 28 Pigeons,
2136 2852 72 29 (wild,)

2047 2879 99 26 perpair
2163 2894 42 7 ....
2223 2882 14 20 0
2263 2883 15 20 2
2305 2884 14 21 0
2336 2897 19 7 ..
2373 2886 15 21 0
2413 2888 16 20 0
2455 2888 15 21 0

2020 2904 85 28 Ducks,
2115 2905 35 23 do.
2161 2907 45 22 do..
2223 2909 14 21 0
2263 2916 14 14 o
2305 2911 14 20 0
2336 2924 20 7 ..
2373 2914 15 20 0
2414 2915 15 20 0
2456 2916 14 20 0

1886 2930 74 22 Eggs:
1975 2930 45 22 Per
2028 2931 103 23 dozen.'.
2225 2937 13 19 0
2263 2937 56 22 26
2336 2940 52 21 ..0
2414 2942 15 20 0
2455 2942 15 21 0

1886 2983 77 22 Cows:
1977 2984 73 22 Milch
2209 2991 28 20 20
2263 2992 15 20 0
2304 2992 15 21 0
2335 2994 52 21 ..30
2413 2996 15 19 0
2454 2996 15 21 0

1886 3011 96 22 Mares:
1997 3011 77 23 Brood
2208 3017 27 21 50
2262 3019 14 20 0
2302 3020 15 21 0
2334 3021 53 22 ..90
2412 3022 15 23 0
2453 3023 16 21 0

1889 3039 114 20 Working
2018 3039 133 23 Bullocks:
2168 3041 42 23 Per

1927 3071 6 14 1
1949 3071 12 14 1
2096 3081 21 7 ••
2209 3071 28 21 40
2263 3072 15 21 0
2304 3073 15 22 0
2335 3074 53 22 ..60
2413 3076 15 21 0
2454 3076 16 22 0

1886 3092 63 20 Hire
1960 3098 27 14 of
1997 3098 68 16 ditto
2072 3100 6 14 :
2093 3093 44 22 Per
2143 3094 45 28 day,
2195 3102 15 15 a

1912 3119 60 19 team
1982 3118 45 21 and
2034 3116 74 25 driver
2223 3123 12 21 1
2263 3125 14 20 0
2303 3126 15 21 0
2335 3139 19 8 ..
2371 3127 16 21 2
2413 3129 14 22 0
2454 3130 15 21 0

1886 3143 87 23 Sheep:
1988 3144 190 29 Each...,;;
2220 3151 55 21 012
2302 3154 83 23 0..«
2399 3156 27 21 18
2453 3157 15 20 0

1885 3172 63 20 Boat
1958 3172 74 22 Hire:
2047 3172 161 29 Perdav,TOtli-

2075 3203 40 19 out
2122 3198 83 26 hands.
2220 3205 14 20 0
2248 3205 27 22 10
2302 3207 14 25 Q
2332 3220 20 8 ..
2371 3208 12 21 1
2411 3210 14 21 0
2451 3210 16 21 0

1884 3250 98 24 Wages:
2011 3252 139 31 Mechanics,
2169 3263 40 21 per
2230 3265 3 4 ■

2037 3280 167 32 week........
2221 3285 14 21 2
2249 3286 27 21 14
2302 3288 15 20 0
2333 3300 19 8 ..
2370 3288 14 21 3
2411 3289 14 20 6
2452 3290 16 21 0

1999 3328 4 4 ,
2020 3307 127 24 Labourers
2161 3324 41 7 ..».
2221 3312 11 21 1
2248 3312 26 21 10
2301 3314 14 20 Q
2331 3315 21 18 .:
2370 3315 12 20 1
2397 3316 27 20 16
2451 3318 16 19 0

1904 3358 39 17 The
1954 3359 50 16 New
2013 3359 99 19 Zealand
2122 3362 86 18 Gazette
2213 3364 36 16 and
2260 3364 135 19 Wellington
2407 3368 60 17 Sbec*

1884 3383 63 12 tator
1952 3384 16 12 is
1974 3380 99 21 published
2079 3386 55 17 every
2140 3383 105 20 Wednesday
2254 3386 37 16 and
2301 3385 105 22 Saturday.'
2417 3387 47 19 Sub-

1881 3401 62 19 joined
1949 3405 32 12 are
1987 3401 31 17 the
2024 3403 66 16 terms:
2091 3411 23 4 —
2392 3406 3 13 :

1903 3420 64 18 Price
1974 3425 25 13 ob
2006 3426 40 13 the
2053 3423 97 18 Paper.—
2150 3424 47 21 Forty
2202 3426 85 20 shillings
2292 3431 32 16 per
2333 3431 77 17 annum,
2420 3434 47 14 pay-

1882 3441 40 17 able
1928 3446 20 12 in
1955 3443 80 17 advance
2040 3448 5 15 ;
2056 3448 21 12 or
2082 3448 35 13 one
2122 3443 70 23 shilling
2196 3446 29 17 for
2231 3446 58 21 single
2295 3449 94 18 numbers.

1903 3469 245 21 ADVERTisEMENTS.-r-Six
2155 3472 40 18 lines
2206 3474 37 16 and
2251 3475 65 20 under,
2327 3476 26 17 Ss.
2361 3477 29 17 6d.
2396 3478 29 17 for
2430 3478 34 18 the

1882 3490 40 17 first
1931 3490 95 21 insertion,
2037 3492 38 16 and
2085 3496 34 13 one
2130 3493 67 22 shilling
2203 3494 28 17 for
2237 3495 44 17 each
2288 3496 111 18 subsequent
2404 3499 63 17 inser-

1881 3511 40 16 tion
1926 3516 5 14 ;
1941 3511 49 17 from
1995 3513 31 15 six
2031 3514 20 14 to
2056 3514 33 15 ten
2094 3513 54 20 lines,
2155 3513 30 18 Hire
2190 3514 85 23 sMUings
2285 3516 29 17 fdr
2322 3518 34 16 the
2367 3519 44 19 first,
2411 3521 4 5 1
2423 3519 39 18 and

1882 3535 35 12 one
2012 3533 37 16 and
2059 3533 86 21 sixpence
2154 3534 21 18 for
2187 3536 44 17 each
2240 3537 113 21 subsequent
2361 3539 104 18 insertions

1882 3553 56 17 above
1948 3554 33 16 ten
1989 3553 55 20 lines,
2054 3554 36 16 five
2100 3554 77 22 shillings
2188 3556 30 17 for,
2226 3557 30 16 ths
2267 3558 40 21 fii;st
2317 3559 31 20 ten
2358 3559 55 21 Hues,
2423 3562 40 17 and

1881 3573 98 21 fourpence
1985 3578 32 16 per
2021 3574 39 17 line
2066 3575 28 16 for
2100 3573 33 19 Hxe
2139 3580 56 13 excess
2202 3577 21 17 of
2230 3578 132 21 thatnumber;
2373 3582 38 15 and
2416 3583 46 16 two-

1881 3598 57 17 pence
1943 3599 34 16 per
1981 3594 39 18 line
2025 3596 29 16 for
2060 3596 45 16 each
2111 3596 105 22 subsequent
2220 3598 95 19 insertion.
2348 3600 3 6 '

1902 3622 157 17 Advertisements
2065 3622 38 18 will
2108 3624 34 16 not
2147 3628 59 17 ajpear
2214 3619 21 23 in
2245 3626 32 17 the
2286 3627 81 23 ensuing
2376 3631 87 18 number,

1882 3642 17 17 if
1907 3643 82 16 received
1995 3643 47 17 later
2047 3643 46 17 than
2104 3645 20 15 10
2131 3640 66 26 o^cloek,
2204 3650 49 16 a.m.,
2259 3652 23 12 on
2290 3648 32 17 the
2328 3650 92 21 mornings
2429 3652 31 15 be-

1881 3663 39 17 fore
1932 3664 119 20 pnblicatwn.
2072 3664 150 21 Advertisements
2227 3667 45 18 rwill
2282 3669 23 17 be
2315 3671 99 17 continued
2422 3671 38 17 and

1882 3684 77 20 charged
1969 3685 49 15 until
2027 3686 159 21 counter-ordered;
2196 3688 105 18 such-order
2306 3693 52 14 must
2363 3692 22 17 be
2392 3693 45 16 sent
2439 3694 25 15 to-

1882 3704 32 17 the
1922 3705 56 16 Office
1989 3706 36 15 two
2044 3706 44 20 days
2105 3707 59 17 before
2169 3706 118 24 publication,
2298 3712 37 16 and
2344 3714 51 14 must
2404 3713 23 16 be
2437 3713 23 17 in

1881 3726 79 20 writing.
1984 3726 156 18 Advertisements
2153 3729 75 17 received
2235 3728 2 6 '
2245 3730 54 23 after
2314 3733 22 16 10
2352 3732 75 17 o'clock'
2433 3736 27 14 oft.

1882 3746 83 21 Tuesday
1977 3747 38 16 and
2024 3747 66 21 Friday
2100 3749 87 22 mornings
2198 3751 38 17 will
2246 3752 22 16 be
2279 3753 78 19 charged
2367 3753 51 17 twice
2426 3754 36 17 tha

1882 3767 53 16 usual
1940 3768 54 16 rates.
2338 3777 3 7 .

1901 3787 32 17 All
1938 3788 68 20 orders,
2017 3788 151 22 advertisements,
2176 3791 39 17 and
2224 3793 163 18 communications
2397 3796 20 17 to
2428 3795 33 17 th«

1881 3808 69 20 Editor,
1957 3813 30 13 are
1992 3810 98 19 requested
2094 3812 20 14 to
2121 3812 22 15 be
2150 3811 90 18 addressed
2246 3815 18 14 to
2270 3813 38 16 this
2314 3814 75 15 Office..*

290 126 68 21 Court
367 125 84 27 House,
462 124 142 27 Wellington,
630 135 3 4 •

223 157 3 10 1
322 152 123 22 December
455 153 33 24 16,
499 149 65 23 1841.

214 188 111 24 Quarter
341 186 131 20 Sessions.

55 221 143 47 NOTICE
221 220 27 22 IS
272 218 126 23 HEREBY
422 217 105 27 GIVEN,
551 217 49 21 that
619 224 14 14 a

137 247 65 21 Court
210 247 23 21 of
243 246 97 22 General
353 247 94 23 Quarter
457 245 98 21 Sessions
565 245 25 19 of
595 244 37 20 the

56 274 70 21 Peace
136 273 23 21 in
169 273 43 21 and
221 274 35 20 for
264 273 38 21 the
312 273 85 21 district
405 271 25 21 of
437 271 53 21 Port
503 270 128 26 Nicholson,

56 300 44 20 will
109 301 28 20 be
146 299 80 22 holden
236 304 24 17 at
269 299 37 22 the
316 299 67 21 Court
392 297 84 26 House,
485 304 28 14 on
522 296 108 26 Tuesday,

55 327 37 20 the
102 327 38 20 4th
151 327 42 26 day
201 327 25 20 of
236 326 101 26 January
346 327 61 24 next,
418 327 23 18 at
449 324 53 21 nine
517 322 85 22 o'clock
609 324 24 20 in

56 353 38 20 the
111 353 117 26 forenoon;
254 357 23 17 at
294 351 71 22 which
383 351 54 21 time
456 350 54 22 and.
517 350 69 27 place,
605 348 29 23 all

56 379 93 21 Persons
158 379 70 21 under
237 378 180 27 Recognizances
426 380 23 18 to
459 383 81 21 appear
548 384 24 14 as
581 376 52 22 Pro-

55 410 104 22 secutors,
167 406 125 24 Witnesses,
301 412 24 14 or
335 403 145 27 Defendants,
488 411 24 13 or
518 403 50 21 who
577 402 56 22 have

54 433 89 26 appeals
153 437 21 16 to
184 433 116 26 interpose,
312 438 25 14 or
349 430 65 21 other
422 430 100 21 business
532 433 23 18 to
565 432 70 19 trans-

55 463 42 22 act,
109 466 36 14 are
155 458 113 25 desired.to
277 458 50 26 give
337 456 57 22 their
403 456 139 22 attendance.

278 491 92 20 Robert
386 489 28 22 R.
429 489 98 26 Strang,

299 520 4 3 '
376 517 65 21 Clerk
450 515 26 21 of
483 515 36 21 the
530 516 77 21 Peace.

125 562 73 21 FINE
221 561 122 22 SAMPLE
360 560 26 21 of
407 558 236 24 HAVANNAH'

135 588 141 22 CIGARS
287 589 49 26 just
344 587 93 26 opened.
602 586 3 4 '
616 584 3 13 :

316 614 21 21 J.
351 614 33 21 M.
399 613 100 27 Taylor,
510 612 31 22 Te
552 611 57 22 Aro.

56 658 158 50 BARLEY,
231 658 45 22 and
288 658 76 27 barley
375 658 45 21 and
434 658 73 21 wheat
523 661 64 17 straw
600 658 36 20 for

132 685 52 22 sale.
367 683 3 4 '
404 686 3 11 '
577 692 3 4 ■

440 710 75 22 James
528 710 88 22 Watt.'

84 738 147 26 Berhampore
243 738 72 26 Farm,
328 737 49 22 Oct.
387 738 34 25 28,
432 738 60 21 1841.
637 750 5 11 ,

277 783 52 19 For
344 782 67 20 Sale.
503 789 2 4 ■
519 802 2 5 ,
611 785 3 4 '

56 816 88 47 THE
161 814 102 23 HOUSE
278 814 145 28 occupiedby
431 814 39 22 the
478 814 154 28 undersigned,
642 817 1 7 '

103 842 92 22 situated
203 842 24 21 in
239 842 182 26 Murphy-street,
429 842 51 21 with
488 842 36 21 the
534 841 58 22 lease
602 842 34 20 for

116 869 66 21 about
197 870 26 20 14
241 875 63 21 years
323 868 25 21 of
364 865 52 24 half
432 875 29 15 an
475 875 49 16 acre
542 868 25 21 of
583 867 54 22 land

59 895 109 22 attached.
612 915 4 9 t

388 920 26 22 T.
424 921 34 21 M.
469 921 140 21 Partridge.

230 965 125 21 Juvenile
364 966 101 20 Books.
488 972 2 7 <

59 999 92 48 JUST
161 999 128 27 OPENED,
302 999 43 21 and
356 1006 28 14 on
395 999 44 21 sale
449 1002 22 18 at
487 999 36 22 the
541 999 63 21 office
613 994 30 25 of'

118 1025 43 22 this
177 1032 73 21 paper,
271 1033 12 14 a
301 1025 59 27 large
378 1025 115 22 collection
519 1025 26 22 of
569 1025 68 22 books

59 1052 72 21 suited
145 1052 34 21 for
196 1053 35 20 the
245 1053 100 26 juvenile
361 1052 110 21 branches
489 1052 25 21 of
524 1059 14 14 a
552 1052 83 27 family,

61 1079 120 26 consisting
196 1079 25 21 of
221 1090 24 3 —

87 1105 108 22 Coloured
204 1105 139 27 battledores,
354 1105 36 22 3d.
402 1105 61 27 each,

88 1133 20 20 A
118 1133 100 26 quantity
233 1133 26 20 of
270 1135 38 24 toy
323 1132 75 26 books,
410 1132 35 21 Id.
463 1132 60 27 each,
541 1131 43 22 and
600 1131 37 22 the

59 1158 113 27 following
180 1159 76 26 works,
267 1162 39 23 got
314 1166 30 20 up
353 1159 24 21 in
387 1166 14 14 a
409 1166 54 19 very
472 1162 52 18 neat
533 1159 55 27 style
595 1166 5 14 :
602 1170 27 4 —

123 1192 2 4 '
151 1192 3 5 '
181 1197 2 5 '
223 1193 44 14 ONE
282 1192 107 15 SHILLING
403 1192 67 15 EACH.

86 1218 103 22 Children
204 1219 26 21 of
245 1219 38 21 the
300 1219 91 27 Abbey;
414 1225 14 15 a
443 1218 51 28 tale,
511 1220 32 26 by
552 1219 86 28 Regina

59 1244 74 22 Maria
141 1246 82 26 Roche,

87 1272 92 28 History
189 1273 25 21 of
223 1272 63 28 Lucy
296 1272 69 28 Clare,

85 1298 92 28 History
187 1300 25 20 of
223 1299 39 21 the
272 1298 81 28 Faries,

85 1325 107 22 Russell's
199 1333 67 15 seven
276 1334 106 20 sermons,
393 1327 49 21 fifth
453 1327 90 27 edition,
572 1340 2 3 •

84 1352 88 27 JEsop's
181 1352 85 28 Fables,
290 1356 3 3 '

87 1378 57 22 Irish
155 1380 59 23 tales,
225 1380 84 26 stories,
322 1380 42 22 and
374 1380 125 27 anecdotes,

87 1404 121 29 Elizabeth,
221 1414 24 14 or
255 1406 36 22 the
303 1407 67 22 exiles
381 1407 26 21 of
417 1407 93 27 Siberia,

87 1432 54 21 Paul
153 1432 43 22 and
205 1432 108 28 Virginia,

85 1458 47 21 The
143 1458 52 23 Post
203 1460 92 27 Captain
301 1468 6 19 ;
320 1467 24 14 or
353 1460 37 22 the
400 1460 99 22 Wooden
509 1460 70 22 Walls
588 1460 50 22 well

58 1486 105 26 manned,

85 1512 47 21 The
142 1512 54 22 lives
205 1512 45 22 and
264 1512 85 23 actions
364 1513 27 21 of
402 1513 38 22 the
454 1516 57 19 most
525 1514 113 21 notorious

59 1538 169 28 Highwaymen,
353 1558 4 8 ,

87 1565 47 21 The
151 1566 103 21 Patriotic
273 1566 77 28 Sailor,
366 1574 25 14 or
412 1567 101 21 sketches
529 1567 26 21 of
573 1567 64 22 naval

59 1591 47 27 life,

88 1618 49 22 Life
150 1619 26 21 of
186 1619 132 27 Bonaparte,

85 1645 93 32 History
188 1646 24 21 of
223 1646 74 21 Baron
308 1646 162 28 Munchausen,

87 1671 106 22 Memoirs
216 1672 26 21 of
260 1673 143 28 Amoranda;
428 1681 24 14 or
471 1674 37 21 the
529 1674 111 22 reformed

61 1701 87 24 coquet,

86 1724 60 22 Lord
156 1725 161 23 Chesterfield's
326 1726 86 22 Letters
422 1729 22 19 to
453 1726 35 22 his
497 1735 48 19 son,

86 1751 96 27 Elegant
191 1752 85 28 Poems,

87 1778 49 21 Life
146 1778 26 21 of
183 1778 92 28 Captain
285 1779 68 22 Cook.

258 1820 107 15 SIXPENCE
376 1821 66 14 EACH.

85 1837 53 23 Two
147 1838 72 22 sisters
228 1839 45 21 and
282 1839 125 28 fisherman,

87 1865 104 21 Soloman
205 1866 135 22 Sobersides
350 1867 120 22 Christmas
478 1868 54 21 tales
542 1868 34 22 for
583 1868 55 27 boys

59 1891 44 22 and
113 1891 57 27 girls,

87 1919 89 21 Mother
185 1919 97 22 Bunch's
290 1920 58 27 fairy
357 1920 62 27 tales,

86 1945 86 28 Beauty
183 1947 43 21 and
236 1947 38 21 the
283 1947 73 27 Beast,

87 1972 93 27 History
190 1973 25 21 of
224 1973 58 21 little
292 1973 64 26 Jack,

86 1998 93 28 History
189 1999 24 21 of
224 1999 115 22 Robinson
349 2001 88 27 Crusoe,

87 2025 47 21 The
143 2026 131 22 valentine's
284 2027 47 26 gift,

87 2052 92 27 History
202 2053 25 21 of
250 2053 96 28 Tommy
368 2053 107 28 Playlove
498 2055 45 22 and
567 2055 71 27 Jacky

59 2079 125 27 Lovebook,

85 2106 47 21 The
143 2105 95 28 triumph
249 2106 25 21 of
284 2107 59 26 good
351 2110 85 24 nature,

85 2133 64 26 Story
160 2133 25 21 of
195 2133 57 21 little
262 2133 59 21 Dick
330 2134 44 21 and
383 2134 34 22 his
426 2134 134 28 playthings,

86 2159 47 22 The
143 2159 130 22 adventures
283 2160 26 21 of
320 2161 94 26 Finetta,

87 2187 92 25 History
189 2187 25 20 of
222 2186 105 22 Graciosa
334 2187 44 22 and
386 2187 108 28 Percinet,
503 2195 14 14 a
524 2188 57 28 fairy
586 2189 51 27 tale,

86 2212 83 22 Sinbad
178 2213 36 21 the
224 2213 73 25 sailor,

85 2239 102 28 Tragedy
196 2239 26 22 of
231 2239 108 28 Douglas.

235 2281 148 15 THREEPENCE
392 2282 67 15 EACH.

84 2300 43 22 Obi
134 2309 5 18 ;
155 2307 24 14 or
188 2300 170 28 three-fingered
368 2301 63 28 Jack,

83 2327 56 22 Blue
149 2327 77 27 Beard,

83 2354 56 21 Puss
147 2354 23 21 in
180 2354 74 27 Boots,

83 2380 89 22 Mother
182 2380 114 28 Hubbard,
308 2381 45 22 and
360 2382 42 21 her
409 2382 123 22 wonderful
543 2385 40 25 cat,

84 2408 105 26 Aladdin,
200 2415 24 14 or
234 2408 38 21 the
282 2408 122 22 wonderful
412 2409 67 27 lamp,

85 2434 104 22 Children
198 2434 23 21 in
231 2434 39 21 the
280 2434 70 27 wood,

84 2461 57 22 Jack
151 2460 44 22 and
203 2461 38 21 the
250 2462 59 21 bean
320 2462 65 27 stalk,

84 2488 118 21 Gulliver's
212 2488 88 27 travels,

82 2514 38 22 Ali
131 2514 60 22 Baba
198 2523 5 19 ;
220 2522 24 14 or
252 2514 38 21 the
302 2514 59 28 forty
370 2514 92 28 thieves,

84 2541 83 22 Sinbad
176 2541 36 22 the
223 2541 72 25 sailor,

83 2568 94 27 History
186 2568 25 21 of
222 2568 34 21 Sir
266 2568 96 21 William
372 2568 106 29 Wallace,

83 2594 141 23 Adventures
235 2594 26 22 of
271 2594 56 22 Tom
337 2595 95 22 Thumb.

315 2636 62 19 ALSO,

85 2655 80 27 Gray's
175 2654 138 27 Arithmetic,

83 2682 80 27 Ready
172 2681 134 27 Reckoners,

83 2709 120 21 Johnson's
212 2709 138 27 Dictionary,

83 2735 82 22 Pocket
174 2735 102 31 Reciter^

82 2762 116 22 Anecdote
214 2762 26 21 of
249 2761 38 22 wit
292 2770 6 18 ;
318 2761 58 23 Irish
389 2762 44 27 wit,
450 2763 84 27 budget
550 2764 26 22 of
592 2764 44 28 wit,

55 2789 45 22 and
109 2796 55 20 song
172 2789 69 21 books
249 2789 24 21 in
282 2792 63 23 great
353 2789 92 28 variety.

83 2822 127 22 November
218 2824 33 24 29,
263 2824 61 19 1841.

225 2867 66 19 Fort
306 2866 31 20 of
352 2867 123 20 London.

108 2900 87 21 Notice
214 2907 28 14 to
261 2907 45 14 the
327 2900 92 21 Public.
421 2911 28 4 —
449 2900 123 24 Travellers
592 2903 45 21 and

56 2926 74 22 others
139 2926 49 22 who
198 2926 53 22 send
260 2927 109 27 baggage,'
377 2927 71 22 works
459 2928 25 21 of
494 2931 40 23 art,
543 2936 24 14 or
574 2930 63 21 other

55 2954 65 21 value
130 2957 101 23 property
242 2956 22 19 to
274 2952 110 28 England,
402 2953 80 22 should
497 2955 91 27 consign
598 2956 38 22 the

55 2980 109 27 packages
174 2983 22 18 to
206 2980 37 21 the
254 2987 49 14 care
310 2980 25 21 of
342 2987 13 14 a
360 2980 100 22 licensed
467 2981 168 24 Custom-house

55 3010 74 23 agent,
145 3014 23 14 as
184 3006 87 22 articles
285 3014 37 14 are
338 3006 127 28 frequently
478 3008 95 28 injured,
591 3010 46 21 and

54 3033 101 22 needless
165 3040 95 20 expense
275 3033 109 27 incurred,
402 3034 35 21 for
451 3034 38 21 the
503 3039 61 18 want
579 3036 26 21 of
622 3044 14 14 a

54 3067 82 19 proper
144 3067 78 19 person
232 3063 24 18 to
266 3060 52 21 take
327 3060 80 26 charge
417 3060 25 21 of
458 3060 60 22 them
534 3069 30 14 on
578 3062 58 22 their

56 3086 86 24 arrival,
154 3086 43 21 and
205 3093 37 14 see
257 3086 61 21 them
334 3086 97 27 entered,
450 3088 124 26 examined,
591 3089 45 22 and

55 3112 108 27 carefully
176 3112 115 28 repacked.
326 3112 47 22 The
393 3113 80 27 charge
489 3114 18 21 is
522 3114 37 22 the
576 3122 59 15 same

55 3138 99 23 whether
163 3146 23 14 so
197 3139 120 26 consigned
327 3146 24 14 or

106 3165 169 22 Custom-house
284 3165 116 27 Chamber,
412 3166 101 28 London,

57 3218 138 49 DEVOY
204 3219 44 20 and
258 3219 53 26 CO.,
326 3220 44 19 who
384 3226 37 13 are
437 3221 34 19 the
486 3222 150 21 LICENSED

138 3246 121 19 AGENTS
268 3246 27 25 of
303 3247 47 19 Her
357 3247 110 25 Majesty's
474 3248 165 25 Commissioners,

56 3272 28 25 of
97 3273 97 24 Customs,
203 3273 42 20 and
257 3274 66 19 under
332 3274 64 25 heavy
403 3275 63 20 bonds
473 3276 41 24 for
524 3276 34 19 the
567 3277 69 25 safety

56 3300 28 25 of
89 3302 102 23 property
206 3300 109 25 consigned
329 3303 21 18 to
364 3302 62 24 them,
446 3302 44 26 beg
506 3302 64 22 those
586 3303 49 22 who

56 3326 56 21 send
121 3326 107 26 packages
238 3330 23 18 to
271 3326 57 23 their
337 3335 57 19 care,
409 3332 22 17 to
442 3335 36 14 see
489 3328 47 22 that
545 3329 55 22 each
608 3330 27 22 be

56 3352 113 28 distinctly
186 3352 93 22 marked
325 3354 79 22 Devoy
423 3355 45 21 and
487 3356 45 26 Co.,
553 3356 82 23 Lower

55 3379 197 27 Thames-street,
391 3381 86 22 andthe
484 3382 39 21 bill
529 3382 26 21 of
560 3382 76 28 lading

56 3413 26 14 or
94 3406 85 26 receipt
191 3406 123 22 forwarded
331 3410 22 18 to
372 3408 61 21 them
451 3408 69 22 direct
534 3409 31 26 by
578 3413 55 24 post,

55 3432 54 21 with
118 3432 141 22 instructions
268 3432 50 22 how
328 3433 54 22 such
391 3434 69 26 goods
470 3442 35 14 are
516 3438 22 19 to
550 3436 27 21 be
592 3436 43 21 dis-

55 3459 69 26 posed
134 3459 26 21 of
170 3466 28 14 on
207 3459 78 22 arrival
294 3467 6 19 ;
316 3460 44 21 and
367 3467 24 14 as
399 3468 66 19 every
471 3462 99 26 package
577 3467 59 18 must

54 3486 29 21 be
101 3485 84 28 opened
205 3488 23 18 at
245 3485 38 22 the
301 3486 176 27 Custom-house,
496 3488 21 21 if
536 3496 44 20 any
598 3497 37 15 are

54 3512 86 27 locked,
152 3512 37 21 the
198 3512 54 27 keys
261 3512 81 21 should
350 3513 28 21 be
387 3513 130 22 forwarded.

85 3539 75 21 Goods
169 3539 44 20 and
222 3539 108 27 packages
341 3546 36 15 are
386 3540 122 22 forwarded
517 3541 31 26 by
557 3541 78 27 Devoy

54 3565 47 21 and
111 3566 37 20 Co.
158 3568 22 18 to
191 3565 29 21 all
233 3568 60 24 parts
307 3565 25 22 of
344 3566 37 21 the
398 3566 126 28 Continent,
536 3567 42 23 the
578 3567 58 23 East

56 3591 45 22 and
111 3592 61 21 West
180 3591 81 26 Indies,
271 3591 108 28 Colonies,
390 3593 40 21 &c.
441 3594 41 21 &c.
490 3601 6 14 :
508 3594 50 26 and,
570 3594 20 21 if
601 3602 34 14 re-

55 3618 85 27 quired,
152 3621 49 19 sent
214 3622 22 17 to
247 3618 36 21 the
297 3626 49 14 care
360 3619 26 21 of
397 3620 135 26 responsible
548 3620 86 28 houses,

55 3644 50 22 who
120 3645 45 21 will
179 3652 36 14 see
231 3644 38 22 the
284 3645 144 22 instructions
443 3649 51 18 sent
506 3646 54 22 with
575 3647 60 22 them

56 3671 130 28 punctually
196 3671 106 21 attended
311 3674 30 18 to.

83 3697 39 22 All
131 3698 68 26 goods
207 3697 46 21 and
262 3697 108 28 packages
379 3697 35 22 for
423 3698 111 27 shipment
541 3703 59 18 must
608 3700 27 22 be

56 3724 158 27 accompanied
223 3725 29 26 by
268 3723 87 23 written
368 3724 150 28 instructions,
529 3726 53 21 with
598 3727 37 22 the

54 3758 68 14 name
132 3751 44 21 and
184 3750 89 22 address
283 3750 26 22 of
322 3749 36 23 the
367 3751 82 26 parties
457 3751 31 28 by
497 3752 72 22 whom
583 3753 53 29 they

54 3784 38 14 are
106 3780 56 24 sent,
179 3777 44 21 and
237 3777 39 21 the
289 3780 102 18 contents
404 3777 44 22 and
463 3778 64 22 value
544 3779 26 21 of
582 3780 54 21 each

54 3803 99 27 package
163 3803 77 22 stated.
269 3803 47 22 The
332 3803 54 27 duty
397 3804 107 22 outwards
518 3805 19 21 is
546 3807 42 20 10*.
597 3813 40 20 per

55 3830 61 22 iSIOO
131 3830 71 22 value.
239 3830 47 21 The
303 3833 47 19 rate
365 3830 26 21 of
404 3831 117 22 insurance
539 3832 97 27 depends

56 3863 61 20 upon
126 3857 178 21 circumstances.
334 3857 43 21 For
393 3856 85 22 further
494 3857 141 24 information

55 3883 68 27 apply
147 3887 23 17 to
193 3883 42 22 Mr.
256 3883 92 23 Samuel
373 3883 100 28 Revans,
492 3884 143 29 Wellington,

56 3909 54 23 Port
118 3909 128 23 Nicholson.

765 122 171 26 Wellington
948 122 189 26 Observatory.
1155 134 2 3 ■

666 154 128 23 TOSEPH
811 169 2 5 .
838 155 174 26 M'GREGOR,
1037 170 3 5 .
1059 155 179 26 Chronometer,

657 186 27 22 jtf
720 181 83 27 Olock,
818 181 45 22 and
877 181 88 21 Watch
980 181 96 26 Maker,
1090 181 58 26 begs'
1162 184 22 18 to
1204 188 37 14 re-

658 211 52 17 turn
718 207 35 22 his
762 208 85 21 sincere
856 207 82 22 thanks
945 211 22 18 to
977 207 39 22 the
1025 211 80 23 gentry
1114 207 45 22 and
1166 207 74 27 public

659 234 25 21 of
699 233 53 23 Port
774 233 122 23 Nicholson
918 234 37 21 for
968 233 39 22 the
1025 233 78 23 liberal
1120 237 120 23 patronage

658 260 113 22 bestowed
781 260 104 27 hitherto,'
894 261 45 21 and
955 260 61 27 begs,
1024 260 145 33 respectfully,
1174 263 23 18 to
1205 259 40 22 in-i

659 286 56 22 form
727 287 59 21 them
802 287 49 21 that
861 287 29 21 he
906 287 42 21 has
954 289 117 23 .removed'
1082 289 23 19 to
1121 283 124 28 Lamhtanr.

659 320 66 20 quay,
736 313 46 21 and
796 316 74 24 trusts,
880 313 31 27 by
922 313 106 26 assiduity
1037 313 46 21 and
1096 312 108 22 attention
1218 315 33 23 to(

659 339 108 26 business,
778 339 27 22 he
811 347 52 20 may
873 343 61 18 meet
943 348 14 13 a
964 336 86 25 further
1058 339 64 21 share
1132 338 30 26 ,of
1167 338 74 28 public

657 369 130 24 patronage.
803 372 3 17 :
974 384 3 3 .
1101 371 151 25 '-,[,,,,.

675 398 3 6 '
687 398 170 23 Chronometers
871 399 94 22 cleaned
979 399 31 27 by
1020 406 13 15 a
1041 398 108 28 prepared
1159 398 83 21 instru-

661 428 69 19 ment*
748 439 2 5 ■
815 434 3 8 '
903 441 3 3 ■
981 440 3 4 ■
1126 424 88 19 >'.'.,

651 453 2 20 !
687 452 146 28 Barometers,
849 452 73 24 music
936 452 76 27 boxes,
1031 453 41 21 &c.
1088 452 48 27 &c,
1150 451 93 22 cleaned

661 478 44 22 and
714 478 107 28 repaired.
932 488 2 4 ■
964 483 3 7 '
1032 485 2 5 '
1060 486 5 8 '
1107 484 40 14 ;'.

661 525 50 46 A
738 523 135 28 HEWITT,;
880 523 160 25 Fishmonger,
1051 522 110 22 Lambton
1170 523 77 27 Quayy

715 560 11 11 •
743 550 143 27 Wellington,
892 552 90 19 returns
990 550 36 21 his
1034 546 176 30 sincere/thanks
1217 551 25 25 ,to

661 576 37 21 the
716 576 137 21 inhabitants
871 576 27 21 of
898 572 8 26 j
917 575 45 22 this
980 576 86 26 Colony
1081 576 35 21 for
1134 572 37 25 tlie
1181 581 63 21 ,yery

659 602 80 22 liberal
757 605 90 25 support
861 602 34 24 he,
901 599 45 24 lias
961 600 98 23 hitherto
1069 601 112 27 .received,
1200 600 45 22 and

661 629 53 27 begs
724 632 22 18 to
755 629 85 23 iniorm.
846 628 62 22 them
918 628 48 22 that
981 628 27 22 he
1017 628 41 22 has
1067 628 64 22 made
1141 634 103 20 arrange-

661 658 73 19 ments
749 655 35 22 for
802 663 12 14 a
823 677 2 5 ,
829 658 105 19 constant
948 654 80 28 supply
1047 655 26 21 of
1089 654 40 22 the
1147 654 98 22 choicest

661 680 103 23 varieties
773 681 24 22 of
807 680 49 28 fish,
873 678 74 25 which
963 680 29 22 he
1008 680 137 28 confidently
1159 687 86 15 recom-

662 708 77 21 mends
748 706 28 23 to'
782 708 36 21 the
822 708 80 26 -public
912 708 131 26 asbeingof
1053 707 38 22 the
1098 707 49 22 best
1152 706 92 28 quality.

657 731 3 11 1
689 734 82 22 Orders
780 734 32 21 for
823 734 105 28 shipping
933 733 112 29 received,
1060 732 46 23 and
1113 733 131 28 punctually

663 760 106 23 attended
778 764 29 19 to.
811 775 3 13 s
851 781 1 5 ,
911 777 4 6 ,
950 776 2 4 ,
975 775 4 4 .
997 776 3 4 .

796 802 3 3 •
929 794 71 15 fresh
1016 794 77 15 daily.
1136 802 24 12 ,
1186 802 5 4 -
1216 802 3 5 .

689 820 63 27 Also,
764 828 14 14 a
786 820 79 27 supply
875 821 31 21 of-
915 820 130 27 vegetables'
1058 819 61 23 fresh
1132 819 58 23 from
1200 819 45 23 »the

663 847 83 26 garden
757 847 66 27 daily.
1025 856 3 3 •
1103 850 18 15 '•»•
1139 849 86 20 '•■;•.•■!
1242 855 10 8 •■

788 892 52 20 For
854 892 70 25 Sale,
937 891 60 28 just
1010 884 152 39 arrive<^!,j
1174 889 5 23 \
1212 890 3 23 '.

671 939 96 18 Kif\/\
783 925 105 21 RE^MS
909 925 26 21 of
956 925 109 25 PAPER,
1085 924 119 27 consisting
1223 923 25 22 of

665 946 46 30 ill
720 956 26 20 11
755 947 12 29 1
783 951 98 27 printing
891 951 73 27 demy,
975 951 66 22 letter
1053 951 46 22 and
1112 954 53 18 note
1173 957 73 24 .paper

657 999 2 6 ,
783 978 26 21 of
818 978 90 22 various
918 978 56 22 sizes
981 978 45 21 and
1033 978 108 27 qualities,
1146 993 3 6 ,
1150 977 97 27 blotting

663 1012 73 20 paper,
748 1005 64 21 white
823 1004 45 22 and
878 1004 111 26 coloured,
1002 1004 52 22 blue
1065 1004 119 27 wrapping,
1195 1004 49 26 bag,

664 1032 67 26 Kent,
742 1031 67 27 hand,
819 1031 46 22 and
873 1031 102 27 imperial
985 1032 76 21 brown
1071 1037 74 21 paper.
1172 1034 5 4 '
1204 1042 4 6 >

701 1077 40 19 To
757 1076 128 26 Captains
895 1076 56 20 and
963 1076 90 20 Mates
1070 1075 29 20 of
1110 1075 109 20 vessels.

664 1109 93 48 LOG
775 1109 72 22 Books
865 1109 35 22 for
915 1109 50 22 Sale
982 1111 23 20 at
1023 1108 38 22 the
1076 1108 77 22 Office,
1164 1108 26 22 of
1203 1108 44 22 this

738 1143 74 19 paper.
866 1133 4 4 '
1012 1150 3 10 1
1072 1147 3 6 ■
1094 1148 4 5 -

694 1164 85 19 Gazette
792 1162 82 24 Office,,
880 1162 58 22 Nov.
948 1163 35 25 26,
993 1163 61 22 184)..
1084 1182 2 4 ,

811 1206 39 21 To
864 1206 34 21 be
914 1206 65 21 Sold
1000 1211 30 16 or
1043 1207 57 20 Let.

664 1239 9 12 r
680 1239 76 25 I^WO
769 1239 100 21 Wooden
880 1239 94 26 Houses,
986 1246 30 14 on
1022 1238 38 22 the
1066 1237 180 28 Tinakore-road,

673 1260 25 26 JL
741 1266 37 21 the
796 1265 82 22 second
896 1272 50 15 acre
964 1266 59 21 from
1041 1265 93 27 Captain
1150 1264 96 28 Smith's,

710 1293 127 26 containing
851 1292 50 21 four
908 1300 75 13 rooms
993 1291 45 22 and
1052 1299 14 13 a
1078 1298 98 21 passage,
1192 1293 57 20 each

666 1318 52 22 with
735 1319 51 22 zinc
803 1319 76 24 roofs,'
895 1318 47 22 arid
964 1319 23 21 in
1011 1325 67 19 every
1096 1322 85 23 respect
1199 1318 50 22 well

665 1345 100 22 finished.
793 1345 77 22 Terms
873 1356 26 4 —
899 1344 25 22 If
931 1345 54 27 sold,
1067 1344 35 23 for
1107 1345 54 21 each
1166 1344 69 22 house
1240 1353 7 20 ;

664 1372 20 22 if
694 1373 38 26 let,
786 1380 38 19 per
834 1371 62 23 week
905 1371 36 23 for
950 1372 55 22 each
1013 1372 79 22 house.
1118 1371 84 28 Apply,
1203 1374 23 19 to

846 1425 3 3 .
877 1413 3 5 •
1054 1404 74 23 James
1141 1404 80 23 Watt.

690 1432 142 27 Wellington,
840 1432 59 22 Nov.
908 1431 36 27 27,
953 1433 60 21 1841.
1094 1428 84 32 -.'•;',

912 1477 86 20 Xiand.

668 1510 64 48 TO
756 1510 38 22 BE
816 1510 65 27 LET,
906 1509 39 22 the
963 1509 114 27 following
1095 1512 58 20 town
1178 1517 69 20 acres,

729 1537 55 22 Nos.
795 1544 28 14 on
833 1536 37 22 the
882 1537 111 26 Surveyor
1009 1536 116 22 General's
1135 1534 63 30 Plan^
1212 1538 34 26 84,

664 1564 33 26 85,
708 1565 47 27 264,
765 1565 46 25 384,
823 1564 47 26 385,
882 1563 52 27 '400,
951 1564 47 26 640,
1009 1564 47 26 516,
1074 1563 47 27 747,
1134 1563 49 28 '790,
1200 1564 46 27 863,

664 1591 47 25 966,
722 1592 47 26 967,
784 1591 59 21 1056.
852 1588 3 4 '

692 1616 54 22 And
769 1625 13 14 a
804 1617 82 22 section
908 1620 24 18 at
953 1616 134 28 Wanganui,
1112 1616 81 23 chosen
1216 1616 32 28 by

665 1644 42 20 Mr.
718 1644 56 27 Bell,
785 1644 43 21 No.
838 1651 30 14 on
878 1643 57 22 Plan
945 1644 46 21 158.
1121 1670 6 5 m
1152 1661 3 6 ,

691 1670 33 21 To
739 1671 29 21 be
774 1670 64 27 'sold,
851 1677 13 14 a
873 1670 86 22 section
967 1673 25 18 at
1001 1669 134 27 Wanganui.
1152 1668 4 11 '

691 1697 73 27 Apply
774 1700 21 19 to
878 1701 2 5 '
891 1702 2 5 '
899 1694 2 4 '
1134 1721 3 3 ,
1224 1704 3 8 '

774 1724 143 21 Alexander
931 1723 87 27 Perry,
1032 1723 187 27 Lambton-quay.

852 1776 79 20 Land
940 1775 46 26 for,
988 1795 5 7 x
993 1776 65 20 sale.

667 1810 43 31 rp
713 1809 44 21 HE
775 1808 90 22 TOWN
882 1808 82 22 ACRE
979 1808 125 22 numbered
1119 1809 26 20 93
1162 1815 29 15 on
1208 1808 38 22 the

673 1836 29 22 JL
726 1835 238 27 Surveyor-General's
976 1842 59 20 map,
1047 1830 46 26 and
1102 1834 37 22 the
1152 1837 95 25 country

665 1862 83 22 section
758 1861 123 23 numbered
888 1862 35 26 27,
932 1868 30 14 on
968 1862 38 21 the
1014 1861 175 27 Poriruaßoad;
1200 1862 46 21 also

666 1889 36 21 the
712 1892 59 18 town
783 1896 48 14 acre
844 1888 128 22 'numbered
981 1889 40 21 383
1037 1895 31 15 on
1077 1888 37 22 the
1124 1896 57 19 map,
1193 1888 53 21 with

666 1915 37 22 the
713 1919 93 23 country
815 1915 86 21 section
909 1915 26 21 in
944 1915 38 21 the
993 1914 64 22 order
1067 1915 25 21 of
1105 1915 74 21 choice
1188 1915 48 21 434.

984 1948 87 22 Henry
1080 1948 32 21 St.
1122 1948 69 21 Hill.

744 1992 132 26 Building
885 1993 169 19 Allotments
1065 1994 29 18 to
1108 1993 56 19 Let.

666 2026 49 48 A
742 2025 132 22 NUMBER
887 2024 28 22 of
924 2025 69 21 Town
1012 2024 70 22 Acres
1101 2025 24 21 in
1141 2024 37 22 the
1188 2027 59 19 most

744 2051 109 23 desirable
863 2051 118 22 situations
992 2051 168 27 inWellington,
1178 2054 23 18 to
1215 2051 29 22 be

664 2079 31 21 let
704 2086 29 14 on
743 2079 59 22 lease
812 2086 25 14 or
847 2077 122 28 otherwise,
978 2078 46 22 and
1030 2078 46 22 will
1082 2078 28 22 be
1116 2077 130 22 subdivided

666 2109 21 18 to
697 2106 44 21 suit
751 2108 94 19 tenants.
875 2104 66 22 Plans
955 2105 45 21 and
1013 2104 130 28 particulars
1156 2111 53 20 may
1217 2105 29 21 be

664 2133 73 21 learnt
747 2139 30 15 on
786 2131 134 28 application
927 2135 23 18 to

997 2157 87 23 Henry
1099 2158 35 22 St.
1148 2157 70 23 Hill.

684 2204 85 20 Town
784 2203 54 21 and
853 2203 122 26 Country
988 2203 79 20 Land
1080 2204 29 19 to
1124 2202 32 21 be
1172 2202 57 21 Let.

667 2236 165 49 SECTIONS
848 2236 44 21 and
907 2236 101 26 portions
1025 2236 26 21 of
1064 2236 98 21 Sections
1177 2235 25 21 in
1216 2235 31 21 all

734 2266 60 24 parts
811 2263 26 21 of
851 2262 37 22 the
906 2263 71 21 Town
995 2262 27 22 of
1035 2262 144 27 Wellington,
1200 2261 46 22 also

666 2290 98 31 Country
774 2289 99 22 Sections
885 2289 26 21 in
922 2289 38 21 the
976 2289 96 21 districts
1087 2289 26 21 of
1125 2289 37 21 the
1179 2288 65 28 Hutt,

665 2317 37 21 the
715 2316 85 27 Kaiori,
810 2316 38 22 the
858 2316 77 27 Ohiro,
947 2316 45 21 and
1004 2316 38 21 the
1055 2316 98 21 Porirua.
1181 2315 66 27 Long

664 2343 70 22 leases
744 2343 26 21 of
776 2343 36 21 the
830 2345 95 24 country
933 2342 55 22 land
1002 2342 47 22 will
1063 2342 29 22 be
1106 2342 93 27 granted
1216 2349 30 15 on

665 2370 128 22 reasonable
804 2373 74 18 terms.
906 2368 45 22 For
960 2368 131 28 particulars
1100 2368 65 28 apply
1174 2371 23 19 to
1253 2366 2 33 j

854 2403 99 22 Hanson
963 2402 46 22 and
1023 2403 111 21 Alzdobv

888 2436 125 22 Thorndon
1026 2437 72 26 Quay.
1108 2434 138 28 Wellington

802 2482 40 20 To
856 2480 250 27 Agriculturalists.

666 2515 87 48 FOR
762 2514 83 27 SALE,
855 2521 14 15 a
875 2514 66 22 small
947 2514 104 28 quantity
1056 2514 27 21 of
1087 2521 55 21 very
1148 2514 98 27 superior
1252 2524 2 6 '

736 2541 54 23 seed
797 2541 80 27 wheat,
887 2541 48 22 also
945 2548 14 15 a
967 2540 66 23 small
1047 2541 101 27 quantity
1158 2542 27 21 of
1193 2542 53 21 seed

664 2568 75 28 barley
748 2568 93 22 without
849 2567 65 27 husk,
924 2567 55 22 both
988 2575 78 19 grown
1080 2568 26 21 in
1121 2568 38 21 the
1172 2568 74 28 valley

665 2596 25 21 of
700 2595 38 22 the
747 2595 64 26 Hutt,
824 2594 45 22 and
877 2595 126 21 warranted
1012 2594 25 22 of
1048 2594 38 22 the
1096 2594 47 22 first
1153 2595 91 28 quality.

664 2622 18 21 F
684 2629 24 15 or
717 2622 137 27 particulars,
866 2621 68 27 apply
942 2624 23 19 to

824 2648 25 22 C.
859 2648 26 22 E.
896 2647 53 22 Yon
960 2648 117 26 Alzdorf,
1092 2648 85 22 Petoni.

725 2693 78 22 OUSE
816 2693 42 21 TO
872 2693 66 26 LET,
953 2691 90 23 WELL
1056 2692 189 29 FURNISHED,

751 2721 26 20 in
795 2727 42 15 one
853 2719 26 22 of
899 2719 39 22 the
953 2721 59 20 most
1029 2718 102 29 pleasant
1146 2723 60 24 parts
1225 2715 29 30 of!

664 2747 145 26 Wellington.
838 2745 77 28 Apply
924 2749 23 18 to

806 2780 125 27 Wallace,
941 2779 92 27 White,
1043 2779 47 23 and
1098 2779 121 24 Wallace.

689 2813 59 23 Nov.
759 2814 38 26 30,
808 2814 61 20 1841.
1253 2804 2 44 I

663 2858 80 21 PORT
764 2857 181 22 NICHOLSON
974 2857 68 22 AND
1065 2857 181 25 WANGANUI.
1253 2860 2 35 j

775 2891 90 21 Lands
875 2892 29 19 to
915 2891 34 20 be
960 2891 49 20 Let
1019 2897 30 15 or
1058 2891 74 21 Sold.

664 2924 161 49 SEVERAL
845 2924 71 21 Town
935 2924 45 21 and
993 2924 101 27 Country
1111 2924 94 24 sections
1223 2926 26 23 in
1253 2932 2 26 j

727 2951 38 22 the
778 2951 52 22 Port
839 2950 125 22 Nicholson
980 2950 91 28 district,
1086 2951 46 22 and
1149 2952 98 28 Country
1253 2946 2 15 '

663 2978 94 22 sections
764 2978 22 21 in
796 2978 38 21 the
842 2977 129 28 Wanganui
980 2977 92 27 district,
1082 2978 53 22 with
1143 2978 37 23 the
1188 2980 60 26 right

663 3005 25 21 of
707 3005 62 27 early
786 3004 87 22 choices
892 3004 82 27 (under
990 3005 36 26 14)
1044 3005 26 21 of
1089 3005 38 22 the
1141 3005 106 24 intended

661 3031 109 27 township
778 3031 66 27 there,
854 3034 23 18 to
882 3031 28 22 be
917 3031 48 22 sold
971 3038 26 14 or
1002 3030 38 23 let.
1070 3031 43 22 For
1119 3032 128 27 particulars

662 3058 45 21 and
715 3062 74 23 terms,
800 3058 68 27 apply,
877 3061 22 18 to

844 3090 95 22 Robert
954 3090 27 22 R.
997 3090 101 28 Strang,
1112 3091 106 23 Solicitor.

688 3117 144 27 Wellington,
842 3117 59 21 Nov.
911 3118 34 26 25,
957 3118 52 20 1841
1106 3125 2 5 '

873 3161 165 27 Wanganui.

663 3194 87 49 FOR
764 3194 84 22 SALE.
849 3206 28 3 —
877 3194 67 21 Land
960 3194 101 23 between
1080 3203 42 14 one
1141 3196 44 22 and
1202 3199 43 20 two

733 3221 64 22 miles
812 3221 26 22 of
850 3221 37 22 the
902 3220 110 28 township
1030 3225 24 18 at
1072 3222 127 27 Wanganui
1211 3224 35 21 for

662 3248 51 26 sale,
725 3248 23 21 in
757 3247 77 22 blocks
843 3248 27 21 of
880 3248 44 21 five
934 3255 61 15 acres
1008 3248 44 22 and
1066 3249 106 27 upwards,
1185 3257 24 14 or
1221 3253 24 19 to

661 3274 32 22 let
702 3281 29 15 on
743 3282 54 20 very
808 3274 78 22 liberal
896 3278 75 22 terms,
983 3274 52 23 with
1045 3274 38 23 the
1096 3276 58 26 right
1164 3276 26 21 of
1194 3284 51 20 pur-

662 3302 72 21 chase.
764 3301 73 27 Apply
848 3305 22 18 to
880 3301 28 22 R.
920 3300 65 28 Park,
995 3301 61 28 Esq.,
1067 3309 25 14 or
1101 3305 23 19 to

997 3334 24 23 J.
1035 3335 46 21 and
1096 3335 28 22 G.
1138 3335 80 23 Wade.

662 3379 117 48 LAND
798 3379 39 22 TO
861 3379 96 22 LET.—
957 3379 71 22 Town
1050 3387 62 14 acres
1134 3380 43 22 No.
1197 3382 45 26 168,

739 3407 45 25 156,
794 3407 48 25 423,
859 3406 34 26 47,
904 3407 50 26 561,-
965 3406 49 26 559,
1032 3406 45 22 and
1088 3413 75 21 many
1171 3407 74 22 others

662 3432 23 22 in
695 3433 37 21 the
743 3436 57 18 most
809 3432 120 25 desirable,.
931 3432 123 23 situations.
1083 3432 56 23 Also
1150 3438 95 24 country

662 3459 53 22 land
723 3467 28 14 on
761 3459 37 22 the
807 3459 72 22 bank's
889 3459 26 21 of
922 3459 38 22 the
968 3459 140 27 River.Hutt
1115 3460 45 21 and
1169 3467 30 15 on
1207 3460 37 23 the

663 3486 92 21 Porirua
764 3485 60 22 road.
853 3483 77 30 Apply
939 3488 24 19 to

1047 3512 28 21 J.
1085 3513 35 21 W.
1136 3513 80 22 Child.

872 3557 40 20 To
927 3558 34 19 be
974 3558 59 24 Let',

664 3590 160 48 SEVERAL
838 3589 94 23 TOWN
942 3587 105 29 ACRES,
1055 3591 25 21 in
1089 3591 87 22 various
1185 3594 59 24 parts

727 3617 26 21 of
764 3617 143 27 Wellington.
937 3617 44 21 For
989 3617 137 27 particulars,
1142 3618 67 27 apply
1220 3621 24 19 to

836 3651 26 22 E.
878 3651 144 26 Catchpool,
1032 3650 107 23 Dickson-
1144 3655 72 19 street.

664 3686 70 56 TO'
744 3695 39 21 BE
797 3695 64 28 LET,
878 3695 38 22 the
933 3698 59 19 town
1010 3703 51 15 acre
1075 3697 44 21 No.
1129 3697 47 27 210,
1187 3704 30 16 on
1230 3706 14 14 a

735 3721 102 28 building
845 3722 68 27 lease,
923 3722 35 22 for
965 3723 104 21 fourteen
1078 3730 70 20 years.

659 3757 3 6 '
688 3754 34 21 To
730 3754 28 21 be
768 3754 30 22 let
807 3762 24 14 or
839 3755 55 27 sold,
906 3755 38 22 the
955 3758 59 19 town
1023 3762 50 15 acre
1082 3756 43 22 No.
1136 3758 46 21 642.

689 3780 32 22 To
730 3780 29 22 be
776 3781 52 26 sold,
840 3782 37 21 the
892 3782 145 26 preliminary
1049 3783 111 27 (country)
1179 3784 65 22 Land

663 3807 71 22 Order
753 3807 43 22 No.
812 3808 47 26 153,
880 3808 74 22 which
972 3808 77 23 stands
1068 3812 82 19 seventh
1164 3810 24 22 in
1205 3811 38 22 the

663 3833 64 22 order
736 3833 26 21 of
766 3833 75 22 choice
851 3837 23 18 at
883 3834 39 22 the
931 3839 56 18 next
996 3835 107 23 selection
1112 3837 27 22 of
1150 3841 93 24 country

663 3860 101 23 sections.
774 3882 4 5 ,
793 3860 75 28 Apply
878 3863 23 20 to

931 3888 23 22 J.
967 3888 27 23 T.
1009 3888 144 30 Wicksteed,

994 3914 222 30 Hawkstone-street,
