2510 3999
714 2229 168 23 SHIPPING
900 2229 269 23 INTELLIGENCE.

1257 2251 92 68 New
1380 2251 214 68 Zealand
1625 2251 215 68 Gazette

1304 2319 67 22 AND
1385 2320 212 23 WELLINGTON
1612 2323 181 22 SPECTATOR.

872 2286 144 20 ARRIVED.

910 2313 69 18 None.

1395 2389 128 26 Saturday,
1536 2389 56 22 May
1604 2392 34 23 21,
1651 2391 59 21 1842.

888 2363 113 19 SAILED.

681 2399 51 24 May
742 2399 34 23 18,
787 2399 102 19 schooner
901 2398 106 25 Industry,
1019 2399 35 24 25,
1071 2398 119 27 M'Gregor,
1200 2399 33 20 for

654 2425 127 21 Wanpanui.

682 2507 60 19 Same
753 2507 46 26 day,
810 2507 101 20 schooner
921 2508 81 25 Henry,
1014 2508 26 19 17
1050 2510 56 22 tons,
1117 2507 114 27 Daymond,

654 2534 33 19 for
697 2533 126 20 Manewatu.

681 2453 60 19 Same
752 2453 46 25 day,
809 2455 67 17 cutter
891 2453 111 24 Pickwick,
1013 2453 26 20 38
1050 2455 55 23 tons,
1117 2453 72 27 Styles,
1200 2453 33 20 for

654 2479 88 19 Nelson.

682 2561 60 20 Same
758 2561 46 26 day,
821 2563 102 19 schooner
941 2563 111 24 Chapman,
1070 2563 26 19 14
1115 2564 53 23 tons,
1187 2563 46 19 Ste-

654 2589 103 24 phenson,
768 2589 34 20 for
811 2589 50 21 New
872 2589 118 24 Plymouth.

682 2616 51 25 May
743 2617 34 24 20,
788 2617 116 25 brigantine
913 2617 56 26 Ann,
981 2617 24 20 62
1025 2619 55 22 tons,
1091 2617 94 26 Higgins,
1200 2617 33 21 for

656 2643 90 24 Sydney.

683 2671 60 19 Same
758 2671 47 26 day,
817 2672 103 19 schooner
934 2672 97 23 Look-in,
1048 2672 27 20 82
1090 2673 54 23 tons,
1160 2672 72 25 Stobo,

654 2698 33 20 for
697 2698 89 20 Nelson.

684 2725 60 20 Same
754 2725 46 26 day,
812 2726 101 20 schooner
922 2726 75 25 Flying
1006 2726 57 23 Fish,
1074 2725 34 21 for
1119 2725 73 27 Otago.

684 2753 60 19 Same
763 2753 46 25 day,
828 2753 103 20 schooner
948 2754 123 25 Harlequin,
1091 2753 33 24 64,
1141 2754 91 26 Phillips,

655 2780 32 18 for
697 2780 36 18 the
743 2783 64 15 coast.

878 2822 33 21 IN
927 2823 83 20 PORT.

682 2857 83 26 Barque
783 2857 111 26 Clydeside,
905 2858 41 20 236
962 2860 55 22 tons,
1037 2857 125 26 Mathieson,
1176 2860 57 20 refit-

655 2885 53 24 ting.
737 2885 66 19 Waitt
812 2885 40 19 and
861 2885 72 24 Tyser,
942 2885 76 24 Agent.

682 3022 111 19 American
802 3022 117 25 brigantine
937 3022 49 19 O.C.
1000 3022 115 24 Raymond,
1130 3024 36 19 142
1178 3026 54 21 tons,

655 3049 102 23 Denizen,
765 3048 33 20 for
809 3048 106 21 Otaheite.
944 3049 21 20 J.
976 3048 73 23 Wude,
1061 3051 75 21 Agent.

684 2912 51 25 Ship
751 2913 86 19 Martha
852 2913 108 25 Ridgway,
973 2913 38 19 621
1023 2914 55 23 tons,
1097 2913 70 25 Webb,
1178 2915 57 19 refit-

655 2940 53 25 ting.
737 2939 109 26 Ridgways
856 2940 41 19 and
905 2939 46 24 Co.,
962 2940 88 25 Agents.
1138 2955 2 5 ,

684 2967 50 25 Ship
744 2967 91 25 London,
849 2967 38 20 700
899 2969 56 22 tons,
966 2967 96 24 Atwood,
1072 2967 35 20 for

654 2994 115 20 Waittand
779 2992 71 26 Tyser,
861 2994 89 24 Agents.

682 3131 106 20 Schooner
795 3132 156 22 Perseverance,
959 3130 33 26 50,
1004 3130 86 26 Bishop.
1103 3141 3 4 •
1120 3131 112 27 Ridgways,

654 3158 94 24 Guyton,
759 3158 41 19 and
809 3158 63 24 Earp,
884 3159 87 23 Agents.

682 3076 107 20 Schooner
803 3076 116 25 Elizabeth,
931 3077 26 19 52
974 3078 56 22 tons,
1042 3076 76 21 Smith.
1145 3077 88 21 Wallace

654 3104 41 19 and
706 3103 47 24 Co.,
762 3104 88 24 Agents.

682 3186 50 24 Brig
746 3186 75 24 Agnes,
838 3186 40 19 280
896 3188 57 20 tons,
970 3184 68 21 Cobb.
1048 3193 2 5 •
1065 3184 21 22 J.
1103 3186 32 21 M.
1150 3187 83 25 Taylor,

654 3213 77 25 Agent.

682 3240 107 20 Schooner
803 3240 71 25 Mana,
892 3240 26 20 27
936 3242 55 22 tons,
1008 3239 125 22 M'Donald.
1165 3241 68 20 Willis

654 3267 41 20 and
709 3266 48 25 Co.,
767 3268 85 23 Agents.

823 3327 122 19 CUSTOM
960 3327 108 19 HOUSE.

892 3387 110 13 IMPORTS.

682 3415 29 20 In
728 3421 47 14 the
944 3421 64 14 from
1029 3415 103 23 Sydney.
1133 3427 24 4 —
1157 3418 75 24 Agent,

653 3443 22 19 J.
685 3443 33 19 M.
732 3443 82 25 Taylor.
816 3453 26 4 —
842 3443 14 19 3
873 3448 56 14 cases
944 3443 80 23 cheese,
1036 3443 23 19 11
1071 3443 51 26 kegs
1136 3444 74 25 butter,
1222 3445 10 19 1

645 3470 54 22 fcase
717 3470 133 26 champagne,
862 3471 11 19 1
889 3470 48 20 cask
955 3471 80 21 cheese,
1049 3471 22 19 T.
1085 3471 28 20 B.
1130 3472 62 19 Hine.
1194 3482 26 4 —
1220 3473 13 18 3

647 3502 63 14 .cases
720 3497 85 26 liquers,
818 3498 24 19 12
853 3504 57 13 cases
921 3497 59 24 wine,
991 3497 79 20 Bowler
1081 3498 43 20 and
1131 3499 74 20 Smith.
1207 3509 27 4 —

656 3524 24 19 12
690 3524 64 20 boxes
764 3528 40 21 tea,
819 3526 22 19 T.
852 3525 27 19 B.
891 3525 63 19 Hine.
956 3535 28 4 —
986 3525 39 19 100
1041 3525 50 25 bags
1101 3526 57 23 flour,
1169 3527 65 24 Ridg-

654 3556 56 19 ways
718 3551 42 19 and
771 3552 33 20 Co.
805 3563 26 4 —
835 3552 38 20 100
885 3551 49 26 bags
949 3552 60 26 flour,
1024 3552 32 20 W.
1066 3553 26 20 B.
1103 3553 78 20 Rhodes
1195 3553 39 20 and

657 3577 32 21 Co.
691 3588 27 4 —
724 3579 7 17 L
743 3584 47 14 case
805 3579 91 26 apparel,
906 3580 86 19 Pantin.
995 3590 26 3 —
1023 3580 12 18 5
1046 3579 48 26 bags
1106 3581 67 24 coffee,
1186 3581 25 19 10
1220 3580 14 23 £

654 3605 69 19 chests
739 3608 41 21 tea,
791 3607 60 19 cedar
868 3606 76 25 chests,
955 3607 27 19 20
998 3606 14 24 £
1028 3607 68 19 chests
1114 3610 36 23 tea,
1162 3609 11 18 5
1185 3608 48 25 bags

655 3632 70 22 coffee,
741 3633 13 18 6
768 3630 51 28 bags'
834 3640 69 19 sugar,
919 3635 13 19 3
949 3640 56 14 cases
1021 3636 75 23 grates,
1108 3635 11 19 1
1136 3635 97 26 weighing

654 3659 103 24 machine,
768 3661 12 18 9
795 3661 94 24 weights,
899 3662 26 18 20
941 3661 50 26 bags
1007 3661 49 24 rice,
1067 3662 13 19 2
1098 3668 55 14 cases
1165 3668 67 19 sugar,

656 3685 12 19 1
685 3685 61 20 cedar
761 3687 64 24 chest,
837 3689 11 18 1
865 3694 54 18 case,
931 3689 26 19 52
972 3689 50 25 bags
1039 3689 60 24 flour,
1117 3690 25 19 30
1157 3690 76 19 barrels

656 3711 61 25 ditto,
727 3713 12 18 5
750 3713 50 26 kegs
809 3715 78 23 butter,
898 3716 12 19 2
918 3722 60 15 ,cases
988 3716 64 25 slops,
1064 3716 12 19 2
1086 3716 55 20 bales
1149 3716 83 23 leather,

655 3739 13 19 3
679 3744 57 14 cases
753 3740 78 25 cheese,
843 3742 11 19 1
870 3742 47 20 bale
932 3742 103 25 blankets,
1046 3744 12 18 2
1076 3744 59 19 casks
1145 3750 66 19 sugar,
1221 3744 11 19 5

655 3765 69 20 chests
739 3769 41 22 tea,
791 3767 13 19 3
818 3769 58 25 pipes
891 3770 60 24 wine,
964 3770 26 20 17
999 3770 50 25 bags
1065 3776 69 20 sugar,
1145 3772 23 19 18
1185 3771 48 25 bags

655 3792 70 25 coffee,
737 3793 25 19 14
773 3793 49 26 bags
837 3795 50 24 rice,
898 3796 11 20 1
920 3797 77 25 pocket
1012 3798 61 24 hops,
1085 3799 12 18 2
1108 3800 49 18 mats
1169 3798 63 24 dates,

656 3820 11 19 1
678 3820 49 20 cask
737 3820 61 25 glass,
806 3822 11 19 2
828 3822 61 20 casks
898 3829 68 19 sugar,
975 3824 12 19 6
997 3825 69 19 chests
1074 3827 41 22 tea,
1122 3826 12 18 4
1145 3825 12 24 £
1167 3826 66 19 chests

654 3849 40 24 tea,
707 3848 11 18 8
729 3847 64 21 boxes
802 3849 80 24 raisins,
896 3850 9 19 1
924 3856 46 14 case
987 3850 104 27 Cayenne,
1103 3853 12 18 5
1133 3852 46 26 bags
1191 3852 42 19 cof-

654 3873 39 25 fee,
707 3875 25 18 15
748 3875 50 25 bags
811 3876 49 23 rice,
873 3876 10 19 1
901 3883 47 13 case
957 3877 68 24 shoes,
1038 3878 10 18 1
1065 3884 47 13 case
1127 3879 84 23 leather,
1222 3880 11 18 2

654 3901 87 19 bundles
759 3902 61 24 ditto,
838 3903 11 18 1
864 3908 47 14 case
929 3904 121 23 stationery,
1062 3905 11 17 2
1089 3904 56 20 bales
1159 3906 11 19 1
1189 3911 44 13 case

654 3927 63 28 slops,
730 3928 7 18 1
759 3931 55 16 crate
830 3929 54 23 glue,
898 3929 12 18 3
927 3934 58 13 cases
1083 3930 9 18 1
1112 3927 44 22 cast
1175 3931 36 23 oil,
1223 3932 7 17 1

1294 2443 106 23 Rumour
1426 2444 42 23 has
1491 2445 58 22 been
1571 2446 43 22 rife
1645 2446 23 23 in
1700 2446 103 31 England
1827 2448 17 23 it

1261 2476 73 23 would
1346 2484 83 23 appear
1446 2478 31 29 by
1488 2477 37 23 the
1538 2485 61 16 news
1618 2479 117 23 furnished
1753 2481 28 30 by
1798 2481 53 23 late-

1261 2509 101 28 arrivals,
1375 2510 24 22 in
1411 2511 101 29 creating
1529 2511 38 23 the
1584 2511 71 24 belief
1674 2512 50 23 that
1742 2513 101 24 Govern-

1261 2547 62 18 ment
1345 2543 165 31 contemplated
1533 2552 29 15 an
1583 2546 117 22 extensive
1719 2546 85 24 scheme
1822 2547 24 23 of

1262 2576 142 30 emigration.
1451 2576 90 31 Report
1559 2577 45 24 had
1616 2579 74 22 stated
1703 2579 47 23 that
1762 2580 82 23 Minis-

1261 2613 45 18 ters
1334 2608 108 24 intended
1470 2611 123 30 proposing
1614 2615 24 19 to
1662 2611 137 25 Parliament
1821 2619 23 17 to

1261 2641 88 32 expend
1366 2642 155 29 £5,000,000
1538 2643 35 23 for
1589 2643 39 24 the
1644 2652 104 23 purpose.
1793 2646 51 23 The

1262 2675 63 22 mode
1338 2675 24 22 of
1378 2676 85 30 raising
1475 2676 44 23 this
1540 2684 120 16 enormous
1679 2686 50 15 sum
1747 2678 41 24 had
1805 2684 40 18 not

1262 2707 125 32 transpired
1399 2717 5 20 ;
1423 2709 42 23 but
1475 2709 37 23 the
1524 2709 120 24 advocates
1661 2711 25 22 of
1705 2711 38 24 the
1763 2712 82 23 Wake-

1261 2740 52 24 field
1325 2746 85 25 system
1419 2742 24 22 of
1458 2742 135 30 emigration
1602 2744 116 30 protested
1724 2745 119 29 forthwith,

1263 2775 87 29 against
1359 2774 118 31 obtaining
1484 2776 19 22 it
1512 2775 33 31 by
1557 2784 78 16 means
1643 2777 24 23 of
1682 2779 105 28 taxation,
1800 2779 44 22 and

1263 2806 73 24 seized
1359 2807 38 23 the
1419 2808 130 23 favourable
1571 2815 101 18 moment
1690 2810 35 24 for
1741 2812 105 31 bringing

1262 2840 58 22 their
1341 2840 122 24 admirable
1487 2841 89 25 scheme
1594 2844 72 22 under
1684 2843 37 23 the
1738 2846 106 22 attention

1263 2873 24 23 of
1303 2873 36 23 the
1352 2874 84 30 public.
1484 2874 49 24 Mr.
1555 2876 128 23 Wakefield
1701 2885 45 15 was
1763 2878 34 24 led
1814 2878 32 30 by

1262 2906 37 23 the
1312 2914 61 15 same
1385 2913 82 25 report,
1480 2913 23 18 to
1519 2908 94 24 address
1631 2918 13 14 a
1658 2909 68 24 letter
1741 2919 57 23 upon
1809 2911 36 24 his

1263 2944 83 25 system
1359 2944 22 19 to
1394 2940 38 23 the
1445 2940 105 24 Cclonial
1562 2942 101 23 Gazette.
1701 2943 42 24 We
1754 2945 69 23 insert
1833 2953 13 15 a

1261 2973 89 30 portion
1368 2973 25 23 of
1409 2974 48 22 that
1477 2974 66 23 letter
1562 2975 24 23 in
1602 2976 101 30 to-day's
1714 2984 73 24 paper,
1800 2978 46 23 and

1262 3005 102 31 strongly
1371 3007 157 23 reccommend
1536 3008 17 22 it
1565 3012 22 19 to
1600 3008 39 23 the
1651 3011 143 26 attention.of
1803 3019 41 15 our

1262 3038 97 24 readers.
1395 3040 36 22 .It
1441 3040 27 24 ,is
1487 3048 14 15 a
1520 3041 111 31 masterjy
1654 3041 124 31 document,
1800 3045 46 22 and

1263 3071 133 31 completely
1408 3073 107 23 exhausts
1527 3074 31 23 its
1570 3074 96 32 subject.
1713 3076 44 24 We
1769 3077 24 23 do
1805 3083 41 18 not

1262 3105 135 23 remember.
1402 3109 23 19 to
1439 3106 56 23 have
1507 3107 53 22 read
1572 3115 45 23 any
1630 3109 126 30 exposition
1768 3111 21 23 of
1805 3110 38 24 the

1262 3138 51 30 plan
1332 3142 23 19 to
1373 3137 29 24 be
1423 3139 118 31 compared
1559 3141 62 22 with'
1633 3142 26 28 it,
1677 3142 24 23 in
1720 3142 36 24 the
1769 3144 75 30 ability

1262 3171 52 22 with
1327 3170 73 23 which
1411 3171 38 23 the
1461 3172 89 31 subject
1560 3174 20 22 is
1588 3174 96 24 treated.
1720 3175 42 25 We
1773 3177 71 23 would

1263 3204 74 23 advise
1350 3203 63 23 those
1426 3205 48 23 who
1491 3209 42 19 tan
1552 3206 52 31 duly
1623 3208 105 23 estimate
1747 3210 35 23 the
1800 3212 44 21 im-

1261 3242 106 26 portance
1381 3237 24 23 of
1420 3237 38 24 the
1470 3243 84 26 system
1567 3244 23 18 to
1601 3248 107 23 preserve
1726 3242 36 24 the
1778 3243 66 24 letter

1262 3278 24 15 as
1302 3278 18 17 a.
1332 3274 49 19 text
1399 3271 67 28 book,
1491 3277 22 17 to
1532 3273 74 23 which
1624 3274 114 24 reference
1759 3284 38 15 can
1815 3277 32 26 be.

1262 3303 63 23 made
1338 3308 22 17 at
1372 3311 44 23 any
1429 3305 53 22 time
1493 3304 34 23 for
1538 3305 38 23 the
1588 3308 100 29 grounds
1696 3316 61 23 upon
1764 3309 78 30 which,

1262 3344 44 23 any
1333 3336 91 31 portion
1442 3337 25 23 of
1489 3337 37 24 the
1546 3344 87 25 system
1654 3341 19 22 is
1699 3343 143 24 maintained.

1263 3369 42 22 We
1317 3369 61 22 often
1390 3369 73 31 forget
1472 3371 38 23 the
1521 3377 133 25 arguments
1662 3374 72 23 which
1742 3376 102 23 obtained

1263 3410 39 15 our
1325 3403 141 29 conviction;
1486 3399 76 29 'doubt
1579 3405 51 24 first
1649 3408 78 28 arises,
1750 3408 93 24 because

1263 3443 31 14 we
1306 3435 56 23 have
1381 3443 28 15 no
1428 3436 79 32 longer
1526 3438 38 23 the
1583 3447 78 15 means
1681 3440 25 22 of
1727 3441 117 32 defending

1262 3468 58 23 what
1332 3475 32 16 we
1376 3469 96 30 adopted
1473 3482 32 4 —
1505 3471 145 24 indifference
1666 3480 88 22 ensues,
1773 3475 41 23 and
1827 3475 20 22 if

1262 3501 37 22 the
1320 3502 110 30 opposing
1448 3508 131 26 arguments
1595 3513 38 15 are
1653 3507 125 31 speciously
1794 3513 48 26 put,

1263 3534 43 23 and
1324 3535 127 30 constantly
1468 3537 100 29 pressed,
1592 3545 55 23 very
1669 3546 69 24 many
1755 3541 43 22 will
1815 3541 29 22 be

1261 3567 96 23 induced
1369 3572 22 17 to
1403 3568 86 30 change
1501 3568 58 24 their
1571 3571 113 29 opinions.
1720 3572 71 24 While
1799 3574 45 22 had

1262 3600 52 30 they
1324 3600 55 31 kept
1391 3601 24 22 in
1426 3602 63 22 mind
1501 3602 38 22 the
1548 3604 101 29 grounds
1662 3605 25 22 of
1701 3605 58 24 their
1770 3607 72 28 belief,

1262 3641 24 14 or
1293 3633 45 22 had
1345 3633 44 22 had
1399 3641 60 16 some
1468 3642 52 23 easy
1529 3643 78 16 means
1621 3637 25 22 of
1661 3638 108 31 recalling
1776 3640 66 28 them,

1262 3666 53 30 they
1326 3671 40 18 not
1378 3666 52 31 only
1442 3668 73 29 might
1526 3673 41 17 not
1579 3669 58 23 have
1648 3670 70 32 been_
1729 3673 115 22 converted

1260 3707 42 15 nor
1315 3707 56 15 even
1386 3699 58 24 have
1461 3700 103 29 faltered,
1585 3701 41 24 but
1645 3702 74 31 might
1735 3704 54 25 have
1806 3706 38 22 in-

1260 3732 104 24 fluenced
1376 3732 37 24 the
1426 3733 70 23 belief
1505 3734 25 22 of
1555 3734 36 23 the
1608 3741 114 26 opponent
1741 3737 25 23 of
1786 3738 58 24 their

1262 3765 72 22 creed.

1294 3798 43 23 We
1351 3803 87 19 extract
1449 3799 37 23 the
1495 3800 116 31 following
1622 3802 91 29 portion
1723 3803 24 23 of
1756 3812 13 14 a
1778 3812 64 23 para-

1261 3832 71 30 graph
1342 3829 53 25 with
1408 3832 38 24 the
1456 3834 54 22 view
1520 3833 25 23 of
1555 3833 92 32 making
1662 3843 13 14 a
1682 3835 42 24 few
1736 3838 106 28 remarks,

1261 3864 73 23 which
1346 3872 32 15 we
1391 3865 73 24 desire
1482 3871 22 18 to
1517 3866 67 31 bring
1600 3868 73 23 under
1686 3868 37 24 the
1737 3872 105 22 attention

1261 3897 26 21 of
1295 3897 48 22 Mr.
1356 3897 128 23 Wakefield
1493 3907 42 15 :—

1314 3934 46 19 The
1371 3934 78 21 second
1460 3935 109 25 objection
1580 3941 42 17 ton
1631 3938 111 24 sufficient
1751 3941 55 25 price
1818 3942 24 24 is,

1868 133 47 22 that
1923 132 81 28 though
2019 133 91 22 suitable
2119 133 35 22 for
2164 133 48 22 rich
2228 133 53 22 soils
2291 131 72 23 which
2371 131 72 23 would

1868 160 63 21 make
1945 167 14 14 a
1972 160 58 26 large
2045 162 75 19 return
2137 162 23 19 to
2171 160 80 27 capital
2260 159 53 22 .and
2327 159 84 26 labour,
2426 159 18 22 it

1868 186 72 21 would
1952 186 26 21 be
1998 190 35 16 too
2047 185 54 28 high
2112 185 33 22 for
2159 193 14 14 a
2185 190 64 23 great
2263 189 51 25 part
2324 185 26 22 of
2362 185 53 22 such
2431 193 13 14 a

1868 215 91 24 country
1967 219 23 14 as
2001 213 116 26 Australia,
2130 212 72 22 where
2219 213 37 22 the
2271 213 60 21 main
2346 211 99 28 employ-

1868 242 59 18 ment
1936 239 18 21 is
1964 238 64 27 sheep
2037 239 102 26 farming,
2155 239 44 21 and
2214 240 73 21 where
2296 240 23 20 in
2330 244 60 16 some
2401 238 43 22 dis-

1867 265 59 21 tricts
1935 265 83 21 several
2027 272 59 14 acres
2096 272 37 14 are
2141 266 105 27 required
2255 269 22 18 to
2286 265 49 22 feed
2346 272 14 14 a
2369 264 74 28 sheep.

1869 291 51 21 And
1930 291 41 21 this
1980 291 106 26 objection
2091 294 64 19 'must
2164 292 26 21 be
2197 292 56 27 fully
2260 291 115 22 admitted.
2399 291 46 21 But

1867 318 23 20 in
1903 317 115 27 admitting
2026 317 24 26 it,
2066 318 37 21 the
2119 321 123 19 statement
2254 320 40 20 has
2310 322 22 18 to
2343 318 26 20 be
2379 317 64 22 made

1869 344 46 21 that
1934 343 89 27 nobody
2031 343 39 22 has
2087 352 49 14 ever
2151 345 109 26 proposed
2279 348 22 18 to
2311 347 39 23 put
2359 351 14 14 a
2385 345 59 26 price

1868 378 56 19 upon
1935 371 36 21 the
1980 377 39 15 use
2028 370 24 22 of
2058 371 87 21 natural
2155 374 125 23 pasturage.
2308 371 58 21 That
2374 371 71 26 might

1868 397 26 21 be
1907 396 92 27 granted
2006 396 32 22 for
2049 397 97 27 nothing,
2166 404 23 14 as
2199 398 31 20 all
2244 397 52 22 land
2311 397 54 21 used
2376 400 22 18 to
2408 398 34 25 be,

1868 423 39 21 but
1915 424 23 20 in
1948 423 58 22 strict
2015 423 125 27 proportion
2151 427 22 17 to
2188 424 37 21 the
2236 423 62 22 stock
2307 423 53 28 kept
2368 423 30 27 by
2408 423 36 22 the

1867 453 93 24 grantee,
1978 449 45 22 and
2040 457 28 13 on
2085 449 36 21 the
2138 449 113 23 condition
2267 451 49 21 that
2331 449 116 23 whenever

1868 484 44 19 any
1922 477 56 26 body
1987 476 86 21 wanted
2082 479 22 17 to
2117 476 47 25 buy
2174 484 44 19 any
2227 477 26 21 of
2263 477 25 27 it,
2302 477 49 21 that
2358 477 86 26 portion

1868 503 78 21 should
1955 503 26 21 be
1990 502 101 22 resumed
2100 503 30 26 by
2140 503 36 20 the
2187 503 153 22 Government
2347 503 36 21 for

1868 529 91 22 without
1967 536 54 14 even
2034 536 13 14 a
2056 529 111 26 tendency
2176 532 22 18 to
2209 529 75 22 defeat
2291 530 38 21 the
2341 529 72 27 object
2423 529 26 22 of

1868 557 98 26 insisting
1978 563 27 14 on
2021 563 13 14 a
2117 555 35 21 for
2161 562 67 21 every
2239 563 50 15 acre
2303 556 103 28 acquired
2422 562 26 16 as

1867 586 128 22 permanent

1899 618 43 23 We
1954 618 71 23 would
2035 618 85 22 submit
2131 616 49 23 that
2195 616 40 24 the
2252 617 111 32 objection
2374 616 73 25 stated

1868 651 84 30 applies
1963 655 22 19 to
2006 660 14 14 a
2035 651 98 23 uniform
2151 651 63 30 price
2232 650 76 24 rather
2325 651 53 23 than
2394 655 28 22 ,to
2434 658 13 15 a

1868 684 110 22 sufficient
1995 684 69 30 price.
2107 683 43 24 We
2171 683 57 23 have
2248 683 36 23 for
2305 690 66 24 years
2390 682 56 23 been

1867 716 56 30 fully
1933 717 120 29 impressed
2065 716 53 24 with
2137 716 48 24 Mr.
2199 716 149 24 Wakefield's
2359 715 54 31 plan
2425 715 25 23 of
2458 728 4 5 •

1868 756 12 15 a
1892 749 110 22 sufficient
2012 750 67 30 price,
2091 750 42 23 but
2143 757 34 15 we
2189 749 90 24 confess
2291 757 33 16 we
2335 750 57 22 have
2402 748 46 23 hatl

1868 788 39 16 our
1919 781 87 29 doubts,
2020 781 71 23 which
2102 790 38 16 are
2150 783 183 30 strengthening,
2346 786 100 26 respect-

1868 814 38 30 ing
1917 814 37 23 the
1969 814 76 23 merits
2058 814 24 23 of
2098 823 12 14 a
2120 815 100 23 uniform
2238 816 70 30 price.
2344 814 51 23 The
2407 814 41 23 ob-

1865 848 46 30 ject
1923 848 24 22 of
1962 847 37 23 the
2011 848 111 22 sufficient
2133 849 61 28 price
2213 856 26 15 as
2250 856 33 16 we
2295 848 57 23 have
2363 848 83 22 under-
2465 863 5 4 •

1868 881 63 22 stood
1942 881 24 28 it,
1978 881 20 22 is
2010 880 47 23 that
2068 888 66 22 every
2147 888 50 15 acre
2211 881 25 22 of
2250 881 88 30 ground
2350 880 58 23 shall
2419 880 28 23 be

1868 913 62 23 made
1942 918 21 19 to
1982 913 125 23 contribute
2124 914 24 21 in
2168 913 37 23 the
2225 914 81 30 degree
2326 912 24 24 of
2365 914 29 21 its
2405 921 41 15 ne-
2468 924 5 12 i

1868 947 80 29 ccssity
1960 951 21 18 to
1994 946 36 23 the
2040 946 80 23 labour
2131 946 65 23 fund.
2226 946 24 23 It
2261 946 81 23 should
2354 945 28 23 do
2394 946 52 28 this,

1867 980 40 22 but
1927 987 33 16 we
1980 980 54 22 have
2057 980 83 29 always
2159 979 98 31 thought
2276 981 19 21 it
2317 979 85 23 unwise
2425 983 23 18 to

1868 1013 86 30 require
1963 1013 17 22 it
1992 1017 22 18 to
2031 1013 27 22 do
2076 1020 71 15 more.
2183 1012 49 23 But
2248 1020 60 21 jvere
2326 1019 32 16 we
2378 1011 71 23 called

1868 1053 58 23 upon
1948 1051 22 18 to
1993 1046 75 22 decide
2090 1046 102 22 between
2214 1046 39 23 the
2275 1046 55 23 land
2349 1044 100 31 yielding

1867 1086 60 16 more
1940 1087 23 15 or
1974 1079 45 23 less
2031 1079 53 23 than
2095 1079 19 23 is
2126 1086 123 23 necessary
2259 1079 36 23 for
2308 1079 46 23 this
2367 1077 79 32 object,

1867 1119 31 15 we
1910 1112 80 23 should
2001 1112 27 23 be
2039 1113 22 21 in
2070 1112 78 23 favour
2161 1112 24 22 of
2195 1112 39 23 the
2246 1112 83 23 former
2340 1110 108 24 diviation

1867 1144 57 24 from
1936 1145 36 23 the
1983 1152 96 23 purpose
2090 1145 24 22 in
2126 1145 63 23 view.

1900 1184 24 23 It
1935 1192 92 23 appears
2039 1189 22 17 to
2074 1192 26 15 us
2113 1183 49 23 that
2171 1185 24 21 in
2207 1185 108 30 agreeing
2325 1188 22 19 to
2359 1183 38 23 the
2408 1190 41 16 use

1868 1218 24 22 of
1911 1217 88 23 natural
2020 1222 118 26 pasturage
2162 1217 110 30 without.,
2276 1216 39 25 the
2336 1216 114 24 sufficient

1868 1251 166 27 consideration,
2055 1250 47 23 Mr.
2124 1249 127 24 Wakefield
2268 1249 128 32 disregards
2413 1249 35 23 his

1868 1291 47 15 own
1927 1284 59 30 plan.
2023 1282 71 24 Stock
2107 1282 43 24 and
2170 1283 69 31 sheep
2257 1284 100 30 farming
2369 1287 80 18 cannot

1868 1316 26 23 be
1906 1316 98 31 pursued
2016 1316 92 23 without
2119 1317 38 22 the
2169 1324 41 15 use
2223 1317 26 23 of
2257 1317 79 23 labour
2337 1328 34 4 —
2371 1320 37 25 yet
2420 1316 30 30 by

1868 1350 120 30 conceding
1999 1349 36 23 the
2047 1357 40 15 use
2101 1350 25 23 of
2140 1350 91 23 natural
2243 1354 121 27 pasturage
2385 1349 64 22 with-

1868 1387 37 18 out
1926 1391 12 15 a
1956 1383 111 23 sufficient
2085 1383 61 30 price
2166 1390 25 16 or
2211 1388 59 23 rent,
2284 1390 12 15 a
2315 1382 94 23 demand
2429 1382 20 22 is

1868 1416 98 30 imposed
1978 1423 58 23 upon
2049 1415 37 23 the
2098 1416 80 22 labour
2195 1416 64 28 fund,
2272 1415 96 23 without
2378 1423 14 14 a
2399 1415 51 30 just

1869 1449 72 23 claim.
1984 1448 24 23 It
2026 1449 18 21 is
2062 1449 62 30 plain
2145 1449 38 22 the
2203 1448 81 24 labour
2426 1448 23 22 in

1869 1482 67 30 sheep
1948 1483 94 28 farming
2062 1481 45 23 and
2125 1481 180 31 stock-keeping
2321 1480 80 24 should
2421 1481 27 22 be

1869 1515 102 23 obtained
1982 1519 22 18 at
2015 1515 37 22 the
2065 1522 97 23 expense
2181 1515 24 22 of
2222 1514 45 24 this
2287 1515 57 22 class
2357 1513 25 23 of
2396 1521 52 23 pro-

1868 1548 101 30 prietors,
1982 1547 69 23 either
2061 1547 30 31 by
2104 1556 12 14 a
2128 1547 115 24 sufficient
2260 1549 62 29 price
2340 1547 35 23 for
2388 1547 60 28 land,

1869 1588 24 15 or
1902 1580 94 31 through
2008 1582 105 29 granting
2133 1580 97 23 licenses
2243 1585 22 18 at
2284 1585 59 19 rates
2361 1581 23 22 in
2396 1587 53 23 pro-

1872 1614 83 30 portion
1975 1620 21 16 to
2018 1613 36 23 the
2075 1615 104 29 quantity
2197 1615 26 22 of
2241 1613 65 24 stock
2324 1614 35 23 for
2378 1613 73 23 which

1870 1647 51 30 they
1932 1655 56 15 were
2002 1646 110 31 required.

1902 1686 46 24 Mr.
1962 1686 125 23 Wakefield
2105 1688 19 22 is
2144 1687 114 30 evidently
2270 1686 71 24 under
2358 1686 37 23 the
2407 1686 44 23 im-

1869 1720 100 30 pression
1981 1719 48 23 that
2046 1719 30 23 all
2093 1721 89 22 natural
2200 1726 123 25 pasturage
2341 1721 20 22 is
2379 1719 27 23 fit
2416 1719 35 23 for

1870 1753 141 30 agricultural
2029 1761 116 22 purposes,
2159 1753 45 23 and
2222 1754 49 23 that
2292 1754 63 22 there
2366 1752 45 23 will
2423 1753 28 22 be

1870 1794 12 14 a
1892 1785 41 30 day
1946 1785 62 23 when
2020 1787 17 21 it
2047 1786 46 22 will
2107 1787 28 22 he
2155 1787 106 30 required
2281 1792 21 18 to
2321 1787 27 22 be
2361 1785 55 23 used
2428 1787 23 21 in

1872 1819 45 22 that
1929 1827 105 21 manner;
2053 1819 45 23 and
2113 1820 20 22 if
2148 1820 45 22 this
2212 1827 58 16 were
2291 1823 84 19 correct
2388 1819 63 22 when

1871 1852 46 22 that
1929 1851 41 31 day
1983 1860 59 14 came
2056 1857 21 19 to
2097 1860 61 23 pass,
2173 1853 16 23 it
2201 1853 83 23 should
2296 1852 28 23 be
2336 1851 116 31 subjected

1871 1890 20 17 to
1914 1884 35 23 his
1971 1886 111 23 sufficient
2107 1886 61 30 price
2190 1886 111 30 principle
2303 1898 32 4 —
2337 1884 72 23 which
2433 1886 18 21 is

1870 1918 82 29 plainly
1965 1918 36 21 the
2013 1919 68 28 price-
2091 1919 105 28 required
2216 1924 22 16 to
2260 1919 81 29 supply
2354 1918 97 29 agricul-

1870 1949 57 22 tural
1940 1949 62 23 lands
2022 1950 135 30 sufficiently
2169 1951 52 22 with
2235 1951 88 22 labour.
2360 1949 57 23 Now
2429 1951 23 21 in

1872 1982 54 23 New
1945 1983 69 23 South
2034 1982 76 24 Wales
2131 1984 19 22 it
2169 1984 18 22 is
2208 1983 95 23 insisted
2324 1983 48 23 that
2391 1982 61 24 there

1870 2024 37 14 are
1917 2016 97 22 millions
2027 2016 22 22 of
2065 2024 62 15 acres
2140 2017 24 21 of
2180 2016 54 23 land
2247 2016 70 23 which
2330 2023 41 16 can
2385 2024 67 15 never

1870 2048 26 23 be
1908 2049 116 30 employed
2041 2049 118 23 otherwise
2178 2050 54 22 than
2253 2050 51 29 they
2317 2056 37 16 are
2368 2053 22 18 at
2401 2057 51 22 pre-

1872 2086 48 17 sent
1931 2082 61 21 used.

1903 2114 50 24 The
1973 2116 127 22 distinction
2119 2116 104 22 between
2241 2116 93 22 inferior
2354 2116 98 29 agricul-

1872 2148 56 23 tural
1940 2148 71 29 lands,
2031 2149 42 22 and
2094 2148 52 23 land
2166 2149 52 29 only
2230 2149 27 22 fit
2268 2149 35 23 for
2323 2154 129 25 pasturage,

1871 2181 79 23 should
1968 2182 83 30 always,
2065 2182 29 23 be
2111 2182 55 29 kept
2183 2183 24 22 in
2219 2183 65 22 view.
2321 2182 51 23 The
2388 2182 64 22 suffi-

1872 2215 57 22 cient
1944 2215 61 30 price
2022 2215 102 30 required
2136 2215 35 23 for
2192 2215 94 23 inferior
2306 2214 147 31 agricultural

1871 2246 71 30 lands,
1964 2247 78 23 should
2058 2248 71 30 really
2147 2248 29 23 be
2195 2255 64 16 more
2279 2248 56 23 than
2351 2248 50 22 that
2417 2256 36 15 re-

1872 2281 76 30 quired
1954 2281 34 23 for
1999 2282 101 29 superior
2112 2281 148 30 agricultural
2270 2281 74 29 lands,
2357 2280 96 24 because

1872 2314 36 22 the
1927 2314 91 23 inferior
2040 2314 54 23 soils
2116 2314 75 23 would
2215 2314 97 24 demand
2335 2323 13 15 a
2364 2319 89 26 greater

1872 2351 90 19 amount
1971 2347 24 23 of
2003 2347 78 23 labour
2093 2352 22 18 to
2127 2347 100 31 produce
2239 2347 38 24 the
2290 2355 62 17 same
2361 2348 91 22 results.

1872 2379 22 24 It
1905 2380 19 23 is
1936 2380 52 23 wise
1999 2380 111 24 therefore
2121 2385 22 19 to
2155 2380 65 32 place
2233 2380 62 24 them
2307 2385 24 19 at
2341 2380 39 25 the
2392 2388 61 16 same

1872 2413 59 30 price
1950 2421 24 15 as
1992 2415 100 30 superior
2110 2413 62 29 soils,
2189 2414 99 24 because
2300 2414 38 23 tlie
2350 2413 66 24 effect
2434 2415 19 22 is

1873 2446 72 23 useful
1957 2447 23 22 in
1991 2451 43 19 two
2044 2447 76 24 modes
2129 2456 7 19 ;
2155 2448 19 22 it
2186 2446 72 32 keeps
2270 2448 63 23 them
2343 2447 59 24 from
2413 2447 40 23 be-

1872 2479 38 30 ing
1922 2480 105 31 occupied
2044 2485 23 18 at
2084 2485 101 26 present,
2206 2481 45 23 and
2270 2485 106 26 prevents
2396 2480 58 23 their

1872 2512 92 31 making
1981 2512 46 24 this
2043 2518 64 19 extra
2123 2514 98 23 demand
2239 2521 62 23 upon
2321 2514 36 23 the
2376 2513 79 23 labour

1874 2546 59 27 fund,
1955 2551 22 18 to
2001 2546 72 23 which
2093 2547 54 30 they
2164 2547 77 23 would
2263 2551 40 19 not
2329 2547 126 23 contribute

1874 2578 55 23 their
1941 2579 46 22 due-
1994 2580 137 30 proportion.
2168 2579 52 23 The
2228 2580 66 23 effect
2305 2581 20 22 is
2337 2579 126 24 beneficial*

1873 2611 58 23 alike
1943 2616 22 18 to
1977 2612 36 22 the
2027 2613 136 29 community
2175 2612 45 23 and
2236 2617 23 19 to
2271 2613 38 23 the
2321 2612 132 24 individual.

1872 2644 45 23 But
1929 2645 85 22 natural
2022 2650 120 26 pasturage
2152 2645 73 22 which
2237 2650 62 19 must
2308 2653 52 16 ever
2369 2646 86 22 remain

1873 2685 31 21 so,
1917 2678 79 23 should
2013 2678 26 23 be
2051 2678 60 23 dealt
2118 2678 59 23 -with
2194 2678 37 30 by-
2237 2678 69 24 itself.
2343 2678 35 24 Its
2392 2679 64 23 suffi-

1874 2711 58 22 cient
1948 2711 61 30 price
2020 2711 81 23 should
2117 2712 28 23 be
2158 2712 86 30 sought
2260 2713 31 29 by
2303 2713 153 29 ascertaining

1874 2744 36 22 the
1922 2749 91 18 amount
2025 2745 23 23 of
2062 2744 81 24 labour
2154 2745 75 23 which
2242 2753 40 15 can
2296 2745 27 23 be
2338 2746 118 30 profitably

1874 2777 113 31 expended
1999 2786 59 22 upon
2069 2779 25 22 it.
2119 2778 75 28 Thus,
2204 2786 99 23 suppose
2314 2780 65 22 3000
2392 2786 64 15 acres

1874 2818 35 15 are
1926 2811 102 30 required
2046 2816 22 18 to
2089 2812 120 31 depasture
2233 2814 64 22 1000
2316 2812 77 30 sheep,
2413 2811 44 23 and

1873 2843 47 23 that
1936 2844 61 23 three
2016 2852 50 15 men
2086 2853 36 14 are
2141 2845 107 31 required
2267 2850 23 18 to
2309 2844 147 32 superintend

1874 2876 43 23 this
1926 2877 66 28 flock,
2014 2878 42 22 and
2075 2886 42 15 one
2135 2886 54 15 man
2206 2878 37 23 for
2263 2879 64 22 other
2345 2885 111 24 purposes

1874 2910 120 23 connected
2011 2911 53 22 with
2082 2911 39 24 the
2133 2912 83 22 station
2225 2921 6 18 ;
2252 2911 55 26 then
2327 2913 18 21 it
2363 2918 93 23 appears

1874 2947 21 18 to
1903 2951 26 15 us
1940 2944 36 23 the
1987 2944 78 23 lowest
2076 2945 114 23 sufficient
2201 2946 63 29 price
2275 2944 36 24 for
2324 2944 56 24 such
2392 2944 61 28 laud,

1874 2976 71 24 would
1956 2977 27 23 be
1995 2977 38 23 the
2044 2983 92 18 amount
2148 2986 122 22 necessary
2277 2977 30 24 to*
2314 2984 85 23 convey
2405 2977 51 23 four

1874 3017 49 15 men
1936 3009 43 24 and
1988 3010 56 24 their
2056 3012 68 22 wives
2136 3011 59 23 from
2208 3011 95 30 Europe
2314 3015 23 19 to
2348 3009 46 24 this
2405 3014 51 26 part

1875 3043 23 22 of
1914 3043 37 23 the
1962 3043 76 24 world.
2073 3044 34 23 At
2118 3045 55 24 £20
2190 3052 42 23 per
2247 3043 58 24 head
2324 3043 38 23 the
2375 3042 81 31 charge

1874 3075 33 24 for
1918 3076 39 23 the
1974 3077 144 31 importation
2131 3077 26 24 of
2166 3077 81 23 labour
2260 3085 27 15 on
2308 3078 65 22 3000
2393 3083 63 16 acres
2462 3094 2 4 ,

1874 3109 24 23 of
1913 3109 56 24 such
1979 3110 53 24 land
2042 3111 74 23 would
2129 3111 30 23 be
2171 3111 80 27 £160,
2269 3118 26 15 or
2306 3109 76 23 rather
2393 3116 62 16 more

1874 3142 53 23 than
1945 3151 41 16 one
2004 3144 92 31 shilling
2114 3151 40 24 per
2173 3151 59 21 acre,
2251 3147 39 26 yet
2307 3141 69 24 much
2392 3149 63 16 more

1872 3176 73 23 would
1956 3177 110 31 willingly^
2080 3177 28 23 be
2126 3177 76 30 given.
2239 3175 47 24 But
2305 3175 38 23 the
2364 3180 92 25 present

1872 3210 118 23 minimum
2001 3211 60 30 price
2080 3210 23 22 in
2115 3210 57 23 New
2185 3208 75 23 South
2278 3208 79 23 Wales
2368 3208 20 23 is
2403 3210 50 22 12s.

1872 3250 39 22 per
1930 3250 57 16 acre.
2022 3243 32 23 At
2072 3242 50 23 that
2139 3242 62 30 price
2220 3243 66 22 3000
2306 3248 63 17 acres
2381 3241 74 23 would

1873 3280 47 18 cost
1931 3276 94 27 £1800,
2038 3275 72 23 which
2121 3274 72 23 added
2205 3278 23 19 to
2242 3274 37 23 the
2293 3280 48 17 cost
2354 3274 25 23 of
2389 3276 65 22 1000

1872 3308 68 31 sheep
1952 3313 22 18 at
1985 3308 103 30 ordinary
2100 3308 81 30 prices,
2194 3307 45 23 and
2251 3308 38 22 the
2301 3309 66 22 outfit
2379 3308 25 22 of
2416 3308 38 23 the

1872 3342 89 27 station,
1983 3341 70 22 would
2075 3341 67 22 make
2162 3340 39 23 the
2223 3341 77 31 outlay
2318 3348 64 17 more
2400 3341 54 22 than

1872 3374 94 24 £3000.
2001 3373 43 23 We
2063 3374 58 22 need
2138 3373 81 31 hardly
2238 3374 92 24 remark
2351 3373 50 24 that
2417 3374 37 23 the

1872 3407 69 23 result
1953 3407 23 22 of
1988 3407 54 22 such
2056 3414 27 15 an
2097 3406 149 32 expenditure
2258 3408 73 23 would
2343 3408 28 23 be
2384 3415 69 15 worse

1872 3440 52 22 than
1935 3439 118 30 profitless.

1905 3478 46 23 Mr,
1964 3477 124 24 Wakefield
2100 3478 113 31 evidently
2223 3481 134 30 anticipates
2369 3487 30 15 no
2411 3478 43 24 evil

1872 3510 56 24 from
1950 3518 92 23 persons
2065 3511 68 31 sheep
2157 3512 101 32 farming
2284 3521 25 16 as
2333 3516 119 28 squatters.

1872 3544 47 22 But
1931 3551 31 15 we
1974 3544 73 28 think,
2055 3544 20 23 if
2083 3544 29 28 hp
2124 3545 82 23 visited
2218 3546 59 24 New
2288 3547 73 23 South
2368 3545 85 28 Wales,

1872 3577 27 22 he
1910 3576 73 24 would
1998 3577 46 23 find
2055 3578 19 22 it
2093 3578 81 24 almost
2187 3587 24 15 as
2224 3580 152 23 mischievous
2390 3579 22 23 in
2424 3579 30 22 its

1872 3610 75 23 effects
1969 3617 23 16 as
2015 3610 36 23 the
2075 3612 117 31 squatting
2214 3614 26 22 in
2263 3614 114 27 America,
2401 3611 53 23 with

1872 3642 69 23 which
1954 3642 26 24 he
1992 3644 21 22 is
2021 3643 50 24 well
2084 3645 143 31 acquainted,
2241 3647 44 22 and
2297 3652 39 17 out
2348 3645 25 24 of
2382 3644 72 24 which

1871 3683 60 21 grew
1943 3676 37 23 the
1991 3678 111 30 necessity
2111 3678 35 23 for
2159 3680 104 29 quieting
2280 3680 55 23 laws
2347 3678 43 24 and
2401 3678 53 23 laws

1871 3709 106 30 granting
1987 3709 38 23 the
2037 3711 61 30 right
2107 3712 25 23 of
2140 3714 165 29 pre-emption.
2324 3710 4 3 '
2342 3711 50 25 The
2404 3718 50 24 pre-

1872 3746 48 18 sent
1940 3743 60 30 price
2019 3743 24 24 of
2062 3745 100 29 pastoral
2185 3745 55 24 land
2261 3747 23 22 in
2307 3746 58 23 New
2383 3744 72 23 South

1872 3774 76 24 Wales
1960 3776 20 22 is
1991 3776 95 33 making
2096 3777 51 24 that
2164 3780 141 30 community
2317 3787 14 15 a
2341 3777 77 25 nation
2434 3775 24 25 of

1872 3813 111 25 squatters
1985 3822 31 4 —
2018 3809 52 32 they
2092 3810 58 26 have
2174 3819 29 16 no
2227 3812 80 23 homes
2308 3824 32 4 —
2343 3811 58 29 they,
2411 3809 45 24 will

1872 3845 40 19 not
1929 3842 99 31 improve
2041 3851 53 16 even
2107 3845 35 23 for
2155 3844 59 24 their
2234 3853 49 15 own
2299 3843 102 28 comfort,
2413 3842 43 24 and

1872 3875 66 22 much
1957 3876 124 24 discontent
2098 3878 21 21 is
2141 3877 37 24 the
2197 3885 156 24 consequence
2372 3876 25 23 of
2411 3876 44 23 this

1873 3908 138 24 comfortless
2035 3911 121 22 existence.
2193 3911 47 23 Let
2263 3912 61 22 them
2343 3910 56 24 have
2420 3908 36 23 the

1872 3941 101 29 pleasure
1983 3942 24 22 of
2018 3943 89 30 owning
2119 3943 36 24 the
2168 3944 100 29 pastoral
2280 3944 75 28 lands,
2369 3946 21 19 at
2403 3948 53 19 even

552 52 101 45 SFlje
674 52 119 42 wm
816 51 209 42 Zmlmxb
1048 50 189 40 <&mtttt
1258 48 91 40 antr
1372 47 301 47 mitmnqton
1698 42 245 51 feptttatot.

1265 134 48 21 cask
1327 134 153 26 ironmongery,
1491 134 12 19 3
1519 134 59 19 casks
1595 134 60 24 nails,
1654 157 6 7 (
1668 134 11 19 1
1691 134 48 20 cask
1753 134 63 23 hams,
1828 134 10 19 1

1264 167 46 14 case
1327 161 64 25 slops,
1409 162 12 18 5
1438 162 59 19 casks
1513 161 70 23 shoes,
1601 162 10 18 1
1630 160 50 21 cask
1696 161 59 24 nails,
1766 162 9 19 1
1787 161 53 19 ditto

1264 189 65 23 hams,
1342 188 10 19 1
1364 188 49 19 cask
1422 188 111 24 furniture,
1545 188 25 19 10
1580 188 50 25 bags
1640 188 50 24 rice,
1701 188 12 19 1
1724 194 43 13 case
1775 188 64 25 slops,

1265 216 11 20 3
1286 216 60 19 hhds.
1359 214 39 25 ale,
1409 216 12 18 2
1432 215 61 19 casks
1501 215 91 25 vinegar,
1605 216 12 19 6
1627 216 50 24 kegs
1686 215 76 24 butter,
1773 216 9 18 1
1794 221 46 14 case

1264 242 61 26 slops,
1338 242 12 19 2
1362 247 56 14 cases
1433 242 69 25 cyder,
1515 243 10 18 1
1537 242 49 19 cask
1600 242 60 23 wine,
1672 243 11 18 1
1694 247 47 15 case
1751 242 65 23 boots,
1827 242 12 19 5

1264 275 55 14 cases
1329 269 43 25 gin,
1385 269 11 19 6'
1406 269 53 20 ditto
1473 269 73 24 books,
1559 270 11 18 1
1581 269 50 20 cask
1642 269 58 24 wine,
1712 270 11 19 2
1733 269 59 20 boxes
1802 275 38 19 ap-

1263 296 62 26 parel,
1339 296 9 19 1
1365 296 75 24 parcel,
1452 297 11 18 1
1482 296 84 24 bundle,
1578 297 10 18 1
1606 296 49 19 hhd.
1666 299 77 23 porter,
1755 296 11 19 2
1781 296 59 19 casks

1263 324 59 23 wine,
1332 323 13 19 3
1363 323 62 19 casks
1440 323 61 24 flour,
1512 324 40 18 200
1562 323 50 25 bags
1621 324 62 23 flour,
1694 324 26 19 28
1729 323 60 20 boxes
1798 325 42 21 tea,

1263 351 12 18 5
1285 350 57 19 bales
1351 350 103 23 blankets,
1469 352 13 17 4
1499 355 57 14 cases
1574 356 68 20 sugar,
1654 351 11 18 1
1679 350 59 20 cedar
1753 350 63 23 chest,
1828 350 12 19 1

1262 377 46 20 bale
1322 376 100 24 -woolens,
1433 378 12 18 5
1464 378 69 19 chests
1549 379 40 22 tea,
1607 378 12 19 6
1630 378 63 19 boxes
1710 379 38 23 tea,
1763 378 10 18 5
1791 377 49 25 bags

1263 404 69 23 coffee,
1343 404 12 19 4
1367 404 63 19 boxes
1439 404 75 25 specie,
1526 404 12 19 3
1551 404 80 26 horses,
1643 405 12 19 2
1669 404 78 24 chains,
1759 404 22 19 lft
1793 406 47 17 tons

1261 432 60 22 flour,
1332 431 13 19 2
1355 436 57 15 cases
1422 431 101 23 saddlery,
1534 432 12 18 2
1557 433 63 21 carts,
1630 432 24 19 31
1670 432 52 19 head
1733 432 65 19 cattle.

1494 490 115 13 EXPOB.TS.

1288 519 29 19 In
1331 524 46 14 the
1536 524 45 14 for
1598 519 104 20 Sydney.
1703 529 26 4 —
1730 520 21 19 /.
1769 519 70 23 Wade,

1260 547 74 24 Agent.
1336 556 27 4 —
1364 546 12 19 3
1388 546 59 20 casks
1464 546 46 22 salt,
1522 546 12 19 4
1545 546 61 19 casks
1621 547 91 24 vinegar,
1724 547 25 19 10
1757 546 82 20 -barrels

1260 574 60 23 flour,
1331 574 12 18 4
1353 573 63 19 hhds.
1426 573 61 23 ditto,
1498 573 26 19 40
1541 573 87 19 bundles
1638 574 99 25 hooping,
1747 574 24 18 41
1785 573 54 20 bun-

1260 601 43 19 dles
1314 600 85 23 shooks,
1411 601 26 19 12
1448 606 53 17 oars,
1511 601 13 18 4
1535 599 57 21 bales
1609 601 63 25 slops,
1686 601 10 19 1
1707 600 48 20 hhd.
1763 602 76 24 porter,

1259 628 13 19 4
1282 627 102 23 bullocks,
1395 628 12 19 2
1418 627 86 19 buddies
1514 627 49 23 Lay.

1345 686 290 22 METEOROLOGICAL
1649 687 106 21 TABLE.

1276 722 43 19 For
1329 721 98 20 the-week
1435 721 73 23 ending
1521 721 117 23 Thursday,
1648 721 52 23 May
1712 721 32 23 19,
1757 721 57 19 1842.

1277 807 48 16 1842.

1363 786 50 16 Time
1420 787 20 15 of

1357 807 89 16 Observa-

1378 828 44 16 tion.

1474 796 54 17 Baro-

1469 818 62 15 meter.

1549 796 86 17 Thermo-

1559 819 64 14 meter.

1662 802 15 6 —
1686 800 12 11 C
1708 797 11 11 3

1665 809 54 35 I'M

1759 806 58 16 Wind.

1613 852 4 3 ■
1636 842 3 17 I

1264 884 76 21 Friday-

1264 947 24 15 Sat

1264 1008 78 21 Sunday..

1264 1069 78 21 Monday.

1382 885 8 15 8

1380 906 6 15 1
1390 910 42 16 p.m.

1381 947 9 15 8

1381 968 51 19 Ip.m.

1381 989 9 14 5

1382 1009 9 15 8

1382 1030 52 19 Ip.m.

1381 1051 9 14 5

1382 1071 9 15 8

1382 1091 52 20 Ip.m.

1381 1113 9 14 5

1382 1133 10 15 8

1381 1154 53 19 Ip.m.

1381 1175 9 14 5

1381 1195 9 15 8

1382 1216 52 20 lpm.

1381 1237 9 14 5

1381 1257 9 15 8

1381 1278 53 19 Ip.m.

1381 1299 9 15 5

1473 886 58 16 29.920

1473 907 58 15 29.090

1474 928 57 15 30.000

1474 949 57 15 30.500

1474 969 58 16 50.500

1474 990 58 15 29.500

1474 1071 58 17 29.700

1474 1093 59 16 29.810

1474 1114 59 15 29.770

1476 1134 57 15 29.820

1474 1154 59 16 29.870

1474 1175 59 16 29.800

1474 1196 59 15 29.920

1474 1217 59 15 29.990

1474 1238 59 15 29.000

1474 1258 59 16 29.970

1475 1279 58 16 29.970

1474 1300 58 16 29.900

1574 886 27 15 55.

1573 907 28 15 06.

1575 927 27 15 61.

1575 949 37 15 55.5

1576 969 9 16 C
1585 969 27 16 3.5

1575 990 27 14 60.

1575 1072 37 16 44.5

1575 1093 28 15 54.

1576 1114 36 15 52.5

1576 1134 37 15 47.5

1576 1155 37 15 49.5

1576 1175 27 15 '18.

1575 1196 38 15 46.5

1577 1217 19 15 56
1604 1218 9 14 5

1576 1238 37 15 52.5

1563 1253 39 21 '47.

1575 1280 38 15 50.5

1576 1301 27 15 48.

1670 908 39 16 0.03

1661 969 58 17 None.

1662 1032 58 16 None.

1672 1094 37 15 0.02

1735 886 101 20 iSoutheriy.

1740 907 96 21 Northerly.

1739 927 98 21 Northerly.

1739 948 43 16 N.E.

1740 969 43 16 N.E.

1740 990 41 16 N.E.

1740 1010 37 17 S.E.

1740 1030 36 18 S.E.

1740 1052 36 16 S.E.

1740 1073 37 15 S.K.

1740 1093 37 16 S.E.

1736 1123 41 27 ls!£

1740 1155 37 16 S.E.

1741 1176 36 16 S.K.

1735 1194 94 22 (Westerly.

1735 1217 41 20 |S.K.

1740 1238 37 16 S.E.

1740 1258 37 16 SE.

1740 1278 37 17 SE.

1741 1300 36 16 S.E.

1264 1132 77 19 Fuesday

1673 1156 36 15 0.05

1264 1193 38 16 IVed

1676 1218 37 15 0.19

1264 1255 76 17 Dhura...

1672 1280 38 15 0.05

1261 1358 81 21 Friday...

1381 1360 9 15 8

1588 1341 126 16 REMARKS.

1460 1360 52 21 Light
1519 1361 62 16 breeze
1589 1362 36 15 and
1632 1366 42 15 very
1680 1362 42 15 fine.

1380 1402 52 19 Ip.m.

1501 1402 33 17 Do.
1577 1403 34 16 Do.
1654 1403 34 16 Do.

1381 1443 9 15 t

1501 1443 35 18 Do.
1579 1444 34 17 Do.
1657 1444 33 17 Do.

1261 1483 30 16 Sat

1381 1485 9 14 8

1501 1485 33 16 Do.
1578 1485 34 17 Do.
1656 1486 33 16 Do.

1380 1526 53 19 Ip.m.

1455 1527 71 20 {Strong
1579 1527 33 16 Do.
1657 1527 32 16 Do.

1455 1549 3 12 i

1381 1567 9 15 5

1502 1568 34 16 Do.
1580 1568 33 17 Do.
1658 1568 33 16 Do.

1260 1607 83 21 Sunday..

1382 1608 10 16 8

1502 1610 33 16 Do.
1578 1610 33 16 Do.
1655 1610 34 16 Do.

1381 1650 54 19 Ip.m.

1461 1651 64 20 Strong
1530 1652 62 16 breeze
1600 1652 35 16 and
1644 1653 85 15 overcait.

1381 1692 10 14 S

1503 1692 32 16 Do.
1579 1693 34 16 Do.
1656 1692 32 17 Do.

1261 1730 82 21 Monday.

1381 1733 11 15 8

1456 1739 2 10 I
1461 1734 65 20 Strong
1532 1734 62 16 breeze
1602 1735 37 15 mid
1647 1734 41 17 fine.

1381 1774 54 20 Ip.m.

1504 1775 33 16 Do.
1580 1776 34 15 Do.
1656 1776 34 16 Do.

1381 1816 9 15 5

1461 1816 53 22 Light
1521 1817 62 16 breeze
1591 1817 36 16 and
1634 1817 41 16 fine.

1261 1855 82 20 Tueidty

1381 1857 10 15 8

1461 1859 65 19 Strong
1533 1859 62 16 breeze
1602 1859 37 16 and
1647 1858 86 21 showery.

1381 1899 53 17 Ip.m.

1456 1887 2 30 I
1503 1899 33 16 Do.
1580 1900 32 16 Do.
1656 1890 34 26 bo.

1456 1918 2 14 I

1261 1977 44 17 Wed

1382 1939 8 14 5

1503 1939 34 17 Do.
1581 1939 33 17 Do.
1674 1945 16 11 o.

1382 1980 10 15 8

1461 1981 49 16 Calm
1517 1981 36 15 and
1562 1985 42 17 very
1611 1981 42 17 line.

1381 2021 54 19 Ip.m.

1460 2022 53 21 Light
1521 2023 62 15 breeze
1590 2023 37 16 and
1634 2024 41 16 fine.

1382 2063 10 15 <

1503 2063 33 17 Do.
1579 2064 33 16 Do.
1656 2064 33 17 Do.
1700 2074 8 4 -

1261 2102 51 17 Thur
1325 2113 18 7 ...

1382 2104 10 15 8

1461 2105 65 20 Strong
1532 2105 62 17 breeze
1602 2106 37 16 and
1646 2106 46 16 rain.

1381 2146 54 19 Ip.m.

1503 2146 33 17 Do.
1579 2147 34 16 Do.
1656 2147 85 22 showery.

1503 2187 34 16 Do.
1580 2188 34 16 Do.
1658 2188 35 19 Do.

1381 2187 10 15 t

661 137 111 48 LAN
781 135 206 23 D-AGENCI
997 135 83 22 ES.—
1080 134 38 22 TO
1139 135 100 22 LAND-

737 162 178 22 HOLDERS.—
914 162 48 21 The
979 160 153 28 Undersigned
1148 161 44 27 beg
1214 165 23 18 to

661 190 54 21 offer
724 189 131 22 themselves
864 192 23 17 to
896 188 57 21 their
962 187 83 22 friends
1055 187 45 21 and
1114 187 34 21 the
1163 187 75 27 public

661 223 23 14 as
693 216 86 25 Agents
788 216 34 21 for
830 215 38 22 the
878 214 94 27 disposal
979 214 26 21 of
1011 213 69 22 Town
1090 214 42 21 and
1138 214 99 27 Country

661 242 81 26 Lands,
753 242 44 21 and
806 244 57 19 trust
871 241 57 21 their
938 240 95 21 colonial
1043 240 128 23 experience
1186 247 51 20 may

661 268 76 21 entitle
747 268 60 21 them
816 271 22 18 to
849 275 13 13 a
873 267 64 21 share
946 266 27 21 of
982 266 37 21 the
1028 266 75 26 public
1111 269 124 24 patronage.

685 294 63 26 They
758 294 44 21 will
810 294 27 21 be
846 293 74 27 happy
929 296 23 18 to
962 299 92 19 arrange
1068 294 34 19 for
1111 293 41 20 and
1161 300 76 19 super-

659 320 79 22 intend
746 320 37 21 the
792 327 91 20 surveys
889 319 46 22 tfnd
941 319 157 21 sub-divisions
1105 319 24 21 of
1134 319 35 21 the
1174 319 61 21 land.

661 347 87 21 Liberal
758 347 108 21 advances
876 346 44 21 will
932 346 29 21 be
976 345 64 21 made
1050 352 29 14 on
1087 345 62 21 lands
1158 345 78 26 placed

658 373 23 22 in
692 373 56 21 their
757 373 70 20 hands
833 373 35 21 for
875 372 53 21 sale.
955 371 64 27 They
1026 371 44 21 will
1077 371 45 21 also
1129 371 25 22 be
1159 371 75 28 happy

660 403 21 18 to
691 400 64 21 assist
764 399 132 27 proprietors
905 399 24 20 in
938 398 87 25 leasing
1034 397 57 21 their
1100 397 67 22 lands.

936 425 61 21 John
1008 423 44 22 and
1063 423 57 22 Geo.
1130 424 77 23 AVade.

868 468 162 26 Wanganui.

659 503 87 48 FOR
760 503 82 21 SALE.
844 514 27 3 —
873 502 64 21 Land
954 502 98 21 between
1073 508 42 14 one
1132 501 42 22 and
1192 505 42 18 two

730 529 63 21 miles
809 530 24 20 of
845 529 37 21 the
896 528 109 27 township
1023 532 23 16 at
1064 528 123 26 Wanganui
1200 529 35 20 for

658 557 51 25 sale,
720 555 23 22 in
753 555 75 22 blocks
838 556 26 21 of
874 555 43 21 five
927 562 61 14 acres
1000 554 43 21 and
1058 554 104 27 upwards,
1174 562 24 13 or
1212 558 21 18 to

657 583 32 21 let
697 589 30 15 on
739 589 54 20 very
804 581 76 22 liberal
891 584 73 23 terms,
975 580 53 22 with
1037 580 38 22 the
1088 580 55 27 right
1152 581 26 21 of
1183 588 51 20 pur-

657 609 73 21 chase.
758 609 74 26 Apply
843 613 21 16 to
875 608 26 21 R.
913 606 64 28 Park,
988 607 61 27 Esq.,
1058 614 24 14 or
1092 611 22 17 to

990 634 22 21 J.
1028 634 44 20 and
1087 634 28 21 G.
1129 634 78 22 Wade.

821 679 89 19 Beach
927 679 143 25 Frontage.

660 712 64 47 TO
740 712 37 21 BE
792 712 63 26 LET,
871 711 70 22 beach
951 711 100 25 frontage
1066 711 42 22 lots
1119 712 19 20 in
1150 712 83 21 section

729 740 42 19 490
780 745 27 14 on
824 738 37 21 the
871 738 56 21 Plan
938 738 25 21 of
971 737 36 22 the
1017 738 67 21 Town
1099 738 25 21 of
1131 738 102 26 Welling-

657 769 45 22 ton,
713 764 113 28 adjoining
837 764 41 22 Mr.
887 764 89 21 Taine's
983 768 67 22 store;
1066 764 45 21 and
1120 764 19 21 in
1150 765 83 21 section

657 793 45 25 616,
712 792 97 21 between
817 792 75 25 Major
900 790 90 22 Baker's
1000 790 44 21 and
1052 790 44 21 Mr.
1105 791 128 22 Swainson's

657 818 86 21 houses.

684 844 55 22 Also
750 844 35 21 the
794 844 112 26 following
916 843 95 22 sections
1021 851 28 14 on
1059 843 37 22 the
1104 843 52 22 Plan
1164 844 26 21 of
1197 844 36 21 the

657 871 75 26 Town,
743 870 45 22 viz:
790 882 27 4 —

758 899 26 19 55
919 898 40 20 319
1108 898 36 19 922

746 925 40 20 240
920 924 39 21 718
1095 924 49 21 1079

683 950 75 27 Apply
772 954 22 17 to

830 976 26 21 E.
873 976 21 21 J.
910 976 147 26 Wakefield,
1074 983 25 14 or

830 1002 34 21 W.
880 1002 28 21 V.
924 1003 106 25 Brewer,
1045 1003 187 22 Manners-street.

658 1048 119 25 Country
791 1047 123 21 Sections
934 1048 42 20 for
995 1048 58 19 Sale
1075 1053 37 14 on
1129 1048 103 20 Liberal

898 1075 100 20 Terms.

659 1105 160 49 SEVERAL
854 1105 99 22 Sections
981 1107 26 20 of
1038 1106 97 27 Country
1161 1105 70 28 Land,

722 1132 88 27 already
820 1132 81 22 chosen
910 1133 24 21 in
944 1132 37 22 the
995 1133 92 21 Porirua
1102 1133 86 26 district,
1200 1133 33 21 for

657 1159 57 26 Sale,
725 1166 73 15 terms
809 1166 103 14 liberal.
942 1159 74 27 Apply
1026 1162 22 18 to

751 1192 24 21 F.
790 1192 28 21 A.
832 1192 169 26 Moleswortii,
1019 1192 179 27 Murphy-street,
1209 1199 24 14 or

752 1218 33 22 W.
801 1219 26 20 V.
843 1219 105 26 Brewer,
960 1219 188 21 Manners-street.

763 1263 75 20 Land
852 1263 115 26 Agency
977 1265 28 18 at
1019 1263 111 20 Nelson.

657 1296 105 47 JOHN
786 1296 33 21 W.
837 1296 188 26 BARNICOAT,
1051 1296 116 22 Surveyor
1187 1304 45 14 and

720 1323 64 21 Civil
800 1324 127 25 Engineer,
943 1323 92 26 Nelson,
1053 1323 44 21 will
1116 1324 24 21 be
1159 1324 73 26 happy

657 1354 20 15 to
689 1356 84 20 engage
789 1349 89 22 himself
891 1350 22 20 in
925 1349 36 21 the
972 1350 68 21 above
1054 1350 80 21 named
1147 1351 86 25 capaci-

657 1376 46 25 ties,
715 1383 23 13 as
748 1383 28 14 an
791 1380 66 23 agent
866 1376 35 21 for
911 1376 36 21 the
957 1376 105 21 selection
1073 1376 25 21 of
1108 1377 56 26 land,
1176 1384 24 13 or
1208 1377 24 21 in

656 1409 43 20 any
711 1403 63 20 other
783 1410 46 19 way
840 1403 124 21 connected
974 1403 51 20 with
1035 1403 33 20 his
1083 1404 126 25 profession.

661 1448 87 50 THE
771 1449 77 20 Nelson
870 1449 115 20 Examiner
1009 1449 42 20 and
1071 1450 52 19 New
1143 1449 91 20 Zealand

732 1476 105 20 Chronicle
852 1476 126 26 (published
986 1479 24 18 at
1019 1476 100 26 Nelson,)
1134 1476 17 21 is
1169 1483 64 20 regu-

656 1503 55 27 larly
731 1503 137 21 transmitted
884 1506 22 17 to
923 1502 141 28 Wellington,
1084 1503 44 21 and
1141 1510 51 20 may
1207 1503 25 21 be

656 1530 41 20 had
710 1533 22 17 at
741 1529 37 21 the
789 1530 60 20 office
861 1529 25 20 of
896 1529 43 21 this
948 1536 74 21 paper.
1037 1542 2 7 <

682 1556 47 22 The
739 1557 77 19 Nelson
824 1557 116 19 Examiner
954 1556 45 21 will
1009 1557 26 20 be
1045 1556 69 21 found
1124 1563 25 14 an
1160 1556 72 22 excel-

655 1583 47 22 lent
710 1583 98 21 medium
817 1583 34 21 for
862 1583 136 21 advertisers.

681 1610 78 22 Terms
770 1610 33 21 for
812 1610 36 21 the
858 1617 73 20 paper,
942 1613 37 17 ten
986 1609 101 27 shillings
1100 1616 38 20 per
1145 1612 88 24 quarter

655 1636 93 29 payable
756 1637 25 20 in
790 1636 106 22 advance.

683 1663 81 22 Orders
787 1663 32 21 for
838 1663 38 21 the
898 1670 67 20 paper
987 1662 45 22 and
1054 1662 179 22 advertisements

656 1690 102 22 received
768 1692 22 18 at
800 1690 35 21 the
847 1689 70 22 Office
928 1690 25 20 of
964 1690 43 21 this
1016 1697 76 19 paper.
1219 1685 3 12 '

657 1735 71 48 ON
744 1735 76 21 SALE
834 1738 23 18 at
867 1734 36 22 the
921 1735 71 21 Stores
1002 1734 26 22 of
1035 1734 36 21 the
1079 1733 152 28 undersigned,
1237 1740 3 5 ■

734 1769 14 13 a
757 1762 99 27 quantity
866 1762 24 21 of
898 1761 109 22 Chatham
1018 1761 87 21 Islands
1115 1765 103 23 potatoes.

1020 1788 78 21 Levin
1113 1788 40 21 and
1167 1787 37 22 Co.

682 1814 141 27 Wellington,
835 1815 56 26 May
902 1817 32 23 18,
946 1817 59 19 1842.

782 1864 51 19 For
847 1860 151 26 Vaparaiso
1015 1860 91 20 direct.

699 1892 82 36 •__§B_
828 1896 92 32 npHE
938 1897 140 19 well-known
1092 1896 47 25 brig
1155 1897 70 22 Agn«s
1223 1908 8 11 t

689 1921 118 32 Jw_n§__
835 1916 29 27 X
903 1921 24 21 C.
936 1921 59 22 Cobb
1005 1925 88 22 master,
1104 1921 39 21 will
1152 1921 40 21 sail
1200 1921 33 21 for

687 1942 130 38 jLTrStp__'
840 1949 38 20 the
896 1948 69 21 above
983 1951 50 24 port
1047 1948 23 20 in
1086 1948 64 21 about
1166 1954 66 14 seven

842 1975 62 26 days;
922 1975 38 21 she
971 1975 38 21 has
1016 1974 57 27 good
1083 1973 149 22 acconamoda-

664 1995 157 36 =P_|_*_{_|^
842 2003 46 20 tion
897 2001 34 21 for
941 2008 134 19 passengers,
1084 2001 43 21 and
1140 2001 17 21 is
1176 2008 56 19 open

837 2032 22 18 to
877 2028 92 22 charter.
1003 2028 44 22 For
1065 2027 83 22 further
1165 2027 67 28 parti-

656 2056 78 26 culars,
746 2055 65 28 apply
821 2058 20 19 to

939 2081 21 22 J.
977 2081 33 22 M.
1025 2081 102 26 Taylor,

1028 2108 52 27 Ship
1089 2107 88 23 Broker.
1190 2123 12 7 *.

1111 2135 30 21 Te
1150 2135 54 21 Aro.

682 2162 54 26 May
746 2163 33 26 20,
791 2164 60 20 1842.

143 139 109 29 Principal
263 140 131 28 Surveyor's.
400 139 77 27 Office,
487 138 144 28 Wellington,

301 174 55 26 May
364 174 19 25 4,
395 174 59 20 1842.

54 207 145 50 NOTICE
218 207 27 23 IS
264 206 126 22 HEREBY
409 206 106 26 GIVEN,
536 205 49 21 that
604 212 27 14 on

136 234 104 27 Monday,
259 234 58 20 June
332 235 19 25 6,
368 233 58 26 1842,
438 232 36 22 the
490 232 105 26 township
610 232 30 21 of

54 261 126 26 Wanganui
191 260 43 22 and
244 260 96 26 Country
348 259 97 22 Sections
454 259 23 21 in
485 258 47 21 that
539 258 91 26 district,

53 286 43 22 ■will
106 287 28 21 be
143 287 83 21 thrown
233 293 54 20 open
298 286 34 20 for
339 286 104 20 selection
452 288 23 17 at
483 284 36 21 the
525 284 106 21 Resident

54 313 127 27 Surveyor's
191 312 67 22 Office
274 315 22 18 at
310 312 132 26 Wanganui,
454 313 23 18 at
488 313 22 18 11
523 318 48 14 a.m.
583 317 48 19 pre-

54 340 75 25 cisely,
142 340 45 20 and
197 340 54 20 close
261 343 22 16 at
291 339 15 20 4
316 345 46 14 p.m.
371 345 5 19 ;
392 345 40 14 one
441 337 49 21 half
497 336 36 21 the
544 336 87 21 choices

53 366 44 21 ■will
107 366 27 21 be
144 365 63 21 made
215 372 27 13 on
253 364 35 21 the
298 364 48 21 first
353 364 49 26 day,
409 364 43 20 and
463 363 36 21 the
506 362 125 22 remainder

52 399 27 14 on
90 392 37 21 the
137 392 77 21 second
224 398 25 13 or
258 390 111 26 following
379 390 60 26 days.

79 418 48 21 The
144 418 65 21 Plans
218 417 43 21 will
275 416 28 21 lie
318 423 54 20 open
383 416 33 21 for
430 415 121 27 inspection
562 419 24 17 at
593 415 37 21 the

54 444 109 26 Principal
174 444 125 26 Surveyor's
317 442 68 21 Office
402 445 22 18 at
434 442 143 26 Wellington,
587 441 43 21 and

52 474 23 18 at
83 470 38 21 the
132 469 106 22 Resident
245 468 128 27 Surveyor's
384 468 67 21 Office
461 472 24 17 at
494 468 134 26 Wanganui,

52 496 56 21 from
127 497 24 20 10
167 503 47 14 a.m.
231 498 21 19 to
266 496 14 20 4
295 503 46 14 r.n.
358 494 58 27 daily
426 495 55 21 until
498 494 38 22 the
551 496 43 25 day
608 496 25 19 of

54 522 111 22 selection.

212 548 92 23 Samuel
318 547 106 22 Charles
438 548 84 26 Brees,
596 548 9 14 5

274 580 109 28 Principal
393 581 113 26 Surveyor,

308 614 56 22 New
373 614 100 21 Zealand
482 615 118 25 Company.

141 659 109 27 Principal
260 658 126 27 Surveyor's
397 658 76 25 Office,
486 656 142 28 Wellington,

298 685 56 26 May
365 685 30 24 14,
408 685 60 20 1542.

52 718 144 48 NOTICE
219 718 27 21 IS
270 717 126 22 HEREBY
421 717 104 26 GIVEY,
550 716 47 21 that
616 724 13 14 a

133 745 107 26 Surveyor
252 744 43 21 -will
306 744 61 21 leave
381 743 42 21 this
438 743 69 21 Office
523 750 28 14 on
563 743 66 21 Mon-

52 771 49 26 day,
117 771 55 27 May
188 772 57 23 23rd,
261 773 23 18 at
302 772 13 19 9
329 778 51 13 a.m.
396 769 113 27 precisely,
526 769 44 21 and
586 769 44 22 will

50 797 95 27 proceed
156 802 21 16 to
187 797 36 21 the
233 797 85 21 district
327 797 26 20 of
360 796 82 21 Ohariu
449 796 34 20 for
492 796 36 21 the
536 803 93 20 purpose

52 823 25 21 of
84 823 100 27 pointing
200 826 38 19 out
252 828 21 16 to
288 823 133 26 Proprietors
436 822 44 21 and
495 823 86 26 Agents
591 823 37 21 the

52 849 144 28 Preliminary
210 850 95 25 Country
324 849 100 22 Sections
444 849 81 21 chosen
544 849 23 21 in
587 849 43 21 this

52 875 84 23 district
144 880 24 17 at
176 876 37 22 the
222 876 41 21 last
272 876 112 26 selection,
396 875 49 26 viz.,
454 883 28 13 on
492 875 37 22 the
540 875 37 23 7th
586 876 44 21 and

50 902 37 22 Bth
97 903 72 26 April,
181 904 59 20 1842.

77 928 135 27 Proprietors
228 929 41 21 and
288 929 85 26 Agents
396 928 120 22 interested
537 928 24 21 in
585 928 43 21 this

51 955 89 27 district,
149 963 37 14 are
196 955 141 27 accordingly
343 955 116 27 requested
463 958 22 18 to
494 961 135 21 accompany

51 981 37 21 the
99 982 109 27 Surveyor
222 985 21 17 to
254 982 36 20 the
308 982 87 26 Ohariu,
408 981 47 21 that
469 982 53 26 they
531 988 53 19 may
600 982 29 20 be

51 1008 64 20 made
132 1008 130 27 acquainted
280 1008 53 21 with
351 1008 37 20 the
402 1008 133 21 boundaries
555 1003 26 25 oi'
591 1007 37 21 the

50 1034 84 21 several
148 1035 99 25 sections,
263 1034 60 21 since
340 1034 36 21 the
392 1034 110 28 Principal
522 1035 108 25 Surveyor

50 1060 44 22 will
109 1064 39 18 not
163 1060 120 22 undertake
303 1064 21 17 to
339 1061 63 27 point
415 1061 60 21 them
490 1064 38 18 out
544 1067 28 14 on
587 1067 43 20 any

50 1086 63 23 other
123 1087 51 22 than
184 1087 36 22 the
230 1087 43 27 day
282 1087 69 22 above
362 1087 77 22 stated.

157 1122 91 21 Samuel
264 1121 106 21 Charles
386 1121 81 26 Brees,

280 1153 109 28 Principal
404 1154 114 26 Surveyor,

318 1187 54 20 New
384 1186 99 21 Zealand
493 1187 120 26 Company.
641 1189 3 23 j

140 1223 110 28 Principal
261 1224 125 26 Surveyor's
396 1223 77 26 Office,
485 1223 142 26 Wellington,

289 1250 56 27 May
354 1251 33 25 21,
399 1251 58 20 1812.

50 1282 145 48 NOTICE
218 1283 26 22 IS
268 1283 125 22 HEREBY
418 1283 107 25 GIVEN,
550 1282 47 21 that
616 1290 14 13 a

132 1310 106 26 Surveyor
254 1310 42 21 will
312 1310 65 21 leaver
384 1309 42 21 this
438 1310 68 21 Office
517 1316 27 15 on
562 1309 66 22 Mon-

50 1336 50 26 day,
121 1336 55 27 May
195 1338 31 24 30,
247 1340 23 17 at
287 1338 12 19 9
317 1343 52 14 a.m.
388 1336 113 27 precisely,
522 1336 43 21 and
586 1336 40 21 will

49 1363 94 26 proceed
162 1367 22 16 to
200 1363 35 21 the
250 1363 84 21 district
348 1363 24 21 of
385 1363 195 26 Pawai-tangi-mu
593 1363 36 20 for

50 1389 36 20 the
96 1396 93 19 purpose
206 1389 24 21 of
243 1389 100 27 pointing
356 1392 37 18 out
403 1393 21 16 to
440 1389 134 27 Proprietors
584 1389 44 20 and

50 1416 85 25 Agents
142 1416 35 20 the
185 1415 143 28 Preliminary
335 1416 95 25 Country
438 1416 97 21 Sections
545 1415 82 21 chosen

49 1443 22 20 in
80 1441 45 22 this
137 1442 82 21 district
228 1446 22 17 at
259 1443 37 20 the
311 1443 42 21 last
362 1442 110 27 selection,
489 1443 48 26 viz.,
552 1449 29 14 on
591 1442 37 21 the

50 1468 35 22 7th
96 1468 43 21 and
148 1469 36 21 Bth
195 1469 69 26 April,
276 1470 59 20 1842.

76 1495 135 26 Proprietors
224 1495 42 21 and
276 1496 85 25 Agents
371 1495 116 21 interested
497 1495 22 21 in
530 1494 43 22 this
584 1495 44 21 dis-

49 1521 57 26 trict,
122 1529 36 13 are
178 1522 140 26 accordingly
331 1521 116 28 requested
461 1526 22 16 to
494 1528 133 21 accompany

49 1547 36 21 the
101 1549 111 26 Surveyor
221 1552 22 17 to
260 1549 34 21 the
305 1549 198 26 Pawai-tangi-mu,
514 1549 48 20 that
577 1548 51 27 they

48 1575 88 25 maybe
149 1575 65 21 made
231 1575 131 26 acquainted
376 1575 51 21 with
444 1575 36 21 the
493 1574 135 22 boundaries

48 1601 25 21 of
78 1601 38 21 the
127 1601 84 22 several
221 1603 100 24 sections,
331 1602 59 20 since
400 1601 37 21 the
447 1601 111 27 Principal
577 1601 51 21 Sur-

48 1634 68 20 veyor
126 1627 42 22 will
179 1631 40 18 not
231 1628 122 22 undertake
369 1631 21 18 to
405 1628 62 27 point
477 1628 59 21 them
546 1631 40 18 out
598 1635 30 14 on

48 1660 44 20 any
102 1653 63 22 other
175 1655 52 21 than
238 1655 36 20 the
285 1655 47 26 day,
339 1655 68 21 above
416 1655 78 21 stated.

155 1688 92 21 Samuel
263 1688 104 21 Charles
383 1688 82 26 Brees,

280 1721 109 27 Principal
404 1722 114 26 Surveyor,

302 1755 56 21 New
369 1754 98 22 Zealand
478 1756 121 25 Company.

123 1799 129 26 Building
265 1799 169 20 Allotments
449 1801 28 18 to
492 1800 58 20 Let.

49 1832 89 22 HHHE
156 1832 197 21 ADVERTISER
368 1831 64 22 offers
447 1839 59 19 upon
522 1831 107 27 Building

54 1853 29 26 X
123 1858 87 26 Leases,
221 1865 12 14 a
242 1858 94 21 number
346 1859 26 21 of
381 1858 68 21 Town
458 1858 137 22 Allotments
603 1859 24 20 in

47 1884 36 21 the
93 1888 58 17 most
161 1885 105 21 desirable
276 1888 60 23 parts
345 1885 27 21 of
381 1884 43 21 this
435 1885 138 22 Settlement.

73 1911 47 21 The
139 1911 108 20 attention
264 1910 26 21 of
306 1910 38 21 the
360 1910 74 27 public
450 1911 19 20 is
485 1911 143 26 particularly

47 1936 71 22 called
137 1940 22 17 to
179 1937 37 21 the
233 1937 123 25 advantage
376 1936 24 21 of
417 1936 105 27 Building
538 1936 88 27 Leases,

47 1963 71 21 Avhich
129 1963 36 21 the
175 1963 148 26 undersigned
331 1964 19 20 is
362 1963 92 21 enabled
464 1966 22 18 to
496 1966 71 24 grant,
577 1963 49 27 viz.,

46 1991 57 20 from
113 1998 67 13 seven
191 1993 22 18 to
229 1993 137 24 twenty-one
382 1996 70 19 years,
470 1989 120 27 according
605 1993 22 18 to

47 2017 36 21 the
102 2017 65 21 value
186 2017 26 21 of
229 2016 38 21 the
290 2016 112 26 buildings
423 2016 108 27 proposed
553 2019 24 18 to
599 2016 29 22 be

49 2043 93 22 erected.
171 2043 74 28 Apply
255 2046 22 18 to

209 2077 27 21 A.
252 2077 104 25 Ludlam,
369 2083 23 14 or

208 2103 34 21 W.
257 2103 28 20 V.
299 2103 107 25 Brewer,
421 2102 192 23 Manners-street.

49 2148 66 20 mO
131 2147 38 21 BE
184 2147 64 26 LET,
264 2147 36 21 the
318 2151 59 17 town
396 2154 51 14 acre
463 2147 45 22 No.
519 2149 51 25 210,
596 2155 27 14 on

55 2169 28 27 X
120 2173 101 28 building
230 2173 65 27 lease,
304 2173 35 22 for
348 2175 101 20 fourteen
460 2182 70 19 years.

73 2201 33 21 To
115 2201 28 21 be
153 2201 125 31 letorjsold,
289 2200 37 22 the
337 2205 58 17 town
403 2208 49 14 acre
463 2201 43 21 No.
517 2203 47 19 642.

368 2234 28 21 A.
411 2233 105 27 Ludlam,

440 2260 71 22 Willis
522 2261 77 21 Street.

212 2305 87 21 Beach
313 2306 142 25 Frontage.

47 2338 66 49 TO
124 2338 38 21 BE
177 2338 84 26 SOLD,
269 2338 23 21 in
301 2338 43 21 lots
355 2338 24 21 of
386 2341 39 18 not
433 2338 43 21 less
484 2338 53 21 than
547 2340 27 20 20
582 2338 44 22 feet

134 2366 22 20 in
176 2365 97 26 breadth,
293 2365 37 21 the
350 2365 70 22 whole
439 2365 25 20 of
485 2365 37 21 the
541 2366 83 20 section

46 2392 43 21 No.
97 2392 40 21 485
148 2399 29 14 on
187 2392 37 21 the
231 2391 54 21 Plan
294 2392 27 21 of
325 2391 37 22 the
371 2391 69 22 Town
450 2391 25 21 of
481 2391 143 28 Wellington,

46 2418 83 27 having
138 2419 110 26 frontages
257 2425 59 20 upon
328 2418 228 27 Lambton-quayand
567 2425 58 20 upon

46 2445 238 26 Wellington-terrace.
313 2445 110 20 One-half
435 2448 21 17 ot
473 2445 37 21 the
518 2445 108 27 purchase

47 2478 81 19 money
136 2471 43 21 will
188 2472 28 21 be
222 2471 91 21 allowed
323 2475 22 17 to
350 2471 85 21 remain
445 2478 57 19 upon
513 2475 113 23 mortgage

47 2499 33 19 for
89 2498 44 20 five
142 2505 71 20 years,
228 2501 23 17 at
267 2499 25 20 10
306 2505 40 19 per
360 2502 57 17 cent.
446 2498 77 21 Terms
532 2506 54 19 may
600 2499 26 21 be

45 2524 92 22 learned
148 2532 28 13 on
186 2524 130 27 application
329 2528 22 18 to

311 2558 99 21 Hanson
424 2558 44 21 and
483 2558 115 22 Alzdorf.

181 2603 84 19 Town
279 2603 77 19 Land
367 2603 42 19 for
423 2603 67 19 Sale.

48 2634 92 34 rpHE
154 2634 70 22 whole
242 2635 24 20 of
279 2638 58 18 town
348 2635 94 22 sections
456 2635 54 22 Nos.
520 2636 47 26 285,
579 2638 45 24 106,

55 2657 28 26 X
122 2661 45 21 and
182 2663 46 25 878,
240 2661 43 22 and
297 2666 49 22 part
356 2662 25 21 of
395 2665 57 18 town
467 2662 96 21 sections
578 2664 47 25 204,

47 2690 47 23 248,
106 2688 45 21 and
165 2689 40 20 528
222 2695 35 14 are
271 2688 80 21 offered
361 2689 34 20 for
404 2688 51 22 sale.
485 2688 58 22 Half
554 2689 25 20 of
591 2689 35 22 the

47 2714 108 28 purchase
171 2722 80 19 money
261 2718 22 17 to
292 2715 85 21 remain
388 2722 28 14 on
431 2720 122 22 mortgage,
565 2718 23 19 at
602 2718 26 19 10

49 2749 38 19 per
97 2745 58 18 cent.
184 2742 43 21 For
235 2741 135 27 particulars,
381 2741 65 28 apply
456 2747 21 16 to

315 2774 97 22 Hanson
426 2775 44 21 and
484 2775 116 21 Alzdorf.

160 2820 121 25 Country
295 2821 77 20 Land
386 2820 42 20 for
443 2821 67 20 Sale.

47 2853 66 49 TO
129 2853 38 21 BE
182 2853 77 22 SOLD
276 2853 35 21 IN
327 2853 80 27 LOTS,
423 2857 22 18 to
462 2855 44 21 suit
520 2854 37 22 the
574 2862 53 14 con-

120 2880 107 22 venience
238 2881 26 20 of
269 2880 136 27 purchasers,
414 2881 43 21 No.
466 2883 11 19 3
488 2881 23 21 in
522 2881 36 21 the
569 2885 58 17 town

47 2906 90 27 district,
148 2907 43 21 No.
201 2909 27 19 44
236 2907 23 21 in
270 2907 36 21 the
321 2907 60 21 Hutt
390 2907 91 26 district,
492 2908 44 21 and
547 2907 44 22 No.
601 2910 26 20 68

45 2933 24 21 in
86 2933 36 21 the
143 2933 90 22 Porirua
251 2933 85 22 district
344 2942 4 13 :
364 2934 50 21 half
424 2934 26 21 of
465 2934 38 22 the
518 2934 108 27 purchase

46 2966 82 20 money
137 2960 44 20 will
195 2960 27 22 be
231 2960 92 22 allowed
338 2964 22 18 to
370 2961 83 21 remain
465 2968 28 15 on
504 2965 121 24 mortgage,

47 2989 23 18 at
79 2987 25 20 10
113 2993 40 20 per
162 2990 57 18 cent.
247 2986 44 22 For
299 2987 136 27 particulars,
448 2988 65 27 apply
523 2993 21 17 to

313 3020 97 23 Hanson
423 3022 44 21 and
483 3022 116 21 Alzdorf.

66 3063 85 20 Town
167 3065 53 19 and
234 3065 120 26 Country
369 3067 75 19 Land
458 3068 29 19 to
503 3067 33 20 be
552 3067 56 20 Let.
623 3085 2 7 ,

49 3095 166 49 SECTIONS
230 3097 44 21 and
289 3098 99 25 portions
404 3099 26 21 of
442 3099 100 22 Sections
558 3099 25 21 in
598 3099 28 21 all

118 3126 59 23 parts
194 3123 25 21 of
233 3123 36 21 the
287 3124 69 22 Town
375 3124 25 22 of
416 3125 144 28 Wellington,
580 3126 46 21 also

47 3149 99 26 Country
156 3149 98 21 Sections
268 3150 28 22 in,
301 3150 37 22 the
355 3151 94 22 districts
466 3153 25 21 of
505 3154 36 20 the
559 3152 65 28 Hutt,

47 3176 38 21 the
99 3175 87 26 Karori,
200 3175 34 22 the
245 3175 74 27 Ohiro,
331 3177 45 22 and
388 3177 36 22 the
435 3179 97 22 Porirua.
562 3179 64 28 Long

47 3202 70 22 leases
129 3201 24 21 of
160 3201 36 22 the
214 3207 90 22 country
315 3203 53 22 land
383 3205 45 20 will
443 3205 27 22 be
485 3206 94 27 granted
598 3214 27 14 on

47 3228 130 22 reasonable
188 3232 71 18 terms.
287 3229 44 21 For
340 3231 128 26 particulars
477 3233 66 26 apply
553 3237 23 17 to

73 3261 98 21 Hanson
182 3262 44 21 and
240 3262 114 27 Alzdorf,
363 3263 196 29 Thorndon-quay.
570 3273 25 14 or
604 3269 21 18 to

74 3288 93 21 Robert
178 3288 91 26 Stokes,
280 3288 64 21 Land
359 3290 108 27 Surveyor
483 3292 44 21 and
541 3292 83 28 Agent,

228 3314 214 24 Woolcomb-street.

188 3359 85 20 Town
287 3359 85 21 Acres
386 3361 28 20 to
429 3361 56 21 Let.

47 3392 178 48 NUMBERS
235 3398 28 14 on
274 3391 37 22 the
319 3393 236 26 Surveyor-General's
565 3403 59 17 map,

233 3419 40 21 510
376 3438 3 5 ,
433 3421 40 20 2C3

74 3445 44 22 For
124 3446 135 27 particulars,
270 3445 66 27 apply
344 3448 23 18 to
376 3445 104 29 Wallace,
494 3448 78 26 White,
583 3449 43 22 and

47 3472 106 22 Wallace.

147 3518 103 19 Nelson
265 3517 76 20 Land
356 3517 142 25 Agencies.

49 3548 91 23 rriHE
153 3549 149 27 undersigned
316 3550 44 26 beg
369 3553 21 17 to
401 3550 53 21 offer
463 3551 132 22 themselves
605 3556 21 18 to

55 3571 28 27 X
122 3576 36 22 the
169 3577 74 26 public
253 3584 23 13 as
285 3581 77 22 agents
373 3577 34 20 for
417 3576 36 22 the
463 3578 104 21 selection
583 3580 43 20 and

48 3603 95 26 disposal
153 3604 26 20 of
186 3607 57 17 town
253 3603 43 21 and
306 3607 93 22 country
416 3603 63 21 lands
489 3604 22 21 in
520 3604 40 21 the
578 3612 48 14 new

47 3629 127 22 settlement
202 3630 24 21 of
250 3629 91 22 Nelson.
380 3630 74 26 Apply
477 3634 22 17 to
520 3631 105 28 Wallace,

48 3655 81 28 White,
140 3656 44 22 and
194 3655 104 27 Wallace,
310 3656 143 26 Wellington.

168 3690 119 21 Patchett
300 3689 45 22 and
361 3690 88 26 White,
460 3690 64 21 Land
533 3691 93 27 Agents,

342 3716 93 21 Nelson.
461 3722 3 7 '

75 3741 130 28 December,
217 3743 59 21 1841.

51 3785 159 23 /CAPITAL
229 3786 191 28 FRONTAGES,
437 3789 22 20 in
480 3788 148 22 Willis-street

51 3813 40 20 V/
121 3812 45 21 and
176 3812 180 28 Dickson-street,
368 3816 30 21 to,
401 3814 25 21 be
436 3814 31 21 let
475 3814 35 21 for
518 3815 106 27 building,

49 3844 29 14 on
97 3843 14 15 a
129 3837 53 29 long
202 3840 57 21 lease
279 3840 44 21 and
342 3843 23 18 at
383 3847 13 14 a
414 3847 53 21 very
487 3841 43 22 low
548 3843 78 21 rental.

47 3863 75 27 Apply
132 3867 23 18 to

350 3892 27 21 G.
391 3892 35 22 W.
443 3893 129 27 Schroder,

179 3944 7 5 „
221 3944 3 3 .
469 3924 155 24 Willit-street.
