2510 3999
82 872 50 23 The
146 872 71 24 Court
228 874 24 22 of
268 874 68 23 Land
348 874 85 23 Claims
445 882 45 16 was
503 875 87 30 opened
601 882 29 15 on

48 904 143 32 Wednesday
199 906 51 29 last,
259 907 45 23 and
311 908 42 23 has
360 908 62 22 since
434 908 56 23 been
499 908 99 30 engaged
607 908 23 22 in

47 938 82 31 taking
139 940 113 22 evidence.
289 940 24 23 It
323 940 47 23 will
381 940 26 23 be
420 944 39 18 out
470 940 25 22 of
504 948 41 15 our
556 948 74 23 power

48 975 23 19 to
83 973 51 28 give
146 972 37 23 the
195 973 111 28 evidence,
320 980 25 15 as
355 973 17 22 it
384 973 44 22 will
439 973 137 29 necessarily

48 1008 23 19 to
83 1009 63 25 great
156 1004 98 31 length;.
262 1004 56 31 Jjut'
324 1013 34 15 we
377 1005 58 30 hope
453 1006 23 22 in
496 1005 43 23 due
551 1013 79 15 course

47 1041 23 18 to
81 1037 88 23 furnish
181 1045 28 15 an
221 1042 94 18 account
329 1038 25 22 of
376 1037 36 23 the
424 1038 146 30 proceedings
584 1038 43 23 and

46 1069 39 23 the
96 1070 66 29 spirit
172 1070 30 29 by
214 1070 71 23 which
298 1070 53 29 they
363 1078 57 15 were
431 1071 120 23 animated.

80 1126 43 23 We
134 1126 58 31 hope
205 1131 55 18 next
271 1126 63 24 week
346 1132 23 18 to
384 1128 28 22 be
431 1128 50 22 able
497 1132 23 18 to
541 1128 87 23 furnish

47 1167 29 15 an
85 1164 93 19 account
185 1159 25 23 of
215 1159 36 24 the
259 1160 147 32 proceedings
410 1161 77 23 before
495 1161 37 23 the
541 1161 87 31 County

49 1192 78 22 Court.

81 1241 43 24 We
146 1242 58 23 have
223 1244 103 22 received
344 1244 37 23 the
400 1245 188 22 communication
608 1244 23 23 of

107 1276 85 23 Friend
203 1280 21 19 to
450 1277 58 27 ,His
527 1277 102 23 remarks

48 1316 30 15 on
89 1309 37 22 the
139 1309 43 22 late
195 1310 112 30 meeeting
318 1310 72 22 called
402 1310 29 30 by
450 1311 84 22 certain
544 1311 84 30 parties

48 1345 23 19 to
82 1342 106 22 establish
202 1350 13 14 a
227 1341 67 23 Total
311 1342 138 23 Abstinence
470 1341 98 32 Society,
588 1352 41 22 ap-

35 1378 135 26 'peartous
188 1375 170 31 unnecessarily
376 1376 104 30 personal
480 1389 33 3 —
515 1376 36 23 the
567 1384 62 15 more

49 1415 33 21 so,
94 1415 25 15 as
130 1415 32 15 we
172 1408 66 23 think
250 1408 38 23 the
300 1409 83 30 parties
395 1408 48 24 who
456 1409 71 23 called
537 1409 37 23 the
584 1409 46 23 late

48 1441 99 30 meeting
165 1441 54 29 will,
238 1442 24 21 in
281 1441 30 23 all
335 1443 105 22 essential
457 1443 82 30 points,
563 1451 66 22 agree

48 1473 51 23 with
109 1481 40 15 our
161 1474 183 31 correspondent.
379 1475 54 30 Any
445 1483 103 15 measure
559 1476 71 30 likely

48 1510 23 19 to
83 1506 96 30 produce
191 1507 105 23 disunion
308 1512 62 19 must
388 1508 74 23 defeat
481 1509 37 22 the
533 1517 97 22 purpose

48 1540 72 23 which
132 1540 37 23 the
186 1540 118 24 advocates
315 1541 36 23 for
367 1541 154 31 Temperance
533 1542 55 23 have
607 1543 23 21 in

47 1573 62 28 view,
123 1573 43 23 and
184 1573 71 23 hence
276 1574 37 23 the
333 1574 150 23 introduction
496 1575 25 23 of
536 1575 94 31 religion

48 1613 44 16 was
102 1606 109 29 probably
224 1615 28 14 an
264 1607 124 23 unadvised
400 1615 111 17 measure.

50 1664 16 17 X
80 1669 106 25 Births.
189 1683 34 3 —
223 1670 58 32 May
307 1673 37 27 13,
375 1671 60 24 Mrs.
459 1672 86 24 Villers
569 1673 25 23 of
617 1681 12 14 a

48 1703 117 30 daughter.

82 1736 55 30 May
158 1739 38 26 14,
217 1737 61 23 Mrs.
299 1738 108 28 Duncan,
421 1738 50 23 wife
488 1739 25 22 of
531 1738 98 25 Andrew

49 1769 104 28 Duncan,
168 1770 84 27 Baker,
263 1771 26 22 of
297 1780 14 14 a
323 1780 50 14 son.

1875 134 28 21 be
1912 134 61 26 sold;
1985 135 102 30 the/more
2101 136 56 23 land
2164 138 63 26 sold,-
2235 139 37 21 the
2285 144 83 22 greater
2377 142 83 22 would-

1873 160 30 21 be
1911 160 37 21 the
1957 161 155 27 immigration.
2119 182 4 3 .
2131 164 54 21 This
2192 167 80 24 system
2279 173 48 20 may
2333 167 27 21 be
2366 167 90 23 tevmed'

1875 193 13 13 a
1907 186 124 28 colonizing
2053 189 100 22 machine
2167 190 88 22 worked
2270 192 28 26 by
2308 200 28 14 an
2349 193 103 23 inherent
2463 203 4 8 •■

1875 213 44 21 and
1929 213 242 29 continualiy-growing
2180 224 79 19 power.

1903 246 42 20 Let
1954 253 35 15 me
1999 253 50 15 now
2058 247 124 23 endeavour
2190 253 23 17 to
2220 249 59 22 show
2289 250 110 29 distinctly
2403 253 60 22 that,

1875 271 42 22 this
1927 276 81 22 system
2018 273 38 21 has
2067 281 67 15 never
2142 279 38 20 yet
2190 275 43 22 had
2241 283 13 14 a
2263 277 42 21 fair
2312 278 54 21 trial.

1902 303 32 22 To
1943 311 13 14 a
1965 304 41 22 fair
2014 305 49 21 trial
2074 305 26 21 of
2106 305 35 22 the
2152 310 79 23 system
2233 319 28 3 —
2262 312 22 17 to
2299 308 54 22 such
2366 316 12 14 a
2394 310 55 26 trial,

1877 329 10 21 I
1903 336 71 20 mean,
1992 338 22 14 as
2030 331 71 21 would
2117 332 56 21 have
2188 333 110 22 exhibited
2318 336 29 19 its'
2357 340 97 22 greatest

1875 362 73 19 power
1964 357 25 21 of
2005 358 128 26 emigration
2148 359 91 22 without
2260 361 35 20 the
2312 364 46 19 cost
2374 365 23 17 to
2415 363 37 20 the

1875 382 190 29 mother-country
2065 395 28 4 —
2094 385 82 21 several
2187 387 123 20 conditions
2322 394 54 15 were
2385 388 68 21 indis-

1877 409 113 26 pensable.

1902 442 48 21 The
1959 441 51 23 firsf
2015 450 49 18 was,
2081 445 48 21 that
2142 445 36 22 the
2188 446 60 26 price
2264 447 100 27 required
2373 447 34 21 for
2417 447 36 22 the

1874 475 48 14 new
1927 468 54 21 land
1988 469 77 22 should
2074 471 140 22 besufliciunt
2223 473 33 21 for
2267 474 34 20 the
2309 474 84 26 objects'
2403 474 51 21 with

1877 494 71 21 which
1962 502 42 19 any
2014 497 58 25 price
2087 497 45 21 had
2146 499 56 20 been
2217 499 104 27 imposed.
2350 500 21 21 A
2381 507 73 20 penny

1875 528 38 19 per
1920 528 56 19 acre,
1983 522 35 21 for
2025 524 107 26 example,
2143 526 71 20 would
2224 525 57 22 have
2288 527 55 20 been
2350 526 44 22 less
2401 527 53 21 than

1877 547 35 22 the
1936 548 106 27 quit-rent
2063 550 123 27 previously
2210 552 124 22 demanded
2351 553 33 21 for
2406 560 48 15 new

1876 573 60 27 land,
1948 574 43 21 and
1996 575 70 21 would
2077 576 56 21 have
2141 576 42 21 had
2190 585 28 13 no
2227 578 64 23 effect
2298 583 22 18 at
2326 579 36 21 all.
2390 580 65 21 What

1876 601 58 26 price
1944 601 72 22 would
2025 602 55 21 have
2091 602 56 21 been
2154 606 36 18 too
2200 604 58 26 high,
2271 606 17 20 it
2295 606 19 21 is
2324 609 38 18 not
2369 613 24 14 so
2404 613 51 21 easy

1877 632 22 15 to
1913 628 62 25 point
1983 632 50 22 out;
2050 635 41 14 nor
2101 629 26 20 do
2143 629 11 22 I
2164 629 77 22 intend
2253 635 20 17 to
2288 635 61 18 enter
2364 632 51 21 here
2426 640 28 14 on

1876 653 37 22 the
1923 654 99 27 question
2034 654 24 21 of
2072 655 37 21 the
2119 662 98 15 measure
2232 657 30 26 by
2274 657 68 22 which
2355 662 21 18 to
2385 663 39 23 get
2434 664 22 16 at

1877 679 35 22 the
1923 680 79 26 golden
2009 688 72 15 mean.
2112 682 21 21 It
2140 682 19 22 is
2169 682 109 22 sufficient
2286 684 32 21 for
2329 692 35 19 my
2369 689 88 23 present

1875 714 93 19 purpose
1980 711 19 17 to
2012 711 62 23 state,
2093 708 47 21 that
2150 708 36 22 the
2196 709 95 22 colonies
2301 710 22 21 in
2334 712 68 20 which
2413 712 42 21 this

1877 738 82 21 system
1968 733 39 22 has
2017 734 55 21 been
2079 734 55 22 tried
2140 735 85 22 furnish
2232 736 113 21 abundant
2352 738 104 21 evidence

1877 759 25 21 of
1908 760 39 21 the
2023 761 79 26 having
2110 762 56 21 been
2174 764 136 25 everywhere
2316 766 36 18 too
2358 764 41 21 low
2405 765 51 20 with

1877 786 112 22 reference
1997 790 21 18 to
2025 787 35 21 the
2069 788 102 26 objectjin
2178 789 53 21 view
2237 797 5 19 ;
2254 789 43 21 and
2304 790 36 21 the
2347 790 109 27 questions

1876 815 39 24 put
1925 813 29 26 by
1966 814 107 21 members
2084 815 24 20 of
2119 814 37 22 the
2166 820 75 17 recent
2250 816 127 21 Committee
2388 817 25 20 of
2421 817 36 21 the

1878 838 77 22 House
1967 840 24 20 of
1998 840 119 22 Commons
2127 848 27 14 on
2162 841 68 22 South
2242 843 123 21 Australian
2377 843 79 25 affairs,

1878 864 60 22 show
1950 865 45 22 that
2004 866 35 22 the
2049 867 73 26 public
2131 874 50 15 men
2192 868 49 21 who
2251 876 37 14 are
2298 869 47 21 best
2354 870 104 26 acquain-

1877 891 37 21 ted
1935 892 52 22 with
2005 893 37 21 the
2058 894 91 26 subject,
2169 895 80 21 incline
2270 900 19 16 to
2308 903 28 14 an
2359 896 99 22 effective

1880 917 84 28 though
1974 919 89 26 gradual
2073 920 82 26 raising
2165 922 26 19 of
2198 921 36 22 the
2245 922 64 24 price.

1906 952 47 21 The
1969 953 80 21 second
2065 954 115 21 condition
2192 955 24 20 of
2231 963 13 13 a
2264 955 42 21 fair
2321 957 137 26 experiment

1879 985 50 20 was,
1943 979 45 21 that
1998 981 36 20 the
2043 980 78 26 whole,
2133 988 24 14 or
2167 985 23 17 at
2199 981 55 21 least
2264 990 59 13 some
2333 983 59 26 large
2399 983 59 22 fixed

1879 1006 125 26 proportion
2015 1007 25 20 of
2051 1007 37 21 the
2099 1008 105 26 proceeds
2213 1009 26 20 of
2258 1009 62 26 sales,
2337 1009 79 22 should
2432 1011 26 21 be

1880 1031 96 22 devoted
1987 1037 20 17 to
2017 1032 156 28 immigration.
2207 1035 53 21 This
2275 1035 38 22 lias
2330 1036 54 21 been
2402 1036 58 22 done

1880 1058 108 23 nowhere.
2020 1060 70 21 While
2098 1061 17 20 it
2124 1062 96 20 remains
2229 1062 95 26 undone,
2334 1070 13 12 a
2352 1063 106 28 principle

1880 1084 97 23 element
1987 1087 17 20 is
2014 1087 100 27 wanting
2122 1088 25 20 of
2159 1095 43 20 any
2213 1089 69 21 sound
2293 1089 131 22 calculation
2435 1098 23 13 as

1881 1115 20 18 to
1922 1112 58 21 what
1994 1113 70 22 would
2082 1114 26 21 be
2128 1114 36 21 the
2180 1114 80 28 proper
2273 1115 69 27 price;
2357 1115 35 23 for
2406 1117 17 20 it
2441 1117 18 21 is

1880 1138 99 26 obvious,
1990 1139 48 22 that
2047 1147 23 14 as
2080 1140 37 21 the
2127 1142 43 20 aim
2181 1141 26 21 of
2217 1149 14 13 a
2239 1142 59 27 price
2303 1143 19 21 is
2328 1146 22 18 to
2359 1143 99 21 occasion

1881 1172 12 13 a
1903 1166 42 21 due
1955 1166 124 26 proportion
2089 1166 99 23 between
2198 1168 53 21 land
2261 1168 43 22 and
2311 1169 83 27 people,
2406 1177 54 19 very

1880 1190 103 23 'different
2000 1193 70 26 prices
2094 1194 44 21 will
2162 1194 26 21 be
2206 1195 104 27 requisite
2333 1195 71 22 under
2423 1196 37 21 the

1882 1217 100 23 different
1992 1220 170 21 circumstances
2172 1221 25 20 of
2208 1221 37 21 the
2256 1222 75 26 whole,
2343 1229 23 14 or
2376 1229 14 14 a
2402 1226 56 23 part,

1882 1251 23 14 or
1913 1252 59 14 none
1982 1246 25 21 of
2024 1246 36 21 the
2075 1246 202 28 purchase-money,
2286 1248 68 27 being
2370 1249 53 21 used
2439 1249 21 21 in

1882 1271 84 27 adding
1974 1275 21 18 to
2003 1272 37 21 the
2052 1273 92 21 colonial
2155 1274 126 27 population
2289 1282 5 13 :
2307 1274 36 22 the
2353 1282 60 14 more
2424 1276 36 21 the

1882 1299 105 25 purchase
2003 1305 80 21 money
2103 1300 54 21 adds
2176 1303 22 18 to
2207 1301 134 26 population,
2362 1302 37 21 the
2419 1302 42 22 less

1880 1324 44 21 will
1934 1325 26 21 be
1971 1325 36 21 the
2017 1326 58 25 price
2084 1326 101 27 required
2195 1327 33 21 for
2242 1328 90 27 causing
2342 1335 43 20 any
2394 1329 66 27 given

1882 1351 125 27 proportion
2016 1352 99 22 between
2124 1352 53 22 land
2194 1354 45 21 and
2253 1354 89 27 people;
2364 1356 37 20 the
2418 1355 43 21 less

1882 1385 27 13 an
1929 1378 98 21 increase
2046 1379 26 21 of
2091 1380 78 27 people
2193 1380 18 21 is
2231 1382 127 21 occasioned
2375 1382 29 26 by
2425 1383 35 20 the

1882 1405 205 27 purchase-money,
2108 1406 36 22 the
2163 1406 78 28 higher
2261 1411 54 18 must
2334 1408 26 21 be
2380 1413 39 17 ttie
2427 1416 34 14 re-

1880 1432 101 26 gulating
1995 1432 58 26 price
2071 1432 25 21 of
2116 1433 58 21 land.
2213 1434 22 21 It
2253 1441 50 20 may
2322 1436 26 20 be
2364 1436 104 21 asscited.

1881 1458 91 26 further,
1993 1458 47 21 that
2058 1467 44 18 any
2121 1459 116 22 deversion
2254 1462 24 20 of
2294 1461 37 22 the
2344 1462 117 26 purchase-

1881 1491 83 20 money
1971 1485 57 21 from
2040 1485 35 22 the
2086 1493 92 20 purpose
2195 1487 25 20 of
2238 1487 81 28 adding
2335 1491 20 18 to
2370 1490 91 26 poptila-

1880 1510 76 28 lation,
1969 1512 130 27 necessarily
2110 1517 98 23 operates
2220 1522 22 13 as
2254 1521 13 14 a
2280 1515 79 26 partial
2373 1519 39 17 tax
2426 1516 35 21 for

1880 1538 89 25 general
1981 1545 101 21 purposes
2101 1547 28 14 on
2150 1540 38 21 the
2206 1541 78 26 buyers
2300 1542 25 20 of
2345 1542 53 21 land
2418 1542 43 21 and

1881 1572 26 13 oji
1920 1564 36 22 the
1967 1566 55 20 class
2033 1566 25 20 of
2069 1566 112 21 labourers
2192 1566 33 21 for
2234 1567 59 26 hire;
2311 1568 18 21 it
2339 1568 76 21 makes
2424 1570 37 20 the

1880 1591 80 27 buyers
1970 1592 25 21 of
2006 1592 52 22 land
2077 1592 63 22 alone
2161 1594 123 21 contribute
2303 1600 23 16 so
2345 1595 67 21 much
2430 1596 33 21 for

1880 1618 89 26 general
1988 1625 115 21 purposes;
2124 1620 45 21 and
2188 1627 23 14 as
2221 1621 17 20 it
2253 1621 50 21 calls
2319 1622 33 21 for
2362 1629 14 14 a
2386 1622 77 27 higher

1880 1645 60 26 price
1952 1645 52 22 than
2023 1646 71 21 would
2114 1646 55 21 have
2189 1647 90 22 sufficed
2296 1648 19 21 if
2336 1648 36 21 the
2393 1648 68 22 whole

1879 1672 201 28 purchase-money
2100 1672 43 22 had
2161 1674 72 21 added
2251 1676 21 19 to
2289 1675 136 27 population,
2445 1676 18 21 it

1880 1699 133 27 necessarily
2021 1699 103 27 prolongs
2134 1700 37 21 the
2189 1705 53 16 term
2260 1701 23 21 of
2300 1701 36 21 the
2350 1709 56 20 poor
2420 1703 43 20 im-

1881 1726 114 26 migrant's
2010 1726 83 21 service
2110 1726 33 22 for
2155 1726 52 27 hire,
2228 1728 31 26 by
2276 1728 134 27 postponing
2426 1729 36 21 the

1879 1752 79 26 period
1972 1756 22 18 at
2009 1752 72 22 which
2100 1754 87 26 savings
2203 1754 57 21 from
2281 1755 32 20 his
2333 1762 71 20 wages
2418 1755 46 22 will

1880 1779 80 22 enable
1970 1779 44 22 him
2025 1783 21 17 to
2058 1780 90 21 become
2159 1787 13 14 a
2181 1781 81 21 landed
2275 1782 127 26 proprietor.
2441 1782 22 21 It

1880 1813 44 14 was
1942 1806 69 22 found
2027 1806 56 21 hard
2100 1810 21 17 to
2141 1807 102 21 establish
2260 1808 35 21 the
2311 1809 111 27 propriety
2433 1810 35 24 ,of

1880 1833 113 27 requiring
2003 1840 43 20 any
2056 1833 59 26 price
2128 1834 36 21 for
2178 1841 48 14 new
2241 1834 57 26 land,
2315 1842 56 15 even
2381 1836 35 21 for
2426 1836 36 21 the

1879 1866 95 20 purpose
1984 1860 25 20 of
2019 1860 118 27 providing
2148 1860 87 27 labour;
2258 1862 38 20 but
2311 1869 46 14 now
2375 1862 87 27 opinion

1880 1893 73 14 seems
1962 1886 97 21 inclined
2070 1891 22 16 to
2102 1894 27 20 go
2139 1887 46 21 into
2197 1887 37 22 the
2244 1889 94 26 opposite
2355 1893 106 22 extreme,

1882 1912 44 21 and
1936 1913 61 20 there
2007 1920 37 14 are
2054 1921 60 12 some
2127 1914 47 19 who
2185 1913 65 22 t\unk
2267 1916 46 19 that
2329 1919 66 17 waste

1880 1938 18 21 is
1919 1938 37 21 the
1974 1939 49 22 best
2040 1945 77 15 source
2137 1940 25 20 of
2187 1940 89 26 general
2294 1947 104 20 revenue,
2419 1942 45 21 and

1880 1966 100 26 pioneers
1991 1965 25 21 of
2037 1965 37 22 the
2094 1965 127 22 wilderness
2240 1966 35 22 the
2291 1967 68 22 fittest
2369 1968 95 26 subjects

1881 1992 25 21 of
1919 1992 95 21 taxation
2025 1992 34 21 for
2068 1993 87 26 general
2167 1999 111 19 purposes.
2314 1994 43 21 But
2371 1994 38 22 the
2423 2002 40 14 un-

1882 2019 106 27 certainty
1997 2019 18 21 is
2025 2023 65 17 worst
2101 2019 24 21 of
2137 2019 36 21 all.
2205 2020 142 26 Uncertainty
2357 2028 24 13 as
2392 2025 21 17 to
2425 2021 36 21 the

1882 2049 23 18 at
1915 2046 80 21 -which
2013 2046 118 21 land-sales
2150 2046 43 21 will
2212 2046 42 21 add
2274 2050 22 17 to
2315 2047 37 21 the
2369 2047 94 22 colonial

1880 2072 128 27 population
2032 2072 78 21 carries
2133 2074 142 26 uncertainty
2303 2073 47 22 into
2378 2074 86 22 several

1882 2102 90 19 matters
1981 2099 87 21 besides
2079 2098 45 22 that
2136 2099 25 21 of
2178 2099 36 21 the
2230 2100 99 21 business
2339 2100 26 22 of
2376 2101 89 26 dealing

1881 2126 22 21 in
1917 2126 63 21 land:
1997 2126 85 26 beyond
2099 2126 84 26 casting
2198 2126 69 21 doubt
2283 2126 45 21 and
2343 2128 120 27 insecurity

1881 2159 28 14 on
1919 2153 38 20 the
1967 2152 63 22 value
2041 2152 26 21 of
2078 2152 51 21 land
2141 2153 44 20 and
2194 2152 38 22 the
2243 2161 98 19 progress
2352 2154 25 21 of
2389 2154 74 21 settle-

1881 2183 69 22 ment,
1961 2180 18 21 it
1988 2179 91 21 renders
2090 2179 35 21 the
2136 2180 78 26 supply
2225 2180 24 21 of
2267 2180 36 21 the
2321 2180 147 22 labour-mar-

1881 2206 39 21 ket
1930 2206 45 21 and
1989 2206 36 21 the
2035 2210 47 17 rate
2094 2207 24 20 of
2129 2213 72 19 wages
2211 2208 137 26 precarious;
2366 2207 17 22 it
2395 2215 69 14 seems

1882 2236 22 18 to
1924 2233 28 22 be
1970 2232 121 23 calculated
2108 2236 23 17 to
2151 2233 56 21 have
2227 2240 23 14 as
2268 2234 147 21 mischievous
2436 2242 27 14 an

1882 2260 65 21 effect
1957 2267 27 14 on
1995 2259 36 22 the
2042 2266 108 20 economy
2157 2261 22 20 i»f
2189 2268 12 12 a
2209 2260 80 26 colony
2296 2268 23 13 us
2328 2262 137 26 uncertainty

1882 2286 68 22 about
1959 2287 36 20 the
2006 2286 105 22 standard
2121 2286 27 21 of-
2157 2286 66 23 value
2232 2287 73 21 would
2319 2287 57 22 have
2387 2288 24 21 in
2421 2288 43 22 this

1882 2316 99 22 country.
2010 2321 3 5 *

2068 2340 41 26 [To
2119 2341 24 20 be
2152 2341 125 25 continued.'}

80 1835 43 23 We
135 1836 56 23 have
203 1837 104 22 obtained
320 1837 38 23 tha
369 1837 115 30 following
497 1838 134 30 interesting

48 1873 97 18 extracts
173 1870 58 22 from
258 1870 38 22 the
318 1869 59 24 New
400 1870 103 23 Zealand
510 1875 3 2 '
523 1870 105 25 Journal.

48 1902 75 22 Those
135 1902 93 24 relutiy.fi
239 1907 22 17 to
275 1902 37 23 the
325 1905 143 28 preparation
484 1904 25 22 of
523 1904 37 22 the
573 1904 57 22 New

47 1934 97 23 Zealand
163 1935 61 22 Flax
235 1942 37 15 aro
290 1935 69 23 taken
371 1936 57 22 from
442 1936 36 21 the
489 1935 99 23 Journal
607 1938 24 21 of

46 1967 37 22 the
95 1968 58 24 27th
169 1967 130 24 November
311 1968 51 29 last,
375 1968 44 23 and
433 1977 30 14 we
475 1970 69 22 invite
555 1975 73 17 atten-

47 2001 45 22 tion
101 2005 21 17 to
136 2000 58 24 them
206 2008 23 15 as
238 2001 113 31 affording
362 2003 151 29 suggestions,
523 2003 25 22 of
556 2003 73 22 which

45 2033 127 23 immediate
184 2034 124 30 advantage
318 2042 52 23 may
379 2035 28 22 be
417 2035 77 23 taken.

75 2064 20 21 h
108 2065 19 20 is
137 2065 139 27 satisfactory
285 2069 23 17 to
323 2065 47 22 find
381 2066 47 21 that
442 2066 117 28 ingenuity
572 2067 19 22 is
606 2072 24 17 at

47 2091 63 26 work,
118 2091 21 21 in
148 2091 43 22 this
200 2098 92 21 country
301 2100 24 13 as
337 2092 46 21 well
391 2100 23 14 as
425 2093 22 21 in
457 2093 54 21 New
522 2093 106 27 Zealand,

46 2118 33 20 for
95 2118 37 21 the
146 2126 94 19 purpose
256 2119 26 21 of
292 2119 140 27 discovering
445 2127 28 13 an
490 2121 140 25 expeditious

47 2144 42 21 and
100 2144 69 27 cheap
183 2145 93 21 method
285 2146 26 21 of
322 2147 118 26 preparing
449 2147 37 21 the
501 2146 128 23 Phormium

46 2171 77 21 Tenax
134 2173 32 19 (or
175 2172 119 27 shipment,
313 2173 42 21 and
367 2173 122 28 ultimately
503 2174 99 27 dressing
612 2175 18 21 it

45 2198 33 20 for
88 2198 161 22 manufacture.
280 2199 42 21 We
330 2199 56 21 have
396 2207 78 14 reason
483 2205 21 17 to
513 2201 57 27 hope
582 2202 49 20 that

47 2231 58 14 more
123 2225 53 21 than
194 2233 42 14 one
253 2226 92 21 method
360 2226 17 21 is
393 2233 49 15 now
458 2227 79 22 known
555 2232 21 16 to
592 2228 37 22 the

45 2252 85 20 settlers
147 2252 25 21 of
189 2252 52 22 Port
260 2252 129 26 Nicholson,
406 2253 44 21 and
466 2253 36 23 the
517 2254 113 28 following

45 2282 126 23 prospectus
185 2279 18 21 is
219 2280 125 27 expressive
362 2281 25 20 of
399 2281 109 26 sanguine
523 2281 107 28 anticipa-

47 2304 55 22 tions
113 2305 24 21 of
148 2312 86 15 success
249 2314 29 14 on
294 2305 38 22 the
348 2309 47 23 part
405 2307 24 21 of
442 2307 36 21 the
495 2307 72 22 writer
567 2319 27 4 —
596 2309 34 21 Sir

47 2331 86 27 George
152 2332 98 27 Farmer,
268 2333 27 21 of
311 2333 112 22 Bideford.
452 2333 111 28 Knowing
578 2343 52 20 pre-

46 2358 65 27 cisely
118 2358 37 22 the
161 2363 79 18 nature
248 2361 25 20 of
277 2359 37 22 the
322 2360 123 22 difficulties
451 2363 22 19 to
480 2361 26 21 be
513 2368 116 16 overcome

44 2395 28 4 —
73 2384 101 28 knowing
193 2385 46 23 also
258 2387 49 21 that
323 2387 37 21 the
376 2387 55 21 rude
449 2388 74 21 native
539 2389 91 22 method

47 2419 91 14 answers
147 2413 109 26 tolerably
266 2413 49 21 well
326 2413 23 21 in
360 2413 29 21 all
399 2419 103 22 respects,
514 2419 79 23 except
606 2417 23 21 in

46 2438 36 21 the
91 2443 62 22 great
162 2439 79 21 labour
250 2439 46 22 and
306 2444 138 23 consequent
454 2448 95 20 expense
557 2442 72 22 which

46 2465 129 28 ifinvolves,
186 2473 33 15 we
233 2474 42 14 can
285 2467 119 27 anticipate
417 2475 28 13 no
461 2468 106 28 difficulty
581 2469 47 22 that

45 2499 13 13 a
68 2492 55 21 little
140 2493 140 27 experiment
297 2493 44 22 will
357 2498 39 17 not
411 2501 88 15 remove
507 2504 5 17 ;
537 2495 44 22 and
597 2504 31 14 we

47 2518 68 22 doubt
124 2523 39 17 not
172 2519 49 22 that
228 2520 66 22 when
310 2521 138 27 experiment
457 2521 55 22 shall
523 2521 27 23 be
564 2523 65 27 fairly

45 2549 32 17 set
88 2553 28 13 on
126 2546 46 22 foot
182 2554 23 14 in
217 2547 54 21 New
281 2547 104 27 Zealand,
397 2549 83 21 several
497 2554 132 17 concurrent

45 2572 100 22 methods
156 2573 44 21 will
215 2574 26 20 be
251 2573 95 28 adopted
359 2575 36 21 for
409 2575 36 21 the
460 2576 131 22 attainment
606 2577 25 21 of

43 2598 37 21 the
93 2599 79 25 object.

71 2626 48 21 The
129 2626 61 22 chief
201 2626 148 22 desideratum
360 2632 23 17 at
393 2632 87 23 present
493 2629 19 22 is
522 2637 13 13 a
549 2630 79 28 simple

44 2651 177 29 hand-machine,
234 2654 31 21 of.
269 2654 73 22 which
351 2654 37 22 the
399 2656 84 20 natives
494 2664 40 14 can
543 2657 85 28 readily

44 2678 28 22 be
87 2679 76 27 taught
178 2683 22 18 to
216 2681 57 21 avail
287 2681 139 23 themselves.
461 2682 167 29 Flax-dressing

44 2706 18 20 is
72 2712 13 14 a
95 2707 82 25 species
192 2707 25 21 of
228 2707 78 22 labour
322 2712 21 17 to
354 2709 71 21 which
439 2709 53 27 they
501 2717 36 14 aie
553 2718 75 14 accus-

45 2732 82 26 tomed,
139 2733 45 21 and
194 2734 85 26 against
293 2733 71 23 which
376 2735 51 27 they
440 2735 57 21 have
507 2743 28 14 no
548 2744 80 20 repug-

45 2765 83 20 nance;
153 2759 70 22 hence
244 2760 36 21 the
296 2765 64 22 great
372 2761 137 26 importance
526 2763 26 21 of
566 2771 62 15 some

43 2785 79 27 simple
135 2786 199 27 hand-apparatus,
348 2787 73 22 which
435 2789 45 21 will
489 2790 78 21 render
581 2790 47 22 that

43 2812 79 21 labour
130 2812 116 27 available,
257 2813 44 21 and
311 2820 25 15 so
346 2821 75 15 secure
431 2817 23 19 to
464 2815 56 21 New
530 2816 98 22 Zealand

43 2845 28 14 an
95 2839 121 27 important
232 2840 126 21 increment
377 2841 25 21 of
421 2841 98 22 national
540 2843 87 22 wealth.

43 2865 42 21 We
94 2866 66 21 make
170 2866 44 21 this
223 2866 126 27 suggestion
360 2867 33 21 for
403 2867 34 22 Sir
447 2869 55 21 Geo.
518 2869 110 23 Farmer's

43 2892 93 26 especial
146 2893 79 21 notice.
256 2893 24 21 If
290 2893 30 21 he
330 2900 40 14 can
381 2894 74 22 devise
466 2902 26 14 an
510 2902 118 21 apparatus

44 2919 24 20 of
80 2919 37 21 the
132 2919 54 21 kind
200 2919 28 21 he
242 2919 46 22 will
300 2920 29 20 be
343 2920 82 22 indeed
438 2928 14 14 a
466 2921 124 24 benefactor
606 2928 22 18 to

43 2945 56 22 New
109 2946 106 25 Zealand,

76 2980 51 24 The
148 2981 118 31 following
287 2982 21 23 is
330 2982 38 23 the
390 2990 70 24 paper
482 2984 73 24 which
584 2986 42 24 has

45 3014 69 23 called
125 3015 62 23 forth
199 3015 63 23 these
274 3015 103 23 remarks
386 3024 6 14 :—:
395 3028 34 4 —

144 3047 146 21 successthat
295 3046 107 21 attended
411 3054 60 15 some
480 3049 148 27 experiments

45 3071 12 22 I
65 3072 65 22 made
141 3080 60 14 some
211 3080 64 21 years
285 3080 42 19 ago
339 3073 23 21 in
372 3073 95 28 Ireland,
480 3079 21 17 to
512 3076 115 22 substitute

45 3100 108 27 steaming
165 3100 35 21 for
210 3101 37 20 the
262 3101 87 20 tedious
358 3100 44 21 and
417 3101 108 27 injurious
539 3109 90 21 process

45 3125 23 21 of
76 3127 172 26 water-soaking
265 3127 37 21 the
311 3127 46 21 flax
371 3131 24 17 to
409 3133 40 16 rot*
458 3128 38 21 the
512 3130 117 25 epideimis

45 3159 23 14 or
81 3152 53 28 harl,
144 3153 99 23 induced
257 3161 44 20 me,
313 3161 30 14 on
350 3153 93 28 reading
453 3154 36 21 the
502 3160 95 17 account
606 3158 27 21 of

45 3179 146 26 experiments
200 3181 106 27 carrying
310 3187 34 15 -on
359 3184 22 18 at
398 3181 54 22 Port
465 3181 128 29 Nicholson,
605 3187 23 18 to

45 3205 77 23 devote
132 3214 38 20 my
179 3207 105 27 thoughts
293 3211 23 17 to
332 3215 14 14 a
355 3208 83 21 similar
446 3208 91 22 method
547 3210 26 20 of
578 3217 50 20 pre-

44 3233 76 27 paring
133 3234 37 22 the
179 3234 56 22 New
247 3234 101 22 Zealand
362 3234 64 22 Flax.
455 3234 46 23 The
510 3236 68 21 result
588 3236 40 22 has

44 3260 82 25 proved
134 3265 59 17 most
203 3262 146 26 satisfactory;
360 3269 2 4 ■
388 3269 3 4 •

70 3286 34 27 By
111 3287 37 22 the
155 3288 69 27 quick
235 3289 74 21 action
315 3288 27 21 of
346 3292 77 23 steam,
431 3288 37 21 the
475 3288 54 23 fibre
539 3297 89 20 escapes

44 3311 36 22 the
101 3313 45 22 risk
165 3315 25 21 of
206 3315 180 27 decomposition,
406 3315 73 22 which
503 3316 125 28 invariably

43 3346 138 16 commences
199 3342 18 21 if
235 3342 36 21 the
287 3342 47 22 flax
349 3342 18 21 is
384 3342 40 21 left
440 3342 23 21 in
480 3342 37 22 the
531 3346 68 19 water
616 3351 14 14 a

43 3365 61 22 short
109 3368 51 20 time
169 3371 36 18 too
212 3369 62 27 long.
303 3368 47 23 The
358 3368 76 22 colour
443 3369 23 25 is,
471 3370 61 21 often
541 3370 88 27 injured

43 3392 28 27 by
77 3393 133 29 immersion,
219 3396 43 21 and
273 3395 38 22 the
320 3396 55 21 fibre
385 3395 86 22 further
482 3396 146 23 deteriorated

92 3426 107 21 exposure
215 3422 37 21 for
275 3429 61 15 some
355 3423 53 21 time
432 3427 22 17 to
478 3423 150 28 atmospheric

45 3444 103 29 changes,
155 3451 22 17 to
187 3449 76 26 regain
274 3449 38 22 the
322 3448 81 23 colour.
433 3450 75 23 Steam
516 3450 112 28 improves

44 3471 36 22 the
89 3472 81 27 colour,
181 3475 50 26 and,
240 3476 86 21 instead
336 3476 24 21 of
366 3476 74 22 weeks
450 3477 65 27 being
523 3477 105 28 requisite

44 3502 22 18 to
75 3499 85 26 perfect
169 3500 37 22 the
214 3508 95 20 process,
319 3509 12 14 a
341 3502 42 22 few
392 3503 65 22 hours
467 3504 19 21 is
496 3504 117 22 sufficient.

71 3524 11 23 I
94 3533 35 15 am
139 3527 56 26 fully
205 3535 71 14 aware
284 3529 27 21 of
323 3529 37 21 the
376 3533 62 23 great
451 3530 127 27 difference,
580 3532 49 21 that

43 3552 63 22 there
114 3560 19 14 is
149 3553 99 22 between
268 3555 36 21 the
314 3556 122 21 Phormium
448 3559 71 19 Tenax
532 3558 42 22 and
590 3558 38 22 the

44 3586 102 15 common
154 3579 53 28 flax,
219 3581 44 21 and
280 3582 47 21 that
337 3582 35 22 the
388 3584 82 22 former
483 3586 53 21 does
545 3588 38 19 not
593 3593 35 14 re-

43 3605 62 26 quire
114 3606 121 28 bleaching
250 3608 35 21 for
301 3610 158 26 rope-makers'
474 3619 39 14 use
522 3620 5 18 ;
543 3612 40 21 but
592 3612 36 21 for

44 3632 36 21 the
85 3633 56 22 finer
146 3636 54 19 sorts
209 3635 27 20 of
242 3634 51 27 flax,
303 3637 107 26 steaming
416 3638 43 21 will
469 3639 28 21 fle
504 3638 122 28 beneficial,

44 3659 34 21 for
87 3660 22 21 in
126 3660 30 22 all
170 3661 134 28 probability
315 3662 35 21 the
366 3664 170 23 manufactured
550 3666 78 21 article

45 3685 41 22 will
97 3687 87 28 require
193 3687 43 21 less
247 3688 108 21 chemical
362 3689 123 29 bleaching.

67 3712 45 28 •My
121 3715 47 20 first
175 3722 89 19 process
273 3715 20 21 is
308 3718 22 18 to
339 3719 69 19 steam
418 3716 38 23 the
472 3719 61 25 plant
544 3720 35 21 for
589 3719 38 22 the

42 3745 93 22 purpose
139 3741 26 21 of
172 3741 110 27 softening
291 3741 36 22 the
336 3742 53 27 harl,
397 3743 71 22 which
473 3752 19 15 is
496 3746 131 27 principally

43 3767 115 26 composed
177 3768 26 21 of
217 3767 63 22 silex.
310 3769 47 21 Tne
374 3772 148 24 experiments
541 3773 10 22 I
569 3774 57 21 have

43 3794 97 27 recently
149 3795 66 21 made
224 3794 59 22 have
299 3795 82 27 proved
391 3796 37 21 the
438 3798 73 22 action
521 3800 25 21 of
555 3804 71 17 steam

43 3819 103 28 perfectly
157 3821 133 22 efficacious.
320 3822 47 22 The
384 3824 82 21 second
480 3826 113 28 operation
609 3829 18 19 is
633 3828 2 6 '

42 3846 52 21 with
104 3846 37 22 the
157 3848 104 21 machine
272 3853 29 17 -to
317 3856 75 21 scrape
403 3850 33 21 off
448 3850 36 22 the
494 3852 60 22 harl.,
577 3852 49 23 The

43 3871 58 23 third
115 3873 18 21 is
151 3875 51 21 with
219 3874 38 22 the
273 3875 104 23 machine
391 3880 21 18 to
428 3883 98 22 separate
536 3880 36 21 the
583 3883 43 18 tow

40 3897 58 23 from
107 3900 37 22 the
154 3901 51 26 flax,
217 3908 25 15 or
252 3902 38 21 the
301 3902 216 27 dressing~machine.

68 3924 62 24 Each
139 3927 27 22 of
173 3927 60 23 these
243 3929 115 22 machines
374 3931 17 21 is
402 3933 21 19 to
438 3930 27 23 be
476 3931 88 24 worked
574 3933 29 25 by
614 3941 13 14 a

659 131 100 22 separate
769 127 153 27 water-wheel,
931 128 35 21 for
975 128 36 22 the
1018 127 114 28 following
1141 134 99 18 reasons:

658 164 29 5 —
689 153 26 22 In
731 154 116 27 inventing
861 154 38 22 the
908 154 130 27 machinery
1048 154 12 22 I
1073 155 56 21 have
1139 156 103 22 confined

659 187 38 20 my
705 181 62 26 plans
777 180 68 27 solely
855 184 21 17 to
887 180 37 21 the
934 183 57 19 most
1000 181 59 26 plain
1071 181 42 21 and
1123 183 83 26 simple,
1218 190 23 14 as

658 206 50 22 best
717 207 71 21 suited
798 210 23 17 to
831 214 27 14 an
869 207 73 21 infant
951 207 87 26 colony,
1049 208 44 20 and
1103 208 54 21 such
1171 216 22 14 as
1205 209 36 21 the

660 232 86 22 natives
760 239 51 21 may
821 233 148 27 comprehend
983 233 45 21 and
1038 240 39 15 use
1086 234 53 21 with
1150 235 89 27 facility,

659 259 45 21 and
713 266 45 20 any
769 266 101 14 common
880 259 65 21 smith
953 259 45 21 and
1009 263 112 24 carpenter
1130 268 25 13 or
1163 261 78 22 wheel-

659 285 78 27 wright
747 293 39 13 can
798 285 73 21 make.
900 285 11 21 I
922 292 40 14 can
970 286 66 31 adapt
1045 286 60 22 them
1111 290 23 18 to
1145 288 94 27 manual,

661 316 72 19 water,
745 316 76 21 steam,
833 319 25 14 or
873 312 81 21 animal
969 317 82 17 motive
1062 320 85 20 power;
1164 314 52 22 from
1229 322 13 14 a

658 338 102 22 machine
771 338 25 21 of
809 345 14 14 a
831 338 44 21 size
886 343 22 16 to
924 338 26 21 be
960 339 90 21 worked
1061 346 24 14 or
1094 340 104 22 attended
1212 342 29 26 by

661 371 40 15 one
717 372 85 20 person,
814 368 23 17 to
848 372 41 14 one
900 364 48 22 that
964 365 45 22 will
1024 365 81 22 deliver
1116 373 42 15 one
1172 371 36 18 ton
1219 368 25 21 of

660 391 44 22 flax
720 398 40 20 per
776 391 48 27 day,
836 390 53 22 with
904 398 14 14 a
931 393 161 25 proportionate
1109 394 100 29 quantity
1219 394 25 21 of

660 420 48 19 tow.
737 418 47 21 The
801 421 46 17 cost
863 418 27 21 of
903 425 14 13 a
931 418 103 21 machine
1049 419 26 21 of
1088 418 43 22 this
1143 420 44 21 size
1198 421 42 21 will

660 447 38 18 not
712 444 83 21 exceed
811 450 42 15 one
868 444 100 21 hundred
983 445 93 27 pounds,
1092 446 113 22 exclusive
1219 447 25 21 of

660 473 41 18 two
711 470 167 21 water-wheels.
910 470 20 21 It
938 471 45 21 will
991 472 87 26 require
1087 472 37 21 the
1135 473 76 21 labour
1219 474 25 20 of

659 496 59 26 eight
726 496 78 27 people
814 497 23 20 in
848 497 37 21 the
892 498 187 26 steaming-house
1087 498 44 22 and
1141 500 53 25 mill,
1204 500 36 22 be-

659 522 57 22 sides
725 523 60 20 those
795 523 49 21 who
854 524 78 21 collect
942 524 37 21 the
989 524 67 27 plant.
1085 526 11 21 I
1108 530 78 24 expect
1194 527 48 21 that

659 549 51 21 with
719 550 50 20 four
778 549 119 22 additional
908 550 78 26 hands,
993 551 43 22 and
1047 559 12 14 a
1070 552 62 21 small
1145 552 96 22 addition

659 578 22 19 to
691 575 36 22 the
737 576 82 21 motive
829 583 73 20 power
908 576 43 22 and
961 578 98 21 increase
1067 578 22 21 in
1101 578 36 22 the
1144 580 43 21 size
1197 580 44 21 and

659 602 99 26 strength
778 603 26 20 of
817 603 39 21 the
875 603 109 27 machine,
1007 604 11 22 I
1037 611 41 16 can
1103 604 80 23 double
1204 606 36 21 the

659 629 101 25 quantity
770 629 25 21 of
803 629 51 22 flax.

685 662 33 27 By
729 670 14 13 a
756 670 53 19 very
819 663 77 27 simple
906 665 140 21 contrivance
1056 665 22 21 in
1088 665 37 21 the
1136 665 106 27 Dressing

659 689 113 27 Machine,
784 689 13 21 I
808 697 40 14 can
856 689 97 28 produce
963 691 46 21 flax
1025 691 25 21 of
1059 692 49 20 four
1118 692 91 26 degrees
1220 693 24 21 of

657 715 98 22 fineness
773 719 24 17 at
814 716 38 22 the
870 724 59 14 same
946 717 60 27 time,
1022 717 19 21 if
1056 717 108 28 required.
1193 719 48 21 The

657 742 55 21 finer
722 742 37 22 the
769 743 85 27 quality
864 744 27 20 of
902 743 37 22 the
949 744 46 22 flax
1005 744 37 22 the
1052 745 91 21 smaller
1157 744 43 22 will
1214 746 26 20 be

659 768 37 22 the
707 771 110 24 quantity.

687 802 10 21 I
711 802 58 28 fully
777 806 81 24 expect
872 803 48 21 that
933 802 47 23 flax
998 804 25 21 of
1029 802 36 22 the
1079 803 67 21 finest
1159 804 83 28 quality

659 829 43 21 will
711 829 29 21 be
751 830 102 21 obtained
864 830 56 21 from
929 830 74 26 plants
1013 830 25 20 of
1044 830 36 20 the
1093 832 85 20 shorter
1187 835 55 18 sorts

657 863 75 19 grown
743 863 59 20 upon
813 855 37 22 the
866 856 101 27 uplands.
996 856 72 21 There
1083 863 37 14 are
1138 864 64 14 seven
1219 865 23 14 or

659 882 60 26 eight
727 882 103 21 varieties
845 882 25 21 of
884 882 36 21 the
936 882 128 21 Phormium
1079 882 78 22 Tenax
1172 884 70 21 stated

659 911 21 18 to
692 908 26 21 be
732 915 77 19 grown
823 908 22 21 in
861 908 57 21 New
933 908 105 21 Zealand.
1068 908 25 21 If
1103 908 45 23 this
1162 910 27 21 be
1205 911 37 21 the

658 941 57 20 case,
733 935 12 20 I
763 941 47 20 can,
827 935 30 26 by
875 942 13 13 a
901 935 64 21 small
984 935 97 21 addition
1100 938 24 18 to
1143 936 34 21 the
1195 944 47 15 ma-

658 961 98 27 chinery,
772 961 61 21 dress
847 961 18 21 it
881 961 134 27 suiHciently
1028 961 43 22 fine
1085 962 34 21 for
1135 962 36 22 the
1186 968 56 17 most

658 987 93 20 delicate
762 987 54 20 lace.

685 1021 32 21 To
733 1027 76 15 secure
825 1020 38 22 the
880 1021 102 21 interests
1000 1022 24 20 of
1037 1022 63 21 small
1116 1023 124 28 capitalists,

657 1046 49 22 who
716 1054 52 20 may
776 1048 29 20 be
821 1048 96 21 induced
927 1052 21 16 to
965 1051 70 19 resort
1052 1052 22 17 to
1091 1049 44 21 this
1151 1049 90 28 district,

659 1073 35 22 the
705 1074 108 21 attention
824 1074 25 21 of
861 1074 36 21 tha
906 1074 60 27 right
976 1074 132 22 honourable
1119 1076 37 21 the
1168 1078 74 21 Secre-

659 1103 47 24 tary
715 1100 36 22 for
762 1100 35 22 the
809 1101 102 26 colonies,
922 1101 80 21 should
1018 1102 26 20 be
1057 1103 121 26 requested,
1190 1104 52 21 with

658 1126 36 22 the
705 1127 56 22 view
771 1128 48 21 that
835 1128 139 21 instructions
984 1128 27 22 be
1027 1129 64 25 given
1109 1133 22 17 to
1148 1130 36 21 the
1197 1131 45 21 Go-

657 1161 87 19 vernor,
758 1157 19 18 to
788 1154 57 22 limit
856 1154 29 21 all
898 1154 74 22 future
981 1159 77 22 grants
1068 1156 25 20 of
1105 1155 52 21 land
1166 1164 27 14 on
1205 1157 37 21 the

658 1180 57 22 river
725 1184 22 17 to
758 1188 22 14 as
791 1188 86 14 narrow
887 1189 13 13 a
915 1186 67 16 water
991 1182 100 26 frontage
1108 1189 24 14 as
1141 1183 100 27 possible,

657 1210 22 17 to
696 1211 94 23 prevent
805 1208 200 26 land-speculators
1026 1209 160 27 monopolising
1204 1211 38 21 the

658 1234 48 20 best
720 1234 52 21 sites
789 1234 33 21 for
838 1235 63 25 mills.
931 1235 26 20 If
967 1235 37 21 the
1019 1236 81 20 unsold
1115 1235 53 22 land
1183 1237 17 21 is
1211 1237 31 21 al-

657 1260 70 21 lowed
743 1264 22 17 to
778 1260 29 22 be
826 1261 105 27 occupied
947 1269 24 13 as
987 1261 55 21 Flax
1059 1262 59 26 land,
1129 1269 59 20 upon
1205 1263 37 22 the

659 1294 58 14 same
726 1287 107 27 principle
844 1288 48 21 that
906 1288 126 21 stock-runs
1042 1295 36 14 are
1087 1289 24 20 in
1122 1289 118 28 Australia,

658 1313 17 21 it
687 1314 43 21 will
746 1314 97 28 produce
858 1321 14 14 a
889 1315 151 21 considerable
1056 1322 95 14 revenue
1169 1319 20 18 to
1204 1317 38 21 the

659 1340 91 27 Colony.
784 1341 73 21 There
873 1342 18 20 is
906 1341 42 20 fair
964 1349 76 14 reason
1058 1345 20 18 to
1095 1347 84 22 expect,
1195 1344 47 20 that

659 1366 61 22 when
729 1367 38 21 the
776 1367 108 22 immense
899 1368 101 26 quantity
1011 1368 25 21 of
1047 1368 56 22 Flax
1112 1370 99 27 growing
1220 1371 22 21 in

659 1394 41 20 this
717 1394 91 26 district,
821 1394 50 21 with
886 1396 37 19 the
939 1395 124 26 advantage
1078 1396 27 20 of
1115 1399 66 18 water
1189 1404 53 14 con-

659 1427 97 19 veyance
770 1421 37 20 for
823 1420 54 22 such
892 1428 14 14 a
922 1421 99 22 distance
1032 1422 45 20 into
1094 1422 38 21 the
1144 1423 96 27 interior,

658 1446 103 22 becomes
776 1447 90 29 known,
884 1448 47 21 that
948 1448 61 21 there
1026 1448 42 21 will
1085 1449 26 21 be
1130 1456 13 14 a
1156 1454 86 22 greater

657 1473 72 22 influx
745 1474 25 21 of
786 1474 164 22 Flax-dressers
971 1479 46 17 into
1035 1476 42 20 this
1095 1481 50 21 part
1163 1477 25 21 of
1204 1477 38 21 the

659 1500 83 20 Island.

686 1527 71 21 When
767 1527 58 21 Flax
836 1527 60 22 Mills
910 1535 37 14 are
964 1528 137 27 extensively
1110 1528 133 24 introduced

659 1554 46 21 into
722 1554 54 21 New
792 1554 106 26 Zealand,
915 1554 121 22 thousands
1052 1555 25 21 of
1089 1556 154 27 half-starving

659 1581 122 26 operatives
800 1588 51 20 may
866 1581 26 21 be
911 1582 108 26 expected
1033 1585 22 18 to
1071 1586 70 17 resort
1157 1587 21 17 to
1195 1583 48 22 that

659 1611 100 23 country.
788 1608 53 21 This
852 1608 131 26 emigration
999 1608 42 21 will
1051 1608 74 22 -aft'oid
1135 1610 62 26 triple
1208 1618 34 14 re-

659 1634 40 21 lief
711 1639 21 16 to
743 1634 36 21 the
788 1634 180 27 manufacturing
978 1634 93 22 districts
1072 1646 27 4 —
1099 1636 31 26 by
1136 1636 107 27 relieving

659 1660 36 21 the
705 1668 55 20 poor
766 1665 67 21 rates,
843 1661 30 26 by
884 1662 129 26 converting
1023 1669 94 20 paupers
1125 1662 47 22 into
1182 1663 60 27 large

659 1695 126 14 consumers
802 1687 26 22 of
844 1688 171 25 manufactures,
1033 1690 43 19 and
1090 1690 28 25 by
1135 1689 107 28 affording

659 1715 76 26 steady
746 1714 149 27 employment
910 1718 22 18 at
947 1715 42 21 fair
1004 1722 71 20 wages
1089 1719 22 18 to
1122 1716 61 21 those
1193 1717 49 21 who

659 1742 84 19 remain
755 1744 21 17 at
785 1742 72 19 home.

686 1768 61 21 Here
764 1768 20 21 is
803 1775 28 14 an
852 1768 110 21 excellent
982 1769 95 27 opening
1099 1769 43 21 for'
1153 1770 89 27 placing

661 1794 68 21 Great
739 1795 85 21 Britain
834 1794 151 28 independent
994 1796 25 21 of
1026 1795 85 27 Russia,
1122 1796 36 21 for
1167 1796 75 27 Hemp

659 1821 44 20 and
721 1822 60 24 Flax,
791 1822 25 21 in
833 1829 12 13 a
861 1822 42 21 few
916 1829 71 19 years,
1005 1822 44 21 and
1064 1822 25 21 of
1101 1824 141 26 substituting

659 1849 98 25 superior
765 1848 35 21 for
814 1848 90 21 inferior
914 1848 87 22 articles
1014 1854 23 16 at
1051 1857 13 12 a
1079 1849 93 27 cheaper
1182 1853 58 24 rate;

659 1874 44 21 and
713 1875 45 21 also
767 1876 26 20 of
805 1874 110 27 diverting
930 1875 68 21 about
1012 1876 60 21 three
1084 1876 95 21 millions
1190 1880 52 18 ster-

658 1901 47 24 ling
721 1901 110 25 annually,
849 1909 48 13 now
913 1902 54 26 paid
987 1906 20 16 to
1029 1902 77 21 Russia
1124 1903 73 25 chieflj
1219 1904 23 21 in

659 1928 57 25 cash,
734 1928 46 20 into
796 1927 36 20 the
851 1927 90 26 pockets
958 1927 25 20 of
1003 1934 39 14 our
1061 1935 47 13 own
1131 1929 109 22 colonists.

662 1954 91 21 Further
767 1953 142 22 information
929 1961 41 13 can
986 1953 26 22 be
1030 1954 104 21 obtained
1150 1955 29 27 by
1193 1963 49 20 pre-

659 1980 50 25 paid
725 1980 81 26 letters,
818 1979 119 22 addressed
946 1985 23 16 to
983 1981 32 20 Sir
1025 1981 27 21 G.
1064 1980 96 28 Farmer,
1173 1983 67 27 Bart.,

659 2007 99 21 Victoria
767 2007 102 26 Terrace,
880 2006 113 22 Bideford.
1022 2007 75 22 Dated
1106 2008 134 28 November,

661 2036 22 18 18
689 2036 29 18 H.

685 2067 129 23 Puormiusi
828 2069 87 21 Tenax.
917 2079 27 4 —
947 2068 34 22 Sir
996 2068 85 27 George
1098 2069 90 22 Fanner
1202 2070 40 21 has

660 2094 55 22 been
725 2095 101 24 enabled,
837 2095 29 26 by
875 2098 76 18 recent
961 2097 155 26 experiments,
1132 2100 21 17 to
1163 2097 79 21 substi-

659 2124 45 18 tute
725 2128 13 14 a
755 2129 89 20 process
862 2121 31 21 for
912 2123 48 20 that
979 2123 25 21 of
1021 2123 109 26 scraping,
1151 2123 47 21 thai,
1214 2123 28 22 ho

659 2148 117 22 calculates
788 2149 43 21 will
842 2149 62 21 cfiect
915 2156 14 14 a
939 2149 77 27 saving
1027 2149 25 21 of
1058 2151 107 19 one-third
1174 2151 25 20 of
1207 2151 35 20 the

659 2175 51 21 time
725 2175 102 27 required
837 2176 34 20 for
884 2175 48 22 that
947 2175 120 28 operation,
1084 2177 43 21 and
1138 2181 20 18 to
1173 2177 69 21 admit

659 2201 25 21 of
696 2201 49 21 that
755 2205 51 24 part
823 2203 25 20 of
866 2202 34 21 the
917 2203 61 21 work
991 2202 67 27 being
1073 2204 125 26 performed
1212 2203 30 28 by

659 2235 85 15 women
758 2229 44 21 and
814 2229 105 21 children.
948 2229 47 22 The
1011 2229 83 28 change
1108 2231 23 21 in
1145 2231 35 21 the
1195 2238 47 14 ma-

658 2255 91 27 chinery
757 2255 45 21 will
812 2258 39 19 not
861 2256 43 21 add
921 2260 22 16 to
955 2255 36 22 the
1006 2259 45 19 cost
1061 2257 115 30 originaljy
1191 2257 51 22 esti-

657 2282 82 21 mated.
783 2283 125 26 Specimens
923 2283 25 21 of
960 2283 37 21 the
1012 2283 129 22 Phormium
1155 2285 86 26 Tenax,

657 2307 83 28 having
752 2309 130 27 undergone
897 2309 37 22 the
951 2310 47 21 first
1011 2317 87 20 process
1116 2311 58 27 only,
1190 2318 52 20 may

657 2335 26 21 be
701 2343 50 14 seen
769 2338 22 19 at
806 2336 37 21 the
861 2335 56 22 New
934 2336 100 22 Zealand
1049 2337 44 21 and
1112 2338 128 21 Australian

658 2361 89 28 Rooms,
757 2364 49 25 455,
818 2362 62 22 West
891 2363 88 27 Strand,
990 2363 172 27 Charing-cross.

683 2396 178 22 Presentation
871 2404 26 14 of
913 2398 143 21 Communion
1069 2398 75 22 Plate
1158 2406 27 14 to
1197 2406 45 14 the

657 2422 85 22 Bishop
749 2431 25 13 of
783 2424 55 21 Nisw
845 2423 117 22 Zealand.
964 2435 27 4 —
993 2424 35 21 On
1036 2425 139 27 Wednesday
1180 2425 63 22 week

657 2457 14 13 a
679 2457 53 19 very
748 2457 117 14 numerous
878 2451 98 27 meeting
986 2451 25 21 of
1023 2452 37 20 the
1075 2452 136 22 inhabitants
1221 2453 24 21 of

661 2476 106 26 Windsor,
780 2477 43 21 and
828 2477 37 20 the
873 2483 79 22 gentry
958 2478 45 21 and
1009 2478 73 28 clergy
1089 2479 26 21 of
1120 2479 37 21 the
1164 2480 79 26 neigh-

657 2503 121 27 bourhood,
793 2511 45 14 was
854 2504 51 21 held
916 2509 23 16 at
955 2505 36 21 the
1005 2506 65 20 Town
1085 2505 60 27 Hall,
1161 2506 34 21 for
1204 2506 38 22 the

656 2537 93 19 purpose
766 2531 25 20 of
805 2538 13 13 a
835 2530 102 27 splendid
957 2532 82 21 service
1058 2532 26 21 of
1099 2533 141 21 communion

657 2556 65 27 plate,
730 2558 124 26 purchased
859 2558 28 26 by
892 2558 153 28 subscription,
1053 2559 67 27 being
1125 2560 117 26 presented

657 2588 21 16 to
695 2584 37 21 the
746 2584 66 26 Right
826 2584 59 22 Key.
901 2585 40 21 Dr.
959 2586 92 26 Selwyn,
1066 2586 37 21 the
1121 2586 81 27 Bishop
1220 2587 25 21 of

657 2610 54 21 New
721 2610 105 23 Zealand.
856 2611 46 22 The
917 2612 45 21 hall
973 2620 43 14 was
1030 2613 132 26 completely
1171 2613 69 21 filled.

656 2637 46 22 The
717 2638 84 21 service
816 2638 25 21 of
853 2638 65 28 plate,
937 2639 79 21 which'
1025 2643 46 17 cost
1089 2639 76 28 nearly
1181 2641 61 22 £300

657 2664 91 21 consists
758 2664 25 21 of
791 2665 33 21 six
834 2665 79 27 pieces,
924 2666 47 21 viz:
974 2677 26 4 —
1002 2666 21 21 A
1032 2666 60 27 large
1098 2666 80 27 flagon,
1188 2667 53 21 with

656 2691 111 21 modelled
777 2692 44 21 and
830 2692 81 21 chased
919 2693 93 21 wreaths
1018 2693 25 21 of
1050 2693 66 27 olive,
1128 2701 59 19 corn,
1197 2694 44 21 and

655 2718 190 27 passion-flowers,
865 2726 29 14 on
913 2719 38 22 the
965 2720 61 26 body
1042 2720 44 21 and
1104 2727 72 19 cover,
1197 2720 45 22 and

657 2744 58 26 palm
725 2744 108 22 branches
848 2746 42 20 and
899 2746 76 22 leaves
992 2754 27 13 on
1032 2747 36 20 the
1081 2747 65 26 body,
1160 2754 27 14 on
1200 2754 41 15 one

657 2770 53 26 side,
722 2771 45 21 and
777 2779 27 14 on
820 2772 36 21 the
868 2772 63 22 other
938 2773 20 21 is
974 2773 111 27 engraved
1103 2773 76 23 I.H.S.
1198 2774 44 21 and

656 2797 36 21 the
703 2797 69 27 glory.
803 2798 26 21 In
842 2798 36 22 the
888 2799 48 21 four
943 2803 172 23 compartments
1120 2800 25 21 of
1151 2801 38 21 the
1197 2801 45 21 foot

657 2831 35 14 are
702 2824 133 22 introduced
846 2825 79 22 double
939 2827 89 26 seraphs
1037 2827 52 21 with
1099 2827 80 26 clouds,
1197 2828 43 20 and

658 2850 34 21 the
704 2850 30 28 lip
743 2850 19 21 is
777 2852 117 27 supported
911 2852 31 27 by
953 2853 37 21 the
1006 2853 71 27 figure
1087 2853 27 21 of
1126 2861 29 13 an
1169 2854 71 27 angel,

657 2876 35 22 the
702 2876 82 23 handle
793 2878 66 27 being
869 2878 69 27 richly
950 2880 110 20 modelled
1070 2880 45 21 and
1126 2881 81 21 chased
1218 2884 22 18 to

656 2904 134 27 correspond
806 2905 51 21 with
872 2906 37 21 the
918 2906 82 26 flagon.
1030 2907 49 21 One
1096 2907 59 26 large
1171 2907 71 22 salver

658 2930 58 31 with_
728 2930 82 28 shaped
829 2932 105 22 moulded
953 2932 62 28 edge,
1037 2932 90 23 divided
1145 2934 29 27 by
1188 2934 54 22 bold

655 2957 76 27 gothic
740 2958 104 27 shapings
849 2958 45 22 into
902 2963 180 24 compartments,
1092 2960 25 21 in
1124 2961 71 21 which
1205 2968 35 14 are

655 2984 78 27 placed
742 2984 139 28 alternately,
897 2986 94 22 wreaths
1001 2987 43 21 and
1053 2986 74 27 doves,
1143 2988 51 21 with
1204 2988 37 22 the

656 3010 69 28 glory,
743 3012 40 21 &c.
793 3012 24 21 in
832 3012 38 21 the
885 3016 82 24 centre,
985 3016 22 18 to
1018 3014 75 21 match
1109 3014 37 21 the
1159 3014 81 27 flagon.

656 3037 52 22 Two
724 3041 93 24 patents,
831 3038 53 22 with
898 3040 106 22 moulded
1021 3040 84 28 shaped
1119 3040 73 28 edges,
1214 3049 26 14 on

656 3064 54 26 high
727 3064 51 26 feet,
801 3066 51 21 with
868 3067 90 27 searphs
973 3066 45 22 and
1034 3067 36 22 the
1085 3067 65 27 glory
1164 3069 24 21 in
1204 3068 37 22 the

657 3094 80 18 centre.
765 3088 49 26 The
827 3092 59 28 plate
901 3094 64 21 bears
979 3094 37 21 the
1027 3094 113 27 following
1150 3095 92 30 inscrip-

657 3117 45 22 tion
711 3126 35 13 :—
770 3118 122 23 Presented
902 3124 23 17 to
935 3121 37 21 the
984 3121 67 26 Right
1062 3121 55 22 llev.
1128 3121 82 23 Father
1218 3129 23 15 in

657 3144 51 22 God
724 3145 86 27 George
829 3147 122 27 Augustus,
972 3147 59 22 First
1045 3148 84 28 Bishop
1146 3149 26 21 of
1185 3149 56 21 New

657 3170 104 28 Zealand,
776 3172 31 26 by
816 3172 37 22 the
868 3173 141 23 Inhabitants
1019 3175 25 21 of
1058 3175 38 21 the
1109 3175 100 28 borough
1220 3175 25 22 of

656 3197 55 22 New
724 3198 107 28 Windsor,
850 3200 124 28 Berkshire,
986 3201 112 27 England,
1117 3209 24 14 as
1156 3210 13 13 a
1179 3202 62 22 mark

657 3224 25 21 of
697 3224 58 22 their
773 3224 53 28 high
846 3231 88 22 esteem,
955 3229 85 26 regard,
1060 3228 46 22 and.
1123 3229 117 26 gratitude.

656 3250 61 22 A.D.
729 3252 59 21 1841.
817 3252 60 22 John
888 3254 107 27 Banister,

682 3284 90 22 Whale
801 3285 110 23 Fishery.
922 3299 27 3 —
959 3288 48 21 The
1026 3292 113 24 prospects
1158 3289 27 21 of
1203 3288 37 23 the

657 3310 70 22 whale
736 3311 81 26 fishery
826 3319 59 15 seem
896 3316 23 19 to
929 3314 28 21 be
967 3316 122 26 extremely
1106 3316 133 27 promising;

656 3337 45 21 and
710 3337 19 21 it
737 3339 18 20 is
765 3338 105 27 probable
880 3339 48 22 that
937 3341 29 21 oil
982 3341 62 22 alone
1058 3342 46 22 will
1118 3342 71 22 afford
1204 3343 36 21 the

656 3372 76 14 means
739 3365 26 21 of
776 3365 88 26 regular
874 3368 183 21 communication
1066 3369 52 22 with
1127 3370 112 26 England.

656 3391 47 21 The
724 3392 167 27 accomplismen
895 3397 11 17 t
923 3395 25 20 of
968 3394 43 21 this
1030 3395 132 27 object:also
1186 3397 18 20 is
1219 3396 25 21 of

656 3421 48 17 vast
713 3418 137 27 importance
860 3423 22 18 to
892 3420 38 21 the
941 3421 86 27 colony.
1065 3422 48 22 The
1127 3422 83 28 receipt
1220 3423 24 21 of

655 3452 67 15 news,
725 3445 16 21 is
748 3452 50 14 now
809 3447 122 26 extremely
941 3448 113 27 irregular.
1095 3450 39 21 We
1151 3450 42 21 had
1204 3449 36 22 the

655 3472 142 25 Brouffham's.
804 3479 59 15 news
871 3473 23 21 in
906 3475 64 20 three
979 3475 97 27 months;
1091 3476 66 26 then,,
1163 3476 56 21 after
1228 3483 14 14 a

654 3498 55 27 long
719 3499 72 27 delay,
802 3506 33 14 we
845 3499 44 22 had
897 3508 61 14 news
972 3501 30 27 by
1018 3501 36 22 the
1070 3502 106 23 overland
1188 3502 55 22 mail

655 3525 23 21 in
697 3526 49 22 four
767 3526 94 27 months,
880 3527 42 21 but
941 3528 52 21 with
1011 3535 28 14 an
1052 3528 99 23 interval'
1162 3530 26 21 of
1204 3533 38 18 ten

656 3552 73 22 weeks
750 3552 101 22 between
873 3553 36 22 the
929 3558 43 17 two
991 3554 133 28 departures.
1162 3556 81 22 Subse-

655 3579 99 27 quently,
778 3587 33 15 we
829 3579 46 22 had
893 3588 29 14 an
943 3581 128 22 instalment
1090 3583 25 20 of
1134 3582 51 22 half
1205 3582 37 22 the

655 3605 153 23 intermediate
819 3613 66 20 news,
897 3607 46 22 and
953 3615 49 14 now
1013 3615 31 14 we
1054 3609 57 22 have
1127 3617 13 14 a
1156 3609 86 22 further

655 3633 87 26 portion
754 3640 6 14 :
774 3633 38 21 the
833 3640 40 20 age
887 3635 29 25 pf
936 3634 37 22 the
992 3642 60 14 news
1071 3636 62 21 these
1157 3635 86 22 several

655 3659 159 28 opportunities
837 3661 95 26 varying
953 3661 57 22 from
1038 3662 63 21 three
1118 3662 29 21 ~to
1174 3670 68 14 seven

655 3686 97 22 months.
792 3686 27 22 In
837 3686 36 22 the
884 3690 66 19 event
960 3689 26 20 of
996 3695 13 14 a
1019 3689 70 21 direct
1099 3689 67 26 trade,
1187 3689 54 21 such

655 3720 30 19 as,
698 3720 32 14 we
745 3713 70 21 doubt
832 3718 51 23 not,,
897 3714 46 22 will
959 3715 83 27 shortly
1054 3715 30 22 be
1101 3715 140 26 established,

656 3746 31 14 we
696 3739 78 22 should
784 3740 54 21 hear
848 3741 76 27 nearly
936 3748 65 21 every
1016 3742 84 25 month,
1121 3742 37 21 the
1176 3742 66 21 intel-

652 3766 87 26 ligence
750 3767 121 26 averaging
877 3767 67 22 about
953 3768 49 21 four
1010 3769 90 20 months
1110 3769 42 20 old.
1191 3769 48 21 The

655 3793 65 21 effect
728 3793 25 21 of
764 3793 43 21 this
817 3793 128 28 regularity,
961 3795 24 20 in
1000 3795 127 26 promoting
1141 3802 14 14 a
1164 3795 78 27 steady

654 3819 45 22 and
710 3827 55 15 even
775 3819 78 28 supply
863 3820 26 20 of
899 3821 102 25 markets,
1012 3821 19 21 is
1041 3821 51 21 well
1107 3821 136 22 understood

654 3846 45 22 and
709 3845 141 29 appreciated
858 3847 31 26 by
899 3847 141 21 commercial
1051 3854 59 15 men.

650 3874 7 12 '
683 3879 91 22 Charles
784 3879 81 27 Buller,
877 3879 60 28 Esq..
950 3880 67 26 M.P.,
1032 3880 41 22 has
1089 3880 57 21 been
1161 3881 81 22 unani-

655 3907 86 27 mously
751 3906 87 22 elected
848 3914 13 14 a
871 3906 102 23 Director
983 3906 25 23 of
1020 3907 36 22 the
1068 3907 57 22 New
1141 3908 101 22 Zealand

654 3933 122 26 Company.

1915 2398 110 24 Extent
2037 2407 30 16 op
2081 2407 52 15 the
2148 2400 108 24 British
2267 2399 162 26 Domimions.
2431 2413 33 5 —

1881 2431 51 24 The
1944 2431 124 31 Liverpool
2076 2432 80 28 Times,
2169 2434 24 22 in
2204 2435 143 29 announcing
2359 2434 38 23 the
2405 2434 60 23 birth

1881 2465 26 23 of
1923 2465 37 23 the
1972 2465 68 23 Duke
2054 2465 25 23 of
2096 2466 120 29 Cornwall,
2237 2466 51 24 thus
2301 2474 63 16 sums
2376 2475 30 24 up
2427 2467 37 24 the

1882 2504 51 18 vast
1945 2503 76 18 extent
2033 2499 25 22 of
2077 2499 37 23 the
2126 2500 93 30 empire,
2237 2500 73 23 which
2328 2500 18 23 it
2356 2500 20 23 is
2394 2506 21 17 to
2435 2500 28 24 be

1880 2531 74 31 hoped
1965 2532 29 22 he
2005 2532 45 22 will
2063 2537 23 18 at
2103 2540 61 15 some
2177 2533 75 23 future
2263 2533 45 23 and
2325 2533 85 23 distant
2421 2533 42 31 day

1879 2565 89 30 preside
1981 2573 52 15 over
2041 2573 6 15 :
2048 2579 34 3 —
2084 2565 91 24 Salutes
2187 2567 24 21 in
2223 2566 87 23 honour
2322 2566 25 23 of
2355 2566 37 23 his
2404 2566 60 25 birth

1880 2598 46 22 will
1939 2598 26 23 be
1976 2598 56 23 fired
2034 2611 31 4 —
2067 2599 24 23 in
2093 2612 31 3 —
2126 2599 107 23 America
2233 2612 32 3 —
2267 2607 27 15 on
2307 2599 37 23 the
2354 2599 78 25 shores
2442 2601 25 23 of

1882 2631 119 23 Hudson's
2018 2631 57 31 Bay,
2095 2631 67 31 along
2183 2632 38 23 the
2233 2633 70 23 whole
2322 2633 45 22 line
2386 2633 25 23 of
2427 2633 36 24 the

1881 2664 115 24 Canadian
2012 2664 85 28 Lakes,
2117 2666 24 22 in
2159 2665 57 23 New
2235 2666 143 28 Brunswick,
2399 2666 65 24 Nova

1882 2698 84 28 Scotia,
1979 2698 188 28 Newfoundland,
2184 2699 24 22 in
2221 2699 37 23 the
2270 2699 134 29 Bermudas,
2417 2704 24 18 at
2452 2707 13 15 a

1880 2730 103 24 hundred
2005 2732 75 30 points
2097 2732 22 22 in
2140 2732 36 23 ihe
2195 2732 66 23 West
2282 2732 85 28 Indies,
2386 2733 23 21 in
2427 2733 36 23 the

1882 2765 80 22 forests
1973 2764 23 23 of
2007 2765 97 28 Guiana,
2117 2765 44 22 and
2171 2766 20 21 in
2205 2765 38 23 the
2255 2766 83 22 distant
2348 2762 114 27 Falklaiid

1881 2797 99 29 Islands,
1993 2796 60 25 near'
2060 2798 61 31 Cape
2134 2798 67 23 Horn
2209 2808 5 19 ;
2229 2800 23 21 in
2264 2798 93 31 Europe
2358 2811 31 3 —
2392 2799 23 22 in
2427 2799 37 23 the

1880 2830 89 23 British
1981 2831 98 28 Islands,
2098 2832 56 22 from
2167 2831 39 23 the
2221 2831 66 23 Hock
2300 2831 26 22 of
2340 2831 122 29 Gib'ralter,

1879 2864 60 23 from
1951 2864 37 23 the
2004 2864 156 31 impregnable
2172 2864 154 23 fortifications
2338 2864 24 23 of
2381 2864 81 29 Malta,

1880 2897 46 23 and
1938 2899 25 24 in.
1973 2897 36 23 the
2021 2897 82 23 lonian
2114 2897 91 23 Islands
2214 2897 47 28 ;iu
2273 2897 114 23 Africa—
2388 2905 27 15 on
2425 2897 38 24 the

1882 2930 91 23 Guinea
1985 2930 76 28 Coast,
2079 2934 23 19 at
2114 2930 35 23 St.
2164 2930 91 23 Helena
2270 2929 44 23 and
2326 2930 135 30 Ascension',

1880 2963 58 23 from
1955 2963 37 23 the
2005 2963 62 30 Cape
2086 2968 21 18 to
2120 2963 37 23 the
2176 2962 92 31 Orange
2287 2961 78 30 Riveri
2385 2964 43 23 and
2441 2969 22 18 at

1880 2996 39 23 the
1939 2996 136 28 Mauritius;
2099 2995 100 32 in^Asia
2199 3008 34 4 —
2233 2995 57 24 from
2310 2996 38 23 the
2370 2996 93 24 fortress

1881 3029 26 23 of
1914 3029 67 23 Aden
1988 3029 24 22 in
2020 3029 95 28 Arabia,
2129 3028 143 29 atKarrack,
2286 3030 24 22 in
2324 3029 37 23 the
2370 3029 97 25 Persian

1882 3062 64 28 Gulf,
1957 3062 30 30 by
2004 3061 37 24 the
2060 3062 87 23 British
2167 3062 73 30 Army
2252 3063 25 22 in
2293 3062 169 31 Aifghanistan,

1880 3095 68 30 along
1960 3095 37 23 the
2009 3094 124 31 Himalaya
2149 3095 137 28 mountains,
2305 3095 38 24 the
2354 3096 76 24 banks
2442 3097 25 23 of

1880 3128 39 23 the
1940 3128 69 23 Indus
2026 3128 45 23 and
2089 3128 38 23 the
2140 3127 102 32 Ganges,
2262 3134 24 18 to
2297 3128 37 24 the
2355 3130 108 23 southern

1880 3161 65 31 point
1955 3161 26 23 of
1995 3160 73 29 India,
2090 3161 24 23 in
2126 3161 38 23 the
2182 3161 80 24 Island
2274 3162 26 23 of
2315 3162 94 31 Ceylon,
2422 3163 39 23 be-

1880 3194 61 31 yond
1957 3194 38 23 the
2007 3193 93 31 Ganges
2116 3194 25 23 in
2153 3194 84 24 Assam
2256 3196 44 23 and
2312 3189 118 35 Arracari,,
2442 3201 24 18 at

1881 3228 83 22 Prince
1973 3227 26 23 of
2007 3226 78 24 Wales
2095 3227 79 24 Island
2187 3228 44 23 and
2239 3228 130 32 Sincapore,
2382 3229 43 23 and
2435 3236 29 16 on

1881 3260 38 23 the
1940 3259 77 25 shores
2036 3261 25 22 of
2082 3261 82 29 China,
2186 3266 24 19 at
2326 3261 72 31 Kong
2413 3260 52 25 'anft

1882 3293 93 23 Chusan
1983 3302 6 20 ;
2008 3294 45 22 and
2064 3294 25 23 in
2100 3294 125 29 Australia,
2241 3295 71 23 at'the
2323 3295 140 23 settlements

1880 3326 70 23 found
1957 3334 28 15 on
1993 3334 67 24 every
2067 3322 83 34 side^of
2159 3327 36 24 the
2206 3328 132 23 Australian
2347 3327 114 24 contineut

1874 3374 2 4 •
1880 3359 46 23 and
1937 3360 91 28 islands,
2041 3360 45 23 and
2096 3361 25 22 in
2135 3361 38 23 the
2185 3361 65 23 strait
2261 3360 73 24 which
2347 3364 119 27 separates,

1880 3392 39 23 the
1931 3393 84 23 islands
2027 3393 26 24 of
2065 3393 37 24 the
2115 3394 56 23 New
2183 3394 143 23 Zealanders.

1914 3426 51 23 The
1976 3426 83 24 whaler
2073 3426 77 32 Gange
2166 3427 106 23 returned
2289 3431 22 19 to
2326 3426 40 22 the
2376 3430 57 26 port
2439 3426 26 22 of

1881 3459 87 29 Havre,
1980 3459 57 24 from
2051 3460 38 23 the
2100 3466 63 17 coast
2174 3460 26 23 of
2215 3460 55 23 New
2282 3458 108 29 Zealand,
2404 3459 59 23 after

1880 3500 14 15 a
1906 3500 94 23 passage
2012 3492 25 24 of
2051 3493 53 30 only
2117 3501 42 15 one
2176 3492 101 24 hundred
2296 3492 61 30 days,
2378 3491 85 32 having

1880 3525 106 24 obtained
1997 3526 151 31 unparelleled
2161 3534 88 15 success
2263 3526 21 22 in
2294 3533 13 15 a
2318 3524 144 32 remarkably

1881 3558 64 24 short
1956 3567 65 23 space
2029 3560 25 22 of
2064 3560 54 22 time
2126 3568 6 15 :
2145 3558 39 24 she
2197 3558 70 24 sailed
2275 3557 58 24 from
2345 3556 78 25 Havre
2432 3565 30 16 on

1881 3591 38 24 the
1934 3592 55 24 11th
2007 3593 133 31 September
2145 3593 86 26 'lß4o,'
2244 3589 43 25 and
2303 3591 21 22 in
2338 3589 38 24 the
2394 3598 69 16 seven

1880 3626 93 23 months
1989 3626 40 23 she
2041 3633 45 16 was
2098 3624 101 32 engaged
2215 3625 24 22 in
2257 3623 38 24 the
2307 3622 91 31 fishery,
2419 3621 41 25 bV-

1881 3659 76 23 tained
1966 3661 74 26 2,300
2050 3658 86 24 barrels
2143 3657 26 23 of
2176 3657 31 23 oil
2216 3656 44 24 and
2271 3663 13 15 a
2294 3656 167 31 proportionate

1882 3692 103 31 quantity
1997 3692 24 23 of
2031 3691 138 24 whalebone.
2258 3700 6 4 -
2289 3700 5 2 -
2381 3699 53 3 ■--—
2445 3699 18 21 ;-

1916 3731 74 24 There
2004 3738 38 15 are
2054 3729 101 31 upwards
2167 3729 27 23 of
2207 3729 78 27 6,000.
2300 3725 97 35 persons'
2405 3731 57 21 'now

1882 3765 115 28 receiving
2007 3762 114 32 parochial
2131 3762 65 26 relief
2205 3762 24 22 in
2241 3762 34 22 St.
2289 3761 157 30 Marylebone.

1916 3803 73 23 When
2008 3803 99 29 Poverty
2119 3802 64 30 begs.,
2185 3802 48 25 Jhe
2251 3801 56 31 dogs
2315 3802 2 5 '
2325 3801 58 23 bark
2389 3806 29 23 .at
2428 3802 19 23 it
2454 3812 8 19 ;

1883 3836 44 24 and
1938 3836 62 23 when
2020 3835 99 29 Poverty
2131 3835 19 22 is
2166 3834 34 28 illi
2207 3834 42 23 -the
2266 3834 88 23 doctors
2374 3835 89 31 mangle

1881 3869 19 23 it
1911 3878 6 19 ;
1936 3868 43 24 and
1999 3868 64 22 when
2083 3868 97 30 Poverty
2193 3868 20 22 is
2233 3867 76 31 dying,
2323 3868 39 22 the
2382 3869 81 30 priests

1883 3901 62 24 scold
1957 3906 22 19 at
1998 3902 18 22 it
2024 3909 6 20 ;
2051 3901 48 27 and,
2114 3901 65 22 when
2199 3901 97 31 Poverty
2308 3901 20 23 is
2346 3901 64 30 dead,
2422 3909 41 16 no-

1882 3936 144 31 body-weepe
2039 3934 33 24 for
2084 3941 26 17 it.
2113 3947 32 4 —
2146 3932 98 26 Bulwer.

1297 233 62 22 Even
1382 234 20 21 if
1425 235 36 22 the
1480 244 89 14 rumour
1587 236 24 22 of
1632 237 38 21 the
1693 237 110 22 intention
1827 239 23 21 of

1271 260 152 22 Government
1432 265 22 18 to
1465 262 67 27 adopt
1542 270 13 14 a
1564 263 59 26 large
1638 270 100 15 measure
1754 264 25 21 of
1795 266 53 20 emi-

1268 286 86 27 gration
1361 286 43 22 Jias
1419 295 29 14 no
1463 289 56 21 solid
1536 289 129 21 foundation
1682 294 24 17 at
1721 294 93 23 present,
1832 292 16 20 it

1269 319 68 15 seems
1352 313 69 27 likely
1438 317 21 19 to
1473 315 58 22 fulfil
1548 315 60 22 itself
1621 315 29 26 by
1669 316 95 27 exciting
1780 317 67 27 hopes

1269 339 70 21 which
1349 340 37 21 the
1397 341 155 24 Government
1560 341 72 22 would
1693 349 53 19 very
1762 343 85 22 unwill-

1269 366 38 26 ing
1317 369 21 18 to
1349 366 130 29 disappoint.
1508 369 64 21 Some
1588 369 58 26 plan,
1666 369 114 26 therefore,
1797 378 51 20 may

1269 392 90 28 perhaps
1378 393 28 21 be
1426 395 120 21 submitted
1564 399 22 17 to
1611 394 135 23 Parliament
1763 396 23 21 in
1811 397 36 21 the

1270 418 87 26 coming
1367 420 89 22 session.
1473 435 4 3 ■
1486 421 60 21 With
1557 421 42 21 this
1608 421 65 27 hope,
1685 421 11 21 I
1707 429 34 14 am
1752 423 95 22 induced

1269 448 22 18 to
1301 445 53 21 send
1365 453 44 19 you
1419 454 13 14 a
1441 447 43 21 few
1492 447 99 22 remarks
1606 454 29 14 on
1647 447 37 21 the
1694 449 91 27 subject,
1803 456 23 15 as
1835 458 14 13 a

1270 472 146 22 contribution
1425 475 94 21 towards
1527 475 69 26 fixing
1609 481 63 19 upon
1689 481 13 14 a
1717 475 56 26 {rood
1789 476 57 27 plan.

1271 498 9 21 I
1292 498 52 21 wish
1352 502 22 17 to
1384 500 86 26 publish
1481 501 60 21 them
1552 508 54 18 now,
1626 501 94 21 because
1737 503 9 20 1
1767 510 36 14 am
1821 510 26 14 on

1270 524 36 21 the
1323 526 63 25 point
1402 526 26 21 of
1444 527 86 27 quiting
1539 527 112 27 England,
1663 527 52 21 with
1726 534 12 14 a
1747 534 102 22 prospect

1270 552 24 21 of
1301 551 64 26 being
1374 552 76 22 absent
1459 554 35 20 for
1504 555 83 20 several
1597 554 97 20 months.

1297 584 26 22 In
1343 585 78 27 asking
1431 594 13 13 a
1451 587 69 26 'place
1538 587 34 21 for
1590 586 62 21 these
1663 587 99 22 remarks
1772 588 24 21 in
1811 589 36 21 the

1272 611 90 27 Colonial
1383 613 94 26 Gazette;
1496 614 11 21 I
1532 613 49 22 lake
1603 613 37 21 the
1665 614 139 28 opportunity
1827 616 24 21 of

1270 637 94 28 publicly
1374 640 129 27 expressing
1513 647 36 20 my
1559 639 108 28 gratitude
1678 642 21 19 to
1708 648 51 19 you,
1776 649 24 14 as
1811 642 37 21 the

1268 671 77 21 person
1355 668 22 18 to
1391 666 70 21 whom
1479 667 10 20 I
1510 674 34 13 am
1560 666 119 27 especially
1694 667 106 23 indebted
1816 670 33 21 for

1271 691 78 26 having
1369 691 56 22 been
1445 693 50 21 able
1514 696 21 18 to
1551 700 93 20 propose
1659 692 53 22 with
1729 694 64 22 effect
1812 696 36 21 the

1270 722 74 17 recent
1352 717 173 28 improvements
1534 720 22 21 in
1568 720 35 21 the
1614 722 35 19 art
1657 719 25 21 of
1694 721 153 23 colonization.

1272 745 31 20 As
1313 744 77 22 'editor
1404 746 26 21 of
1445 747 37 20 the
1499 747 114 25 Spectator,
1633 753 46 20 you
1693 748 108 28 patiently
1811 757 38 14 ex-

1270 770 86 22 amined
1380 779 37 19 my
1434 773 119 26 proposals,
1574 773 44 22 and
1637 773 111 28 mantully
1765 776 84 26 upheld

1270 797 58 21 them
1337 797 62 22 when
1409 799 52 27 they
1475 807 57 14 were
1553 800 84 21 treated
1654 800 54 21 with
1726 801 85 22 disdain
1826 810 23 14 or

1270 823 94 22 redioule
1383 825 29 26 by
1432 826 78 25 nearly
1523 826 30 22 all
1569 827 73 21 others
1658 827 51 21 who
1726 828 92 28 thought
1833 830 17 20 it

1270 849 137 23 worthwhile
1418 855 22 17 to
1451 852 101 22 consider
1560 853 66 21 them.
1653 851 73 28 Ifyvas
1736 862 56 20 your
1800 863 50 19 sup-

1269 881 48 22 port
1327 876 46 22 that
1383 879 140 26 encouraged
1537 886 42 20 me,
1592 884 40 17 not
1647 882 54 25 only
1713 884 20 18 to
1743 882 106 21 maintain

1270 910 14 14 a
1294 903 75 26 theory
1378 905 105 21 offensive
1498 907 55 21 from
1570 907 27 21 its
1611 910 97 25 novelty,
1724 908 44 21 and
1783 916 68 19 gene-

1270 929 54 27 rally
1343 931 142 26 disregarded
1504 940 23 14 or
1543 933 151 28 disapproved,
1713 935 40 21 but
1767 936 46 21 also
1829 940 22 17 to

1270 964 82 19 engage
1368 957 22 21 in
1411 965 12 14 a
1439 959 85 27 variety
1539 960 26 21 of
1580 961 88 23 labours
1684 962 23 22 of
1724 962 72 21 which
1814 962 36 21 the

1271 983 71 26 object
1351 991 43 13 was
1402 987 22 18 to
1435 986 82 20 submit
1528 986 46 22 that
1584 987 78 29 theory
1679 994 22 17 to
1719 988 36 21 the
1769 992 44 18 test
1829 989 26 21 of

1270 1010 101 26 practice.
1408 1011 59 28 Only
1477 1013 76 21 eleven
1562 1021 63 18 years
1635 1016 58 21 have
1701 1015 78 28 passed
1791 1016 60 21 since

1271 1038 10 19 1
1291 1037 69 25 began
1371 1036 43 22 this
1423 1039 82 26 up-hill
1515 1041 65 26 work,
1592 1042 50 21 with
1654 1051 30 13 no
1694 1042 90 27 helping
1797 1042 55 27 pub-

1270 1063 29 21 he
1307 1063 60 21 hand
1376 1064 40 21 but
1426 1072 79 19 yours;
1526 1066 43 21 and
1585 1067 8 21 I
1611 1068 65 22 think
1693 1077 31 14 we
1743 1076 52 19 may
1813 1076 39 20 say

1270 1096 53 19 now,
1339 1090 47 22 thai
1399 1091 74 26 public
1491 1092 88 27 opinion
1596 1093 39 23 has
1651 1103 57 19 gone
1719 1103 13 12 a
1740 1095 54 27 long
1805 1103 47 19 way

1271 1116 93 22 towards
1373 1117 130 28 embracing
1511 1118 37 22 the
1564 1121 59 21 main
1637 1121 118 28 principles
1773 1122 26 21 of
1815 1130 36 19 my

1271 1142 94 22 scheme.
1397 1143 48 22 INor
1455 1152 36 14 are
1500 1145 37 21 the
1547 1147 77 21 results
1633 1149 24 20 in
1668 1149 92 26 practice
1771 1148 30 27 by
1811 1156 42 20 any

1271 1176 73 14 means
1355 1171 177 27 unsatisfactory.
1571 1174 67 21 South
1658 1175 119 26 Australia,
1794 1176 59 21 Aus-

1270 1195 62 22 tralia
1352 1196 69 27 Felix,
1446 1198 44 21 and
1514 1199 54 21 New
1591 1200 100 22 Zealand
1716 1201 56 21 have
1797 1201 55 22 been

1270 1223 103 21 founded.
1412 1225 56 20 New
1485 1225 68 21 South
1571 1227 73 22 Wales
1660 1228 39 21 has
1710 1227 104 22 obtained
1824 1236 28 13 an

1270 1249 71 26 ample
1352 1251 130 26 emigration
1492 1251 68 22 fund:
1578 1253 37 21 the
1635 1254 96 27 disposal
1746 1254 25 21 of
1789 1258 64 18 waste

1270 1276 58 27 land,
1339 1276 71 22 which
1421 1277 54 22 used
1487 1281 21 17 to
1518 1282 47 18 cost
1574 1287 61 15 more
1644 1282 54 21 than
1709 1282 17 20 it
1733 1281 118 27 produced,

1270 1302 38 22 has
1325 1303 89 26 yielded
1431 1305 23 20 in
1473 1304 37 22 the
1531 1305 106 24 Southern
1657 1307 100 22 Colonies
1778 1308 71 26 alone,

1264 1329 77 21 -whose
1364 1331 130 26 population
1519 1333 96 27 scarcely
1643 1334 94 22 exceeds
1764 1336 89 20 200.000

1270 1356 63 25 souls,
1344 1356 37 22 the
1391 1364 48 14 sum
1451 1357 26 21 of
1488 1358 67 22 about
1564 1359 132 29 £1,700,000
1704 1369 5 19 ;
1726 1361 44 21 and
1786 1368 67 19 every

1271 1382 61 21 other
1341 1383 79 28 colony
1430 1385 25 19 of
1467 1383 37 23 the
1514 1387 80 26 empire
1604 1387 73 22 which
1687 1388 77 21 suffers
1774 1388 56 21 from
1840 1395 14 14 a

1270 1409 121 28 deficiency
1401 1411 25 21 of
1437 1411 77 21 labour
1524 1413 52 21 calls
1585 1414 68 22 aloud
1663 1415 33 21 for
1703 1415 36 21 the
1747 1414 104 27 adoption

1271 1436 24 20 of
1306 1436 36 21 tire
1353 1437 105 27 principle
1474 1438 26 21 of
1517 1440 87 26 turning-
1618 1444 67 18 waste
1702 1441 53 21 land
1773 1441 47 21 into
1839 1449 14 13 a

1270 1462 55 22 fund
1334 1463 34 21 for
1383 1465 127 26 promoting
1523 1465 36 21 the
1574 1467 148 27 immigration
1733 1468 24 21 of
1767 1468 85 27 people.

1272 1489 20 21 It
1304 1489 61 21 looks
1380 1498 24 13 as
1419 1491 21 20 if
1456 1491 38 22 the
1510 1493 58 21 work
1584 1493 25 21 of
1628 1495 134 26 colonizing'
1767 1496 24 20 in
1810 1495 42 21 this

1271 1523 92 14 manner
1386 1517 73 22 would
1482 1519 72 26 surely
1580 1528 29 19 go
1633 1528 30 14 on
1687 1521 43 21 and
1752 1528 98 21 prosper.

1271 1542 80 22 Whilst
1374 1543 11 21 I
1409 1543 66 22 know
1499 1545 48 22 that
1569 1554 14 14 a
1600 1547 63 27 large
1679 1549 131 26 proportion
1830 1549 25 21 of

1270 1569 87 21 labours
1367 1571 30 26 by
1406 1571 74 21 which
1490 1572 42 22 this
1552 1577 82 23 system
1650 1574 39 21 has
1706 1575 57 21 been
1781 1578 33 18 set
1823 1583 28 14 on

1271 1596 50 26 foot,
1332 1596 40 22 lias
1386 1597 56 21 been
1454 1599 126 26 performed
1596 1601 95 21 without
1706 1609 39 20 my
1760 1603 91 26 partici-

1272 1623 74 27 pation
1348 1634 26 4 —
1376 1623 73 23 whilst
1460 1625 12 21 I
1483 1625 141 29 acknowlege
1639 1632 65 23 great
1720 1629 132 26 obligations

1272 1654 20 17 to
1316 1658 65 19 many
1401 1651 49 21 who
1470 1651 57 23 have
1547 1654 97 22 afforded
1665 1658 21 18 to
1705 1663 37 20 my
1760 1657 91 20 obscure

1272 1678 109 21 exertions
1392 1685 12 14 a
1414 1685 111 20 generous
1541 1681 44 21 and
1598 1682 108 27 powerful
1723 1682 36 21 aid
1762 1693 26 4 —
1788 1683 12 21 I
1817 1691 34 14 am

1271 1703 75 22 bound
1357 1708 21 18 to
1390 1704 95 27 declare,
1498 1706 47 22 that
1553 1707 34 21 for
1597 1708 68 22 much
1681 1709 25 21 of
1726 1710 49 21 that
1789 1710 63 21 assis-

1272 1734 68 23 tance,
1352 1731 33 21 for
1395 1731 85 28 having
1490 1733 56 22 been
1557 1735 48 21 able
1622 1740 22 16 to
1661 1736 59 21 avail
1735 1736 83 27 myself
1830 1737 25 21 of

1270 1757 22 28 it,
1304 1757 34 22 for
1350 1758 111 22 whatever
1470 1759 64 22 share
1543 1761 24 21 of
1578 1761 71 23 credit
1665 1770 52 16 may
1732 1763 28 21 be
1778 1763 42 21 due
1830 1767 21 18 to

1272 1792 34 14 me
1316 1784 22 22 in
1344 1784 42 22 'the
1397 1785 71 22 whole
1479 1790 86 24 matter,
1578 1788 57 22 lam
1646 1789 81 28 chiefly
1745 1790 106 21 indebted

1271 1815 20 18 to
1301 1819 51 19 you.
1383 1811 10 22 I
1405 1812 80 22 should
1496 1813 54 23 have
1560 1815 58 22 done
1635 1817 95 26 nothing
1746 1820 23 18 at
1784 1817 34 27 all,
1835 1818 20 21 if

1270 1846 43 19 you
1324 1838 43 22 had
1377 1843 40 17 not
1428 1841 126 27 constantly
1570 1841 82 28 helped
1670 1850 34 14 me
1720 1844 80 26 during
1816 1844 36 21 the

1271 1872 61 19 years
1343 1865 64 22 when
1419 1866 43 32 the^
1467 1869 86 24 pursuit
1562 1869 24 21 of
1599 1870 127 26 systematic
1743 1871 110 21 coloniza-

1271 1892 45 21 tion
1327 1899 42 15 was
1379 1900 14 14 a
1402 1893 115 22 continual
1531 1896 96 27 struggle
1637 1897 53 20 with
1701 1897 133 22 difficulties.

1285 1919 6 14 ;
1296 1924 47 21 The
1357 1931 92 14 rumour
1459 1924 25 21 of
1498 1932 12 14 a
1524 1928 83 25 project
1621 1928 26 20 of
1659 1928 129 26 emigration
1799 1935 26 14 on
1840 1935 13 14 a

1270 1950 59 26 large
1336 1950 58 21 scale
1402 1951 39 20 has
1448 1951 56 22 been
1513 1959 23 14 so
1542 1954 48 20 well
1600 1954 103 21 received
1713 1954 28 27 by
1750 1954 38 22 the
1799 1956 54 26 pub-

1271 1977 34 26 lic,
1314 1977 48 21 that
1373 1977 10 21 I
1392 1985 94 19 propose
1496 1983 21 16 to
1529 1987 10 12 i-
1556 1980 57 21 nfine
1628 1981 84 26 myself
1720 1985 20 17 to
1749 1980 38 23 the
1802 1989 52 14 con-

1270 2004 116 21 sideration
1393 2004 25 21 of
1424 2011 70 14 means
1504 2006 57 27 only.
1591 2006 25 22 If
1628 2006 43 22 this
1680 2008 62 26 thing
1752 2008 64 21 could
1827 2009 26 20 be

1272 2031 53 20 done
1340 2031 29 27 by
1379 2031 100 27 wishing,
1496 2039 66 20 every
1577 2038 147 21 government
1739 2035 72 21 would
1825 2036 27 20 be

1270 2057 66 27 ready
1341 2057 82 22 todoit.
1439 2059 74 27 Every
1517 2065 146 21 government
1668 2061 17 20 is
1692 2061 161 22 deterredfrom

1271 2083 65 28 doing
1345 2084 18 21 it
1372 2084 29 27 by
1412 2092 13 13 a
1433 2086 49 21 fear
1493 2086 24 20 of
1529 2086 83 28 adding
1626 2090 23 18 to
1660 2088 36 21 the
1712 2088 75 27 public
1802 2088 51 21 bur-

1271 2111 60 21 dens.
1359 2111 48 22 The
1417 2111 51 22 idea
1478 2112 25 21 of
1510 2114 113 21 extensive
1640 2114 128 27 emigration
1780 2115 18 21 is
1808 2115 45 22 still

1270 2138 125 27 commonly
1405 2139 122 22 associated
1541 2140 50 21 with
1602 2140 37 22 the
1654 2141 52 22 idea
1715 2141 26 22 of
1753 2143 100 20 taxation

1260 2162 2 37 [
1270 2165 32 20 for
1311 2165 37 20 the
1353 2171 102 21 purpose.
1486 2166 59 26 And,
1555 2166 89 27 indeed,
1654 2168 63 21 when
1725 2176 41 13 one
1776 2169 73 21 thinks

1271 2191 23 21 of
1314 2192 130 26 emigration
1463 2192 30 28 by
1508 2193 85 22 itself—
1595 2194 25 21 of
1633 2195 37 20 the
1685 2202 59 14 mere
1762 2196 91 26 sending

1271 2225 59 20 away
1340 2219 25 20 of
1374 2219 107 27 people—
1483 2220 36 21 the
1530 2224 53 18 next
1595 2221 98 27 thought
1701 2222 18 21 is
1732 2222 121 27 inevitably

1272 2245 66 20 about
1347 2245 37 22 the
1395 2249 46 18 cost
1451 2246 26 21 of
1489 2246 36 23 the
1536 2254 90 20 process.
1656 2248 54 21 And
1720 2252 23 18 at
1756 2249 44 21 this
1811 2250 42 20 dis-

1272 2272 113 26 agreeable
1391 2273 62 26 point
1462 2277 57 18 most
1525 2275 77 27 people
1613 2278 48 24 stop
1671 2275 23 21 in
1703 2275 113 27 reflecting
1826 2283 27 14 on

1272 2298 36 21 the'
1316 2298 91 28 subject.
1437 2300 63 28 They
1506 2304 47 24 stop
1562 2302 60 26 here,
1634 2302 92 21 because
1735 2302 53 28 they
1798 2302 55 22 have

1270 2328 37 18 not
1319 2325 91 22 learned
1425 2329 22 18 to
1462 2328 81 26 regard
1552 2328 129 27 emigration
1692 2335 23 15 as
1727 2329 42 21 but
1778 2337 13 13 a
1805 2333 48 22 part

1272 2352 24 21 of
1301 2352 125 28 something
1436 2353 52 22 else.
1518 2354 21 22 It
1548 2354 19 23 is
1575 2355 24 21 in
1607 2355 61 22 truth
1679 2356 51 26 only
1735 2363 41 14 one
1786 2356 25 21 of
1816 2356 37 22 the

1272 2379 102 21 elements
1385 2380 26 21 of
1418 2380 152 23 colonization.
1600 2382 92 21 Viewed
1701 2382 23 21 in
1736 2382 42 22 this
1788 2382 62 28 light,

1272 2405 127 27 emigration
1419 2413 91 21 appears
1526 2412 22 17 to
1563 2408 29 22 be
1602 2408 137 28 susceptable
1750 2410 26 21 of
1787 2409 67 28 being

1272 2432 83 21 carried
1378 2440 27 15 on
1426 2434 94 22 without
1538 2442 42 20 any
1600 2439 48 18 cost
1665 2440 21 17 to
1706 2436 36 21 the
1767 2437 86 21 mother

1272 2464 97 22 country.
1399 2460 23 21 It
1430 2460 19 22 is
1464 2461 47 22 said
1521 2462 46 21 that
1585 2463 69 20 about
1670 2462 59 28 forty
1743 2462 110 23 thousand

1270 2493 52 20 poor
1334 2494 89 19 persons
1432 2488 120 26 emigrated
1562 2492 21 18 to
1594 2497 41 14 our
1646 2489 99 22 southsrn
1754 2490 97 21 colonies

1272 2513 76 27 (luring
1363 2514 95 28 thepast
1472 2514 163 23 twelvemonth.
1663 2516 63 26 They
1736 2516 66 22 could
1813 2521 40 17 not

1270 2547 42 19 pay
1320 2540 33 21 for
1364 2540 57 22 their
1430 2549 49 14 own
1490 2549 88 20 passage
1588 2551 5 12 :
1607 2543 37 21 the
1651 2547 47 17 cost
1706 2543 25 21 of
1738 2543 57 22 their
1804 2551 49 20 pas-

1272 2574 48 19 sage
1334 2574 43 14 was
1390 2571 39 18 not
1440 2568 104 27 defrayed
1559 2570 27 26 by
1602 2577 45 18 any
1657 2572 65 24 grant
1731 2570 26 21 of
1769 2570 83 22 Pailia-

1271 2597 72 18 ment:
1362 2594 37 21 the
1409 2594 72 23 whole
1492 2603 94 20 expense
1597 2596 25 21 of
1635 2596 43 21 this
1693 2597 129 26 emigration
1834 2597 17 21 is

1272 2620 64 21 borne
1353 2621 30 27 by
1393 2621 36 22 the
1439 2622 104 26 colonies,
1560 2623 35 21 for
1606 2620 69 24 which'
1692 2623 36 22 the
1738 2624 111 21 accession

1271 2646 23 21 of
1301 2648 77 26 people
1388 2648 18 21 is
1418 2655 27 14 an
1457 2649 95 21 increase
1563 2649 25 22 of
1593 2650 80 21 wealth
1684 2653 37 18 out
1732 2650 25 21 of
1764 2650 29 21 all
1802 2657 38 21 pro
1843 2663 9 15 r

1272 2675 83 25 portion
1370 2674 73 28 larger
1452 2675 54 22 than
1516 2676 37 21 the
1564 2683 95 20 expense
1670 2677 25 20 of
1706 2676 37 21 the
1752 2674 99 30 passage.

1272 2701 34 20 Do
1316 2701 61 22 these
1388 2702 96 21 colonies
1494 2703 109 26 complain
1611 2703 25 21 of
1642 2703 83 27 having
1734 2706 23 18 to
1767 2711 43 19 pay
1818 2704 35 21 for

1271 2726 41 22 this
1327 2732 63 22 great
1405 2729 152 27 immigration-
1568 2730 25 21 of
1606 2730 93 27 people?
1733 2730 52 26 No;
1802 2730 51 28 they

1272 2754 50 26 only
1334 2755 39 21 ask
1387 2756 34 21 for
1438 2763 61 14 more
1514 2756 71 22 hands
1600 2764 29 13 on
1646 2756 36 22 the
1702 2764 60 14 same
1780 2761 71 23 terms,

1271 2781 101 27 knowing
1383 2782 56 27 well,
1451 2782 47 22 that
1503 2784 46 26 just
1557 2783 22 21 in
1590 2784 126 26 proportion
1727 2791 25 14 as
1758 2784 51 26 they
1816 2791 37 15 are

1271 2805 96 30 supplied
1377 2809 51 21 with
1439 2810 79 21 labour
1524 2810 42 21 will
1575 2810 28 22 be
1614 2810 57 22 their
1680 2817 77 15 means
1769 2811 24 22 of
1801 2818 52 20 pay-

1270 2834 37 26 ing
1316 2835 34 21 for
1360 2835 27 22 its
1396 2836 148 27 importation.
1572 2837 70 27 Here,
1654 2838 59 26 then,
1723 2838 18 21 is
1750 2838 36 21 the
1794 2845 59 19 prin-

1272 2860 52 27 ciple
1334 2862 24 21 of
1365 2869 14 14 a
1387 2864 66 21 mode
1461 2864 25 21 of
1493 2864 99 26 carrying
1599 2871 27 14 on
1635 2864 135 27 emigration,
1783 2864 70 22 which

1271 2892 65 18 steers
1343 2888 59 23 clear
1411 2890 24 21 of
1444 2890 36 21 the
1489 2890 53 27 only
1548 2891 111 27 objection
1669 2894 23 18 to
1700 2898 27 15 an
1740 2892 113 21 extensive

1270 2915 57 27 plan.
1355 2916 48 21 The
1414 2917 70 22 whole
1501 2921 45 18 cost
1560 2921 60 18 must
1635 2918 27 21 be
1677 2918 84 21 thrown
1773 2925 26 14 on
1816 2918 37 22 the

1271 2941 93 22 colonies
1379 2943 111 22 benefited
1504 2944 30 28 by
1544 2944 36 21 the
1591 2951 107 20 measure,
1714 2944 42 22 and
1767 2944 43 22 will
1826 2945 27 22 be

1261 2968 2 5 '
1271 2968 232 30 cheerfullydcirayed
1512 2972 29 26 by
1550 2971 68 22 them.
1648 2972 58 21 Such
1715 2972 18 21 is
1743 2971 38 21 the
1792 2972 60 21 satis-

1270 2996 83 26 factory
1362 2996 128 23 conclusion
1501 2997 74 22 drawn
1586 2998 59 21 from
1654 2998 93 26 viewing
1758 2997 93 28 emigra-

1270 3023 43 20 tion
1321 3029 23 14 as
1353 3023 52 26 only
1416 3031 12 14 a
1439 3027 48 22 part
1497 3025 25 20 of
1529 3024 152 22 colonization.

1296 3055 21 22 It
1326 3056 105 29 happens,
1442 3058 24 21 iv
1477 3058 36 21 the
1523 3061 52 19 next
1583 3058 71 27 place,
1663 3076 3 4 ,
1672 3058 47 21 that
1727 3057 37 22 the
1774 3064 76 15 means

1270 3083 27 27 by
1308 3083 71 22 which
1397 3085 36 21 the
1447 3085 96 21 colonies
1554 3085 50 21 thus
1618 3092 43 19 pay
1671 3085 34 21 for
1721 3085 129 26 emigration

1269 3110 56 21 from
1333 3110 44 25 ;the
1392 3111 194 27 mother-country,
1606 3118 37 14 are
1657 3114 38 18 not
1710 3110 102 27 provided
1823 3111 30 27 by

1270 3137 94 21 colonial
1375 3139 107 26 taxation,
1499 3139 40 21 but
1548 3138 63 25 arise,
1627 3144 41 15 one
1679 3145 50 19 may
1741 3144 38 20 say
1790 3144 63 21 spon-

1268 3164 114 25 taneously
1392 3172 24 14 as
1425 3172 29 14 an
1465 3165 98 21 incident
1572 3164 27 22 of
1609 3169 166 22 arrangements
1788 3163 65 22 made

1270 3189 51 22 with
1331 3197 14 14 a
1354 3191 56 21 view
1419 3194 23 19 to
1451 3191 92 22 colonial
1553 3191 121 27 prosperity
1682 3190 171 28 independently

1270 3217 24 21 of
1301 3217 138 27 emigration.
1469 3218 48 22 The
1527 3217 35 22 old
1571 3217 52 28 plan
1636 3218 24 20 of
1671 3219 102 26 granting
1783 3221 70 24 waste,

1268 3244 52 21 land
1328 3243 34 22 for
1372 3244 94 27 nothing
1477 3252 42 14 was
1528 3243 137 27 abandoned,
1679 3245 91 21 because
1782 3244 17 20 it
1809 3250 43 15 was

1268 3277 52 15 seen
1331 3273 22 19 to
1364 3276 88 21 operate
1464 3278 23 15 as
1497 3279 13 13 a
1520 3271 68 22 check
1598 3274 22 18 to
1631 3269 39 23 the'
1678 3271 175 26 productiveness

1268 3297 25 21 of
1301 3297 96 21 colonial
1404 3298 101 27 industry
1516 3297 41 22 and
1567 3297 37 22 the
1618 3297 97 22 increase
1726 3298 25 21 of
1758 3297 95 22 colonial

1269 3323 86 22 wealth.
1363 3334 2 6 >
1386 3324 21 22 It
1416 3325 113 26 produced
1542 3325 43 20 this
1597 3323 64 23 effect
1678 3325 28 26 by
1716 3325 90 26 causing
1817 3323 36 21 the

1270 3353 74 19 extent
1353 3351 26 21 of
1392 3351 153 28 appropriated
1559 3351 55 22 land
1633 3355 20 17 to
1668 3351 27 21 be
1706 3351 110 21 excessive
1830 3349 23 22 in

1268 3378 141 27 proporation
1426 3382 23 16 to
1465 3378 134 27 population.
1630 3377 26 22 In
1675 3377 64 22 order
1752 3381 21 18 to
1790 3377 63 26 bring

1269 3404 65 21 about
1353 3412 14 13 a
1387 3405 73 21 better
1475 3405 125 27 proportion
1617 3404 100 22 between
1740 3403 52 22 land
1808 3404 44 20 and
1853 3408 2 8 1

1268 3431 84 28 people,
1363 3438 41 14 one
1414 3431 23 21 in
1446 3431 71 21 which
1527 3431 35 21 the
1573 3431 106 21 colonists
1689 3430 78 22 should
1776 3430 26 21 be
1809 3431 44 19 less

1270 3457 117 27 dispersed,
1400 3458 44 21 and
1454 3458 77 22 labour
1539 3458 35 21 for
1588 3457 48 21 hire
1647 3464 59 14 more
1717 3457 106 21 available
1825 3468 28 3 —

1268 3484 18 21 it
1296 3490 43 15 was
1348 3485 69 21 found
1432 3484 103 28 requisite
1550 3487 22 19 to
1587 3483 107 22 diminish
1705 3483 36 21 the
1750 3483 101 21 facilities

1270 3510 25 21 of
1301 3511 113 26 obtaining
1422 3518 48 14 new
1476 3511 59 21 land.
1559 3511 55 21 And
1621 3511 49 25 this,
1677 3511 18 19 it
1701 3517 54 14 soon
1762 3511 91 21 became

1269 3537 96 27 obvious,
1383 3537 65 22 could
1463 3538 27 21 be
1501 3537 57 23 done
1574 3538 24 20 in
1613 3544 28 14 no
1651 3544 47 18 way
1709 3543 24 15 so
1745 3536 72 28 easily,
1829 3544 24 14 so

1269 3563 70 28 fairly,
1358 3564 46 22 and
1419 3564 124 27 efficiently,
1560 3571 23 13 as
1602 3563 31 26 by
1642 3563 87 27 putting
1745 3570 14 14 a
1774 3563 79 28 ready-

1269 3597 79 20 money
1355 3590 58 27 price
1427 3598 29 14 on
1468 3591 27 21 all
1506 3598 46 14 new
1560 3589 64 23 land.
1645 3589 48 22 The
1700 3596 152 18 consequence

1268 3624 50 19 was,
1338 3624 12 14 a
1367 3617 59 21 fresh
1442 3624 75 15 source
1532 3617 25 21 of
1569 3616 75 28 public
1659 3623 97 15 revenue
1766 3617 33 21 for
1815 3617 38 22 the

1270 3643 78 27 colony
1348 3655 27 4 —
1376 3650 14 15 a
1399 3643 59 22 fnnd
1473 3643 47 21 that
1529 3643 89 22 seemed
1633 3645 22 19 to
1667 3650 62 14 come
1745 3643 30 26 by
1785 3651 12 14 a
1807 3649 45 17 sort

1270 3671 25 20 of
1298 3671 80 26 magic,
1395 3678 24 14 as
1428 3671 21 20 if
1462 3671 34 20 for
1510 3669 36 22 the
1557 3676 93 21 purpose
1663 3670 25 20 of
1702 3669 104 28 enabling
1815 3671 38 22 the

1269 3696 80 28 colony
1365 3701 29 17 to'
1404 3704 91 19 procure
1508 3696 78 22 labour
1600 3695 94 23 without
1706 3696 77 28 taxing
1799 3705 54 20 any-

1268 3723 66 27 body.
1365 3723 25 21 If
1396 3723 38 22 the
1445 3722 103 28 proceeds
1559 3722 24 21 of
1591 3722 38 22 the
1639 3723 56 21 sales
1701 3724 25 20 of
1733 3723 53 22 land
1797 3732 56 14 were

1270 3750 76 22 turned
1356 3751 50 21 into'
1412 3757 29 14 an
1455 3749 221 28 immigration-fund,
1695 3750 36 21 the
1741 3750 80 28 buyers
1832 3753 23 20 of

1270 3777 36 21 the
1317 3777 52 21 land
1380 3777 103 21 obtained
1492 3776 35 21 for
1536 3776 57 21 their
1601 3783 89 21 money,
1708 3781 38 17 not
1755 3777 35 22 the
1800 3778 53 22 land

1269 3803 89 27 merely,
1369 3803 41 21 but
1423 3803 106 27 precisely
1539 3803 48 21 that
1597 3803 72 21 which
1679 3811 43 14 was
1731 3804 122 22 calculated

1269 3833 22 17 to
1301 3829 44 22 add
1360 3833 58 17 most
1435 3833 23 17 to
1472 3829 27 21 its
1510 3829 63 22 value
1575 3841 26 4 —
1604 3833 22 17 to
1639 3831 66 21 make
1720 3831 18 21 it
1752 3831 69 28 cheap
1832 3835 22 17 at

1270 3856 35 22 the
1322 3856 57 27 price
1392 3856 73 22 which
1481 3856 50 27 they
1541 3856 46 22 had
1600 3857 54 26 paid
1663 3857 34 21 for
1712 3857 18 21 it
1730 3868 27 4 —
1757 3857 95 28 namely,

1270 3891 26 13 au
1308 3884 100 20 increase
1419 3883 26 21 of
1457 3883 37 21 the
1505 3883 92 22 colonial
1613 3883 127 27 population
1755 3884 23 21 in
1790 3887 64 19 exact

1268 3911 129 27 proportion
1411 3913 23 18 to
1452 3909 56 23 their
1517 3910 107 27 p,urchas3
1637 3917 86 19 money.
1753 3911 54 21 And
1816 3911 38 21 the

1270 3940 85 23 greater
1364 3937 37 23 the
1417 3937 155 26 immigration,
1590 3937 38 22 the
1640 3944 58 15 more
1715 3937 53 23 land
1782 3937 72 23 would

553 40 109 51 «H)f
673 42 117 41 Weto
809 39 217 45 JSeatatttr
1049 41 189 49 mxstttt
1263 43 90 40 antr
1376 43 301 48 tmtlUn&tou
1699 42 249 50 £p£ttat<n\

1296 127 98 24 Letter
1404 137 29 14 to
1443 137 45 15 the
1506 131 87 21 Editor
1612 139 27 14 of
1644 130 57 23 ''the

1412 164 28 13 by
1451 157 25 21 E.
1489 157 28 21 G.
1528 157 135 27 Wakefied,
1674 166 28 13 on
1713 166 45 15 the
1773 167 74 14 means

1394 190 27 14 of
1430 183 123 22 National
1564 185 156 20 Emigration.

52 135 63 17 more
125 128 55 23 than
199 127 38 24 the
249 128 113 23 sufficient
374 129 69 29 price,
463 128 44 24 and
523 127 53 32 they
586 128 45 24 will

52 160 29 24 be
102 160 133 31 purchased.
270 161 59 22 Men
347 160 46 24 will
410 166 39 25 get
470 162 96 23 married
588 160 43 24 and

52 193 89 30 expend
162 192 38 24 the
219 193 75 29 funds,
313 201 52 15 now
383 194 55 22 used
455 194 25 23 in
501 199 69 18 waste
588 194 42 23 and

51 225 151 23 mischievous
212 225 85 28 modes,
313 226 24 23 in
347 226 105 31 building
463 226 45 24 and
523 225 109 32 adorning

51 258 59 22 their
122 259 123 30 properties
257 259 94 23 without
369 260 80 29 regard
468 265 22 17 to
504 260 99 23 whether
614 260 18 22 it

50 290 62 30 yield
128 298 13 15 a
151 291 68 30 profit
228 299 25 15 or
262 296 42 18 not
312 301 6 19 ;
338 291 45 23 and
395 300 50 15 sure
458 300 31 15 we
499 301 45 19 are,
557 301 13 14 a
578 300 52 23 pro-

50 323 73 23 fitless
146 324 146 29 expenditure
315 325 22 22 in
362 324 38 24 the
424 326 162 30 improvement
609 325 25 23 of

50 360 107 27 property
169 356 19 23 is
200 357 111 30 infinitely
322 365 63 15 more
403 357 166 31 advantageous
584 362 22 19 to
619 366 12 14 a

50 390 140 29 community
202 389 54 23 than
268 390 38 22 the
317 390 66 23 mode
399 392 24 21 in
436 391 74 23 which
524 391 106 23 numbers

50 421 27 23 of
94 422 36 22 the
148 429 76 23 young
240 423 130 23 unmarried
380 425 136 29 proprietors
529 423 25 23 of
566 423 64 23 stock

50 461 39 16 are
99 454 25 23 in
134 454 38 23 the
183 454 64 23 habit
261 456 26 23 of
301 457 89 30 getting
407 457 35 22 rid
458 457 25 22 of
497 456 38 23 the
554 464 76 15 means

49 487 54 30 they
114 487 90 31 acquire
216 488 23 23 in
252 487 57 25 their
327 494 90 25 present
429 489 121 23 seclusion.
586 489 42 23 We

49 519 57 24 have
115 520 83 30 merely
206 522 91 30 pointed
306 526 23 19 at
336 522 45 22 this
391 522 70 23 moral
469 529 159 23 consequence,

49 557 42 19 not
102 553 24 22 of
135 552 37 24 the
180 555 112 23 sufficient
302 555 63 30 price
376 554 115 31 principle,
499 554 42 23 but
553 554 23 22 of
583 554 46 22 dis-

48 584 122 32 regarding
181 587 25 23 it.
242 587 52 23 The'
305 587 91 31 Sydney
407 594 80 23 papers
506 587 85 29 delight
605 587 25 22 in

47 618 156 31 abusing-Mr.
210 619 90 24 Wakefi
302 620 44 23 eld.
382 620 65 29 They
499 620 23 22 in
528 619 52 28 fact,
590 620 38 22 ad-

49 650 213 33 mithisprinciples,
268 652 43 23 and
316 652 102 30 aredaily
423 652 132 30 advocating
560 652 68 29 them,

47 684 43 23 but
101 684 27 23 do
139 690 40 18 not
189 693 61 15 seem
261 689 24 18 to
297 685 28 23 be
337 692 79 20 aware,
435 684 48 23 that
501 685 59 23 what
577 684 53 31 they

49 717 91 23 should,
158 717 28 23 do
208 718 27 28 is,
257 721 41 19 not
317 722 23 18 to
363 721 68 19 waste
454 717 58 23 their
530 719 54 22 time
605 719 24 22 in

49 749 98 31 abusing
162 750 38 23 the
212 750 80 23 author
304 750 25 23 of
344 750 45 23 this
401 750 123 24 admirable
537 757 91 24 system,

49 781 41 24 but
98 787 22 18 to
132 783 61 23 show
206 782 47 24 that
264 783 38 23 the
315 787 84 26 system
410 784 21 22 is
443 788 39 19 not
494 785 85 23 carried
591 790 39 18 out

47 815 24 23 in
83 815 92 24 relation
192 820 22 19 to
227 816 37 23 the
276 816 100 31 pastoral
386 816 65 23 lands
463 817 25 23 of
503 818 124 23 Australia.
