2510 4039
834 1248 124 20 CUSTOM
975 1247 112 21 HOUSE.

1898 138 106 27 150,000
2026 143 64 16 acres
2112 136 47 23 will
2173 136 80 31 satisfy
2272 136 30 23 all
2321 137 37 23 the
2373 139 92 31 demands

1897 177 29 15 on
1943 169 37 24 the
1994 169 118 31 Company
2124 169 35 24 for
2170 169 53 23 land
2239 169 50 23 sold
2300 169 30 31 by
2347 171 59 25 them
2417 178 47 28 prior

1897 207 22 18 to
1930 202 48 24 .the
1998 207 160 26 arrangement
2176 202 62 23 with>
2250 202 38 23 the
2317 204 145 32 Government.

1897 236 94 30 Always
2003 236 119 30 assuming
2142 235 50 23 that
2208 235 47 23 the'
2271 235 114 33 Company
2398 247 32 18 are
2447 250 18 19 to

1897 268 56 24 have
1977 270 111 27 900,000
2112 276 63 16 acres
2197 268 34 23 for
2255 269 126 24 settlement
2406 273 58 30 duties

1897 301 127 31 performed
2048 306 22 19 to
2090 310 12 14 a
2118 302 84 23 certain
2221 301 58 29 date,
2300 304 104 27 400,000
2415 315 49 20 acres

1898 336 84 22 remain
1996 343 24 15 as
2031 343 13 15 a
2054 335 69 31 profit
2133 343 62 22 upon
2203 335 84 30 acting,
2301 335 17 23 it
2329 344 50 23 may
2388 339 25 23 be
2421 344 37 23 said

1898 376 25 15 as
1935 369 109 23 Trustees
2054 369 35 22 for
2101 368 38 24 the
2153 368 123 29 Co.lonists,
2297 369 22 22 in
2338 369 37 24 the
2392 363 71 37 admin-!

1886 402 106 23 'stration
2004 402 25 23 of
2044 409 29 16 an
2086 406 71 19 estate
2168 401 77 28 to.-the,
2252 405 78 20 extent
2340 402 24 23 of
2375 405 89 30 150,000

1898 442 71 17 acres.
2015 433 112 25 Whether
2138 434 72 25 ..these
2229 434 58 24 facts
2305 435 28 23 be
2352 443 79 20 correct
2445 452 17 15 or

1898 468 126 28 otherwise,
2050 468 85 23 certain
2158 468 18 23 it
2194 469 19 22 is
2232 468 51 23 that
2307 468 38 23 the
2365 470 97 34 Company

1898 501 75 24 obtain
1984 509 14 15 a
2009 509 55 23 very
2076 501 62 31 large
2151 501 102 30 quantity
2274 501 25 23 of
2314 501 52 24 land
2384 504 21 23 in
2423 515 40 17 con-

1898 542 112 23 sequence
2023 534 25 23 of
2064 535 37 22 the
2113 539 118 26 payments
2243 534 66 23 made
2330 535 59 24 them
2401 538 24 32 by
2435 542 27 25 the

1898 567 50 24 first
1966 567 96 31 Colony.
2098 567 33 24 At
2141 567 37 23 the
2191 575 62 16 same
2263 568 61 29 time,
2337 568 45 24 that
2394 571 69 32 Colony

1898 600 93 24 labours
2014 601 72 23 under
2105 600 98 31 striking
2222 600 170 32 disadvantages
2407 606 20 22 in
2441 614 22 19 its

1898 640 179 25 arrangements,
2091 634 119 31 compared
2229 633 56 23 with
2303 635 129 27 settlements
2447 644 18 22 of

1898 675 61 16 more
1971 672 76 19 recent
2059 668 59 23 date.
2158 666 40 24 We
2207 667 57 24 have
2273 675 28 15 no
2314 667 74 31 doubt,
2400 672 62 27 should

1897 701 38 23 the
1946 701 119 31 Company
2072 701 58 23 form
2149 700 94 24 another
2255 700 134 31 settlement,
2405 705 14 23 it
2430 709 34 24 will

1897 734 28 23 be
1934 734 70 23 based
2024 742 60 24 upon
2103 734 38 23 the
2160 734 133 30 experience
2317 734 88 25 derived
2419 739 43 27 from

1898 768 171 30 administering
2087 768 37 22 the
2137 767 75 23 affairs
2225 767 25 23 of
2265 767 39 23 the
2327 768 60 24 older
2403 774 61 23 settle-

1898 806 72 18 ments
1971 814 34 3 —
2006 802 44 22 and
2061 801 42 22 will
2118 800 118 29 therefore,
2249 801 23 22 in
2285 807 87 24 respect
2384 804 22 22 of
2414 808 49 23 roads

1898 834 44 24 and
1954 834 64 23 other
2028 834 72 31 really
2108 841 119 23 necessary
2238 841 174 25 arrangements,
2420 838 42 27 have

1898 876 30 15 an
1940 867 125 32 advantage
2078 875 52 16 over
2143 867 60 23 them
2217 866 38 25 all.

1932 906 34 23 To
1979 906 45 23 this
2043 906 129 23 settlement
2190 906 38 23 the
2248 906 118 32 Company
2380 917 40 16 owe
2435 912 27 24 the

1897 940 166 22 consideration
2076 939 52 31 they
2141 939 102 23 received
2255 940 57 22 from
2327 941 37 23 the
2377 941 84 28 Govern-

1897 978 69 19 ment.
2006 973 55 23 Had
2073 981 31 15 we
2124 973 115 23 remained
2252 978 22 17 at
2286 973 66 23 home
2370 977 52 22 until
2431 987 31 16 our

1897 1007 60 22 titles
1969 1014 63 16 were,
2039 1006 103 29 secured,
2163 1007 35 22 the
2213 1006 117 31 Company
2343 1009 67 23 would
2421 1011 42 26 have

1897 1039 57 24 been
1963 1040 87 23 treated
2069 1048 24 15 as
2106 1040 53 23 land
2172 1040 82 23 sharks
2267 1049 6 19 ;
2296 1048 40 15 nor
2346 1042 68 24 would
2424 1045 39 30 they

1896 1073 57 23 have
1971 1073 104 23 received
2093 1073 38 23 the
2150 1072 112 24 thousand
2281 1073 25 23 of
2321 1081 61 16 acres
2401 1084 62 18 conse-

1897 1112 69 25 quent
1977 1114 62 24 upon
2053 1114 40 15 our
2113 1112 118 25 payments
2252 1111 21 18 to
2286 1107 69 28 them,
2369 1109 23 22 of
2406 1111 55 25 which

1896 1141 53 30 they
1961 1140 44 23 will
2018 1148 50 16 now
2080 1140 27 23 be
2126 1140 128 31 possessed.
2292 1140 50 23 The
2359 1143 78 24 settlers
2446 1147 18 22 of

1895 1174 38 22 the
1952 1174 50 22 first
2024 1174 44 22 and
2090 1173 109 31 principal
2221 1173 130 24 settlement
2370 1174 92 29 hazarded

1895 1207 76 28 much,
1985 1207 44 23 and
2048 1207 76 30 surely
2137 1214 61 15 some
2216 1207 98 30 especial
2332 1209 57 28 good
2400 1210 62 26 should

1895 1241 78 22 attend
1981 1241 37 22 the
2027 1241 74 29 larger
2111 1240 57 23 risk.
2205 1240 50 23 Our
2265 1246 160 28 contemporary
2434 1246 28 23 the

1896 1273 108 28 Colonist,
2013 1275 22 22 in
2050 1274 111 30 referring
2173 1279 21 17 to
2208 1274 37 22 the
2257 1274 65 23 lands
2335 1275 22 22 iv
2370 1279 84 27 question

1895 1311 105 27 suggests
2013 1307 49 23 that
2074 1307 37 23 the
2121 1308 90 22 settlers
2222 1307 80 23 should
2311 1313 34 18 set
2357 1317 28 22 up
2394 1318 11 14 a
2412 1310 49 26 claim

1895 1345 22 18 to
1930 1349 12 14 a
1952 1345 59 26 part,
2025 1341 19 23 if
2056 1346 39 18 not
2108 1341 37 23 the
2158 1340 71 24 whole
2243 1341 24 23 of
2283 1341 69 24 them.
2388 1342 72 26 Doubt-

1893 1374 54 28 less,
1959 1374 24 23 in
2003 1375 64 22 strict
2076 1374 92 31 justice,
2182 1374 52 30 they
2246 1374 83 31 belong
2342 1380 22 17 to
2381 1376 32 23 the
2424 1378 38 24 first

1895 1408 43 22 and
1958 1408 113 31 principal
2090 1408 135 28 settlement,
2246 1409 40 22 but
2305 1416 31 14 we
2356 1408 71 25 should
2442 1412 19 23 be

1895 1448 63 22 sorry
1971 1446 23 17 to
2014 1449 38 15 see
2071 1441 62 23 them
2152 1441 80 23 shared
2254 1447 46 23 out,
2315 1449 24 15 as
2352 1449 30 16 we
2394 1443 22 24 do
2432 1451 30 17 not

1895 1474 64 22 think
1979 1475 17 22 it
2010 1474 73 22 would
2103 1475 27 22 be
2149 1474 125 24 beneficial.
2311 1475 29 23 In
2353 1477 109 24 considera-

1895 1508 53 27 tion,
1963 1507 111 29 however,
2087 1507 25 24 of
2122 1515 41 16 our
2175 1508 120 30 resigning
2304 1508 42 23 this
2360 1510 64 28 claim,
2436 1520 24 15 we

1881 1538 2 38 j
1894 1540 67 23 think
1989 1540 38 24 the
2051 1541 90 23 settlers
2163 1541 71 30 ought
2254 1547 22 17 to
2297 1542 55 23 have
2372 1543 55 24 value
2443 1546 16 22 in

1895 1582 61 15 some
1977 1575 78 29 shape.
2091 1574 51 24 The
2163 1575 116 30 Company
2301 1575 73 24 obtain
2393 1585 11 14 a
2420 1586 41 22 pro-

1893 1612 66 26 perty
1970 1608 100 31 through
2082 1616 34 21 us,
2132 1608 71 22 which
2217 1614 82 18 cannot
2318 1609 25 23 be
2362 1611 100 24 estimated

1895 1649 23 14 as
1938 1641 71 23 worth
2030 1641 46 23 less
2097 1641 54 24 than
2171 1642 140 28 £100,000,
2333 1643 42 23 and
2393 1644 17 23 if
2424 1646 39 22 well

1895 1675 97 23 selected
2011 1675 45 23 and
2073 1675 78 30 wisely
2165 1675 167 29 administered,
2352 1685 47 22 may
2415 1678 48 30 yeild

1894 1708 44 23 five
1947 1710 66 21 times
2027 1709 48 22 that
2083 1714 99 18 amount.
2222 1709 28 22 In
2263 1714 76 18 return
2351 1710 48 30 they
2406 1712 58 30 ought

1895 1746 21 18 to
1930 1742 27 22 do
1971 1747 42 17 two
2027 1742 83 31 things,
2125 1743 66 22 make
2203 1743 39 22 the
2255 1743 65 22 roads
2334 1743 88 32 through
2434 1745 30 23 the

1895 1775 64 23 lands
1972 1775 24 22 in
2006 1775 37 24 the
2053 1776 51 22 first
2112 1776 44 23 and
2168 1776 111 31 principal
2288 1777 129 29 settlement,
2429 1779 35 22 and

1895 1809 109 23 maintain
2017 1808 38 24 the
2063 1813 83 19 stream
2157 1809 23 23 of
2188 1810 160 29 immigration,
2361 1811 52 23 until
2423 1813 41 29 they

1895 1841 55 24 have
1972 1842 65 23 made
2050 1842 57 23 their
2119 1842 65 24 lands
2203 1842 30 31 by
2246 1843 63 24 these
2328 1852 73 15 means
2411 1846 53 22 suffi-

1895 1876 83 30 ciently
1998 1877 125 28 attractive,
2147 1881 20 18 to
2187 1883 79 17 secure
2286 1877 28 30 by
2328 1877 54 23 their
2400 1879 39 23 sale
2455 1888 10 14 a

1897 1909 88 30 regular
1996 1910 155 29 immigration
2163 1910 65 23 fund.

1930 1948 46 23 But
1989 1947 44 23 had
2046 1956 31 15 we
2090 1956 29 15 no
2132 1949 64 22 claim
2210 1956 59 23 upon
2284 1949 36 23 the
2334 1950 107 31 Company
2452 1952 14 21 it

1895 1981 72 23 would
1977 1987 47 23 not,
2034 1989 31 15 we
2085 1981 74 29 think,
2168 1983 28 22 be
2209 1982 96 23 difficult
2317 1988 20 18 to
2350 1983 57 23 show
2420 1984 45 28 that,

1896 2015 128 29 consulting
2033 2015 58 23 their
2100 2023 49 15 own
2158 2016 100 28 interest,
2266 2016 50 30 they
2325 2016 75 23 should
2410 2017 56 23 make

1897 2047 36 23 the
1956 2048 65 22 roads
2044 2048 98 30 tluough
2165 2049 38 22 the
2227 2049 64 23 lands
2312 2049 84 30 already
2417 2050 47 23 sold.

1897 2080 69 23 Their
1977 2081 80 23 unsold
2069 2081 65 23 lands
2147 2082 43 22 will
2203 2082 28 23 be
2241 2083 68 22 found
2323 2084 142 30 intermingled

1897 2114 52 22 with
1962 2114 37 22 the
2020 2114 98 23 selected
2135 2115 71 28 lands,
2227 2116 45 22 and
2290 2116 50 30 they
2354 2123 75 16 cannot
2445 2118 20 21 be

1897 2147 74 23 useful
1989 2147 77 23 unless
2083 2149 71 30 easily
2165 2149 149 30 approached.
2352 2150 46 22 The
2416 2158 49 15 same

1897 2180 142 23 observation
2057 2181 85 30 applies
2154 2189 23 15 to
2193 2182 60 23 their
2269 2183 64 23 lands
2352 2183 22 23 in
2387 2183 33 23 the
2429 2183 36 23 dis-

1897 2219 71 23 tance,
1983 2214 41 27 for,
2034 2218 21 18 to
2069 2215 66 22 reach
2145 2215 68 29 them,
2224 2215 37 24 the
2269 2217 83 29 parties
2361 2222 56 17 must
2424 2223 41 24 pass

1897 2247 97 31 through
2006 2247 38 23 the
2064 2247 66 23 lands
2142 2249 72 22 which
2231 2249 56 23 have
2307 2251 55 22 been
2375 2250 89 23 selected.

1897 2280 158 30 Discouraged
2083 2281 29 30 by
2133 2281 35 24 the
2192 2283 110 22 immense
2326 2284 89 27 barrier,
2436 2284 28 21 the

1897 2314 97 23 selected
2006 2314 52 23 land
2071 2314 84 23 around
2168 2316 28 22 all
2213 2316 37 22 the
2263 2321 88 18 centres
2365 2317 23 23 of
2396 2321 68 19 attrac-

1898 2349 53 28 tion,
1971 2348 94 22 without
2086 2348 66 23 roads
2171 2349 44 22 will
2238 2349 60 28 offer,
2322 2350 37 23 the
2379 2355 85 25 stranger

1897 2381 45 23 will
1954 2381 88 23 neither
2054 2382 95 30 proceed
2161 2387 22 18 to
2192 2382 87 31 inspect
2291 2390 41 16 nor
2340 2388 22 18 to
2372 2384 93 30 purchase

1898 2415 36 23 the
1954 2422 61 15 more
2034 2415 85 22 distant
2138 2416 107 22 sections.
2281 2416 51 23 The
2351 2424 88 23 expense
2449 2416 18 23 of

1897 2447 95 32 making
2004 2447 37 23 the
2053 2448 66 22 roads
2138 2448 98 31 through
2250 2449 36 22 the
2300 2450 94 22 selected
2405 2450 59 26 lands,

1897 2482 37 23 the
1948 2481 118 31 Company
2079 2481 80 24 should
2180 2487 40 18 not
2231 2483 55 22 view
2300 2490 25 15 as
2343 2491 26 15 an
2386 2483 79 23 isolated

1898 2515 81 31 object,
2003 2516 41 22 but
2057 2523 24 15 as
2095 2524 13 14 a
2119 2523 38 23 per
2171 2520 93 25 centage
2283 2524 61 23 upon
2361 2517 31 23 the
2405 2517 60 22 whole

1898 2551 108 27 900,000
2020 2556 70 21 acres,
2104 2549 43 22 and
2159 2549 110 30 regarded
2284 2551 22 21 in
2321 2550 46 23 that
2378 2557 86 21 manner,

1897 2583 18 21 it
1926 2582 46 23 will
1992 2590 82 23 appear
2086 2591 25 14 as
2124 2591 13 14 a
2149 2582 87 31 trifling
2255 2591 50 15 sum
2326 2583 106 30 expended
2448 2588 16 18 to

1898 2617 70 22 attain
1981 2624 13 14 a
2011 2620 64 26 great
2088 2616 81 31 object.
2206 2616 35 23 As
2253 2624 33 15 we
2304 2617 56 31 hope
2371 2617 20 22 in
2403 2617 61 22 future

1897 2649 38 23 the
1949 2649 118 30 Company
2079 2650 47 22 will
2144 2650 99 22 advance
2262 2650 37 23 the
2316 2651 59 30 price
2385 2650 23 23 of
2420 2650 44 22 land

1898 2683 138 30 aufficiently
2049 2688 21 18 to
2083 2683 79 23 enable
2174 2683 63 23 them
2249 2688 22 19 to
2283 2689 116 25 guarantee
2410 2691 55 23 every

1898 2724 52 15 man
1969 2725 13 15 a
1994 2716 54 23 road
2060 2721 23 18 to
2097 2717 36 23 his
2144 2717 62 28 door,
2226 2717 31 31 by
2269 2718 82 30 adding
2363 2726 11 14 a
2384 2718 80 22 fraction

1897 2758 63 15 more
1973 2750 56 23 than
2047 2751 20 22 is
2082 2751 84 22 needed
2178 2756 23 17 to
2214 2751 68 22 make
2300 2751 65 24 roads
2382 2750 83 30 through

1898 2782 37 24 the
1947 2783 83 23 unsold
2037 2784 73 28 lands,
2125 2784 51 31 they
2185 2784 74 31 might
2270 2792 68 23 repay
2349 2784 116 24 themselves

1898 2817 37 22 the
1956 2821 94 19 amount
2070 2817 117 31 expended
2207 2819 24 21 in
2249 2818 95 31 making
2362 2818 33 23 the
2411 2817 54 23 road
2468 2817 2 32 3

1899 2850 98 31 through
2010 2851 37 22 the
2058 2851 67 23 lands
2137 2851 91 30 already
2241 2852 57 23 sold.

1931 2890 23 24 It
1972 2892 20 22 is
2011 2898 127 24 necessary,
2158 2892 18 22 it
2195 2892 18 22 is
2229 2892 56 31 just,
2307 2893 17 23 it
2340 2893 20 22 is
2372 2892 30 23 for
2419 2891 46 23 their

1898 2932 49 15 own
1967 2925 102 28 interest,
2091 2925 50 22 and-
2154 2925 54 31 they
2230 2926 43 23 and
2290 2926 54 31 they
2356 2926 57 23 alone
2432 2931 32 16 can

1897 2958 92 30 provide
2007 2958 39 23 the
2057 2958 69 23 funds
2137 2959 95 23 without
2253 2968 13 14 a
2277 2959 99 24 material
2392 2958 72 24 decline

1897 2992 22 22 in
1932 2991 38 24 the
1982 2991 66 24 value
2061 2992 25 23 of
2099 2991 60 30 land,
2173 2992 61 24 alike
2252 2993 110 31 injurious
2373 2998 19 17 to
2403 2992 60 23 them-

1897 3025 72 23 selves
1976 3032 24 16 as
2008 3029 21 19 to
2037 3032 35 17 us.
2097 3025 42 23 We
2145 3025 113 24 therefore
2265 3026 65 24 think
2337 3027 35 23 the
2378 3025 86 25 Colonist

1897 3058 81 24 should
1991 3066 91 23 prepare
2091 3067 13 15 a
2111 3064 120 19 statement
2238 3067 28 16 on
2275 3060 38 23 the
2321 3060 87 31 subject,
2417 3064 17 17 to
2442 3059 20 21 be

1897 3092 123 23 submitted
2032 3096 23 19 to
2067 3092 39 23 the
2119 3092 138 32 Company's
2270 3093 84 32 Agent,
2367 3093 38 23 and
2415 3092 25 23 let
2450 3092 13 21 it

1896 3125 27 24 be
1942 3126 131 23 sanctioned
2094 3126 30 30 by
2135 3126 38 23 the
2191 3126 85 32 largest
2293 3128 95 30 meeting
2403 3124 59 24 which

1896 3159 58 24 shall
1966 3159 56 23 have
2036 3159 68 24 taken
2117 3159 61 32 place
2199 3161 25 22 in
2235 3161 57 23 Port
2304 3160 122 27 Nicholson,
2445 3163 17 17 to

1896 3192 60 24 show
1970 3192 38 24 the
2027 3194 108 30 intensity
2147 3194 26 23 of
2188 3193 84 32 feeling
2290 3203 29 14 on
2331 3194 35 23 the
2384 3194 76 29 import-

1895 3234 55 15 ance
1972 3227 25 23 of
2013 3226 37 24 the
2070 3227 95 31 subject,
2186 3227 45 23 and
2254 3235 31 16 we
2301 3228 65 24 think
2384 3223 76 27 Colonel

1895 3259 129 24 Wakefield
2036 3260 74 23 would
2121 3266 36 17 act
2170 3269 62 22 upon
2244 3262 37 23 the
2293 3264 120 24 statement,
2424 3262 17 19 to
2452 3265 9 14 a

1895 3293 85 24 certain
2001 3298 86 24 extent,
2102 3294 97 24 .without
2210 3295 106 31 awaiting
2333 3293 127 25 instructions

1894 3326 58 24 from
1964 3326 118 32 England.

1927 3387 44 25 We
1983 3388 57 24 have
2059 3397 54 15 seen
2125 3398 12 15 a
2155 3398 54 24 very
2224 3391 57 30 good
2301 3390 81 31 sample
2395 3388 22 24 of
2423 3387 36 23 flax

1895 3422 108 31 prepared
2016 3422 28 30 by
2057 3430 13 16 a
2090 3424 102 23 machine
2204 3425 65 22 made
2287 3424 30 31 by
2330 3424 44 23 Mr.
2392 3420 67 26 Neale,

1894 3455 98 31 recently
2014 3464 13 15 a
2046 3456 165 25 watch-maker
2229 3459 24 22 in
2271 3457 141 30 Wellington.
2441 3452 18 23 It

1893 3488 20 23 is
1925 3488 73 24 stated
2012 3489 48 24 that
2079 3490 39 23 the
2137 3490 105 24 machine
2262 3497 40 17 can
2321 3491 28 23 be
2365 3488 57 25 made
2432 3487 27 22 for

1893 3523 45 28 £5,
1949 3522 44 24 and
2006 3523 55 28 that,
2072 3523 63 24 aided
2147 3523 31 31 by
2189 3532 41 15 one
2241 3532 51 15 man
2302 3524 43 23 and
2358 3528 38 18 two
2407 3521 52 29 boys,

1894 3555 17 24 it
1923 3555 45 24 will
1980 3555 99 32 produce
2088 3564 41 16 one
2138 3556 106 25 hundred
2255 3557 82 32 weight
2346 3557 22 23 of
2376 3556 42 23 flax
2426 3560 33 24 per

1894 3588 51 32 day.
1983 3588 57 24 This
2053 3589 20 24 is
2085 3591 92 30 putting
2189 3591 47 23 flax
2247 3595 22 19 at
2286 3599 13 15 a
2311 3595 47 19 cost
2368 3589 23 23 of
2403 3587 56 24 about

1893 3623 55 23 £14
1960 3630 41 23 per
2013 3627 46 18 ton.
2097 3623 50 24 The
2166 3624 79 23 article
2264 3622 111 33 produced
2392 3622 18 22 is
2420 3618 39 24 said

1893 3659 22 19 to
1927 3655 28 24 be
1973 3655 71 24 worth
2058 3656 68 24 about
2137 3657 55 24 £26
2212 3665 40 24 per
2264 3662 38 19 ton
2323 3658 22 22 in
2357 3650 100 35 England.

1894 3688 41 24 We
1959 3697 39 16 are
2015 3689 119 32 informed,
2155 3690 51 24 that
2225 3690 38 24 the
2283 3698 85 23 powers
2387 3688 23 23 of
2429 3685 30 24 the

1893 3722 103 24 machine
2009 3730 51 23 may
2069 3723 28 24 be
2110 3732 23 14 so
2145 3723 35 24 far
2192 3724 124 31 improved,
2329 3731 23 15 as
2363 3727 21 18 to
2392 3717 67 27 enable

1893 3759 84 27 twenty
1989 3763 51 16 men
2060 3761 23 18 to
2101 3756 98 30 produce
2220 3765 42 15 one
2275 3761 37 20 ton
2332 3756 24 23 of
2368 3756 44 23 flax
2425 3758 34 25 per

1892 3787 51 31 day;
1991 3788 64 24 With
2071 3789 52 23 >this
2149 3790 171 31 improvement,
2345 3789 35 23 the
2407 3791 51 18 same

1893 3822 85 30 quality
1991 3822 24 23 of
2091 3822 65 23 could
2168 3822 28 24 be
2208 3823 99 24 afforded
2326 3827 22 19 at
2359 3822 54 23 from
2423 3819 36 22 five

1892 3859 22 19 to
1927 3859 38 19 ten
1985 3854 90 31 pounds
2095 3862 39 23 per
2152 3859 48 21 ton.
2237 3856 42 24 We
2300 3856 56 31 hope
2368 3862 29 16 we
2411 3848 48 27 shall

1891 3887 28 24 be
1938 3887 101 29 enabled,
2058 3888 25 23 in
2102 3895 13 16 a
2133 3888 42 23 few
2198 3888 63 32 days,
2283 3894 22 19 to
2323 3886 83 27 furnish
2425 3889 34 19 our

1891 3920 91 24 readers
2001 3920 52 24 with
2072 3920 88 25 further
2173 3922 143 31 satisfactory
2328 3918 131 28 information

1892 3961 60 24 upon
1963 3953 47 24 this
2021 3954 123 31 important
2156 3954 97 31 subject.

899 1308 111 15 IMPORTS.

689 1338 29 19 In
728 1343 46 14 thk
976 1343 65 15 from
1053 1338 152 19 Conception
1215 1339 34 18 via

661 1364 95 21 Tahiti.
759 1376 25 3 —
786 1366 101 24 Ridgway
897 1366 43 19 and
955 1366 42 23 Co.,
1011 1366 87 24 Agents.
1101 1375 25 4 —
1131 1365 52 20 1460
1198 1366 50 25 bags

661 1393 60 23 flour,
736 1392 26 24 1$
772 1395 37 18 ton
820 1399 68 19 sugar,
903 1394 9 19 1
925 1395 36 18 ton
971 1393 36 23 oil,
1025 1393 56 20 train
1091 1393 40 20 and
1146 1399 74 19 sperm.
1222 1404 27 4 —

664 1421 71 19 Order.

689 1449 28 18 In
729 1453 47 15 the
943 1453 63 15 from
1025 1448 117 20 Twofold
1161 1449 58 21 Bay.
1222 1460 26 3 —

661 1475 80 20 Rhodes
757 1476 42 19 and
815 1477 41 24 Co.,
875 1477 86 23 Agents.
964 1487 25 3 —
991 1477 25 19 80
1036 1476 53 20 head
1107 1476 24 20 of
1150 1476 69 24 cattle,
1235 1477 11 19 4

661 1503 80 23 horses,
754 1504 12 18 6
773 1503 60 20 casks
843 1504 79 19 butter.
952 1503 123 25 Passengers
1078 1514 26 4 —
1106 1503 25 20 G.
1143 1504 103 26 Morland,

662 1530 27 21 G.
700 1530 99 25 Bartlett,
810 1531 20 19 J.
842 1531 97 26 Bradley,
950 1531 24 20 T.
986 1531 95 23 Gordon,
1094 1531 30 20 M.
1141 1532 78 19 Abson.

691 1559 29 19 In
731 1564 46 14 the
1067 1565 64 13 from
1143 1560 103 19 Sydney.

661 1597 27 3 —
692 1587 22 19 C.
724 1587 32 19 M.
768 1587 76 25 Evans,
855 1587 76 24 Agent.
934 1597 25 4 —
963 1587 39 19 147
1011 1587 50 24 bags
1072 1593 68 18 sugar,
1153 1588 37 19 153
1199 1588 48 25 bags

662 1613 42 24 do.,
723 1615 41 18 450
783 1614 61 25 bags.
851 1615 62 23 flour,
931 1615 25 19 48
976 1614 52 25 kegs
1042 1615 77 23 butter,
1142 1616 24 18 84
1187 1615 59 20 hhds.

662 1644 78 22 porter,
752 1642 12 18 2
772 1648 56 13 cases
839 1642 76 25 cigars,
922 1642 13 19 8
945 1642 123 25 puncheons
1076 1648 54 18 ruin,
1143 1643 39 20 172
1188 1642 60 21 cedar

661 1668 84 24 boards,
757 1670 39 18 240
808 1669 71 26 sheep,
891 1669 13 19 6
918 1670 77 21 horses,
1009 1670 40 19 150
1065 1670 66 19 hams.
1162 1670 85 20 Passen-

661 1696 108 25 gers—M.
786 1696 141 25 M'Dermott,
943 1696 28 20 H.
982 1697 95 24 Bourke,
1093 1697 21 20 J.
1133 1698 72 26 Bailie,
1223 1698 24 19 E.

663 1724 61 23 Hart,
741 1723 107 26 Margaret
863 1723 63 24 Hart,
940 1724 29 19 D.
986 1724 91 25 Wilson,
1089 1725 21 20 S.
1127 1725 120 27 M'Cortby,

662 1751 31 20 M.
707 1750 121 21 O'Donnell
839 1752 42 19 and
891 1752 63 19 child.

691 1780 28 18 In
731 1785 46 14 the
992 1785 62 14 from
1067 1780 99 20 Hobart
1176 1781 75 20 Tow*

662 1808 32 18 via
706 1806 103 21 Nklson.
811 1818 28 3 —
842 1807 93 20 Wallace
945 1807 42 20 and
998 1807 41 26 Co.,
1053 1808 85 24 Agents.
1142 1819 26 4 —
1169 1809 12 19 5
1192 1815 57 16 casej

662 1841 85 19 geneva,
766 1835 12 19 2
796 1834 60 21 hhds.
876 1835 43 22 do.,
938 1835 12 19 3
970 1834 62 20 hhds.
1051 1835 87 25 brandy,
1160 1837 11 18 2
1192 1842 56 14 cases

663 1862 75 24 cigars,
746 1863 12 18 2
769 1862 107 23 ca*esdo.,
889 1863 12 18 2
910 1865 47 16 tons
968 1862 92 24 candles,
1070 1863 12 19 9
1092 1863 73 19 firkins
1171 1863 76 25 butter,

665 1889 23 20 14
706 1891 50 18 tons
767 1895 68 19 sugar,
851 1891 13 19 9
874 1889 73 20 firkins
961 1889 78 25 butter,
1052 1891 25 19 14
1093 1893 49 17 tons
1152 1897 68 19 sugar,
1238 1892 9 19 1

663 1916 45 20 bale
717 1917 87 24 leather,
821 1917 10 19 1
844 1918 49 18 cask
908 1917 79 20 refined
1001 1923 69 20 augar,
1087 1919 26 19 38
1126 1918 48 25 bagi
1190 1919 58 24 bran,

665 1943 25 24 14
700 1947 103 23 potatoes,
814 1945 13 19 2
837 1945 47 20 half
896 1945 68 19 chests
975 1947 41 21 tea,
1029 1945 25 19 14
1066 1946 45 19 half
1125 1946 68 20 chests
1208 1949 39 22 tea,

663 1973 11 19 5
686 1978 57 13 cases
752 1978 113 20 preserves,
877 1973 41 19 232
927 1973 48 25 bags
985 1973 63 26 flour,
1058 1975 64 22 3,000
1133 1974 24 19 ft.
1167 1974 81 24 timber,

664 2001 25 19 98
700 1999 50 26 bags
762 2002 52 21 oats,
827 2001 10 18 1
849 2001 92 25 package
957 2001 86 22 leather,
1055 2001 12 19 5
1083 2001 62 20 boxes
1155 2002 66 25 pipes,
1238 2003 9 18 1

662 2027 45 19 balf
714 2027 123 22 tarpaulins,
848 2029 10 17 1
867 2028 40 22 bajf
917 2028 73 21 books,
999 2028 12 18 9
1023 2034 33 15 qr.
1063 2029 61 19 casks
1135 2031 48 20 port
1190 2029 58 23 wine,

663 2054 12 19 3
686 2052 50 25 bags
750 2058 70 19 sugar,
830 2051 14 23 £
862 2052 59 19 chest
935 2055 40 20 tea,
996 2052 9 18 1
1019 2051 39 26 bag
1075 2053 71 23 coifee,
1163 2054 12 18 9
1192 2060 57 14 cases

665 2081 63 24 slops,
740 2080 10 19 1
762 2079 39 24 bag
812 2079 64 26 slops,
888 2082 13 16 4
912 2079 55 20 bales
981 2079 103 24 blankets,
1097 2081 12 18 3
1121 2086 56 14 cases
1188 2088 60 17 guns,

664 2108 25 20 30
701 2107 45 19 half
759 2107 68 20 chests
839 2110 41 18 tea.
899 2109 10 18 9
920 2107 48 24 bag
970 2107 14 24 3
980 2107 73 24 coifee,
1070 2108 12 18 3
1095 2107 48 26 kegs
1155 2110 93 23 tongues,

667 2135 72 20 Order.
769 2134 125 26 Passengers
896 2145 26 4 —
925 2135 51 19 Miss
994 2134 54 20 Jane
1068 2135 107 24 Newman,
1197 2136 52 20 Miss

665 2163 108 26 Seymour,
785 2161 42 20 Mr.
839 2162 34 19 W.
882 2162 65 24 Reck,
959 2161 43 21 Mr.
1011 2162 89 26 Joseph,
1112 2162 43 20 Mr.
1164 2163 84 25 Brown,

664 2190 39 20 and
714 2189 43 21 Mr.
769 2190 26 19 A.
807 2189 71 26 Perry.

828 2251 105 15 inwards
935 2256 26 3 —
962 2252 138 14 coastwise.

691 2277 28 21 Ik
738 2284 46 13 the
943 2284 65 14 from
1027 2278 116 20 llawke's
1162 2279 59 20 Bay.
1223 2291 26 3 —

663 2305 124 25 Machattie,
811 2307 78 23 Agent.
891 2317 26 3 —
921 2307 8 18 1
952 2310 37 16 ton
1005 2307 128 24 whalebone,
1157 2308 25 19 12
1202 2309 47 19 tuns

663 2333 55 20 train
735 2333 36 24 oil,
783 2334 12 18 3
814 2335 48 18 tuns
873 2340 76 19 sperm,
970 2335 39 19 100
1025 2334 84 20 baskets
1122 2335 73 24 maize,
1211 2336 38 20 120

663 2361 54 26 pig»-

691 2389 29 18 In
744 2394 46 14 the
841 2389 133 19 Susannah
1114 2395 61 15 from
1203 2397 46 14 the

663 2415 122 21 Chatham
796 2415 104 21 Islands
911 2422 47 14 and
978 2422 80 15 coast.
1060 2427 28 3 —
1092 2417 70 25 Wade,
1172 2418 76 25 Agent,

663 2444 12 19 2
686 2446 48 16 tons
744 2443 48 23 flax,
803 2444 25 19 24
840 2443 61 21 casks
911 2444 60 25 pork,
982 2446 13 17 4
1006 2444 42 20 and
1058 2444 11 23 i
1081 2448 47 16 tons
1139 2447 73 23 maize,
1223 2448 26 18 40

663 2470 55 20 sides
735 2470 74 24 bacon,
820 2472 13 18 4
853 2472 61 19 casks
928 2471 50 24 lard,
990 2471 52 20 New
1060 2472 24 19 Z.
1095 2472 99 26 produce.
1196 2485 27 4 —
1224 2475 25 19 70

663 2498 47 19 iron
720 2500 56 23 pots,
788 2498 66 20 701bs.
865 2498 87 21 tobacco
964 2499 51 25 duty
1025 2499 51 24 free,
1090 2501 8 18 1
1112 2500 40 19 box
1162 2502 63 26 slops,
1238 2503 10 19 1

663 2526 46 19 bale
720 2525 102 25 blankets,
835 2527 9 18 1
856 2527 42 18 and
907 2526 15 23 i
931 2529 48 18 tuns
987 2527 63 19 black
1060 2527 36 20 oil.
1128 2527 122 28 Passengers

663 2564 27 4 —
691 2552 28 21 N.
732 2553 84 24 Levien,
828 2553 21 21 J.
860 2552 99 26 Jackson,
972 2554 43 20 Mr.
1027 2555 42 19 and
1088 2555 54 20 Mrs.
1153 2556 96 27 Burgess,

663 2580 44 20 Mr.
719 2580 75 25 Webb,
804 2581 42 20 and
855 2582 60 19 three
925 2582 95 20 Natives.

809 2642 139 18 outwart)s,
960 2642 145 16 coastwise.

691 2669 28 19 In
731 2674 47 14 thb
980 2676 46 14 for
1034 2670 88 21 Kapiti
1133 2678 49 13 and
1191 2672 60 21 Nel-

664 2702 51 14 son.
717 2707 28 4 —
750 2697 31 19 W.
801 2697 132 20 Fitzherbert
950 2697 78 26 Agent.
1031 2709 26 3 —
1060 2699 12 19 8
1092 2699 60 20 casks
1172 2703 77 22 porter,

664 2724 102 20 Sclander
785 2724 43 20 and
847 2725 113 20 Morrison.
962 2735 27 5 —
992 2726 10 19 1
1024 2726 50 19 cask
1093 2726 111 26 hardware,
1228 2729 21 20 C.

662 2751 93 25 Empson
774 2752 42 19 and
832 2752 34 20 Co.
867 2763 28 3 —
898 2753 9 18 1
926 2752 40 21 box
985 2753 78 25 plants,
1083 2753 125 23 M'Donald.
1209 2766 27 4 —
1238 2757 12 18 2

663 2779 84 24 wheels,
760 2779 9 20 1
785 2779 52 24 axle,
850 2780 12 19 2
879 2779 88 26 springs,
982 2780 73 21 Order.
1058 2791 26 4 —
1087 2782 10 18 1
1114 2782 58 20 chest
1182 2785 40 22 tea,
1238 2785 11 19 2

663 2806 48 19 iron
721 2808 55 24 pots,
793 2807 10 19 1
820 2813 47 14 case
882 2807 65 25 pipes,
961 2808 10 18 1
987 2814 45 18 axe,
1049 2808 26 19 20
1091 2808 49 26 bags
1154 2816 69 20 sugar,
1239 2812 11 19 1

664 2839 48 14 case
722 2840 60 19 guns,
796 2835 10 18 1
822 2840 47 13 case
880 2834 74 21 double
966 2835 69 20 barrel
1045 2836 43 24 do.,
1100 2838 12 18 2
1123 2838 70 20 slates.

692 2861 29 20 In
731 2867 46 14 the
986 2869 44 13 for
1048 2863 95 21 Cloudy
1162 2865 60 21 Bay.

667 2889 64 20 Wade
744 2890 76 24 Agent.
822 2900 26 4 —
851 2890 24 19 11
892 2890 85 24 shooks,
997 2891 26 19 18
1039 2891 70 25 pieces
1126 2892 96 27 heading,
1239 2893 12 20 6

663 2916 51 26 bags
721 2916 62 25 flour,
795 2918 11 19 1
819 2923 40 14 can
869 2919 40 18 tar.

691 2976 101 20 Sailing
801 2977 147 21 Directions
957 2984 47 14 for
1015 2984 47 14 the
1072 2979 53 20 Isle
1135 2985 26 15 of
1171 2980 78 26 Pines,

664 3003 22 21 S.
701 3003 26 21 E.
739 3010 47 14 end
802 3010 28 14 of
841 3005 59 19 New
916 3005 150 21 Caledonia.
1097 3006 55 23 Lat.
1163 3010 39 19 22°
1216 3010 35 20 31'

664 3031 21 21 S.
694 3039 6 16 ;
722 3038 69 14 long.
811 3031 50 22 167°
881 3034 33 18 15'
926 3033 28 20 E.
982 3034 153 21 Anchoragk
1153 3042 28 14 in
1194 3036 54 21 Vic-

663 3064 73 14 toria
762 3059 126 26 Harbour,
915 3066 60 15 high
1003 3067 94 19 water,
1122 3069 60 15 full
1202 3071 47 14 ano

665 3092 105 18 change,
782 3093 78 14 about
872 3088 18 20 7.
893 3098 26 4 —
920 3088 26 19 In
957 3089 87 25 making
1054 3090 35 19 the
1103 3091 75 23 island,
1189 3095 34 22 get
1233 3093 17 19 it

664 3116 22 16 to
704 3113 50 20 bear
764 3114 72 24 N.W.,
853 3120 24 14 or
886 3121 50 14 even
952 3121 59 14 more
1021 3118 103 25 westerly.
1152 3119 46 20 The
1211 3121 39 19 hill

664 3146 24 14 or
698 3141 53 25 peak
766 3141 64 20 called
842 3141 63 20 Hews
920 3142 55 21 Peak
990 3149 49 20 may
1053 3144 24 20 be
1093 3144 76 22 looked
1183 3153 65 20 upon,

663 3168 54 19 from
728 3174 12 13 a
750 3168 55 25 good
814 3168 65 26 offing
888 3169 24 20 of
924 3172 131 24 twenty-five
1068 3178 25 14 or
1102 3173 66 27 thirty
1183 3175 65 24 miles,

663 3201 23 14 as
697 3195 36 20 the
743 3198 77 21 centre,
832 3203 28 13 on
867 3199 88 18 account
965 3198 25 19 of
1002 3198 37 20 the
1046 3199 61 21 small
1116 3201 78 21 islands
1204 3204 45 19 that

663 3222 28 21 lie
701 3225 23 17 to
735 3222 34 20 the
781 3223 58 25 S.E.,
851 3224 74 27 which,
942 3226 62 19 when
1014 3226 75 20 locked
1103 3228 22 20 in
1135 3229 50 21 with
1199 3231 50 20 each

664 3250 68 24 other,
743 3257 76 20 appear
829 3253 22 18 to
863 3252 53 20 form
926 3255 47 23 part
983 3253 25 20 of
1020 3254 36 20 the
1066 3253 74 22 island.

693 3277 48 20 Run
751 3279 50 20 with
811 3279 120 20 confidence
945 3282 23 18 to
978 3280 37 20 the
1030 3284 91 18 extreme
1132 3286 45 18 east
1190 3286 44 20 side
1242 3293 6 16 ;

663 3305 52 20 then
721 3306 61 26 along
792 3306 36 20 the
835 3307 40 19 low
886 3307 65 26 rocky
958 3309 63 19 shore
1030 3309 23 19 in
1062 3310 63 20 about
1135 3318 12 12 a
1154 3311 93 22 N.N.W.

664 3335 22 18 to
701 3332 65 21 N.W.
781 3333 111 21 direction.
920 3334 50 21 You
983 3335 44 20 -will
1044 3339 21 17 at
1079 3337 36 20 the
1131 3340 64 20 north

664 3366 34 14 see
717 3366 13 14 a
747 3361 61 19 small
823 3362 67 25 sandy
908 3362 73 25 beach,
1001 3363 51 21 with
1071 3366 105 21 extensive
1195 3368 53 20 reefs

663 3387 93 26 running
771 3389 73 26 nearly
861 3390 23 19 in
900 3396 12 13 a
928 3390 87 25 parallel
1032 3391 101 21 direction
1144 3394 51 21 with
1213 3396 35 19 the

664 3417 58 18 coaßt
729 3423 6 17 ;
752 3415 52 26 keep
814 3417 75 19 within
899 3417 46 20 half
952 3424 12 13 a
974 3418 50 20 mile
1032 3419 23 19 of
1067 3420 64 24 them,
1139 3427 23 14 or
1173 3429 11 13 a
1189 3429 59 14 more

663 3443 122 20 reasonable
795 3443 101 26 distance,
907 3445 113 26 according
1030 3448 21 18 to
1072 3447 160 24 circumstances
1241 3458 6 16 ;

664 3476 26 14 an
700 3470 69 20 island
788 3469 126 30 (Entrance)
935 3473 43 20 will
987 3474 53 19 then
1053 3474 58 21 show
1121 3476 62 21 itself,
1198 3478 50 21 with

663 3497 54 26 lofty
727 3498 49 26 pine
783 3501 56 19 trees
844 3506 6 17 ;
867 3502 54 18 steer
927 3500 63 26 along
1001 3501 36 20 the
1043 3502 46 20 reef
1095 3502 34 21 for
1138 3504 35 19 the
1183 3504 64 22 N.W.
1255 3499 2 22 I

664 3527 91 19 extreme
766 3527 24 19 of
801 3527 25 21 it.
837 3527 56 20 until
907 3528 35 20 the
953 3528 57 20 Peak
1025 3528 63 21 Hews
1100 3530 59 21 bears
1174 3532 72 21 S.S.E.
1255 3525 2 36 J

663 3551 14 24 £
688 3553 22 20 S.
721 3560 24 13 or
755 3553 49 21 S.E.
815 3554 29 26 by
856 3555 28 24 S.,
896 3556 40 19 and
946 3555 107 23 Entrance
1065 3558 72 20 Island
1145 3559 64 21 about
1225 3561 21 19 S.
1255 3548 2 13 '

663 3580 28 26 by
700 3580 34 21 W.
743 3588 5 17 ;
765 3587 26 14 on
802 3582 37 20 the
849 3582 59 21 other
919 3584 45 19 reef
971 3586 6 3 '
988 3583 21 27 (a
1019 3585 60 20 small
1089 3586 100 21 detached
1199 3594 47 18 one,

663 3607 77 27 having
745 3615 12 13 a
764 3610 56 24 good
825 3610 39 20 but
871 3617 81 14 narrow
957 3617 87 21 passage
1053 3618 27 14 on
1087 3614 35 19 the
1128 3617 50 17 west
1185 3615 61 26 side,)

664 3641 41 19 you
722 3636 42 19 will
780 3637 87 22 observe
877 3644 12 13 a
905 3639 59 20 small
975 3638 64 27 bank,
1056 3640 68 20 which
1133 3645 55 17 steer
1206 3643 40 24 for,

663 3662 71 27 giving
752 3664 107 21 Entrance
876 3665 71 20 Island
966 3673 13 12 a
995 3667 56 24 good
1070 3667 61 21 berth
1148 3676 28 13 on
1195 3676 53 21 your

663 3688 96 23 larboard
764 3692 50 24 side,
827 3692 41 20 and
875 3693 84 25 making
968 3693 52 20 bold
1028 3694 49 20 with
1085 3695 36 19 the
1128 3696 60 21 reefs.
1217 3699 29 19 As

663 3723 52 14 6oon
725 3725 23 13 ai
758 3720 36 19 the
802 3719 108 20 sandbank
920 3720 18 20 is
948 3721 85 22 neared,
1044 3721 50 21 haul
1104 3728 27 20 up
1146 3723 34 21 for
1189 3726 58 20 three

663 3745 65 25 rocky
743 3746 70 25 islets;
836 3753 48 19 pass
901 3747 56 20 close
975 3750 22 17 to
1015 3748 57 20 them
1089 3752 22 17 to
1128 3753 116 24 westward;

663 3772 51 19 then
724 3773 49 20 haul
781 3781 28 19 up
822 3774 36 20 for
867 3774 34 20 the
916 3775 93 25 opening
1018 3775 47 26 bay,
1081 3777 40 19 and
1130 3779 78 21 anchor
1223 3781 24 19 in

661 3799 42 20 five
717 3805 23 15 or
750 3801 31 20 six
794 3801 92 21 fathoms
900 3804 70 22 water,
985 3803 53 19 sand
1052 3803 41 20 and
1107 3806 62 20 coral.
1201 3808 47 20 Yovi

663 3832 34 14 are
705 3826 49 21 then
761 3829 22 19 in
792 3828 95 21 Victoria
893 3827 105 22 Harbour.
1029 3830 80 21 Should
1118 3838 42 20 you
1166 3835 82 26 require

662 3856 23 17 to
695 3860 26 19 go
731 3861 58 15 more
799 3859 22 17 to
832 3855 36 21 the
878 3855 65 26 S.W.,
955 3863 12 13 a
982 3856 50 21 boat
1042 3858 66 21 ahead
1117 3860 66 26 might
1200 3869 48 14 save

663 3886 138 21 annoyances.

688 3908 45 20 The
744 3913 50 17 west
802 3911 46 20 side
857 3910 25 20 of
893 3911 35 20 the
939 3911 42 20 Isle
992 3913 25 19 of
1029 3912 62 21 Piues
1100 3914 19 20 is
1126 3921 23 14 so
1159 3917 90 20 studdttd

662 3934 52 22 with
726 3937 61 26 reefs,
799 3937 10 21 I
823 3939 45 19 fear
886 3944 26 15 no
926 3945 89 20 passage
1025 3940 33 21 for
1073 3947 12 14 a
1095 3941 46 26 ship
1155 3942 19 22 is
1185 3946 22 19 to
1221 3945 27 21 be

656 3962 2 25 !
661 3961 75 23 found.

1312 961 24 24 It
1349 962 71 23 would
1432 963 29 23 be
1475 972 12 14 a
1500 969 68 18 waste
1587 965 25 23 of
1630 966 54 22 time
1698 970 22 18 to
1736 966 95 30 proceed
1846 970 22 19 to

1276 1002 70 24 prove
1359 995 48 24 that
1424 996 38 23 the
1475 997 96 24 absence
1585 998 24 23 of
1622 999 79 22 inland
1714 1000 154 22 communica-

1277 1029 47 22 tion
1350 1029 21 23 is
1394 1037 41 16 one
1460 1030 24 23 of
1506 1031 38 23 the
1568 1031 62 23 chief
1651 1039 79 15 causes
1750 1033 119 30 operating

1276 1063 91 30 against
1375 1063 37 23 the
1419 1063 65 30 rapid
1501 1063 158 32 development
1674 1065 24 22 of
1704 1065 36 23 the
1751 1073 116 16 resources

1277 1095 25 23 of
1312 1096 46 23 this
1371 1096 73 23 fertile
1457 1096 64 24 land.
1559 1098 75 23 There
1647 1106 37 15 are
1696 1099 172 31 unfortunately

1277 1133 37 19 too
1326 1136 67 24 many
1406 1129 49 23 who
1472 1130 59 24 have
1552 1132 106 28 sections,
1679 1136 22 18 to
1718 1132 73 23 which
1813 1132 54 32 they

1276 1162 75 23 would
1373 1162 108 32 willingly
1492 1169 74 18 resort
1586 1164 55 23 with
1662 1164 38 24 the
1721 1173 98 23 purpose
1841 1166 26 23 of

1277 1197 126 30 occupying
1415 1197 43 22 and
1470 1198 131 30 improving
1617 1198 71 28 them,
1701 1203 22 18 to
1740 1199 66 23 make
1820 1200 46 22 this

1277 1229 52 23 task
1343 1235 128 25 necessary.
1509 1230 51 24 The
1571 1232 105 22 remarks
1686 1239 32 16 we
1730 1232 54 23 hear
1796 1233 69 30 daily,

1277 1270 79 16 assure
1376 1271 26 15 us
1415 1263 48 23 that
1476 1263 38 24 the
1533 1264 45 23 fact
1596 1266 19 21 is
1629 1265 116 29 admitted,
1758 1265 44 24 and
1817 1267 49 22 that

1276 1296 19 23 it
1312 1296 104 24 becomes
1436 1305 40 15 our
1490 1298 113 29 business,
1616 1299 20 23 if
1654 1307 32 14 we
1699 1299 56 23 have
1768 1307 42 22 any
1824 1300 41 23 ob-

1276 1331 125 21 servations
1421 1334 22 18 to
1464 1331 64 28 offer,
1552 1336 21 18 to
1595 1331 93 24 address
1707 1334 114 22 ourselves
1841 1338 23 18 to

1277 1363 38 23 the
1325 1364 165 23 consideration
1505 1364 25 23 of
1540 1365 36 23 the
1587 1366 92 30 remedy
1689 1366 34 23 for
1734 1366 38 23 the
1785 1367 53 23 evil.

1311 1396 50 24 The
1374 1397 88 23 settlers
1479 1397 128 31 purchased
1620 1399 58 23 their
1690 1399 52 23 land
1754 1400 57 23 from
1825 1400 39 23 the

1279 1429 120 31 Company
1417 1430 55 23 with
1485 1436 44 18 two
1545 1432 132 28 conditions,
1691 1434 90 29 namely
1782 1446 33 3 —
1817 1434 50 22 that

1276 1464 18 21 it
1307 1463 80 23 should
1400 1463 25 23 be
1437 1465 119 29 surveyed,
1567 1465 44 23 and
1623 1465 49 23 that
1684 1474 13 14 a
1712 1467 85 22 certain
1809 1475 56 21 pro-

1276 1497 89 30 portion
1379 1497 24 22 of
1417 1496 38 23 the
1467 1498 63 30 price
1542 1498 50 31 paid
1601 1498 87 25 .should
1706 1500 28 22 be
1747 1500 117 30 expeuded

1276 1538 61 22 upon
1347 1531 134 30 emigration
1491 1535 23 18 to
1523 1530 36 24 the
1571 1531 100 31 locality.
1707 1532 43 23 We
1759 1533 106 23 assumed

1276 1563 57 28 that,
1354 1564 52 22 with
1425 1564 45 23 this
1490 1571 167 24 arrangement,
1670 1566 30 22 all
1723 1566 50 23 that
1790 1566 74 23 would

1276 1597 28 22 be
1324 1596 103 31 required
1445 1597 46 23 had
1510 1598 56 24 been
1585 1599 101 28 secured,
1707 1599 93 31 though,
1820 1600 45 23 had

1277 1637 31 16 we
1322 1630 53 23 read
1396 1631 36 22 the
1446 1632 90 23 various
1549 1632 74 23 works
1641 1641 28 15 on
1688 1634 57 22 New
1763 1634 103 22 Zealand

1277 1663 52 23 with
1343 1671 57 20 care,
1415 1664 38 23 the
1470 1665 57 30 hilly
1540 1665 115 24 character
1675 1667 25 22 of
1717 1667 39 23 the
1770 1672 95 26 country

1277 1697 83 22 should
1372 1697 56 23 have
1437 1699 123 30 suggested
1569 1699 37 23 the
1617 1701 111 30 necessity
1737 1701 24 22 of
1770 1701 97 30 making

1277 1738 63 15 some
1359 1731 114 30 provision
1494 1732 35 23 for
1552 1733 73 23 roads.
1663 1733 47 23 But
1734 1734 71 23 either
1826 1734 39 23 the

1277 1764 124 30 important
1420 1764 90 31 subject
1531 1766 94 31 escaped
1644 1775 40 14 our
1703 1768 118 28 attention,
1840 1775 27 15 or

1276 1805 33 15 we
1322 1804 57 16 were
1396 1797 122 32 labouring
1530 1800 71 22 under
1615 1799 37 23 the
1664 1801 136 31 impression
1817 1801 50 23 that

1277 1838 33 15 we
1323 1835 36 18 too
1371 1831 82 23 should
1464 1832 29 23 be
1506 1832 101 30 enabled,
1622 1841 24 15 as
1658 1834 24 22 iv
1700 1834 127 29 Australia,
1841 1839 24 19 to

1277 1863 63 23 drive
1354 1864 97 31 through
1469 1866 31 22 all
1513 1870 61 26 parts
1587 1867 26 22 of
1632 1867 37 23 the
1682 1867 66 29 bush,
1763 1876 24 15 or
1806 1868 58 28 that,

1277 1897 50 23 like
1347 1898 115 28 America,
1483 1899 57 23 New
1560 1900 100 23 Zealand
1678 1901 73 23 would
1773 1907 94 25 present

1278 1931 56 23 such
1347 1931 143 24 remarkable
1502 1940 78 16 means
1592 1934 26 22 of
1632 1938 68 19 water
1712 1936 154 23 communica-

1278 1966 55 26 tion,
1349 1964 47 23 that
1406 1966 66 22 roads
1486 1966 73 23 would
1571 1972 40 18 not
1622 1968 68 22 much
1703 1968 28 22 be
1742 1969 93 23 needed.

1313 1997 23 23 It
1349 1999 17 21 is
1376 1998 61 24 alike
1449 1999 70 30 plain,
1535 2000 47 23 that
1596 2008 31 15 we
1640 2001 56 22 have
1708 2001 57 23 been
1777 2003 90 29 greatly

1279 2032 22 19 in
1316 2037 31 14 en
1352 2039 32 18 or,
1398 2032 43 20 and
1455 2032 57 26 that,
1525 2034 24 19 in
1561 2033 36 21 the
1618 2035 62 27 price
1691 2035 52 28 paid
1757 2035 32 21 for
1802 2036 62 26 land,

1278 2069 32 15 we
1330 2062 36 22 did
1387 2067 38 17 not
1444 2063 91 23 furnish
1556 2064 38 23 the
1614 2065 117 31 Company
1749 2067 54 22 with
1822 2076 45 22 any

1277 2095 57 22 fund
1352 2095 35 23 for
1398 2096 54 23 road
1472 2097 101 31 making,
1587 2098 66 23 while
1672 2099 47 23 that
1739 2102 90 28 portion
1844 2101 25 22 of

1279 2128 38 23 the
1336 2130 60 29 price
1415 2130 97 22 devoted
1531 2136 21 17 to
1574 2132 154 30 immigration
1746 2133 40 23 has
1805 2135 58 22 been

1278 2162 117 30 expended
1411 2164 23 21 in
1455 2162 37 24 the
1512 2171 93 16 manner
1625 2166 81 30 agreed
1724 2175 60 22 upon
1786 2180 33 3 —
1821 2167 45 23 and

1279 2194 64 24 there
1356 2203 40 15 can
1408 2196 29 22 be
1449 2204 29 14 no
1492 2199 102 28 question
1609 2199 38 23 the
1659 2207 81 23 survey
1753 2200 56 23 fund
1822 2201 46 22 will

1279 2232 39 19 not
1326 2229 61 22 leave
1399 2237 14 14 a
1424 2229 95 24 balance
1528 2230 71 24 which
1611 2239 51 24 may
1670 2233 28 24 be
1706 2234 159 31 appropriated

1278 2263 25 21 in
1316 2262 44 23 this
1372 2270 104 16 manner.

1314 2295 50 23 The
1382 2296 119 32 Company
1518 2298 74 23 obtain
1613 2298 58 24 their
1685 2300 54 23 land
1750 2300 59 24 from
1829 2301 38 23 the

1280 2328 156 24 Government
1456 2330 94 24 without
1573 2340 45 23 any
1637 2333 113 30 provision
1776 2343 28 14 on
1829 2335 39 22 the

1279 2362 89 31 subject
1385 2363 24 22 of
1425 2364 99 23 internal
1536 2366 197 24 communication.
1777 2368 90 23 Never-

1279 2395 92 30 theless,
1383 2396 67 23 roads
1462 2404 34 16 we
1509 2403 60 18 must
1580 2398 65 30 have,
1659 2400 43 23 and
1715 2400 37 24 the
1762 2401 66 24 mode
1842 2402 25 22 of

1279 2430 117 30 obtaining
1408 2430 38 23 the
1458 2439 78 15 means
1549 2437 62 18 must
1623 2432 27 24 be
1663 2434 117 31 arranged.
1824 2435 45 23 We

1279 2462 29 23 do
1319 2468 40 18 not
1369 2464 45 22 feel
1428 2471 32 16 we
1472 2464 57 24 have
1540 2472 44 24 any
1594 2465 66 25 claim
1671 2474 27 16 on
1712 2467 38 23 the
1763 2469 105 22 Govern-

1280 2501 61 18 ment
1359 2502 23 18 at
1404 2502 103 26 present,
1529 2507 23 14 as
1571 2500 24 21 in.
1617 2501 121 30 arranging
1758 2502 54 22 with
1831 2502 37 23 the

1281 2530 116 31 Company
1425 2538 29 16 no
1485 2531 67 23 funds
1582 2532 57 24 have
1669 2533 55 24 been
1749 2535 115 24 obtained.

1279 2563 66 24 Even
1360 2564 19 23 if
1394 2571 33 16 we
1439 2564 54 28 had,
1505 2564 111 30 however,
1629 2567 18 22 it
1663 2568 74 23 would
1748 2568 27 23 be
1787 2568 46 24 idle
1847 2574 22 18 to

1280 2601 79 26 expect
1369 2597 72 28 relief,
1460 2597 36 24 for
1507 2598 29 23 its
1548 2599 202 25 embarrassments
1763 2603 106 29 preclude

1279 2630 18 23 it
1306 2630 57 23 from
1373 2631 108 31 granting
1493 2631 37 23 aid
1539 2632 82 23 should
1629 2634 19 21 it
1659 2634 27 23 be
1698 2634 94 31 willing.

1313 2663 43 23 We
1375 2672 52 22 may
1444 2664 127 24 endeavour
1583 2671 23 18 to
1619 2666 75 24 obtain
1710 2667 37 24 the
1757 2668 69 23 funds
1837 2669 32 31 by

1279 2697 91 31 general
1382 2703 153 24 assessment;
1548 2699 30 30 by
1592 2699 128 32 borrowing
1731 2709 79 16 means
1820 2703 45 23 and

1280 2730 68 31 using
1369 2731 37 23 the
1427 2735 63 19 rates
1502 2736 21 18 to
1543 2740 45 23 pay
1606 2733 94 24 interest
1721 2735 100 30 thereon,
1844 2744 25 16 or

1280 2771 32 16 we
1327 2771 50 24 may
1390 2765 44 22 call
1445 2772 63 23 upon
1528 2765 37 24 the
1579 2766 118 33 Company
1709 2773 23 18 to
1749 2769 68 24 make
1827 2770 38 24 the

1279 2797 75 23 roads.

1314 2830 38 23 An
1371 2836 139 19 assessment
1529 2832 35 24 for
1585 2834 96 31 making
1696 2835 66 23 roads
1776 2844 33 15 we
1821 2836 48 24 fear

1279 2864 73 23 would
1366 2865 38 23 fall
1415 2870 38 18 too
1466 2867 100 30 aeverely
1578 2875 32 15 on
1629 2868 37 23 the
1685 2869 116 29 colonists,
1825 2871 44 23 and

1279 2898 24 22 in
1316 2898 29 22 all
1356 2898 139 32 probability
1507 2907 66 16 cause
1585 2909 14 14 a
1610 2905 64 27 great
1694 2902 50 24 deal
1765 2904 25 22 of
1812 2904 57 23 land

1279 2935 23 19 to
1314 2932 28 22 be
1353 2932 99 31 brought
1464 2938 23 18 to
1498 2933 54 29 sale,
1563 2934 92 31 leading
1667 2940 21 18 to
1704 2944 13 15 a
1736 2936 89 24 decline
1844 2938 25 23 in

1279 2965 61 30 price
1351 2965 71 24 below
1436 2966 37 23 the
1487 2967 96 30 original
1595 2973 56 23 cost,
1669 2968 73 25 which
1754 2970 75 24 would
1841 2972 28 22 be

1279 2998 61 24 alike
1352 2998 144 25 detrimental
1505 3005 22 18 to
1541 3000 39 24 the
1598 3001 90 24 holders
1710 3003 26 22 of
1749 3003 54 24 land
1823 3005 45 22 and

1279 3031 38 23 the
1330 3032 126 32 Company,
1469 3033 50 23 who
1538 3034 74 31 might
1629 3035 29 24 be
1674 3036 123 31 precluded
1808 3037 60 25 from

1279 3064 82 31 selling
1382 3065 55 24 land
1460 3067 35 23 for
1517 3075 63 15 some
1603 3076 73 23 years,
1701 3069 73 24 which
1794 3071 74 24 would

1279 3106 75 23 cramp
1368 3099 57 24 their
1437 3102 129 28 operations
1579 3102 44 23 and
1636 3102 91 31 destroy
1736 3104 37 23 the
1782 3108 85 20 stream

1279 3132 24 22 of
1326 3132 164 32 immigration.
1536 3134 26 24 If
1586 3135 90 31 obliged
1700 3141 22 18 to
1746 3142 74 19 resort
1844 3143 23 19 to

1278 3171 146 25 assessment,
1437 3175 33 16 we
1484 3167 82 24 should
1578 3168 111 24 therefore
1702 3170 28 23 be
1747 3171 24 23 in
1785 3172 83 24 favour

1278 3198 25 24 of
1319 3199 66 32 using
1397 3201 25 28 it,
1437 3200 37 24 for
1487 3201 36 23 the
1538 3209 100 24 purpose
1650 3203 26 23 of
1684 3204 87 32 merely
1781 3206 87 31 paying

1278 3229 38 26 the
1328 3233 94 23 interest
1436 3241 30 16 on
1484 3234 37 23 the
1540 3235 55 24 road
1612 3236 57 24 fund
1686 3237 106 25 obtained
1804 3247 63 23 upon

1277 3265 39 23 the
1329 3271 98 26 security
1439 3267 25 23 of
1481 3267 36 23 the
1531 3268 63 24 land.

1312 3298 23 24 It
1343 3299 105 24 becomes
1456 3308 14 15 a
1483 3302 102 30 question
1599 3303 100 23 whether
1707 3311 33 17 we
1752 3305 58 24 have
1822 3314 45 23 any

1277 3332 66 23 claim
1356 3340 60 23 upon
1429 3333 38 24 the
1481 3334 118 32 Company
1608 3345 6 20 ;
1636 3337 43 23 and
1691 3337 96 31 further,
1798 3339 21 23 if
1834 3347 32 16 we

1277 3365 56 23 have
1345 3373 28 16 no
1385 3366 75 29 claim,
1474 3368 99 24 whether
1585 3370 18 22 it
1613 3370 66 23 could
1693 3376 40 19 not
1745 3372 26 23 be
1787 3372 79 24 shown

1277 3403 21 18 to
1312 3398 27 24 be
1351 3400 58 23 their
1422 3400 95 24 interest
1529 3406 21 19 to
1564 3403 126 24 undertake
1698 3404 42 27 ,the
1759 3405 107 24 business

1277 3431 25 23 of
1327 3433 54 22 road
1403 3433 98 32 making
1524 3435 98 32 through
1645 3436 30 24 all
1698 3438 39 22 the
1754 3439 112 23 available

1276 3465 104 32 territory
1392 3466 54 31 they
1458 3467 57 23 have
1526 3469 50 23 sold
1590 3478 24 15 or
1625 3469 56 24 have
1701 3471 34 22 for
1754 3471 109 31 disposal.

1310 3498 36 31 By
1368 3499 39 24 the
1430 3506 172 25 arrangements
1623 3504 65 23 made
1709 3504 101 24 between
1827 3505 38 24 the

1277 3531 164 31 Government,
1450 3534 45 23 and
1503 3535 37 23 the
1549 3535 118 32 Company
1676 3536 52 31 they
1737 3545 36 15 are
1787 3538 78 24 allow-

1276 3565 27 22 ed
1315 3565 49 23 four
1382 3573 64 16 acres
1466 3567 25 22 of
1503 3567 54 24 land
1576 3568 35 24 for
1628 3577 67 23 every
1713 3570 77 31 pound
1811 3572 54 32 they

1276 3598 57 23 shall
1345 3599 56 23 have
1415 3600 118 30 expended
1543 3601 25 23 in
1580 3603 125 23 connexion
1726 3603 56 24 with
1802 3606 62 23 colo-

1276 3631 76 31 nizing
1364 3632 58 24 New
1435 3633 101 24 Zealand
1546 3635 64 31 prior
1621 3640 23 18 t^
1663 3643 13 16 a
1697 3638 85 22 certain
1803 3638 60 24 date.

1276 3664 57 24 This
1352 3665 74 25 award
1448 3667 90 23 entitles
1558 3668 38 24 the
1612 3669 118 32 Company
1742 3675 22 19 to
1776 3673 89 23 receive

1276 3698 66 23 about
1361 3700 111 28 900,000
1491 3708 70 17 acres.
1610 3702 34 24 At
1662 3703 36 24 the
1717 3704 50 24 date
1778 3705 26 23 of
1818 3706 46 23 this

1276 3737 135 25 agreement,
1437 3734 39 23 the
1498 3734 138 33 Company's
1658 3737 53 30 paid
1730 3746 31 23 up
1782 3739 83 31 capital

1276 3766 120 23 amounted
1416 3770 23 20 to
1463 3768 140 30 £100,000.
1657 3770 50 23 The
1731 3772 75 22 award
1836 3780 29 15 on

1276 3803 93 19 account
1382 3799 24 23 of
1422 3800 39 23 the
1473 3801 76 32 outlay
1560 3802 27 24 of
1602 3802 58 24 their
1675 3803 76 31 funds,
1773 3812 91 16 assum-

1276 3831 39 31 ing
1326 3832 37 23 the
1373 3832 73 24 whole
1458 3840 92 19 amount
1564 3840 23 18 to
1597 3836 58 23 have
1667 3836 57 24 been
1736 3837 127 31 expended,

1275 3865 20 22 is
1310 3866 108 28 400,000
1437 3874 72 18 acres.
1545 3868 52 24 The
1608 3871 127 30 remaining
1754 3872 110 27 500,000

1276 3905 62 16 acres
1354 3903 62 19 must
1435 3899 111 26 therefore
1563 3901 57 24 hdve
1642 3902 58 24 been
1722 3903 98 31 granted
1839 3904 25 24 in

1276 3932 164 24 consideration
1458 3933 26 23 of
1503 3935 88 23 monies
1612 3935 51 31 paid
1686 3936 37 23 the
1743 3936 121 33 Company

1275 3964 35 26 for
1318 3965 54 25 land
1385 3966 30 32 by
1428 3966 38 24 the
1478 3967 117 25 colonists.
1642 3968 42 24 We
1695 3976 106 24 presume
1815 3970 52 28 that.

597 54 98 46 Cfte
719 52 120 42 ttfeto
864 51 212 42 JEcalaufc
1102 49 190 41 <&mtttc
1318 49 93 39 antr
1436 47 303 47 CBtMngton
1762 44 257 50 &pcctatot\

721 140 179 31 SHIPPING
912 137 278 27 INTELLIGENCE.

886 168 166 31 ARRIVED.

1684 131 31 24 FREIGHTS.

1279 183 99 22 London
1409 188 103 17 ......;■.■
1587 184 8 20 .'
1707 184 54 27 ";.,.'
1774 186 13 19 6
1814 186 13 19 0
1855 186 14 19 0

1280 210 58 22 New
1354 210 76 22 South
1446 211 87 25 Waives
1549 218 43 17 ai*d
1603 210 28 21 V.
1642 211 30 21 D.
1684 211 26 21 L.
1738 212 25 20 2V
1774 212 13 19 2
1815 212 12 19 0
1855 212 14 19 0

1279 237 97 22 NstsoN
1382 247 51 11 .'...•
1773 239 12 20 2
1813 238 13 20 0
1855 238 14 20 0

1279 263 125 23 Taranaki
1415 272 44 13 and
1467 265 75 21 Coast
1774 265 13 20 2
1815 266 12 19 0
1855 266 14 19 0

1280 291 131 22 Auckland
1803 291 37 20 nil.

880 252 3 6 '
905 254 115 21 SAILED.

691 288 48 21 Oct.
751 289 34 24 22,
801 288 118 25 brigantine
938 288 92 25 Success,
1048 287 27 21 82
1095 288 55 22 tons,
1168 284 83 24 Mason,

661 315 33 21 for
706 316 82 25 Cloudy
799 316 44 24 Bay
853 315 42 20 and
907 315 93 26 Sydney.

665 353 5 4 •
689 343 47 20 Oct.
748 343 35 24 26,
799 343 104 19 schooner
919 343 107 24 Industry,
1038 343 27 18 24
1084 343 55 22 tons,
1155 339 96 25 Bradley,

662 369 32 21 for
703 369 84 26 Cloudy
795 369 53 26 Bay.

689 397 48 20 Oct.
747 397 35 22 27,
792 397 104 20 schooner
908 397 62 22 Jane,
985 396 33 23 15,
1030 395 84 25 Vendy,
1125 394 35 20 for
1169 395 66 19 coast.

693 424 123 25 Brigantine
835 424 70 24 Ariel,
928 425 39 19 104
985 425 55 22 tons,
1060 421 142 24 Cruikshank,
1218 421 33 19 for

661 451 93 20 Akaroa.

1273 791 95 66 New
1399 791 221 66 Zealand
1651 791 220 66 Gazette

1319 857 68 22 AND
1402 858 218 22 WELLINGTON
1640 860 187 22 SPECTATOR.

1380 912 132 27 Saturday,
1531 913 108 22 October
1655 915 32 24 29,
1704 915 60 21 1842.

886 503 33 19 IN
936 502 86 21 PORT.

686 537 84 25 Barque
787 535 116 27 Clydeside,
914 536 41 19 256
971 538 57 21 tons,
1048 533 134 24 Mathieson,
1194 533 57 20 refit-

660 565 53 25 ting.
741 564 69 19 Waitt
818 564 42 19 and
870 562 75 27 Tyser,
952 564 89 24 Agents.

687 593 82 25 Barque
778 591 127 26 Indemnity,
914 592 43 19 450
975 595 56 19 tons,
1048 590 88 24 Adams,
1150 588 100 26 refitting.

660 620 87 26 Agents,
759 619 68 20 Waitt
837 619 42 20 and
889 619 76 26 Tyser.

687 648 108 19 Schooner
820 647 56 27 Ann,
902 648 29 19 22
955 649 57 21 tons,
1038 644 86 25 Brown,
1148 644 44 20 laid
1214 650 36 19 up.

660 675 76 26 Agent,
747 674 69 20 Waitt
826 675 41 19 and
877 673 76 28 Tyser.

686 703 109 19 Schooner
811 703 79 26 Maori,
902 705 27 19 15
944 705 55 17 ton?.
1029 701 43 19 For
1086 700 36 19 tht
1136 700 60 19 coast
1211 698 40 21 and

661 731 89 20 Nelson.

687 759 82 25 Barque
788 757 73 26 Eagle,
882 758 42 20 438
945 759 55 22 tons,
1019 755 103 26 Buckley.
1162 754 87 25 Agents,

662 786 71 20 Willis
743 785 43 21 and
797 785 37 21 Co.
865 800 3 6 ,

689 813 81 26 Barque
784 813 99 25 Amwell,'
897 813 41 19 300
953 814 55 23 tons,
1029 811 77 19 Hesse.
1135 809 76 26 Agent,
1227 809 22 20 J.

662 841 31 20 M.
704 841 86 25 Taylor.

687 868 123 25 Brigantine
823 867 105 24 Cheerful,
941 868 39 18 120
990 868 56 21 tons,
1063 866 74 19 Foster
1173 865 75 24 Agent,

663 895 106 25 Ridgway,
779 895 43 19 and
832 894 38 21 Co.

687 922 108 19 Schooner
813 920 61 26 Kate,
894 921 27 19 62
932 922 54 24 tons,
1005 920 138 20 Macfarlane.
1173 919 75 26 Agent,

660 949 25 20 T.
697 949 31 20 M.
740 949 125 19 Machattie.

687 976 50 26 Brig
747 976 78 19 Diana.
856 974 85 21 Rhodes
952 974 40 21 and
1004 974 47 25 Co.,
1063 975 89 25 Agents.

687 1004 83 26 Barque
794 1004 78 24 Bright
889 1003 84 24 Planet,
995 1002 40 20 187
1056 1004 56 24 tons,
1133 1002 114 25 Morrison,

661 1032 75 25 Agent,
750 1031 24 20 C.
787 1031 31 20 M.
831 1031 79 19 Evans.

689 1058 122 26 Brigantine
821 1058 108 24 Adelaide,
940 1058 26 20 96
976 1060 56 22 tons,
1046 1057 125 25 Hurburgh.
1190 1057 57 20 Wal-

660 1087 44 20 lace
714 1086 41 20 and
766 1086 48 24 Co.,
826 1086 88 25 Agents.

687 1114 124 26 Brigantine
830 1114 101 24 Hannah,
949 1114 25 19 90
994 1115 58 21 tons,
1070 1112 54 20 Bell.
1161 1113 86 25 Agents,

660 1140 69 21 Willis
740 1141 43 20 and
793 1141 38 20 Co.

689 1169 107 20 Schooner
813 1169 110 19 Susannah
939 1168 55 25 Ann,
1007 1168 25 20 79
1044 1169 57 23 tons,
1117 1167 130 27 Dougherty.

662 1196 75 26 Agent,
748 1196 73 21 Wade.

1374 364 43 24 TO
1441 364 335 24 CORRESPONDENTS.

1280 423 44 21 Mr.
1337 423 102 22 Golder's
1448 425 76 19 second
1532 425 63 20 letter
1609 425 39 19 has
1666 425 48 19 been
1732 424 93 21 received
1836 426 33 18 too

1308 450 49 23 late,
1368 451 26 24 by
1404 452 34 18 the
1446 452 87 24 Editor,
1544 455 21 17 to
1575 452 77 20 receive
1662 454 50 18 attei
1721 453 44 19 tion
1773 452 53 20 until
1835 452 34 20 the

1303 478 129 24 publication
1442 479 27 26 of
1475 479 36 21 the
1520 481 51 19 next
1580 480 85 20 number
1674 479 27 25 of
1706 481 35 19 the
1752 480 93 20 Gazette.

1282 505 38 20 We
1329 511 38 14 are
1376 512 60 19 sorry
1438 508 30 20 Jo
1478 508 56 20 state
1544 508 42 20 also
1596 507 48 20 that
1657 508 35 19 the
1702 507 98 21 excellent
1814 512 54 14 com-

1306 533 125 21 munication
1444 535 26 24 by
1488 534 74 25 Ceres,
1579 540 26 14 on
1618 535 36 19 the
1670 535 78 24 subject
1765 535 28 24 of
1798 534 68 24 roads,

1306 566 44 14 was
1358 566 46 14 seen
1413 561 25 25 by
1447 568 24 13 us
1481 563 24 19 at
1515 563 35 18 too
1565 562 41 20 late
1614 568 14 13 a
1633 562 77 25 period
1717 562 41 25 for
1768 562 101 20 insertion

1305 587 24 20 in
1338 588 92 25 to-day's
1434 595 76 19 paper,
1520 595 24 14 as
1553 595 30 14 we
1592 595 36 14 are
1635 590 82 25 heavily
1720 590 87 25 pressed
1816 588 52 21 with

1306 615 65 24 work,
1382 616 65 19 which
1458 616 99 20 demands
1565 617 119 20 immediate
1693 618 129 25 completion,
1832 618 36 18 but

1305 642 19 20 it
1333 643 46 19 will
1391 649 76 20 appear
1476 644 23 20 in
1514 649 39 14 our
1563 646 49 18 next
1628 645 91 20 number.
1748 644 66 21 Ceres
1824 645 46 19 will

1300 670 57 25 find,
1376 672 114 24 singularly
1508 672 87 24 enough,
1612 678 31 13 we
1662 673 51 20 have
1729 672 85 20 devoted
1830 678 39 13 our

1306 698 103 20 attention
1424 700 22 18 to
1464 700 35 19 the
1517 700 153 19 consideration
1687 700 27 25 of
1727 700 35 20 the
1775 701 93 25 question

1306 730 54 20 upon
1371 726 66 19 which
1447 727 25 19 he
1482 726 39 20 has
1531 726 110 21 addressed
1649 734 33 15 us.

63 155 13 19 ;•
113 151 22 23 ,*,
242 146 108 25 Jockey
365 144 77 21 Club.

38 181 107 49 AT'a
162 179 100 27 meeting
280 179 53 21 held
349 180 25 20 at
390 177 109 22 Barrett's
517 176 66 22 Hotel
605 183 30 15 on

115 206 178 30 .Saturday.last,
308 205 19 21 it
336 211 44 15 was
388 203 103 22 resolved
498 206 22 19 to
530 202 105 23 establish

45 242 15 15 a
70 226 85 35 Joc&fty
166 233 57 23 Club
227 240 28 15 in
263 233 53 21 Port
331 231 129 27 Nicholson,
479 230 33 21 for
531 229 36 23 the
582 237 53 20 pur-

45 268 53 19 pose
117 260 26 22 of
162 259 152 27 encouraging
331 257 78 27 racing
426 264 24 14 as
474 264 14 14 a
510 263 77 15 means
613 256 26 21 of

43 287 126 29 promoting
179 287 37 22 the
226 285 107 26 breeding
341 284 26 22 of
374 284 75 21 horses
459 284 23 21 in
491 282 42 23 this
540 283 92 25 colony;

45 315 39 21 the
92 315 112 25 following
214 312 129 27 gentlemen
353 311 57 21 have
427 310 90 26 already
532 309 102 27 signified

44 341 60 23 their
117 341 111 23 intention
239 339 27 21 of
276 338 119 27 belonging
406 340 22 18 to
439 336 37 22 the
487 343 59 15 same
555 336 49 22 viz:
607 347 28 4 —

46 376 90 22 Messrs.
153 374 98 26 Guyton,
265 371 149 26 Molesworth,
431 369 102 27 Jenkins,
547 369 85 27 Virtue,

75 402 109 23 Boulcott,
200 399 113 25 Bethune,'
332 398 96 26 Hunter,
453 397 68 26 Watt,
539 397 93 26 Barnes,

73 429 86 22 Dorset,
185 428 88 24 Suttqn,
302 425 131 25 Machattie,
459 424 70 27 Lyon,
550 423 82 26 Evans,

73 456 96 24 Revans,
180 452 79 27 Wade,
272 452 29 22 H.
313 451 90 28 Taylor,
420 451 66 26 Hort,
498 449 42 23 and
555 449 77 28 Tyser.

73 489 44 21 Mr.
128 487 77 22 James
219 486 62 21 Watt
296 492 45 15 was
357 484 85 22 elected
458 484 119 26 Honorary
594 484 40 21 Se-

45 519 93 22 cretary,
150 521 46 20 pro.
213 516 64 23 tern.;
299 512 46 22 and
359 512 128 26 gentlemen
502 510 92 26 wishing
611 514 22 17 to

43 543 92 21 become
155 540 94 27 original
270 539 113 22 Members
404 539 24 20 of
450 538 37 21 the
507 537 62 27 Club,
577 563 5 6 _
594 544 38 15 are

44 567 117 26 requested
177 571 22 17 to
213 567 102 21 intimate
336 566 37 21 the
391 572 61 14 same
468 567 24 19 to
510 564 47 21 him
576 563 23 22 in
619 571 14 14 a

44 598 87 19 written
141 593 190 23 communication
346 595 23 18 to
383 592 29 21 be
430 592 40 20 left
486 595 22 17 at
526 591 107 21 Barrett's

45 621 76 26 Hotel,
132 621 75 21 before
219 619 115 27 Saturday,
347 619 36 21 the
393 618 53 22 29th
456 619 91 25 instant,
559 618 73 21 where

45 656 13 14 a
68 647 98 27 meeting
176 647 43 21 will
229 647 28 21 be
267 646 53 22 held
330 650 23 17 at
370 653 43 13 one
428 644 93 27 o'clock,
538 649 25 17 ta
581 644 51 21 take

43 675 86 21 further
138 679 111 17 measures
260 673 46 21 into
317 672 169 22 consideration.

427 699 81 25 .James
522 698 82 26 Watt,

320 726 60 22 Hon.
391 726 118 27 Secretary
519 732 47 20 pro.
578 729 54 17 tern.

71 755 97 21 October
178 755 33 25 25,
223 755 61 21 1842.
583 780 45 7 __^

220 800 44 20 Ex

46 834 71 49 ON
134 834 78 22 SALE
226 833 30 28 by
270 832 38 22 the
324 831 151 28 undersigned
484 839 5 14 :—:
492 842 27 5 —
642 822 2 38 |

126 861 107 21 Artificial
244 860 92 26 flowers,

99 887 86 22 Muslin
197 887 92 26 dresses,
642 893 2 28 j

99 915 91 26 Saxony
200 914 93 26 dresses,
642 924 2 10 i

99 941 79 26 Prints,

98 967 69 22 Black
178 967 55 25 lace,

98 994 79 22 Babies
185 994 80 26 frocks,

98 1021 80 22 Babies
187 1021 73 26 robes,

98 1048 80 22 Babies
188 1055 59 20 caps,
642 1047 2 25 j

98 1075 87 21 Bobbin
197 1079 45 23 net,

97 1102 84 27 Diaper
191 1101 44 22 and
246 1100 91 27 dowlas,

98 1128 56 22 Mull
165 1129 89 26 muslin,

98 1156 101 22 Cambric
209 1155 90 26 muslin,

98 1183 75 21 Check
183 1183 88 26 muslin,

98 1209 95 28 Figured
204 1213 54 23 nett,

97 1237 74 21 Blond
181 1237 89 27 edging,

97 1263 59 22 Lace
167 1263 44 22 and
222 1263 88 27 edging,

98 1290 99 26 Flannel,

97 1317 80 21 Brown
188 1316 98 26 nolland,

98 1343 106 27 Marking
214 1347 84 22 cotton,

98 1370 92 28 Shawls,

98 1397 109 23 Coloured
217 1397 79 27 glazed
309 1397 76 26 calico,

96 1425 82 22 Ladies
189 1425 65 21 white
266 1428 77 17 cotton
354 1424 61 27 hose,

98 1451 81 23 Ladies
188 1451 67 21 black
266 1454 75 18 cotton
352 1451 62 26 hose,

98 1477 145 23 Unbleached
253 1478 41 22 ani
306 1478 80 27 glazed
398 1478 77 27 calico,

99 1506 75 22 Gents,
187 1505 61 21 dress
258 1505 45 21 and
314 1506 62 20 frock
388 1510 67 21 coats,

99 1533 101 21 Summer
210 1532 60 22 cloth
282 1536 61 18 coats
353 1533 43 21 and
404 1533 96 25 blouses,

98 1559 73 26 Cloth,
183 1559 57 26 drill,
252 1559 45 21 and
306 1559 110 22 moleskin
428 1563 106 22 trowsers,

98 1586 69 22 Black
179 1586 56 21 satin
247 1587 45 20 and
303 1587 99 21 valcntia
413 1586 130 26 waistcoats,

98 1613 75 22 Men's
185 1613 42 21 and
240 1613 89 26 youth's
341 1613 57 21 cloth
411 1620 59 20 caps,

99 1641 82 21 RUGS
197 1640 68 22 AND
282 1640 174 26 BLANKETS,

99 1667 75 27 Sugar,
186 1669 43 19 tea.
242 1667 76 26 coffee,
331 1667 97 26 candles,
440 1667 57 26 beef,
508 1667 44 21 and
569 1667 65 26 flour,

100 1694 52 21 And
159 1693 63 22 other
229 1694 88 21 articles
325 1698 35 17 too
369 1701 120 14 numerous
497 1697 21 18 to
525 1695 109 20 mention.

274 1728 129 21 SAMUEL
420 1736 45 13 and
482 1728 124 22 JOSEPH.

71 1754 135 27 Wellington
218 1754 85 26 House,
315 1754 49 21 Oct.
377 1756 34 25 22,
427 1756 60 20 1842.

223 1801 43 19 Ex

49 1831 65 24 QA
131 1832 79 22 TONS
225 1832 47 21 first
290 1832 58 21 fresh
364 1832 87 27 ground
469 1832 90 28 Sydney
569 1832 59 23 flour

146 1860 25 21 15
188 1860 72 21 chests
270 1858 71 28 hyson
353 1862 43 24 tea,

132 1888 41 20 100
187 1886 73 22 chests
270 1893 69 19 green
349 1889 43 23 tea,

147 1915 27 20 10
187 1912 55 28 bags
251 1913 78 25 coffee,

160 1940 13 20 5
188 1940 54 27 bags
252 1947 90 20 pepper,

366 1966 83 23 Waitt
464 1967 43 22 and
522 1968 85 22 Tysek.

74 1994 97 21 October
181 1994 33 25 25,
226 1995 61 20 1842.

45 2040 52 19 For
107 2039 69 25 Sale,
186 2040 46 19 the
250 2045 83 20 cargo
352 2040 31 20 of
395 2042 45 18 the

53 2070 16 22 1
88 2071 22 21 X
117 2070 33 22 A
179 2071 81 22 TONS
286 2072 26 20 of
332 2071 37 22 the
393 2072 49 21 best
465 2072 59 21 fresh
548 2072 88 26 ground

167 2098 87 21 Chilian
271 2098 64 27 flour,
352 2106 51 13 now
419 2098 91 27 landing
524 2099 56 21 from
600 2098 35 22 the

168 2126 103 24 Cheerful,
291 2124 70 22 direct
377 2126 56 21 from
454 2125 130 27 Valparaiso
587 2137 26 3 —
615 2130 22 17 at

46 2151 46 21 £23
101 2158 40 20 per
154 2155 44 18 ton.

363 2179 84 21 Waitt
463 2186 45 15 and
522 2180 86 22 Tyser.

75 2205 47 21 Oct.
134 2207 33 24 23,
179 2207 61 20 1842.

159 2250 96 20 Seeds!
272 2250 109 21 Seeds!!
397 2250 120 22 Seeds!!!

47 2277 88 49 FOR
150 2277 84 26 SALE,
247 2277 29 26 by
286 2277 38 21 the
334 2277 152 27 undersigned
496 2286 34 13 :—

120 2305 21 20 A
153 2304 86 21 various
254 2307 133 19 assortment
396 2304 26 22 of
435 2312 48 14 new
494 2305 70 26 seeds,
583 2312 52 14 war-

46 2331 79 21 ranted
135 2337 74 21 grown
220 2331 22 21 in
252 2331 37 21 the
301 2331 93 26 Colony.

339 2357 112 22 WilliAm
464 2358 142 22 Bannister.

101 2399 79 23 AVID
196 2399 194 27 WILKINSON,
406 2401 54 26 begs
473 2404 21 18 to
504 2402 82 21 inform
598 2401 37 22 the

127 2426 84 27 public,
232 2426 48 22 that
300 2427 27 21 he
343 2427 40 21 has
400 2434 51 14 now
468 2428 67 27 ready
545 2429 36 21 for
591 2429 44 21 sale

45 2453 72 26 plants
134 2453 26 21 of
169 2453 49 22 that
233 2453 107 22 beautiful
359 2461 48 14 new
424 2454 100 27 seedling
540 2457 97 19 mimulvs

49 2481 137 24 Wilkinsonii,
199 2480 36 22 the
247 2481 103 21 varieties
359 2482 87 25 youngii
452 2481 44 22 and
505 2483 84 21 smiihis
599 2490 36 14 are

46 2511 39 17 not
101 2511 22 17 to
141 2507 26 21 be
184 2507 120 27 compared
322 2511 19 17 to
360 2509 18 20 it
385 2516 5 19 ;
415 2509 38 21 the
476 2509 105 22 blossoms
599 2517 36 14 are

46 2538 53 18 neat
108 2534 44 22 and
162 2534 89 26 regular
266 2535 23 21 in
305 2534 64 27 form,
388 2537 45 20 and
450 2540 57 17 most
522 2537 114 26 distinctly

46 2561 91 22 marked
155 2561 54 21 with
226 2561 96 21 crimson
343 2569 28 14 on
392 2562 80 27 yellow
486 2564 95 27 ground,
600 2564 35 21 the

45 2587 85 23 flowers
141 2596 37 14 are
189 2587 116 28 produced
312 2589 21 21 in
345 2589 134 22 abundance
490 2591 46 21 and
542 2591 93 21 renders

46 2615 37 22 the
92 2615 63 28 plant
164 2622 55 20 very
228 2615 83 28 showy,
324 2615 43 22 and
385 2617 108 26 produces
509 2625 13 13 a
538 2617 98 22 brilliant

46 2649 135 21 appearance
188 2650 5 18 ;
206 2642 37 21 the
253 2643 65 27 plant
326 2643 19 21 is
355 2650 52 20 easy
417 2646 23 19 to
449 2644 108 22 increase.

73 2670 49 21 P.S.
141 2669 123 27 Flowering
273 2669 75 28 plants
356 2675 43 17 two
407 2669 101 28 shillings
518 2672 62 21 each.

76 2697 50 21 Oct.
138 2697 34 24 21,
184 2697 60 21 1842.

271 2742 54 20 For
340 2742 70 24 Sale,

47 2775 97 34 rjiWO
158 2775 119 22 well-built
291 2776 132 22 substantial
438 2776 86 28 houses,
539 2778 97 22 situated

55 2798 29 26 _L
107 2803 24 21 in
143 2809 42 15 one
197 2803 24 21 of
233 2803 38 21 the
280 2806 58 18 most
347 2803 134 22 convenient
489 2808 61 24 parts
560 2806 27 21 of
599 2806 35 21 the

47 2831 66 26 town,
131 2829 92 28 directly
240 2830 24 21 in
280 2829 39 21 the
333 2837 50 15 rear
401 2831 26 21 of
438 2831 105 22 Barrett's
560 2832 75 21 Hotel.

48 2857 48 21 One
107 2856 26 22 of
143 2855 61 23 them
220 2857 103 21 contains
337 2857 51 21 four
403 2864 80 21 rooms,
495 2858 44 22 and
554 2860 20 21 is
589 2867 46 14 now

47 2883 108 26 realizing
165 2885 44 19 10s.
220 2884 95 21 a-week.
355 2885 20 20 A
386 2884 102 22 fourteen
503 2892 64 20 years
578 2886 59 22 lease

47 2917 41 15 can
97 2910 29 22 be
133 2911 75 26 given.
246 2910 48 22 The
311 2911 88 26 ground
413 2911 19 22 is
449 2912 49 21 well
514 2913 80 22 fenced
603 2914 30 26 in,

47 2937 44 22 and
100 2944 52 20 may
162 2937 28 21 be
201 2944 52 15 seen
264 2944 29 15 on
305 2937 135 28 application
450 2942 22 18 to

418 2966 21 21 J.
451 2966 130 26 Shepherd,

338 2993 31 21 At
380 2992 90 22 Colonel
480 2993 152 23 Wakefield's.

100 3036 39 21 To
156 3036 83 21 stand
253 3038 29 19 to
299 3043 81 15 cover
400 3038 57 20 this
472 3044 109 20 season,

207 3071 31 20 At
247 3071 143 26 Berhampore
400 3072 72 27 Faim,

49 3104 92 49 THE
168 3104 50 21 well
246 3104 80 22 known
356 3105 109 27 thorough
489 3106 55 22 bred
572 3106 63 23 horse

113 3131 97 26 Figaro,
223 3131 37 21 the
270 3135 105 23 property
386 3132 25 21 of
419 3132 76 22 James
505 3133 68 25 Watt,
583 3133 51 27 Esq.

76 3162 79 27 Figaro
166 3170 43 14 was
220 3163 75 21 foaled
305 3163 22 21 in
338 3163 132 26 December,
487 3165 60 24 1837,
557 3168 40 24 got
607 3165 29 27 by

49 3190 116 27 Operator,
178 3189 51 22 dam
244 3190 107 22 Adelaide
360 3190 32 25 by
402 3191 102 22 Teorum.

76 3217 112 27 Operator
196 3224 44 14 was
252 3217 74 21 foaled
336 3217 23 21 in
374 3218 60 25 1832,
446 3222 39 22 got
494 3218 30 30 by
534 3218 100 28 Emilius,

49 3243 50 22 dam
110 3242 123 23 Worthless
242 3244 31 27 by
285 3243 97 27 Walton,
394 3246 39 20 out
442 3244 25 22 of
475 3244 122 23 Altisidora
607 3246 30 27 by

49 3270 59 22 Dick
119 3270 116 22 Andrews.

76 3302 73 27 Every
157 3302 108 22 attention
275 3302 44 22 will
334 3302 28 23 be
378 3302 53 28 paid
441 3306 21 19 to
472 3310 73 15 mares
554 3307 51 19 sent
614 3307 22 20 to

47 3327 55 24 him.

77 3355 104 27 Charges,
208 3356 54 22 with
285 3359 129 24 guarantee,
439 3363 67 16 seven
529 3357 92 27 guineas
629 3366 5 20 ;

49 3382 92 22 without
157 3386 129 24 guarantee,
305 3383 43 22 five
364 3383 99 27 guineas,
475 3391 74 19 groom
554 3392 40 20 age
604 3386 30 21 in-

49 3408 88 23 cluded.

73 3436 147 26 Wellington,
232 3436 97 22 October
338 3438 35 26 25,
385 3438 60 21 1832.

49 3480 38 21 To
103 3480 169 25 Merchants,
289 3481 111 26 general
423 3481 212 28 Store-keepers,

320 3508 46 20 &c.

50 3537 50 52 A
115 3540 221 24 RESPECTABLE
350 3540 111 23 YOUNG
478 3542 72 23 MAN
561 3551 75 16 accus-

129 3567 75 22 tomed
214 3570 22 19 to
246 3567 38 22 the
294 3568 92 26 general
395 3572 59 18 store
464 3569 109 29 business,
585 3571 17 22 is
613 3572 22 21 in

49 3598 62 17 want
126 3594 25 21 of
162 3601 14 14 a
190 3594 106 22 situation
310 3602 24 14 as
352 3596 104 21 assistant
472 3603 25 14 or
512 3596 61 23 clerk
587 3598 22 21 in
623 3606 13 14 a

49 3620 135 32 merchants'
193 3621 129 22 warehouse
340 3629 24 14 or
379 3622 89 26 general
478 3627 64 18 store.
573 3624 36 22 He
618 3625 18 22 is

51 3647 97 22 desirous
159 3648 26 21 of
195 3648 87 28 getting
298 3648 150 28 employment
462 3649 74 23 where
550 3650 30 23 he
596 3659 39 14 can

49 3673 99 27 improve
157 3673 93 24 himself
261 3676 25 21 iv
301 3675 131 22 mercantile
448 3676 79 28 affairs,
540 3678 44 21 and
593 3678 43 22 will

49 3699 50 27 give
110 3700 33 23 his
152 3702 95 22 services
263 3702 35 21 for
312 3709 14 15 a
342 3709 54 20 very
406 3702 112 23 moderate
534 3711 101 16 remune-

52 3727 82 22 ration.

78 3754 201 28 Mostrespectable
286 3756 125 21 references
421 3762 41 15 can
471 3756 29 21 be
510 3756 75 29 given,
592 3759 43 22 and
642 3754 2 33 J

51 3778 95 28 security
156 3781 20 20 if
186 3782 112 26 required.
642 3782 2 12 '

79 3807 74 26 Apply
165 3809 25 20 to.
197 3808 45 22 Mr.
253 3809 55 26 Roe,
320 3812 24 19 at
353 3809 39 22 the
404 3810 85 21 Gazette
503 3810 78 23 Office.

50 3832 144 27 Wellington,
207 3834 95 23 October
312 3837 33 25 11,
357 3837 62 20 1842.
642 3832 2 19 !

100 3876 92 23 LANR
213 3878 139 24 PRINTED
375 3880 210 30 INDENTURES,
606 3891 27 15 on
642 3859 2 49 !

126 3911 69 21 paper
214 3904 46 23 and
279 3906 139 28 parchment,
438 3908 33 22 for
488 3909 45 22 sale
535 3909 3 7 1
554 3913 22 19 at
599 3911 36 22 the

72 3931 95 22 Gaiette
198 3931 79 22 Office.

77 3957 141 30 October^,
232 3958 59 23 1842.
