2510 4039
1850 130 116 16 .SUMMARY
1978 131 26 13 Or
2015 130 125 15 ESTIMATES
2150 130 25 14 OF
2186 131 157 17 EXPENDITURE
2354 133 26 14 OF
2393 132 47 15 T.HE

1883 157 112 14 COLONIAL
2012 157 154 15 GOVERNMENT
2182 157 26 14 OF
2222 158 73 14 SOUTII
2311 158 129 16 AUSTRALIA

1884 184 44 14 VOX,
1937 183 46 15 THE
1994 184 59 14 YEAR
2064 177 60 21 1843.

1870 205 41 19 No.
1917 210 4 4 ■
2027 224 3 5 ,
2102 224 5 4 „
2113 224 2 4 ,
2286 205 91 19 Salaries
2385 205 43 20 and

1855 232 111 18 Estimate.
2072 231 100 21 Services.
2251 252 4 3 .
2280 231 160 26 Contingencies.

1870 259 18 20 1.
1906 257 117 22 Governor
2037 257 45 21 and
2098 257 73 28 Judge
2199 273 19 5 ..
2228 252 131 33 .'.'..£1,800
2387 260 13 20 0
2427 261 15 18 0

2013 290 60 15 CIVIL
2085 291 194 16 ESTABLISHMENT.

1868 313 21 20 2.
1905 310 174 23 Establishment
2101 311 25 21 of
2147 311 33 21 his
2199 309 79 23 Excel-

1938 337 64 26 lency
2020 338 36 21 the
2074 338 115 21 Governor
2319 339 41 20 300
2387 340 13 20 0
2428 339 15 20 0

1868 366 20 20 3.
1905 364 93 22 Council
2009 365 25 20 of
2042 364 155 22 Government
2318 365 41 20 200
2387 367 12 19 0
2428 366 15 20 0

1868 394 20 19 4.
1905 391 99 22 Colonial
2016 391 134 26 Secretary's
2161 391 91 27 Depart.
2262 406 17 5 ..
2298 391 62 26 1,130
2387 393 14 19 0
2429 393 15 19 0

1868 419 21 21 5.
1906 417 101 22 Colonial
2018 417 137 22 Treasurer's
2166 418 82 27 Depart
2262 433 4 5 .
2274 432 6 6 .
2321 419 39 20 900
2388 420 13 19 0
2429 420 15 19 0

1868 447 21 19 6.
1905 444 98 22 Auditor
2011 445 115 21 General's
2136 445 86 26 Depart
2320 446 41 20 380
2388 447 13 19 0
2429 446 15 19 0

1870 471 19 22 7.
1905 471 111 21 Customs'
2032 471 145 26 Department
2298 472 63 25 2,050
2389 473 13 19 0
2416 476 11 8 v
2451 471 24 26 0

1869 499 20 20 8.
1905 499 87 25 Survey
2001 498 145 26 Department
2298 499 60 25 2,821
2389 499 13 19 0
2430 499 15 19 0

1846 523 2 14 !
1872 527 19 19 9.
1909 525 101 21 Colonial
2020 524 130 26 Engineer's
2161 525 83 27 Depart
2262 540 3 5 .
2274 540 5 5 .
2321 527 40 19 990
2389 527 13 19 0
2430 525 15 20 0

1858 553 32 19 10.
1907 551 55 21 Post
1972 551 78 21 Olliice
2060 551 144 26 Department
2300 552 61 25 1,072
2389 553 14 19 0
2430 553 15 19 0

1858 579 32 19 11.
1907 577 137 26 Emigration
2056 577 147 26 Department
2319 579 41 20 390
2388 580 13 19 0
2429 579 15 19 0

1859 605 25 20 12
1907 603 98 22 Colonial
2017 605 61 20 Store
2088 604 148 26 Department
2246 620 21 6 ..
2276 619 5 5 .
2321 605 41 21 390
2389 607 13 19 0
2430 606 15 19 0

1860 633 31 19 13.
1910 630 97 22 Medical
2019 631 149 26 Department
2321 632 38 20 325
2389 633 13 19 6
2430 632 14 20 8

1859 659 32 19 14.
1908 657 104 21 Harbour
2023 655 146 29 Department
2322 658 38 20 925
2389 660 14 18 0
2430 659 15 19 0

1860 685 31 19 15.
1908 684 75 20 Police
1995 684 148 26 Department
2300 685 61 25 8,298
2389 685 14 19 4
2431 685 15 19 6

1860 712 31 20 16.
1909 710 113 21 Protector
2028 710 23 21 of
2055 710 132 27 Aborigines
2193 711 93 26 Depart-

1941 739 63 18 ment
2324 738 39 20 875
2390 739 14 19 0
2432 739 14 18 0

1860 764 32 20 17.
1908 763 171 21 Commissioner
2088 764 26 20 of
2123 763 78 21 Public
2215 764 71 20 Lands
2323 765 41 19 300
2391 766 13 18 0
2432 765 15 18 0

1860 791 32 20 18.
1908 790 54 21 Port
1972 790 95 21 Lincoln
2323 791 41 20 420
2392 792 12 19 0
2432 791 15 19 0

2111 824 112 14 JUDICIAL.

1860 844 32 20 19.
1908 844 108 25 Supreme
2027 844 68 20 Court
2324 844 41 20 552
2392 845 14 19 0
2434 844 15 20 0

1859 871 33 20 20.
1908 870 53 21 Law
1973 870 92 21 Oflicers
2324 870 40 22 740
2392 872 12 20 0
2432 871 16 20 0

1858 897 34 20 21.
1909 896 114 27 Registrar
2032 896 117 22 General's
2161 896 89 22 Officers
2264 912 18 5 ..
2323 898 41 20 800
2392 899 13 19 0
2432 898 16 19 0

1858 925 33 19 22.
1908 923 89 21 Sheriff.
2323 925 41 20 230
2392 926 12 20 0
2432 925 16 19 0

1859 952 33 19 23.
1908 950 110 21 Resident
2033 950 150 26 Magistrate's
2194 951 89 20 Court..
2324 952 40 20 892
2392 953 12 19 0
2433 953 15 18 0

1860 979 32 19 2\.
1910 977 106 21 Resident
2023 978 137 26 Magistrate,
2168 977 120 21 Moolunde
2324 979 41 19 320
2393 979 13 19 0
2434 979 15 19 0

1859 1005 33 19 23.
1908 1004 98 21 Coroner
2326 1005 38 20 150
2393 1006 13 19 0
2434 1005 14 19 0

1858 1031 34 21 26.
1908 1030 67 21 Clerk
1987 1034 21 17 to
2023 1031 75 21 Bench
2109 1031 24 21 of
2146 1030 142 26 Magistrates
2326 1031 38 21 120
2392 1033 13 18 0
2433 1032 15 19 0

1860 1058 32 20 27.
1909 1057 58 21 Gaol
2325 1059 39 19 829
2394 1059 12 19 0
2434 1058 15 19 0

1860 1085 33 20 2S.
1910 1083 103 22 Colonial
2020 1084 106 26 Chaplain
2326 1084 41 21 370
2395 1085 12 20 0
2436 1085 14 18 0

1861 1111 32 20 29.
1910 1110 175 22 Miscellaneous
2303 1111 62 24 5,523
2394 1110 11 21 5
2435 1110 15 19 4

2271 1164 97 26 £34,053
2397 1166 9 19 1
2425 1165 26 20 10

1895 1199 65 24 New
1980 1199 134 22 Zealand.
2117 1211 33 3 —
2152 1198 24 23 It
2195 1207 49 21 may
2263 1198 28 23 be
2312 1198 137 30 interesting

1863 1238 21 17 to
1897 1240 62 15 some
1973 1233 25 21 of
2016 1240 40 14 our
2070 1232 90 22 readers
2180 1237 21 17 to
2224 1236 99 18 contrast
2340 1232 37 22 the
2390 1232 56 22 esti-

1862 1272 73 17 mates
1948 1266 25 22 of
1985 1266 37 21 the
2042 1272 111 22 expences
2173 1265 24 22 of
2218 1265 35 23 the
2272 1265 57 22 New
2349 1264 101 23 Zealand

1863 1299 164 26 Government,
2042 1298 53 22 with
2106 1298 48 22 that
2164 1298 25 22 of
2199 1298 71 22 South
2284 1298 117 23 Australia
2413 1298 37 22 for

1863 1332 37 23 the
1914 1338 92 17 current
2018 1339 61 23 year.
2116 1332 51 22 The
2180 1331 155 23 Government
2352 1339 61 15 seem
2427 1336 23 17 to

1863 1366 27 23 he
1910 1365 149 29 distributing
2079 1365 36 22 the
2135 1365 99 22 finances
2253 1369 104 26 amongst
2373 1365 77 22 them-

1863 1399 74 23 selves
1951 1404 22 17 to
1987 1407 14 14 a
2020 1402 75 26 pretty
2107 1399 58 29 good
2185 1402 58 24 tune,
2260 1398 50 27 and,
2327 1398 46 23 like
2385 1405 65 20 ours,

1865 1437 20 18 to
1899 1433 59 22 have
1972 1432 58 22 their
2043 1439 49 14 own
2106 1439 48 22 was.y
2155 1443 33 4 —

2329 1461 17 18 £
2396 1467 14 11 s.
2433 1462 18 15 d.

1866 1487 17 18 1.
1900 1485 118 21 Governor
2029 1483 44 21 and
2085 1482 74 26 Judge
2316 1484 53 20 2200
2397 1485 13 19 0
2439 1484 13 19 0

1864 1513 19 19 2.
1900 1511 56 21 Civil
1968 1510 176 22 Establishment
2294 1510 75 25 19,644
2385 1510 25 21 17
2439 1511 12 19 1

1865 1541 18 18 3.
1900 1539 83 25 Survey
1996 1538 149 26 Department
2316 1538 54 19 8869
2386 1538 26 19 14
2439 1537 14 20 2

1865 1567 19 19 4.
1900 1565 149 27 Department
2066 1564 25 21 of
2106 1563 79 21 Public
2201 1562 78 22 Works

1948 1591 45 22 and
2006 1590 115 26 Buildings
2317 1590 54 21 5226
2399 1591 12 20 5
2440 1592 14 18 0

1865 1621 19 19 5.
1902 1618 98 21 Judicial
2012 1618 147 26 Department
2317 1618 54 20 3576
2398 1619 13 19 0
2439 1618 15 19 0

1865 1647 19 19 G.
1902 1646 147 26 Department
2061 1644 25 21 of
2094 1644 74 21 Police
2178 1643 42 21 and
2232 1643 66 22 Gaols
2318 1645 53 20 8114
2399 1646 12 19 2
2440 1644 13 19 5

1866 1674 18 20 7.
1901 1671 163 22 Ecclesiastical
2328 1672 40 19 550
2396 1672 13 19 0
2437 1673 15 18 O

1867 1701 18 20 8.
1902 1698 174 22 Miscellaneous
2319 1697 53 22 7000
2399 1700 14 19 0
2441 1698 14 20 0

1948 1753 65 22 Total
2022 1752 144 28 expenditure
2274 1751 98 27 jC55,230
2387 1753 26 20 18
2429 1753 26 20 10

1900 1782 51 24 The
1963 1782 79 30 people
2057 1781 25 22 of
2099 1781 88 23 Nelson
2199 1780 111 31 complain
2326 1781 62 30 sadly
2404 1780 50 22 that

1868 1816 82 23 almost
1970 1815 30 22 all
2021 1815 26 22 of
2067 1814 44 23 this
2133 1813 146 31 expenditure
2300 1821 55 22 goes
2374 1818 22 18 to
2415 1813 40 22 the

1868 1849 84 23 benefit
1973 1848 25 22 of
2015 1848 38 22 the
2072 1847 92 23 settlers
2185 1851 21 18 at
2228 1846 131 24 Auckland.
2403 1846 52 24 The

1867 1882 134 31 population
2015 1882 24 22 of
2057 1880 38 23 the
2111 1880 84 23 former
2209 1880 62 30 place
2284 1880 19 22 is
2316 1879 57 24 from
2390 1882 65 21 ISOO

1869 1920 22 18 to
1905 1917 65 22 1900
1984 1922 103 23 persons,
2101 1913 44 23 and
2157 1912 49 24 that
2218 1913 24 22 of
2251 1912 122 24 Auckland
2386 1913 70 23 about

1872 1951 75 21 1300.

1903 1983 80 22 Bank
2015 1988 29 15 of
2081 1980 87 22 South
2197 1979 157 23 Australia.
2368 1979 90 23 —We

1870 2014 139 23 understand
2022 2014 48 22 that
2083 2013 30 22 E.
2128 2013 121 29 Stephens,
2260 2013 68 29 Esq.,
2350 2013 39 22 the
2407 2012 51 23 able

1870 2047 42 23 and
1926 2047 90 23 zealous
2029 2053 107 23 manager
2157 2046 25 22 of
2197 2046 37 22 the
2254 2046 68 22 Bank
2342 2046 24 22 of
2383 2045 76 23 South

1870 2081 127 26 Australia,
2011 2080 40 22 has
2062 2079 70 29 lately
2149 2079 103 22 received
2263 2079 114 30 authority
2397 2079 61 22 from

1871 2113 109 30 England
1993 2117 22 18 to
2025 2112 92 30 appoint
2129 2111 72 23 Local
2213 2112 117 22 Directors
2351 2117 21 17 to
2391 2112 70 22 assist

1872 2147 44 22 him
1931 2147 22 22 in
1966 2146 35 22 his
2015 2145 97 23 arduous
2126 2145 80 22 duties.
2254 2145 57 22 This
2333 2145 20 22 is
2364 2144 60 24 done
2436 2148 24 19 at

1871 2180 37 22 the
1921 2179 123 31 particular
2056 2178 73 23 desire
2142 2178 24 23 of
2177 2177 47 23 Mr.
2236 2178 113 30 Stephens
2357 2177 102 29 himself,

1871 2213 43 23 and
1938 2220 33 15 we
1994 2212 87 23 believe
2103 2211 27 23 he
2150 2211 91 23 intends
2259 2210 152 31 immediately
2437 2216 23 17 to

1872 2247 92 30 appoint
1977 2246 62 22 three
2052 2244 130 31 gentlemen
2195 2248 21 19 to
2229 2244 67 23 assist
2308 2243 48 24 him
2376 2245 23 22 in
2420 2244 38 22 the

1872 2279 110 23 direction
1997 2278 24 23 of
2037 2278 37 23 the
2088 2277 76 23 Bank.

1905 2313 72 23 Port
1999 2312 127 23 Lincoln.
2129 2323 33 3 —
2164 2310 49 23 The
2228 2310 115 23 Governor
2361 2308 100 30 Gawler,

1872 2345 72 23 which
1958 2345 88 23 arrived
2059 2344 56 22 from
2129 2344 58 22 Port
2199 2343 96 23 Lincoln
2312 2350 27 15 on
2353 2343 37 23 the
2404 2342 58 24 19th

1872 2380 101 29 August,
1986 2377 98 31 brought
2096 2377 143 29 intelligence
2250 2376 47 23 that
2310 2376 37 23 the
2366 2377 89 22 natives

1874 2420 55 15 were
1949 2411 30 23 all
1999 2412 70 30 quiet,
2089 2410 44 23 and
2154 2410 48 22 that
2220 2410 59 22 since
2304 2409 38 23 the
2365 2409 97 23 soldiers

1874 2450 59 18 went
1952 2446 66 22 down
2038 2444 70 28 there,
2131 2443 37 23 the
2188 2442 138 23 inhabitants
2344 2442 45 23 had
2407 2442 54 29 only

1874 2487 52 15 seen
1939 2486 43 15 one
1995 2486 25 14 or
2033 2482 41 18 two
2088 2477 24 23 of
2128 2477 37 22 the
2178 2475 86 28 blacks,
2277 2475 49 23 who
2339 2483 63 15 came
2412 2475 49 22 into

1874 2517 58 19 town
1945 2516 23 18 to
1980 2512 52 29 beg.
2070 2510 97 30 Captain
2182 2508 142 24 Underwood
2333 2512 71 19 states
2413 2508 50 23 that

1874 2554 12 14 a
1908 2552 84 24 person
2015 2543 81 23 named
2115 2542 91 23 Jardine
2227 2540 59 32 (who
2306 2542 41 22 has
2366 2549 14 15 a
2394 2541 69 23 small

1874 2579 56 22 craft
1941 2578 24 22 in
1976 2576 73 23 which
2062 2575 27 23 he
2102 2583 55 23 goes
2169 2575 33 22 off
2218 2579 22 18 to
2259 2575 81 30 supply
2357 2574 105 28 whalers,

1874 2613 53 27 &c,
1939 2609 55 24 with
2011 2608 61 24 fresh
2091 2606 139 33 provisions)
2249 2612 86 26 reports
2348 2607 63 23 there
2425 2615 38 15 are

1874 2653 28 14 no
1926 2644 46 23 less
1991 2643 55 22 than
2069 2642 50 22 four
2135 2642 123 22 American
2276 2641 95 22 whalers
2395 2641 24 22 ia
2437 2648 26 15 or

1874 2686 54 15 near
1953 2677 87 23 Coffins
2062 2676 57 29 Bay.
2173 2674 50 23 The
2247 2674 88 23 settlers
2359 2677 23 19 at
2406 2673 59 23 Port

1875 2710 99 24 Lincoln
1997 2709 56 23 have
2074 2710 31 23 70
2126 2715 64 16 acres
2209 2707 25 23 of
2248 2707 81 28 wheat,
2345 2707 44 22 and
2401 2706 64 30 eight

1875 2752 62 15 acres
1949 2743 24 23 of
1988 2747 110 26 potatoes,
2111 2742 32 27 in,
2164 2740 42 24 and
2226 2749 37 15 are
2283 2739 121 32 anxiously
2423 2747 41 15 ex-

1874 2778 92 30 pecting
1989 2776 38 22 the
2051 2775 83 22 arrival
2157 2774 25 23 of
2203 2773 46 24 Mr.
2277 2773 98 23 White's
2404 2773 59 23 mill.

1876 2811 65 29 They
1966 2809 110 23 calculate
2100 2816 29 14 on
2150 2808 87 29 sowing
2260 2815 12 14 a
2291 2806 58 31 good
2369 2806 51 23 deal
2441 2806 26 23 of

1876 2845 79 25 maize,
1982 2843 52 27 &c,
2056 2841 54 28 &c,
2133 2846 45 25 yet,
2199 2840 43 22 and
2263 2840 25 22 of
2302 2840 84 30 having
2403 2846 62 16 more

1875 2878 64 29 grain
1953 2876 55 22 than
2021 2875 37 23 the
2071 2878 71 18 wants
2162 2873 25 23 of
2202 2873 58 23 their
2278 2872 67 23 small
2361 2880 103 15 commu-

1875 2911 49 29 nity
1937 2909 96 29 require.
2072 2907 136 23 Confidence
2218 2907 19 21 is
2249 2907 23 21 in
2286 2914 14 14 a
2317 2910 64 25 great
2400 2912 64 16 mea-

1876 2951 52 15 sure
1950 2941 107 23 restored.
2104 2940 75 23 Three
2202 2947 49 14 new
2270 2938 89 23 settlers
2383 2943 80 18 return

1877 2976 52 23 with
1947 2975 97 26 Captain
2058 2971 153 25 Underwood.

2166 3003 23 8 ♦

67 3010 27 23 To
104 3012 40 23 Mr.
155 3014 34 21 W.
201 3015 76 20 Wood.

61 2339 85 31 Among
157 2340 39 23 the
208 2340 108 31 shipping
327 2340 186 26 advertisements
528 2342 23 21 in
565 2348 41 15 our

37 2370 34 24 last
92 2380 73 23 paper,
176 2392 3 6 ,
191 2382 43 15 one
257 2373 113 31 appeared
393 2375 147 29 announcing
569 2373 37 23 the

38 2403 65 25 Maori
113 2414 23 15 as
149 2414 28 15 on
190 2407 38 23 the
240 2407 67 22 berth
318 2407 36 22 for
366 2406 95 24 Nelson.
498 2407 67 23 After
577 2407 30 22 its

39 2438 100 30 insertion,
150 2441 18 21 it
179 2448 47 15 was
238 2440 68 23 found
317 2445 21 18 to
351 2440 28 22 be
390 2448 12 14 a
414 2440 66 28 hoax,
492 2440 52 28 and,
558 2440 47 22 Mr.

40 2470 77 25 Wood's
133 2481 66 15 name
210 2473 84 31 having
303 2474 58 22 been
373 2473 55 23 used
440 2474 23 22 in
475 2474 132 22 connection

42 2505 40 23 with
102 2505 35 23 the
158 2506 74 24 vessel
253 2507 25 22 in
297 2515 14 15 a
333 2514 95 16 manner
448 2511 22 18 to
489 2507 51 30 give
561 2507 46 23 him

42 2545 120 24 annoyance,
186 2541 18 22 it
226 2540 38 23 led
286 2544 24 19 to
332 2540 39 23 the
393 2540 116 30 following
534 2540 73 28 letter,

43 2571 56 24 which
110 2580 31 16 we
153 2573 71 23 insert
237 2578 22 18 at
271 2573 37 23 his
320 2578 92 26 request
423 2582 5 14 :
431 2586 32 3 —

256 2610 145 27 Wellington,
414 2610 50 22 Oct.
475 2610 33 27 27,
522 2611 58 20 1842.

62 2635 55 22 Dear
134 2637 46 26 Sir,
182 2648 29 5 —
212 2638 11 21 I
240 2645 35 14 am
291 2645 55 19 very
360 2645 62 19 sorry
437 2637 36 22 the
490 2637 120 21 advenise-

43 2667 54 23 merit,
106 2664 22 21 in
143 2664 138 27 yesterday's
294 2671 77 21 paper,
390 2664 78 22 should
485 2671 53 14 ever
551 2664 59 21 have

43 2688 44 22 been
97 2691 88 22 written.
214 2692 16 20 /
242 2698 38 13 can
295 2693 23 19 be
334 2698 54 19 upon
404 2699 34 18 my
449 2692 49 19 oath
513 2692 46 19 that
577 2691 34 20 the

42 2718 59 24 words,
110 2718 79 27 Sydney
195 2719 83 24 service,
285 2726 59 14 were
353 2726 68 14 never
428 2718 108 22 intended
543 2718 22 22 in
574 2718 36 21 the

42 2740 43 29 light
94 2744 45 22 that
150 2753 45 20 you
209 2746 45 22 and
268 2746 75 22 others
357 2745 57 22 have
429 2746 67 21 taken
507 2745 61 21 them
575 2753 5 19 ;
600 2744 11 22 I

43 2771 60 22 would
113 2771 53 23 have
176 2773 57 21 been
243 2780 42 16 one
297 2773 25 21 of
330 2773 36 21 the
376 2772 44 22 last
429 2773 23 21 in
462 2772 44 21 this
517 2772 62 27 place
590 2775 21 18 to

45 2796 58 23 offend
110 2805 48 20 you.
181 2798 430 29 Iconfessitwasgoingbeyonuajoke,

45 2821 30 22 but
83 2825 14 20 it
106 2831 40 16 was
155 2831 39 17 not
204 2827 109 27 supposed
324 2827 34 21 for
367 2834 12 13 a
384 2829 98 19 moment
487 2833 46 20 you
541 2825 71 23 would

45 2849 39 22 take
97 2852 17 21 it
128 2852 22 22 in
164 2853 37 22 tbe
217 2848 57 33 light
288 2854 19 21 it
322 2853 41 21 has
373 2853 56 21 been
440 2853 67 21 taken
517 2860 5 13 :
537 2853 20 21 if
569 2859 43 20 any

45 2876 202 31 acknowledgement
262 2884 22 18 to
299 2888 47 21 you
363 2887 23 14 or
402 2880 38 22 the
451 2880 78 21 Editor
539 2880 25 21 of
575 2880 37 20 the

45 2909 54 21 paper
104 2906 40 22 will
153 2907 28 21 be
191 2915 14 14 a
214 2907 110 23 sufficient
332 2907 94 27 pardon,
435 2907 10 21 I
455 2906 58 22 shall
521 2906 28 22 be
558 2913 54 20 very

47 2929 57 30 happy
115 2936 21 18 to
144 2934 65 22 make
219 2935 18 21 it
245 2935 22 21 in
278 2942 44 19 any
333 2941 57 20 way.

219 2961 10 21 I
240 2968 45 21 am,
294 2961 76 28 your's
381 2960 148 29 respectfully,

516 2987 24 21 ¥.
556 2987 29 21 K.

1985 3027 71 24 VAN
2070 3026 167 24 DIEMEN'S
2250 3025 103 24 LAND.

71 3067 86 26 Birth.
159 3082 33 5 —
193 3071 38 23 On
244 3072 111 30 Monday,
370 3071 37 24 the
428 3070 57 25 24th
506 3070 99 27 October,

47 3100 134 32 atWaiwatu,
194 3105 58 23 Mrs.
267 3106 88 28 Shand,
369 3105 26 23 of
408 3113 14 15 a
433 3104 121 30 daughter.

137 3164 197 24 MUNICIPAL
349 3165 162 23 COUNCIL.

1906 3080 52 22 Van
1971 3078 117 22 Diemen's
2097 3077 73 21 Land.
2172 3087 28 3 —
2200 3076 47 21 The
2256 3074 113 27 following
2380 3077 87 19 extract

1879 3107 56 22 from
1948 3113 13 14 a
1971 3106 71 24 letter,
2055 3104 67 21 dated
2134 3103 86 22 Hobart
2230 3102 75 26 Town,
2318 3102 39 21 Bth
2366 3102 98 26 August,

1879 3135 61 26 gives
1951 3140 13 14 a
1973 3132 80 21 fearful
2063 3132 84 25 picture
2159 3130 26 21 of
2202 3130 36 21 the
2254 3132 89 24 present
2359 3135 110 15 commer-

1879 3161 40 21 cial
1932 3163 56 18 state
1999 3159 26 21 of
2031 3159 48 20 that
2088 3157 77 27 colony
2181 3168 28 3 —
2233 3156 46 21 The
2285 3158 118 24 monetary,
2410 3158 57 19 state

1879 3188 26 21 of
1926 3186 38 22 tbe
1985 3186 80 26 colony
2082 3184 18 21 is
2119 3183 94 28 painfnl,
2229 3182 53 22 both
2302 3182 22 21 in
2347 3186 57 17 town
2424 3180 46 22 and

1879 3217 101 23 country.
2017 3212 38 21 Six
2072 3211 85 26 houses,
2178 3210 70 21 whose
2266 3208 63 23 debts
2348 3216 37 14 are
2396 3208 72 21 above

1879 3241 116 25 £150,000,
2006 3246 36 14 are
2058 3238 70 24 down,
2147 3236 43 22 and
2208 3243 42 14 one
2270 3236 68 21 house
2358 3236 18 21 is
2396 3234 71 27 freely

1879 3267 83 28 spoken
1973 3266 30 25 of,
2016 3265 72 21 whose
2098 3264 63 21 debts
2171 3262 84 23 exceed
2260 3262 103 26 £90,000.
2392 3262 27 21 In
2430 3261 39 21 the

1880 3301 77 15 course
1976 3293 25 21 of
2022 3292 36 21 the
2074 3293 89 25 present
2178 3297 59 18 year,
2259 3289 11 21 I
2289 3295 37 14 am
2345 3287 125 22 convinced

1881 3321 90 21 failures
1982 3323 22 18 to
2015 3319 36 21 the
2062 3320 94 19 amount
2165 3316 25 21 of
2202 3323 13 14 a
2225 3319 87 23 quarter
2323 3315 25 20 of
2356 3322 12 13 a
2382 3313 87 22 million

1879 3348 45 21 will
1935 3347 50 21 take
1996 3346 69 26 place,
2079 3344 43 21 and
2132 3343 41 21 but
2182 3342 34 21 for
2230 3342 37 21 the
2283 3341 146 26 expenditure
2446 3340 26 21 of

1880 3375 35 21 the
1928 3374 88 22 convict
2027 3370 172 25 establishment,
2209 3375 31 15 we
2251 3368 78 21 should
2340 3368 50 21 take
2401 3372 69 21 many

1881 3408 62 20 years
1965 3403 23 18 to
2004 3404 99 16 recover.
2137 3396 50 22 The
2198 3395 74 27 outlay
2283 3394 24 23 of
2320 3394 74 22 £1000
2404 3401 12 14 a
2428 3393 43 28 day

1881 3428 17 21 is
1917 3426 128 26 something
2062 3422 94 23 towards
2173 3424 47 20 our'
2227 3428 111 21 recovery,
2355 3421 43 22 and
2414 3427 25 14 as
2458 3420 12 21 I

1881 3454 56 21 have
1957 3459 30 15 no
2004 3451 69 22 doubt
2088 3450 36 21 the
2142 3449 137 26 assignment
2291 3451 82 24 system
2387 3447 45 22 will
2442 3447 27 20 be

1880 3478 134 28 re-adopted
2023 3486 28 13 on
2063 3485 12 14 a
2085 3475 105 23 modified
2206 3475 64 26 scale,
2278 3483 3 4 ■
2287 3475 87 22 labour',
2380 3473 45 22 will
2441 3473 29 21 be

1882 3505 202 27 exceedingly'low,
2096 3502 44 23 and
2149 3501 132 28 agriculture
2293 3508 42 14 can
2344 3501 28 20 be
2383 3499 87 22 carried

1882 3541 26 14 on
1918 3534 23 21 in
1953 3532 60 26 good
2255 3553 17 3 _
2295 3528 3 2 '
2338 3546 9 8 

1909 3560 168 22 Improvement
2094 3563 23 14 in
2133 3556 81 21 Stock.
2215 3565 28 4 —
2246 3556 38 19 We
2305 3560 35 14 are
2357 3555 74 25 happy
2446 3555 24 19 to

1881 3590 55 18 state
1947 3586 50 21 that
2010 3592 13 13 a
2039 3581 152 24 considerable
2209 3582 161 25 improvement
2389 3586 23 15 in
2430 3579 38 22 tha

1881 3614 59 28 price
1959 3612 26 21 of
1996 3610 63 23 stock
2074 3609 40 22 has
2128 3607 71 28 lately
2213 3607 66 22 taken
2295 3606 69 27 place.
2404 3605 68 23 Good

1882 3640 68 26 sheep
1961 3645 50 19 may
2023 3643 48 16 now
2082 3636 28 21 be
2120 3635 63 27 fairly
2196 3633 70 22 stated
2277 3636 22 18 at
2307 3634 43 20 10s.
2359 3640 39 21 per
2404 3632 67 22 head.

1882 3667 39 21 All
1930 3665 63 22 other
2003 3663 62 22 stock
2075 3662 58 22 have
2144 3662 46 21 also
2204 3661 58 21 riaen
2275 3660 23 21 in
2313 3659 70 28 price.'
2416 3659 56 22 This

1881 3694 161 26 improvement
2053 3690 19 23 is.
2091 3687 120 24 attributed
2229 3690 22 18 to
2267 3686 35 22 the
2318 3685 109 28 expected
2437 3694 35 14 re-

1882 3718 133 26 duction-by
2025 3718 37 21 the
2072 3716 72 21 banks
2154 3722 28 14 on
2195 3713 36 22 the
2241 3713 90 21 interest
2342 3713 26 21 of
2380 3720 92 19 money.

1910 3744 169 25 Ship-owner's
2099 3742 151 21 Liabilities.
2251 3750 28 5 —
2281 3740 22 21 It
2319 3746 44 16 was
2376 3739 96 23 decided

1883 3774 23 21 in
1926 3772 89 26 March,
2021 3770 62 21 -'-that
2102 3776 14 14 a
2135 3770 80 19 master
2234 3767 25 21 of
2272 3774 17 14 .a
2307 3765 49 28 ship
2366 3774 42 14 can
2419 3766 53 27 only

1882 3800 81 22 render
1968 3798 43 21 'the
2021 3797 48 26 ship
2080 3802 25 15 or
2115 3794 36 21 the
2164 3800 84 15 owners
2256 3792 67 23 liable
2333 3793 35 22 for
2373 3793 99 28 supplies

1884 3824 136 27 reasonable,
2032 3822 31 27 fitj
2079 3819 113 30 requisite,
2209 3819 44 22 and
2263 3826 116 21 necessary
2389 3821 35 21 for
2436 3819 36 21 the

1884 3852 68 28 ship's
1962 3851 72 26 safety
2041 3848 45 23 and
2096 3849 36 20 the
2139 3847 152 27 performance
2300 3846 25 27 of
2333 3846 37 22 the
2378 3852 94 21 voyage.

1884 3880 47 21 The
1941 3878 67 27 proof
2016 3878 47 21 that
2072 3875 38 21 the
2120 3873 96 29 supplies
2222 3876 3 4 '
2233 3873 116 23 furnished
2368 3880 57 14 were
2433 3879 39 18 .so,

1884 3906 40 23 lies
1936 3912 58 21 upon
2006 3903 36 22 the
2058 3908 78 22 person
2153 3898 129 30 furnishing,
2287 3919 2 4 ,
2408 3898 26 22 If
2436 3920 5 10 (
2443 3898 29 22 he

1884 3935 83 20 cannot
1976 3930 51 28 give
2037 3929 47 22 that
2093 3927 71 28 proof,
2175 3927 28 22 he
2214 3930 82 19 cannot
2304 3932 98 17 recover.

1285 1847 92 23 Private
1399 1847 78 23 letters
1508 1851 21 19 to
1555 1855 12 15 a
1590 1846 79 31 highly
1699 1847 138 30 respectable

1251 1881 118 23 merchant
1381 1881 23 22 in
1418 1881 36 22 the
1468 1880 89 30 colony,
1571 1880 82 22 inform
1673 1888 27 14 us
1721 1879 48 24 that
1788 1880 50 23 Col.

1251 1914 92 23 Gawler
1355 1921 45 16 was
1414 1918 22 19 to
1451 1914 27 22 be
1490 1913 86 24 invited
1590 1917 20 18 to
1631 1921 13 14 a
1660 1913 78 31 public
1761 1913 78 23 dinner

1252 1947 154 30 immediately
1419 1946 58 23 after
1490 1947 91 23 Easter.

1286 1981 55 22 Two
1366 1980 113 30 emigrant
1501 1980 87 23 vessels
1612 1987 57 16 were
1692 1983 22 19 to
1738 1980 41 22 sail
1807 1980 34 22 for

1253 2013 72 21 South
1339 2013 119 21 Australia
1470 2013 103 21 between
1592 2013 58 21 June
1667 2013 45 21 and
1732 2012 108 27 October,

1252 2044 37 23 the
1319 2044 159 23 Government
1507 2044 120 31 intending
1656 2050 21 17 to
1708 2044 72 30 spend
1804 2044 37 23 the

1253 2078 113 28 £55,000
1380 2077 43 23 due
1437 2082 21 18 to
1473 2077 36 23 the
1521 2078 134 29 emigration
1675 2073 63 32 fund,
1759 2077 83 31 during

1253 2111 37 22 the
1311 2118 80 15 course
1412 2111 25 22 of
1452 2115 43 18 two
1516 2119 24 14 or
1554 2111 60 22 three
1634 2118 73 22 years,
1726 2111 23 22 in
1763 2118 78 15 conse-

1253 2152 85 22 quence
1362 2144 25 22 of
1403 2151 25 15 so
1445 2151 69 23 many
1533 2144 123 29 emigrants
1675 2144 68 30 being
1762 2152 79 15 unem-

1253 2177 81 31 ployed
1347 2177 62 22 here.
1413 2190 32 3 —
1447 2176 73 23 South
1532 2177 145 22 Australian.

1287 2212 23 22 A
1334 2211 129 22 committee
1484 2210 43 23 had
1547 2210 56 22 been
1624 2210 95 29 granted
1740 2210 43 22 and
1802 2218 40 23 ap-

1253 2244 92 31 pointed
1364 2248 23 18 to
1406 2244 104 22 examine
1524 2243 94 23 Colonel
1635 2243 100 28 Gawler,
1748 2243 94 23 relative

1254 2282 22 18 to
1296 2278 37 22 the
1355 2276 77 23 affairs
1451 2277 26 22 of
1492 2276 35 23 his
1548 2276 169 23 administation
1741 2277 42 22 and
1803 2277 39 22 the

1255 2311 114 22 condition
1382 2310 25 23 of
1423 2310 45 22 this
1481 2311 115 29 province.
1634 2310 22 22 It
1664 2310 44 22 had
1717 2309 124 31 proceeded

1254 2345 23 21 in
1297 2352 13 14 a
1327 2351 54 22 very
1403 2343 144 30 satisfactory
1571 2351 93 14 manner
1686 2344 36 22 for
1747 2343 96 23 Colonel

1256 2377 98 28 Gawler,
1366 2377 44 22 and
1423 2378 28 21 its
1465 2381 76 25 report
1555 2376 44 23 will
1611 2376 27 23 be
1652 2376 78 31 highly
1750 2377 92 22 favour-

1255 2410 49 22 able
1319 2410 33 22 for
1371 2410 38 23 the
1432 2415 118 26 prospects
1570 2410 24 22 of
1616 2410 74 22 South
1710 2410 118 22 Australia
1837 2418 5 19 ;

1256 2452 24 14 so
1291 2443 66 22 much
1370 2452 32 20 so,
1417 2443 49 23 that
1479 2443 37 23 the
1535 2448 61 18 most
1614 2443 126 22 influential
1759 2443 85 22 friends

1256 2477 24 22 of
1296 2476 37 23 the
1356 2477 81 30 colony
1456 2481 23 18 at
1496 2476 68 23 home
1584 2477 121 30 anticipate
1728 2484 13 15 a
1762 2476 82 31 speedy

1256 2509 44 24 and
1313 2509 94 23 decided
1419 2510 100 23 reaction
1532 2511 24 21 hi
1569 2518 40 14 our
1626 2509 87 23 favour.
1715 2522 33 3 —
1748 2509 61 23 Ibid.

1290 2543 77 23 Land
1387 2544 90 22 Sales.
1479 2555 34 4 —
1515 2542 39 23 On
1577 2542 121 30 Thursday
1721 2542 51 28 last,
1794 2543 46 22 Mr.

1257 2577 105 22 Nonmus
1376 2576 94 23 effected
1484 2575 37 24 the
1538 2575 116 30 following
1675 2575 58 23 sales
1753 2575 24 23 of
1793 2575 52 23 land

1257 2610 29 30 by
1298 2610 77 30 public
1397 2610 98 28 auction,
1522 2613 23 19 at
1566 2608 35 23 his
1625 2616 82 20 rooms,
1728 2608 116 30 Hindley-

1257 2647 76 24 street,
1348 2644 86 22 section
1445 2644 49 22 284
1506 2650 29 15 on
1548 2642 38 23 the
1595 2641 108 28 Torrens,
1718 2641 33 23 for
1759 2642 83 27 £400;

1258 2676 48 23 half
1322 2676 25 23 of
1362 2677 87 22 section
1464 2678 47 21 112
1525 2680 23 19 at
1561 2677 51 22 245.
1626 2683 40 22 per
1679 2682 50 16 acre
1739 2683 5 19 ;
1766 2674 48 23 half
1824 2675 24 22 of

1258 2710 85 22 section
1358 2711 49 21 164
1430 2713 22 19 at
1471 2711 53 21 30s.
1548 2716 41 24 per
1611 2716 50 15 acre
1673 2718 5 19 ;
1705 2716 26 15 an
1754 2716 50 15 acre
1823 2709 23 21 in

1259 2742 118 29 Adelaide,
1390 2743 35 23 for
1444 2743 71 23 £120
1525 2751 6 20 ;
1555 2741 49 24 half
1627 2749 29 16 an
1675 2749 51 16 acre
1742 2742 22 21 in
1781 2741 64 28 ditto,

1258 2777 35 22 for
1305 2776 71 23 £100
1386 2785 6 18 ;
1409 2775 87 23 several
1509 2783 64 15 acres
1584 2775 24 22 in
1620 2775 122 31 Brighton,
1757 2775 32 22 for
1810 2775 36 23 £8

1260 2809 62 23 each.
1371 2809 59 23 This
1451 2809 47 23 sale
1516 2808 83 23 affords
1611 2809 95 22 another
1718 2808 65 30 proof
1800 2807 48 23 that

1260 2842 130 24 confidence
1411 2843 20 22 is
1454 2843 120 29 returning
1597 2841 44 23 and
1662 2841 48 23 that
1729 2848 80 23 money
1828 2841 19 22 is

1258 2876 121 30 becoming
1391 2883 61 16 more
1465 2875 114 31 plentiful.
1583 2887 31 3 —
1616 2874 61 23 Ibid.

1294 2909 187 23 Corporation
1515 2909 96 22 Scrips.
1615 2920 32 3 —
1649 2907 56 23 Two
1729 2907 25 23 of
1785 2906 63 23 these

1260 2942 140 28 documents,
1423 2941 56 24 each
1501 2942 35 22 for
1560 2941 61 27 £10,
1642 2940 44 23 and
1703 2940 94 29 bearing
1809 2940 36 21 in-

1261 2980 68 19 terest
1341 2979 23 19 at
1378 2974 36 23 the
1427 2979 48 18 rate
1488 2974 25 22 of
1531 2976 30 21 10
1573 2981 39 23 per
1623 2978 59 18 cent,
1697 2980 40 23 per
1755 2980 91 20 annum,

1260 3016 57 16 were
1329 3008 51 23 sold
1392 3008 29 30 by
1432 3007 47 23 Mr.
1494 3007 105 23 Nonmus
1608 3007 30 29 by
1650 3006 76 31 public
1747 3007 99 26 auction,

1262 3050 27 15 on
1302 3041 122 30 Thursday
1435 3041 51 28 last,
1505 3045 23 18 at
1547 3041 38 23 £8
1606 3041 51 22 15s.
1680 3039 63 23 each.
1790 3038 58 24 This

1261 3076 52 22 does
1336 3079 42 18 not
1400 3082 41 22 say
1464 3073 69 24 much
1556 3073 34 23 for
1613 3073 38 22 the
1672 3073 73 22 credit
1764 3073 23 22 of
1811 3071 38 23 the

1262 3108 149 31 Corporation
1425 3107 54 22 with
1490 3107 37 23 the
1540 3106 85 32 public.
1627 3119 34 4 —
1661 3105 61 24 Ibid.

1295 3142 250 23 Representation.
1548 3152 32 4 —
1583 3140 23 23 It
1625 3140 19 22 is
1663 3147 54 21 very
1734 3138 115 31 probable,

1263 3175 47 24 that
1322 3174 77 23 before
1413 3182 39 15 our
1469 3175 96 29 petition
1583 3173 43 23 and
1642 3172 117 24 memorial
1779 3172 70 22 arrive

1262 3210 22 22 in
1298 3207 109 31 England
1420 3215 31 15 we
1464 3207 59 22 shall
1535 3207 29 22 be
1576 3207 22 22 in
1609 3206 131 30 possession
1752 3205 25 22 of
1787 3212 62 15 some

1262 3240 145 31 intelligence
1429 3240 24 24 of
1480 3240 38 23 the
1536 3240 112 22 intention
1670 3238 25 23 of
1717 3238 38 23 the
1775 3238 75 23 Home

1264 3275 157 24 Government
1433 3281 28 16 on
1474 3273 47 23 this
1533 3273 95 31 subject,
1642 3272 43 23 and
1704 3271 18 23 it
1741 3271 20 23 is
1779 3274 40 20 not
1838 3279 13 14 a

1263 3308 57 24 little
1333 3307 109 31 cheering
1451 3311 22 19 to
1486 3306 47 23 find
1545 3306 50 23 that
1606 3306 38 22 the
1658 3304 103 24 Colonial
1778 3304 73 23 Office

1263 3341 118 31 recognise
1405 3341 38 22 the
1472 3340 177 30 representative
1679 3337 117 31 principle,
1826 3344 24 15 as

1263 3374 125 32 applicable
1413 3378 22 18 to
1458 3372 64 24 these
1541 3372 108 24 colonies.
1694 3370 29 24 In
1745 3378 40 15 our
1808 3370 44 23 last

1265 3407 95 24 number
1371 3415 32 15 we
1413 3406 46 24 laid
1478 3406 77 23 before
1575 3413 39 15 our
1635 3404 89 24 readers
1741 3403 39 23 the
1798 3403 53 23 sub-

1265 3446 76 18 stance
1354 3440 31 27 of,
1395 3448 13 14 a
1428 3439 105 30 dispatch
1554 3443 21 19 to
1594 3438 38 23 the
1653 3438 156 22 Government
1830 3436 24 21 of

1265 3475 55 23 New
1345 3473 74 24 South
1442 3472 87 28 Wales,
1554 3471 72 23 which
1653 3477 45 16 was
1728 3469 73 23 stated
1828 3469 24 21 in

1267 3507 95 26 Council
1374 3507 30 29 by
1416 3506 38 22 the
1467 3502 239 28 Advocate-General,
1730 3502 123 28 informing

1266 3541 60 22 them
1339 3540 49 22 that
1407 3547 13 14 a
1436 3537 189 30 Representative
1645 3535 156 23 Government
1811 3558 3 10 ;
1818 3534 35 22 for

1267 3574 55 23 New
1333 3572 74 23 South
1420 3570 77 24 Wales
1510 3569 74 23 vould
1598 3568 27 23 be
1646 3567 152 29 immediately
1816 3574 36 15 re-

1267 3604 147 25 commended
1427 3608 20 19 to
1463 3603 149 23 Parliament.
1660 3601 50 23 The
1727 3607 62 15 same
1801 3607 52 22 may

1265 3641 29 22 be
1305 3638 98 24 inferred
1416 3638 35 22 for
1470 3636 75 23 South
1566 3635 118 23 Australia
1700 3633 58 23 from
1778 3640 12 15 a
1808 3632 45 24 late

1267 3679 134 17 occurrence
1414 3671 23 23 in
1449 3669 39 23 the
1508 3669 83 23 House
1603 3668 25 23 of
1644 3668 131 26 Commons,
1788 3665 65 23 when

1267 3708 23 22 in
1301 3704 64 32 reply
1376 3709 23 18 to
1418 3712 14 16 a
1449 3703 89 31 qestion
1557 3702 57 23 from
1628 3701 38 23 Sir
1679 3699 89 30 George
1782 3698 70 31 Grey,

1268 3739 61 24 Lord
1343 3737 96 31 Stanley
1449 3736 49 24 said
1510 3736 50 26 thjrt
1604 3735 18 23 it
1637 3742 45 15 was
1694 3732 35 23 his
1742 3732 111 23 intention

1269 3777 22 19 to
1300 3772 67 30 bring
1377 3772 24 23 in
1411 3779 13 15 a
1436 3770 40 25 bill
1488 3774 22 19 to
1529 3769 103 31 regulate
1651 3767 37 23 the
1708 3765 145 24 constitution

1268 3807 25 22 of
1308 3804 75 25 South
1394 3803 128 25 Australia.
1524 3814 34 5 —
1558 3800 135 24 Examiner.

1302 3838 50 24 The
1364 3836 75 24 South
1449 3834 138 25 Australian
1599 3833 113 30 Register,
1731 3832 24 22 in
1775 3838 79 16 conse-

1269 3878 85 25 quence
1366 3871 26 23 of
1400 3869 41 29 the,
1452 3868 143 31 bankruptcy
1608 3867 24 23 of
1642 3866 97 23 Messrs.
1754 3864 101 24 Thomas

1269 3905 43 24 and
1325 3904 41 24 Co.
1381 3902 45 25 and
1501 3901 135 27 Stevenson,
1650 3899 40 24 has
1703 3898 56 24 been
1773 3897 48 25 sold
1834 3901 22 20 at

1269 3938 90 24 auction
1371 3937 35 24 for
1416 3936 84 25 £600.
1755 3958 2 13 }
1782 3935 3 8 '
1816 3940 9 28 »;

662 1601 52 24 The
727 1606 89 25 system
829 1606 23 17 at
865 1601 98 23 Norfolk
983 1601 79 22 Island
1076 1601 20 22 is
1110 1606 22 17 to
1146 1608 71 21 cease,

630 1639 38 18 not
687 1635 85 30 having
784 1635 56 22 been
854 1634 71 23 found
937 1640 22 17 to
973 1642 94 16 answer.
1106 1634 51 23 The
1171 1635 47 22 Go-

629 1676 81 15 vernor
723 1668 48 22 said
789 1669 27 22 he
832 1667 36 23 did
886 1672 40 18 not
938 1667 57 23 wish
1014 1672 21 18 to
1047 1669 27 22 be
1087 1667 132 23 considered

630 1710 24 14 as
666 1702 158 30 pronouncing
839 1700 122 32 judgment
974 1709 28 15 on
1016 1702 37 22 the
1066 1706 86 25 system
1165 1709 54 23 pur-

630 1735 55 22 sued
698 1735 30 30 by
742 1735 97 30 Captain
852 1734 150 23 Maconochie
1012 1744 6 19 ;
1038 1735 17 22 it
1067 1742 45 15 was
1126 1735 41 22 but
1178 1735 42 22 fair

630 1773 22 18 to
665 1773 59 18 state
737 1768 48 23 that
799 1768 98 31 Captain
910 1768 150 23 Maconochie
1078 1768 46 22 had
1136 1773 23 17 at
1171 1768 49 22 first

631 1802 104 30 objected
756 1806 22 19 to
792 1801 99 24 Norfolk
905 1801 80 24 Island
997 1809 24 15 as
1035 1810 12 13 a
1057 1809 81 23 proper
1157 1801 63 31 place

632 1835 33 22 for
686 1835 38 23 the
745 1835 50 23 trial
816 1834 25 24 of
858 1835 35 23 his
915 1840 94 25 system,
1030 1836 42 22 and
1092 1836 31 21 its
1140 1834 81 23 failure

632 1867 69 30 there,
712 1865 49 26 Ivas
769 1868 110 30 certainly
887 1874 39 17 not
939 1874 22 17 to
974 1869 28 22 be
1013 1868 123 23 attributed
1149 1872 22 19 to
1185 1867 36 24 the

632 1907 85 24 system
731 1902 69 23 itself.

666 1935 51 22 The
731 1935 103 23 remarks
847 1943 63 15 arose
924 1939 38 18 out
971 1935 24 22 of
1006 1943 13 14 a
1030 1935 40 23 bill
1083 1939 23 18 to
1118 1935 74 22 retain
1200 1935 22 22 in

633 1968 36 23 the
689 1968 89 31 Colony
796 1970 115 29 prisoners
930 1968 50 23 who
1002 1968 45 23 had
1066 1969 58 22 been
1146 1973 75 18 trans-

632 2002 80 29 ported
722 2006 22 18 to
757 2002 97 23 Norfolk
868 2001 86 23 Island.
993 2002 39 21 Sir
1039 2002 59 21 John
1110 2001 111 21 Franklin

632 2034 42 22 had
689 2034 123 23 succeeded
833 2034 23 22 in
868 2034 136 30 preventing
1017 2033 56 23 their
1092 2033 69 29 being
1174 2037 49 18 sent

634 2072 22 18 to
675 2067 54 24 Van
751 2066 119 24 Diemen's
889 2065 75 29 Land,
985 2066 45 23 and
1047 2066 64 23 there
1130 2073 46 15 was
1194 2072 29 16 no

633 2100 65 23 other
710 2107 78 16 means
802 2105 21 18 to
838 2099 27 24 be
877 2099 108 31 pursued.

667 2133 52 23 The
741 2134 119 22 Governor
873 2133 25 23 of
915 2133 57 23 New
993 2132 73 24 South
1084 2131 79 23 Wales
1183 2132 40 22 has

632 2166 98 23 reduced
740 2167 38 23 the
790 2166 158 32 expenditure,
959 2170 22 18 at
990 2173 42 16 one
1042 2166 67 27 blow,
1117 2173 29 15 no
1155 2166 45 22 less
1211 2173 13 14 a

635 2208 49 15 sum
704 2199 55 23 than
770 2200 150 31 forty-seven
938 2198 112 24 thousand
1064 2199 97 28 pounds,
1181 2198 44 23 and

635 2233 52 29 this,
701 2234 158 30 commencing
873 2232 53 23 with
936 2233 35 22 his
983 2240 50 15 own
1042 2232 181 28 establishment,

634 2267 97 30 proving
752 2267 48 23 that
819 2267 37 23 his
876 2265 141 32 Excellency
1035 2266 19 22 is
1073 2265 108 31 disposed
1203 2270 22 18 to

641 2300 57 23 slace
717 2300 36 23 his
766 2308 48 15 own
835 2300 148 30 expenditure
995 2304 24 18 at
1037 2299 37 24 the
1092 2298 79 32 public
1183 2298 44 23 exd

635 2341 70 23 pense
725 2337 23 19 at
769 2333 38 23 the
826 2333 60 23 head
905 2333 24 23 of
946 2332 38 24 the
1004 2332 94 24 reforms
1119 2331 106 23 rendere-

636 2373 128 23 necessary.
801 2366 51 23 The
872 2366 120 23 Governor
1011 2365 52 24 thus
1081 2364 146 23 commenced

635 2399 35 23 his
682 2399 94 23 address
790 2404 21 18 to
825 2399 38 23 the
877 2399 96 23 Council
983 2408 5 14 :
990 2411 34 4 —

663 2431 47 21 The
722 2430 119 22 Estimates
851 2430 73 21 which
934 2431 11 20 I
957 2433 89 23 present
1053 2432 22 18 to
1084 2429 39 21 the
1133 2428 91 22 Council

635 2458 35 21 for
680 2457 39 21 the
729 2464 53 20 year
792 2458 52 20 1843
861 2463 92 15 amount
964 2461 22 16 to
997 2457 110 25 £.370,858
1123 2457 52 26 14a.,
1193 2456 32 19 be-

637 2486 35 24 ing
682 2486 40 19 less
739 2485 25 24 by
777 2484 93 27 £47,271
889 2485 43 20 14s.
952 2485 50 19 than
1019 2485 56 19 those
1089 2485 69 19 which
1175 2489 53 15 were

637 2513 59 20 voted
710 2512 24 25 by
746 2512 35 20 the
792 2512 86 20 Council
879 2512 42 25 for
930 2513 34 19 the
970 2514 85 23 present
1065 2518 57 19 year.

670 2546 52 23 The
736 2545 120 23 Governor
874 2545 53 23 then
945 2545 126 32 proceeded
1088 2549 23 19 to
1124 2544 54 24 read
1190 2544 38 24 the

637 2580 116 30 following
767 2579 92 23 Minute
870 2587 5 14 :—:
879 2591 31 3 —

880 2624 106 15 FINANCE.

664 2645 48 21 The
721 2652 97 14 revenue
833 2644 44 22 and
892 2643 147 28 expenditure
1051 2645 23 20 of
1087 2643 39 21 the
1141 2643 87 26 Colony

638 2672 34 21 for
682 2672 38 21 the
735 2679 53 19 year
799 2672 52 21 1841
855 2671 6 12 :
861 2671 59 21 !iave
929 2671 59 21 been
1006 2671 64 26 given
1081 2671 22 21 in
1115 2670 38 21 the
1164 2669 63 22 usual

639 2705 95 15 manner
746 2698 30 27 by
785 2698 38 21 the
841 2697 213 27 Auditor-General,
1066 2698 22 20 in
1104 2704 79 21 papers
1197 2696 32 21 al-

639 2725 67 27 ready
714 2725 76 21 before
800 2725 39 21 the
850 2724 100 22 Council.
979 2725 48 20 The
1039 2731 58 15 same
1104 2731 58 20 may,
1170 2723 59 21 how-

640 2759 57 20 ever,
718 2752 28 21 be
766 2759 60 14 more
849 2751 113 27 concisely
982 2751 46 21 and
1050 2751 94 28 perhaps
1169 2757 61 15 more

640 2779 84 26 cleaxly
734 2777 115 22 exhibited
859 2784 25 14 as
892 2777 87 22 follows
987 2785 4 13 :

641 2810 79 23 Direct
731 2810 97 21 taxation
1072 2810 76 26 28,343
1176 2810 14 19 3
1219 2810 8 19 1

643 2837 100 22 Indirect
752 2836 99 22 taxation
1058 2836 89 27 249,311
1164 2837 26 20 12
1218 2836 13 20 8

668 2891 66 23 Total
744 2892 70 20 raised
823 2892 26 24 by
859 2892 97 19 taxation
1058 2891 90 26 277,664
1164 2892 25 19 15
1217 2892 13 20 9

643 2919 70 21 Rents
724 2918 42 22 and
776 2918 54 22 dues
1073 2918 76 26 20,418
1166 2918 25 21 17
1218 2918 14 20 3

642 2946 61 21 Sales
713 2946 26 21 of
746 2946 155 25 Government
913 2947 128 25 property..
1088 2945 63 25 1,400
1178 2946 14 19 2
1218 2945 14 20 2

642 2972 162 22 Feesofoffice
1070 2971 76 26 33,215
1165 2971 26 21 17
1219 2972 13 19 8

643 3000 64 21 Fines
719 2999 45 21 and
774 3000 96 21 seizures
1075 3000 9 19 1
1090 2997 59 27 1,708
1166 2999 26 20 18
1220 3000 12 19 9

643 3026 135 27 Surcharges
788 3026 120 23 recovered
1110 3026 40 19 829
1179 3026 13 20 8
1220 3026 13 18 8

644 3053 98 22 Interest
752 3060 27 14 on
790 3052 76 28 public
877 3052 87 22 monies
1087 3053 63 25 9,318
1167 3053 26 20 10
1220 3052 13 20 3

644 3080 127 22 Post-office
1075 3080 76 24 19,098
1167 3080 24 19 11
1220 3080 14 19 0

1060 3133 90 26 373,655
1181 3134 10 20 I
1220 3134 13 19 6

645 3163 79 21 Crown
748 3167 98 15 revenue
875 3158 91 23 derived
989 3159 58 21 from

671 3188 124 28 quit-rents,
807 3187 79 25 leases,
902 3187 38 22 &c.
961 3186 86 25 (exclu-

672 3217 47 21 sive
729 3215 26 21 of
761 3214 37 22 the
809 3214 106 24 proceeds
922 3213 26 21 of
955 3213 37 21 the
1002 3213 45 21 sale

703 3241 64 27 land)
1076 3241 76 26 29,937
1180 3242 13 19 6
1221 3241 13 20 8

754 3295 65 23 Total
1043 3294 110 27 £403,592
1181 3297 13 19 8
1222 3295 13 20 2

672 3331 48 22 The
741 3330 117 21 Governor
877 3328 120 28 presented
1016 3335 14 13 a
1046 3328 93 27 petition
1155 3331 23 18 to
1197 3327 36 22 the

646 3356 90 24 Council
753 3357 56 21 from
828 3356 85 21 certain
932 3354 84 23 landed
1034 3356 133 26 proprietors
1183 3361 53 15 near

646 3385 98 27 Sydney,
753 3383 47 22 who
809 3382 83 23 wished
904 3385 22 18 to
934 3382 58 21 have
1002 3381 73 27 parish
1086 3381 65 22 roads
1161 3382 24 21 in
1196 3381 37 21 the

647 3414 82 24 county
741 3410 25 21 of
774 3408 156 24 Cumberland.

673 3439 44 22 Mr.
739 3436 117 23 Hannibal
867 3452 3 5 -
880 3435 131 22 Macarthur
1037 3442 48 14 rose
1105 3438 22 17 to
1151 3438 85 24 protest

646 3466 88 26 against
750 3464 37 22 the
804 3462 93 29 petition
908 3462 73 21 which
991 3461 35 22 his
1042 3461 138 27 Excellency
1193 3461 44 22 had

646 3491 119 28 presented
776 3489 181 28 bemgreceived.
988 3488 37 21 He
1033 3488 110 28 protested
1151 3488 86 27 against

646 3519 37 22 the
693 3518 94 28 petition
797 3517 46 22 and
851 3517 30 22 its
894 3516 54 27 plan
964 3516 26 21 of
1000 3515 85 27 raising
1101 3515 39 21 the
1156 3518 48 18 rate
1216 3515 24 20 of

647 3548 135 19 assessment
797 3542 130 28 altogether.
958 3542 21 21 It
993 3542 73 22 would
1080 3544 40 19 not
1131 3542 61 21 work
1200 3549 5 18 ;
1221 3541 18 21 it

646 3580 45 14 was
705 3575 40 18 not
753 3572 26 21 fit
789 3571 34 22 for
832 3578 15 15 a
860 3577 74 19 young
952 3569 45 22 and
1009 3569 73 22 infant
1098 3568 80 27 colony
1193 3567 44 22 like

647 3599 75 22 theirs.
752 3598 47 21 The
808 3597 66 22 roads
886 3596 64 23 could
967 3599 40 18 not
1019 3596 27 21 be
1056 3595 138 22 maintained
1209 3595 28 26 by

643 3626 61 26 .tolls,
722 3624 52 27 paid
791 3624 29 27 by
830 3624 63 21 those
909 3623 50 22 who
969 3622 57 22 have
1037 3622 35 21 the
1083 3629 39 14 use
1133 3622 25 20 of
1169 3622 68 21 them.

649 3652 35 22 He
692 3650 75 23 would
776 3654 40 18 not
825 3650 74 27 object
909 3653 22 18 to
938 3656 44 20 any
988 3649 47 26 toll,
1044 3648 103 21 however
1155 3648 82 27 heavy,

647 3680 35 21 for
691 3678 38 22 the
739 3678 157 21 maintenance
913 3676 25 21 of
949 3683 13 14 a
978 3675 61 26 road,
1048 3675 109 27 provided
1167 3675 18 20 it
1194 3682 45 13 was

648 3704 90 30 applied
753 3703 105 28 specially
873 3706 26 19 to,
912 3702 38 21 the
966 3708 107 21 purpose;
1089 3701 42 21 but
1141 3701 37 21 he.
1181 3704 59 19 must

648 3734 84 26 protest
743 3730 84 27 against
837 3729 38 22 the
886 3731 81 24 system
978 3728 26 21 of
1011 3731 139 24 assessment,
1167 3727 72 22 which

649 3759 67 22 could
729 3760 40 19 not
777 3756 59 23 work
852 3756 26 21 in
894 3763 14 14 a
924 3755 79 26 colony
1104 3753 63 23 there
1183 3762 57 14 were

649 3786 62 27 large
729 3787 66 20 tracts
811 3783 25 22 of
849 3782 53 21 land
909 3798 4 4 -
920 3781 124 28 producing
1060 3780 103 28 nothing,
1178 3789 24 14 as
1216 3781 23 21 in

649 3812 43 23 this
705 3811 88 27 colony^
837 3819 4 3 -
886 3817 5 10 ■>
902 3817 4 5 ■
962 3822 3 5 ,
984 3817 2 6 •
1020 3817 4 4 -
1048 3816 3 6 <

683 3846 59 23 Now
754 3852 32 16 we
799 3842 82 25 should
892 3841 47 24 like
950 3846 25 18 to
988 3848 40 16 see
1032 3848 2 5 1
1045 3840 37 24 the
1093 3840 55 31 holy
1160 3840 80 24 horror

649 3879 56 23 with
716 3877 74 24 which
802 3876 38 24 the
853 3874 144 32 intelligence
1009 3874 73 25 would
1093 3874 29 23 be
1135 3873 103 24 received

652 3912 24 23 of
691 3919 45 23 any
748 3910 101 24 member
867 3908 29 28 of,
908 3907 37 24 the
967 3907 97 24 Council
1083 3907 86 30 having
1187 3914 53 24 pre-

652 3944 79 25 sumed
743 3948 23 20 to
778 3950 83 25 oppose
881 3942 38 24 the
937 3939 114 33 reception
1068 3941 24 23 of
1108 3947 44 24 any
1171 3946 69 25 paper

102 3223 145 32 Thursday,
267 3227 124 24 October
409 3227 40 29 27,
473 3227 73 22 1842.

76 3283 87 26 Present
172 3295 5 15 :
190 3287 30 23 all
231 3287 39 24 the
282 3287 118 24 Members
413 3285 25 26 of
449 3286 103 24 Council.

77 3316 91 26 Minutes
181 3320 24 24 of
216 3321 44 23 last
271 3321 102 30 meeting
384 3320 61 28 read,
458 3318 113 33 approved
586 3318 30 28 of,

52 3349 33 23 and
95 3351 72 31 signed
177 3353 30 31 by
219 3354 36 23 his
268 3354 110 30 Worship
390 3353 38 23 the
440 3353 91 30 Mayor.

78 3382 68 26 Letter
157 3386 58 24 from
222 3388 44 22 the
274 3387 137 24 Committee
419 3386 25 23 of
454 3386 165 29 Management

53 3414 19 22 °f
84 3416 31 24 the
125 3418 131 34 Exchange,
270 3420 119 32 accepting
401 3420 25 22 of
442 3419 38 23 the
492 3418 56 23 offer
559 3419 58 22 from

52 3446 30 25 the
92 3450 94 31 Council,
205 3454 36 23 for
252 3454 39 23 the
308 3461 43 16 use
364 3452 24 23 of
404 3452 38 24 the
454 3459 63 16 room
529 3452 35 23 for
577 3458 41 17 one

52 3487 47 24 year,
111 3485 56 24 read.

78 3515 70 26 Letter
155 3519 58 25 from
224 3521 85 23 certain
319 3520 136 30 Burgesses,
466 3518 32 23 in'
504 3518 115 23 reference

52 3549 18 19 to
80 3554 143 31 constructing
235 3562 12 15 a
256 3554 68 32 jetty,
337 3553 45 23 and
393 3551 115 32 generally
519 3552 99 30 improv-

51 3579 33 32 ing
99 3582 34 25 the
150 3591 66 19 water
233 3587 104 31 frontage
356 3586 116 31 bounding
489 3584 60 24 their
566 3591 53 24 pre-

52 3614 64 30 mises,
127 3620 58 23 read.
204 3614 3 7 '
324 3622 8 2 '
470 3622 1 6 '

78 3647 42 25 Mj.
132 3650 63 32 Lyon
206 3653 100 32 brought
317 3661 31 23 up
360 3652 38 24 the
416 3655 83 28 report,
510 3651 60 23 from
582 3649 37 24 the

54 3678 117 30 Committee
189 3687 25 22 of
235 3687 107 31 standing
361 3686 86 28 orders,
467 3683 43 25 and
531 3682 88 28 moved,

53 3711 39 26 that
108 3715 49 33 they
167 3718 81 24 should
268 3720 28 23 be
308 3718 124 25 confirmed
443 3717 55 24 with
516 3724 29 16 an
557 3715 64 24 addi-

53 3744 57 26 tional
121 3749 72 25 clause
211 3757 23 18 to
253 3753 29 22 be
299 3753 101 23 inserted
418 3751 57 24 after
482 3749 2 4 '
494 3746 50 28 No.'
554 3751 24 27 5,
600 3748 29 26 of,

54 3779 38 23 said
108 3789 79 24 report.
223 3785 24 24 It
259 3793 45 16 was
323 3786 49 23 also
388 3780 119 33 resolved,'
518 3782 49 25 that
585 3781 37 24 the

54 3817 50 19 same
115 3815 78 26 should
209 3818 30 24 he
256 3818 155 31 immediately
422 3816 90 34 printed
520 3824 4 5 -
531 3817 34 23 for
584 3814 38 24 the

53 3849 33 19 use
96 3847 22 22 of
127 3849 112 26 all'whom
250 3852 18 23 it
279 3859 53 23 may
343 3859 105 16 concern.

81 3878 41 24 His
132 3881 106 34 Worship
256 3885 39 23 the
314 3885 83 30 Mayor
417 3883 100 31 brought
536 3890 31 24 up
570 3908 2 9 (
585 3881 38 23 the

53 3915 65 25 report
127 3914 11 22 f
137 3921 45 19 rota
190 3917 42 24 'the
249 3911 140 30 Committee'
398 3907 167 41 a^pppinte^'tp.!
571 3922 52 24 pre-

53 3948 44 22 pare
107 3953 27 17 an
146 3948 91 26 address
249 3954 22 20 to
286 3951 36 23 his
334 3948 295 33 Excellencythe^Officer,

510 32 99 50 &$*
633 36 120 41 Weto
779 35 211 47 &*alsitt
1015 38 192 46 Wajettt
1231 37 92 40 anto
1347 36 305 48 tSttllington
1676 33 251 51 ftpi€tato&

52 131 20 24 It
86 126 51 31 will,
147 126 29 22 be
195 132 62 21 seen,
271 125 30 30 by
313 130 44 18 two
376 131 98 19 extracts
492 134 33 15 we
537 126 57 23 have

31 163 48 28 made
90 160 53 24 from
157 158 104 23 Colonial
273 166 90 24 papers,
374 158 49 24 that
435 160 37 23 the
484 159 110 31 principal

31 200 42 25 port
83 192 83 29 Phillip
177 199 134 23 newspaper
323 193 21 27 is,
361 192 35 23 for
408 192 46 24 sale
456 204 33 5 —
490 192 44 23 and
546 192 48 23 that

31 233 26 24 the
78 224 107 34 principal
194 235 6 4 -
209 232 133 24 newspaper
369 225 25 23 in.
421 225 110 24 Adelaide
553 225 41 23 has

32 267 41 22 been
83 258 51 25 sold.
172 257 163 31 Competition,
354 258 91 31 leading
462 263 23 18 to
506 266 29 15 an
555 266 39 15 ex-

31 295 96 32 penditure
146 290 76 23 which
242 291 67 22 small
332 292 157 23 communities
508 291 27 23 do
555 296 39 19 not

31 330 82 25 warrant,
126 331 32 16 we
169 331 106 23 presume
287 325 20 21 is
327 324 38 24 the
377 333 67 15 cause
456 324 26 23 of
499 324 37 24 the
548 325 45 23 fate

33 364 16 24 of
54 362 51 23 these
113 355 50 33 ably
172 357 126 23 conducted
307 357 113 31 journals.
448 357 46 23 We
503 362 91 26 suspect

33 397 33 24 that
74 399 49 22 very
133 390 43 23 few
188 397 154 24 newspapers,
355 391 23 22 in
390 391 45 22 this
447 396 51 25 part
514 391 25 23 of
557 391 36 23 the

33 426 56 29 world,
110 423 58 31 yield
191 432 14 15 a
228 423 42 23 fair
296 425 177 22 remuneration.
528 424 66 31 They

32 467 62 26 appear
105 463 20 17 to
137 465 27 14 us
176 461 23 19 to
211 456 28 23 be
252 456 30 23 all
294 460 40 27 got
346 465 29 22 up
386 461 37 19 too
437 458 155 29 expensively.

33 498 56 26 Large
109 498 79 23 papers
207 491 25 22 in
253 490 67 23 small
343 490 97 23 colonies
463 496 83 18 cannot
567 491 27 23 be

34 524 107 34 supported.

1239 126 114 23 whatever
1376 127 72 23 which
1473 127 38 23 Sir
1535 127 60 23 John
1618 127 113 23 Franklin
1754 126 82 31 might-

1239 159 81 22 choose
1337 164 23 18 to
1376 164 101 26 present.
1514 160 38 23 Sir
1566 159 89 31 George
1668 159 83 32 Gipps,
1765 160 60 23 how-

1239 200 58 19 ever,
1319 192 81 29 mildly
1429 192 85 30 argued
1547 192 36 23 the
1612 193 64 29 point
1705 193 53 23 with
1778 192 46 23 Mr.

1239 225 144 23 Macarthur.
1430 225 44 22 We
1487 231 58 25 copy
1556 225 58 23 from
1627 225 38 23 the
1676 225 136 24 Australian
1820 233 6 14 :

1266 260 47 22 The
1324 261 119 21 Governor
1453 261 48 21 said
1510 261 49 21 that
1568 260 27 22 he
1605 261 46 21 had
1658 269 69 14 never
1733 261 93 28 pledged

1239 287 93 21 himself
1340 290 22 18 to
1373 287 38 21 the
1421 287 110 28 principle
1543 287 26 22 of
1581 287 36 22 the
1628 288 102 27 petition.
1754 288 72 22 When

1240 314 37 21 the
1294 313 94 28 petition
1407 321 44 15 was
1471 314 48 22 first
1538 315 115 26 presented
1673 319 22 17 to
1719 315 53 26 him,
1799 314 27 22 he

1240 340 93 27 thought
1343 340 49 22 that
1400 341 18 21 it
1425 341 89 27 applied
1525 341 69 28 solely
1604 345 22 17 to
1635 342 37 21 the
1685 342 86 27 Botany
1781 342 45 26 Bay

1240 367 62 21 Road
1312 374 4 19 ;
1329 367 45 21 and
1385 367 19 21 if
1411 367 54 22 such
1476 367 44 22 had
1531 368 56 22 been
1599 368 36 22 the
1646 376 57 19 case,
1712 369 27 21 he
1750 368 77 22 should

1240 393 107 28 certainly
1357 394 57 22 have
1425 395 56 21 been
1488 395 85 26 willing
1582 399 22 17 to
1613 395 67 27 bring
1689 395 23 22 in
1722 404 13 13 a
1745 396 38 22 bill
1794 395 34 21 for

1239 420 37 22 the
1287 428 93 19 purpose
1392 422 163 26 contemplated
1568 429 27 14 on
1611 428 13 15 a
1640 422 68 22 wider
1724 422 57 22 scale
1799 421 28 28 by

1240 447 37 21 the
1292 447 137 26 petitioners.
1470 448 37 21 He
1524 448 95 27 thought
1628 449 49 21 that
1688 449 36 22 the
1735 449 92 27 petition

1240 481 44 14 was
1294 473 119 28 deserving
1423 474 24 22 of
1459 475 110 21 attention
1579 476 22 20 in
1618 483 66 20 many
1699 480 59 23 parts
1766 484 4 13 :
1791 475 37 21 the

1239 508 80 19 prayer
1337 501 119 27 regarding
1480 504 94 19 trustees
1597 509 51 20 was,
1674 503 29 21 he
1727 501 99 29 thought,

1239 527 138 21 reasonable.

1267 553 46 22 The
1326 554 59 21 Lord
1397 553 82 28 Bishop
1489 562 45 14 was
1542 555 23 21 in
1573 554 79 22 favour
1659 555 26 21 of
1690 555 39 21 the
1735 555 92 28 petition

1239 580 68 27 being
1323 581 111 26 received,
1455 588 24 13 as
1497 581 29 21 he
1547 581 36 21 did
1601 586 39 17 not
1660 582 104 22 conceive
1781 583 48 21 that

1240 607 37 21 the
1287 607 110 27 principle
1407 607 107 21 involved
1524 608 23 20 in
1558 608 17 20 it
1585 607 43 22 bad
1639 609 108 26 anything
1762 613 23 17 to
1801 608 27 22 do

1240 634 53 22 with
1302 634 18 20 it
1329 634 23 20 in
1365 634 48 20 that
1421 637 68 23 stage.
1521 634 83 21 Should
1612 642 44 19 any
1663 642 99 14 measure
1773 635 55 22 arise

1241 664 38 18 out
1289 660 25 21 of
1324 660 23 26 it,
1361 660 53 21 then
1427 660 35 21 the
1479 664 128 22 arguments
1624 662 25 20 of
1660 662 34 20 his
1710 661 119 22 honorable

1240 687 70 21 friend
1327 687 72 27 might
1414 687 28 21 be
1460 687 24 21 of
1501 688 61 20 force
1570 695 4 18 ;
1594 687 41 21 but
1651 691 22 18 at
1688 692 95 23 present,
1802 688 26 21 he

1241 714 93 26 thought
1345 714 38 21 the
1394 714 92 21 Council
1498 714 80 21 should
1589 714 59 21 show
1660 722 13 13 a
1682 714 113 22 readiness
1805 719 22 16 to

1241 740 86 22 receive
1335 741 45 21 and
1390 741 101 21 consider
1501 741 55 21 such
1566 740 103 27 petitions
1680 748 24 14 as
1713 748 57 14 were
1782 745 49 18 sent

1241 767 74 21 before
1326 767 62 21 them
1398 767 23 21 in
1432 774 13 14 a
1454 774 80 20 proper
1546 774 98 14 manner.

1267 794 47 21 The
1324 794 94 26 petition
1430 801 44 13 was
1484 794 54 21 then
1549 794 109 22 received.

1499 835 6 2 .
1519 829 28 11 ..*,

1407 850 93 23 PORT
1514 850 152 23 PHILLIP.

621 125 184 30 Administering
830 124 40 24 the
890 125 163 30 Government,
1081 127 130 30 respecting

622 157 37 24 the
673 150 60 31 \ime
746 159 25 22 of
788 158 38 23 the
844 163 54 19 next
917 160 96 23 election
1026 159 44 23 and
1087 159 39 22 the
1139 159 72 24 Town

621 190 151 25 Boundaries.
811 190 51 24 The
874 192 93 24 address
985 192 85 30 having
1087 192 57 23 been
1157 193 53 23 read

621 224 31 31 by
675 224 40 23 the
745 224 73 23 Town
838 224 79 30 Clerk,
936 225 39 23 the
993 224 97 24 Council
1108 225 103 23 resolved

622 257 65 23 itself
696 258 49 22 into
757 266 14 14 a
781 258 137 24 Committee
926 266 61 23 upon
1000 258 37 22 the
1046 258 165 23 consideration

624 291 24 22 of
658 292 30 22 its
702 292 88 22 various
804 292 96 28 clauses,
913 292 66 23 when
992 299 14 14 a
1018 291 79 23 debate
1110 291 24 23 of
1143 292 68 23 much

621 324 98 22 interest
729 324 111 28 followed,
854 324 38 22 the
906 324 117 23 Members
1035 324 24 22 of
1068 323 38 23 the
1116 324 95 24 Council

621 357 113 31 adopting
747 358 89 22 various
857 357 106 30 readings
983 357 26 23 of
1026 357 37 23 the
1081 357 89 24 clauses
1188 359 23 21 in

622 390 37 23 the
684 390 139 23 Ordinance.
870 390 45 23 His
934 390 108 30 Worship
1062 390 38 23 the
1120 390 90 31 Mayor,

623 423 43 23 and
685 423 89 23 several
794 423 65 23 other
878 423 119 23 Member's
1010 423 24 23 of
1049 423 38 23 the
1107 423 103 30 Council,

623 456 96 30 thought
739 456 49 23 that
807 456 40 23 the
865 455 116 31 boundary
1000 457 104 30 question
1122 464 47 16 was
1186 465 25 15 so

623 489 59 23 clear
692 497 25 15 as
724 493 22 18 to
755 488 71 24 admit
833 489 26 23 of
868 496 29 16 no
906 489 76 28 doubt,
997 489 42 23 and
1050 490 161 31 consequently

621 522 124 30 rendering
765 523 18 22 it
795 521 62 31 quite
877 529 152 24 unnecessary
1042 527 21 19 to
1086 524 69 23 touch
1174 524 37 23 the

623 557 106 29 question
740 556 24 22 in
776 555 38 23 the
828 554 100 25 address.

656 588 48 24 His
715 588 110 31 Worship
835 588 38 23 the
885 588 90 32 Mayor,
988 589 88 29 moved,
1077 601 36 5 —
1113 589 63 24 That
1187 597 24 16 so

623 622 67 22 much
704 622 25 22 of
739 621 37 24 the
789 621 93 24 address
895 618 53 35 only
958 630 24 14 as
995 627 101 26 respects
1107 623 38 23 the
1159 628 54 18 next

622 654 96 24 election
731 655 26 22 of
765 654 126 24 Aldermen
902 655 28 23 be
943 655 104 31 adopted.

656 689 127 23 Alderman
797 689 62 23 Hort
880 688 80 24 moved
973 696 24 15 as
1010 696 28 15 an
1058 689 151 28 amendment,

622 734 34 4 —
656 721 64 23 That
743 722 38 23 the
804 721 94 24 address
917 730 24 15 as
963 722 119 31 originally
1103 723 110 30 prepared

623 755 43 23 and
678 755 54 23 read
744 755 30 31 by
786 755 40 23 the
837 755 73 23 Town
923 755 80 28 Clerk,
1016 756 28 22 be
1056 755 104 31 adopted.

682 790 73 28 Ayes,
771 791 37 21 10.
812 801 34 3 —
847 788 70 29 Noes,
931 791 24 21 2.
959 801 33 3 —
993 789 118 31 Majority,
1126 792 24 21 8.

656 821 128 24 Alderman
812 821 115 24 Johnston
957 822 88 29 moved,
1047 835 33 4 —
1080 823 63 23 That
1176 822 37 23 the

623 854 73 24 Town
710 855 122 31 Surveyor,
852 855 27 24 do
892 856 87 22 confine
992 855 38 23 the
1042 860 92 26 present
1147 856 66 22 sche-

624 888 51 22 dule
699 889 26 22 of
752 888 36 23 the
818 888 100 23 rateable
941 893 106 26 property
1068 889 80 22 within
1176 888 37 23 the

623 921 118 30 Borough,
762 922 70 22 about
850 926 23 17 to
888 921 27 23 be
936 922 111 30 prepared
1066 922 30 30 by
1108 922 56 28 him,
1178 922 34 23 for

625 955 38 22 the
680 959 101 26 present,
795 959 23 18 to
836 959 107 26 property
956 954 79 24 within
1053 955 38 23 the
1108 955 72 23 limits
1193 956 23 22 of

624 988 37 23 the
673 988 75 22 inside
758 987 45 24 line
816 988 25 22 of
852 988 37 22 the
901 987 77 31 public
991 995 96 16 reserve.

658 1021 48 23 Mr.
720 1021 67 30 Lyon
800 1021 121 23 seconded.
959 1021 95 23 Carried
1066 1028 56 16 nem.
1137 1029 48 16 con.

658 1054 99 23 Notice
779 1061 30 16 of
830 1053 128 24 Motions.
997 1055 45 22 For
1063 1055 102 31 Monday
1178 1055 36 23 the

625 1090 54 21 31st
698 1089 94 27 instant,
793 1100 35 4 —
830 1087 61 24 That
912 1088 38 22 the
969 1088 71 22 Town
1061 1089 115 29 Surveyor
1188 1089 27 22 be

623 1121 129 23 instructed
770 1126 22 18 to
804 1121 97 30 proceed
919 1121 151 31 immediately
1084 1122 24 22 in
1122 1129 93 23 survey-

624 1155 40 30 ing
677 1155 38 22 the
727 1155 46 22 line
786 1155 25 22 of
830 1155 61 28 road,
913 1155 124 30 extending
1050 1156 57 22 from
1129 1155 85 23 Nairn-

625 1192 71 19 street
713 1192 22 19 to
755 1188 37 23 the
811 1187 43 24 end
868 1188 22 23 of
911 1188 206 31 Thornden-quay,
1138 1188 52 23 with
1204 1196 12 15 a

625 1222 54 22 view
691 1226 22 18 to
727 1223 127 29 improving
866 1222 37 22 the
913 1229 70 15 same.
986 1234 35 3 —
1022 1222 60 22 That
1093 1222 38 22 the
1144 1222 72 22 Local

626 1255 156 23 Government
793 1255 28 23 be
835 1255 124 30 petitioned
970 1259 22 18 to
1006 1255 51 23 take
1068 1255 34 22 off
1111 1255 37 22 the
1162 1255 54 29 duty

625 1295 29 15 on
667 1289 92 28 Spirits,
774 1288 113 28 Tobacco,
908 1288 44 22 and
964 1288 66 22 other
1042 1288 97 28 articles,
1162 1295 53 16 con-

626 1322 79 21 sumed
718 1326 23 17 at
759 1321 36 22 the
809 1321 99 30 whaling
920 1322 97 21 stations
1030 1329 26 14 on
1070 1321 38 23 the
1122 1326 62 17 coast
1197 1321 23 22 of

626 1354 58 22 New
703 1354 108 23 Zealand.
849 1354 61 22 That
929 1355 37 21 the
986 1354 78 23 Police
1080 1354 137 30 Magistrate

625 1387 27 22 be
673 1388 91 31 applied
783 1392 29 23 to,
835 1392 21 18 to
877 1388 63 30 place
962 1388 38 22 the
1022 1389 122 29 prisoners,
1166 1395 51 15 sen-

626 1422 80 22 tenced
719 1426 22 18 to
755 1421 54 23 hard
832 1420 86 29 labour,
938 1421 72 23 under
1023 1421 36 23 the
1072 1420 110 24 direction
1197 1421 23 21 of

627 1455 37 22 the
689 1455 103 28 Council,
811 1455 35 22 for
865 1454 38 22 the
922 1462 99 22 purpose
1040 1455 24 22 of
1081 1454 71 30 being
1171 1462 46 15 em-

626 1487 82 31 ployed
722 1495 28 15 on
764 1488 36 22 the
812 1488 77 30 public
903 1487 83 23 works.

835 1551 184 23 SYDNEY.

1276 901 42 23 We
1331 909 38 15 are
1381 910 63 22 sorry
1459 906 22 18 to
1494 902 47 23 find
1552 902 47 23 that
1611 902 38 22 the
1660 901 101 30 Gazette,
1773 910 56 16 con-

1242 934 81 23 ducted
1341 934 29 31 by
1386 935 46 23 Mr.
1449 935 85 29 Arden,
1557 936 40 22 has
1616 936 55 23 been
1694 936 82 23 offered
1796 936 34 22 for

1243 968 53 27 sale,
1317 968 23 22 in
1360 976 155 22 consequence
1536 969 25 23 of
1581 969 35 23 the
1637 969 121 30 pecuniary
1771 969 58 23 diffi-

1244 1001 77 22 culties
1335 1001 25 22 of
1369 1001 49 23 that
1436 1002 138 29 gentleman.
1612 1002 76 23 These
1698 1002 57 23 have
1767 1003 63 29 prin-

1244 1034 80 31 cipally
1333 1035 74 23 arisen
1417 1035 57 22 from
1487 1035 38 22 the
1534 1035 117 23 unlimited
1665 1035 71 23 credit
1748 1036 65 29 given
1823 1045 5 18 ;

1244 1068 37 22 the
1294 1068 63 22 debts
1370 1067 26 23 of
1409 1068 38 22 the
1461 1072 71 18 estate
1546 1069 132 29 amounting
1691 1073 21 18 to
1725 1069 103 27 £4,000.

1246 1101 46 23 Mr.
1307 1101 78 22 Arden
1404 1102 18 22 it
1435 1101 73 22 would
1521 1109 61 15 seem
1595 1101 43 23 had
1651 1102 101 22 received
1765 1110 66 21 every

1244 1134 99 30 possible
1363 1139 102 25 support,
1488 1138 82 27 except
1593 1134 37 23 the
1650 1142 84 22 money
1755 1135 23 22 of
1798 1135 34 22 his

1245 1168 149 27 subscribers,
1408 1167 43 23 and
1465 1167 35 22 his
1514 1175 71 23 paper
1594 1175 44 15 was
1651 1168 84 30 proved
1745 1173 21 17 to
1776 1168 56 22 have

1245 1201 105 22 returned
1364 1209 12 14 a
1390 1201 59 22 clear
1459 1201 68 29 profit
1541 1201 23 22 of
1576 1201 105 28 £1,000.

1279 1234 38 22 An
1341 1235 118 21 extensive
1478 1234 81 22 failure
1577 1234 41 22 has
1639 1234 68 22 taken
1728 1234 64 30 place
1811 1234 22 22 in

1246 1267 57 22 Port
1316 1267 94 31 Phillip,
1425 1267 49 22 that
1483 1267 24 22 of
1519 1267 47 23 Mr.
1576 1267 81 24 WelbU
1668 1267 25 23 of
1703 1267 37 22 the
1753 1268 48 22 firm
1813 1267 24 22 of

1246 1300 78 22 Welsh
1345 1301 44 21 and
1410 1301 41 22 Co.
1495 1301 69 22 Some
1585 1301 174 22 circumstances
1780 1309 53 14 con-

1246 1334 76 22 nected
1338 1334 54 22 with
1405 1335 37 22 the
1460 1333 78 23 House
1552 1335 24 22 of
1592 1334 36 22 the
1643 1335 134 27 Motifiores,
1799 1334 35 23 led

1248 1372 21 17 to
1282 1368 37 21 the
1332 1368 74 22 cash.
1444 1367 50 22 The
1506 1368 64 22 debts
1581 1368 23 22 of
1616 1368 36 22 the
1663 1367 172 23 establishment
1843 1360 2 31 !

1247 1408 56 15 were
1322 1401 113 28 £43,000
1448 1409 5 19 ;
1478 1400 37 22 the
1535 1406 72 17 assets
1626 1402 121 26 £30,000.
1785 1400 49 23 The

1247 1434 108 22 creditors
1366 1434 107 30 accepted
1484 1436 35 20 Bs.
1530 1435 24 21 in
1566 1434 35 22 the
1611 1434 84 29 pound,
1707 1438 23 18 at
1742 1436 38 26 12,
1795 1435 39 26 18,

1247 1467 42 22 and
1303 1469 14 20 2
1326 1469 7 20 1
1348 1467 91 22 months
1451 1467 35 22 for
1501 1467 38 22 the
1553 1467 112 22 dividend.

1275 1498 90 21 Wn\Ln
1381 1499 96 20 Diving.
1479 1509 28 3 —
1508 1499 20 20 A
1540 1498 69 21 whale
1620 1498 62 21 when
1694 1498 74 21 struck
1785 1498 49 21 with

1247 1524 37 21 the
1302 1525 109 26 harpoon,
1429 1524 45 22 will
1491 1525 51 22 dive
1554 1524 125 21 sometimes
1691 1528 21 17 to
1724 1524 35 22 the
1770 1524 65 28 depth

1248 1552 25 21 of
1286 1554 38 19 SOO
1334 1552 104 26 fathoms,
1450 1552 43 20 and
1510 1559 23 14 as
1551 1551 36 22 the
1602 1552 85 21 surface
1704 1552 25 20 of
1745 1559 13 14 a
1775 1551 60 26 large

1248 1578 83 21 animal
1342 1586 51 20 may
1409 1580 26 20 be
1449 1578 118 22 estimated
1578 1582 21 17 at
1610 1580 62 24 1,500
1686 1585 79 20 square
1782 1579 51 25 feet,

1248 1609 22 17 at
1289 1606 41 20 this
1350 1610 63 22 great
1431 1605 68 27 depth
1519 1606 16 20 it
1553 1605 42 21 will
1611 1605 57 21 have
1686 1609 21 17 to
1723 1606 83 20 sustain
1825 1613 12 13 a

1247 1639 101 20 pressure
1357 1632 67 27 equal
1435 1637 21 16 to
1468 1634 91 25 211,000
1570 1636 54 17 tons.
1660 1632 48 21 The
1721 1632 114 21 transition

1248 1659 56 21 from
1313 1659 48 20 that
1372 1660 70 20 which
1454 1660 18 20 it
1482 1660 16 20 is
1510 1658 94 28 exposed
1616 1663 21 17 to
1653 1662 22 17 at
1693 1659 35 20 the
1744 1659 91 25 surface,

1249 1686 44 21 and
1303 1686 72 21 which
1387 1693 50 19 may
1449 1686 102 21 betaken
1562 1689 22 18 at
1594 1686 66 21 about
1672 1688 61 24 1,300
1743 1690 56 22 tons,
1814 1690 21 16 to

1249 1721 23 12 so
1284 1720 116 14 enormous
1407 1721 28 13 an
1447 1713 107 26 increase,
1566 1717 59 17 must
1634 1712 27 22 be
1675 1712 130 28 productive
1816 1713 25 20 of

1249 1740 37 21 the
1296 1744 83 17 utmost
1390 1740 137 21 exhaustion.

1376 1796 118 23 SOUTH
1508 1796 209 23 AUSTRALIA.

56 578 40 24 The
106 574 100 24 criminal
219 582 65 15 cases
297 576 22 21 in
338 574 36 23 the
388 575 112 31 Supreme
513 575 79 30 Court,

33 616 32 24 just
79 608 76 28 closed,
174 615 59 15 were
252 613 40 18 not
313 607 89 31 strictly
421 608 113 31 speaking
553 609 40 23 be-

33 645 71 31 longing
115 646 21 19 to
155 640 50 24 that
224 640 110 30 tribunal,
347 640 53 31 they
418 649 57 16 were
495 642 98 24 offences

33 677 57 27 triable
102 680 22 18 at
145 674 38 24 the
205 674 92 31 County
311 675 79 27 Court,
404 675 44 23 and
461 682 33 16 we
506 675 87 24 believe

33 714 24 24 the
67 708 104 26 criminals
189 715 58 16 were
267 708 133 23 committed
420 713 21 18 to
462 708 54 23 take
535 709 59 23 their

33 745 44 25 trials
92 742 72 23 before
185 741 39 23 the
242 741 75 31 Judge
338 741 24 23 of
378 741 48 24 that
445 742 72 24 Court
527 751 6 20 ;
553 743 42 23 but

32 780 25 23 the
68 774 59 27 Chief
140 774 95 28 Justice,
249 775 78 30 acting
339 782 60 23 upon
421 775 37 24 the
471 775 86 24 dictum
570 776 25 23 of

33 811 44 26 Lord
85 809 107 29 Abinger,
205 807 50 23 who
274 807 45 24 had
338 807 45 24 laid
402 809 18 22 it
440 809 65 23 down
518 809 49 23 that
581 818 14 14 a

33 844 54 30 Judge
97 841 23 24 of
134 841 73 23 assize
219 841 95 31 holding
326 841 38 24 the
376 842 141 31 sovereign's
530 851 63 15 com-

33 878 71 25 mission
116 874 42 23 and
172 874 70 30 being
254 882 30 15 on
304 875 38 23 the
362 879 58 27 spot,
434 875 72 30 ought
521 881 23 17 to
557 884 38 15 see

33 913 35 23 that
77 910 32 23 the
127 908 63 30 gaols
211 915 38 16 are
270 907 114 24 delivered
404 913 22 18 at
447 909 38 23 the
504 909 91 23 earliest

33 943 77 30 possible
130 940 154 32 opportunity.
332 941 58 23 This
414 949 45 15 was
468 963 5 3 .
480 941 38 23 the
541 950 52 15 case

34 980 15 22 in
58 977 30 23 the
99 979 73 19 recent
190 974 53 23 trial
264 975 25 22 of
305 975 38 22 the
356 987 2 8 i
364 975 76 23 Maori
452 975 81 31 Epoti,
544 976 51 22 who

34 1019 32 16 was
75 1008 51 24 tried
143 1015 29 15 on
190 1008 39 22 the
250 1008 65 28 10th,
328 1008 41 22 but
387 1008 50 24 who
456 1009 24 22 in
499 1008 38 23 the
558 1017 37 15 or-

35 1046 59 28 dinary
105 1049 75 16 course
191 1041 76 23 would
278 1041 59 23 have
350 1041 56 23 been
419 1040 105 25 detaiiied
537 1042 59 23 until

34 1079 26 23 the
78 1076 58 24 18th.
172 1074 44 23 We
236 1082 68 23 agree
322 1075 96 31 entirely
430 1076 23 22 in
473 1075 40 23 the
531 1077 64 28 prin-

35 1111 47 31 ciple.
121 1108 42 23 We
181 1115 38 16 are
240 1112 40 19 not
292 1108 84 23 skilled
392 1109 24 22 in
436 1108 49 28 law,
499 1108 45 23 and
564 1117 31 15 we

33 1150 84 26 presume
129 1142 43 22 this
185 1148 79 16 course
276 1149 46 15 was
342 1149 13 15 a
373 1142 59 31 legal
444 1150 50 21 one,
514 1150 81 16 never-

35 1177 72 27 theless,
125 1183 31 15 we
177 1175 56 22 have
256 1175 48 22 also
321 1175 70 24 heard
407 1176 54 23 'that
481 1175 30 23 all
529 1176 67 30 penal

35 1215 74 19 statutes
120 1216 35 16 are
169 1213 22 18 to
203 1208 28 22 be
250 1209 139 30 interpreted
401 1208 92 32 legally,
506 1210 44 22 and
564 1209 30 23 all

35 1242 82 25 criminal
130 1241 148 31 proceedings
297 1241 126 24 conducted
444 1242 95 31 strictly,
553 1242 43 23 and

35 1278 36 22 that
88 1283 40 22 any
139 1275 131 23 innovation
291 1275 90 23 entitles
402 1275 36 23 the
458 1277 103 29 prisoner
574 1282 22 16 to

35 1312 25 22 his
70 1309 118 23 immediate
209 1308 120 31 discharge
340 1318 5 18 ;
365 1309 41 22 but
421 1309 78 31 Epoti,
516 1310 22 22 in
551 1310 46 22 this

35 1352 43 19 case,
92 1342 99 24 obtained
210 1342 36 22 his
265 1342 87 23 release
371 1342 97 24 because
489 1340 36 33 (as
547 1343 48 23 Mr.

35 1378 46 22 Ross
97 1383 40 15 was
157 1375 136 31 instructed)
315 1375 39 23 the
374 1376 134 22 indictment
529 1376 66 23 could

35 1415 28 19 not
73 1410 22 22 be
106 1409 120 27 sustained,
240 1409 49 22 that
310 1414 40 18 not
369 1409 53 30 only
435 1417 44 15 was
492 1409 39 23 the
543 1418 53 23 pro-

35 1449 49 26 perty
94 1444 21 21 in
127 1443 102 30 question
240 1442 47 23 laid
300 1450 25 15 as
338 1442 37 23 the
393 1448 107 25 property
514 1442 25 23 of
555 1451 43 15 one

35 1484 73 23 person,
120 1476 63 22 when
202 1477 23 21 in
240 1476 45 22 fact
305 1476 17 22 it
341 1476 110 31 belonged
468 1481 21 17 to
503 1477 94 27 several,

35 1510 29 23 but
80 1510 44 22 that
141 1509 37 22 the
197 1517 55 22 very
270 1517 47 23 gun
337 1517 44 14 was
400 1510 73 30 partly
488 1509 36 23 the
544 1517 54 23 pro-

35 1548 49 26 perty
106 1542 23 23 of
154 1542 37 23 the
216 1542 103 24 accused.
367 1543 57 23 This
445 1551 46 14 was
515 1543 84 30 proved

36 1576 46 30 early
93 1577 20 22 in
127 1576 36 22 the
184 1576 60 28 trial,
258 1576 45 23 and
324 1576 63 23 there
406 1584 45 15 was
471 1585 28 14 an
522 1576 42 23 end
578 1576 24 23 of

35 1610 27 22 the
78 1617 46 15 case
144 1613 21 19 at
184 1617 63 16 once.
285 1610 30 22 In
337 1609 37 23 the
391 1610 85 22 former
495 1610 63 23 trials
578 1610 24 23 of

35 1643 85 27 Natives,
139 1643 105 30 reported
264 1644 23 22 in
305 1644 38 22 the
369 1643 100 29 Gazette,
489 1648 40 17 not
547 1644 52 29 only

35 1677 43 22 have
89 1676 35 23 the
136 1684 62 14 cases
216 1677 56 23 been
293 1682 60 18 most
372 1677 110 29 minutely
493 1676 106 28 handled,

35 1710 29 22 hut
80 1710 35 22 the
134 1717 53 23 very
207 1710 149 31 proceedings
377 1710 117 31 eulogized
515 1711 24 22 in
562 1710 38 23 the

34 1743 81 23 London
137 1750 89 23 papers,
248 1743 44 23 and
316 1752 25 15 as
364 1752 13 14 a
397 1744 68 29 proof
491 1744 48 22 that
564 1743 37 23 the

35 1776 85 23 Maories
130 1777 56 29 fully
197 1777 138 23 understand
347 1785 39 14 our
393 1777 42 22 law
444 1777 156 31 proceedings,

31 1810 16 22 in
57 1810 33 22 the
101 1810 43 22 last
155 1810 84 23 Native
260 1818 51 16 case
324 1811 24 23 in
360 1810 37 23 the
411 1810 90 30 County
515 1810 84 28 Court,

34 1848 32 17 two
77 1843 92 23 Natives
188 1843 57 24 from
266 1843 131 31 Wanganui
418 1851 55 16 were
492 1844 56 23 tried
569 1844 33 22 for

32 1876 83 30 stealing
134 1877 70 30 goods
222 1876 58 24 from
303 1886 13 14 a
335 1877 55 31 shop
410 1877 44 23 and
475 1876 125 29 convicted,

33 1917 53 23 every
99 1910 56 22 tittle
175 1910 25 22 of
217 1909 37 24 the
273 1910 106 23 evidence
399 1918 46 15 was
463 1910 140 31 interpreted

33 1947 16 18 to
61 1943 57 23 them
131 1950 24 15 as
167 1943 51 23 well
238 1951 24 14 as
282 1951 68 23 every
362 1944 141 22 observation
525 1944 24 23 of
565 1944 38 22 the

33 1976 89 23 Counsel
146 1976 44 23 and
213 1976 38 23 the
276 1977 80 22 Court.
409 1977 128 28 Moreover,
563 1985 40 15 our

30 2008 45 23 local
87 2009 73 30 Judge
174 2010 78 29 placed
265 2009 118 30 Tauringa
394 2010 72 27 Kure,
481 2010 49 28 (the
544 2011 57 21 ack-

32 2041 117 31 nowledged
171 2043 62 22 chief
248 2043 25 22 of
289 2043 48 22 that
355 2043 57 22 tribe
433 2048 21 18 to
474 2043 72 22 which
566 2043 38 22 the

32 2076 102 29 prisoners
148 2075 122 31 belonged)
283 2084 28 14 on
324 2076 38 22 the
374 2076 72 23 bench
460 2076 75 22 beside
547 2077 56 27 him,

33 2108 40 23 who
84 2113 37 18 not
134 2108 51 30 only
198 2109 110 23 admitted
320 2109 37 23 the
372 2114 140 18 correctness
525 2110 25 22 of
566 2110 37 21 the

33 2141 141 30 proceedings,
189 2142 41 22 but
249 2142 37 22 the
299 2142 84 31 justice
397 2143 25 22 of
438 2142 36 23 the
487 2148 115 23 sentence,

35 2175 35 22 and
81 2175 50 22 then
143 2175 84 23 offered
247 2180 23 18 to
289 2175 69 23 make
378 2177 130 22 restitution
527 2182 21 17 to
567 2176 37 22 the

35 2208 106 30 aggrieved
161 2210 93 29 parties,
268 2209 44 23 and
324 2210 48 22 also
393 2214 23 18 to
438 2209 66 23 make
517 2210 87 22 further

37 2241 78 23 amends
143 2242 22 22 in
193 2247 107 25 property
324 2247 22 18 to
370 2243 78 30 satisfy
472 2242 39 23 the
534 2242 70 23 moral

36 2274 71 23 offence
118 2276 120 29 according
249 2280 22 18 to
284 2276 84 22 Native
381 2280 96 19 custom.
