2510 4039
1896 124 221 24 WHOLESALE
2147 123 125 25 PRICES
2272 123 20 25 CURRENT.

1923 3570 39 17 The
1973 3572 48 16 New
2032 3570 98 20 Zealand
2142 3575 92 17 Gazette
2241 3576 35 16 and
2424 3572 45 17 Sjsec-

1902 3595 64 13 tabor
1971 3592 15 16 Is
1994 3593 96 22 puili^ied
2097 3598 55 17 every
2158 3595 113 22 Wednesday
2281 3591 41 21 anil'
2328 3593 84 21 Saturday.
2431 3591 34 17 Sub-

1900 3612 61 21 joined
1968 3617 30 12 aro
2006 3614 31 15 the
2044 3615 64 16 terms:
2110 3624 22 4 —

1923 3633 62 17 Price
1993 3638 24 12 of
2025 3639 40 12 the
2073 3636 97 17 Paper.—
2170 3636 55 21 Forty
2231 3638 82 20 shillings
2319 3642 30 14 per
2359 3636 110 21 annupvpay*

1902 3654 39 17 able
1949 3654 19 21 in,
1974 3655 91 20 adyariqe';
2072 3657 148 21 .otonaahiUing
2225 3659 27 19 for
2258 3658 58 22 sinjjle
2323 3657 84 19 numbers.

1923 3676 156 17 Advertisements
2086 3678 37 18 yfill
2130 3680 33 14 not
2169 3675 66 22 aWear
2244 3680 26 17 in.
2275 3680 31 15 the
2315 3682 74 16 ensuing
2398 3675 68 18 number,

1902 3695 16 18 if
1926 3697 85 16 received'
2015 3697 47 17 later
2069 3698 156 22 thari'lOWclock,
2233 3704 47 16 a.m.,
2288 3704 23 12 on
2318 3699 29 18 the
2354 3696 81 20 mornings
2442 3695 22 15 be-

1902 3718 36 19 for^
1949 3718 123 23 jpu^lic^tiiftn.
2088 3719 44 22 lAAY
2133 3724 11 11 e
2144 3736 5 4 .
2145 3722 16 13 rt
2161 3724 89 16 ?WTOenu
2264 3721 36 18 mil
2311 3722 20 15 be
2342 3718 87 18 coatinued
2436 3717 26 15 ana

1902 3737 77 21 charged
1990 3738 48 18 iuUil
2048 3741 165 20 coiuiter-ordered;
2225 3742 46 16 such
2278 3741 50 18 order
2334 3741 48 16 must
2387 3740 19 19 l?e
2412 3738 52 18 sentw

1902 3759 31 15 the
1943 3760 54 15 OiGct)
2003 3758 48 17 >twoi
2064 3758 43 22 days
2198 3762 115 20 publication,
2325 3761 34 17 and
2369 3762 45 15 must
2422 3760 18 14 be
2449 3756 13 16 in

1902 3779 77 21 writing.
1996 3779 173 24 ,A4vert}sernentfl,
2173 3782 82 20 received
2272 3782 52 21 after
2341 3782 19 17 10
2375 3779 58 19 o'clock
2445 3779 17 14 o»

1899 3800 85 22 Tuesday
1997 3800 37 17 ana
2044 3798 65 23 Friday
2119 3802 95 22 mornings
2226 3804 37 17 will
2273 3805 22 15 be
2306 3802 73 21 charged
2389 3801 43 16 twice
2441 3798 23 15 the

1902 3821 112 19 qsualrates,
2029 3824 12 15 ,j
2071 3825 22 15 -,r;
2109 3819 20 21 y]
2149 3824 11 16 ;<
2181 3827 2 5 ■
2202 3829 3 4 •
2217 3826 42 13 .i,,.,
2295 3828 10 8 •.
2343 3822 17 13 'J

1922 3840 31 17 All
1959 3842 66 17 orders,
2037 3841 157 23 advertijemertts,
2205 3845 36 16 and
2252 3843 156 21 cpmmunicafian?
2418 3840 47 19 to>*V

1902 3862 68 19 Editor,
1976 3866 30 12 are
2013 3860 150 22 requested-tb'b'e
2168 3858 48 23 add?
2216 3866 52 16 essed
2274 3858 19 24 t3
2298 3864 37 20 th.ii
2341 3858 57 28 O^e.

1901 3907 74 16 Printed
1989 3906 36 17 and
2032 3904 2 7 '
2039 3907 96 21 published
2152 3913 11 12 e
2164 3913 43 15 vary
2224 3910 111 18 Wednesday
2338 3923 3 5 ,
2345 3909 25 19 ,an
2370 3909 17 19 4,
2392 3904 73 22 Sati«rA»7

1922 3972 43 16 tor,
1976 3966 156 25 Mannefe-ntrott,
2142 3966 115 27 Wefllngtoa,
2269 3972 42 17 Port
2325 3970 95 19 Nichaliwii
2432 3967 33 16 ««w

1923 3989 83 17 Zial»n4.

555 41 110 48 €%r
680 42 120 41 Ws*&
827 40 206 43 Ztaiatib
1058 36 191 45 <&anilt
1275 40 91 38 atxb
1391 36 304 48 Wtcitimim
1714 28 254 56 &%Mtm&

1997 162 139 17 CORRECTED'
2145 160 30 18 VP
2190 164 28 13 TO
2234 164 54 14 LAST
2304 164 77 17 NIQHT.

1953 194 2 5 '
1999 196 5 2 ■
2030 192 2 5 '
2072 191 3 6 '
2095 191 2 6 '
2140 202 8 8 .
2231 189 24 18 ■*
2276 195 16 12 «•
2317 192 16 17 a.
2384 194 14 18 jj
2417 203 11 12 
2446 204 7 15 d

1897 217 177 29 AtE:yebhhd
2176 233 5 6 .
2189 233 33 6 ...
2241 219 14 21 7
2282 220 115 25 00..7
2420 228 10 21 7
2450 235 7 5 „

2074 252 40 20 per
2119 245 101 23 barrel..
2238 246 13 21 5
2280 247 13 20 5
2321 248 13 20 0
2350 262 18 8 
2384 252 12 19 o
2419 256 10 19 ono
2448 261 9 15 n

2073 273 90 31 pertyz
2241 274 13 20 0
2269 274 26 24 13
2323 275 13 19 0
2352 289 17 6 ..
2385 278 12 20 o
2419 283 10 19 o
2448 287 9 19 o

1898 299 98 21 Arrack
2004 306 5 14 :
2026 298 43 22 Per
2078 298 44 27 gal.
2132 306 25 14 m
2166 299 62 21 bond
2242 301 13 24 Q
2284 301 11 19 1
2324 301 13 19 9
2354 316 4 5 .
2366 317 4 5 .
2387 306 11 18 o
2420 309 9 13 o

1897 325 93 21 BnfeAD:
2006 325 43 22 Per
2058 325 49 22 2lb.'
2114 322 50 26 loaf
2226 323 3 4 '
2243 328 13 19 0
2283 328 14 19 0
2324 327 13 21 7
2354 343 16 6 ..
2387 332 11 19 0
2420 335 10 20 o
2448 341 9 18 q

1898 352 72 22 Beef:
1987 352 76 27 Fresh,
2083 357 89 17 cataase
2189 359 40 20 per

2011 379 72 25 }h.i-
2091 388 129 16 ..,...>.
2239 381 20 24 0.
2281 381 12 20 0
2309 381 26 20 10
2352 396 16 6 ..
2385 386 11 19 o
2418 388 11 20 0
2446 393 9 19 o

2006 405 54 28 Salt,
2070 413 40 20 per
2123 406 69 25 tierce
2206 420 18 10 .-,
2264 414 59 14 none
2353 423 17 6 ..
2387 413 11 19 0
2419 416 11 19 0
2448 421 9 17 o

2006 429 44 25 Do!
2061 440 39 18 per
2114 433 73 21 barrel
2205 447 5 6 .
2218 447 5 5 .
2251 454 5 3 .
2263 440 58 15 none
2352 449 4 5 •
2364 451 4 5 .
2385 439 11 20 0
2418 442 11 20 0
2448 447 9 18 o

1898 459 105 22 Butter:
2021 456 66 29 Irish,
2097 456 39 30 pjer
2146 459 31 22 lb.
2203 462 50 19 ..'0
2282 461 11 21 1
2323 462 12 19 9
2352 476 16 6 ..
2385 466 11 19 o
2418 468 10 20 2
2448 474 9 17 o

2020 481 95 27 Fresh..'
2244 489 14 19 0
2283 489 14 20 3
2325 489 12 19 3
2354 503 17 7 ..
2387 493 12 19 0
2420 496 10 19 0
2448 500 9 18 o

1898 519 82 15 DRANu
1985 520 10 14 t
2002 521 5 13 :
2023 513 60 21 First
2089 513 93 27 quality,
2189 520 41 21 per

2048 539 75 27 gallon
2132 540 24 21 in
2167 539 62 23 bond
2242 542 13 20 0
2284 542 13 20 6
2325 543 13 19 0
2354 557 5 5 .
2366 557 5 5 .
2387 546 10 19 o
2420 549 10 19 8
2449 553 9 19 o

1898 567 86 21 Brown
2003 567 89 23 Stout:
2115 574 40 20 per
2169 566 54 22 hhd.
2239 569 13 19 6
2267 569 27 19 10
2321 569 14 19 0
2351 583 17 7 ..
2386 571 11 21 7
2418 576 11 18 o
2448 580 8 19 o

1898 595 100 24 CjGAß.ij:
2010 593 103 27 Manilla,
2121 601 40 20 per
2166 595 62 26 1000,
2243 596 13 19 3
2284 597 13 19 0
2325 596 13 19 0
2354 611 17 6 
2387 600 11 19 o
2420 603 10 18 0
2449 607 9 16 o

2008 618 96 24 Inferior
2244 623 52 23 118
2325 623 72 22 0..2
2419 629 39 22 0o

2009 646 218 28 Havannahiperlb.
2262 654 60 17 none
2353 664 5 5 .
2365 665 5 5 .
2386 653 11 19 0
2418 656 11 19 0
2448 659 9 16 o

2006 673 127 23 Chinsurah
2136 681 40 20 per
2183 675 70 21 10001
2269 677 27 19 10
2324 676 13 20 0
2354 691 16 5 ..
2386 680 11 19 0
2419 682 10 19 0
2448 686 9 19 0

2006 701 157 22 Alexandrian
2176 715 46 7 ....
2243 703 53 20 110
2324 703 13 19 0
2353 717 5 5 .
2365 717 5 6 .
2386 707 11 19 o
2419 709 10 18 o
2448 713 9 18 o

1898 729 88 21 Coffee
1993 736 4 13 :
2009 728 65 27 Java,
2085 735 39 20 per
2132 728 31 25 jib.
2177 731 78 19 ....0
2282 731 14 19 0
2311 730 26 20 10
2354 745 16 5 ..
2385 734 12 19 0
2420 735 9 20 1
2448 739 10 20 )

1898 755 102 22 Cheese:
2017 754 106 22 Cheshire
2243 757 13 19 0
2284 757 10 20 1
2324 757 13 19 6
2354 771 17 6 ..
2387 760 10 20 0
2420 762 10 19 0
2449 767 9 18 Q

2016 781 56 22 Pine
2082 781 74 28 Apple
2243 784 13 20 0
2284 781 12 22 0
2325 784 13 19 0
2354 799 5 5 
2387 788 12 19 0
2421 789 7 19 1
2449 793 9 18 2

2015 808 77 22 Dutch
2243 811 13 19 0
2284 811 12 19 0
2325 811 13 19 0
2354 825 17 6 ..
2387 814 11 19 0
2420 816 7 23 I
2451 820 8 19 o

1898 837 106 20 Candles
2011 842 5 14 :
2024 835 94 27 English
2126 842 57 20 wax,
2190 843 40 20 per

2042 862 23 22 lb
2243 865 13 19 0
2283 865 13 20 3
2324 865 14 19 0
2354 879 5 6 .
2366 879 5 7 .
2387 869 12 19 o
2420 870 10 20 0
2450 874 8 18 fi

2029 889 81 22 Mould
2242 893 13 19 0
2284 891 9 20 1
2324 892 106 25 3..00
2450 901 8 19 0

2030 916 58 28 Dips
2242 919 13 19 0
2283 919 10 22 1
2324 919 134 27 0..Q0Q

1899 943 92 22 Floor:
2001 943 130 28 Istquality,
2143 947 84 24 perton

2022 971 25 20 of
2058 972 54 19 2000
2122 971 41 21 lbs.
2175 972 79 20 ....23
2282 973 13 19 0
2323 973 12 19 0
2352 975 44 19 ..25
2419 978 10 19 0
2449 981 9 19 0

1961 1016 5 6 ,
1997 997 47 21 2nd
2055 997 54 24 ditto
2243 1000 13 19 0
2278 1000 21 19 .0
2324 1000 13 19 0
2354 1002 45 20 ..20
2420 1005 10 18 0
2450 1008 8 18 0

1898 1025 61 27 pri.v,:
1970 1024 63 25 .Pale
2051 1025 23 22 in
2086 1024 58 22 bond
2228 1026 27 21 ,0
2282 1026 13 21 3
2324 1026 13 20 0
2353 1041 17 6 ..
2385 1030 12 19 0
2419 1031 11 20 4
2448 1035 9 19 c

1907 1048 4 9 1
1949 1047 127 30 Casej'4gal
2086 1051 37 21 4-5
2131 1052 24 20 in
2164 1051 63 22 bond
2242 1054 13 19 0
2283 1054 22 19 0-
2324 1054 46 20 0..
2387 1057 9 20 1
2420 1059 9 18 8
2450 1062 8 18 0

1900 1077 81 22 Hams:
1996 1077 130 28 Yorkshire,
2141 1086 41 19 per
2190 1079 24 21 lb
2222 1094 5 6 .
2244 1080 12 19 0
2285 1080 13 20 0
2326 1081 12 19 0
2354 1096 17 5 ..
2387 1084 12 19 0
2420 1086 11 19 0
2450 1088 10 19 0

1899 1105 126 21 Mustard:
2042 1105 44 21 Per
2095 1105 70 21 dozen
2180 1120 45 6 ....
2244 1107 12 19 0
2272 1107 31 20 18'
2326 1108 12 19 0
2355 1122 16 5 ..
2388 1112 11 18 0
2422 1112 9 19 0
2451 1115 9 18 0

1899 1132 99 21 Mutton
2008 1140 5 12 :
2035 1132 93 21 Carcase
2138 1140 41 19 per
2188 1133 23 20 lb
2223 1148 5 5 .
2244 1134 12 19 0
2284 1135 13 18 0
2326 1134 11 19 9
2355 1150 5 4 .
2368 1150 3 4 .
2388 1138 11 19 0
2422 1140 35 20 011

1899 1159 122 21 Muskets:
2136 1159 94 23 stocked
2244 1162 14 18 0
2285 1162 13 19 0
2326 1163 12 18 0
2355 1176 16 6 ..
2388 1166 11 18 0
2413 1166 17 19 15
2451 1170 9 17 o

1899 1187 66 20 Milk
1973 1202 3 5 .
1994 1185 42 22 Per
2044 1189 49 24 pint
2244 1189 12 18 0
2284 1189 12 18 0
2325 1189 12 18 3
2355 1204 4 5 .
2367 1203 4 6 .
2389 1192 10 19 0
2421 1193 9 18 0
2450 1195 9 19 4

1900 1213 56 21 Oil:
1973 1213 103 24 Linseed,
2088 1220 38 19 per
2135 1213 76 26 gallon
2222 1230 5 4 .
2243 1216 13 18 0
2284 1215 12 19 5
2326 1217 12 18 0
2356 1230 15 5 ..
2389 1219 10 18 0
2422 1218 9 21 7
2451 1223 10 17 y

1974 1239 284 28 Black,incask,pertonl7
2286 1243 13 19 0
2326 1243 13 19 0
2356 1257 16 6 ..
2389 1246 11 18 0
2422 1247 9 18 0
2451 1249 8 18 o

2010 1268 78 25 Sperm
2227 1269 26 20 75
2282 1270 11 17 0
2324 1269 11 18 0
2353 1284 17 6 ..
2387 1272 10 18 o
2420 1272 9 19 0
2450 1275 8 18 o

1899 1294 64 21 Pork
1971 1302 4 13 :
1991 1293 77 27 Fresh,
2087 1301 88 14 carcase
2191 1302 39 20 per

2016 1320 22 32 Jb
2241 1324 14 19 0
2283 1325 12 18 0
2324 1324 12 19 5
2355 1338 4 5 .
2366 1338 5 5 .
2387 1327 11 18 ()
2420 1329 10 18 o
2450 1331 10 17 0

1898 1348 64 21 Pork
1971 1356 4 13 :
1992 1347 66 27 Irish,
2069 1354 39 20 per
2117 1348 74 21 barrel
2204 1364 5 5 .
2217 1364 5 5 .
2241 1350 14 20 0
2283 1352 12 18 0
2325 1352 12 19 0
2355 1366 4 5 .
2367 1366 4 5 .
2387 1354 10 18 5
2420 1361 9 12 j
2451 1357 9 18 o

1900 1376 129 20 Potatoes:
2052 1375 55 20 New
2121 1375 107 27 Zealand,

2077 1409 39 19 per
2125 1406 38 17 ton
2243 1404 12 19 5
2285 1406 12 19 0
2326 1402 73 25 0..'8
2422 1409 9 19 0
2452 1411 9 18 0

1899 1429 93 21 Porter
2001 1436 5 13 :
2037 1428 101 28 Dunbar,
2150 1430 24 21 in
2182 1429 45 22 boL

2067 1462 39 20 per
2116 1456 41 21 doz
2242 1458 13 19 0
2271 1459 25 20 13
2324 1461 107 20 0..00
2452 1466 9 16 0

2008 1482 85 27 Bryant
2103 1482 45 21 and
2157 1483 70 22 Davis
2243 1486 12 18 0
2271 1486 24 19 13
2324 1489 13 17 U
2354 1501 4 5 .
2366 1501 4 4 .
2387 1491 11 17 v
2422 1491 9 17 0
2452 1493 10 17 0

1900 1510 96 21 Pjcki.es
2009 1517 4 13 :
2046 1509 115 27 Assoi^ed,
2190 1517 40 20 per

2072 1536 56 26 doz.,
2153 1541 77 23 quarts
2245 1540 8 19 1
2287 1541 7 18 I
2326 1543 12 17 0
2356 1555 3 5 .
2367 1555 4 5 .
2389 1545 10 15 .)
2423 1546 10 15 i>
2454 1545 8 17 0

1900 1564 72 21 Pitch
1985 1571 4 13 :
2022 1563 138 27 Stockholm,
2190 1572 40 19 per

2049 1590 71 22 barrel
2245 1594 12 19 0
2286 1596 12 18 0
2326 1597 12 17 0
2356 1609 3 5 .
2367 1610 4 5 .
2390 1597 7 19 1
2423 1597 10 18 5
2456 1601 8 17 o

1900 1618 92 23 Pjlank:
2096 1618 133 27 Nicholson,

2049 1652 39 20 per
2096 1646 40 21 100
2147 1646 46 21 feet
2206 1661 5 4 .
2220 1661 4 4 .
2244 1648 12 19 0
2284 1649 13 19 0
2325 1650 12 18 0
2354 1663 4 5 .
2366 1663 4 5 .
2389 1651 8 19 1
2423 1651 8 20 1
2454 1654 11 18 o

1899 1672 69 21 Rice;
1982 1672 109 21 Common
2102 1679 38 20 per
2147 1676 49 17 cwt.
2208 1688 17 5 ..
2245 1676 12 19 0
2286 1677 12 18 0
2326 1678 12 18 0
2355 1690 15 5 ..
2388 1679 13 18 0
2423 1679 11 19 0
2454 1681 10 18 0

1982 1700 65 20 Good
2244 1703 10 19 1
2284 1703 12 19 4
2325 1705 12 18 0
2354 1717 16 5 ..
2387 1706 12 18 0
2422 1706 11 18 0
2454 1708 8 18 o

1900 1726 66 21 Rum:
1985 1727 23 20 P.
2020 1726 25 22 ]$.
2058 1726 32 25 P.,
2105 1734 40 20 per
2154 1726 75 27 gallon

2020 1754 24 20 in
2060 1753 59 25 bond
2243 1757 13 18 0
2283 1757 13 20 4
2324 1757 12 19 0
2354 1771 16 5 ..
2387 1761 12 17 0
2422 1759 10 19 5
2455 1762 9 18 0

1899 1781 88 21 Sugar:
2002 1780 122 26 'Mauritius
2133 1788 41 19 per
2182 1785 48 17 cwt.
2245 1785 13 17 0
2286 1785 13 19 0
2327 1785 11 19 0
2356 1798 15 5 ..
2403 1792 45 14 none

2008 1808 81 20 Browii
2104 1808 55 20 ditto
2243 1811 10 19 1
2283 1812 12 18 8
2324 1813 140 21 0..000

1980 1848 2 6 ■
2008 1834 96 22 Reiined
2120 1835 53 26 loaf,
2191 1843 39 20 per

2034 1862 22 23 lb
2244 1865 14 19 0
2285 1866 14 19 0
2326 1867 12 18 9
2355 1879 16 5 ..
2389 1867 12 18 0
2424 1869 11 18 0
2456 1870 9 17 0

2009 1888 96 22 Manilla
2124 1896 40 20 per
2178 1893 49 17 cwt.
2242 1893 12 18 0
2283 1893 12 19 0
2323 1895 48 17 0..
2388 1892 56 22 None

1899 1916 74 20 Salt;
1988 1915 126 28 Liverpool,
2124 1922 41 21 per
2175 1919 40 21 ton.
2222 1933 5 5 .
2243 1919 12 19 3
2284 1921 12 18 0
2323 1920 14 20 0
2354 1933 16 5 ..
2387 1921 12 19 4
2423 1922 11 19 0
2456 1923 8 19 0

1899 1943 59 20 Soap
1968 1951 6 13 :
2000 1942 103 22 Hawes's
2125 1943 104 27 .London,

2027 1973 83 23 perton
2228 1972 28 20 35
2284 1975 12 18 0
2323 1975 13 18 0
2352 1987 16 5 ..
2388 1975 11 18 0
2425 1976 11 15 a
2457 1976 9 18 0

2016 1996 120 28 Liverpool
2229 2001 26 19 20
2283 2002 12 18 0
2323 2002 12 18 0
2352 2015 4 4 .
2364 2014 4 4 .
2386 2002 12 19 0
2424 2002 9 18 0
2457 2005 8 17 o

1899 2024 105 21 Starch;
2019 2023 43 23 Per
2071 2023 31 21 lb.
2244 2029 12 17 0
2284 2030 13 17 0
2324 2029 11 18 0
2354 2041 16 5 ..
2389 2029 12 19 d
2425 2031 10 17 0
2457 2030 9 18 0

1898 2051 144 21 Scantling:
2059 2050 89 22 Per'loo
2157 2051 54 21 feet.
2220 2067 4 4 .
2244 2055 12 19 0
2284 2055 13 19 0
2324 2057 13 17 0
2354 2068 16 4 ..
2390 2056 7 18 I
2424 2057 12 18 0
2457 2060 8 16 0

1898 2078 128 20 Shkngilcs:
2043 2078 43 20 Per
2093 2079 60 25 1000,
2163 2078 28 21 N.
2202 2079 24 21 Z.
2244 2081 8 19 1
2284 2082 9 18 1
2324 2084 12 17 0
2354 2095 16 5 ..
2390 2082 7 19 1
2423 2094 4 7 .
2425 2082 8 9 r
2430 2089 4 11 >
2457 2086 8 15 c

2029 2104 70 26 Ditto,
2121 2104 28 22 V.
2161 2105 28 21 D.
2201 2106 26 21 L.
2242 2108 12 18 2
2283 2109 13 19 0
2319 2109 17 19 -0
2354 2122 4 4 .
2366 2122 4 4 .
2389 2110 10 18 0
2424 2111 10 18 0
2457 2112 8 17 0

1897 2131 63 21 Tar.
1976 2130 54 22 Coal
2244 2135 8 19 1
2271 2136 24 19 10
2324 2136 13 18 0
2354 2149 16 5 ..
2389 2138 12 17 0
2425 2139 10 17 U
2457 2140 8 16 0

1980 2157 127 22 Stockholm
2246 2162 7 19 1
2272 2163 25 19 10
2325 2164 12 18 0
2354 2176 16 5 ..
2389 2164 12 18 0
2425 2164 9 18 0
2456 2166 11 16 0

1897 2185 48 21 Tea
1955 2185 47 26 :H}
2009 2192 40 13 son
2056 2185 54 26 skin,
2117 2192 39 19 per
2167 2185 62 22 chest
2242 2196 12 12 o
2284 2190 12 19 0
2324 2191 13 17 0
2354 2203 17 5 ..
2390 2189 10 20 7
2425 2190 9 19 7
2456 2192 9 17 0

1973 2213 92 24 Congou
2232 2215 24 21 10
2284 2216 116 20 00..U
2424 2218 41 19 OG

1897 2239 105 21 Tobacco
2011 2246 4 13 :
2025 2239 152 26 W'egrohead,'
2190 2248 39 18 per

2057 2265 29 21 lb.
2100 2266 23 20 in
2140 2265 61 25 buuel,
2241 2270 13 18 0
2283 2270 8 20 J
2324 2271 46 19 0..
2390 2272 11 18 0
2424 2272 10 18 0
2455 2274 10 16 I*

1897 2292 163 22 Tuiipentini::
2079 2293 40 21 Per
2124 2292 98 27 gallon..
2242 2297 12 18 0
2324 2297 13 19 0
2356 2310 17 6 ..
2391 2298 11 19 0
2424 2299 10 18 0
2455 2300 9 17 U

1900 2319 159 21 Whall-bom::
2077 2319 41 21 Per
2128 2324 38 16 ton
2178 2335 4 4 .
2190 2335 5 5 .
2205 2336 5 4 .
2218 2324 35 18 ,So
2283 2324 12 19 0
2324 2324 13 19 0
2356 2325 46 20 90
2424 2326 10 18 0
2454 2326 9 17 0

1898 2346 82 22 Wine:
1995 2342 89 31 jjherry,
2096 2354 37 19 per
2143 2354 51 19 pipe
2208 2343 47 26 '.'.'2B
2282 2351 14 19 0
2324 2350 13 20 0
2355 2352 46 19 ..40
2423 2352 11 19 0
2454 2353 10 18 0

1983 2380 2 7 ■
2006 2373 72 26 Ditto;
2093 2380 39 19 per
2147 2373 79 23 doien.
2243 2377 8 19 1
2281 2377 14 19 4
2324 2378 13 18 0
2355 2375 16 21 .'.
2389 2378 11 19 2
2423 2380 11 17 0
2455 2380 9 17 0

2008 2401 60 25 Port,
2079 2407 38 20 per
2127 2401 51 26 pipe
2204 2404 49 19 28
2282 2404 13 19 0
2323 2405 13 18 0
2353 2406 46 18 ..<5O
2423 2406 11 19 0
2455 2406 9 19 0

2076 2434 38 20 per
2125 2429 49 21 doz.
2204 2444 6 4 .
2217 2443 6 5 .
2244 2431 7 19 1
2282 2432 13 19 8
2324 2432 11 18 0
2352 2444 16 6 ..
2384 2432 13 19 2
2422 2433 10 18 8
2455 2432 9 19 0

2008 2454 150 27 Champagne,
2173 2454 55 22 ditto
2242 2458 12 19 2
2283 2457 12 20 5
2323 2458 12 19 0
2351 2471 15 5 ..
2383 2460 12 17 3
2411 2459 21 19 10
2455 2460 10 17 0

1900 2481 120 22 Poultry:
2037 2482 79 26 Fowls,
2123 2488 40 21 per
2170 2483 60 25 pair.
2246 2486 12 18 0
2286 2485 12 19 S
2326 2486 12 18 0
2354 2498 16 6 ..
2387 2487 11 17 o
2414 2486 21 19 lli
2458 2489 8 16 I)

2036 2509 83 26 Ducks,
2130 2509 56 21 ditto
2207 2524 18 5 ..
2244 2512 12 19 0
2273 2512 25 19 16
2325 2513 12 18 0
2354 2526 16 5 ..
2387 2513 11 18 0
2423 2514 11 18 0
2457 2514 8 17 0

2037 2536 79 26 Geese,
2127 2535 56 22 each
2207 2551 4 5 .
2220 2551 4 5 .
2245 2539 9 19 1
2284 2540 12 18 0
2324 2540 33 18 0.
2364 2552 5 5 .
2387 2540 10 18 0
2423 2540 10 19 0
2456 2544 9 14 v

2035 2562 108 28 Turkeys,
2155 2563 55 22 each
2246 2566 8 19 1
2286 2566 13 19 0
2326 2566 11 19 0
2355 2579 4 5 .
2366 2579 4 5 .
2389 2567 10 18 0
2424 2568 10 17 0
2457 2567 10 18 0

2037 2589 101 26 Pigeons,
2149 2590 78 27 (wild,)

2062 2624 38 19 per
2111 2624 48 20 pair
2180 2621 78 18 ....0
2285 2620 13 19 0
2326 2621 73 19 0..v
2422 2620 10 19 2
2457 2620 12 18 ft

2036 2643 82 27 Ducks,
2128 2644 35 21 do.
2175 2644 51 21 do..
2245 2647 13 19 0
2286 2646 11 19 5
2326 2648 12 18 0
2355 2660 16 5 ..
2388 2648 12 19 0
2423 2648 11 19 0
2457 2648 9 17 0

1899 2671 74 21 Eggs:
1989 2671 43 21 Per
2043 2671 71 21 dozen
2246 2674 13 19 0
2285 2674 14 19 3
2326 2674 12 19 0
2356 2688 15 5 ..
2389 2675 10 18 0
2424 2674 10 19 0
2457 2674 10 18 0

1898 2725 77 21 Cows:
1990 2724 73 25 Milch
2232 2728 26 19 20
2286 2729 12 18 0
2326 2729 73 19 0..30
2423 2728 11 19 0
2456 2730 9 16 0

1898 2751 96 22 Mares:
2011 2751 75 23 Brood
2192 2754 64 22 .50
2284 2756 14 19 0
2324 2756 12 19 0
2354 2756 45 19 ..90
2423 2755 11 18 0
2455 2756 10 17 0

1901 2778 114 24 Working
2033 2778 119 23 Bullocks
2160 2787 5 13 :
2189 2780 43 21 Per

1925 2806 49 26 pair
2232 2809 26 20 40
2286 2810 13 19 O
2326 2810 12 19 0
2355 2809 45 20 ..60
2423 2810 11 17 0
2457 2808 8 18 0

1899 2832 65 22 Hire
1975 2840 26 13 of
2012 2840 80 14 ditto:
2109 2834 41 21 Per
2159 2833 51 28 day,
2219 2841 13 14 a

1927 2863 59 18 team
1997 2859 45 22 and
2049 2859 74 22 driver
2246 2864 10 19 1
2287 2864 13 19 0
2327 2864 12 19 0
2356 2876 16 6 ..
2389 2862 11 21 2
2424 2862 10 19 0
2457 2862 9 18 0

1900 2886 87 24 Sheep;
2004 2886 61 23 Each
2245 2891 10 19 1
2285 2891 13 18 O
2326 2891 11 18 0
2354 2902 16 7 ..
2389 2890 8 19 1
2423 2890 10 19 8
2455 2889 11 18 0

1900 2913 63 22 Boat
1975 2914 73 21 Hire:
2063 2914 43 21 Per
2112 2915 50 27 day,
2168 2915 64 21 with-

2091 2945 39 18 out
2140 2942 72 21 hands
2223 2958 5 5 .
2244 2945 13 19 0
2273 2945 25 19 10
2325 2945 13 18 0
2355 2957 15 6 ..
2389 2944 7 19 1
2422 2944 11 18 0
2455 2942 10 19 0

1902 2994 96 22 Wages':
2028 2994 139 28 Mechanics,
2194 3004 38 19 per

2054 3022 62 21 week
2245 3025 14 20 2
2287 3026 13 19 0
2328 3025 71 20 0..3
2423 3024 10 19 0
2455 3024 10 17 0

2037 3048 126 23 Labourers
2178 3046 48 24 '....
2246 3052 10 20 1
2274 3053 26 19 10
2327 3053 11 19 0
2356 3065 15 6 ..
2390 3052 7 19 1
2412 3051 21 20 16
2455 3051 9 17 0

2137 3076 121 24 DUTIES.

1900 3103 99 22 British
2011 3104 91 21 Spirits
2317 3106 30 21 4s.
2357 3112 34 20 per
2399 3104 65 26 gallon.

1901 3130 104 22 Foreign
2018 3130 56 22 ditto
2317 3133 30 21 ss.
2357 3139 34 20 per
2398 3130 65 28 gallon.

1900 3157 105 22 Tobacco
2015 3158 178 28 manufactured,
2319 3161 28 21 Is.
2356 3166 35 20 per
2399 3158 24 21 lb.

2014 3184 208 25 Unmanufactured
2317 3187 33 21 9d.
2361 3192 34 21 per
2402 3184 23 22 lb.

1901 3212 97 24 Snuff..,
2007 3226 18 8 
2240 3228 4 8 
2255 3229 4 5 .
2268 3229 4 5 .
2283 3219 17 16 ;
2317 3215 29 21 2s.
2356 3212 66 28 perlb.

1901 3238 85 21 Cigars
2318 3242 29 20 2s.
2357 3246 35 21 per
2399 3239 24 20 ib.

1900 3265 82 21 Wines
2310 3269 23 20 15
2347 3274 35 17 per
2390 3267 46 19 cent.

1900 3292 56 26 Tea,
1971 3293 85 26 Su&ar,
2074 3293 86 27 Flour,
2179 3294 97 28 Wheat,
2285 3297 9 29 ]

1919 3319 45 21 and
1973 3319 64 22 other
2048 3320 86 28 Grain,
2145 3323 13 19 5
2168 3328 41 20 per
2218 3327 58 17 cent.
2290 3315 4 29 I
2321 3336 23 13 aA
2356 3342 11 7 
2370 3342 8 7 a
2381 3333 5 12 i
2390 3341 19 8 nr
2411 3340 8 5 -
2421 3340 16 9 m

1900 3345 39 22 All
1950 3346 63 24 other
2022 3347 105 25 Fqrdig^
2135 3349 141 26 productions
2288 3347 13 34 f

1915 3372 249 29 andmamtfactures.lO
2171 3383 40 20 per
2219 3381 55 18 cent.
2281 3370 13 33 J

2104 3401 186 26 EXCHANGE.

1902 3481 34 21 On
1947 3482 89 27 Sydney
2323 3485 64 22 Ditto.

1903 3507 87 28 Private
2000 3509 50 27 bi^s
2069 3525 154 10 .,...,.,..
2300 3510 103 26 Nominal.
2428 3526 2 6 .

850 130 114 20 Gazette
979 127 88 22 Office.

664 163 201 23 STATIONERY
879 162 196 22 WHOLESALE
1089 162 21 22 &
1127 156 122 27 RETAIL.

661 198 90 49 WE
775 198 43 26 beg
840 201 23 18 to
888 203 113 16 announce
1020 196 38 22 the
1081 195 87 27 arrival,
1192 195 58 21 from

760 224 111 28 England,
876 224 32 23 <of
917 224 36 22 the
968 224 48 21 first
1025 226 48 25 part
1083 222 24 22 of
1119 229 40 14 our
1174 224 77 19 exten-
1260 221 2 29 \

661 251 47 24 jsive
719 252 76 22 orders
803 252 25 21 in
838 251 44 22 this
893 250 140 28 department
1043 250 25 21 of
1075 249 107 26 business.
1205 248 46 21 Our

662 278 64 25 stock,
736 278 91 27 already
837 278 92 22 consists
946 278 23 21 of
982 285 66 19 every
1058 276 75 22 article
1149 275 101 28 required

662 302 34 24 for
711 305 99 26 Schools,
827 302 82 29 Banksi
926 305 84 26 Courts,
1030 304 53 21 Law
1100 302 87 24 Offices,
1207 309 44 14 ana

662 332 90 26 Artists,
764 332 39 21 &c.
814 339 5 18 ;
835 330 74 23 whilst
919 327 36 24 the
971 329 138 22 ornamental
1121 329 44 21 and
1181 329 70 24 draw-

662 358 37 26 ing
712 365 64 14 room
792 357 122 26 stationery
930 357 39 21 has
983 360 40 17 not
1035 356 59 23 been
1110 355 139 22 overlooked.

662 384 47 22 The
720 383 127 22 difficulties
859 383 114 27 attending
983 382 37 22 the
1030 382 48 23 first
1086 382 165 22 establishment

662 410 149 28 having/been
828 416 122 21 overcome,
962 409 44 22 and
1018 417 66 19 every
1100 409 79 22 arrival
1195 407 54 23 from

663 437 106 26 England
788 436 89 28 adding,
887 436 59 22 fresh
962 436 110 22 additions
1087 439 22 18 to
1126 443 39 20 qur
1180 435 68 27 stock,

664 464 42 22 will
724 464 79 21 enable
819 471 26 14 us
854 467 23 18 to
894 461 80 29 reduce
991 471 41 14 our
1047 463 92 26 charges
1150 470 28 14 on
1194 466 57 17 most

663 490 88 30 article^
760 495 25 16 at
793 491 57 21 least
858 490 28 22 50
894 497 39 20 per
943 494 57 18 cent.

690 517 156 28 Storekeepers
865 517 43 21 and
927 515 117 23 wholesale
1063 516 85 21 dealers
1167 523 41 17 can
1223 516 27 21 be

663 544 102 28 supplied
781 548 21 21 to
819 551 43 20 any
873 547 83 23 extent,
974 543 43 22 and
1034 551 29 14 on
1080 548 67 17 terms
1164 542 87 28 equally

663 570 165 28 advantageous
838 574 23 19 to
872 578 43 20 any
924 570 104 28 obtained
1037 570 23 21 in
1072 570 96 27 Sydney,

691 598 95 27 Writing
794 605 75 23 paper,

691 624 113 28 Iniperial,

690 650 81 29 Royal,

691 678 115 32 Foolscap^
819 679 87 24 various
917 676 106 30 qualities,

691 705 72 27 Large
772 705 60 22 thick
842 710 56 22 post,
910 713 61 16 wove
981 706 45 21 and
1037 704 51 27 laid,

689 732 60 22 Thin
759 736 55 24 post,
826 732 63 27 ditto,

692 758 56 23 Fine
758 760 53 20 bath
822 763 55 23 post,
889 758 47 29 gilt.

690 786 89 21 Double
796 786 111 28 elephant,
924 786 147 28 antiquarian,
1087 781 107 31 imperial,
1206 784 44 21 and

663 813 63 27 royal
737 813 97 26 drawing
844 821 74 19 paper,

692 840 91 26 Oblong
790 840 94 26 clasped
894 840 167 21 memorandum
1073 838 75 26 books,

689 866 88 21 French
788 866 84 26 tracing
882 873 73 20 paper,

690 892 89 26 Ladies'
790 892 43 21 and
844 892 146 27 gentlemen's
1001 892 53 21 card
1063 899 69 19 cases,

691 918 64 23 Ditto
826 914 34 26 do.
919 919 69 21 tinted
999 918 45 22 and
1056 918 117 22 embossed
1180 919 69 26 cards,

689 946 96 26 Sponge,
797 944 78 23 wafers
885 946 22 21 in
917 947 13 20 2
941 953 32 14 oz.
982 946 77 25 boxes,

689 972 70 23 Black
776 973 54 26 edge
851 972 45 23 and
915 972 115 27 bordered,
1051 972 64 23 letter
1135 972 45 22 and
1199 976 51 18 note

663 1007 73 19 paper.
901 1026 4 5 <

689 1024 93 25 Invoice
793 1026 74 28 books,
879 1026 52 23 with
942 1026 99 28 indexes,
1053 1027 88 21 various
1152 1026 61 27 sizes,

690 1053 58 22 Cash
755 1054 77 26 books,
845 1054 63 21 ruled
919 1053 85 27 double,
1017 1054 87 21 various
1115 1054 62 26 sizes,

689 1080 132 27 Envelopes,

690 1107 86 22 Pewter
783 1108 122 26 inkstands,

689 1134 82 27 Ebony
780 1134 123 27 inkstands,
915 1134 51 23 with
976 1134 102 26 drawers,

690 1161 74 22 Broad
776 1162 43 21 and
828 1169 85 14 narrow
924 1169 66 20 green
1001 1162 41 21 silk
1056 1162 84 25 ribbon,

691 1188 65 21 Brief
764 1189 44 21 and
819 1189 56 22 deed
885 1197 72 19 paper,

691 1215 73 22 Ruled
775 1223 67 20 paper
852 1216 34 21 for
896 1216 38 21 bill
945 1216 74 26 heads,

690 1242 73 27 Royal
781 1244 66 25 hand,
861 1243 80 22 double
958 1243 61 22 hand
1035 1244 84 24 brown,
1137 1242 44 21 and
1190 1242 61 26 royal

662 1268 74 22 brown
750 1270 114 27 wrapping
873 1277 73 21 paper,

691 1296 99 26 Ledgers
801 1297 44 21 and
855 1301 96 17 account
960 1297 76 25 books,
1049 1297 87 21 various
1147 1296 60 26 sizes,

691 1322 83 22 Pocket
784 1324 86 26 ledgers
881 1324 43 21 and
934 1323 169 22 memorandum
1113 1324 77 25 books,

691 1349 120 27 Engraved
821 1358 56 20 copy
886 1352 51 25 slips
947 1350 43 22 and
1002 1350 76 26 books,

691 1377 52 21 Best
754 1377 76 21 Welch
843 1378 72 24 slates,
926 1378 59 26 large
994 1378 43 20 pud
1047 1385 9 12 t
1060 1377 59 27 mall,

691 1404 73 21 Blank
776 1404 70 22 music
856 1405 76 26 books,

691 1431 102 27 Message
806 1433 70 26 cards,

690 1458 110 22 Coloured
813 1467 86 22 papers,

691 1486 71 26 Sugar
771 1493 86 20 papery

692 1512 60 22 ]Noto
762 1520 85 21 papers,

690 1540 93 27 Picking
794 1541 69 28 cards,
877 1543 101 21 coloured
990 1543 43 21 and
1040 1542 52 29 gold
1100 1542 76 27 backs,

690 1567 62 28 Copy
763 1567 75 28 books,

690 1595 70 21 Black
771 1595 49 22 lead
830 1597 90 26 pencils*

691 1622 65 21 India
765 1623 88 27 rubber,
865 1624 70 22 bottle
946 1624 42 21 and
1003 1627 84 24 patent,

691 1649 68 26 Ivory
769 1650 81 22 folders
861 1651 45 21 and
915 1651 84 26 knives,

691 1675 45 22 Pen
750 1675 83 28 knives,

690 1703 88 27 Rulers,
788 1705 82 26 pocket
880 1705 75 26 books,

691 1730 73 22 Blank
773 1731 52 21 bills
836 1732 24 21 of
868 1732 122 27 exchange,

691 1757 76 21 Letter
777 1759 44 20 and
832 1759 38 20 bill
884 1760 54 25 files,

691 1784 43 21 Ink
745 1785 41 21 and
797 1785 39 21 ink
846 1786 104 27 powders,

690 1811 76 22 Bibles
777 1813 42 20 arid
830 1816 134 23 testaments,

689 1839 99 27 Spelling
799 1839 75 27 books,
886 1841 91 27 various,

690 1865 102 28 Primers,

690 1892 126 22 Children's
825 1894 71 21 books
907 1894 22 21 in
939 1897 63 23 great
1011 1894 92 27 variety,

689 1919 74 21 Blank
776 1920 169 23 Custom-house
959 1921 76 25 forms,
1053 1921 35 21 for
1105 1921 144 25 auctioneers,

663 1946 45 21 and
719 1946 28 21 all
759 1946 37 22 the
814 1947 63 22 other
888 1948 170 21 Custom-house
1068 1948 68 21 forms
1148 1948 32 21 for
1192 1948 59 21 Mer-

663 1973 85 22 chants.

691 2000 114 21 Seamen's
816 2001 99 22 advance
927 2005 68 18 noins.

691 2027 116 20 Seamen's
818 2027 87 21 articles
915 2028 24 20 of
948 2030 135 23 agreement.

691 2053 137 26 Log-books.

680 2098 2 7 ,
690 2080 75 21 Blank
775 2080 66 25 writs,

691 2106 146 23 Parchments
847 2107 35 21 for
909 2107 72 22 deeds.

691 2133 80 24 Quills.

675 2166 2 6 1
690 2160 60 21 Ever
760 2161 89 25 pointed
860 2160 71 26 pencil
943 2168 60 14 cases
1013 2161 22 21 in
1044 2161 98 25 superior
1153 2161 98 22 German

664 2187 78 21 Silver.

691 2214 89 22 Luciifer
790 2215 76 22 boxes.

691 2241 77 20 Wafer
778 2244 88 24 stamps.

668 2286 174 47 WANTED
857 2287 22 20 A
893 2287 204 21 SHEPHERD.—
1100 2287 35 21 No
1145 2294 40 14 one
1194 2287 58 21 need

748 2313 64 27 apply
823 2313 49 23 who
882 2313 40 21 has
938 2317 37 18 not
985 2314 58 22 been
1058 2314 95 26 brought
1162 2322 29 19 up
1202 2321 23 14 as
1239 2321 14 14 a

663 2339 125 29 Shepheid.
815 2340 78 27 Apply
904 2343 22 19 to

842 2374 35 21 W.
889 2374 89 28 Holkh,
991 2376 150 26 Cowpaslures
1152 2376 71 21 Farm.

759 2425 92 21 Union
866 2427 79 19 Bank
959 2427 29 19 of
1006 2427 149 21 Australia.

665 2458 95 22 London
779 2460 93 26 OrricE,
889 2459 42 22 No.
946 2461 34 24 33,
1000 2461 50 20 Old
1068 2461 183 22 Broad-street.

719 2491 93 27 Capital,
823 2491 122 27 £800,000;
966 2493 51 26 paid
1028 2500 35 19 up,
1080 2493 117 26 £500,000.

901 2528 117 15 diAectohs:

771 2552 68 19 George
847 2552 38 16 Fife
893 2552 65 20 Angas,
966 2552 50 21 Esq.,

771 2573 66 15 Robert
846 2573 74 18 Brooks,
930 2574 46 19 Esq.,

771 2594 60 15 James
839 2594 47 15 John
895 2594 98 18 Cummins,
1002 2594 49 21 Esq.,

771 2615 66 15 Robert
846 2615 95 19 Gardener,
953 2615 47 20 Esq.,
1014 2615 122 19 Manchester,

771 2635 46 16 John
827 2635 45 16 Goie
889 2635 47 20 Esq.,

770 2656 47 16 John
825 2656 80 16 William
914 2656 72 19 liuckle,
993 2657 47 20 Esq.,

771 2677 94 19 Benjamin
874 2677 20 16 E.
902 2677 61 19 Lindo,
971 2677 49 21 Esq.,

771 2698 72 16 Charles
853 2698 74 16 Edward
935 2698 87 20 Maugles,
1031 2699 48 20 Esq.,

770 2719 116 19 Christopher
893 2719 81 19 Rawson,
984 2719 48 20 Esq.,
1044 2720 82 18 lfalifaXi

770 2740 78 15 Thomas
856 2739 64 19 Sands,
928 2740 46 19 Esq.,
983 2740 100 19 Liverpool,

771 2761 61 15 James
839 2760 56 20 Bogle
903 2760 62 19 Smith,
971 2761 50 19 Esq.,

771 2782 61 15 James
840 2781 79 16 Kudilell
926 2782 54 18 Todd,
990 2782 42 20 Esq.

663 2809 97 16 Trustees:
777 2809 81 15 George
870 2808 56 16 Caiir
937 2809 61 19 Glyu,
1011 2809 47 20 Esq.,
1069 2811 52 16 Jons
1134 2811 61 19 Gore,
1205 2812 49 20 Esq.,

812 2829 37 17 and
856 2830 66 16 James
930 2829 15 17 J.
953 2830 101 19 Cummins,
1064 2831 42 20 Esq.

692 2857 92 16 Bankers:
798 2856 75 17 Messrs.
880 2857 60 19 Glym,
953 2858 113 19 Halhtax,
1075 2859 71 19 Mills,
1154 2860 34 16 and
1196 2860 31 17 Co.

786 2886 101 19 Secretary:
900 2885 81 20 Sajjuf.l
988 2886 94 20 Jackson,
1091 2887 43 20 Esq.

757 2913 80 16 Colonial
844 2914 102 19 Inspector:
959 2914 17 16 J.
983 2914 19 16 CJ.
1011 2914 102 21 M'Laren,
1121 2916 43 20 Esq.

788 2962 69 20 New
876 2962 121 20 Zealand
1016 2963 115 20 Branch.

665 2994 54 18 Local
727 2996 91 16 Director!
824 3001 4 10 :
844 2996 47 15 Geo.
903 2996 17 17 S.
933 2996 71 18 Evans,
1018 2997 47 20 Esq.,
1078 2997 64 17 D.C.L.
1161 2999 34 16 and
1209 2999 46 16 Gno.

888 3016 89 20 lluNWin,
991 3018 42 20 Esq,

666 3043 96 19 Manager:
774 3043 48 15 John
831 3043 72 19 Smith,
911 3043 48 19 Esq.,
966 3043 37 17 late
1011 3044 20 16 of
1040 3044 30 16 the
1078 3044 117 18 Commercial
1203 3046 51 17 Bnnk

835 3063 21 16 of
865 3063 87 20 England,
964 3064 122 17 Manchester.

777 3084 114 21 Branches
901 3087 24 18 at
939 3085 97 27 Sydney,

940 3111 89 23 Hobart
1037 3112 76 28 Town,

941 3138 148 28 Launceston,
1102 3140 45 21 and

941 3164 53 21 Port
1005 3164 79 29 Philip.

668 3190 53 21 Port
731 3190 130 27 Nicholson,
873 3190 79 22 March
962 3192 34 26 24,
1009 3193 61 22 1840.

668 3244 91 35 rpHE
776 3244 116 21 Directors
908 3244 26 21 of
948 3244 39 22 lhe
1004 3245 57 22 New
1077 3247 101 23 Zealand
1191 3249 65 23 Land

674 3267 29 26 X
743 3270 116 28 Company
874 3270 83 29 hereby
973 3272 51 26 give
1041 3274 81 26 notice,
1141 3276 47 23 that
1204 3277 52 26 they

666 3297 58 22 have
732 3305 113 19 prrECTED
855 3305 31 14 an
896 3305 171 16 arrangement
1075 3300 52 22 with
1136 3302 37 22 the
1183 3303 71 22 Union

666 3324 66 22 Bank
746 3325 26 21 of
789 3324 119 27 Australia,
926 3325 42 22 No.
986 3328 34 25 38,
1035 3326 45 23 Old
1096 3328 158 29 Broad-street,

666 3351 103 27 London,
780 3352 35 21 for
825 3351 38 22 the
876 3352 168 23 establishment
1057 3354 25 21 of
1096 3362 13 14 a
1126 3355 129 23 BRANCH

665 3378 91 25 BANK
770 3378 36 21 IN
820 3378 73 21 NEW
906 3378 158 29 ZEALAND,
1078 3381 96 29 through
1185 3384 71 22 which

666 3404 37 22 the
713 3404 103 25 business
829 3406 26 21 of
868 3405 37 22 the
923 3406 55 22 New
995 3406 101 23 Zealand
1109 3408 66 24 Land
1190 3411 66 22 Com-

666 3439 61 20 pany
736 3431 45 22 will
790 3432 28 21 be
828 3432 132 23 transacted.
990 3433 48 22 The
1054 3434 114 24 Directors
1183 3437 73 22 there-

665 3458 48 22 fore
723 3459 145 21 recommend
877 3462 23 18 to
918 3460 109 22 Colonists
1044 3460 36 23 the
1100 3462 75 23 Union
1191 3464 65 24 Bank

666 3486 26 21 of
712 3486 114 21 Australia
844 3493 23 14 as
886 3493 28 14 an
924 3501 3 4 .
940 3486 169 24 establishment
1131 3492 125 27 possessing

666 3513 58 21 their
741 3513 69 22 entire
834 3512 135 29 confidence,
992 3514 44 23 and
1055 3516 50 21 able
1122 3519 25 19 to
1158 3518 98 26 'provide

666 3539 126 27 effectually
807 3540 35 21 for
859 3540 37 21 the
911 3540 105 24 financial
1030 3545 71 19 wants
1118 3544 26 20 of
1155 3544 36 22 the
1209 3545 47 22 first

666 3566 135 22 settlement.

835 3593 34 27 By
880 3594 64 22 order
953 3595 27 21 of
990 3595 38 22 the
1038 3596 79 28 Board,

913 3628 82 22 JOHN
1011 3629 103 28 WARD,
1131 3631 122 29 Secretary.

667 3653 55 23 New
732 3654 101 22 Zealarid
843 3654 64 21 Land
917 3655 135 28 Company's
1061 3657 79 27 Office,

693 3688 20 21 I,
725 3685 160 26 Adam-street,
896 3686 104 27 Adelphi,
1011 3687 53 22 27th
1073 3689 61 25 Aug.
1153 3691 60 21 1839.

656 3740 2 24 I
669 3730 91 29 fj^HE
784 3731 80 20 Nelson
887 3731 115 26 Examiner;
1024 3733 44 19 and
1088 3735 53 19 New
1163 3738 93 26 gealatul

673 3753 29 26 A.
742 3757 111 21 Chronicle
868 3758 124 29 (published
1004 3763 22 17 af;
1035 3759 101 30 Nel.son,)
1152 3763 20 22 is
1188 3771 66 20 regu-

665 3783 58 28 larly
742 3784 143 22 transmitted
898 3788 23 18 to
936 3782 146 32 Wellington,'
1101 3788 44 22 and
1154 3797 58 21 .may
1227 3791 27 21 be

666 3809 44 23 had
721 3814 23 18 at
753 3811 37 22 the
802 3811 67 25 office,
875 3811 25 24 of
912 3811 42 23 this
962 3819 75 21 paper.
1089 3831 2 5 ,
1105 3825 19 12 ,-.
1247 3826 3 8 »

692 3837 49 25 The
752 3839 78 21 Nelson
839 3839 114 23 JZxaminer
969 3839 45 23 w,ill
1023 3840 28 21 be
1061 3834 109 35 fo^n^an
1180 3844 74 22 excel-

666 3862 49 23 lent
723 3865 98 25 medium
832 3865 34 22 for
877 3865 144 29 advertisers-'.
1053 3865 13 23 *;

656 3892 2 22 I
692 3890 79 23 Terms
783 3893 32 21 for
826 3892 37 22 the
873 3892 72 27 paper,
956 3890 37 24 tori
1003 3893 100 28 shillings
1117 3902 40 20 per
1166 3901 89 24 quarter

665 3917 95 28 payable
769 3918 142 22 in.advance.
936 3928 12 10 *-
1006 3916 74 21 '..-..
1098 3920 25 17 ;t
1189 3925 4 12 ;
1210 3932 17 6 .
1241 3935 10 3 „

693 3944 83 22 Orders
799 3946 34 20 for
854 3946 37 21 the
913 3953 67 20 paper
1003 3947 44 23 and
1056 3952 4 9 '
1070 3948 184 29 aiftvortise^ntnts

656 3973 2 15 i
665 3971 104 22 received
779 3975 23 19 at
812 3972 37 22 the
861 3972 70 23 Office
941 3973 25 22 of
978 3973 44 22 this
1031 3980 76 22 paper.

47 134 40 20 To
103 133 161 20 Gentlemen
280 132 145 26 intending
440 132 26 19 to
484 133 76 19 enter
574 127 66 24 into'

74 160 44 21 the
147 160 145 26 profitable
320 159 108 26 pursuit
457 158 30 20 of
513 158 122 25 Grazing

74 187 55 20 and
150 187 136 25 Breeding
304 186 93 23 Stock,
419 184 42 21 for
480 184 89 21 which
591 184 43 20 the

57 216 6 10 1
73 209 99 25 fertile^
183 214 109 20 Islands
315 212 29 21 of
362 212 68 20 New
448 211 121 21 Zealand
589 215 44 16 are

72 237 33 24 Wo
120 236 151 30 peculiarly
285 238 126 26 adapted.

41 267 98 29 VtMIE
150 272 151 27 undersigned
310 270 43 29 Beg
358 274 28 20 'to
395 272 80 22 inform
486 271 58 23 their
550 271 90 26 friends;

54 294 30 29 J_
118 301 45 21 and
180 301 41 26 the,
231 295 75 33 public
306 296 5 10 1
322 299 122 31 generally,
461 298 48 22 that
527 298 51 27 they
589 297 44 23 will

43 331 104 21 .contract
158 344 2 5 ,
171 327 50 21 for"'
287 325 100 27 delivery
412 326 25 20 of
459 324 36 23 the
520 321 120 30 following!

43 353 136 28 '.description
193 353 26 21 of
226 351 76 27 Stock,'
307 352 24 21 in
339 358 46 21 any
395 352 53 22 Port
458 352 25 21 of
496 351 37 23 the
545 351 89 22 Islands
639 348 2 29 j

47 381 26 21 of
74 374 59 38 Jjjfew
144 379 101 23 Zealand
252 386 35 14 :—
306 393 4 3 -
330 376 2 10 '
353 376 13 29 "',
520 377 1 7 '
639 382 2 9 '

73 403 97 28 Elorned'
177 402 74 26 'cattle
268 402 126 31 (improved
408 405 88 27 breeds)
512 404 26 22 of
550 404 29 22 all
595 403 39 22 de-
639 406 2 29 \

42 434 127 26 'scriptians,
204 437 4 3 '
292 434 24 25 '
340 447 4 3 ■
379 431 3 5 '
458 432 2 19 !
526 430 3 6 '
639 430 2 21 i

73 459 91 28 Horses,
173 480 3 5 ,
186 460 57 21 from
266 459 37 21 the
327 461 50 19 best
395 458 94 27 English
510 457 55 23 and,
571 457 62 22 Arab

42 487 69 26 Studs,
128 483 95 35 Suitable
241 486 33 22 for
294 486 85 27 rading,
383 506 5 8 f
395 485 82 26 saddle,
489 492 25 15 or
527 484 105 26 harness;

43 513 46 23 *nd
98 511 107 29 breeding
216 516 94 23 mai'es,',
353 508 3 12 l

73 539 56 23 Pure
139 541 75 20 Saxon
225 540 48 21 anfl'
279 539 87 21 merino
378 546 62 19 ewes,

71 566 119 22 Half-bred
209 563 111 28 Leicester
336 565 45 23 and
397 565 88 24 merino,
503 572 62 18 ewes,
583 572 51 20 par-

43 593 103 28 ticularly
156 593 96 28 adapted
266 593 34 21 for
310 592 44 22 this
365 593 100 26 country,
477 600 24 14 as
510 592 53 27 they
571 591 62 22 unite

43 619 118 28 weight.of
167 628 87 14 carcass
264 619 52 22 with
327 620 97 20 fineness
436 619 24 21 of
467 619 64 22 wool.

70 646 47 22 The
125 647 4 6 v
138 647 154 26 lijidersighsd
315 653 42 15 can
386 645 167 23 accommodate
581 652 52 20 piir-

40 673 92 23 'ehasers
147 673 26 22 of
186 673 58 21 their
254 672 67 22 Stock
339 673 54 21 with
411 673 114 21 extensive
541 672 93 27 grazing

42 707 61 19 runs,
115 699 76 22 within
204 701 40 21 100
253 700 64 21 miles
329 699 24 22 of
360 699 50 24 this.
414 698 63 22 Port.'

305 725 36 23 W.
357 726 26 22 B.
400 726 92 22 Rhodes
507 724 45 23 and
567 725 38 21 Co.

235 772 67 20 Bees
317 770 43 23 for
376 772 68 21 Sale.

46 803 194 27 T?XPECTED
256 805 56 21 from
331 805 97 27 Sydney,
440 805 28 26 by
478 804 48 22 first
543 803 89 28 arrival,

45 826 47 28 JCi
124 840 13 14 a
151 831 42 22 few
211 832 62 21 hives
284 831 24 21 of
315 831 64 27 bees;
398 832 74 21 orders
485 831 44 21 will
546 831 45 21 also
606 831 27 23 be

44 858 67 22 taken
123 859 34 21 for
169 858 36 21 the
219 858 145 27 importation
374 858 27 21 of
412 858 51 21 bees
474 861 22 18 to
508 858 37 21 the
557 861 76 20 extent

45 885 26 21 of
77 885 56 21 from
141 889 85 22 twenty
235 885 96 26 totliirty
339 885 70 21 hives.
439 884 43 21 For
491 884 67 27 price,
566 882 67 29 apply

45 915 24 17 at
78 911 36 21 the
250 910 13 9 >?
275 911 78 21 Office.

73 938 128 26 September
211 939 34 26 20,
257 939 60 20 1342.

240 995 2 5 .
271 992 2 6 *
285 992 2 6 •
296 982 91 21 Seeds.

45 1017 73 48 ON
129 1012 85 32 SALE,
227 1020 22 18 at
258 1017 37 21 the
306 1017 85 21 Gazette
398 1017 76 24 Office,
484 1017 22 22 in
513 1017 120 32 quantities

124 1048 22 17 to
162 1045 45 20 suit
224 1044 138 27 purchasers,
383 1044 36 22 the
438 1044 114 27 following
569 1044 64 22 seeds

44 1078 74 20 grown
130 1078 21 14 in
159 1070 42 22 -the
212 1070 85 28 Colony
298 1082 28 3 —

73 1098 92 22 Lettuce
177 1098 108 26 (cabbage
296 1099 45 21 and
351 1098 144 27 drumhead),

71 1125 83 26 Turnip
167 1124 76 26 (white
254 1129 61 17 stone
325 1125 46 21 and
381 1125 90 26 SAvede),

47 1156 10 3 ~
71 1151 79 22 Carrot
161 1152 69 26 (early
241 1151 55 21 horn
308 1152 43 21 and
363 1151 51 28 long
426 1152 99 26 orange),

73 1179 102 26 Cabbage
188 1179 75 25 (sugar
272 1179 62 26 loaf),

152 1205 109 27 (victoria,
287 1213 66 19 preen
383 1212 100 19 marrow,
513 1212 118 20 auvergne,

44 1231 89 27 knights
144 1239 99 19 marrow,
254 1233 108 26 imperial,
376 1232 133 27 Mazarine),

71 1259 75 21 Beans
157 1259 91 25 (scarlet
256 1261 103 25 runner),

72 1285 79 26 Beans,
164 1285 83 28 kidney
259 1285 115 28 (speckled
388 1285 75 26 dwatf,
475 1285 65 22 black
556 1286 75 27 dwarf,

45 1313 60 21 dunn
117 1313 86 26 dwarf),

73 1339 77 27 Celery
161 1339 76 25 (white
248 1339 74 26 solid),

61 1382 3 3 .
73 1367 74 21 Onion
160 1366 85 27 (mixed
258 1367 70 26 seed),

72 1393 67 26 Leek,

71 1420 96 22 Lentillc
178 1420 98 27 (French
287 1420 43 23 and
343 1421 103 27 Spanish)

72 1447 105 26 Raddish,

73 1473 101 23 Mustard
186 1474 45 22 and
242 1482 64 19 cress,

73 1500 94 27 Spinach
179 1502 100 26 (round),

45 1529 52 21 And
107 1529 88 21 various
206 1529 66 21 kinds
284 1529 24 21 of
317 1529 114 26 vegetable
443 1528 63 23 seeds
523 1536 74 20 grown
609 1529 21 22 in

45 1554 117 28 England;
179 1556 46 21 also
237 1564 12 14 a
267 1555 84 28 variety
363 1557 25 20 of
400 1556 75 22 flower
491 1557 69 27 seeds,
578 1557 54 21 both

45 1583 101 21 Colonial
157 1583 45 21 and
212 1583 100 27 English.

73 1610 130 27 Septemher
214 1612 32 24 1(5,
256 1612 60 19 1842.

44 1655 95 48 JUST
155 1654 158 22 RECEIVED
324 1659 23 17 at
357 1656 36 21 the
403 1656 68 21 Office
478 1657 25 20 of
512 1656 34 21 the

109 1681 98 22 Zealand
348 1691 14 13 a
372 1684 40 20 few
429 1683 72 27 copies
512 1684 24 20 of
545 1684 35 21 the
591 1685 42 20 fol-

43 1708 82 27 lowing
139 1709 78 26 works,
230 1708 25 21 of
263 1709 43 21 last
317 1710 72 25 year's
400 1710 139 27 publication,
551 1712 43 21 and
610 1712 22 21 in

45 1735 112 22 excellent
167 1736 111 21 condition
286 1745 4 13 :
294 1746 25 5 —

71 1769 47 22 The
134 1769 99 25 Poetical
248 1770 79 21 Works
345 1771 26 21 of
386 1771 87 26 Vilton,
486 1771 53 21 with
555 1780 12 13 a
586 1779 47 14 me-

44 1797 62 26 moir,
128 1797 42 21 and
193 1804 68 14 seven
286 1797 191 22 embellishments
500 1798 31 27 by
551 1799 81 27 Fuseli,

44 1823 99 27 Westall,
168 1824 45 21 and
237 1824 93 22 Martin.
379 1825 61 26 Also,
466 1833 27 14 an
523 1826 110 21 excellent

43 1851 94 26 portrait
157 1851 25 21 of
199 1851 88 26 Milton,
310 1852 114 26 engraved
438 1853 28 26 by
482 1853 22 20 J.
525 1853 107 27 Cochran,

43 1877 61 22 from
112 1885 13 14 a
134 1877 125 28 miniature,
272 1878 117 27 originally
400 1879 21 21 in
434 1879 36 21 the
477 1880 122 26 possession
612 1881 25 20 of

45 1904 75 22 Oliver
129 1905 123 21 Cromwell.
282 1905 10 21 I
305 1906 43 20 vol.
357 1907 55 23 Svo.,
421 1906 76 21 bound
508 1907 21 20 in
538 1906 66 22 cloth.

74 1931 48 21 Life
140 1931 25 21 of
181 1932 37 21 the
236 1931 66 22 Duke
319 1932 25 21 of
358 1932 145 27 Wellington,
524 1934 109 27 compiled

44 1958 59 21 from
127 1958 34 22 his
186 1959 91 21 Grace's
301 1959 144 26 Despatches,
470 1959 116 28 pxiblished
611 1960 22 22 in

45 1986 70 25 1840,.
118 1985 30 26 by
160 1985 87 27 George
257 1987 79 25 Soane,
349 1987 56 20 A.B.
435 1988 12 19 2
458 1987 52 21 vols.
522 1987 58 22 cloth
588 1988 45 21 and

43 2011 102 22 lettered.

71 2038 48 22 The
131 2039 61 26 Holy
203 2039 70 26 Bible,
284 2039 128 27 containing
423 2040 36 20 the
469 2040 43 21 Old
523 2040 44 21 and
578 2041 55 21 New

216 2065 54 22 with
292 2069 72 24 notes,
385 2066 29 27 by
438 2066 37 21 the
495 2067 55 21 Rev.
572 2068 60 21 John

45 2091 90 23 Hobart
148 2093 104 25 Cauuter,
270 2093 59 26 8.C.,
346 2092 79 22 author
440 2093 25 21 of
473 2093 45 21 the'
531 2093 102 29 "'Poetry

44 2119 74 27 cf^the
308 2120 43 21 and
364 2119 144 22 embellished
518 2120 54 22 with
583 2121 50 22 four

45 2153 63 20 maps
123 2146 43 21 and
183 2148 40 20 144
237 2147 139 26 engravings,
397 2147 57 21 from
473 2147 112 28 paintings
605 2148 28 28 by

42 2170 96 24 ■Westall
148 2173 44 21 and
204 2173 90 29 Martin,
308 2174 48 21 Svo.
368 2173 66 22 cloth.

71 2199 47 22 The
131 2199 130 27 Beginner's
273 2199 87 22 Fre'ncTi
377 2200 69 26 Book,
459 2200 44 22 and
517 2201 36 22 the
565 2201 68 22 Scho-

42 2225 54 22 lar's
115 2227 85 20 Erench
219 2225 68 28 Book,
306 2227 28 26 by
345 2228 62 20 Rene
428 2227 73 27 Aliva,
514 2228 79 22 author
612 2230 25 20 of

44 2253 38 21 the

72 2280 144 21 Montacute:
233 2287 24 14 or
267 2288 13 13 a
289 2281 57 20 New
364 2281 64 22 horne
430 2293 27 3 —
459 2281 73 22 who'll
546 2282 87 22 follow?

44 2307 34 26 By
89 2307 54 24 Mrs.
157 2307 63 27 Mary
232 2308 90 24 C(a.vers
324 2322 14 10 v
359 2310 12 19 2
380 2308 51 21 vols.
444 2310 48 21 Svo.

58 2341 3 4 •
73 2332 110 28 Scripture
199 2333 133 28 Biography,
350 2336 34 19 for
395 2335 36 21 the
447 2335 89 27 Young,
549 2336 72 22 embel
630 2348 4 4 •

44 2359 71 22 lished
126 2361 51 20 with
186 2361 80 27 plates.

73 2387 110 27 Voyages,
198 2388 145 26 Adventures,
362 2388 44 22 and
421 2389 96 27 Escapes
533 2390 25 21 of
571 2391 61 26 C;ipt.

45 2413 98 24 Richard
154 2414 116 25 Falconer.,
282 2414 85 22 written
379 2415 28 27 by
419 2415 95 26 himself,
527 2418 10 19 1
548 2418 44 20 voL

73 2440 95 22 Fisher's
179 2441 105 25 Juvenile
295 2442 69 32 Scrap
374 2441 69 27 Book,
454 2442 36 21 for
499 2445 58 20 1842.

74 2467 49 21 Life
143 2468 45 21 and
207 2468 72 25 Reign
299 2468 25 21 of
338 2468 97 22 William
449 2468 38 23 the
505 2470 88 26 Fourth,
605 2471 30 25 by

44 2493 38 21 the
92 2495 138 20 Rev.G.N.
242 2494 95 27 Wright,
351 2496 70 24 M.A.,
433 2498 12 19 2
456 2496 55 21 vols.

74 2521 49 22 Life
132 2521 43 24 and
186 2522 134 26 Campaigns
332 2522 26 21 of
369 2522 36 21 the
417 2522 66 22 Duke
493 2524 25 21 of
526 2524 108 28 Welling-

45 2551 44 23 ton,
100 2548 29 27 by
140 2547 37 22 the
188 2555 60 14 same
259 2548 96 22 Author.
383 2551 14 20 4
407 2550 54 21 vols.

73 2575 49 21 Life
136 2573 45 23 and
196 2576 94 21 services
308 2576 26 21 of
348 2576 93 21 Horatio
455 2576 108 24 Viscount
579 2578 54 23 Nel-

45 2609 47 19 «on,
112 2602 55 21 from
181 2602 36 21 his
236 2602 117 28 lordship's
374 2604 152 27 manuscripts,
547 2606 30 26 by
596 2605 37 22 the

46 2629 55 21 Rev.
113 2628 55 22 J.S.
180 2628 86 28 Clarke,
278 2629 89 27 F.R.S.,
380 2630 44 21 and
435 2630 59 22 John
505 2631 127 27 M'Arthur,

45 2656 60 26 Esq.,
117 2655 86 22 L.L.D.
232 2658 13 19 3
256 2656 54 21 vols.

73 2682 47 22 The
138 2682 83 28 Rhine,,
231 2682 65 28 Italy,
309 2683 44 21 and
372 2684 84 21 Greece
466 2684 133 28 illustrated,
611 2686 22 21 in

46 2717 13 13 a
70 2710 66 21 series
146 2709 25 20 of
179 2709 110 27 drawings
307 2710 55 21 from
381 2715 84 22 nature,
478 2711 51 22 with
545 2712 89 22 histori-

47 2736 34 21 cal
92 2736 44 21 and
146 2735 121 27 legendary
278 2736 151 28 descriptions.

75 2762 156 28 Shakspeare's
241 2762 116 23 Dramatic
368 2764 86 26 Works,
466 2765 52 21 with
529 2765 78 27 plates.
624 2768 8 19 1

45 2789 44 21 vol.

75 2816 143 21 Buchanan's
228 2816 84 27 history
323 2817 26 21 of
357 2818 112 21 Scotland.
499 2820 9 20 1
521 2819 43 21 vol.

76 2842 92 28 History
179 2843 26 22 of
218 2843 107 26 England,
338 2848 22 17 to
377 2844 35 21 the
429 2845 65 21 death
511 2846 25 20 of
549 2846 86 27 George

48 2869 37 22 the
97 2870 94 26 Second,
201 2870 30 27 by
242 2870 76 21 Oliver
329 2870 125 23 Goldsmith
462 2879 4 19 ;
484 2872 121 23 continued
614 2877 21 17 to

46 2896 39 22 the
96 2897 127 21 coronation
235 2897 24 21 of
273 2898 78 23 Queen
364 2897 105 27 Victoria,
486 2900 29 24 by
526 2900 36 21 the
578 2900 56 21 Rev.

50 2924 28 21 G.
89 2924 30 21 N.
131 2923 97 28 Wright,
238 2924 65 21 M.A.

73 2950 110 27 Wesley's
207 2952 110 25 Sermons,
337 2951 51 22 with
409 2960 12 13 a
439 2953 100 26 memoir,
564 2954 29 27 by
614 2954 21 22 S.

47 2976 73 28 Drew,
136 2978 64 21 M.A.

74 3004 98 21 Memoir
181 3005 26 21 of
214 3004 56 22 Rev.
281 3005 108 22 Rowland
404 3006 55 26 Hill,
471 3006 30 27 by
512 3006 33 22 W.
557 3008 78 26 Jones,

47 3031 88 21 Author
160 3032 26 21 of
231 3032 169 27 Testamentary
426 3033 113 27 Counsels,
592 3036 45 20 2nd

48 3058 89 21 edition.
167 3059 8 19 1
191 3058 42 21 vol.

76 3084 121 27 Magnall's
207 3084 132 28 Questions;
356 3086 101 26 pictorial
468 3086 89 22 edition.

75 3110 104 23 Barton's
191 3111 84 27 Gospel
281 3111 86 27 history
377 3112 24 21 of
408 3112 79 22 Christ.
518 3115 9 19 1
538 3114 43 21 vol.
595 3128 8 3 -

75 3136 48 23 The
134 3137 78 22 Easter
223 3138 54 21 Gift,
289 3138 28 26 by
328 3138 84 22 L.E.L.
442 3140 9 20 1
464 3139 43 21 vol.

76 3163 47 22 The
134 3164 101 22 Parents'
246 3164 88 27 Friend,
344 3165 28 26 by
381 3165 59 23 John
452 3166 106 26 Morison,
567 3167 68 23 D.1)..

49 3189 88 23 AutKor
147 3191 24 21 of
184 3190 129 25 "Counsels'
321 3196 22 17 to
354 3199 12 14 a
380 3192 176 26 newly-wedded

78 3217 110 28 Scripture
205 3217 93 27 History
311 3218 36 21 for
365 3218 82 23 Youth.
477 3222 12 19 2
506 3220 61 28 vols.,
585 3221 52 22 with

48 3251 63 20 maps
122 3244 43 22 and
176 3244 76 28 plates.

77 3270 47 22 lhe
143 3270 94 23 Women
259 3271 23 22 of
300 3271 109 28 England,
430 3272 57 22 their
507 3274 72 23 Social
594 3275 41 22 and

47 3297 115 24 Domestic
177 3294 88 32 Dutiesj
282 3298 29 28 by
322 3299 56 22 Mrs.
395 3299 68 27 Ellis;
480 3300 51 22 15th
546 3302 89 22 edition.

49 3326 9 19 1
71 3324 43 24 vol.

75 3352 101 21 Summer
191 3352 45 22 and
245 3352 87 22 Winter
347 3352 76 28 iivthe
435 3352 115 30 Pyrenees,
562 3355 30 27 by
600 3355 37 22 the

47 3385 61 19 *amp
118 3377 95 23 Author.
244 3380 10 21 1
266 3379 42 22 vol.

74 3401 232 31 GoWsmitha.history
317 3406 26 22 of
351 3406 35 26 tl>e
397 3406 69 22 earth.
494 3409 14 20 4
519 3408 53 22 vals.

47 3441 5 20 \
75 3431 107 29 Burner's
191 3429 93 35 Visage'
291 3432 110 23 Sermons.
425 3434 16 21 ,1
453 3434 44 21 vol.

45 3457 16 27 „'.,
75 3458 90 25 Wood's
175 3458 131 28 Dictionary
317 3458 27 23 of
351 3458 36 23 the
397 3457 71 30 B,ible.
497 3463 13 20 2
520 3462 54 22 vols.

66 3505 3 8 ,
76 3483 91 24 Smith's
179 3482 135 31 Mecaiiic,,2
324 3486 54 28 yols.

58 3508 70 33 '/The,
133 3510 64 24 Book
208 3512 25 21 of
245 3512 108 26 Common
365 3512 88 28 Prayer,
465 3513 129 26 illustrated.

74 3538 146 23 Fleetwood's
230 3538 38 23 life
278 3539 25 21 of
311 3540 80 23 Christ.

75 3565 66 22 Fox's
152 3565 111 24 Christafn
274 3566 162 29 Martyrology.

62 3592 60 30 ,;The
132 3592 72 23 whole
215 3592 53 28 duty
277 3592 27 30 of
391 3594 30 28 by
431 3594 37 25 th,e
479 3595 55 22 Rev.
546 3596 91 22 Charles

48 3619 101 25 Atmore,
177 3639 3 5 ,

75 3645 130 25 Morrison's
215 3646 88 28 Family
313 3646 101 28 Prayers.

76 3672 115 28 Bunyan'g
209 3672 113 30 Pilgrim's
338 3673 109 27 Progress,
465 3674 132 30 beautifully
611 3676 15 22 il

46 3697 114 24 lustrated.
168 3698 4 4 '

55 3742 4 2 .
76 3725 110 22 Sermon's
195 3726 30 26 by
233 3726 62 23 Blair
304 3726 47 21 and
360 3726 135 23 Whitefield.

77 3751 111 23 Buchan's
198 3752 114 30 Domestic
324 3753 121 22 Medicine.

53 3799 3 5 
76 3777 112 24 Walker's
197 3780 161 28 Pronouncing,
364 3780 135 28 Dictionary.

77 3803 114 26 J,amie?on
201 3813 11 18 8,
217 3806 131 27 Dictionary
355 3808 25 20 of
383 3806 143 26 Mechanical
536 3809 100 29 Science,

49 3831 61 26 Artß,
108 3831 5 9 :
122 3831 178 28 Manufactures,,
307 3833 41 22 &c.
376 3834 86 29 2,,v0|5.,
473 3836 44 21 4to.

54 3877 3 4 .
76 3856 173 30 Encyclopaedia
259 3858 126 24 Edinensia.
414 3863 12 20 6
434 3860 57 27 yols.
586 3881 3 4 ,
611 3879 3 9 ,

74 3884 199 29 Drawingrßqom,
277 3886 69 25 Scrap
356 3886 61 24 Bpok
426 3887 35 23 for
472 3890 60 22 1842.

47 3911 129 26 \Mathev
186 3911 75 29 .\7jfla,
289 3934 2 6 .
308 3933 3 7 ,
324 3933 3 7 ,
423 3912 17 23 ',
564 3910 3 7 '

77 3937 81 22 Close's
169 3936 92 32 Eamjly,'
264 3938 101 27 Prayer.-
383 3937 14 23 \
414 3958 2 3 ,

77 3965 71 30 Guys
157 3961 94 32 spelling
331 3965 53 29 "&'c,
396 3967 39 22 &c.
459 3968 40 23 &c.

1433 123 22 22 J.
1488 130 4 9 1
1512 125 45 21 'To
1567 126 63 25 Xiet,
1639 123 14 9 ''
1769 133 2 6 ■
1840 125 9 13 J
1848 150 3 3 _

1282 153 89 49 FOR
1383 152 61 22 such*
1449 159 14 15 a
1472 155 57 18 term
1539 151 26 21 of
1571 159 63 20 years
1646 158 22 15 as
1682 159 54 19 may
1746 153 29 21 be
1789 152 81 27 agreed

1357 186 35 21 on,
1404 180 34 21 six
1448 186 60 15 acres
1524 178 66 27 alprig
1608 179 36 21 the
1656 179 43 21 Kai
1715 179 154 26 W&rrarr.pad,

1280 213 29 15 on
1320 207 87 22 Section
1418 206 42 22 No.
1471 207 20 25 4,
1507 204 24 23 in
1546 212 43 14 one
1606 213 25 14 or
1649 213 59 18 mQre
1722 205 52 26 lots.
1793 222 2 11 ,
1804 205 64 33 AI,?P,.

1279 233 90 22 wanted
1388 240 13 14 a
1421 235 122 19 contractor
1559 232 36 21 for
1615 231 100 27 building
1733 239 14 14 a
1762 233 108 21 weather-

1279 259 101 23 boarded
1393 259 75 26 house,
1486 258 54 22 with
1555 258 64 22 'brick
1773 266 29 14 on
1822 259 48 22 said

1280 287 93 21 section.
1403 287 74 26 Apply
1487 289 22 18 to
1587 301 4 3 -
1641 290 12 13 •■>
1671 301 6 3 -
1695 297 2 5 •
1738 299 4 3 -

1470 313 51 25 Mr,
1534 313 155 26 Macdq^a^d,
1700 313 44 23 Koi
1755 313 87 22 Warra.

1308 340 46 22 Kai
1365 340 84 26 Warra,
1461 339 53 28 July
1526 342 19 25 8,
1558 341 59 19 1842.
1816 358 2 5 ,
1854 360 2 7 ,

1394 403 3 4 .
1430 385 38 22 To
1483 385 34 20 be
1532 384 72 21 Sold,
1618 390 30 14 or
1662 385 56 20 Let.

1279 417 10 12 rpWOr
1295 416 78 34 pWo
1387 417 99 21 Wooden
1499 416 370 29 H.ouses,'ontheTinakore-road,

1290 438 24 25 JL
1358 443 36 22 the
1414 443 82 22 second
1512 450 52 18 p.cre
1579 443 61 27 ,from
1661 443 92 27 Captain
1771 443 92 25 Smith's

1326 470 128 27 containing
1469 471 50 20 four
1528 478 73 14 rooms
1612 469 44 22 and
1672 478 13 14 a
1697 477 102 20 passage,
1815 469 55 23 each

1281 496 53 22 with
1353 497 49 21 zinc
1421 497 66 25 roofs,
1514 497 44 21 and
1569 497 35 21 'in
1630 504 66 19 cv.cry
1714 501 90 23 respect
1822 497 47 21 well

1281 522 101 23 finished.
1411 524 77 22 Terms
1491 534 26 5 —
1518 523 23 21 If
1549 522 55 28 sold,
1615 523 60 22 £150
1686 523 33 22 for
1726 523 55 22 each
1788 523 68 23 house
1863 532 6 19 ;

1280 550 20 20 if
1311 551 39 26 let,
1361 551 29 21 £\
1404 558 40 19 per
1453 550 62 22 week
1524 551 34 21 for
1569 549 55 22 eacK
1633 549 77 23 house.
1738 550 77 27 Apply
1827 554 22 18 to

1672 584 75 22 James
1762 584 81 22 Wait.

1292 610 145 29 Wellington,
1446 612 58 22 Nov.
1515 612 32 26 27,
1557 612 60 23 1841.
1854 623 16 23 <■_

1507 657 52 19 Por
1574 657 70 23 Sale,

1281 689 94 50 THE
1390 690 144 22 COTTAGE
1549 690 95 22 situated
1654 691 23 22 in
1695 692 102 21 Oriental
1813 692 55 26 Bay,

1357 717 44 22 and
1416 717 66 27 lately
1493 718 106 26 occupied
1615 718 29 26 by
1655 718 36 21 the
1708 718 160 26 undersigned.

1281 744 21 21 A
1318 743 53 27 long
1389 744 59 21 lease
1467 744 25 21 of
1509 744 37 21 the
1562 745 84 25 section
1661 752 57 20 upon
1738 746 74 22 which
1833 746 36 21 the

1280 770 70 21 house
1360 770 75 21 stands
1446 770 44 23 will
1500 770 26 21 be
1535 771 103 26 granted.

1307 797 69 21 Town
1386 797 55 21 land
1449 797 45 21 will
1503 797 27 22 be
1540 798 67 21 taken
1616 798 25 21 in
1651 798 121 28 exchange.

1309 824 43 21 For
1361 824 83 21 further
1453 824 135 27 particulars,
1601 824 66 28 apply
1677 829 21 18 to

1603 857 96 21 George
1714 852 90 32 Dtj^a,
1820 865 24 14 or

1602 884 35 20 W.
1655 884 27 22 V.
1698 885 103 21 Brewer

1472 929 93 20 House
1580 930 30 19 to
1620 930 57 20 Let.

1281 964 52 46 A
1356 962 86 21 GOOD
1461 962 130 22 substantial
1610 963 76 27 house,
1707 964 52 20 with
1778 963 92 21 kitchen

1361 988 43 22 and
1416 989 134 27 out-houses,
1563 991 22 20 to
1595 990 32 21 let
1635 990 23 21 in
1669 991 200 21 Manner's-strect.

1282 1015 43 22 For
1334 1016 135 26 particulars,
1481 1017 66 26 apply
1561 1020 20 17 to
1594 1017 44 21 Mr.
1649 1017 121 21 Brewer's
1792 1016 76 22 Office.

1456 1066 113 21 Heifers,
1578 1066 30 21 in
1623 1067 67 21 Calf.

1282 1092 89 48 FOR
1385 1092 84 26 SALE,
1482 1093 67 21 about
1564 1094 27 20 50
1602 1095 98 26 superior
1709 1094 57 22 bred
1780 1094 88 28 heifers,

1342 1123 57 18 most
1417 1119 24 21 of
1453 1120 61 21 them
1528 1120 73 26 heavy
1615 1122 24 19 in
1658 1121 49 27 calf,
1726 1122 45 21 and
1787 1122 83 27 having

1282 1146 57 21 been
1359 1154 59 13 some
1435 1147 53 20 time
1503 1146 23 22 in
1540 1148 38 20 the
1599 1148 90 27 Colony,
1708 1152 39 17 not
1762 1149 68 21 liable
1848 1153 22 17 to

1281 1174 67 21 suffer
1357 1174 57 21 from
1425 1172 35 23 the
1471 1174 75 21 effects
1557 1174 24 21 of
1594 1174 36 22 the
1648 1174 61 23 Toot.
1738 1176 49 21 The
1801 1176 68 21 above

1282 1200 66 21 cattle
1366 1207 40 15 can
1423 1200 26 21 be
1466 1201 100 27 strongly
1579 1202 180 27 recommended,
1779 1210 23 17 as,
1819 1203 51 27 they

1281 1226 59 22 have
1356 1227 55 21 been
1429 1227 96 22 selected
1540 1228 57 21 from
1614 1228 37 21 the
1668 1236 120 15 numerous
1804 1230 66 21 cattle

1281 1254 60 27 ships
1353 1254 70 21 which
1434 1254 55 21 have
1507 1256 86 21 arrived
1607 1256 60 21 here.
1697 1256 75 28 Apply
1788 1260 23 17 to
1825 1257 43 21 My.

1282 1281 96 27 Revans,
1393 1282 84 20 Gazette
1488 1282 69 27 office,
1570 1290 24 14 or
1604 1287 23 18 to
1638 1283 43 22 Mr.
1693 1283 86 27 Hulke,
1789 1284 80 21 Evans'

1282 1308 55 27 Bay.

1309 1336 62 25 Also,
1382 1335 61 22 three
1455 1336 113 22 well-bred
1579 1344 72 15 mares
1658 1337 23 22 in
1690 1337 52 27 foal,
1757 1343 21 16 to
1790 1338 79 27 impor-

1282 1362 36 21 ted
1329 1362 82 22 horses.

1281 1408 65 25 Ship
1362 1408 82 21 Hotel
1460 1411 20 19 &
1496 1410 113 24 Tavern,
1625 1411 131 20 Manners
1772 1411 96 24 Street,

1433 1442 38 21 BY
1488 1443 83 21 JOHN
1588 1443 130 27 FULLER,

1282 1476 80 18 WINES,
1375 1476 93 20 SPIRITS,
1538 1477 61 14 MALT
1609 1477 98 15 LIQUORS
1718 1478 26 13 OT
1757 1479 112 13 SUPLUIOR

1521 1503 106 16 QTJALITV.

1356 1522 154 22 Commodious
1522 1531 73 14 rooms
1606 1524 50 21 with
1667 1524 55 26 good
1733 1524 63 22 beds.

1309 1550 92 21 Dinners
1419 1552 35 23 got
1475 1552 63 24 ready
1559 1557 25 14 on
1606 1553 34 18 the
1653 1553 91 19 shortest
1765 1553 76 19 notice.

1364 1585 29 13 AN
1406 1585 116 14 ORDINARY
1535 1586 69 13 DAILY
1614 1586 29 14 AT
1654 1580 12 19 2
1685 1579 103 22 O'CLOCK.

1426 1623 140 24 CHARLES
1584 1624 138 28 HARVEY,

1491 1651 100 24 Tailor,
1607 1652 53 24 &c,

1411 1677 113 26 Adjoining
1537 1679 71 20 Kumu
1625 1680 50 19 Toto
1689 1680 55 26 Pah,

1498 1713 158 20 WELLINGTON,

1282 1731 107 48 BEGS
1406 1734 21 18 to
1444 1735 76 18 return
1537 1733 81 21 thanks
1637 1736 21 18 to
1677 1734 35 21 the
1729 1737 82 23 gentry
1827 1734 42 21 and

1359 1759 74 26 public
1444 1760 21 20 of
1476 1759 56 22 New
1543 1760 100 21 Zealand
1653 1760 33 22 for
1695 1761 36 21 the
1740 1765 93 23 support
1843 1761 26 22 he

1281 1785 41 21 has
1331 1785 109 21 -received
1455 1786 57 21 from
1529 1786 61 23 them
1606 1788 61 21 since
1682 1788 27 21 he
1724 1788 146 23 commenced

1281 1812 108 27 business,
1409 1813 44 21 and
1472 1813 27 21 he
1518 1821 86 14 assures
1621 1814 61 22 them
1698 1815 49 21 that
1763 1815 18 20 it
1800 1815 19 21 is
1837 1815 33 21 his

1280 1839 112 21 intention
1404 1843 21 17 to
1437 1840 103 22 continue
1551 1840 33 21 his
1602 1845 58 17 most
1675 1846 119 17 strenuous
1809 1849 51 14 exer

1282 1866 59 21 tions
1351 1870 22 17 to
1385 1866 64 21 merit
1459 1875 12 13 a
1482 1868 148 21 continuance
1641 1868 25 21 of
1674 1869 55 21 their
1740 1871 129 24 patronage.

1310 1894 23 20 C.
1345 1894 28 20 11.
1385 1894 61 21 takes
1464 1894 42 21 this
1528 1896 143 26 opportunity
1686 1896 26 21 of
1722 1896 86 26 stating
1825 1896 45 21 that

1281 1919 34 22 his
1326 1921 62 21 stock
1399 1922 92 21 consists
1503 1922 24 21 of
1539 1929 13 14 a
1561 1922 59 26 good
1631 1924 83 26 variety
1725 1923 27 21 of
1758 1923 111 26 superfine

1282 1947 78 27 cloths,
1372 1947 109 27 doeskins,
1498 1950 89 24 tweeds,
1605 1949 126 27 moleskins,
1744 1950 124 26 velveteen,

1281 1974 57 26 pilot
1352 1974 66 26 cloth,
1432 1976 37 20 &c.
1482 1976 46 25 &c,
1545 1976 44 21 and
1606 1976 33 21 his
1651 1977 94 26 charges
1756 1977 47 25 (for
1822 1979 47 18 eas/i

1280 2002 60 22 anlyj
1352 2002 119 19 tnocWiUp.

1474 2046 25 19 J.
1515 2047 38 20 M.
1569 2047 109 25 Taylor,

1297 2079 151 21 LICENSED
1474 2080 240 22 CUSTOM-HOUSE
1738 2082 116 27 AGENT,

1529 2115 28 12 TE
1573 2114 50 14 ARO.

1419 2153 86 20 Town
1523 2154 31 19 of
1565 2154 167 21 Manewatu.

1282 2185 92 49 THE
1398 2185 214 24 PROPRIETORS
1638 2188 25 21 of
1688 2188 36 22 the
1747 2190 61 21 three
1823 2191 46 23 first

1371 2213 87 22 choices
1475 2216 21 18 at
1507 2215 36 20 the
1561 2214 43 21 last
1620 2214 104 22 selection
1736 2216 26 21 of
1777 2221 91 20 country

1281 2239 70 26 lands,
1367 2240 82 27 having
1468 2240 137 23 determined
1620 2249 60 18 upon
1698 2242 37 21 the
1753 2244 41 20 site
1809 2245 33 21 for
1857 2253 12 12 a.

1295 2267 93 21 TOWN
1406 2267 39 21 OiN
1463 2268 63 21 THE
1543 2268 188 22 MANEWATU
1747 2271 107 27 RIVER,

1281 2294 57 21 after
1343 2295 78 20 several
1431 2296 58 19 visits
1499 2299 21 16 to
1530 2294 35 22 the
1576 2295 186 28 neighbourqood,
1776 2298 47 21 and
1834 2299 35 20 the

1280 2324 59 19 most
1359 2321 82 21 careful
1460 2321 45 22 and
1523 2322 83 21 minute
1628 2324 150 21 examination
1795 2326 25 20 of
1834 2326 35 21 the

1281 2352 71 17 tJiitire
1369 2348 91 27 district,
1477 2348 64 22 aided
1559 2349 29 27 by
1598 2349 37 21 the
1651 2350 145 29 professional
1812 2352 55 27 skill,

1282 2374 137 27 knowledge,
1439 2375 44 22 and
1498 2376 131 27 experience
1645 2377 25 21 of
1681 2376 36 22 the
1735 2382 60 19 mogt
1811 2387 58 13 com-

1282 2406 77 21 petent
1366 2402 87 27 judges,
1470 2409 92 21 propose
1579 2406 27 18 to'
1618 2403 54 22 offer
1683 2404 32 21 for
1732 2405 105 27 disposal,
1848 2410 22 17 at

1432 2430 35 21 the
1483 2434 88 22 present
1581 2430 60 26 time,
1653 2431 66 20 about

1281 2455 220 23 TWENTY-FIVE
1535 2456 107 26 ACRES,
1681 2458 34 21 IN
1755 2460 115 22 ALLOT-

1283 2482 112 28 MENTS,
1412 2483 85 22 EACH
1519 2484 38 21 OF
1583 2484 64 21 ONE
1668 2485 149 23 QUARTER
1833 2488 36 20 OF

1500 2510 43 22 AN
1559 2510 90 22 ACRE.

1309 2536 47 21 The
1366 2540 50 24 spot
1425 2537 49 22 thus
1484 2537 96 22 selected
1592 2545 109 20 possesses
1711 2538 37 22 the
1759 2545 58 17 most
1833 2549 36 13 ex-

1282 2562 85 22 tensive
1381 2564 101 27 frontage
1498 2567 21 18 to
1536 2564 56 26 deep
1604 2569 69 18 water
1688 2566 25 21 of
1724 2573 45 21 any
1785 2575 28 14 on
1834 2569 35 21 the

1282 2591 63 20 river.
1376 2590 22 21 It
1416 2590 18 21 is
1453 2590 96 22 situated
1563 2591 48 26 just
1625 2595 21 18 at
1663 2592 47 22 that
1729 2595 65 25 point
1813 2595 56 22 from

1347 2616 69 22 which
1428 2625 12 13 a
1451 2618 52 21 road
1515 2618 72 21 would
1596 2618 84 22 branch
1691 2620 33 21 off
1731 2624 22 18 to
1764 2621 38 21 the

1282 2651 94 14 WOODLD
1401 2652 45 14 AND
1468 2652 96 14 FERTILE
1586 2653 115 15 DISTRICTS
1724 2655 77 14 ALONG
1825 2657 44 14 THE

1453 2679 55 14 BASE
1522 2679 27 14 OF
1564 2679 46 14 THE
1626 2674 72 26 H?EIS,

1283 2698 44 21 and
1340 2698 69 23 above
1421 2698 71 21 which
1503 2698 35 22 Lhe
1554 2700 126 26 navigation
1696 2701 33 21 for
1740 2702 83 22 vessels
1832 2703 38 21 be-

1284 2732 74 15 comes
1368 2725 85 25 tedious,
1463 2726 24 24 if
1492 2728 36 18 not
1538 2727 95 25 difficult.
1663 2728 21 21 It
1691 2728 17 21 is
1715 2728 110 23 therefore
1834 2730 35 22 the

1482 2753 61 27 point
1553 2754 72 21 where
1636 2754 36 21 the

1283 2785 88 21 LAND
1387 2786 67 22 AND
1470 2787 113 22 WATER
1598 2788 162 23 CARRIAGE
1777 2791 91 22 MEET,

1284 2813 45 20 and
1339 2812 72 22 where
1421 2821 14 13 a
1443 2815 69 21 Town
1529 2822 61 14 must
1604 2823 29 13 be
1648 2823 90 14 tormed
1755 2817 67 23 when
1832 2819 38 21 the

1283 2839 86 21 district
1384 2840 20 21 is
1413 2841 87 21 settled.
1529 2841 22 21 It
1559 2849 44 14 was
1615 2842 95 23 selected
1726 2844 31 27 by
1768 2844 38 21 the
1820 2846 50 21 Sur-

1284 2866 80 27 veying
1374 2867 59 21 Staff
1445 2876 23 13 as
1479 2868 36 21 the
1525 2869 137 22 rendezvous
1672 2870 35 21 for
1722 2871 59 21 their
1795 2872 59 27 body
1863 2881 6 19 ;

1284 2893 43 21 and
1338 2893 39 22 has
1387 2895 57 21 been
1454 2903 49 14 now
1517 2895 77 28 found,
1604 2896 58 21 after
1673 2898 85 21 several
1777 2897 93 24 months'

1272 2921 2 29 j
1283 2919 104 28 location',
1401 2924 20 18 to
1435 2922 26 21 be
1472 2922 37 21 the
1520 2926 56 17 most
1592 2923 165 28 advantageous
1768 2926 101 28 position,

1284 2947 57 22 from
1359 2948 26 21 its
1401 2949 97 26 peculiar
1518 2950 83 26 facility
1618 2950 26 21 of
1655 2952 113 26 approach
1779 2952 53 22 both
1841 2954 29 26 by

1272 2980 2 24 |
1283 2973 55 23 land
1347 2975 45 21 and
1401 2980 76 17 water.

1272 3006 2 18 I
1313 3001 27 21 In
1352 3002 151 21 confirmation
1515 3003 25 20 of
1547 3003 37 21 the
1594 3004 130 28 superiority
1735 3006 26 21 of
1771 3006 42 22 this
1824 3010 48 24 spot

1284 3035 54 14 over
1347 3035 43 20 any
1401 3029 61 22 other
1472 3034 37 22 yet
1519 3030 88 26 known,
1620 3030 36 21 the
1668 3032 89 22 Messrs.
1768 3033 101 28 Kebbell,

1285 3055 57 21 after
1361 3055 36 21 the
1418 3056 153 22 examination'
1584 3058 26 21 of
1626 3058 37 21 the
1681 3059 59 21 river
1757 3059 58 23 from
1835 3061 35 22 the

1286 3081 88 22 Paneiri
1385 3082 46 22 Pah
1442 3086 22 19 to
1474 3084 27 21 its
1512 3084 84 27 mouth,
1609 3084 138 24 determined
1762 3094 28 14 on
1803 3092 68 17 erect-

1523 3111 38 26 ing
1574 3110 58 23 their

1286 3142 66 21 SAW
1367 3143 80 22 MILL
1468 3144 229 24 IMMEDIATELY
1713 3147 157 24 OPPOSITE.

1284 3169 49 21 The
1352 3170 70 21 works
1441 3171 24 21 of
1481 3171 47 21 that
1547 3172 167 24 establishment
1733 3182 38 14 are
1791 3178 23 19 at
1830 3176 41 21 this

1287 3200 103 28 moment_
1405 3197 21 21 in
1442 3197 63 28 rapid
1520 3206 108 19 progress,
1645 3200 43 21 and
1708 3201 37 22 the
1764 3203 108 27 proposed

1286 3222 69 22 Town
1364 3223 45 22 will
1419 3225 131 27 necessarily
1555 3226 93 27 partake
1655 3227 25 21 of
1686 3227 46 21 this'
1740 3228 130 29 advantage.

1313 3250 48 21 The
1380 3251 92 22 nucleus
1488 3251 24 21 of
1528 3260 13 13 a
1559 3253 69 21 Town
1644 3253 25 27 is,
1679 3254 23 22 in
1717 3255 52 27 fact,
1783 3256 88 28 already

1286 3277 96 26 created,
1392 3277 30 28 by
1432 3278 36 22 the
1480 3280 164 21 concentration
1661 3281 24 21 of
1700 3281 37 24 the
1748 3283 124 27 Surveying

1286 3303 58 22 Staff
1352 3311 27 14 on
1391 3304 47 22 that
1447 3309 55 23 spot,
1513 3314 25 13 as
1546 3307 38 20 the
1595 3310 74 18 centre
1685 3309 25 21 of
1721 3310 151 21 communica-

1286 3331 46 21 tion
1343 3333 21 19 to
1376 3331 37 22 the
1423 3333 148 26 surrounding
1581 3333 98 29 district;'
1693 3335 38 22 the
1743 3337 96 21 erection
1851 3338 24 21 of

1286 3357 90 23 Messrs.
1388 3358 116 22 Kebbell's
1519 3361 49 20 Saw
1585 3360 63 22 Mills
1665 3363 97 26 opposite
1771 3371 5 18 ;
1793 3364 29 26 by
1835 3364 36 22 the

1286 3389 163 22 arrangements
1463 3386 35 22 for
1512 3394 29 14 an
1558 3388 114 21 extensive
1684 3390 99 21 General
1796 3390 60 23 Store
1865 3399 5 19 ;

1286 3411 46 21 and
1341 3411 29 27 by
1378 3412 38 22 the
1425 3412 43 22 late
1479 3414 133 26 application
1618 3414 33 21 for
1661 3422 12 14 a
1680 3416 109 22 Licensed
1797 3417 75 22 House

1285 3445 29 16 on
1324 3437 36 22 the
1367 3443 53 27 part
1429 3440 24 21 of
1466 3447 28 14 an
1504 3439 123 23 individual
1642 3442 48 22 who
1705 3443 47 27 has,
1765 3443 60 22 since
1837 3445 35 22 the

1284 3465 119 23 formation
1421 3467 26 21 of
1460 3467 38 21 the
1513 3467 93 27 Colony,
1621 3470 97 24 pursued
1735 3477 13 14 a
1768 3470 104 23 lucrative

1284 3491 64 23 trade
1359 3493 52 21 with
1421 3493 36 22 the
1469 3493 92 27 natives,
1573 3494 46 21 and
1630 3494 71 23 whose
1712 3496 132 28 knowledge
1851 3499 25 21 of

1284 3518 39 22 the
1333 3518 136 27 advantages
1479 3520 25 21 of
1510 3520 38 21 the
1557 3521 102 26 position,
1667 3523 118 27 prompted
1795 3524 46 22 him
1851 3529 23 18 at

1285 3552 55 14 once
1353 3546 161 26 toprefeuthat
1526 3547 141 26 application.
1698 3564 4 3 .

1312 3571 47 23 The
1369 3572 93 22 Natives
1477 3573 30 26 by
1516 3574 74 21 whom
1605 3574 44 21 this
1659 3575 53 22 land
1723 3584 46 15 was
1780 3578 93 23 claimed

1285 3606 37 16 are
1334 3599 60 26 quite
1404 3599 108 28 prepared
1521 3603 22 18 to
1550 3600 52 27 give
1609 3608 30 20 up
1645 3604 133 27 possession,
1785 3606 88 22 andare

1272 3625 2 32 j
1284 3626 145 27 exceedingly
1441 3627 92 21 anxious
1547 3630 21 18 to
1583 3627 59 22 have
1651 3636 14 14 a
1675 3629 120 29 European
1805 3639 69 21 popu-

1272 3660 2 27 j
1283 3651 69 25 Jation
1362 3660 82 20 among
1454 3653 67 28 them,
1533 3653 84 28 having
1634 3655 55 23 been
1699 3655 65 29 upon*
1771 3658 37 22 the
1818 3664 57 17 most

1272 3678 2 15 1
1284 3679 96 28 friendly
1387 3679 87 28 footing
1484 3681 54 21 with
1546 3681 37 21 the
1594 3683 126 28 Surveying
1730 3685 60 22 Staff
1795 3686 79 28 during

1282 3705 40 23 the
1331 3705 49 24 fcur
1390 3714 24 14 or
1423 3707 43 25 five
1475 3708 89 26 mpnths
1573 3708 61 28 they
1647 3709 56 23 have
1719 3712 59 21 been
1787 3712 88 23 located

1272 3739 2 28 |
1283 3732 71 23 there.

1286 3779 3 4 .
1313 3759 32 22 As
1356 3760 37 22 the
1401 3761 137 28 Proprietors
1547 3769 98 21 purpose*
1649 3767 22 18 to
1682 3764 89 28 dispose
1782 3766 25 21 of
1813 3767 39 21 but
1861 3775 13 14 a

1282 3786 87 22 limited
1381 3788 91 26 portion
1489 3789 30 21 of-
1525 3789 46 21 the.
1578 3789 69 22 Town
1664 3794 22 18 at
1703 3795 98 24 present,
1813 3794 59 27 -they

1282 3813 79 28 pledge
1372 3815 133 22 themselves
1512 3815 55 27 that,
1579 3819 23 18 at
1611 3823 30 15 no
1660 3817 72 22 future
1742 3818 71 27 sales/
1818 3821 55 22 shall

1284 3841 43 29 the,
1333 3840 131 30 allotments-
1468 3842 30 22 be
1506 3845 40 25 put;
1550 3849 32 20 up
1592 3846 24 25 at;
1625 3841 67 30 a'Je.ss
1702 3852 50 18 sum
1761 3845 113 26 th,>irj,.now

1272 3874 2 14 i
1284 3867 100 25 offered.-
1777 3881 4 17 ;

1310 3895 22 23 A
1352 3894 137 27 Prospectus'
1503 3894 49 29 and,'
1644 3898 25 21 of
1683 3897 37 24 the
1739 3898 70 23 Town

1272 3923 2 25 i
1282 3921 85 28 shortly
1371 3921 33 22 'be
1412 3922 70 27 ready
1491 3922 34 22 for
1533 3923 125 26 inspection
1673 3927 22 19 at
1708 3925 38 22 the
1758 3923 83 26 Offices
1847 3928 29 21 t>f

1282 3949 92 22 Messrs.
1387 3947 67 24 Waitt
1463 3949 129 27 and-Tyser,
1604 3949 33 22 Te
1645 3951 54 22 Aro.
1737 3959 3 4 •
1770 3956 27 14 .'.
1806 3956 19 5 -'
1834 3957 32 15 .m

1312 3972 142 31 Wellmg4on,
1467 3975 66 27 Ap»r
1540 3977 34 26 2%,
1586 3977 60 22 1842.
1879 3982 3 12 ■
