2452 3876
41 473 2380 70 THE

41 543 952 2 OXFORD
1152 543 1269 2 OBSERVER

41 545 298 1 AND
438 545 992 1 CANTERBURY
1529 545 892 1 DEMOCRAT,

41 546 1190 1 CIRCULATING
1339 546 1082 1 THROUGHOUT

41 547 700 1 NORTH
881 547 1540 1 CANTERBURY.

1053 565 227 34 Established
1322 567 91 33 1889.

21 672 66 33 Vol
110 675 71 29 4—
180 673 60 30 No.
287 666 85 39 186.)

759 673 106 32 EAST
916 674 185 37 OXFORD,
1146 673 241 39 SATURDAY,
1434 673 156 32 MARCH
1633 675 29 33 4,
1689 676 76 30 J893

1983 678 135 31 Price—
2120 680 86 29 ONE
2243 678 145 31 PENNY

418 781 56 38 J.
513 781 60 38 S.
600 781 227 49 COOS,

595 832 43 20 The
658 832 210 28 People's^Chcmitit,

708 870 94 24 washcl
818 870 97 34 Street,

850 910 282 29 CHRISTCHURCH.

768 962 129 33 (Opposite
908 964 42 26 the
972 965 56 25 A.I.
1042 966 89 34 Hotel)

59 1025 12 19 I
80 1025 55 20 hnve
145 1025 97 27 pleasure
252 1026 23 20 m
287 1026 103 26 thanking
401 1035 35 19 ray
446 1029 80 20 friends
536 1030 44 21 and
589 1033 123 25 supporters
722 1032 34 20 for
767 1033 35 21 the
818 1033 122 23 confidence
1021 1042 50 21 very
1088 1037 74 22 liberal
1181 1040 39 25 pat

33 1068 79 20 ronage
132 1062 68 22 which
211 1063 40 21 has
261 1063 51 21 been
320 1065 102 21 extended
432 1066 21 21 to
461 1072 33 15 me
501 1067 33 20 for
545 1067 35 22 the
590 1070 49 24 past
647 1075 68 20 years,
725 1070 11 21 I
747 1071 55 21 trust
812 1071 48 22 that
878 1072 13 21 I
910 1072 56 22 shall
982 1074 62 22 merit
1063 1075 37 22 the
1118 1076 113 22 continued

31 1101 117 25 patronage
157 1101 22 20 of
189 1107 36 19 my
234 1101 80 21 friends
324 1102 43 21 and
377 1102 35 22 the
422 1104 71 25 public
501 1106 113 25 generally,
642 1106 83 27 During
736 1108 35 21 the
781 1115 59 19 years
850 1110 11 20 I
876 1110 55 21 have
945 1110 52 22 been
1007 1111 23 21 m
1047 1112 153 24 Christchurcb
1215 1115 11 21 I

32 1136 54 21 have
96 1136 111 27 dispensed
215 1144 65 20 many
289 1138 117 22 thousands
416 1141 22 19 of
448 1141 151 27 preemptions
609 1143 44 21 and
662 1145 137 26 successfully
809 1146 81 21 treated
901 1148 79 21 several
1001 1148 121 23 thousands
1150 1152 23 20 of
1191 1158 37 20 my

31 1173 98 26 patients.
158 1174 56 20 lam
224 1174 53 27 fully
286 1176 127 24 acquainted
423 1178 50 20 with
484 1178 36 21 the
535 1179 96 21 business
639 1181 22 19 m
672 1181 28 20 al.
711 1181 28 21 its
749 1181 110 27 branches,
870 1184 43 21 and
922 1185 82 28 itisray
1014 1186 121 23 endeavour
1152 1189 79 27 always

66 1212 120 26 personally
200 1213 73 20 attend
284 1214 22 20 to
317 1214 32 21 the
357 1215 153 25 requirements
520 1217 43 21 and
571 1218 73 21 obtain
656 1219 35 21 the
701 1220 122 22 confidence
838 1222 23 20 of
879 1222 29 21 all
927 1223 56 29 who,
994 1224 74 27 kindly
1086 1225 75 22 favour
1194 1233 34 16 me

31 1247 51 22 with
93 1248 55 22 their
158 1250 124 26 patronage.

31 1287 66 21 TRY
116 1288 49 20 MY
190 1289 93 21 CURE
303 1289 146 26 FORIALL
467 1292 167 27 KINDSJOF
651 1296 81 21 SKIN
763 1298 175 22 DISEASE-

195 1324 12 21 I
216 1329 36 15 am
263 1325 133 27 exceedingly
407 1328 113 20 successful
533 1328 22 20 m
566 1334 36 21 my
608 1331 102 21 remedies
720 1332 32 20 for
763 1332 43 21 this
814 1334 125 26 complaint,
949 1335 54 22 have
1013 1342 13 16 a
1031 1337 58 27 large
1105 1339 92 21 number
1213 1341 18 21 of

236 1362 151 22 testimonials.

31 1404 67 26 !'RY
117 1407 48 21 MY
185 1407 75 22 NEW
279 1408 144 23 REMEDY
442 1411 63 21 FOR
525 1411 97 23 LIVER
636 1413 224 26 COMPLAINTS
878 1418 70 22 AND
967 1419 258 25 INDIGESTION--

195 1442 114 21 Hundreds
319 1444 22 20 of
351 1451 35 19 my
397 1446 94 25 patients
501 1446 54 21 have
566 1449 78 24 proved
654 1449 17 21 it
682 1449 75 27 highly
772 1452 144 28 satisfactory.

180 1490 80 32 Large
274 1491 75 26 Stock
367 1493 27 24 of
402 1493 35 25 all
449 1493 71 26 kinds
533 1495 26 25 of
570 1496 88 26 Patent
680 1497 136 28 Medicines
839 1503 26 23 at
894 1501 71 26 Store
983 1503 92 26 Prices.

265 1546 20 23 A
298 1547 118 32 complete
420 1574 7 8 t
441 1548 150 28 Assortment,
611 1552 26 24 of
658 1553 177 32 Homoepathic
863 1555 143 28 Medicines.

96 1594 42 27 All
157 1596 125 27 DRUGS
299 1599 193 28 Guaranteed
511 1600 84 35 Pure,
613 1602 74 27 Best
709 1604 130 36 Quality,
860 1607 56 25 and
934 1609 119 26 Lowest
1079 1610 92 27 Price.

231 1646 305 29 PRESCRIPTIONS
553 1653 117 33 carefully
691 1654 49 24 and
760 1656 113 31 correctly
896 1658 134 31 dispensed.

369 1701 612 43 COT^STJT.TATIO]SrS
1020 1712 195 36 CRISIS

462 1757 116 32 JOHN
601 1758 202 43 S..COOKE,

436 1819 143 32 Registere-1
613 1822 209 27 Pharmaceutical
840 1826 119 30 Chemist,

773 1871 111 27 Cashel
910 1874 117 34 Street,

902 1921 281 29 CHRISTCHURCH.

1297 836 185 49 JOHN
1547 841 291 58 INGRAM,

1295 922 61 24 HAS
1370 924 57 24 FOB
1441 926 71 23 SALE
1529 929 39 21 BY
1583 930 124 23 PRIVATE
1721 932 117 23 TREATY.

1405 1075 34 22 On
1448 1079 92 20 aeeourt
1550 1079 23 21 of
1583 1080 35 21 Mr
1627 1080 107 23 Johnson.

1297 1137 60 28 Shop
1363 1139 44 22 and
1420 1140 106 30 dwelling,
1535 1144 101 27 fronting
1645 1146 38 21 the
1693 1146 60 21 Main
1767 1146 69 25 Koad,

1297 1167 97 24 opposite
1404 1167 94 24 Pearson
1519 1171 59 21 Tark
1601 1178 28 15 on
1648 1172 48 22 half
1704 1179 29 15 an
1744 1174 12 21 '
1756 1174 50 21 Acre
1815 1174 23 21 of

1295 1190 60 23 land.
1742 1194 10 8 *

1295 1357 56 24 That
1371 1360 134 26 two-storied
1522 1365 102 29 Building
1642 1374 29 16 on
1690 1367 36 24 the
1743 1367 95 28 Terrace,

1296 1389 97 23 opposite
1404 1388 45 22 Mrs
1458 1390 81 23 Leurs'.

1391 1495 34 21 On
1436 1499 90 20 account
1535 1499 24 21 of
1568 1501 35 21 Mr
1618 1502 30 21 H.
1659 1502 82 22 Heabk.

1291 1540 102 29 Hiavery
1408 1543 101 28 compact
1537 1548 56 23 little
1602 1550 102 28 Property
1722 1551 25 20 m
1764 1548 72 28 Queen

1292 1571 75 23 Street,
1377 1573 126 27 containing
1512 1575 65 22 about
1586 1577 27 27 4£
1623 1578 63 21 Acres
1695 1578 23 21 of
1724 1578 32 21 rift
1761 1584 11 14 l
1778 1577 58 25 land,

1293 1598 125 21 subdivided
1429 1599 48 22 into
1486 1603 81 20 several
1577 1604 64 21 Bmall
1650 1604 114 26 paddocks,
1784 1604 51 21 with

1292 1623 55 24 good
1366 1624 73 23 House
1458 1626 96 28 thereon;
1573 1630 59 22 brick
1650 1632 54 21 well.
1728 1632 52 21 Cost
1799 1632 37 21 the

1292 1655 71 17 owner
1373 1653 62 21 £250.
1464 1655 51 22 Will
1526 1656 25 21 be
1560 1658 47 21 sold
1615 1659 24 20 at
1647 1665 15 14 *
1671 1664 50 21 very
1731 1659 104 21 consider-

1290 1679 26 19 »b
1325 1683 12 15 c
1345 1679 110 23 redaction
1465 1688 28 15 on
1502 1683 71 23 above
1582 1685 63 27 price.

1375 1758 34 21 On
1423 1763 91 20 account
1524 1763 22 21 of
1554 1763 45 22 Rev
1617 1764 31 24 M.
1664 1765 86 21 Baxter.

1294 1842 26 21 35
1342 1843 64 23 Acres
1430 1847 23 19 of
1474 1847 64 23 Land
1554 1850 75 27 nearly
1661 1852 97 27 opposite
1793 1853 36 21 the

1373 1882 122 27 Saleyards.

1290 1956 27 20 87
1330 1956 64 22 Acres
1403 1959 23 21 at
1436 1959 59 22 West
1504 1961 88 27 OxforJ,
1604 1969 47 16 now
1664 1964 23 21 m
1699 1964 128 28 occupation

1373 1997 24 19 of
1411 1995 33 22 Mr
1453 1997 79 26 Meyer.

1348 2070 40 21 750
1401 2070 64 23 Acres
1479 2073 23 21 m
1516 2074 162 29 Rampadtfoek

1293 2143 68 28 Large
1372 2146 63 22 Store
1443 2148 99 26 opposite
1551 2150 92 27 Church,
1665 2152 54 22 East
1739 2153 88 21 Oxford.

1286 2219 107 28 Dwelling
1415 2223 75 23 House
1511 2225 114 28 adjoining
1650 2227 85 27 Orange
1763 2228 61 23 Hjrfl-

1498 2409 37 21 TO
1548 2409 64 23 LET.

1446 2455 27 21 In
1491 2456 84 23 Horn's
1584 2458 84 23 Estate.

1286 2489 62 23 Good
1357 2491 100 28 dwelling
1465 2494 52 21 with
1527 2495 44 21 Ten
1580 2502 59 15 acres
1649 2498 24 21 of
1680 2497 58 22 land.

1290 2660 193 35 JOHN
1514 2663 311 38 INGRAM

1439 2774 240 33 AUCTIONEER,

1373 2917 376 37 OXFORD.

1293 3093 141 47 Mils
1450 3084 378 73 Mitchell,

1354 3160 277 44 BOARDINGHOUSE
1656 3167 121 41 KEEPER

1294 3217 196 35 EAST
1521 3222 310 38 OXFORD

1409 3280 105 24 TERMS
1536 3283 177 26 MODERATE

1293 3321 119 26 EVERY
1420 3323 191 28 ATTENTION
1624 3328 27 24 to
1662 3328 173 31 BOARDERS

1348 3448 76 39 O-.
1478 3451 316 53 SMITH,

1300 3518 89 48 ZINC,
1411 3522 70 42 UN,
1505 3524 65 40 AND
1594 3526 117 43 SHEET,
1736 3530 102 40 STEEL

1506 3590 137 24 WOIIKEE

1336 3634 86 42 High
1447 3636 112 43 Street,
1582 3641 80 31 East
1685 3643 127 32 Oxford.

1302 3735 41 26 All
1356 3737 72 26 kinds
1441 3740 27 24 of
1483 3742 95 32 Pumps
1590 3744 77 25 Fixed
1675 3747 27 23 <&
1718 3746 120 32 Bepaired

1298 3779 35 34 S3
1397 3785 46 30 ;at
1455 3784 43 24 the
1513 3785 109 28 shortest
1634 3789 91 26 notice.

2038 844 116 26 GREAT
2185 847 87 25 SALE

2143 892 31 17 OF

1894 916 207 35 TEWELLRY,
2138 922 177 30 WATCHES,
2350 926 71 24 DIA-

1886 948 22 26 -0
2051 953 99 27 MOND
2167 956 121 31 GOODS,

1887 988 128 27 SILTER
2033 992 72 24 AND
2127 994 285 28 ELECTRO-PLATE

1886 1027 47 24 AT
1952 1028 22 25 A
1991 1029 173 27 DISCOUNT
2189 1033 43 25 OF
2249 1035 29 24 4s
2295 1035 38 25 IN
2350 1035 71 26 THE

1986 1068 126 32 POUND,
2124 1072 68 25 FOR
2206 1074 21 24 A
2244 1074 78 27 FEW

2036 1110 124 28 WEEKS
2169 1114 101 27 ONLY.

1919 1152 113 30 £10,000
2049 1156 74 26 value
2135 1159 27 24 to
2173 1157 76 27 select
2272 1160 66 26 from
2359 1162 26 25 at

1887 1211 67 48 M.
2016 1216 404 53 SANDSTEDT

1896 1289 108 24 DIRECT
2018 1293 388 31 IMPORTER.ftWATCHMAKER

2031 1331 59 20 AND
2105 1332 165 27 JEWELLER,
2308 1350 6 2 .

1880 1364 113 24 CASHEL
2009 1368 38 21 ST.
2068 1368 86 27 WEST,
2177 1370 238 26 OHRISTCHUBCGr.

2025 1470 163 27 Established
2201 1475 73 25 1862.

1905 1542 30 21 M.
1948 1543 161 26 SANDSTEIN
2118 1549 41 20 has
2173 1550 115 26 appointed
2298 1552 43 21 Mb.
2351 1552 24 21 R.
2386 1549 30 25 fi.

1877 1574 82 23 Parish
1975 1585 24 14 as
2016 1579 35 22 his
2065 1581 80 22 Oxford
2159 1583 104 27 AGENT,
2277 1585 49 21 who
2341 1587 43 20 will
2394 1594 13 14 a

1876 1613 44 21 any
1929 1609 53 22 time
1992 1616 94 21 procure,
2100 1619 28 15 on
2144 1615 147 28 approbation,
2310 1618 109 26 Watches,

1877 1641 83 28 Clocks,
1970 1644 44 22 and
2023 1646 116 28 Jewellery,
2148 1649 34 21 for
2198 1649 34 21 his
2245 1651 80 22 Oxford
2340 1652 76 22 clients

1879 1676 22 22 to
1911 1677 65 23 select
1990 1679 64 26 from,
2065 1682 22 21 at
2098 1681 36 22 the
2152 1689 59 16 same
2221 1685 56 25 price
2294 1693 24 14 as
2325 1686 93 27 charged

1874 1710 23 19 at
1907 1709 37 22 the
1953 1710 154 25 Cbristchnrch
2117 1714 178 24 Establishment.

1919 1762 59 42 M,
2023 1766 357 49 SANI>STEIN|

2022 1824 112 22 CASHEL
2148 1827 119 26 STBEET,

1966 1866 359 33 CHRISTCHURCH.

1879 2085 76 58 A.
1976 2088 81 57 D.
2087 2090 323 62 Hassall

1997 2179 292 44 SADDLER

2110 2245 59 22 AND

1873 2288 279 45 HARDWARE
2170 2295 243 42 IMPORTER!

2014 2354 94 26 HIGH
2126 2356 142 31 STREET,

1954 2404 366 60 OUST.

1874 2494 168 58 DESIRES
2061 2499 25 24 to
2098 2507 130 19 announce
2240 2502 58 26 tbat
2309 2503 28 25 m
2348 2504 62 24 view

1948 2529 28 24 of
1988 2530 44 25 the
2054 2533 169 33 approaching
2245 2535 109 32 harvest,
2378 2537 33 25 he

1873 2565 47 25 has
1942 2567 74 25 made
2039 2576 33 17 an
2095 2571 126 25 extensive
2244 2574 122 30 purchase
2386 2575 28 24 of

1872 2603 134 28 BINDER
2029 2606 115 27 TWINE
2170 2610 51 25 and
2245 2611 163 27 MACHINE

1872 2642 78 26 OILS
1969 2644 81 25 which
2062 2646 31 24 he
2105 2646 22 25 is
2138 2650 118 29 prepared
2270 2652 26 24 to
2319 2651 90 32 supply

1872 2683 26 22 at
1911 2681 41 25 tho
1966 2683 85 25 lowest
2063 2688 184 24 remunerative
2270 2689 87 31 prices.

1873 2753 54 26 Th
1925 2753 29 26 2
1939 2754 126 34 following
2073 2757 92 27 brands
2174 2768 42 17 are
2225 2759 57 34 kept
2294 2762 27 24 m
2330 2762 81 25 stock:

1908 2797 133 34 Donaghy.
2060 2800 115 31 Manilla,
2188 2803 86 26 Mixed
2286 2805 49 24 and
2349 2805 64 26 Flax

1874 2838 107 29 Twines,
2002 2840 134 26 Auckland
2150 2843 73 26 Fibre
2235 2845 56 29 Cos,
2305 2833 106 39 Miuilla

1875 2875 58 25 Star
1942 2876 50 24 and
2004 2877 71 30 Flax,
2096 2879 51 25 and
2167 2881 90 26 Mason
2279 2883 130 26 Scrutlfera

1875 2914 56 26 well
1943 2914 90 26 known
2046 2916 105 27 Lurline
2165 2919 84 33 Hemp
2267 2921 96 27 Twine*

1911 2952 53 26 The
1976 2954 76 25 Stock
2063 2956 28 24 of
2101 2957 63 25 Oils
2176 2958 22 24 is
2210 2960 123 32 complete
2355 2964 58 23 ibon-

1877 2990 92 34 sisting
1991 2992 27 25 of
2046 2993 76 33 L«trd,
2147 2996 95 31 Castor;
2274 2998 141 36 Vnlrtffine,

1877 3029 98 26 Golden
1994 3032 157 35 Machinery.
2176 3036 84 30 C^lza,
2282 3038 51 25 Pea
2355 3035 60 33 Nut,

1876 3070 137 30 Neatsfoot,
2031 3073 62 25 Raw
2115 3076 51 24 and
2190 3076 89 27 Boiled
2298 3079 118 32 Linseed.

1876 3109 110 32 Aprons,
1999 3111 50 25 and
2066 3112 129 28 Elevators
2213 3116 73 25 made
2306 3106 50 37 arid
2379 3126 37 17 re-

1875 3149 86 33 paired
1981 3153 26 23 at
2048 3153 111 27 shortest
2193 3157 92 25 notice.
2323 3158 93 28 Binder

1877 3187 79 34 whip
1952 3187 23 34 3
1968 3189 99 28 Canvas
2078 3191 100 32 batons,
2190 3194 77 27 rivet.?
2280 3196 50 26 and
2344 3196 70 27 Polo-

1878 3231 91 29 straps,
1981 3230 59 32 kept
2049 3231 27 25 m
2097 3234 103 32 variety.

1895 3269 22 24 A
1928 3270 68 32 large
2007 3273 117 32 quantity
2135 3274 29 25 of
2174 3274 72 26 lions
2251 3285 14 15 e
2275 3277 142 26 Medicines

1879 3310 94 32 always
1985 3320 31 16 on
2040 3312 69 26 hand
2132 3314 130 34 including
2284 3317 134 27 Elliman's

1882 3349 127 33 Sle3inger
2030 3353 50 24 and
2104 3354 148 32 Abilgaards
2282 3358 136 25 Embroca-

1881 3388 62 29 tion,
1969 3389 146 33 Slesingors'
2147 3393 142 33 Leorainga,
2326 3396 92 25 James'

1882 3429 51 24 and
1943 3429 113 26 Stevens'
2073 3432 154 33 Blistering*,
2246 3436 94 31 Fryer's
2361 3436 59 25 Bal-

1882 3476 62 21 sam,
1971 3468 81 26 Sweet
2064 3470 81 29 Nitru,
2160 3472 94 31 Spavin
2267 3473 81 28 brjUisi
2361 3483 53 16 con-

1883 3507 89 30 dition,
1992 3509 49 24 and
2067 3510 89 25 Worm
2178 3512 125 31 Powdei'3,
2324 3513 52 25 also
2405 3522 15 16 a

1884 3546 83 25 varied
1990 3547 70 25 stock
2084 3549 27 24 of
2133 3549 122 34 Saddlery
2273 3552 27 25 m
2324 3552 34 25 all
2387 3553 34 24 its

1884 3583 130 26 branches.

1919 3622 150 25 Horse-hair
2079 3624 50 23 and
2141 3624 120 26 Beeswax
2274 3627 146 30 purcLascd.

1887 3661 97 26 Second
1995 3662 69 25 hand
2073 3664 98 27 saddles
2190 3664 94 33 bought
2307 3666 49 24 and
2379 3674 40 17 ex-

1885 3701 113 32 changed
2029 3703 38 25 foj
2100 3712 62 18 new.
2198 3706 81 31 Agent
2308 3706 39 25 for
2380 3707 41 25 the

1885 3739 126 31 Lyttelton
2025 3741 81 26 Times
2119 3742 134 32 Company,
2272 3744 49 24 and
2340 3744 81 25 South

1886 3777 96 24 British
1994 3778 137 25 Insurance
2140 3780 41 24 Co.
2219 3781 89 24 Orders
2322 3781 30 31 by
2364 3786 56 27 post

1857 3824 2 14 i
1885 3823 28 17 or
1926 3816 119 31 telegram
2053 3818 126 31 promptly
2190 3819 117 24 attende.l
2320 3821 32 23 to.

687 2011 223 61 ROBERT
994 2016 226 75 FISHER,

725 2088 178 30 GENERAL
926 2092 264 31 STOREKEEPER

700 2137 97 45 Teas,
839 2137 133 47 Coffees,
1011 2140 129 47 Cocoas,
1174 2152 22 28 a

788 2189 143 40 General
954 2191 182 42 Groceries-

737 2241 143 31 WEST
944 2243 223 33 OXFORD.

725 2340 443 48 SADDLSB7.

682 2411 80 53 H.
790 2410 61 56 J.
869 2413 350 60 LAMING

776 2492 348 38 SADDLER

917 2538 64 20 AND

684 2572 287 42 HARNESS
1007 2576 212 43 MAKER

831 2626 72 25 Neap.
921 2627 150 31 Saleyabds,

719 2669 135 42 OX
879 2671 195 42 FOR
1100 2674 44 40 D
1169 2703 16 13 .

684 2742 87 26 Orders
784 2744 49 25 and
851 2745 104 31 Repairs
967 2747 126 33 promptly
1104 2749 119 26 executed

847 2789 26 23 at
884 2788 87 26 lowest
982 2793 74 22 rates.

788 2854 144 40 HORSE
955 2855 164 42 COVERS

684 2906 100 39 made
797 2907 36 38 to
849 2906 103 41 Order
967 2908 70 40 and
1051 2908 172 52 Repaired

744 3021 260 29 CALEDONIAN
1022 3026 145 27 HOUSE.

686 3085 219 45 JAMES

768 3141 83 27 BOOT.
869 3141 85 28 SHOE.
970 3144 25 26 &
1011 3144 123 28 SLIPPER

821 3174 263 35 Manufacturer.

790 3220 117 38 }VEST
941 3222 181 33 OXFORD.

687 3271 49 21 Has
746 3278 29 15 on
785 3273 62 20 hand
856 3279 12 14 a
879 3273 104 27 splendid
990 3276 133 21 assortment
1129 3276 24 21 of
1159 3277 68 22 Boots

688 3305 43 20 and
743 3304 70 21 Shoes
824 3305 65 22 made
909 3311 29 15 on
948 3306 39 21 the
995 3308 108 25 premises
1121 3309 25 20 at
1156 3309 71 27 prices

689 3336 53 20 that
752 3336 52 27 defy
813 3343 71 20 coinpc
890 3337 76 21 t:'tion.
993 3339 61 26 Boys
1063 3340 81 21 School
1169 3342 56 25 oots,

687 3368 58 21 back
756 3375 72 14 seams
838 3370 46 20 and
892 3370 64 21 front
965 3370 62 22 hand
1035 3377 66 19 sewn,
1110 3374 83 20 cannot
1200 3374 28 21 be

689 3402 126 24 surpassed.
847 3402 68 21 Men's
926 3403 49 21 best
981 3405 150 27 watertights,
1142 3407 85 26 pegged

690 3433 49 28 15/-.
781 3434 98 27 Bespoke
902 3434 142 27 department
1066 3438 105 26 carefully
1196 3439 32 20 at-

689 3465 70 22 tonde
790 3468 29 19 to.
849 3468 39 20 Fit
907 3468 46 20 and
971 3468 170 29 Workmanship
1161 3471 67 21 Guar-

689 3499 88 20 anteed.
806 3499 93 26 Repairs
908 3499 77 25 neatly
995 3501 45 21 and
1049 3502 114 28 promptly
1173 3503 55 22 done

689 3532 26 21 at
723 3532 132 21 reasonable
879 3532 58 21 rices

722 3586 57 21 anch
794 3586 182 21 Establishment
984 3595 5 12 :
1006 3587 59 22 Near
1084 3588 66 21 Town
1170 3590 58 25 Hall,

879 3614 57 20 Fist
946 3614 92 21 Oxford.

717 3689 49 38 G.
794 3689 48 38 E.
873 3689 343 49 WEYLANDT,

830 3752 109 28 FAMILY
957 3753 147 30 BUTCHER.

740 3789 156 39 EAST
928 3787 263 44 OXFORD,

50 2028 37 52 I.
131 2028 45 61 J.
219 2028 358 60 WEEBER,

125 2092 71 31 High
210 2092 89 28 Street,
313 2092 63 24 East
397 2093 102 24 Oxford.

122 2151 125 28 PICTURE
268 2152 100 27 FRAME
391 2152 105 27 MAKER

42 2205 103 24 Picture
157 2206 95 24 Frame
261 2206 149 32 Mouldings
425 2215 27 17 or
477 2207 60 25 pale.

40 2244 84 32 Agent
131 2245 39 24 for
182 2245 39 24 W.
234 2245 143 26 Rainbow's
395 2247 187 31 Preparations.

94 2303 15 10 „
177 2285 138 25 Ellisdon's
327 2286 133 33 Neuralgic
472 2288 92 32 Drops.

93 2342 15 12 
177 2324 94 26 United
290 2325 137 27 Insurance
451 2327 133 33 Company

38 2365 27 24 of
77 2365 108 32 Sydney.

43 2475 21 25 A
76 2484 54 18 now
143 2476 36 26 lot
191 2476 27 25 of
231 2477 214 33 Paperliangings,
470 2480 52 31 just
545 2488 36 17 re-

45 2514 92 29 ceived,
151 2515 63 25 from
228 2514 114 32 sixpence
360 2525 44 22 per
424 2517 76 31 piece.
523 2537 3 4 .

228 2638 312 49 STOCKS,

46 2699 345 33 MONUMENTAL
413 2702 172 37 MASON,

170 2751 133 31 Madras
327 2753 126 36 Street,

89 2804 454 34 CHRISTCHURCH.

52 2896 16 24 1
72 2896 140 41 IRISHES
233 2899 24 21 to
277 2897 83 25 inform
374 2906 99 24 persons
492 2900 23 23 m
527 2902 61 21 want

63 2932 29 23 H
142 2931 26 22 of
184 2930 164 25 Monumental
374 2932 73 24 Work
477 2934 53 22 that
559 2934 30 22 lie

29 2957 4 5 '
49 2962 96 24 intends
166 2966 25 21 to
214 2963 89 25 SELL
332 2965 61 25 IKS
428 2966 160 25 PRESENT

50 2996 117 25 LARGE
188 2996 118 31 STOCK,
325 3000 131 31 consisting
474 3001 25 23 of
511 3001 77 23 Gran-

52 3029 32 24 ito
103 3029 101 32 Marble,
231 3031 46 24 and
305 3033 68 23 other
400 3033 74 25 Stone
503 3033 87 24 Monu-

52 3066 86 24 ments,
169 3067 24 20 at
223 3065 160 32 considerably
421 3067 168 24 REDUCED

34 3104 3 4 •
52 3095 131 27 PRICES.
218 3097 57 25 Iron
294 3099 99 29 Fences!,
414 3099 111 26 Concrete
543 3101 47 23 and

54 3130 73 24 Stone
145 3130 125 32 Keroings,
290 3132 100 24 reduced
402 3133 22 23 m
444 3134 69 30 [rice.
550 3134 40 24 In-

53 3162 126 33 scriptions
197 3164 47 24 and
263 3165 33 24 all
314 3165 65 25 work
398 3166 23 23 m
451 3167 139 24 connection

54 3196 56 24 with
130 3196 40 25 the
188 3198 68 23 trade
268 3198 61 24 done
341 3199 167 25 in'firnt-class
522 3202 68 29 style.

56 3228 74 32 Early
150 3230 132 31 inspection
302 3231 98 26 invited.
438 3233 94 25 Several
543 3242 49 16 new

57 3261 59 25 lines
134 3263 73 31 lately
237 3265 100 25 arrived.
373 3266 53 31 Any
455 3268 137 24 roasoiuole

56 3295 58 24 offer
131 3295 36 25 for
184 3297 40 23 the
244 3304 91 24 present
353 3299 68 24 stock
440 3301 48 24 will
517 3301 76 24 result

55 3328 23 24 m
96 3337 14 15 a
128 3330 57 25 sale.
223 3330 74 25 Want
321 3334 25 23 to
365 3333 91 25 realise.

58 3449 46 44 J.
127 3449 53 45 T.
209 3450 200 56 Brown,
430 3455 41 43 &
494 3455 96 44 Son

113 3515 110 22 TIMBEIt
233 3518 18 20 &
261 3518 72 22 COAL
348 3520 182 24 MEUCHANTS.

234 3556 164 23 IMPORTERS

62 3590 34 27 Of
127 3592 139 28 TIMBER
296 3597 52 26 and
378 3598 49 26 All
458 3599 87 27 Kinds
570 3600 26 26 of

116 3638 184 30 BUILDING
326 3643 221 30 MATERIALS.

251 3687 149 30 CORNER

62 3733 162 26 COLOMBO
264 3737 18 23 &
311 3738 97 26 TUAM
444 3742 152 26 STREETS

221 3779 191 30 CunrsTOHUKcH
