2540 4010
694 3194 80 144 The
800 3194 159 144 Oxford
985 3194 238 144 Obserber.

773 3339 191 19 PUBLISHED
985 3338 158 21 WEEKLY.

747 3424 171 23 SATURDAY.
940 3424 86 21 March
1046 3424 50 24 4th,
1110 3424 61 19 1893.

733 3535 56 31 We
805 3546 49 19 are
870 3545 32 20 so
918 3534 124 40 pleased
1065 3534 75 29 with
1171 3542 55 21 our

693 3580 237 35 contemporary
1043 3574 184 39 [Standard)
1251 3601 1 3 .

692 3619 119 37 change
828 3618 34 28 of
875 3619 64 26 iron
945 3620 12 25 t
974 3617 66 28 that
1055 3627 45 18 we
1125 3616 101 29 cheer-

693 3658 80 40 fully
802 3659 120 38 reprint
952 3657 82 30 their
1063 3657 103 30 leader
1195 3657 33 29 of

694 3701 61 29 Feb
773 3701 86 28 2otb.
903 3699 30 29 It
948 3700 26 29 is
992 3699 50 28 tin:
1058 3699 66 29 first
1154 3699 71 29 time

693 3752 44 18 Aye
767 3742 77 28 have
873 3750 70 19 seen
974 3741 83 27 them
1086 3739 83 30 extol
1195 3740 28 28 m

693 3781 226 31 unmistakable
936 3785 92 25 terms
1042 3780 51 30 the
1108 3781 115 29 virtues

694 3824 62 28 and
771 3822 82 39 good
868 3822 151 38 qualities-
1027 3822 33 28 of
1074 3821 53 29 the
1152 3831 76 28 pre-

692 3867 69 26 sent
789 3862 249 30 Government—^
1043 3872 71 29 may
1152 3862 74 39 they

692 3905 72 37 long
794 3903 144 31 continue
960 3906 32 26 to
1014 3902 46 31 -do
1080 3913 75 24 .s,q—
1155 3904 70 28 rand
1244 3923 4 4 .

1295 210 71 26 may
1382 199 25 28 it
1423 199 73 29 lead,
1508 202 32 26 to
1556 199 79 29 their
1651 204 131 36 support
1799 202 31 28 of

1297 240 162 30 candidate
1474 240 48 30 for
1537 240 50 30 the
1603 240 130 40 Kaiapoi
1764 246 67 26 seat

1297 282 69 30 who
1396 282 62 28 will
1485 280 109 40 pledge
1634 282 123 30 himself
1799 287 32 25 to

1298 326 130 37 support
1444 322 53 30 the
1502 347 1 1 .
1515 322 55 30 Bal
1576 322 84 31 lance
1677 324 158 41 Ministry.

1372 374 98 30 There
1486 375 25 28 is
1521 385 92 29 every
1629 387 109 18 reason
1754 380 31 26 to
1798 377 37 29 be

1300 416 145 30 thankful
1461 426 74 19 over
1551 416 51 29 the
1620 420 155 34 prospects
1793 428 3 4 •
1806 418 44 28 of\

1301 458 78 29 New
1408 456 144 36 Zealand,
1580 458 30 28 m
1636 468 17 19 a
1691 458 145 31 financial

1302 501 87 37 point
1404 500 32 27 of
1449 499 89 35 view,
1554 499 70 28 that
1639 499 24 28 is
1679 504 31 25 to
1727 510 55 28 say
1811 500 24 29 if

1302 540 73 40 only
1385 550 18 19 a
1425 540 59 29 fair
1499 543 127 26 amount
1655 540 36 28 of
1710 551 70 19 care
1810 541 25 29 is

1281 613 7 3 .
1303 581 91 29 taken
1419 581 32 28 m
1479 581 53 29 the
1559 585 218 35 management
1806 583 31 28 of

1303 622 56 30 her
1373 632 168 20 resources.
1587 622 65 30 The
1683 623 149 37 Customs,

1303 663 91 29 Land
1424 663 60 29 and
1513 663 126 30 Income
1669 663 76 37 Tax,
1777 665 57 29 and

1304 703 138 40 Railway
1472 714 131 20 revenue
1642 704 77 30 have
1759 705 79 39 fully

1302 745 140 40 justified
1467 746 54 30 the
1549 747 213 38 expectations
1806 747 33 29 of

1305 788 51 28 Mr
1370 788 156 34 Ballance,
1543 787 61 30 and
1619 788 86 29 there
1719 789 25 29 is
1771 789 67 29 that

1306 828 55 30 dot
1376 827 35 30 of
1430 828 127 30 £35000
1587 828 77 30 from
1696 828 53 31 the
1778 829 61 30 late

1305 869 75 30 Hon
1404 868 49 30 Mr
1483 868 220 32 Tollemache's
1732 874 104 26 estate.

1307 910 43 30 Of
1362 921 115 25 course,
1493 911 52 29 the
1576 909 142 31 Customs
1732 912 25 29 is
1786 912 52 29 the

1306 952 90 38 pulse
1410 953 32 28 of
1456 952 54 29 the
1525 952 116 35 nation,
1665 952 60 29 and
1753 952 85 30 there

1307 992 54 30 has
1373 993 76 29 been
1461 1003 16 19 a
1488 993 108 39 steady
1604 993 138 30 increase
1756 994 81 29 from

1307 1033 59 30 this
1379 1034 60 29 and
1468 1034 53 29 the
1550 1034 126 39 railway
1706 1045 133 18 revenue

1307 1074 96 29 above
1437 1074 71 29 that
1533 1075 33 28 of
1594 1084 60 29 any
1697 1075 142 39 previous

1307 1125 82 27 year.
1436 1115 66 30 The
1517 1115 200 35 satisfactory
1728 1115 112 31 results

1306 1156 70 31 that
1403 1156 80 31 have
1512 1158 77 29 been
1613 1157 157 40 produced
1798 1159 43 37 by

1307 1198 54 29 the
1375 1198 81 38 rigid
1472 1208 146 29 economy
1634 1199 143 30 enforced
1799 1200 42 37 by

1306 1239 53 30 the
1396 1239 210 33 Government
1656 1251 52 19 are
1744 1268 3 2 .
1757 1240 84 30 Avell-

1309 1281 113 29 known
1444 1284 32 26 to
1505 1281 131 30 readers.
1680 1281 55 31 We
1765 1282 78 30 have

1307 1325 33 27 to
1355 1322 84 30 show
1455 1322 53 30 the
1524 1322 104 36 world,
1659 1322 69 31 that
1757 1324 84 29 how-

1308 1375 71 19 ever
1408 1364 93 39 badly
1530 1375 46 19 we
1615 1375 128 29 manage
1785 1375 57 19 our

1307 1405 152 39 railways,
1477 1404 72 40 they
1573 1415 52 19 are
1653 1406 128 38 capable
1810 1406 32 29 o{

1307 1447 94 38 being
1415 1446 88 30 made
1514 1449 31 27 to
1561 1457 60 29 pay
1632 1448 59 28 and
1707 1448 136 38 produce

1309 1498 18 18 a
1355 1488 145 29 dividend
1523 1488 66 29 into
1622 1488 52 29 the
1704 1488 137 39 bargain.

1309 1529 66 29 The
1400 1530 91 28 value
1521 1530 31 28 of
1582 1529 62 29 this
1670 1530 60 28 and
1755 1530 88 29 other

1309 1570 258 30 demonstrations
1582 1571 26 29 is
1638 1581 18 18 a
1684 1571 92 39 proof
1810 1574 33 27 to

1308 1611 52 29 the
1375 1611 257 39 money-lending
1647 1611 105 39 public
1774 1612 70 29 that

1308 1653 81 28 their
1404 1652 177 30 confidence
1597 1652 31 29 m
1644 1663 56 19 our
1729 1653 113 30 securi-

1307 1694 59 30 ties
1382 1693 78 31 have
1485 1700 53 23 not
1571 1693 73 31 been
1676 1695 167 40 misplaced

1309 1737 61 27 and.
1406 1740 113 25 cannot
1558 1737 37 29 be
1637 1737 206 29 over-valued.

1309 1777 81 29 That
1405 1777 50 29 Mr
1469 1777 147 30 Ballance
1627 1778 24 28 is
1682 1778 53 29 the
1766 1778 79 38 good

1308 1817 91 39 angel
1415 1818 32 28 of
1467 1818 53 29 the
1551 1817 209 31 Government
1775 1829 70 28 may

1310 1858 35 30 be
1361 1858 115 40 proved
1491 1860 42 38 by
1549 1859 52 30 the
1616 1870 70 29 way
1702 1860 38 29 he
1751 1859 26 30 is
1790 1860 53 29 ad-

1309 1900 40 29 ipi
1354 1900 149 37 Mistering
1519 1900 52 30 the
1588 1900 78 30 head
1682 1902 30 28 of
1728 1901 51 29 the
1795 1902 36 28 af-

1308 1941 76 30 fairs
1411 1941 31 29 of
1468 1941 48 30 his
1551 1941 224 34 Government..
1813 1942 30 29 A

1308 1992 84 19 more
1402 1982 132 29 careless
1550 1982 60 29 and
1627 1983 58 29 less
1701 1983 142 29 business

1308 2023 61 30 like
1398 2033 129 20 manner
1553 2024 32 29 of
1614 2034 70 19 man
1688 2034 56 29 age
1749 2034 26 19 m

1309 2064 61 30 like
1399 2065 69 28 that
1493 2064 187 30 established
1710 2067 41 37 by
1790 2066 53 29 the

1312 2104 49 31 Sir
1391 2105 105 40 Harry
1525 2105 154 32 Atkinson
1705 2106 137 31 Govern-

1309 2152 93 37 ment^
1423 2147 62 31 and
1497 2148 143 30 followed
1655 2159 41 23 up
1724 2149 41 38 by
1794 2149 47 30 his

1309 2198 167 26 successor,
1489 2190 99 28 would
1601 2194 54 24 not
1667 2191 76 27 have
1754 2190 87 29 done.

1312 2230 64 29 Our
1391 2234 123 25 returns
1531 2241 51 18 are
1603 2231 135 29 watched
1768 2231 74 29 Avith

1310 2274 91 36 great
1425 2272 128 28 interest
1569 2272 41 39 by
1639 2272 53 28 the
1721 2272 122 30 inonied

1309 2323 68 19 men
1393 2313 32 28 m.
1442 2312 52 30 the
1524 2312 85 30 older
1634 2313 115 33 .world.,
1774 2314 70 29 who

1310 2352 68 30 look
1396 2346 72 46 only
1484 2364 37 19 on
1533 2353 97 30 broad
1645 2354 121 35 results,
1785 2355 60 29 and

1311 2394 76 30 have
1402 2395 121 29 neither
1536 2395 54 29 the
1606 2395 179 30 inclination
1813 2406 34 19 or

1311 2436 52 29 the
1375 2436 71 29 time
1463 2439 33 25 to
1511 2436 71 29 take
1596 2436 65 29 into
1677 2437 170 30 considera-

1310 2476 63 29 ti)n
1389 2476 53 29 the
1458 2478 62 27 min
1523 2486 34 19 or
1694 2478 70 28 that
1780 2478 68 28 lead

1310 2520 32 26 to
1359 2527 61 29 any
1434 2518 110 35 falling
1573 2517 47 29 off
1644 2518 32 28 of
1704 2528 140 19 revenue.

1312 2558 146 30 Mistakes
1475 2558 87 31 made
1586 2563 32 26 at
1639 2559 53 29 the
1722 2563 124 35 present

1312 2600 80 35 time,
1411 2600 89 29 when
1516 2611 45 19 we
1577 2611 52 18 are
1643 2601 66 39 just
1724 2601 121 40 getting

1311 2645 55 26 out
1401 2641 33 30 of
1466 2641 53 31 the
1554 2641 144 31 financial
1746 2643 98 36 wood,

1312 2682 102 31 would
1452 2683 34 30 be
1523 2684 200 40 particularly
1773 2685 68 29 bad.

1314 2724 54 30 We
1383 2728 83 26 trust
1479 2725 70 29 that
1564 2726 52 28 the
1637 2726 211 30 Government

1314 2766 61 28 will
1390 2765 75 39 keep
1480 2766 38 29 it-?
1535 2766 69 29 best
1617 2766 67 28 foob
1708 2767 137 29 forward

1312 2806 48 29 for
1390 2806 52 30 the
1469 2811 59 25 rest
1558 2808 32 28 of
1615 2807 53 30 the
1697 2807 147 31 financial

1312 2858 82 29 year.
1439 2848 31 29 It
1485 2848 66 30 has.
1556 2849 82 29 wind
1655 2849 59 29 and
1730 2850 63 29 tide
1816 2850 31 30 m

1311 2889 41 29 its
1367 2890 118 32 favour,
1502 2890 70 28 that
1590 2890 21 28 is
1638 2893 32 26 to
1700 2900 64 30 say,
1796 2892 52 28 the

1312 2930 110 39 colony
1433 2931 26 29 is
1476 2930 92 40 fairly
1583 2941 184 30 prosperous
1788 2932 60 30 and

1312 2972 60 28 and
1389 2972 96 28 likely
1504 2977 29 24 to
1550 2973 146 28 continue
1721 2973 63 28 so.'.'

1379 3115 71 26 THE
1471 3116 154 25 CHEVIOT
1638 3118 134 23 ESTATE.

1346 3215 243 35 Tuesday-morning
1602 3219 41 24 the
1656 3218 68 32 right
1745 3220 27 23 of
1780 3222 68 30 past-
1855 3222 4 4 1

1313 3266 144 24 urage.over
1467 3260 40 25 the
1519 3261 104 25 Cheviot
1632 3264 78 23 estate
1719 3263 37 24 for
1766 3263 84 25 eleven

1312 3302 110 29 months,
1436 3303 64 23 from
1513 3304 58 31 May
1585 3307 12 21 1
1611 3307 66 26 next,
1698 3314 49 16 was
1760 3307 91 24 offered

1313 3346 26 23 at
1357 3346 100 24 auction
1477 3346 26 24 m
1517 3346 43 25 the
1582 3347 143 25 Provincial
1746 3349 105 24 Council

1313 3387 138 26 Chamber.'
1482 3389 40 25 Mr
1534 3389 23 25 J.
1572 3390 28 25 T.
1614 3391 42 25 Ma
1660 3393 55 23 tsoii
1729 3393 72 24 acted
1824 3401 27 17 as

1313 3432 150 28 auctioneer,
1477 3434 50 23 and
1550 3434 70 25 there
1644 3443 50 16 was
1717 3445 32 15 an
1771 3438 80 23 atten-

1286 3479 4 7 :
1289 3485 7 4 -
1313 3476 78 25 dance
1403 3476 27 25 of
1439 3476 76 25 about
1529 3477 71 32 sixty.
1638 3479 51 24 The
1702 3479 149 31 particulars

1313 3521 50 24 and
1376 3520 139 26 conditions
1527 3521 27 25 of
1564 3523 50 24 sole
1626 3523 118 31 provided
1756 3524 38 25 for
1806 3525 49 28 tho_

1314 3565 68 30 right
1406 3566 24 23 to
1453 3565 132 31 depasture
1609 3566 70 24 stock
1704 3575 32 16 on
1761 3568 90 27 Bi-,755

1316 3615 67 16 acres
1437 3608 80 24 4'oods
1547 3611 14 22 8
1587 3609 110 31 perches,
1723 3611 130 30 excepting

1317 3651 60 25 such
1391 3653 55 29 part
1459 3659 27 16 as
1498 3652 21 24 is
1532 3652 124 31 occupied'
1670 3652 30 32 by
1719 3653 43 25 the
1787 3654 66 31 prin-

1317 3695 63 30 cipal
1399 3695 213 30 dwelling-houso.
1628 3697 158 24 ornamental
1799 3706 54 22 gar-

1317 3738 61 23 dens
1390 3738 49 23 and
1451 3738 116 30 grounds,
1581 3739 95 31 private
1689 3740 92 24 stables
1805 3741 49 23 and

1317 3781 144 30 outhouses,
1471 3782 49 24 and
1533 3782 94 25 certain
1640 3783 91 28 officas,
1745 3786 110 29 cottages

1319 3824 50 24 and
1400 3824 124 31 grounds.-
1565 3825 52 24 The
1641 3826 135 30 purchaser
1804 3834 50 16 was

1320 3867 169 31 immediately
1513 3867 62 24 after
1605 3867 42 24 tho
1670 3871 115 29 property
1807 3878 49 17 was

1318 3909 112 26 knocked
1449 3910 80 31 down,
1554 3913 26 22 to
1603 3919 49 23 pay
1675 3920 47 16 one
1747 3913 109 26 month's

1922 213 58 23 vmt
1994 212 26 24 m
2034 212 118 24 advance.
2188 211 54 25 The
2260 211 78 25 lessee
2357 219 51 17 was
2419 212 45 24 not

1924 259 24 21 to
1961 256 85 31 assign
2059 264 27 16 or
2105 255 81 25 sublofc
2209 255 39 25 hU
2272 256 66 24 lease
2361 264 27 15 or
2411 262 49 23 any

1922 301 56 29 p.irt
1990 298 104 29 thereof,
2108 306 46 17 nor
2167 300 25 23 to
2205 301 42 22 cut
2259 298 72 25 down
2338 306 47 17 nor
2391 305 69 24 carry

1926 344 68 30 away
2007 351 49 23 any
2081 342 96 29 thnbsr,
2202 350 98 17 remove
2324 341 134 31 buildings,

1924 386 83 25 fences
2019 395 28 16 or
2059 389 72 26 trees,
2145 387 49 24 and
2212 394 49 17 was
2285 388 25 22 to
2335 386 60 31 keep
2420 386 42 24 the

1926 430 78 24 estate
2028 429 50 25 and
2106 429 120 32 premises
2248 429 49 25 free
2326 429 26 24 of
2384 436 78 24 gorse,

1926 473 149 29 sweefcbriar,
2089 474 85 24 broom
2187 474 50 23 and
2256 473 130 24 brambles.
2422 473 40 24 He

1929 525 49 16 was
1989 519 45 23 not
2046 518 26 23 to
2085 517 60 24 burn
2161 517 42 25 the
2215 525 69 23 grass
2308 524 32 17 on
2361 516 43 25 the
2427 524 36 17 es-

1926 561 50 23 tate
1988 560 65 24 from
2065 560 138 24 December
2215 562 26 22 to
2253 560 66 24 June
2330 560 129 29 iuclusive,

1926 603 53 25 The
1991 603 64 25 lesee
2076 612 50 16 was
2149 605 45 23 not
2218 605 33 28 to,
2277 605 26 23 at
2324 611 48 24 any
2394 603 68 25 time,

1917 647 71 24 -have
2008 648 161 31 depasturing
2201 655 67 23 upon
2303 647 44 24 the
2380 648 80 23 estate

1926 698 68 17 more
2007 691 62 24 than
2091 692 106 28 100,000
2222 691 74 31 sheep
2321 698 27 17 or
2371 692 91 26 20,000

1924 733 65 25 head
2001 735 26 23 of
2034 734 83 28 cattle,
2164 742 27 17 or
2203 735 74 30 sheep
2289 734 27 24 m
2326 742 49 24 any
2386 742 73 16 num-

1926 775 43 26 ber
1980 777 78 24 below
2071 779 108 27 100,000
2190 779 51 23 and
2264 779 62 24 such
2354 777 106 25 number

1924 820 28 24 of
1961 821 74 24 cattle
2047 828 28 16 as
2087 820 65 25 shall
2164 821 30 24 be
2206 821 73 31 equal
2291 822 25 23 to
2340 821 116 24 one-fifth

1925 863 27 25 of
1962 862 43 26 the
2016 863 131 26 difference
2159 864 110 25 between
2283 865 106 27 100,000
2412 864 50 24 and

1926 907 43 25 the
1981 907 106 25 number
2099 907 27 24 of
2136 908 75 31 sheep
2235 908 108 30 actually
2363 915 33 16 on
2419 907 43 25 the

2103 951 31 23 In
2147 958 56 17 case
2213 958 15 16 a
2240 952 98 30 greater
2357 949 106 25 number

1926 994 26 24 of
1973 993 75 31 sheep
2071 1002 28 16 or
2119 995 75 22 catfcie
2218 1001 63 16 were
2313 993 148 31 depastured

1926 1038 62 24 than
1999 1045 51 16 was
2063 1036 152 29 authorised,
2229 1037 43 24 the
2284 1037 77 24 lessee
2373 1036 90 24 should

1926 1088 56 23 pay,
1995 1080 33 31 by
2041 1088 54 23 way
2107 1079 27 25 of
2143 1079 138 32 liquidated
2293 1079 127 31 damages,
2433 1087 43 17 an*

1928 1123 137 25 additional
2073 1123 116 32 monthly
2198 1125 57 22 rent
2263 1122 28 25 of
2300 1122 31 26 (3d
2345 1122 37 25 for
2393 1130 72 25 every

1928 1167 75 31 sheap
2015 1167 50 24 and
2077 1169 28 22 2s
2122 1167 38 24 for
2169 1167 61 24 each
2254 1166 64 25 head
2342 1167 26 24 of
2386 1168 76 24 cattle

1930 1210 77 25 above
2032 1210 43 25 the
2098 1210 144 25 authorised
2263 1210 115 25 number.
2413 1210 52 25 The

1930 1255 78 25 lessee
2020 1263 50 17 was
2082 1256 26 24 to
2118 1254 60 33 keep
2190 1254 44 26 the
2244 1255 128 31 premises,
2387 1254 78 26 build-

1929 1299 66 31 ings,
2007 1299 94 28 fences,
2114 1301 77 29 gates,
2205 1299 51 28 &c.,
2268 1299 28 23 m
2308 1299 64 31 good
2383 1299 72 24 order
2459 1307 6 20 i

1931 1343 50 24 and
1994 1343 63 24 have
2070 1343 42 24 the
2124 1351 44 16 use
2180 1343 28 24 of
2217 1343 43 24 the
2272 1343 93 24 station

1930 1387 57 30 ings
2000 1386 49 24 and
2061 1387 71 30 plant
2143 1394 131 22 necessary
2295 1386 37 24 for
2354 1385 113 32 working

1932 1430 42 24 the
1985 1431 89 23 estate.
2109 1429 54 24 The
2176 1430 88 24 Crown
2276 1429 82 32 might
2369 1438 98 17 resume

1933 1476 25 23 at
1971 1482 48 23 any
2029 1475 61 24 time
2102 1474 64 25 after
2180 1474 47 24 Oct
2252 1476 47 27 l.°t,
2307 1500 3 3 .
2325 1475 72 24 1893.
2419 1482 49 24 any

1932 1518 115 32 quantity
2059 1518 28 24 of
2096 1518 60 23 land
2167 1519 45 22 not
2224 1518 133 30 exceeding
2377 1517 92 30 30^,000

1933 1569 69 17 acres
2026 1562 27 23 m
2076 1569 47 17 one
2147 1570 27 16 or
2197 1569 69 17 more
2288 1560 92 26 blocks.
2416 1561 53 25 The
2481 1577 3 2 •

1935 1605 90 24 Crown
2043 1613 50 16 was
2106 1606 25 22 to
2143 1605 63 23 have
2230 1605 44 23 the
2296 1605 68 30 right
2388 1605 27 23 of
2432 1613 37 16 re-

1932 1650 72 29 entry
2016 1648 21 24 if
2047 1648 42 24 the
2101 1650 56 22 rent
2176 1656 64 16 were
2263 1648 27 23 m
2314 1656 95 16 arrears
2432 1649 38 24 for

1931 1691 113 25 fourteen
2067 1691 69 33 days,
2157 1691 115 26 whether
2295 1692 20 24 it
2338 1691 50 25 had
2406 1691 62 26 been

1931 1735 90 32 legally
2034 1735 139 25 demanded
2185 1744 27 16 or
2235 1737 53 23 not.
2325 1735 54 25 The
2392 1738 70 29 upsst

1932 1779 82 25 rental
2026 1786 51 17 was
2089 1779 66 24 fixed
2161 1780 31 23 -at
2205 1779 71 25 £807
2289 1787 45 23 per
2343 1779 98 25 month.

1965 1821 41 24 Mr
2016 1821 102 25 Matson
2130 1821 68 27 read.
2205 1821 42 25 the
2259 1821 128 32 following
2409 1822 57 24 esti-

1931 1866 68 23 mate
2007 1865 120 31 prepared
2139 1865 31 32 by
2182 1873 15 16 a
2209 1865 119 31 practical
2350 1873 68 20 nmn,
2443 1865 27 25 of

1931 1909 43 24 the
1987 1911 52 26 cost
2051 1909 28 23 of
2087 1909 112 30 working
2211 1909 43 24 the
2265 1909 71 27 least,
2350 1909 50 25 and
2424 1909 42 25 the

1922 1952 125 31 'probable
2059 1952 91 24 results
2162 1960 4 16 :
2171 1967 32 3 —

1964 1996 75 24 Dr.—
2044 1996 37 25 To
2089 1997 63 29 rent,
2167 1997 94 28 £9,000
2275 2005 4 21 ;
2300 1998 90 28 80,000
2402 2004 63 18 ewes

1931 2041 26 23 at
1978 2042 36 27 7s,
2040 2040 112 29 £28,000
2165 2050 4 20 ;
2189 2041 66 24 IGOO
2279 2048 68 17 rams
2367 2042 25 23 at
2417 2042 52 28 GOs,

1930 2084 86 24 £4800
2027 2091 5 22 ;
2048 2084 91 28 10,000
2147 2084 45 32 dry
2199 2084 76 31 sheep
2286 2085 26 23 at
2322 2085 44 23 10s
2373 2085 96 30 £5000;

1931 2127 85 25 horses
2030 2127 49 25 and
2091 2127 79 32 plant,
2185 2129 76 24 £500.
2297 2128 121 32 Working
2430 2136 39 17 ex-

1928 2179 89 24 penses
2030 2180 5 15 :
2056 2172 129 31 Manager,
2215 2173 69 23 £300
2296 2180 5 21 ;
2325 2172 48 25 five
2397 2172 72 32 shep-

1931 2214 83 29 herds,
2039 2216 82 27 £500;
2141 2217 70 22 extra
2234 2215 69 24 hand
2326 2216 50 23 and
2399 2215 71 30 cook,

1932 2259 68 22 £200
2011 2266 5 20 ;
2036 2257 109 33 shoeing,
2158 2258 62 28 feed,
2234 2258 72 29 tools,
2321 2259 50 28 &c,
2384 2261 69 23 £500
2463 2267 5 22 ;

1931 2301 162 25 commission
2117 2301 49 25 and
2189 2301 106 31 driving,
2321 2301 72 26 £500
2404 2310 5 21 ;
2428 2303 39 24 in-

1932 2345 84 27 terest,
2030 2352 103 23 average
2146 2352 32 16 on
2190 2346 63 25 rent,
2266 2346 68 23 £300
2346 2353 5 20 ;
2365 2345 105 26 interest

1933 2389 14 22 7
1960 2395 43 23 per
2021 2388 57 23 cent
2090 2395 32 16 on
2145 2388 111 28 £10300,
2277 2389 84 24 £2821
2372 2399 7 19 ;
2398 2391 72 27 total,

1934 2432 123 27 £52,421.

1967 2473 75 24 Ci\—
2044 2473 38 32 By
2095 2475 71 27 wool,
2176 2475 93 28 70,000
2280 2473 88 27 fleeces
2380 2477 26 23 at
2419 2476 50 32 2/6,

1934 2517 89 24 £9500
2034 2525 5 21 ;
2059 2516 71 25 9800'
2134 2520 36 21 tit
2199 2519 36 29 4s,
2255 2519 86 24 £1490
2354 2529 5 20 ;
2378 2521 92 27 80,000

1935 2569 72 21 ewes,
2020 2560 50 25 less
2083 2564 14 22 5
2110 2569 43 23 per
2165 2564 65 28 cent,
2244 2564 26 24 at
2282 2564 37 28 ss,
2340 2564 113 29 £19,000
2464 2571 7 22 ;

1935 2606 92 27 10,000
2039 2605 45 32 dry
2096 2605 84 32 sheep,
2204 2606 49 26 less
2272 2607 14 23 2
2296 2614 43 25 per
2362 2609 65 27 cent,
2446 2609 26 24 at

1934 2650 54 27 12s,
2010 2650 102 29 £5880;
2144 2652 30 23 70
2198 2658 44 24 per
2265 2654 57 22 cent
2342 2652 28 23 of
2390 2652 82 25 lambs

1934 2693 113 33 (53,200)
2060 2696 27 22 at
2099 2696 35 27 9s,
2148 2694 114 30 £23,940
2274 2703 5 21 ;
2292 2695 80 31 plant,
2385 2697 69 24 £400
2463 2704 6 22 ;

1934 2738 70 27 total,
2032 2738 122 24 £60.080.

1969 2781 84 24 Credit
2066 2781 110 28 balance,
2190 2782 96 24 £8259.

1967 2824 26 24 If
2002 2825 32 24 10
2047 2832 43 24 per
2102 2826 57 23 cent
2172 2833 68 17 more
2253 2825 81 26 lambs
2347 2834 41 17 are
2400 2826 68 31 gain-

1935 2868 29 24 ed
1977 2868 48 23 add
2037 2869 92 28 £3420,
2143 2866 50 26 aiid
2204 2868 22 24 if
2247 2877 62 16 ewes
2333 2870 87 24 realise
2444 2872 28 22 Is

1934 2919 44 24 per
1989 2911 65 25 head
2065 2919 69 17 more
2147 2912 47 24 add
2206 2913 51 23 £04
2261 2914 39 28 GO,
2314 2913 81 25 which
2419 2914 51 24 will

1935 2954 73 25 make
2020 2964 15 15 a
2046 2955 79 31 grand
2138 2955 62 25 total
2211 2956 75 31 profit
2298 2957 28 24 of
2348 2957 121 28 £18,139.

1935 2999 116 24 Another
2062 3000 146 30 gentleman
2221 3001 49 24 had
2283 3001 133 24 estimated
2428 3001 43 24 the

1935 3042 74 31 profit
2030 3044 26 23 at
2069 3042 124 29 £17,750.

1970 3086 39 26 No
2019 3087 41 25 bid
2072 3096 50 16 was
2134 3087 125 25 obtained.

1969 3131 42 24 Mr
2023 3131 101 25 Matson
2137 3131 148 26 announced
2303 3132 56 25 that
2371 3131 43 26 the
2437 3139 44 17 es-

1936 3176 52 23 tate
2001 3174 80 26 would
2095 3175 29 24 be
2148 3176 92 24 offered
2264 3178 26 22 to
2314 3176 43 24 the
2380 3175 92 32 public,

1936 3218 146 25 subdivided
2094 3220 27 24 at
2183 3219 68 32 early
2274 3219 65 25 date.

1972 3261 53 25 The
2037 3262 160 31 proceedings
2211 3262 60 24 then
2284 3262 90 25 closed.

2010 3388 137 24 OXFORD
2165 3389 93 23 ROAD
2286 3388 115 24 BOARD.

1974 3489 62 26 This
2046 3490 82 25 Board
2140 3491 59 25 held
2209 3491 65 25 tlieir
2283 3490 117 33 ordinary
2412 3492 65 23 meet

1939 3530 43 32 ing
1994 3539 33 16 on
2039 3530 43 26 the
2097 3533 38 24 Ist-
2144 3532 59 28 hist,
2228 3529 100 29 alUtlie
2353 3531 123 26 members

1940 3567 76 32 being
2026 3571 106 29 present.
2169 3570 112 25 Minutes
2293 3571 27 24 of
2330 3571 49 24 last
2403 3572 75 23 meet-

1943 3605 44 31 ing
1999 3615 63 16 were
2073 3608 59 23 read
2145 3609 50 23 and
2220 3609 144 24 confirmed.

1977 3643 42 25 Mr
2030 3644 76 33 Dally
2118 3647 98 31 applied
2228 3649 25 22 to
2266 3646 63 25 have
2349 3647 38 25 his
2411 3654 70 24 gorse

1942 3686 112 23 contract
2066 3686 76 24 taken
2159 3695 58 16 over
2220 3702 31 4 —
2252 3687 98 31 Agreed
2373 3690 27 23 to
2422 3696 57 17 con-

1944 3725 140 31 ditionally.

1975 3764 122 25 Resolved
2110 3765 55 24 that
2178 3766 42 25 the
2233 3767 67 24 clar'c
2313 3768 69 24 write
2396 3770 25 22 to
2433 3767 43 24 the

1941 3812 95 17 owners
2050 3805 27 24 of
2087 3806 43 23 tho
2139 3805 60 25 land
2211 3814 33 17 on
2268 3807 43 24 the
2335 3807 141 31 esplanade;

1936 3840 89 32 asking
2038 3843 49 23 the.
2092 3851 15 15 a
2119 3843 21 23 if
2150 3844 59 30 they
2220 3844 120 26 intended
2356 3847 26 22 to
2407 3845 70 24 fence

1940 3878 28 23 m
1980 3880 150 24 accordance
2143 3881 60 24 with
2215 3882 162 27 the/Board's
2393 3882 69 25 offer.

1972 3916 95 26 Clerk's
2079 3920 84 30 report
2186 3918 38 26 for
2250 3919 46 25 the.
2314 3922 89 24 month
2427 3929 50 17 was

493 86 174 33 OXFORD
709 86 91 31 AND
846 83 106 32 OUST
997 82 225 32 OBSERVER
1267 79 242 38 SATURDAY,
1553 82 148 33 MARCH
1752 87 23 33 i,
1821 86 78 29 189?,

729 198 188 39 TOWN
945 198 194 44 HALL,

770 251 59 31 EA
856 250 25 30 T
916 250 58 30 OX
1004 250 95 30 OEL\

700 311 230 31 WEDNESDAY,
957 311 120 25 MARCH
1097 313 73 23 15th.

670 358 103 39 WT
834 356 40 25 W>
901 353 148 27 COLLTIsr8
1054 374 4 10 '
1077 355 44 24 the
1143 356 51 24 ccle

696 402 16 19 V
733 405 14 15 v
782 411 13 11 •
834 390 85 23 bratcd
929 389 119 25 Scientist
1058 388 148 26 ancLOrator

668 428 50 23 will
731 427 92 25 deliver
835 435 21 16 a-
862 427 106 25 Lecture
980 434 33 17 on
1026 427 42 24 the
1080 426 126 31 following

804 465 102 32 Subject
918 473 4 16 :
926 480 33 4 —

738 509 72 25 Were
828 508 97 24 ADAM
938 509 49 25 and
1006 509 69 25 EVE
1096 517 45 16 our

831 549 55 23 first
902 550 105 23 Parents
1249 564 2 10 i

670 593 54 24 The
744 591 106 26 Lecture
873 592 51 24 will
947 592 30 24 bo
1000 592 139 24 illustrated
1177 592 30 31 by
1239 613 4 4 .

671 640 69 18 some
753 633 163 31 magnificent
929 632 49 25 and
1002 633 117 30 startling
1141 632 67 24 Lan-

672 673 57 23 tern
742 671 179 27 Illustrations,
935 670 126 24 exhibited
1074 670 31 31 by
1123 678 87 16 means
1227 694 4 4 .

672 711 26 25 of
724 711 43 25 the
792 711 137 32 Oxy-ether
953 710 150 32 Lime'ight,
1138 710 76 26 Chair

672 752 74 24 taken
760 753 25 23 at
801 753 15 23 8
839 760 61 23 p.m.
936 751 150 25 Discussion
1110 750 103 25 invited.

671 792 144 25 Admission
836 792 39 24 Od.
964 796 5 4 '

829 890 230 46 DRINK

705 955 182 39 HYSLOP'
903 953 122 41 PURE
1050 953 100 40 TEA.

676 1011 65 30 The
755 1012 93 29 finest
863 1012 52 29 the
930 1011 105 29 World
1053 1011 160 40 produces.

679 1065 74 31 Sold
765 1066 44 38 by
838 1064 51 29 Mr
904 1065 34 28 F.
955 1065 39 28 A.

718 1106 81 30 East
811 1105 129 34 Oxford,

677 1166 52 29 Mr
749 1166 24 28 R
776 1190 11 10 B
804 1164 119 36 Fisher,
941 1163 89 31 West
1043 1164 130 30 Oxford.

677 1207 49 29 Mr
743 1207 35 28 E.
800 1206 46 29 W.
878 1206 128 39 Cooper,
1038 1205 86 36 Oust,
1155 1205 61 29 and

719 1258 94 30 many
832 1247 111 30 others.

700 1373 23 36 T
787 1371 394 38 PTTTITI7I>WYPri

694 1390 21 40 J
728 1418 8 10 .
786 1390 37 40 Ji
834 1390 27 40 U
875 1390 21 38 1
907 1390 145 39 lllilir
1065 1390 130 52 VhUj

906 1458 82 21 LATH

821 1496 263 37 ROBINSON,

748 1543 401 44 BLACKSMITH,

659 1588 160 36 ■'Adjoining
843 1593 39 23 Ml*
906 1592 97 31 Lough,
1029 1592 70 24 Main
1124 1593 90 29 Street,

899 1632 99 24 Oxford.

717 1672 24 24 J.
773 1672 158 29 Rutherford,
955 1673 51 23 late
1029 1672 98 24 Farrier
1163 1672 55 24 Ser-

684 1713 75 30 geant
771 1711 69 24 Fifth
857 1711 117 31 Dragoon
993 1711 107 29 Guards,
1119 1711 38 24 for
1178 1711 38 24 six
1261 1729 1 8 ,

684 1760 71 23 years
768 1752 78 24 under
864 1752 121 31 Vetinary
997 1752 114 31 Surgeon
1125 1751 130 37 Cheas-y/

683 1798 69 16 man.
788 1790 81 24 Horse
907 1790 103 31 shoeing
1039 1798 14 15 a
1082 1790 136 31 speciality.

685 1828 38 23 All
738 1828 72 23 kinds
823 1828 26 23 of
853 1827 105 31 jobbing
967 1827 67 24 work
1047 1828 63 24 done
1122 1829 26 23 at
1160 1828 58 24 low-

684 1868 38 23 est
739 1867 100 23 current
862 1868 73 22 rates.

741 1984 60 31 %$e
838 1980 56 33 #*
937 1980 224 38 iWWmWy

684 2032 223 22 osiifoirid
953 2030 241 22 zb.a.iecceir'y

786 2065 214 29 Established
1027 2065 86 28 1862.

682 2121 124 28 FLOUR,
818 2121 56 24 best
885 2120 80 24 brand
977 2121 58 31 only
1048 2120 66 32 kept.

684 2164 141 28 SHARPS,
861 2164 204 28 OATMEAL,
1102 2164 109 24 BRAN

775 2208 292 27 OHICKENWHEAT,
1086 2209 41 23 &c.

682 2250 45 28 A%
746 2251 145 26 LOWKBT
911 2250 163 26 QUB&B&T.
1092 2250 128 26 JS^/KO-

802 2368 301 46 WANTED.

956 2444 5 5 ■
981 2442 6 6 ■•

689 2493 172 59 WANTED
881 2493 38 24 the
933 2493 115 28 reydeiits
1066 2494 24 23 of
1111 2493 39 23 tlio
1174 2493 48 24 Ox-

777 2527 51 23 ford
842 2527 92 23 district
948 2530 23 20 to
982 2527 68 23 know
1065 2528 52 21 that,
1135 2524 35 25 A.'
1190 2526 31 23 1).

687 2570 105 29 Hawaii,
802 2570 66 29 Oust,
883 2571 41 23 has
934 2571 131 31 purchased
1081 2570 72 31 heavy
1165 2570 57 23 lines

686 2612 24 24 of
731 2611 88 23 Binder
842 2611 79 23 Twino
945 2611 44 23 and
1026 2610 111 24 Mavhinc
1173 2610 49 24 Oils

686 2650 77 23 which
773 2650 29 24 he
823 2650 18 23 is
861 2649 110 32 prepared
994 2652 23 21 to
1042 2649 41 24 sell
1108 2652 26 20 at
1159 2652 63 22 town

687 2691 82 31 prices.

833 2797 258 47 NOTICE.

697 2924 245 60 AUCTION
985 2922 237 60 TWEEDS
1257 2970 4 3 -

730 3002 91 30 Made
844 3013 42 28 up
910 3006 32 25 at
965 3001 74 39 32/(3
1062 3013 17 18 a
1101 3000 76 30 Suit,

827 3053 37 30 a.
889 3052 31 30 T.
945 3051 144 37 JONES,

1071 3100 110 30 Tailor.

52 209 174 28 BARGAINS
244 208 68 25 FOR
333 207 69 25 THE
423 204 131 26 MONTH.

36 261 29 39 A
81 254 357 46 WAREHOUSEMAN
454 253 122 39 STOCK

281 308 38 21 OF

116 349 82 39 BOYS
213 347 90 39 MOLE
319 343 179 42 TROUSERS

39 404 62 24 from
115 403 37 32 4/-
166 409 43 23 per
221 401 62 30 pair,
306 397 115 32 (slightly
433 395 141 32 damaged).

88 440 104 25 MEN'S
211 435 171 27 COLONIAL
400 433 126 25 TWEED

192 473 216 37 SUITS

124 515 105 26 reduced
242 515 64 23 from
320 512 53 33 30/-
386 514 27 22 to
426 510 60 33 2G/G

42 557 115 24 All-wool
166 554 99 26 French
279 554 85 26 Foule,
374 552 65 30 light
456 550 49 24 and
517 549 60 24 dark

62 595 89 24 shades
164 594 102 24 Former
278 591 67 32 price
357 598 42 23 per
412 589 68 24 dress
493 588 59 31 10/8

142 632 123 26 reducded
277 633 25 22 to
313 630 35 33 (i/-
362 630 42 24 the
415 629 78 24 dress.

45 672 120 25 All-wool
182 670 97 26 Double
301 668 77 25 width
393 669 96 22 French
503 665 75 25 Cash-

44 721 67 17 mere
124 713 102 24 Former
238 710 66 32 price
317 710 42 31 3/6
379 707 105 26 reduced
497 708 25 23 to
543 707 36 31 2/-

244 759 43 23 per
305 749 68 32 yard.

59 788 326 42 KIDDERMINSTER
406 785 155 40 CARPET

80 843 103 25 Former
193 841 67 32 price
273 839 42 32 3/G
329 837 105 26 reduced
447 839 25 22 to
485 836 50 32 2f{>.
621 837 2 28 \

49 889 82 46 1,000
167 883 132 40 YARDS
323 882 78 38 ART
439 880 141 38 MUSI.IN
621 907 2 28 ,

146 936 106 26 leduced
263 937 26 23 to
301 935 41 23 id.
353 941 45 24 per
410 933 69 31 yard.

166 979 168 35 CHE
351 976 114 34 A.T?

107 1032 429 57 LININGS

49 1128 137 31 Suitable
196 1131 32 26 to
243 1126 62 29 line
317 1124 126 38 Shoddy
458 1122 126 30 Tweeds

111 1170 60 29 and
188 1168 103 31 Union
301 1167 94 30 Dress
413 1164 107 31 Stuffs.

47 1213 106 38 Fancy
169 1210 145 33 Buttons,
348 1207 35 29 Id
400 1216 56 30 per
479 1206 94 28 dozen

247 1260 35 24 H.
296 1257 137 29 PARISH,

364 1291 64 25 East
447 1289 101 26 Oxford.

49 1432 350 45 METROPOLITAN'
411 1429 176 42 FAMILY
613 1448 7 7 •

244 1487 152 39 HOTEL.

67 1558 138 25 CASHEL
219 1556 56 28 ST.,
287 1552 284 27 CHRISTOHURCH.

117 1602 90 25 Under
244 1600 61 23 New
336 1598 186 28 Management,

49 1656 155 31 Thoroughly
228 1653 134 25 renovated.
399 1653 107 29 Charges
516 1658 5 16 :
536 1649 50 24 Bed

101 1707 135 27 Breakfast,
256 1705 45 33 ?>/-,
315 1712 26 17 or
360 1703 40 32 5/G
420 1710 41 25 per
482 1702 54 31 day.

162 1754 86 26 OTTO
267 1751 208 29 SCHNEIDER,

406 1790 146 30 Proprietor.

167 1921 312 47 WANTED;

52 2032 201 82 WANTED
279 2036 34 26 to
329 2032 81 29 Rent
435 2041 18 19 a
467 2028 122 32 FARM
612 2055 3 5 .

148 2077 33 28 of
196 2075 60 29 300
272 2084 95 24 acres,
383 2074 82 28 from
480 2071 108 29 March
609 2074 3 2 '

53 2119 71 29 21st
126 2142 6 12 }
168 2116 87 31 State
270 2120 70 25 rent
355 2124 53 30 per
425 2124 70 20 acre
509 2112 51 30 for
572 2123 18 19 a

52 2170 90 19 seven
157 2168 89 30 years
263 2157 93 30 Lease
372 2156 75 30 with
460 2154 85 40 right
558 2158 31 26 to

54 2201 158 39 purchase,
240 2199 63 28 also
329 2201 79 26 state
437 2197 151 38 improve-

53 2245 110 26 ments.
222 2239 106 39 Apply
366 2241 15 12 '*
394 2238 31 29 X

205 2281 94 30 Office
315 2281 32 28 of
362 2279 61 29 this
437 2279 109 39 Paper.

149 2411 58 43 I).
259 2406 242 52 ALLEN,

294 2472 14 15 I.
311 2472 44 15 ATE

163 2498 140 30 JAMES
333 2495 154 35 ALLEN,

60 2541 404 41 BLACKSMITH,
492 2540 99 44 &C,

197 2598 89 29 East
310 2596 143 29 Oxford.

92 2660 40 24 Mr
149 2660 32 23 D.
201 2658 72 25 Allen
292 2657 58 31 bogs
378 2658 25 23 to
429 2656 115 25 intimate
569 2657 25 22 to

58 2700 43 25 the
119 2699 84 33 public
221 2699 26 24 of
258 2697 92 26 Oxford
363 2697 50 24 and
425 2695 168 31 surrounding-

60 2740 97 23 district
181 2739 56 23 that
254 2737 32 24 he
316 2736 101 24 intends
447 2735 148 30 continuing

59 2777 44 24 the
120 2776 115 25 business
253 2775 26 23 of
303 2772 167 28 Blacksmith,
501 2772 93 24 carried,

59 2826 33 16 on
110 2817 37 24 for
166 2825 26 15 so
210 2823 76 22 many
315 2821 71 24 years
414 2813 32 31 by
475 2812 40 24 his
544 2812 50 23 late

59 2858 89 27 father,
169 2857 48 24 and
235 2855 78 31 hopes
330 2854 32 32 by
381 2853 71 25 strict
470 2852 124 25 attention

57 2900 25 22 to
105 2897 113 24 business
236 2895 48 24 and
303 2895 126 23 moderate
447 2893 104 30 charges
570 2894 24 22 to

58 2939 85 24 insure
162 2937 42 24 the
221 2937 135 30 patronage
374 2933 28 25 of
430 2933 42 25 the
502 2932 93 24 Oxford

58 2977 92 33 public-

59 3125 214 49 JAMES
329 3123 266 53 POSTER,

217 3203 82 31 FOR
324 3202 113 32 SALE.

59 3258 127 41 Apples,
216 3254 226 36 Blackberries,
480 3253 116 30 Plums.

145 3306 45 29 To
206 3304 104 31 follow
326 3303 101 36 Pears,
458 3303 55 29 &c.

104 3353 149 42 Supplied
268 3352 32 29 m
315 3352 86 39 large
416 3360 35 21 or
467 3350 88 30 small

239 3393 177 40 quantities.

196 3520 264 47 NOTICE.

61 3651 71 64 A
169 3647 110 31 Meeting
291 3646 26 25 of
327 3646 83 25 Cattle
422 3652 95 17 owners
538 3644 59 24 hav-

169 3682 44 31 ing
222 3680 75 24 cattle
320 3678 162 33 depasturing
505 3678 26 24 m
555 3678 43 24 the

63 3722 92 24 Oxford
169 3721 71 24 Bush
252 3729 42 15 are
309 3719 94 24 invited
426 3720 26 22 to
475 3718 87 24 attend
585 3726 15 15 a

61 3761 111 30 meeting
184 3762 26 22 at
221 3766 42 23 my
273 3756 77 26 Office
362 3765 33 16 on
409 3756 123 31 Saturday
545 3756 52 29 -ith,

63 3801 25 21 at
98 3801 15 21 8
126 3806 70 23 p.m.,
208 3798 25 24 to
251 3803 104 23 arrange
376 3795 38 24 for
437 3802 14 16 a
475 3793 125 31 thorough

62 3836 65 31 good
139 3837 96 22 muster
253 3833 26 24 of
290 3835 51 21 catt
352 3841 14 15 c
378 3832 66 24 from
456 3839 47 17 one
517 3832 45 23 end
576 3831 27 24 of

63 3876 42 25 the
119 3875 66 24 bush
198 3876 25 23 to
237 3873 42 24 the
303 3871 80 25 other.

280 3911 91 26 JOHN
389 3910 144 26 INGIUM.
