<?xml version="1.0" encoding="UTF-8"?>
<alto xmlns:xsi="http://www.w3.org/2001/XMLSchema-instance" xsi:noNamespaceSchemaLocation="//docstorage/impdata$/docWORKS/schema/alto-1-2.xsd" xmlns:xlink="http://www.w3.org/TR/xlink">
	<Description>
		<MeasurementUnit>mm10</MeasurementUnit>
		<sourceImageInformation>
			<fileName>//nasserver-9/impdata$/IN/NZ_5/OO/1893/03/04/00300.TIF</fileName>
		</sourceImageInformation>
		<OCRProcessing ID="OCRPROCESSING_1">
			<preProcessingStep>
				<processingSoftware>
					<softwareCreator>CCS Content Conversion Specialists GmbH, Germany</softwareCreator>
					<softwareName>CCS docWORKS</softwareName>
					<softwareVersion>6.2-1.18</softwareVersion>
				</processingSoftware>
			</preProcessingStep>
			<ocrProcessingStep>
				<processingSoftware>
					<softwareCreator>ABBYY (BIT Software), Russia</softwareCreator>
					<softwareName>Finereader</softwareName>
				</processingSoftware>
			</ocrProcessingStep>
		</OCRProcessing>
	</Description>
	<Styles>
		<TextStyle ID="TXT_0" FONTSIZE="10" FONTFAMILY="Times New Roman"/>
		<TextStyle ID="TXT_1" FONTSIZE="7" FONTFAMILY="Times New Roman"/>
		<TextStyle ID="TXT_2" FONTSIZE="12" FONTFAMILY="Times New Roman"/>
		<TextStyle ID="TXT_3" FONTSIZE="8" FONTFAMILY="Times New Roman" FONTSTYLE="italics"/>
		<TextStyle ID="TXT_4" FONTSIZE="8" FONTFAMILY="Times New Roman"/>
		<TextStyle ID="TXT_5" FONTSIZE="6" FONTFAMILY="Times New Roman" FONTSTYLE="bold"/>
		<TextStyle ID="TXT_6" FONTSIZE="9" FONTFAMILY="Times New Roman" FONTSTYLE="italics"/>
		<TextStyle ID="TXT_7" FONTSIZE="9" FONTFAMILY="Times New Roman"/>
		<TextStyle ID="TXT_8" FONTSIZE="10" FONTFAMILY="Times New Roman" FONTSTYLE="italics"/>
		<TextStyle ID="TXT_9" FONTSIZE="24" FONTFAMILY="Times New Roman"/>
		<TextStyle ID="TXT_10" FONTSIZE="10" FONTFAMILY="Times New Roman" FONTSTYLE="bold"/>
		<ParagraphStyle ID="PAR_BLOCK" ALIGN="Block"/>
		<ParagraphStyle ID="PAR_LEFT" ALIGN="Left"/>
		<ParagraphStyle ID="PAR_RIGHT" ALIGN="Right"/>
	</Styles>
	<Layout>
		<Page ID="P3" PHYSICAL_IMG_NR="3" HEIGHT="4010" WIDTH="2540" ACCURACY="97.93">
			<TopMargin ID="P3_TM00001" HPOS="0" VPOS="0" WIDTH="2540" HEIGHT="75"/>
			<LeftMargin ID="P3_LM00001" HPOS="0" VPOS="75" WIDTH="55" HEIGHT="3860"/>
			<RightMargin ID="P3_RM00001" HPOS="2491" VPOS="75" WIDTH="49" HEIGHT="3860"/>
			<BottomMargin ID="P3_BM00001" HPOS="0" VPOS="3935" WIDTH="2540" HEIGHT="75"/>
			<PrintSpace ID="P3_PS00001" HPOS="55" VPOS="75" WIDTH="2436" HEIGHT="3860">
				<TextBlock ID="P3_TB00001" HPOS="55" VPOS="210" WIDTH="550" HEIGHT="1943" STYLEREFS="TXT_0 PAR_BLOCK">
					<TextLine ID="P3_TL00001" HPOS="70" VPOS="215" WIDTH="267" HEIGHT="31">
						<String ID="P3_ST00001" HPOS="70" VPOS="217" WIDTH="57" HEIGHT="25" CONTENT="read" WC="0.85" CC="3012"/>
						<SP ID="P3_SP00001" HPOS="127" VPOS="242" WIDTH="12"/>
						<String ID="P3_ST00002" HPOS="139" VPOS="216" WIDTH="51" HEIGHT="24" CONTENT="and" WC="0.86" CC="112"/>
						<SP ID="P3_SP00002" HPOS="190" VPOS="242" WIDTH="16"/>
						<String ID="P3_ST00003" HPOS="206" VPOS="215" WIDTH="131" HEIGHT="31" CONTENT="approved." WC="0.90" CC="022101121"/>
					</TextLine>
					<TextLine ID="P3_TL00002" HPOS="104" VPOS="251" WIDTH="495" HEIGHT="30">
						<String ID="P3_ST00004" HPOS="104" VPOS="257" WIDTH="120" HEIGHT="24" CONTENT="Resolved" WC="0.95" CC="10100101"/>
						<SP ID="P3_SP00003" HPOS="224" VPOS="281" WIDTH="24"/>
						<String ID="P3_ST00005" HPOS="248" VPOS="255" WIDTH="55" HEIGHT="24" CONTENT="tliat" WC="0.97" CC="01101"/>
						<SP ID="P3_SP00004" HPOS="303" VPOS="281" WIDTH="23"/>
						<String ID="P3_ST00006" HPOS="326" VPOS="254" WIDTH="42" HEIGHT="25" CONTENT="the" WC="0.84" CC="114"/>
						<SP ID="P3_SP00005" HPOS="368" VPOS="281" WIDTH="25"/>
						<String ID="P3_ST00007" HPOS="393" VPOS="255" WIDTH="82" HEIGHT="23" CONTENT="stones" WC="0.96" CC="100110"/>
						<SP ID="P3_SP00006" HPOS="475" VPOS="281" WIDTH="23"/>
						<String ID="P3_ST00008" HPOS="498" VPOS="252" WIDTH="25" HEIGHT="24" CONTENT="m" WC="0.80" CC="0"/>
						<SP ID="P3_SP00007" HPOS="523" VPOS="281" WIDTH="35"/>
						<String ID="P3_ST00009" HPOS="558" VPOS="251" WIDTH="41" HEIGHT="23" CONTENT="In" SUBS_TYPE="HypPart1" SUBS_CONTENT="Ingrain's" WC="0.96" CC="011"/>
						<HYP CONTENT="-"/>
					</TextLine>
					<TextLine ID="P3_TL00003" HPOS="69" VPOS="291" WIDTH="531" HEIGHT="35">
						<String ID="P3_ST00010" HPOS="69" VPOS="297" WIDTH="91" HEIGHT="29" CONTENT="grain's" SUBS_TYPE="HypPart2" SUBS_CONTENT="Ingrain's" WC="0.89" CC="2111211"/>
						<SP ID="P3_SP00008" HPOS="160" VPOS="326" WIDTH="12"/>
						<String ID="P3_ST00011" HPOS="172" VPOS="294" WIDTH="66" HEIGHT="24" CONTENT="Ford" WC="0.98" CC="0011"/>
						<SP ID="P3_SP00009" HPOS="238" VPOS="326" WIDTH="12"/>
						<String ID="P3_ST00012" HPOS="250" VPOS="293" WIDTH="30" HEIGHT="24" CONTENT="be" WC="0.96" CC="11"/>
						<SP ID="P3_SP00010" HPOS="280" VPOS="326" WIDTH="12"/>
						<String ID="P3_ST00013" HPOS="292" VPOS="293" WIDTH="101" HEIGHT="24" CONTENT="secured" WC="0.96" CC="1011101"/>
						<SP ID="P3_SP00011" HPOS="393" VPOS="326" WIDTH="12"/>
						<String ID="P3_ST00014" HPOS="405" VPOS="291" WIDTH="61" HEIGHT="25" CONTENT="with" WC="0.89" CC="3012"/>
						<SP ID="P3_SP00012" HPOS="466" VPOS="326" WIDTH="22"/>
						<String ID="P3_ST00015" HPOS="488" VPOS="291" WIDTH="112" HEIGHT="24" CONTENT="concrete" WC="0.94" CC="00101121"/>
					</TextLine>
					<TextLine ID="P3_TL00004" HPOS="69" VPOS="333" WIDTH="122" HEIGHT="31">
						<String ID="P3_ST00016" HPOS="69" VPOS="333" WIDTH="122" HEIGHT="31" CONTENT="grouting." WC="0.93" CC="110210111"/>
					</TextLine>
					<TextLine ID="P3_TL00005" HPOS="102" VPOS="367" WIDTH="500" HEIGHT="30">
						<String ID="P3_ST00017" HPOS="102" VPOS="371" WIDTH="120" HEIGHT="25" CONTENT="Resolved" WC="0.96" CC="20000101"/>
						<SP ID="P3_SP00013" HPOS="222" VPOS="396" WIDTH="8"/>
						<String ID="P3_ST00018" HPOS="230" VPOS="372" WIDTH="25" HEIGHT="22" CONTENT="to" WC="0.98" CC="10"/>
						<SP ID="P3_SP00014" HPOS="255" VPOS="396" WIDTH="13"/>
						<String ID="P3_ST00019" HPOS="268" VPOS="370" WIDTH="64" HEIGHT="24" CONTENT="erect" WC="0.96" CC="01001"/>
						<SP ID="P3_SP00015" HPOS="332" VPOS="396" WIDTH="12"/>
						<String ID="P3_ST00020" HPOS="344" VPOS="377" WIDTH="14" HEIGHT="15" CONTENT="a" WC="0.93" CC="1"/>
						<SP ID="P3_SP00016" HPOS="358" VPOS="396" WIDTH="12"/>
						<String ID="P3_ST00021" HPOS="370" VPOS="369" WIDTH="113" HEIGHT="23" CONTENT="concrete" WC="0.98" CC="00100110"/>
						<SP ID="P3_SP00017" HPOS="483" VPOS="396" WIDTH="18"/>
						<String ID="P3_ST00022" HPOS="501" VPOS="367" WIDTH="101" HEIGHT="30" CONTENT="support" WC="0.92" CC="1012021"/>
					</TextLine>
					<TextLine ID="P3_TL00006" HPOS="69" VPOS="407" WIDTH="273" HEIGHT="33">
						<String ID="P3_ST00023" HPOS="69" VPOS="411" WIDTH="26" HEIGHT="23" CONTENT="to" WC="1.00" CC="00"/>
						<SP ID="P3_SP00018" HPOS="95" VPOS="434" WIDTH="14"/>
						<String ID="P3_ST00024" HPOS="109" VPOS="410" WIDTH="129" HEIGHT="30" CONTENT="Cloudly's" WC="0.95" CC="110111011"/>
						<SP ID="P3_SP00019" HPOS="238" VPOS="440" WIDTH="12"/>
						<String ID="P3_ST00025" HPOS="250" VPOS="407" WIDTH="92" HEIGHT="31" CONTENT="bridge." WC="0.81" CC="0009130"/>
					</TextLine>
					<TextLine ID="P3_TL00007" HPOS="102" VPOS="443" WIDTH="500" HEIGHT="33">
						<String ID="P3_ST00026" HPOS="102" VPOS="447" WIDTH="39" HEIGHT="23" CONTENT="Mr" WC="0.94" CC="01"/>
						<SP ID="P3_SP00020" HPOS="141" VPOS="470" WIDTH="10"/>
						<String ID="P3_ST00027" HPOS="151" VPOS="446" WIDTH="115" HEIGHT="30" CONTENT="Fleming" WC="0.89" CC="1112121"/>
						<SP ID="P3_SP00021" HPOS="266" VPOS="476" WIDTH="12"/>
						<String ID="P3_ST00028" HPOS="278" VPOS="444" WIDTH="129" HEIGHT="32" CONTENT="requested" WC="0.93" CC="113101101"/>
						<SP ID="P3_SP00022" HPOS="407" VPOS="476" WIDTH="13"/>
						<String ID="P3_ST00029" HPOS="420" VPOS="444" WIDTH="43" HEIGHT="24" CONTENT="the" WC="0.93" CC="111"/>
						<SP ID="P3_SP00023" HPOS="463" VPOS="476" WIDTH="11"/>
						<String ID="P3_ST00030" HPOS="474" VPOS="443" WIDTH="82" HEIGHT="24" CONTENT="Board" WC="0.90" CC="40011"/>
						<SP ID="P3_SP00024" HPOS="556" VPOS="476" WIDTH="20"/>
						<String ID="P3_ST00031" HPOS="576" VPOS="443" WIDTH="26" HEIGHT="23" CONTENT="to" WC="1.00" CC="00"/>
					</TextLine>
					<TextLine ID="P3_TL00008" HPOS="68" VPOS="480" WIDTH="534" HEIGHT="34">
						<String ID="P3_ST00032" HPOS="68" VPOS="486" WIDTH="66" HEIGHT="24" CONTENT="clear" WC="0.92" CC="02111"/>
						<SP ID="P3_SP00025" HPOS="134" VPOS="510" WIDTH="19"/>
						<String ID="P3_ST00033" HPOS="153" VPOS="485" WIDTH="98" HEIGHT="29" CONTENT="cutting" WC="0.95" CC="0111012"/>
						<SP ID="P3_SP00026" HPOS="251" VPOS="514" WIDTH="22"/>
						<String ID="P3_ST00034" HPOS="273" VPOS="483" WIDTH="99" HEIGHT="30" CONTENT="leading" WC="0.79" CC="1316121"/>
						<SP ID="P3_SP00027" HPOS="372" VPOS="514" WIDTH="23"/>
						<String ID="P3_ST00035" HPOS="395" VPOS="484" WIDTH="25" HEIGHT="22" CONTENT="to" WC="1.00" CC="00"/>
						<SP ID="P3_SP00028" HPOS="420" VPOS="514" WIDTH="20"/>
						<String ID="P3_ST00036" HPOS="440" VPOS="482" WIDTH="40" HEIGHT="24" CONTENT="his" WC="0.85" CC="311"/>
						<SP ID="P3_SP00029" HPOS="480" VPOS="514" WIDTH="30"/>
						<String ID="P3_ST00037" HPOS="510" VPOS="480" WIDTH="58" HEIGHT="25" CONTENT="land" WC="0.92" CC="2111"/>
						<String ID="P3_ST00038" HPOS="571" VPOS="495" WIDTH="31" HEIGHT="3" CONTENT="—" WC="1.00" CC="0"/>
					</TextLine>
					<TextLine ID="P3_TL00009" HPOS="68" VPOS="520" WIDTH="367" HEIGHT="32">
						<String ID="P3_ST00039" HPOS="68" VPOS="523" WIDTH="72" HEIGHT="25" CONTENT="Clerk" WC="0.93" CC="11011"/>
						<SP ID="P3_SP00030" HPOS="140" VPOS="548" WIDTH="12"/>
						<String ID="P3_ST00040" HPOS="152" VPOS="524" WIDTH="25" HEIGHT="23" CONTENT="to" WC="1.00" CC="00"/>
						<SP ID="P3_SP00031" HPOS="177" VPOS="548" WIDTH="10"/>
						<String ID="P3_ST00041" HPOS="187" VPOS="528" WIDTH="103" HEIGHT="24" CONTENT="arrange" WC="0.91" CC="1211111"/>
						<SP ID="P3_SP00032" HPOS="290" VPOS="552" WIDTH="12"/>
						<String ID="P3_ST00042" HPOS="302" VPOS="520" WIDTH="60" HEIGHT="25" CONTENT="with" WC="0.83" CC="5011"/>
						<SP ID="P3_SP00033" HPOS="362" VPOS="552" WIDTH="12"/>
						<String ID="P3_ST00043" HPOS="374" VPOS="521" WIDTH="61" HEIGHT="23" CONTENT="him." WC="0.95" CC="1100"/>
					</TextLine>
					<TextLine ID="P3_TL00010" HPOS="102" VPOS="559" WIDTH="499" HEIGHT="28">
						<String ID="P3_ST00044" HPOS="102" VPOS="563" WIDTH="121" HEIGHT="24" CONTENT="Resolved" WC="0.95" CC="20100011"/>
						<SP ID="P3_SP00034" HPOS="223" VPOS="587" WIDTH="24"/>
						<String ID="P3_ST00045" HPOS="247" VPOS="565" WIDTH="26" HEIGHT="20" CONTENT="to" WC="1.00" CC="00"/>
						<SP ID="P3_SP00035" HPOS="273" VPOS="587" WIDTH="23"/>
						<String ID="P3_ST00046" HPOS="296" VPOS="561" WIDTH="66" HEIGHT="24" CONTENT="clear" WC="0.87" CC="12311"/>
						<SP ID="P3_SP00036" HPOS="362" VPOS="587" WIDTH="23"/>
						<String ID="P3_ST00047" HPOS="385" VPOS="560" WIDTH="43" HEIGHT="24" CONTENT="the" WC="0.94" CC="111"/>
						<SP ID="P3_SP00037" HPOS="428" VPOS="587" WIDTH="34"/>
						<String ID="P3_ST00048" HPOS="462" VPOS="559" WIDTH="42" HEIGHT="25" CONTENT="silt" WC="0.95" CC="1001"/>
						<SP ID="P3_SP00038" HPOS="504" VPOS="587" WIDTH="33"/>
						<String ID="P3_ST00049" HPOS="537" VPOS="559" WIDTH="64" HEIGHT="24" CONTENT="lrcm" WC="0.94" CC="2100"/>
					</TextLine>
					<TextLine ID="P3_TL00011" HPOS="68" VPOS="599" WIDTH="283" HEIGHT="33">
						<String ID="P3_ST00050" HPOS="68" VPOS="601" WIDTH="85" HEIGHT="31" CONTENT="bridge" WC="0.91" CC="211111"/>
						<SP ID="P3_SP00039" HPOS="153" VPOS="632" WIDTH="7"/>
						<String ID="P3_ST00051" HPOS="160" VPOS="609" WIDTH="60" HEIGHT="16" CONTENT="near" WC="0.90" CC="1131"/>
						<SP ID="P3_SP00040" HPOS="220" VPOS="632" WIDTH="12"/>
						<String ID="P3_ST00052" HPOS="232" VPOS="599" WIDTH="119" HEIGHT="30" CONTENT="Finlay's." WC="0.95" CC="100112110"/>
					</TextLine>
					<TextLine ID="P3_TL00012" HPOS="101" VPOS="636" WIDTH="499" HEIGHT="29">
						<String ID="P3_ST00053" HPOS="101" VPOS="640" WIDTH="121" HEIGHT="25" CONTENT="Resolved" WC="0.96" CC="12110010"/>
						<SP ID="P3_SP00041" HPOS="222" VPOS="665" WIDTH="13"/>
						<String ID="P3_ST00054" HPOS="235" VPOS="641" WIDTH="24" HEIGHT="23" CONTENT="to" WC="0.96" CC="10"/>
						<SP ID="P3_SP00042" HPOS="259" VPOS="665" WIDTH="13"/>
						<String ID="P3_ST00055" HPOS="272" VPOS="638" WIDTH="120" HEIGHT="25" CONTENT="advertise" WC="0.96" CC="110101011"/>
						<SP ID="P3_SP00043" HPOS="392" VPOS="665" WIDTH="18"/>
						<String ID="P3_ST00056" HPOS="410" VPOS="638" WIDTH="56" HEIGHT="24" CONTENT="that" WC="0.87" CC="1400"/>
						<SP ID="P3_SP00044" HPOS="466" VPOS="665" WIDTH="23"/>
						<String ID="P3_ST00057" HPOS="489" VPOS="636" WIDTH="34" HEIGHT="24" CONTENT="all" WC="1.00" CC="000"/>
						<SP ID="P3_SP00045" HPOS="523" VPOS="665" WIDTH="23"/>
						<String ID="P3_ST00058" HPOS="546" VPOS="638" WIDTH="54" HEIGHT="22" CONTENT="out" SUBS_TYPE="HypPart1" SUBS_CONTENT="outstanding" WC="0.94" CC="0111"/>
						<HYP CONTENT="-"/>
					</TextLine>
					<TextLine ID="P3_TL00013" HPOS="68" VPOS="676" WIDTH="532" HEIGHT="36">
						<String ID="P3_ST00059" HPOS="68" VPOS="681" WIDTH="116" HEIGHT="31" CONTENT="standing" SUBS_TYPE="HypPart2" SUBS_CONTENT="outstanding" WC="0.97" CC="10110101"/>
						<SP ID="P3_SP00046" HPOS="184" VPOS="712" WIDTH="12"/>
						<String ID="P3_ST00060" HPOS="196" VPOS="683" WIDTH="65" HEIGHT="22" CONTENT="rates" WC="0.94" CC="10111"/>
						<SP ID="P3_SP00047" HPOS="261" VPOS="712" WIDTH="12"/>
						<String ID="P3_ST00061" HPOS="273" VPOS="681" WIDTH="68" HEIGHT="23" CONTENT="must" WC="0.93" CC="0121"/>
						<SP ID="P3_SP00048" HPOS="341" VPOS="712" WIDTH="12"/>
						<String ID="P3_ST00062" HPOS="353" VPOS="678" WIDTH="30" HEIGHT="24" CONTENT="be" WC="0.96" CC="01"/>
						<SP ID="P3_SP00049" HPOS="383" VPOS="712" WIDTH="11"/>
						<String ID="P3_ST00063" HPOS="394" VPOS="678" WIDTH="58" HEIGHT="31" CONTENT="paid" WC="0.95" CC="0111"/>
						<SP ID="P3_SP00050" HPOS="452" VPOS="712" WIDTH="11"/>
						<String ID="P3_ST00064" HPOS="463" VPOS="676" WIDTH="88" HEIGHT="26" CONTENT="within" WC="0.88" CC="511100"/>
						<SP ID="P3_SP00051" HPOS="551" VPOS="712" WIDTH="19"/>
						<String ID="P3_ST00065" HPOS="570" VPOS="677" WIDTH="30" HEIGHT="23" CONTENT="11" WC="0.74" CC="05"/>
					</TextLine>
					<TextLine ID="P3_TL00014" HPOS="68" VPOS="720" WIDTH="303" HEIGHT="32">
						<String ID="P3_ST00066" HPOS="68" VPOS="720" WIDTH="68" HEIGHT="32" CONTENT="days." WC="0.93" CC="11011"/>
						<SP ID="P3_SP00052" HPOS="136" VPOS="752" WIDTH="229"/>
						<String ID="P3_ST00067" HPOS="365" VPOS="738" WIDTH="6" HEIGHT="13" CONTENT=";" STYLE="subscript" WC="0.85" CC="2"/>
					</TextLine>
					<TextLine ID="P3_TL00015" HPOS="218" VPOS="762" WIDTH="234" HEIGHT="25">
						<String ID="P3_ST00068" HPOS="218" VPOS="762" WIDTH="234" HEIGHT="25" CONTENT="CoKEKSPONDENCE." WC="0.83" CC="004321102414041" STYLEREFS="TXT_1"/>
					</TextLine>
					<TextLine ID="P3_TL00016" HPOS="101" VPOS="801" WIDTH="498" HEIGHT="31">
						<String ID="P3_ST00069" HPOS="101" VPOS="807" WIDTH="75" HEIGHT="25" CONTENT="From" WC="0.94" CC="1101"/>
						<SP ID="P3_SP00053" HPOS="176" VPOS="832" WIDTH="14"/>
						<String ID="P3_ST00070" HPOS="190" VPOS="806" WIDTH="40" HEIGHT="25" CONTENT="Mr" WC="1.00" CC="00"/>
						<SP ID="P3_SP00054" HPOS="230" VPOS="832" WIDTH="12"/>
						<String ID="P3_ST00071" HPOS="242" VPOS="806" WIDTH="24" HEIGHT="24" CONTENT="J." WC="0.98" CC="10"/>
						<SP ID="P3_SP00055" HPOS="266" VPOS="832" WIDTH="11"/>
						<String ID="P3_ST00072" HPOS="277" VPOS="805" WIDTH="87" HEIGHT="26" CONTENT="Peters" WC="0.94" CC="111102"/>
						<SP ID="P3_SP00056" HPOS="364" VPOS="832" WIDTH="8"/>
						<String ID="P3_ST00073" HPOS="372" VPOS="805" WIDTH="65" HEIGHT="24" CONTENT="East" WC="0.94" CC="0112"/>
						<SP ID="P3_SP00057" HPOS="437" VPOS="832" WIDTH="7"/>
						<String ID="P3_ST00074" HPOS="444" VPOS="801" WIDTH="100" HEIGHT="30" CONTENT="Oxford," WC="0.94" CC="0210111"/>
						<SP ID="P3_SP00058" HPOS="544" VPOS="832" WIDTH="14"/>
						<String ID="P3_ST00075" HPOS="558" VPOS="801" WIDTH="41" HEIGHT="25" CONTENT="ob" SUBS_TYPE="HypPart1" SUBS_CONTENT="objecting" WC="0.99" CC="010"/>
						<HYP CONTENT="-"/>
					</TextLine>
					<TextLine ID="P3_TL00017" HPOS="65" VPOS="840" WIDTH="533" HEIGHT="37">
						<String ID="P3_ST00076" HPOS="65" VPOS="846" WIDTH="94" HEIGHT="31" CONTENT="jecting" SUBS_TYPE="HypPart2" SUBS_CONTENT="objecting" WC="0.81" CC="9100121"/>
						<SP ID="P3_SP00059" HPOS="159" VPOS="877" WIDTH="12"/>
						<String ID="P3_ST00077" HPOS="171" VPOS="847" WIDTH="25" HEIGHT="23" CONTENT="to" WC="0.98" CC="10"/>
						<SP ID="P3_SP00060" HPOS="196" VPOS="877" WIDTH="13"/>
						<String ID="P3_ST00078" HPOS="209" VPOS="853" WIDTH="15" HEIGHT="16" CONTENT="a" WC="0.96" CC="1"/>
						<SP ID="P3_SP00061" HPOS="224" VPOS="877" WIDTH="19"/>
						<String ID="P3_ST00079" HPOS="243" VPOS="843" WIDTH="153" HEIGHT="33" CONTENT="prospective" WC="0.95" CC="20021100011"/>
						<SP ID="P3_SP00062" HPOS="396" VPOS="877" WIDTH="23"/>
						<String ID="P3_ST00080" HPOS="419" VPOS="842" WIDTH="87" HEIGHT="23" CONTENT="Water" WC="0.96" CC="21000"/>
						<SP ID="P3_SP00063" HPOS="506" VPOS="877" WIDTH="19"/>
						<String ID="P3_ST00081" HPOS="525" VPOS="840" WIDTH="73" HEIGHT="24" CONTENT="Race." WC="0.93" CC="11011"/>
					</TextLine>
					<TextLine ID="P3_TL00018" HPOS="67" VPOS="878" WIDTH="533" HEIGHT="34">
						<String ID="P3_ST00082" HPOS="67" VPOS="885" WIDTH="77" HEIGHT="24" CONTENT="Boarc" WC="0.88" CC="50011"/>
						<SP ID="P3_SP00064" HPOS="144" VPOS="909" WIDTH="17"/>
						<String ID="P3_ST00083" HPOS="161" VPOS="883" WIDTH="41" HEIGHT="24" CONTENT="did" WC="1.00" CC="000"/>
						<SP ID="P3_SP00065" HPOS="202" VPOS="909" WIDTH="12"/>
						<String ID="P3_ST00084" HPOS="214" VPOS="885" WIDTH="44" HEIGHT="22" CONTENT="not" WC="0.99" CC="001"/>
						<SP ID="P3_SP00066" HPOS="258" VPOS="909" WIDTH="13"/>
						<String ID="P3_ST00085" HPOS="271" VPOS="881" WIDTH="125" HEIGHT="31" CONTENT="recognise" WC="0.97" CC="100011010"/>
						<SP ID="P3_SP00067" HPOS="396" VPOS="912" WIDTH="13"/>
						<String ID="P3_ST00086" HPOS="409" VPOS="888" WIDTH="48" HEIGHT="23" CONTENT="any" WC="0.93" CC="111"/>
						<SP ID="P3_SP00068" HPOS="457" VPOS="912" WIDTH="20"/>
						<String ID="P3_ST00087" HPOS="477" VPOS="878" WIDTH="123" HEIGHT="31" CONTENT="responsi-." WC="0.98" CC="1011001000"/>
					</TextLine>
					<TextLine ID="P3_TL00019" HPOS="65" VPOS="921" WIDTH="285" HEIGHT="32">
						<String ID="P3_ST00088" HPOS="65" VPOS="921" WIDTH="72" HEIGHT="32" CONTENT="bility" WC="0.96" CC="100111"/>
						<SP ID="P3_SP00069" HPOS="137" VPOS="953" WIDTH="12"/>
						<String ID="P3_ST00089" HPOS="149" VPOS="921" WIDTH="27" HEIGHT="25" CONTENT="m" WC="0.89" CC="0"/>
						<SP ID="P3_SP00070" HPOS="176" VPOS="953" WIDTH="12"/>
						<String ID="P3_ST00090" HPOS="188" VPOS="921" WIDTH="42" HEIGHT="24" CONTENT="ths" WC="0.69" CC="108"/>
						<SP ID="P3_SP00071" HPOS="230" VPOS="953" WIDTH="20"/>
						<String ID="P3_ST00091" HPOS="250" VPOS="922" WIDTH="100" HEIGHT="22" CONTENT="matter." WC="0.95" CC="2101110"/>
					</TextLine>
					<TextLine ID="P3_TL00020" HPOS="99" VPOS="954" WIDTH="501" HEIGHT="34">
						<String ID="P3_ST00092" HPOS="99" VPOS="960" WIDTH="77" HEIGHT="24" CONTENT="From" WC="0.97" CC="1001"/>
						<SP ID="P3_SP00072" HPOS="176" VPOS="984" WIDTH="12"/>
						<String ID="P3_ST00093" HPOS="188" VPOS="959" WIDTH="43" HEIGHT="24" CONTENT="the" WC="0.99" CC="010"/>
						<SP ID="P3_SP00073" HPOS="231" VPOS="984" WIDTH="12"/>
						<String ID="P3_ST00094" HPOS="243" VPOS="958" WIDTH="93" HEIGHT="30" CONTENT="Ashley" WC="0.86" CC="116001"/>
						<SP ID="P3_SP00074" HPOS="336" VPOS="988" WIDTH="22"/>
						<String ID="P3_ST00095" HPOS="358" VPOS="955" WIDTH="82" HEIGHT="25" CONTENT="Board" WC="0.91" CC="22011"/>
						<SP ID="P3_SP00075" HPOS="440" VPOS="988" WIDTH="23"/>
						<String ID="P3_ST00096" HPOS="463" VPOS="954" WIDTH="137" HEIGHT="30" CONTENT="informing" WC="0.96" CC="011010111"/>
					</TextLine>
					<TextLine ID="P3_TL00021" HPOS="66" VPOS="992" WIDTH="535" HEIGHT="31">
						<String ID="P3_ST00097" HPOS="66" VPOS="999" WIDTH="43" HEIGHT="24" CONTENT="the" WC="0.94" CC="110"/>
						<SP ID="P3_SP00076" HPOS="109" VPOS="1023" WIDTH="12"/>
						<String ID="P3_ST00098" HPOS="121" VPOS="998" WIDTH="80" HEIGHT="25" CONTENT="Board" WC="0.98" CC="10001"/>
						<SP ID="P3_SP00077" HPOS="201" VPOS="1023" WIDTH="14"/>
						<String ID="P3_ST00099" HPOS="215" VPOS="997" WIDTH="56" HEIGHT="25" CONTENT="that" WC="0.96" CC="1101"/>
						<SP ID="P3_SP00078" HPOS="271" VPOS="1023" WIDTH="9"/>
						<String ID="P3_ST00100" HPOS="280" VPOS="996" WIDTH="43" HEIGHT="25" CONTENT="the" WC="0.97" CC="110"/>
						<SP ID="P3_SP00079" HPOS="323" VPOS="1023" WIDTH="11"/>
						<String ID="P3_ST00101" HPOS="334" VPOS="994" WIDTH="105" HEIGHT="26" CONTENT="services" WC="0.91" CC="10121131"/>
						<SP ID="P3_SP00080" HPOS="439" VPOS="1023" WIDTH="8"/>
						<String ID="P3_ST00102" HPOS="447" VPOS="993" WIDTH="27" HEIGHT="26" CONTENT="of" WC="0.94" CC="01"/>
						<SP ID="P3_SP00081" HPOS="474" VPOS="1023" WIDTH="10"/>
						<String ID="P3_ST00103" HPOS="484" VPOS="994" WIDTH="40" HEIGHT="23" CONTENT="Mr" WC="0.94" CC="01"/>
						<SP ID="P3_SP00082" HPOS="524" VPOS="1023" WIDTH="12"/>
						<String ID="P3_ST00104" HPOS="536" VPOS="992" WIDTH="65" HEIGHT="25" CONTENT="Wil" SUBS_TYPE="HypPart1" SUBS_CONTENT="Wilson" WC="0.96" CC="2000"/>
						<HYP CONTENT="-"/>
					</TextLine>
					<TextLine ID="P3_TL00022" HPOS="66" VPOS="1031" WIDTH="534" HEIGHT="32">
						<String ID="P3_ST00105" HPOS="66" VPOS="1045" WIDTH="45" HEIGHT="17" CONTENT="son" SUBS_TYPE="HypPart2" SUBS_CONTENT="Wilson" WC="0.97" CC="100"/>
						<SP ID="P3_SP00083" HPOS="111" VPOS="1062" WIDTH="12"/>
						<String ID="P3_ST00106" HPOS="123" VPOS="1037" WIDTH="51" HEIGHT="24" CONTENT="had" WC="0.95" CC="002"/>
						<SP ID="P3_SP00084" HPOS="174" VPOS="1062" WIDTH="22"/>
						<String ID="P3_ST00107" HPOS="196" VPOS="1036" WIDTH="61" HEIGHT="25" CONTENT="been" WC="0.94" CC="1111"/>
						<SP ID="P3_SP00085" HPOS="257" VPOS="1062" WIDTH="22"/>
						<String ID="P3_ST00108" HPOS="279" VPOS="1034" WIDTH="101" HEIGHT="25" CONTENT="secured" WC="0.93" CC="4001001"/>
						<SP ID="P3_SP00086" HPOS="380" VPOS="1062" WIDTH="23"/>
						<String ID="P3_ST00109" HPOS="403" VPOS="1035" WIDTH="25" HEIGHT="22" CONTENT="to" WC="0.94" CC="10"/>
						<SP ID="P3_SP00087" HPOS="428" VPOS="1062" WIDTH="24"/>
						<String ID="P3_ST00110" HPOS="452" VPOS="1032" WIDTH="82" HEIGHT="31" CONTENT="repair" WC="0.93" CC="111111"/>
						<SP ID="P3_SP00088" HPOS="534" VPOS="1063" WIDTH="23"/>
						<String ID="P3_ST00111" HPOS="557" VPOS="1031" WIDTH="43" HEIGHT="24" CONTENT="the" WC="0.88" CC="130"/>
					</TextLine>
					<TextLine ID="P3_TL00023" HPOS="66" VPOS="1069" WIDTH="536" HEIGHT="36">
						<String ID="P3_ST00112" HPOS="66" VPOS="1076" WIDTH="94" HEIGHT="29" CONTENT="Ashley" WC="0.97" CC="011100"/>
						<SP ID="P3_SP00089" HPOS="160" VPOS="1105" WIDTH="12"/>
						<String ID="P3_ST00113" HPOS="172" VPOS="1074" WIDTH="91" HEIGHT="31" CONTENT="Bridge" WC="0.95" CC="110110"/>
						<SP ID="P3_SP00090" HPOS="263" VPOS="1105" WIDTH="12"/>
						<String ID="P3_ST00114" HPOS="275" VPOS="1072" WIDTH="50" HEIGHT="25" CONTENT="and" WC="0.94" CC="111"/>
						<SP ID="P3_SP00091" HPOS="325" VPOS="1105" WIDTH="11"/>
						<String ID="P3_ST00115" HPOS="336" VPOS="1071" WIDTH="90" HEIGHT="31" CONTENT="asking" WC="0.95" CC="111011"/>
						<SP ID="P3_SP00092" HPOS="426" VPOS="1105" WIDTH="11"/>
						<String ID="P3_ST00116" HPOS="437" VPOS="1071" WIDTH="37" HEIGHT="24" CONTENT="for" WC="0.97" CC="001"/>
						<SP ID="P3_SP00093" HPOS="474" VPOS="1105" WIDTH="11"/>
						<String ID="P3_ST00117" HPOS="485" VPOS="1071" WIDTH="71" HEIGHT="24" CONTENT="Loan" WC="0.99" CC="0010"/>
						<SP ID="P3_SP00094" HPOS="556" VPOS="1105" WIDTH="19"/>
						<String ID="P3_ST00118" HPOS="575" VPOS="1069" WIDTH="27" HEIGHT="25" CONTENT="of" WC="0.96" CC="01"/>
					</TextLine>
					<TextLine ID="P3_TL00024" HPOS="63" VPOS="1110" WIDTH="538" HEIGHT="34">
						<String ID="P3_ST00119" HPOS="63" VPOS="1115" WIDTH="104" HEIGHT="25" CONTENT="Board's" WC="0.92" CC="1011111"/>
						<SP ID="P3_SP00095" HPOS="167" VPOS="1140" WIDTH="12"/>
						<String ID="P3_ST00120" HPOS="179" VPOS="1115" WIDTH="53" HEIGHT="24" CONTENT="Pile" WC="0.93" CC="1102"/>
						<SP ID="P3_SP00096" HPOS="232" VPOS="1140" WIDTH="12"/>
						<String ID="P3_ST00121" HPOS="244" VPOS="1113" WIDTH="107" HEIGHT="31" CONTENT="Engine," WC="0.94" CC="0111102"/>
						<SP ID="P3_SP00097" HPOS="351" VPOS="1144" WIDTH="14"/>
						<String ID="P3_ST00122" HPOS="365" VPOS="1111" WIDTH="49" HEIGHT="25" CONTENT="and" WC="0.93" CC="111"/>
						<SP ID="P3_SP00098" HPOS="414" VPOS="1144" WIDTH="12"/>
						<String ID="P3_ST00123" HPOS="426" VPOS="1111" WIDTH="136" HEIGHT="24" CONTENT="assistance" WC="0.95" CC="2110111010"/>
						<SP ID="P3_SP00099" HPOS="562" VPOS="1144" WIDTH="12"/>
						<String ID="P3_ST00124" HPOS="574" VPOS="1110" WIDTH="27" HEIGHT="24" CONTENT="of" WC="1.00" CC="00"/>
					</TextLine>
					<TextLine ID="P3_TL00025" HPOS="63" VPOS="1149" WIDTH="452" HEIGHT="33">
						<String ID="P3_ST00125" HPOS="63" VPOS="1154" WIDTH="26" HEIGHT="25" CONTENT="of" WC="1.00" CC="00"/>
						<SP ID="P3_SP00100" HPOS="89" VPOS="1179" WIDTH="10"/>
						<String ID="P3_ST00126" HPOS="99" VPOS="1153" WIDTH="104" HEIGHT="25" CONTENT="Board's" WC="0.96" CC="1001111"/>
						<SP ID="P3_SP00101" HPOS="203" VPOS="1179" WIDTH="11"/>
						<String ID="P3_ST00127" HPOS="214" VPOS="1151" WIDTH="127" HEIGHT="31" CONTENT="Engineer" WC="0.95" CC="10200101"/>
						<String ID="P3_ST00128" HPOS="344" VPOS="1165" WIDTH="30" HEIGHT="3" CONTENT="—" WC="1.00" CC="0"/>
						<String ID="P3_ST00129" HPOS="375" VPOS="1149" WIDTH="95" HEIGHT="30" CONTENT="Agreed" WC="0.83" CC="091000"/>
						<SP ID="P3_SP00102" HPOS="470" VPOS="1182" WIDTH="12"/>
						<String ID="P3_ST00130" HPOS="482" VPOS="1151" WIDTH="33" HEIGHT="22" CONTENT="to." WC="0.99" CC="001"/>
					</TextLine>
					<TextLine ID="P3_TL00026" HPOS="97" VPOS="1189" WIDTH="500" HEIGHT="30">
						<String ID="P3_ST00131" HPOS="97" VPOS="1194" WIDTH="75" HEIGHT="25" CONTENT="From" WC="0.97" CC="1101"/>
						<SP ID="P3_SP00103" HPOS="172" VPOS="1219" WIDTH="12"/>
						<String ID="P3_ST00132" HPOS="184" VPOS="1192" WIDTH="106" HEIGHT="26" CONTENT="receiver" WC="0.97" CC="10110011"/>
						<SP ID="P3_SP00104" HPOS="290" VPOS="1219" WIDTH="12"/>
						<String ID="P3_ST00133" HPOS="302" VPOS="1191" WIDTH="27" HEIGHT="24" CONTENT="of" WC="1.00" CC="00"/>
						<SP ID="P3_SP00105" HPOS="329" VPOS="1219" WIDTH="9"/>
						<String ID="P3_ST00134" HPOS="338" VPOS="1189" WIDTH="72" HEIGHT="25" CONTENT="Land" WC="0.97" CC="1001"/>
						<SP ID="P3_SP00106" HPOS="410" VPOS="1219" WIDTH="16"/>
						<String ID="P3_ST00135" HPOS="426" VPOS="1196" WIDTH="106" HEIGHT="17" CONTENT="revenue" WC="0.94" CC="1101111"/>
						<SP ID="P3_SP00107" HPOS="532" VPOS="1219" WIDTH="23"/>
						<String ID="P3_ST00136" HPOS="555" VPOS="1196" WIDTH="42" HEIGHT="17" CONTENT="en" SUBS_TYPE="HypPart1" SUBS_CONTENT="enclosing" WC="0.96" CC="110"/>
						<HYP CONTENT="-"/>
					</TextLine>
					<TextLine ID="P3_TL00027" HPOS="63" VPOS="1227" WIDTH="532" HEIGHT="35">
						<String ID="P3_ST00137" HPOS="63" VPOS="1233" WIDTH="94" HEIGHT="29" CONTENT="closing" SUBS_TYPE="HypPart2" SUBS_CONTENT="enclosing" WC="0.97" CC="1001001"/>
						<SP ID="P3_SP00108" HPOS="157" VPOS="1262" WIDTH="12"/>
						<String ID="P3_ST00138" HPOS="169" VPOS="1230" WIDTH="106" HEIGHT="25" CONTENT="voucher" WC="0.97" CC="0010001"/>
						<SP ID="P3_SP00109" HPOS="275" VPOS="1262" WIDTH="12"/>
						<String ID="P3_ST00139" HPOS="287" VPOS="1229" WIDTH="27" HEIGHT="24" CONTENT="of" WC="0.94" CC="01"/>
						<SP ID="P3_SP00110" HPOS="314" VPOS="1262" WIDTH="18"/>
						<String ID="P3_ST00140" HPOS="332" VPOS="1229" WIDTH="80" HEIGHT="24" CONTENT="thirds" WC="0.94" CC="001112"/>
						<SP ID="P3_SP00111" HPOS="412" VPOS="1262" WIDTH="25"/>
						<String ID="P3_ST00141" HPOS="437" VPOS="1229" WIDTH="53" HEIGHT="24" CONTENT="£80" WC="0.83" CC="312"/>
						<SP ID="P3_SP00112" HPOS="490" VPOS="1262" WIDTH="20"/>
						<String ID="P3_ST00142" HPOS="510" VPOS="1230" WIDTH="27" HEIGHT="23" CONTENT="6s" WC="0.96" CC="11"/>
						<SP ID="P3_SP00113" HPOS="537" VPOS="1262" WIDTH="19"/>
						<String ID="P3_ST00143" HPOS="556" VPOS="1227" WIDTH="39" HEIGHT="30" CONTENT="2d," WC="0.90" CC="111"/>
					</TextLine>
					<TextLine ID="P3_TL00028" HPOS="62" VPOS="1267" WIDTH="517" HEIGHT="32">
						<String ID="P3_ST00144" HPOS="62" VPOS="1273" WIDTH="49" HEIGHT="24" CONTENT="and" WC="0.99" CC="001"/>
						<SP ID="P3_SP00114" HPOS="111" VPOS="1297" WIDTH="12"/>
						<String ID="P3_ST00145" HPOS="123" VPOS="1272" WIDTH="63" HEIGHT="24" CONTENT="from" WC="0.99" CC="1000"/>
						<SP ID="P3_SP00115" HPOS="186" VPOS="1297" WIDTH="12"/>
						<String ID="P3_ST00146" HPOS="198" VPOS="1269" WIDTH="73" HEIGHT="26" CONTENT="Bank" WC="0.97" CC="0111"/>
						<SP ID="P3_SP00116" HPOS="271" VPOS="1297" WIDTH="12"/>
						<String ID="P3_ST00147" HPOS="283" VPOS="1267" WIDTH="203" HEIGHT="32" CONTENT="acknowledging" WC="0.96" CC="1000010021011"/>
						<SP ID="P3_SP00117" HPOS="486" VPOS="1299" WIDTH="17"/>
						<String ID="P3_ST00148" HPOS="503" VPOS="1275" WIDTH="76" HEIGHT="17" CONTENT="same." WC="0.93" CC="10201"/>
					</TextLine>
					<TextLine ID="P3_TL00029" HPOS="96" VPOS="1307" WIDTH="499" HEIGHT="32">
						<String ID="P3_ST00149" HPOS="96" VPOS="1313" WIDTH="74" HEIGHT="24" CONTENT="From" WC="0.98" CC="0100"/>
						<SP ID="P3_SP00118" HPOS="170" VPOS="1337" WIDTH="13"/>
						<String ID="P3_ST00150" HPOS="183" VPOS="1311" WIDTH="43" HEIGHT="24" CONTENT="Mr" WC="1.00" CC="00"/>
						<SP ID="P3_SP00119" HPOS="226" VPOS="1337" WIDTH="13"/>
						<String ID="P3_ST00151" HPOS="239" VPOS="1311" WIDTH="33" HEIGHT="23" CONTENT="11." WC="0.99" CC="001"/>
						<SP ID="P3_SP00120" HPOS="272" VPOS="1337" WIDTH="13"/>
						<String ID="P3_ST00152" HPOS="285" VPOS="1310" WIDTH="29" HEIGHT="23" CONTENT="B." WC="0.94" CC="11"/>
						<SP ID="P3_SP00121" HPOS="314" VPOS="1337" WIDTH="14"/>
						<String ID="P3_ST00153" HPOS="328" VPOS="1308" WIDTH="117" HEIGHT="25" CONTENT="Johnson" WC="0.96" CC="1010101"/>
						<SP ID="P3_SP00122" HPOS="445" VPOS="1337" WIDTH="23"/>
						<String ID="P3_ST00154" HPOS="468" VPOS="1307" WIDTH="127" HEIGHT="32" CONTENT="enclosing" WC="0.97" CC="110001101"/>
					</TextLine>
					<TextLine ID="P3_TL00030" HPOS="62" VPOS="1348" WIDTH="533" HEIGHT="36">
						<String ID="P3_ST00155" HPOS="62" VPOS="1353" WIDTH="94" HEIGHT="31" CONTENT="cheque" WC="0.94" CC="020110"/>
						<SP ID="P3_SP00123" HPOS="156" VPOS="1384" WIDTH="12"/>
						<String ID="P3_ST00156" HPOS="168" VPOS="1352" WIDTH="37" HEIGHT="24" CONTENT="for" WC="0.96" CC="001"/>
						<SP ID="P3_SP00124" HPOS="205" VPOS="1384" WIDTH="9"/>
						<String ID="P3_ST00157" HPOS="214" VPOS="1353" WIDTH="66" HEIGHT="22" CONTENT="rates" WC="0.95" CC="01101"/>
						<SP ID="P3_SP00125" HPOS="280" VPOS="1384" WIDTH="12"/>
						<String ID="P3_ST00158" HPOS="292" VPOS="1351" WIDTH="34" HEIGHT="24" CONTENT="£7" WC="0.85" CC="30"/>
						<SP ID="P3_SP00126" HPOS="326" VPOS="1384" WIDTH="18"/>
						<String ID="P3_ST00159" HPOS="344" VPOS="1351" WIDTH="46" HEIGHT="22" CONTENT="15s" WC="0.93" CC="011"/>
						<SP ID="P3_SP00127" HPOS="390" VPOS="1384" WIDTH="18"/>
						<String ID="P3_ST00160" HPOS="408" VPOS="1349" WIDTH="40" HEIGHT="28" CONTENT="7d," WC="0.94" CC="110"/>
						<SP ID="P3_SP00128" HPOS="448" VPOS="1384" WIDTH="19"/>
						<String ID="P3_ST00161" HPOS="467" VPOS="1348" WIDTH="50" HEIGHT="25" CONTENT="and" WC="0.93" CC="111"/>
						<SP ID="P3_SP00129" HPOS="517" VPOS="1384" WIDTH="20"/>
						<String ID="P3_ST00162" HPOS="537" VPOS="1356" WIDTH="58" HEIGHT="16" CONTENT="con" SUBS_TYPE="HypPart1" SUBS_CONTENT="consenting" WC="0.97" CC="0011"/>
						<HYP CONTENT="-"/>
					</TextLine>
					<TextLine ID="P3_TL00031" HPOS="63" VPOS="1387" WIDTH="532" HEIGHT="37">
						<String ID="P3_ST00163" HPOS="63" VPOS="1393" WIDTH="99" HEIGHT="31" CONTENT="senting" SUBS_TYPE="HypPart2" SUBS_CONTENT="consenting" WC="0.96" CC="1000111"/>
						<SP ID="P3_SP00130" HPOS="162" VPOS="1424" WIDTH="12"/>
						<String ID="P3_ST00164" HPOS="174" VPOS="1393" WIDTH="25" HEIGHT="23" CONTENT="to" WC="1.00" CC="00"/>
						<SP ID="P3_SP00131" HPOS="199" VPOS="1424" WIDTH="13"/>
						<String ID="P3_ST00165" HPOS="212" VPOS="1390" WIDTH="68" HEIGHT="25" CONTENT="hand" WC="0.93" CC="1111"/>
						<SP ID="P3_SP00132" HPOS="280" VPOS="1424" WIDTH="23"/>
						<String ID="P3_ST00166" HPOS="303" VPOS="1398" WIDTH="57" HEIGHT="17" CONTENT="over" WC="1.00" CC="0000"/>
						<SP ID="P3_SP00133" HPOS="360" VPOS="1424" WIDTH="23"/>
						<String ID="P3_ST00167" HPOS="383" VPOS="1391" WIDTH="67" HEIGHT="22" CONTENT="town" WC="0.97" CC="0010"/>
						<SP ID="P3_SP00134" HPOS="450" VPOS="1424" WIDTH="23"/>
						<String ID="P3_ST00168" HPOS="473" VPOS="1387" WIDTH="73" HEIGHT="26" CONTENT="roads" WC="0.98" CC="10001"/>
						<SP ID="P3_SP00135" HPOS="546" VPOS="1424" WIDTH="23"/>
						<String ID="P3_ST00169" HPOS="569" VPOS="1389" WIDTH="26" HEIGHT="23" CONTENT="to" WC="1.00" CC="00"/>
					</TextLine>
					<TextLine ID="P3_TL00032" HPOS="61" VPOS="1428" WIDTH="537" HEIGHT="32">
						<String ID="P3_ST00170" HPOS="61" VPOS="1433" WIDTH="92" HEIGHT="27" CONTENT="Board," WC="0.77" CC="102191"/>
						<SP ID="P3_SP00136" HPOS="153" VPOS="1460" WIDTH="24"/>
						<String ID="P3_ST00171" HPOS="177" VPOS="1431" WIDTH="51" HEIGHT="25" CONTENT="and" WC="0.93" CC="121"/>
						<SP ID="P3_SP00137" HPOS="228" VPOS="1460" WIDTH="28"/>
						<String ID="P3_ST00172" HPOS="256" VPOS="1430" WIDTH="114" HEIGHT="30" CONTENT="advising" WC="0.98" CC="00001101"/>
						<SP ID="P3_SP00138" HPOS="370" VPOS="1460" WIDTH="33"/>
						<String ID="P3_ST00173" HPOS="403" VPOS="1428" WIDTH="133" HEIGHT="25" CONTENT="formation" WC="0.98" CC="100111000"/>
						<SP ID="P3_SP00139" HPOS="536" VPOS="1460" WIDTH="35"/>
						<String ID="P3_ST00174" HPOS="571" VPOS="1428" WIDTH="27" HEIGHT="24" CONTENT="of" WC="1.00" CC="00"/>
					</TextLine>
					<TextLine ID="P3_TL00033" HPOS="61" VPOS="1468" WIDTH="534" HEIGHT="33">
						<String ID="P3_ST00175" HPOS="61" VPOS="1473" WIDTH="78" HEIGHT="24" CONTENT="Town" WC="0.96" CC="1010"/>
						<SP ID="P3_SP00140" HPOS="139" VPOS="1497" WIDTH="12"/>
						<String ID="P3_ST00176" HPOS="151" VPOS="1470" WIDTH="83" HEIGHT="26" CONTENT="Board" WC="0.91" CC="10112"/>
						<SP ID="P3_SP00141" HPOS="234" VPOS="1497" WIDTH="11"/>
						<String ID="P3_ST00177" HPOS="245" VPOS="1472" WIDTH="26" HEIGHT="22" CONTENT="to" WC="1.00" CC="00"/>
						<SP ID="P3_SP00142" HPOS="271" VPOS="1497" WIDTH="12"/>
						<String ID="P3_ST00178" HPOS="283" VPOS="1477" WIDTH="70" HEIGHT="24" CONTENT="carry" WC="0.99" CC="00100"/>
						<SP ID="P3_SP00143" HPOS="353" VPOS="1501" WIDTH="12"/>
						<String ID="P3_ST00179" HPOS="365" VPOS="1469" WIDTH="44" HEIGHT="24" CONTENT="out" WC="0.97" CC="001"/>
						<SP ID="P3_SP00144" HPOS="409" VPOS="1501" WIDTH="12"/>
						<String ID="P3_ST00180" HPOS="421" VPOS="1468" WIDTH="43" HEIGHT="25" CONTENT="the" WC="0.94" CC="012"/>
						<SP ID="P3_SP00145" HPOS="464" VPOS="1501" WIDTH="18"/>
						<String ID="P3_ST00181" HPOS="482" VPOS="1476" WIDTH="113" HEIGHT="23" CONTENT="arrange" SUBS_TYPE="HypPart1" SUBS_CONTENT="arrangement," WC="0.93" CC="01112111"/>
						<HYP CONTENT="-"/>
					</TextLine>
					<TextLine ID="P3_TL00034" HPOS="61" VPOS="1512" WIDTH="78" HEIGHT="26">
						<String ID="P3_ST00182" HPOS="61" VPOS="1512" WIDTH="78" HEIGHT="26" CONTENT="ment," SUBS_TYPE="HypPart2" SUBS_CONTENT="arrangement," WC="0.90" CC="11111"/>
					</TextLine>
					<TextLine ID="P3_TL00035" HPOS="96" VPOS="1547" WIDTH="498" HEIGHT="28">
						<String ID="P3_ST00183" HPOS="96" VPOS="1551" WIDTH="76" HEIGHT="24" CONTENT="From" WC="0.94" CC="0101"/>
						<SP ID="P3_SP00146" HPOS="172" VPOS="1575" WIDTH="12"/>
						<String ID="P3_ST00184" HPOS="184" VPOS="1548" WIDTH="141" HEIGHT="27" CONTENT="Charitable" WC="0.86" CC="0209021001"/>
						<SP ID="P3_SP00147" HPOS="325" VPOS="1575" WIDTH="13"/>
						<String ID="P3_ST00185" HPOS="338" VPOS="1547" WIDTH="47" HEIGHT="25" CONTENT="Aid" WC="0.97" CC="101"/>
						<SP ID="P3_SP00148" HPOS="385" VPOS="1575" WIDTH="12"/>
						<String ID="P3_ST00186" HPOS="397" VPOS="1547" WIDTH="83" HEIGHT="25" CONTENT="Board" WC="0.95" CC="10011"/>
						<SP ID="P3_SP00149" HPOS="480" VPOS="1575" WIDTH="19"/>
						<String ID="P3_ST00187" HPOS="499" VPOS="1547" WIDTH="95" HEIGHT="24" CONTENT="enclos" SUBS_TYPE="HypPart1" SUBS_CONTENT="enclosing" WC="0.95" CC="1001011"/>
						<HYP CONTENT="-"/>
					</TextLine>
					<TextLine ID="P3_TL00036" HPOS="61" VPOS="1586" WIDTH="516" HEIGHT="36">
						<String ID="P3_ST00188" HPOS="61" VPOS="1591" WIDTH="43" HEIGHT="31" CONTENT="ing" SUBS_TYPE="HypPart2" SUBS_CONTENT="enclosing" WC="1.00" CC="000"/>
						<SP ID="P3_SP00150" HPOS="104" VPOS="1622" WIDTH="12"/>
						<String ID="P3_ST00189" HPOS="116" VPOS="1592" WIDTH="87" HEIGHT="23" CONTENT="navies" WC="0.94" CC="001201"/>
						<SP ID="P3_SP00151" HPOS="203" VPOS="1622" WIDTH="13"/>
						<String ID="P3_ST00190" HPOS="216" VPOS="1589" WIDTH="27" HEIGHT="26" CONTENT="of" WC="0.94" CC="01"/>
						<SP ID="P3_SP00152" HPOS="243" VPOS="1622" WIDTH="9"/>
						<String ID="P3_ST00191" HPOS="252" VPOS="1597" WIDTH="101" HEIGHT="24" CONTENT="persons" WC="0.96" CC="1111001"/>
						<SP ID="P3_SP00153" HPOS="353" VPOS="1622" WIDTH="12"/>
						<String ID="P3_ST00192" HPOS="365" VPOS="1587" WIDTH="125" HEIGHT="31" CONTENT="receiving" WC="0.96" CC="110000021"/>
						<SP ID="P3_SP00154" HPOS="490" VPOS="1622" WIDTH="10"/>
						<String ID="P3_ST00193" HPOS="500" VPOS="1586" WIDTH="77" HEIGHT="26" CONTENT="relief." WC="0.97" CC="1110001"/>
					</TextLine>
					<TextLine ID="P3_TL00037" HPOS="96" VPOS="1626" WIDTH="499" HEIGHT="27">
						<String ID="P3_ST00194" HPOS="96" VPOS="1629" WIDTH="40" HEIGHT="24" CONTENT="Mr" WC="0.98" CC="10"/>
						<SP ID="P3_SP00155" HPOS="136" VPOS="1653" WIDTH="14"/>
						<String ID="P3_ST00195" HPOS="150" VPOS="1629" WIDTH="107" HEIGHT="24" CONTENT="Hawker" WC="0.96" CC="101110"/>
						<SP ID="P3_SP00156" HPOS="257" VPOS="1653" WIDTH="10"/>
						<String ID="P3_ST00196" HPOS="267" VPOS="1627" WIDTH="74" HEIGHT="25" CONTENT="asked" WC="0.88" CC="13111"/>
						<SP ID="P3_SP00157" HPOS="341" VPOS="1653" WIDTH="10"/>
						<String ID="P3_ST00197" HPOS="351" VPOS="1627" WIDTH="66" HEIGHT="24" CONTENT="what" WC="0.95" CC="1101"/>
						<SP ID="P3_SP00158" HPOS="417" VPOS="1653" WIDTH="12"/>
						<String ID="P3_ST00198" HPOS="429" VPOS="1634" WIDTH="63" HEIGHT="16" CONTENT="were" WC="0.96" CC="1110"/>
						<SP ID="P3_SP00159" HPOS="492" VPOS="1653" WIDTH="13"/>
						<String ID="P3_ST00199" HPOS="505" VPOS="1626" WIDTH="42" HEIGHT="24" CONTENT="the" WC="0.97" CC="001"/>
						<SP ID="P3_SP00160" HPOS="547" VPOS="1653" WIDTH="12"/>
						<String ID="P3_ST00200" HPOS="559" VPOS="1633" WIDTH="36" HEIGHT="16" CONTENT="es" SUBS_TYPE="HypPart1" SUBS_CONTENT="estimates" WC="0.95" CC="111"/>
						<HYP CONTENT="-"/>
					</TextLine>
					<TextLine ID="P3_TL00038" HPOS="61" VPOS="1663" WIDTH="536" HEIGHT="34">
						<String ID="P3_ST00201" HPOS="61" VPOS="1669" WIDTH="101" HEIGHT="25" CONTENT="timates" SUBS_TYPE="HypPart2" SUBS_CONTENT="estimates" WC="0.98" CC="0000011"/>
						<SP ID="P3_SP00161" HPOS="162" VPOS="1694" WIDTH="9"/>
						<String ID="P3_ST00202" HPOS="171" VPOS="1667" WIDTH="38" HEIGHT="25" CONTENT="for" WC="0.97" CC="110"/>
						<SP ID="P3_SP00162" HPOS="209" VPOS="1694" WIDTH="12"/>
						<String ID="P3_ST00203" HPOS="221" VPOS="1666" WIDTH="113" HEIGHT="31" CONTENT="Cooper's" WC="0.88" CC="00020314"/>
						<SP ID="P3_SP00163" HPOS="334" VPOS="1697" WIDTH="10"/>
						<String ID="P3_ST00204" HPOS="344" VPOS="1664" WIDTH="78" HEIGHT="26" CONTENT="Creek" WC="0.95" CC="11100"/>
						<SP ID="P3_SP00164" HPOS="422" VPOS="1697" WIDTH="12"/>
						<String ID="P3_ST00205" HPOS="434" VPOS="1664" WIDTH="86" HEIGHT="24" CONTENT="Water" WC="0.93" CC="11111"/>
						<SP ID="P3_SP00165" HPOS="520" VPOS="1697" WIDTH="11"/>
						<String ID="P3_ST00206" HPOS="531" VPOS="1663" WIDTH="66" HEIGHT="25" CONTENT="Race" WC="0.96" CC="1100"/>
					</TextLine>
					<TextLine ID="P3_TL00039" HPOS="63" VPOS="1702" WIDTH="534" HEIGHT="37">
						<String ID="P3_ST00207" HPOS="63" VPOS="1707" WIDTH="123" HEIGHT="32" CONTENT="Surveyor" WC="0.95" CC="11100001"/>
						<SP ID="P3_SP00166" HPOS="186" VPOS="1739" WIDTH="9"/>
						<String ID="P3_ST00208" HPOS="195" VPOS="1705" WIDTH="80" HEIGHT="26" CONTENT="stated" WC="0.93" CC="111201"/>
						<SP ID="P3_SP00167" HPOS="275" VPOS="1739" WIDTH="10"/>
						<String ID="P3_ST00209" HPOS="285" VPOS="1705" WIDTH="56" HEIGHT="24" CONTENT="that" WC="0.96" CC="1101"/>
						<SP ID="P3_SP00168" HPOS="341" VPOS="1739" WIDTH="9"/>
						<String ID="P3_ST00210" HPOS="350" VPOS="1703" WIDTH="43" HEIGHT="25" CONTENT="the" WC="0.95" CC="110"/>
						<SP ID="P3_SP00169" HPOS="393" VPOS="1739" WIDTH="9"/>
						<String ID="P3_ST00211" HPOS="402" VPOS="1704" WIDTH="55" HEIGHT="23" CONTENT="first" WC="0.92" CC="12111"/>
						<SP ID="P3_SP00170" HPOS="457" VPOS="1739" WIDTH="9"/>
						<String ID="P3_ST00212" HPOS="466" VPOS="1704" WIDTH="31" HEIGHT="23" CONTENT="45" WC="0.81" CC="13"/>
						<SP ID="P3_SP00171" HPOS="497" VPOS="1739" WIDTH="13"/>
						<String ID="P3_ST00213" HPOS="510" VPOS="1702" WIDTH="87" HEIGHT="25" CONTENT="chains" WC="0.97" CC="011001"/>
					</TextLine>
					<TextLine ID="P3_TL00040" HPOS="61" VPOS="1740" WIDTH="536" HEIGHT="33">
						<String ID="P3_ST00214" HPOS="61" VPOS="1746" WIDTH="28" HEIGHT="24" CONTENT="of" WC="0.94" CC="11"/>
						<SP ID="P3_SP00172" HPOS="89" VPOS="1770" WIDTH="23"/>
						<String ID="P3_ST00215" HPOS="112" VPOS="1746" WIDTH="43" HEIGHT="24" CONTENT="the" WC="0.96" CC="110"/>
						<SP ID="P3_SP00173" HPOS="155" VPOS="1770" WIDTH="34"/>
						<String ID="P3_ST00216" HPOS="189" VPOS="1752" WIDTH="56" HEIGHT="17" CONTENT="race" WC="0.99" CC="0010"/>
						<SP ID="P3_SP00174" HPOS="245" VPOS="1770" WIDTH="33"/>
						<String ID="P3_ST00217" HPOS="278" VPOS="1742" WIDTH="129" HEIGHT="31" CONTENT="including" WC="0.97" CC="000011001"/>
						<SP ID="P3_SP00175" HPOS="407" VPOS="1773" WIDTH="33"/>
						<String ID="P3_ST00218" HPOS="440" VPOS="1740" WIDTH="157" HEIGHT="26" CONTENT="head-works" WC="0.88" CC="4012120220"/>
					</TextLine>
					<TextLine ID="P3_TL00041" HPOS="61" VPOS="1783" WIDTH="334" HEIGHT="27">
						<String ID="P3_ST00219" HPOS="61" VPOS="1785" WIDTH="82" HEIGHT="25" CONTENT="would" WC="0.94" CC="10101"/>
						<SP ID="P3_SP00176" HPOS="143" VPOS="1810" WIDTH="13"/>
						<String ID="P3_ST00220" HPOS="156" VPOS="1786" WIDTH="53" HEIGHT="23" CONTENT="cost" WC="0.97" CC="0011"/>
						<SP ID="P3_SP00177" HPOS="209" VPOS="1810" WIDTH="12"/>
						<String ID="P3_ST00221" HPOS="221" VPOS="1783" WIDTH="75" HEIGHT="25" CONTENT="about" WC="0.97" CC="00011"/>
						<SP ID="P3_SP00178" HPOS="296" VPOS="1810" WIDTH="24"/>
						<String ID="P3_ST00222" HPOS="320" VPOS="1783" WIDTH="75" HEIGHT="24" CONTENT="£104." WC="0.80" CC="50050"/>
					</TextLine>
					<TextLine ID="P3_TL00042" HPOS="96" VPOS="1819" WIDTH="500" HEIGHT="33">
						<String ID="P3_ST00223" HPOS="96" VPOS="1823" WIDTH="93" HEIGHT="25" CONTENT="Oxford" WC="0.94" CC="020011"/>
						<SP ID="P3_SP00179" HPOS="189" VPOS="1848" WIDTH="7"/>
						<String ID="P3_ST00224" HPOS="196" VPOS="1821" WIDTH="88" HEIGHT="26" CONTENT="Pound" WC="0.94" CC="10111"/>
						<SP ID="P3_SP00180" HPOS="284" VPOS="1848" WIDTH="8"/>
						<String ID="P3_ST00225" HPOS="292" VPOS="1821" WIDTH="105" HEIGHT="31" CONTENT="receipts" WC="0.96" CC="10001111"/>
						<SP ID="P3_SP00181" HPOS="397" VPOS="1852" WIDTH="8"/>
						<String ID="P3_ST00226" HPOS="405" VPOS="1821" WIDTH="37" HEIGHT="24" CONTENT="for" WC="0.99" CC="100"/>
						<SP ID="P3_SP00182" HPOS="442" VPOS="1852" WIDTH="10"/>
						<String ID="P3_ST00227" HPOS="452" VPOS="1820" WIDTH="42" HEIGHT="24" CONTENT="the" WC="1.00" CC="000"/>
						<SP ID="P3_SP00183" HPOS="494" VPOS="1852" WIDTH="12"/>
						<String ID="P3_ST00228" HPOS="506" VPOS="1819" WIDTH="90" HEIGHT="25" CONTENT="month" WC="0.98" CC="10000"/>
					</TextLine>
					<TextLine ID="P3_TL00043" HPOS="59" VPOS="1862" WIDTH="137" HEIGHT="33">
						<String ID="P3_ST00229" HPOS="59" VPOS="1870" WIDTH="64" HEIGHT="18" CONTENT="were" WC="0.92" CC="2210"/>
						<SP ID="P3_SP00184" HPOS="123" VPOS="1888" WIDTH="21"/>
						<String ID="P3_ST00230" HPOS="144" VPOS="1862" WIDTH="52" HEIGHT="33" CONTENT="3/6." WC="0.95" CC="1011"/>
					</TextLine>
					<TextLine ID="P3_TL00044" HPOS="94" VPOS="1898" WIDTH="500" HEIGHT="32">
						<String ID="P3_ST00231" HPOS="94" VPOS="1902" WIDTH="53" HEIGHT="25" CONTENT="The" WC="0.96" CC="111"/>
						<SP ID="P3_SP00185" HPOS="147" VPOS="1927" WIDTH="13"/>
						<String ID="P3_ST00232" HPOS="160" VPOS="1901" WIDTH="127" HEIGHT="29" CONTENT="following" WC="0.96" CC="101000102"/>
						<SP ID="P3_SP00186" HPOS="287" VPOS="1930" WIDTH="12"/>
						<String ID="P3_ST00233" HPOS="299" VPOS="1900" WIDTH="119" HEIGHT="24" CONTENT="accounts" WC="0.96" CC="10001001"/>
						<SP ID="P3_SP00187" HPOS="418" VPOS="1930" WIDTH="12"/>
						<String ID="P3_ST00234" HPOS="430" VPOS="1906" WIDTH="62" HEIGHT="17" CONTENT="were" WC="0.99" CC="1000"/>
						<SP ID="P3_SP00188" HPOS="492" VPOS="1930" WIDTH="12"/>
						<String ID="P3_ST00235" HPOS="504" VPOS="1898" WIDTH="90" HEIGHT="30" CONTENT="passed" WC="0.94" CC="111110"/>
					</TextLine>
					<TextLine ID="P3_TL00045" HPOS="61" VPOS="1936" WIDTH="533" HEIGHT="36">
						<String ID="P3_ST00236" HPOS="61" VPOS="1942" WIDTH="38" HEIGHT="24" CONTENT="for" WC="0.96" CC="101"/>
						<SP ID="P3_SP00189" HPOS="99" VPOS="1966" WIDTH="12"/>
						<String ID="P3_ST00237" HPOS="111" VPOS="1940" WIDTH="117" HEIGHT="32" CONTENT="payment" WC="0.94" CC="1111111"/>
						<SP ID="P3_SP00190" HPOS="228" VPOS="1972" WIDTH="12"/>
						<String ID="P3_ST00238" HPOS="240" VPOS="1939" WIDTH="50" HEIGHT="24" CONTENT="and" WC="0.97" CC="001"/>
						<SP ID="P3_SP00191" HPOS="290" VPOS="1972" WIDTH="13"/>
						<String ID="P3_ST00239" HPOS="303" VPOS="1938" WIDTH="41" HEIGHT="24" CONTENT="the" WC="0.96" CC="010"/>
						<SP ID="P3_SP00192" HPOS="344" VPOS="1972" WIDTH="13"/>
						<String ID="P3_ST00240" HPOS="357" VPOS="1937" WIDTH="82" HEIGHT="24" CONTENT="Board" WC="0.95" CC="10111"/>
						<SP ID="P3_SP00193" HPOS="439" VPOS="1972" WIDTH="13"/>
						<String ID="P3_ST00241" HPOS="452" VPOS="1936" WIDTH="142" HEIGHT="31" CONTENT="adjourned." WC="0.97" CC="0000210010"/>
					</TextLine>
					<TextLine ID="P3_TL00046" HPOS="61" VPOS="1975" WIDTH="483" HEIGHT="28">
						<String ID="P3_ST00242" HPOS="61" VPOS="1978" WIDTH="106" HEIGHT="25" CONTENT="General" WC="0.93" CC="3011001"/>
						<SP ID="P3_SP00194" HPOS="167" VPOS="2003" WIDTH="19"/>
						<String ID="P3_ST00243" HPOS="186" VPOS="1978" WIDTH="104" HEIGHT="23" CONTENT="account" WC="0.95" CC="1120111"/>
						<SP ID="P3_SP00195" HPOS="290" VPOS="2003" WIDTH="145"/>
						<String ID="P3_ST00244" HPOS="435" VPOS="1975" WIDTH="54" HEIGHT="23" CONTENT="£48" WC="0.84" CC="410"/>
						<SP ID="P3_SP00196" HPOS="489" VPOS="2003" WIDTH="19"/>
						<String ID="P3_ST00245" HPOS="508" VPOS="1975" WIDTH="36" HEIGHT="23" CONTENT="2s." WC="0.93" CC="111"/>
					</TextLine>
					<TextLine ID="P3_TL00047" HPOS="60" VPOS="2011" WIDTH="536" HEIGHT="36">
						<String ID="P3_ST00246" HPOS="60" VPOS="2015" WIDTH="66" HEIGHT="32" CONTENT="Eyre" WC="0.99" CC="1000"/>
						<SP ID="P3_SP00197" HPOS="126" VPOS="2047" WIDTH="13"/>
						<String ID="P3_ST00247" HPOS="139" VPOS="2015" WIDTH="85" HEIGHT="25" CONTENT="Water" WC="0.97" CC="11000"/>
						<SP ID="P3_SP00198" HPOS="224" VPOS="2047" WIDTH="18"/>
						<String ID="P3_ST00248" HPOS="242" VPOS="2014" WIDTH="111" HEIGHT="24" CONTENT="Account" WC="0.97" CC="1100101"/>
						<SP ID="P3_SP00199" HPOS="353" VPOS="2047" WIDTH="79"/>
						<String ID="P3_ST00249" HPOS="432" VPOS="2014" WIDTH="50" HEIGHT="22" CONTENT="£10" WC="0.86" CC="202"/>
						<SP ID="P3_SP00200" HPOS="482" VPOS="2047" WIDTH="19"/>
						<String ID="P3_ST00250" HPOS="501" VPOS="2014" WIDTH="28" HEIGHT="22" CONTENT="5s" WC="0.80" CC="31"/>
						<SP ID="P3_SP00201" HPOS="529" VPOS="2047" WIDTH="19"/>
						<String ID="P3_ST00251" HPOS="548" VPOS="2011" WIDTH="48" HEIGHT="24" CONTENT="lOd" WC="0.97" CC="001"/>
					</TextLine>
					<TextLine ID="P3_TL00048" HPOS="63" VPOS="2052" WIDTH="506" HEIGHT="33">
						<String ID="P3_ST00252" HPOS="63" VPOS="2057" WIDTH="162" HEIGHT="24" CONTENT="Contractors" WC="0.98" CC="10000100011"/>
						<SP ID="P3_SP00202" HPOS="225" VPOS="2081" WIDTH="12"/>
						<String ID="P3_ST00253" HPOS="237" VPOS="2054" WIDTH="104" HEIGHT="31" CONTENT="Deposit" WC="0.96" CC="2010101"/>
						<SP ID="P3_SP00203" HPOS="341" VPOS="2085" WIDTH="12"/>
						<String ID="P3_ST00254" HPOS="353" VPOS="2061" WIDTH="36" HEIGHT="17" CONTENT="ac." WC="0.94" CC="201"/>
						<SP ID="P3_SP00204" HPOS="389" VPOS="2085" WIDTH="48"/>
						<String ID="P3_ST00255" HPOS="437" VPOS="2054" WIDTH="34" HEIGHT="23" CONTENT="£8" WC="0.91" CC="20"/>
						<SP ID="P3_SP00205" HPOS="471" VPOS="2085" WIDTH="18"/>
						<String ID="P3_ST00256" HPOS="489" VPOS="2054" WIDTH="29" HEIGHT="23" CONTENT="9s" WC="0.87" CC="12"/>
						<SP ID="P3_SP00206" HPOS="518" VPOS="2085" WIDTH="19"/>
						<String ID="P3_ST00257" HPOS="537" VPOS="2052" WIDTH="32" HEIGHT="23" CONTENT="Gd" WC="0.93" CC="11"/>
					</TextLine>
					<TextLine ID="P3_TL00049" HPOS="420" VPOS="2124" WIDTH="175" HEIGHT="27">
						<String ID="P3_ST00258" HPOS="420" VPOS="2125" WIDTH="54" HEIGHT="26" CONTENT="£64" WC="0.88" CC="121"/>
						<SP ID="P3_SP00207" HPOS="474" VPOS="2151" WIDTH="20"/>
						<String ID="P3_ST00259" HPOS="494" VPOS="2127" WIDTH="43" HEIGHT="23" CONTENT="10s" WC="0.93" CC="011"/>
						<SP ID="P3_SP00208" HPOS="537" VPOS="2151" WIDTH="18"/>
						<String ID="P3_ST00260" HPOS="555" VPOS="2124" WIDTH="40" HEIGHT="25" CONTENT="7d." WC="0.97" CC="010"/>
					</TextLine>
				</TextBlock>
				<TextBlock ID="P3_TB00002" HPOS="130" VPOS="2243" WIDTH="398" HEIGHT="35" STYLEREFS="TXT_2 PAR_LEFT">
					<TextLine ID="P3_TL00050" HPOS="130" VPOS="2243" WIDTH="398" HEIGHT="35">
						<String ID="P3_ST00261" HPOS="130" VPOS="2243" WIDTH="398" HEIGHT="35" CONTENT="CORRESPONDENCE." WC="0.88" CC="101305202321011"/>
					</TextLine>
				</TextBlock>
				<TextBlock ID="P3_TB00003" HPOS="59" VPOS="2338" WIDTH="534" HEIGHT="106" STYLEREFS="TXT_3 PAR_LEFT">
					<TextLine ID="P3_TL00051" HPOS="59" VPOS="2338" WIDTH="534" HEIGHT="24">
						<String ID="P3_ST00262" HPOS="59" VPOS="2341" WIDTH="66" HEIGHT="20" CONTENT="While" WC="0.93" CC="10211"/>
						<SP ID="P3_SP00209" HPOS="125" VPOS="2361" WIDTH="11"/>
						<String ID="P3_ST00263" HPOS="136" VPOS="2345" WIDTH="37" HEIGHT="14" CONTENT="our" WC="0.95" CC="101"/>
						<SP ID="P3_SP00210" HPOS="173" VPOS="2361" WIDTH="9"/>
						<String ID="P3_ST00264" HPOS="182" VPOS="2340" WIDTH="90" HEIGHT="19" CONTENT="columns" WC="0.94" CC="1011111"/>
						<SP ID="P3_SP00211" HPOS="272" VPOS="2361" WIDTH="10"/>
						<String ID="P3_ST00265" HPOS="282" VPOS="2343" WIDTH="36" HEIGHT="14" CONTENT="are" WC="0.93" CC="121"/>
						<SP ID="P3_SP00212" HPOS="318" VPOS="2361" WIDTH="6"/>
						<String ID="P3_ST00266" HPOS="324" VPOS="2343" WIDTH="51" HEIGHT="19" CONTENT="open" WC="0.89" CC="0311"/>
						<SP ID="P3_SP00213" HPOS="375" VPOS="2362" WIDTH="10"/>
						<String ID="P3_ST00267" HPOS="385" VPOS="2338" WIDTH="20" HEIGHT="18" CONTENT="to" WC="0.93" CC="20"/>
						<SP ID="P3_SP00214" HPOS="405" VPOS="2362" WIDTH="11"/>
						<String ID="P3_ST00268" HPOS="416" VPOS="2338" WIDTH="31" HEIGHT="18" CONTENT="all" WC="0.96" CC="101"/>
						<SP ID="P3_SP00215" HPOS="447" VPOS="2362" WIDTH="18"/>
						<String ID="P3_ST00269" HPOS="465" VPOS="2342" WIDTH="29" HEIGHT="14" CONTENT="ice" WC="0.85" CC="221"/>
						<SP ID="P3_SP00216" HPOS="494" VPOS="2362" WIDTH="21"/>
						<String ID="P3_ST00270" HPOS="515" VPOS="2338" WIDTH="24" HEIGHT="17" CONTENT="do" WC="0.96" CC="01"/>
						<SP ID="P3_SP00217" HPOS="539" VPOS="2362" WIDTH="21"/>
						<String ID="P3_ST00271" HPOS="560" VPOS="2338" WIDTH="33" HEIGHT="16" CONTENT="not" WC="0.94" CC="111"/>
					</TextLine>
					<TextLine ID="P3_TL00052" HPOS="83" VPOS="2366" WIDTH="510" HEIGHT="31">
						<String ID="P3_ST00272" HPOS="83" VPOS="2372" WIDTH="91" HEIGHT="25" CONTENT="identify" WC="0.94" CC="02110112"/>
						<SP ID="P3_SP00218" HPOS="174" VPOS="2397" WIDTH="6"/>
						<String ID="P3_ST00273" HPOS="180" VPOS="2371" WIDTH="100" HEIGHT="21" CONTENT="ourselves" WC="0.93" CC="111111111"/>
						<SP ID="P3_SP00219" HPOS="280" VPOS="2397" WIDTH="5"/>
						<String ID="P3_ST00274" HPOS="285" VPOS="2376" WIDTH="17" HEIGHT="13" CONTENT="w" WC="0.85" CC="2"/>
						<String ID="P3_ST00275" HPOS="306" VPOS="2370" WIDTH="31" HEIGHT="20" CONTENT="ith" WC="0.93" CC="112"/>
						<SP ID="P3_SP00220" HPOS="337" VPOS="2397" WIDTH="4"/>
						<String ID="P3_ST00276" HPOS="341" VPOS="2375" WIDTH="42" HEIGHT="20" CONTENT="any" WC="0.88" CC="103"/>
						<SP ID="P3_SP00221" HPOS="383" VPOS="2397" WIDTH="5"/>
						<String ID="P3_ST00277" HPOS="388" VPOS="2374" WIDTH="24" HEIGHT="21" CONTENT="op" WC="0.85" CC="03"/>
						<SP ID="P3_SP00222" HPOS="412" VPOS="2397" WIDTH="4"/>
						<String ID="P3_ST00278" HPOS="416" VPOS="2369" WIDTH="68" HEIGHT="19" CONTENT="iniotis" WC="0.93" CC="1111111"/>
						<SP ID="P3_SP00223" HPOS="484" VPOS="2397" WIDTH="5"/>
						<String ID="P3_ST00279" HPOS="489" VPOS="2366" WIDTH="104" HEIGHT="27" CONTENT="expressed" WC="0.88" CC="141011212"/>
					</TextLine>
					<TextLine ID="P3_TL00053" HPOS="59" VPOS="2405" WIDTH="112" HEIGHT="20">
						<String ID="P3_ST00280" HPOS="59" VPOS="2411" WIDTH="16" HEIGHT="14" CONTENT="h." WC="0.50" CC="64" STYLEREFS="TXT_4"/>
						<SP ID="P3_SP00224" HPOS="75" VPOS="2425" WIDTH="9"/>
						<String ID="P3_ST00281" HPOS="84" VPOS="2405" WIDTH="87" HEIGHT="20" CONTENT="therein." WC="0.94" CC="11111011"/>
					</TextLine>
				</TextBlock>
				<TextBlock ID="P3_TB00004" HPOS="60" VPOS="2482" WIDTH="531" HEIGHT="26" STYLEREFS="TXT_0 PAR_LEFT">
					<TextLine ID="P3_TL00054" HPOS="60" VPOS="2482" WIDTH="531" HEIGHT="26">
						<String ID="P3_ST00282" HPOS="60" VPOS="2482" WIDTH="257" HEIGHT="26" CONTENT="FREETHOUGHT" WC="0.86" CC="00004001111"/>
						<SP ID="P3_SP00225" HPOS="317" VPOS="2508" WIDTH="0"/>
						<String ID="P3_ST00283" HPOS="317" VPOS="2482" WIDTH="24" HEIGHT="26" CONTENT="v" WC="0.86" CC="0"/>
						<SP ID="P3_SP00226" HPOS="341" VPOS="2508" WIDTH="7"/>
						<String ID="P3_ST00284" HPOS="348" VPOS="2482" WIDTH="243" HEIGHT="25" CONTENT="CHRISTIANITY" WC="0.97" CC="100011100010"/>
					</TextLine>
				</TextBlock>
				<TextBlock ID="P3_TB00005" HPOS="55" VPOS="2538" WIDTH="539" HEIGHT="1397" STYLEREFS="TXT_0 PAR_LEFT">
					<TextLine ID="P3_TL00055" HPOS="155" VPOS="2538" WIDTH="260" HEIGHT="13">
						<String ID="P3_ST00285" HPOS="155" VPOS="2541" WIDTH="29" HEIGHT="4" CONTENT="—" WC="0.96" CC="1" STYLEREFS="TXT_5"/>
						<SP ID="P3_SP00227" HPOS="184" VPOS="2545" WIDTH="47"/>
						<String ID="P3_ST00286" HPOS="231" VPOS="2540" WIDTH="2" HEIGHT="7" CONTENT="." WC="0.96" CC="1" STYLEREFS="TXT_5"/>
						<SP ID="P3_SP00228" HPOS="233" VPOS="2547" WIDTH="15"/>
						<String ID="P3_ST00287" HPOS="248" VPOS="2538" WIDTH="167" HEIGHT="13" CONTENT='meoeCOOOCW""' WC="0.78" CC="651212111440" STYLEREFS="TXT_5"/>
					</TextLine>
					<TextLine ID="P3_TL00056" HPOS="110" VPOS="2571" WIDTH="433" HEIGHT="31">
						<String ID="P3_ST00288" HPOS="110" VPOS="2575" WIDTH="33" HEIGHT="24" CONTENT="To" WC="0.96" CC="10" STYLEREFS="TXT_6"/>
						<SP ID="P3_SP00229" HPOS="143" VPOS="2599" WIDTH="13"/>
						<String ID="P3_ST00289" HPOS="156" VPOS="2574" WIDTH="36" HEIGHT="24" CONTENT="the" WC="0.99" CC="001" STYLEREFS="TXT_6"/>
						<SP ID="P3_SP00230" HPOS="192" VPOS="2599" WIDTH="17"/>
						<String ID="P3_ST00290" HPOS="209" VPOS="2573" WIDTH="88" HEIGHT="24" CONTENT="Editor" WC="0.94" CC="211101" STYLEREFS="TXT_6"/>
						<SP ID="P3_SP00231" HPOS="297" VPOS="2599" WIDTH="12"/>
						<String ID="P3_ST00291" HPOS="309" VPOS="2574" WIDTH="30" HEIGHT="28" CONTENT="of" WC="0.96" CC="01" STYLEREFS="TXT_6"/>
						<SP ID="P3_SP00232" HPOS="339" VPOS="2602" WIDTH="7"/>
						<String ID="P3_ST00292" HPOS="346" VPOS="2573" WIDTH="36" HEIGHT="23" CONTENT="the" WC="0.94" CC="011" STYLEREFS="TXT_6"/>
						<SP ID="P3_SP00233" HPOS="382" VPOS="2602" WIDTH="13"/>
						<String ID="P3_ST00293" HPOS="395" VPOS="2576" WIDTH="5" HEIGHT="10" CONTENT="'" WC="0.78" CC="2" STYLEREFS="TXT_7"/>
						<SP ID="P3_SP00234" HPOS="400" VPOS="2602" WIDTH="14"/>
						<String ID="P3_ST00294" HPOS="414" VPOS="2571" WIDTH="120" HEIGHT="24" CONTENT="Observer." WC="0.93" CC="011111111" STYLEREFS="TXT_6"/>
						<String ID="P3_ST00295" HPOS="537" VPOS="2572" WIDTH="6" HEIGHT="9" CONTENT="1" WC="0.89" CC="1" STYLEREFS="TXT_6"/>
					</TextLine>
					<TextLine ID="P3_TL00057" HPOS="93" VPOS="2613" WIDTH="500" HEIGHT="34">
						<String ID="P3_ST00296" HPOS="93" VPOS="2618" WIDTH="51" HEIGHT="28" CONTENT="Sir," WC="0.94" CC="0120"/>
						<String ID="P3_ST00297" HPOS="146" VPOS="2632" WIDTH="33" HEIGHT="4" CONTENT="—" WC="1.00" CC="0"/>
						<String ID="P3_ST00298" HPOS="179" VPOS="2616" WIDTH="71" HEIGHT="26" CONTENT="Your" WC="0.84" CC="3022"/>
						<SP ID="P3_SP00235" HPOS="250" VPOS="2646" WIDTH="30"/>
						<String ID="P3_ST00299" HPOS="280" VPOS="2615" WIDTH="191" HEIGHT="32" CONTENT="correspondent" WC="0.92" CC="0022013002001"/>
						<SP ID="P3_SP00236" HPOS="471" VPOS="2647" WIDTH="34"/>
						<String ID="P3_ST00300" HPOS="505" VPOS="2614" WIDTH="30" HEIGHT="24" CONTENT="F." WC="0.91" CC="11"/>
						<SP ID="P3_SP00237" HPOS="535" VPOS="2647" WIDTH="34"/>
						<String ID="P3_ST00301" HPOS="569" VPOS="2613" WIDTH="24" HEIGHT="25" CONTENT="J." WC="0.91" CC="21"/>
					</TextLine>
					<TextLine ID="P3_TL00058" HPOS="59" VPOS="2654" WIDTH="535" HEIGHT="35">
						<String ID="P3_ST00302" HPOS="59" VPOS="2658" WIDTH="85" HEIGHT="31" CONTENT="Quinn" WC="0.95" CC="11011"/>
						<SP ID="P3_SP00238" HPOS="144" VPOS="2689" WIDTH="23"/>
						<String ID="P3_ST00303" HPOS="167" VPOS="2658" WIDTH="66" HEIGHT="27" CONTENT="asks," WC="0.92" CC="01112"/>
						<SP ID="P3_SP00239" HPOS="233" VPOS="2689" WIDTH="24"/>
						<String ID="P3_ST00304" HPOS="257" VPOS="2656" WIDTH="68" HEIGHT="25" CONTENT="what" WC="0.93" CC="1101"/>
						<SP ID="P3_SP00240" HPOS="325" VPOS="2689" WIDTH="27"/>
						<String ID="P3_ST00305" HPOS="352" VPOS="2655" WIDTH="22" HEIGHT="25" CONTENT="is" WC="0.72" CC="24"/>
						<SP ID="P3_SP00241" HPOS="374" VPOS="2689" WIDTH="35"/>
						<String ID="P3_ST00306" HPOS="409" VPOS="2654" WIDTH="163" HEIGHT="31" CONTENT="Christianity" WC="0.93" CC="110030003011"/>
						<SP ID="P3_SP00242" HPOS="572" VPOS="2689" WIDTH="11"/>
						<String ID="P3_ST00307" HPOS="583" VPOS="2654" WIDTH="11" HEIGHT="23" CONTENT="?" WC="0.67" CC="3"/>
					</TextLine>
					<TextLine ID="P3_TL00059" HPOS="59" VPOS="2696" WIDTH="533" HEIGHT="33">
						<String ID="P3_ST00308" HPOS="59" VPOS="2698" WIDTH="49" HEIGHT="26" CONTENT="His" WC="0.99" CC="001"/>
						<SP ID="P3_SP00243" HPOS="108" VPOS="2724" WIDTH="29"/>
						<String ID="P3_ST00309" HPOS="137" VPOS="2696" WIDTH="115" HEIGHT="33" CONTENT="question" WC="0.88" CC="61111000"/>
						<SP ID="P3_SP00244" HPOS="252" VPOS="2729" WIDTH="28"/>
						<String ID="P3_ST00310" HPOS="280" VPOS="2696" WIDTH="113" HEIGHT="25" CONTENT="deserves" WC="0.93" CC="40100101"/>
						<SP ID="P3_SP00245" HPOS="393" VPOS="2729" WIDTH="30"/>
						<String ID="P3_ST00311" HPOS="423" VPOS="2702" WIDTH="31" HEIGHT="17" CONTENT="an" WC="0.96" CC="10"/>
						<SP ID="P3_SP00246" HPOS="454" VPOS="2729" WIDTH="35"/>
						<String ID="P3_ST00312" HPOS="489" VPOS="2701" WIDTH="103" HEIGHT="18" CONTENT="answer." WC="0.94" CC="0112011"/>
					</TextLine>
					<TextLine ID="P3_TL00060" HPOS="58" VPOS="2731" WIDTH="536" HEIGHT="35">
						<String ID="P3_ST00313" HPOS="58" VPOS="2736" WIDTH="165" HEIGHT="30" CONTENT="Christianity" WC="0.95" CC="111000001112"/>
						<SP ID="P3_SP00247" HPOS="223" VPOS="2766" WIDTH="19"/>
						<String ID="P3_ST00314" HPOS="242" VPOS="2742" WIDTH="61" HEIGHT="24" CONTENT="pure" WC="0.97" CC="1110"/>
						<SP ID="P3_SP00248" HPOS="303" VPOS="2766" WIDTH="23"/>
						<String ID="P3_ST00315" HPOS="326" VPOS="2733" WIDTH="50" HEIGHT="25" CONTENT="and" WC="0.97" CC="001"/>
						<SP ID="P3_SP00249" HPOS="376" VPOS="2766" WIDTH="20"/>
						<String ID="P3_ST00316" HPOS="396" VPOS="2732" WIDTH="88" HEIGHT="32" CONTENT="simple" WC="0.94" CC="002101"/>
						<SP ID="P3_SP00250" HPOS="484" VPOS="2766" WIDTH="22"/>
						<String ID="P3_ST00317" HPOS="506" VPOS="2732" WIDTH="22" HEIGHT="25" CONTENT="is" WC="0.93" CC="02"/>
						<SP ID="P3_SP00251" HPOS="528" VPOS="2766" WIDTH="23"/>
						<String ID="P3_ST00318" HPOS="551" VPOS="2731" WIDTH="43" HEIGHT="25" CONTENT="the" WC="0.90" CC="112"/>
					</TextLine>
					<TextLine ID="P3_TL00061" HPOS="57" VPOS="2772" WIDTH="537" HEIGHT="34">
						<String ID="P3_ST00319" HPOS="57" VPOS="2776" WIDTH="118" HEIGHT="30" CONTENT="teaching" WC="0.97" CC="00000011"/>
						<SP ID="P3_SP00252" HPOS="175" VPOS="2806" WIDTH="11"/>
						<String ID="P3_ST00320" HPOS="186" VPOS="2775" WIDTH="28" HEIGHT="25" CONTENT="of" WC="0.96" CC="01"/>
						<SP ID="P3_SP00253" HPOS="214" VPOS="2806" WIDTH="10"/>
						<String ID="P3_ST00321" HPOS="224" VPOS="2774" WIDTH="92" HEIGHT="28" CONTENT="Christ," WC="0.93" CC="1111111"/>
						<SP ID="P3_SP00254" HPOS="316" VPOS="2806" WIDTH="18"/>
						<String ID="P3_ST00322" HPOS="334" VPOS="2773" WIDTH="83" HEIGHT="25" CONTENT="which" WC="0.93" CC="21011"/>
						<SP ID="P3_SP00255" HPOS="417" VPOS="2806" WIDTH="23"/>
						<String ID="P3_ST00323" HPOS="440" VPOS="2773" WIDTH="21" HEIGHT="24" CONTENT="is" WC="0.96" CC="11"/>
						<SP ID="P3_SP00256" HPOS="461" VPOS="2806" WIDTH="21"/>
						<String ID="P3_ST00324" HPOS="482" VPOS="2772" WIDTH="112" HEIGHT="25" CONTENT="summed" WC="0.91" CC="101202"/>
					</TextLine>
					<TextLine ID="P3_TL00062" HPOS="57" VPOS="2811" WIDTH="536" HEIGHT="35">
						<String ID="P3_ST00325" HPOS="57" VPOS="2823" WIDTH="33" HEIGHT="23" CONTENT="up" WC="0.96" CC="11"/>
						<SP ID="P3_SP00257" HPOS="90" VPOS="2846" WIDTH="13"/>
						<String ID="P3_ST00326" HPOS="103" VPOS="2815" WIDTH="27" HEIGHT="24" CONTENT="m" WC="1.00" CC="0"/>
						<SP ID="P3_SP00258" HPOS="130" VPOS="2846" WIDTH="17"/>
						<String ID="P3_ST00327" HPOS="147" VPOS="2814" WIDTH="41" HEIGHT="24" CONTENT="his" WC="1.00" CC="000"/>
						<SP ID="P3_SP00259" HPOS="188" VPOS="2846" WIDTH="22"/>
						<String ID="P3_ST00328" HPOS="210" VPOS="2820" WIDTH="56" HEIGHT="17" CONTENT="own" WC="0.91" CC="021"/>
						<SP ID="P3_SP00260" HPOS="266" VPOS="2846" WIDTH="22"/>
						<String ID="P3_ST00329" HPOS="288" VPOS="2814" WIDTH="123" HEIGHT="29" CONTENT="pregnant" WC="0.93" CC="11111112"/>
						<SP ID="P3_SP00261" HPOS="411" VPOS="2846" WIDTH="23"/>
						<String ID="P3_ST00330" HPOS="434" VPOS="2811" WIDTH="88" HEIGHT="27" CONTENT="words," WC="0.92" CC="102211"/>
						<SP ID="P3_SP00262" HPOS="522" VPOS="2846" WIDTH="21"/>
						<String ID="P3_ST00331" HPOS="543" VPOS="2814" WIDTH="50" HEIGHT="20" CONTENT='"as' WC="0.88" CC="301"/>
					</TextLine>
					<TextLine ID="P3_TL00063" HPOS="58" VPOS="2850" WIDTH="534" HEIGHT="31">
						<String ID="P3_ST00332" HPOS="58" VPOS="2856" WIDTH="46" HEIGHT="25" CONTENT="the" WC="0.94" CC="012"/>
						<SP ID="P3_SP00263" HPOS="104" VPOS="2881" WIDTH="10"/>
						<String ID="P3_ST00333" HPOS="114" VPOS="2855" WIDTH="55" HEIGHT="25" CONTENT="love" WC="0.99" CC="0010"/>
						<SP ID="P3_SP00264" HPOS="169" VPOS="2881" WIDTH="12"/>
						<String ID="P3_ST00334" HPOS="181" VPOS="2853" WIDTH="27" HEIGHT="26" CONTENT="of" WC="1.00" CC="00"/>
						<SP ID="P3_SP00265" HPOS="208" VPOS="2881" WIDTH="10"/>
						<String ID="P3_ST00335" HPOS="218" VPOS="2853" WIDTH="56" HEIGHT="25" CONTENT="God" WC="0.91" CC="201"/>
						<SP ID="P3_SP00266" HPOS="274" VPOS="2881" WIDTH="11"/>
						<String ID="P3_ST00336" HPOS="285" VPOS="2852" WIDTH="61" HEIGHT="25" CONTENT="with" WC="0.90" CC="1112"/>
						<SP ID="P3_SP00267" HPOS="346" VPOS="2881" WIDTH="18"/>
						<String ID="P3_ST00337" HPOS="364" VPOS="2853" WIDTH="34" HEIGHT="24" CONTENT="all" WC="0.96" CC="110"/>
						<SP ID="P3_SP00268" HPOS="398" VPOS="2881" WIDTH="23"/>
						<String ID="P3_ST00338" HPOS="421" VPOS="2853" WIDTH="69" HEIGHT="23" CONTENT="one's" WC="0.93" CC="01012"/>
						<SP ID="P3_SP00269" HPOS="490" VPOS="2881" WIDTH="23"/>
						<String ID="P3_ST00339" HPOS="513" VPOS="2850" WIDTH="79" HEIGHT="30" CONTENT="heart," WC="0.92" CC="111111"/>
					</TextLine>
					<TextLine ID="P3_TL00064" HPOS="59" VPOS="2889" WIDTH="535" HEIGHT="33">
						<String ID="P3_ST00340" HPOS="59" VPOS="2894" WIDTH="51" HEIGHT="25" CONTENT="and" WC="0.94" CC="011"/>
						<SP ID="P3_SP00270" HPOS="110" VPOS="2919" WIDTH="12"/>
						<String ID="P3_ST00341" HPOS="122" VPOS="2894" WIDTH="28" HEIGHT="24" CONTENT="of" WC="0.91" CC="02"/>
						<SP ID="P3_SP00271" HPOS="150" VPOS="2919" WIDTH="20"/>
						<String ID="P3_ST00342" HPOS="170" VPOS="2894" WIDTH="69" HEIGHT="23" CONTENT="one's" WC="0.93" CC="00121"/>
						<SP ID="P3_SP00272" HPOS="239" VPOS="2919" WIDTH="23"/>
						<String ID="P3_ST00343" HPOS="262" VPOS="2891" WIDTH="139" HEIGHT="31" CONTENT="neighbour" WC="0.93" CC="100310021"/>
						<SP ID="P3_SP00273" HPOS="401" VPOS="2922" WIDTH="23"/>
						<String ID="P3_ST00344" HPOS="424" VPOS="2898" WIDTH="28" HEIGHT="17" CONTENT="as" WC="0.93" CC="11"/>
						<SP ID="P3_SP00274" HPOS="452" VPOS="2922" WIDTH="23"/>
						<String ID="P3_ST00345" HPOS="475" VPOS="2889" WIDTH="119" HEIGHT="26" CONTENT='oneself."' WC="0.90" CC="021111014"/>
					</TextLine>
					<TextLine ID="P3_TL00065" HPOS="57" VPOS="2927" WIDTH="537" HEIGHT="30">
						<String ID="P3_ST00346" HPOS="57" VPOS="2933" WIDTH="41" HEIGHT="24" CONTENT="He" WC="1.00" CC="00"/>
						<SP ID="P3_SP00275" HPOS="98" VPOS="2957" WIDTH="12"/>
						<String ID="P3_ST00347" HPOS="110" VPOS="2931" WIDTH="53" HEIGHT="25" CONTENT="told" WC="0.95" CC="1011"/>
						<SP ID="P3_SP00276" HPOS="163" VPOS="2957" WIDTH="12"/>
						<String ID="P3_ST00348" HPOS="175" VPOS="2931" WIDTH="41" HEIGHT="23" CONTENT="his" WC="0.96" CC="101"/>
						<SP ID="P3_SP00277" HPOS="216" VPOS="2957" WIDTH="11"/>
						<String ID="P3_ST00349" HPOS="227" VPOS="2930" WIDTH="101" HEIGHT="24" CONTENT="hearers" WC="0.92" CC="0101041"/>
						<SP ID="P3_SP00278" HPOS="328" VPOS="2957" WIDTH="11"/>
						<String ID="P3_ST00350" HPOS="339" VPOS="2928" WIDTH="57" HEIGHT="24" CONTENT="that" WC="0.98" CC="1001"/>
						<SP ID="P3_SP00279" HPOS="396" VPOS="2957" WIDTH="11"/>
						<String ID="P3_ST00351" HPOS="407" VPOS="2928" WIDTH="34" HEIGHT="24" CONTENT="all" WC="1.00" CC="000"/>
						<SP ID="P3_SP00280" HPOS="441" VPOS="2957" WIDTH="12"/>
						<String ID="P3_ST00352" HPOS="453" VPOS="2928" WIDTH="55" HEIGHT="24" CONTENT="that" WC="0.94" CC="1011"/>
						<SP ID="P3_SP00281" HPOS="508" VPOS="2957" WIDTH="21"/>
						<String ID="P3_ST00353" HPOS="529" VPOS="2927" WIDTH="65" HEIGHT="25" CONTENT="their" WC="0.98" CC="10000"/>
					</TextLine>
					<TextLine ID="P3_TL00066" HPOS="57" VPOS="2967" WIDTH="537" HEIGHT="35">
						<String ID="P3_ST00354" HPOS="57" VPOS="2973" WIDTH="46" HEIGHT="24" CONTENT="law" WC="0.94" CC="111"/>
						<SP ID="P3_SP00282" HPOS="103" VPOS="2997" WIDTH="14"/>
						<String ID="P3_ST00355" HPOS="117" VPOS="2969" WIDTH="123" HEIGHT="33" CONTENT="enjoined," WC="0.93" CC="022001112"/>
						<SP ID="P3_SP00283" HPOS="240" VPOS="3002" WIDTH="14"/>
						<String ID="P3_ST00356" HPOS="254" VPOS="2969" WIDTH="50" HEIGHT="25" CONTENT="and" WC="0.99" CC="010"/>
						<SP ID="P3_SP00284" HPOS="304" VPOS="3002" WIDTH="12"/>
						<String ID="P3_ST00357" HPOS="316" VPOS="2969" WIDTH="56" HEIGHT="25" CONTENT="that" WC="0.99" CC="1000"/>
						<SP ID="P3_SP00285" HPOS="372" VPOS="3002" WIDTH="17"/>
						<String ID="P3_ST00358" HPOS="389" VPOS="2968" WIDTH="65" HEIGHT="25" CONTENT="their" WC="0.96" CC="01111"/>
						<SP ID="P3_SP00286" HPOS="454" VPOS="3002" WIDTH="22"/>
						<String ID="P3_ST00359" HPOS="476" VPOS="2967" WIDTH="118" HEIGHT="32" CONTENT="prophets" WC="0.95" CC="11001101"/>
					</TextLine>
					<TextLine ID="P3_TL00067" HPOS="57" VPOS="3006" WIDTH="537" HEIGHT="35">
						<String ID="P3_ST00360" HPOS="57" VPOS="3009" WIDTH="91" HEIGHT="32" CONTENT="taught" WC="0.98" CC="000110"/>
						<SP ID="P3_SP00287" HPOS="148" VPOS="3041" WIDTH="23"/>
						<String ID="P3_ST00361" HPOS="171" VPOS="3015" WIDTH="51" HEIGHT="19" CONTENT="was" WC="0.84" CC="113"/>
						<SP ID="P3_SP00288" HPOS="222" VPOS="3041" WIDTH="23"/>
						<String ID="P3_ST00362" HPOS="245" VPOS="3006" WIDTH="134" HEIGHT="26" CONTENT="contained" WC="0.91" CC="001250010"/>
						<SP ID="P3_SP00289" HPOS="379" VPOS="3041" WIDTH="21"/>
						<String ID="P3_ST00363" HPOS="400" VPOS="3006" WIDTH="28" HEIGHT="24" CONTENT="m" WC="0.94" CC="1"/>
						<SP ID="P3_SP00290" HPOS="428" VPOS="3041" WIDTH="19"/>
						<String ID="P3_ST00364" HPOS="447" VPOS="3006" WIDTH="70" HEIGHT="24" CONTENT="these" WC="0.98" CC="01010"/>
						<SP ID="P3_SP00291" HPOS="517" VPOS="3041" WIDTH="29"/>
						<String ID="P3_ST00365" HPOS="546" VPOS="3007" WIDTH="48" HEIGHT="23" CONTENT="two" WC="0.97" CC="010"/>
					</TextLine>
					<TextLine ID="P3_TL00068" HPOS="58" VPOS="3044" WIDTH="535" HEIGHT="31">
						<String ID="P3_ST00366" HPOS="58" VPOS="3047" WIDTH="232" HEIGHT="28" CONTENT="Commandments," WC="0.97" CC="1001011100011"/>
						<SP ID="P3_SP00292" HPOS="290" VPOS="3075" WIDTH="20"/>
						<String ID="P3_ST00367" HPOS="310" VPOS="3047" WIDTH="40" HEIGHT="23" CONTENT="22." WC="0.99" CC="001" STYLEREFS="TXT_8"/>
						<SP ID="P3_SP00293" HPOS="350" VPOS="3075" WIDTH="13"/>
						<String ID="P3_ST00368" HPOS="363" VPOS="3044" WIDTH="129" HEIGHT="30" CONTENT="Matthew," WC="0.94" CC="10111112"/>
						<SP ID="P3_SP00294" HPOS="492" VPOS="3075" WIDTH="19"/>
						<String ID="P3_ST00369" HPOS="511" VPOS="3051" WIDTH="82" HEIGHT="17" CONTENT="verses" WC="0.96" CC="101110"/>
					</TextLine>
					<TextLine ID="P3_TL00069" HPOS="56" VPOS="3082" WIDTH="537" HEIGHT="29">
						<String ID="P3_ST00370" HPOS="56" VPOS="3088" WIDTH="31" HEIGHT="23" CONTENT="Si" WC="0.44" CC="73" STYLEREFS="TXT_8"/>
						<SP ID="P3_SP00295" HPOS="87" VPOS="3111" WIDTH="14"/>
						<String ID="P3_ST00371" HPOS="101" VPOS="3089" WIDTH="25" HEIGHT="21" CONTENT="to" WC="1.00" CC="00"/>
						<SP ID="P3_SP00296" HPOS="126" VPOS="3111" WIDTH="13"/>
						<String ID="P3_ST00372" HPOS="139" VPOS="3087" WIDTH="40" HEIGHT="22" CONTENT="40." WC="0.91" CC="201"/>
						<SP ID="P3_SP00297" HPOS="179" VPOS="3111" WIDTH="37"/>
						<String ID="P3_ST00373" HPOS="216" VPOS="3084" WIDTH="54" HEIGHT="24" CONTENT="The" WC="0.95" CC="101"/>
						<SP ID="P3_SP00298" HPOS="270" VPOS="3111" WIDTH="22"/>
						<String ID="P3_ST00374" HPOS="292" VPOS="3084" WIDTH="90" HEIGHT="24" CONTENT="details" WC="0.93" CC="0011004"/>
						<SP ID="P3_SP00299" HPOS="382" VPOS="3111" WIDTH="20"/>
						<String ID="P3_ST00375" HPOS="402" VPOS="3083" WIDTH="27" HEIGHT="24" CONTENT="of" WC="0.89" CC="11"/>
						<SP ID="P3_SP00300" HPOS="429" VPOS="3111" WIDTH="21"/>
						<String ID="P3_ST00376" HPOS="450" VPOS="3082" WIDTH="71" HEIGHT="24" CONTENT="these" WC="0.96" CC="01111"/>
						<SP ID="P3_SP00301" HPOS="521" VPOS="3111" WIDTH="23"/>
						<String ID="P3_ST00377" HPOS="544" VPOS="3083" WIDTH="49" HEIGHT="22" CONTENT="two" WC="0.99" CC="010"/>
					</TextLine>
					<TextLine ID="P3_TL00070" HPOS="56" VPOS="3121" WIDTH="538" HEIGHT="31">
						<String ID="P3_ST00378" HPOS="56" VPOS="3126" WIDTH="231" HEIGHT="26" CONTENT="Commandments," WC="0.93" CC="1001011110113"/>
						<SP ID="P3_SP00302" HPOS="287" VPOS="3152" WIDTH="14"/>
						<String ID="P3_ST00379" HPOS="301" VPOS="3131" WIDTH="45" HEIGHT="17" CONTENT="our" WC="0.99" CC="010"/>
						<SP ID="P3_SP00303" HPOS="346" VPOS="3152" WIDTH="16"/>
						<String ID="P3_ST00380" HPOS="362" VPOS="3123" WIDTH="69" HEIGHT="24" CONTENT="Lord" WC="0.96" CC="1011"/>
						<SP ID="P3_SP00304" HPOS="431" VPOS="3152" WIDTH="21"/>
						<String ID="P3_ST00381" HPOS="452" VPOS="3121" WIDTH="142" HEIGHT="26" CONTENT="illustrated" WC="0.96" CC="01011101000"/>
					</TextLine>
					<TextLine ID="P3_TL00071" HPOS="56" VPOS="3159" WIDTH="537" HEIGHT="38">
						<String ID="P3_ST00382" HPOS="56" VPOS="3166" WIDTH="33" HEIGHT="31" CONTENT="by" WC="0.98" CC="01"/>
						<SP ID="P3_SP00305" HPOS="89" VPOS="3197" WIDTH="12"/>
						<String ID="P3_ST00383" HPOS="101" VPOS="3164" WIDTH="40" HEIGHT="25" CONTENT="his" WC="0.95" CC="101"/>
						<SP ID="P3_SP00306" HPOS="141" VPOS="3197" WIDTH="12"/>
						<String ID="P3_ST00384" HPOS="153" VPOS="3164" WIDTH="42" HEIGHT="24" CONTENT="life" WC="0.99" CC="0010"/>
						<SP ID="P3_SP00307" HPOS="195" VPOS="3197" WIDTH="10"/>
						<String ID="P3_ST00385" HPOS="205" VPOS="3171" WIDTH="5" HEIGHT="21" CONTENT=";" WC="1.00" CC="0"/>
						<SP ID="P3_SP00308" HPOS="210" VPOS="3197" WIDTH="19"/>
						<String ID="P3_ST00386" HPOS="229" VPOS="3162" WIDTH="32" HEIGHT="32" CONTENT="by" WC="0.96" CC="01"/>
						<SP ID="P3_SP00309" HPOS="261" VPOS="3197" WIDTH="12"/>
						<String ID="P3_ST00387" HPOS="273" VPOS="3162" WIDTH="40" HEIGHT="25" CONTENT="his" WC="0.96" CC="001"/>
						<SP ID="P3_SP00310" HPOS="313" VPOS="3197" WIDTH="20"/>
						<String ID="P3_ST00388" HPOS="333" VPOS="3162" WIDTH="131" HEIGHT="28" CONTENT="doctrines," WC="0.95" CC="0001110121"/>
						<SP ID="P3_SP00311" HPOS="464" VPOS="3197" WIDTH="26"/>
						<String ID="P3_ST00389" HPOS="490" VPOS="3161" WIDTH="49" HEIGHT="24" CONTENT="and" WC="0.78" CC="060"/>
						<SP ID="P3_SP00312" HPOS="539" VPOS="3197" WIDTH="23"/>
						<String ID="P3_ST00390" HPOS="562" VPOS="3159" WIDTH="31" HEIGHT="32" CONTENT="by" WC="0.98" CC="01"/>
					</TextLine>
					<TextLine ID="P3_TL00072" HPOS="56" VPOS="3198" WIDTH="537" HEIGHT="36">
						<String ID="P3_ST00391" HPOS="56" VPOS="3204" WIDTH="41" HEIGHT="25" CONTENT="his" WC="0.93" CC="121"/>
						<SP ID="P3_SP00313" HPOS="97" VPOS="3229" WIDTH="11"/>
						<String ID="P3_ST00392" HPOS="108" VPOS="3202" WIDTH="109" HEIGHT="32" CONTENT="parable," WC="0.95" CC="10100011"/>
						<SP ID="P3_SP00314" HPOS="217" VPOS="3234" WIDTH="13"/>
						<String ID="P3_ST00393" HPOS="230" VPOS="3209" WIDTH="48" HEIGHT="16" CONTENT="one" WC="0.97" CC="010"/>
						<SP ID="P3_SP00315" HPOS="278" VPOS="3234" WIDTH="11"/>
						<String ID="P3_ST00394" HPOS="289" VPOS="3201" WIDTH="28" HEIGHT="24" CONTENT="of" WC="0.98" CC="01"/>
						<SP ID="P3_SP00316" HPOS="317" VPOS="3234" WIDTH="8"/>
						<String ID="P3_ST00395" HPOS="325" VPOS="3199" WIDTH="91" HEIGHT="30" CONTENT="which," WC="0.97" CC="000002"/>
						<SP ID="P3_SP00317" HPOS="416" VPOS="3234" WIDTH="19"/>
						<String ID="P3_ST00396" HPOS="435" VPOS="3199" WIDTH="56" HEIGHT="24" CONTENT="that" WC="0.94" CC="1111"/>
						<SP ID="P3_SP00318" HPOS="491" VPOS="3234" WIDTH="12"/>
						<String ID="P3_ST00397" HPOS="503" VPOS="3199" WIDTH="27" HEIGHT="24" CONTENT="of" WC="0.98" CC="01"/>
						<SP ID="P3_SP00319" HPOS="530" VPOS="3234" WIDTH="21"/>
						<String ID="P3_ST00398" HPOS="551" VPOS="3198" WIDTH="42" HEIGHT="24" CONTENT="the" WC="0.99" CC="010"/>
					</TextLine>
					<TextLine ID="P3_TL00073" HPOS="58" VPOS="3238" WIDTH="534" HEIGHT="32">
						<String ID="P3_ST00399" HPOS="58" VPOS="3249" WIDTH="5" HEIGHT="9" CONTENT="1" WC="0.78" CC="2"/>
						<SP ID="P3_SP00320" HPOS="63" VPOS="3258" WIDTH="13"/>
						<String ID="P3_ST00400" HPOS="76" VPOS="3242" WIDTH="72" HEIGHT="25" CONTENT="Good" WC="0.95" CC="1011"/>
						<SP ID="P3_SP00321" HPOS="148" VPOS="3267" WIDTH="24"/>
						<String ID="P3_ST00401" HPOS="172" VPOS="3241" WIDTH="144" HEIGHT="26" CONTENT="Samaritan" WC="0.91" CC="411110111"/>
						<String ID="P3_ST00402" HPOS="325" VPOS="3242" WIDTH="5" HEIGHT="9" CONTENT="'" WC="0.89" CC="1"/>
						<SP ID="P3_SP00322" HPOS="330" VPOS="3267" WIDTH="25"/>
						<String ID="P3_ST00403" HPOS="355" VPOS="3240" WIDTH="46" HEIGHT="23" CONTENT="has" WC="0.96" CC="001"/>
						<SP ID="P3_SP00323" HPOS="401" VPOS="3267" WIDTH="23"/>
						<String ID="P3_ST00404" HPOS="424" VPOS="3238" WIDTH="119" HEIGHT="32" CONTENT="provided" WC="0.97" CC="10010101"/>
						<SP ID="P3_SP00324" HPOS="543" VPOS="3270" WIDTH="34"/>
						<String ID="P3_ST00405" HPOS="577" VPOS="3246" WIDTH="15" HEIGHT="16" CONTENT="a" WC="0.93" CC="1"/>
					</TextLine>
					<TextLine ID="P3_TL00074" HPOS="55" VPOS="3277" WIDTH="536" HEIGHT="39">
						<String ID="P3_ST00406" HPOS="55" VPOS="3282" WIDTH="104" HEIGHT="34" CONTENT="proverb" WC="0.97" CC="1100110"/>
						<SP ID="P3_SP00325" HPOS="159" VPOS="3316" WIDTH="12"/>
						<String ID="P3_ST00407" HPOS="171" VPOS="3281" WIDTH="38" HEIGHT="26" CONTENT="for" WC="0.99" CC="100"/>
						<SP ID="P3_SP00326" HPOS="209" VPOS="3316" WIDTH="8"/>
						<String ID="P3_ST00408" HPOS="217" VPOS="3280" WIDTH="145" HEIGHT="32" CONTENT="expressing" WC="0.96" CC="1100111110"/>
						<SP ID="P3_SP00327" HPOS="362" VPOS="3316" WIDTH="10"/>
						<String ID="P3_ST00409" HPOS="372" VPOS="3279" WIDTH="59" HEIGHT="24" CONTENT="kind" WC="0.94" CC="1121"/>
						<SP ID="P3_SP00328" HPOS="431" VPOS="3316" WIDTH="13"/>
						<String ID="P3_ST00410" HPOS="444" VPOS="3278" WIDTH="49" HEIGHT="25" CONTENT="and" WC="0.97" CC="001"/>
						<SP ID="P3_SP00329" HPOS="493" VPOS="3316" WIDTH="12"/>
						<String ID="P3_ST00411" HPOS="505" VPOS="3277" WIDTH="86" HEIGHT="32" CONTENT="neigh" SUBS_TYPE="HypPart1" SUBS_CONTENT="neighbourly" WC="0.96" CC="110111"/>
						<HYP CONTENT="-"/>
					</TextLine>
					<TextLine ID="P3_TL00075" HPOS="57" VPOS="3318" WIDTH="536" HEIGHT="36">
						<String ID="P3_ST00412" HPOS="57" VPOS="3322" WIDTH="84" HEIGHT="32" CONTENT="bourly" SUBS_TYPE="HypPart2" SUBS_CONTENT="neighbourly" WC="0.95" CC="201101"/>
						<SP ID="P3_SP00330" HPOS="141" VPOS="3354" WIDTH="13"/>
						<String ID="P3_ST00413" HPOS="154" VPOS="3324" WIDTH="53" HEIGHT="22" CONTENT="acts" WC="0.93" CC="1012"/>
						<SP ID="P3_SP00331" HPOS="207" VPOS="3354" WIDTH="12"/>
						<String ID="P3_ST00414" HPOS="219" VPOS="3321" WIDTH="27" HEIGHT="24" CONTENT="of" WC="1.00" CC="00"/>
						<SP ID="P3_SP00332" HPOS="246" VPOS="3354" WIDTH="10"/>
						<String ID="P3_ST00415" HPOS="256" VPOS="3328" WIDTH="49" HEIGHT="24" CONTENT="any" WC="0.97" CC="101"/>
						<SP ID="P3_SP00333" HPOS="305" VPOS="3354" WIDTH="12"/>
						<String ID="P3_ST00416" HPOS="317" VPOS="3328" WIDTH="27" HEIGHT="17" CONTENT="or" WC="0.85" CC="03"/>
						<SP ID="P3_SP00334" HPOS="344" VPOS="3354" WIDTH="11"/>
						<String ID="P3_ST00417" HPOS="355" VPOS="3319" WIDTH="28" HEIGHT="25" CONTENT="of" WC="0.98" CC="01"/>
						<SP ID="P3_SP00335" HPOS="383" VPOS="3354" WIDTH="10"/>
						<String ID="P3_ST00418" HPOS="393" VPOS="3319" WIDTH="33" HEIGHT="24" CONTENT="all" WC="0.96" CC="111"/>
						<SP ID="P3_SP00336" HPOS="426" VPOS="3354" WIDTH="13"/>
						<String ID="P3_ST00419" HPOS="439" VPOS="3319" WIDTH="81" HEIGHT="23" CONTENT="kinds." WC="0.95" CC="101111"/>
						<SP ID="P3_SP00337" HPOS="520" VPOS="3354" WIDTH="19"/>
						<String ID="P3_ST00420" HPOS="539" VPOS="3318" WIDTH="54" HEIGHT="24" CONTENT="The" WC="0.93" CC="120"/>
					</TextLine>
					<TextLine ID="P3_TL00076" HPOS="56" VPOS="3357" WIDTH="537" HEIGHT="32">
						<String ID="P3_ST00421" HPOS="56" VPOS="3363" WIDTH="60" HEIGHT="26" CONTENT="New" WC="1.00" CC="000"/>
						<SP ID="P3_SP00338" HPOS="116" VPOS="3389" WIDTH="23"/>
						<String ID="P3_ST00422" HPOS="139" VPOS="3361" WIDTH="147" HEIGHT="25" CONTENT="Testament" WC="0.93" CC="111111001"/>
						<SP ID="P3_SP00339" HPOS="286" VPOS="3389" WIDTH="25"/>
						<String ID="P3_ST00423" HPOS="311" VPOS="3359" WIDTH="94" HEIGHT="25" CONTENT="writers" WC="0.92" CC="2101112"/>
						<SP ID="P3_SP00340" HPOS="405" VPOS="3389" WIDTH="23"/>
						<String ID="P3_ST00424" HPOS="428" VPOS="3358" WIDTH="98" HEIGHT="25" CONTENT="enforce" WC="0.94" CC="2110101"/>
						<SP ID="P3_SP00341" HPOS="526" VPOS="3389" WIDTH="24"/>
						<String ID="P3_ST00425" HPOS="550" VPOS="3357" WIDTH="43" HEIGHT="25" CONTENT="the" WC="0.88" CC="112"/>
					</TextLine>
					<TextLine ID="P3_TL00077" HPOS="55" VPOS="3396" WIDTH="539" HEIGHT="31">
						<String ID="P3_ST00426" HPOS="55" VPOS="3402" WIDTH="77" HEIGHT="25" CONTENT="above" WC="0.96" CC="11000"/>
						<SP ID="P3_SP00342" HPOS="132" VPOS="3427" WIDTH="21"/>
						<String ID="P3_ST00427" HPOS="153" VPOS="3398" WIDTH="230" HEIGHT="28" CONTENT="Commandments," WC="0.87" CC="1015111511111"/>
						<SP ID="P3_SP00343" HPOS="383" VPOS="3427" WIDTH="26"/>
						<String ID="P3_ST00428" HPOS="409" VPOS="3405" WIDTH="27" HEIGHT="16" CONTENT="as" WC="0.91" CC="11"/>
						<SP ID="P3_SP00344" HPOS="436" VPOS="3427" WIDTH="23"/>
						<String ID="P3_ST00429" HPOS="459" VPOS="3396" WIDTH="44" HEIGHT="24" CONTENT="the" WC="0.91" CC="112"/>
						<SP ID="P3_SP00345" HPOS="503" VPOS="3427" WIDTH="21"/>
						<String ID="P3_ST00430" HPOS="524" VPOS="3404" WIDTH="70" HEIGHT="23" CONTENT="prac" SUBS_TYPE="HypPart1" SUBS_CONTENT="practical" WC="0.93" CC="11110"/>
						<HYP CONTENT="-"/>
					</TextLine>
					<TextLine ID="P3_TL00078" HPOS="56" VPOS="3436" WIDTH="537" HEIGHT="36">
						<String ID="P3_ST00431" HPOS="56" VPOS="3443" WIDTH="58" HEIGHT="24" CONTENT="tical" SUBS_TYPE="HypPart2" SUBS_CONTENT="practical" WC="0.98" CC="01011"/>
						<SP ID="P3_SP00346" HPOS="114" VPOS="3467" WIDTH="23"/>
						<String ID="P3_ST00432" HPOS="137" VPOS="3442" WIDTH="56" HEIGHT="30" CONTENT="part" WC="0.91" CC="1211"/>
						<SP ID="P3_SP00347" HPOS="193" VPOS="3472" WIDTH="21"/>
						<String ID="P3_ST00433" HPOS="214" VPOS="3439" WIDTH="26" HEIGHT="24" CONTENT="of" WC="0.98" CC="01"/>
						<SP ID="P3_SP00348" HPOS="240" VPOS="3472" WIDTH="23"/>
						<String ID="P3_ST00434" HPOS="263" VPOS="3438" WIDTH="106" HEIGHT="25" CONTENT="Christ's" WC="0.95" CC="11101111"/>
						<SP ID="P3_SP00349" HPOS="369" VPOS="3472" WIDTH="24"/>
						<String ID="P3_ST00435" HPOS="393" VPOS="3436" WIDTH="132" HEIGHT="32" CONTENT="teaching;" WC="0.94" CC="111010211"/>
						<SP ID="P3_SP00350" HPOS="525" VPOS="3472" WIDTH="38"/>
						<String ID="P3_ST00436" HPOS="563" VPOS="3436" WIDTH="30" HEIGHT="25" CONTENT="St" WC="0.94" CC="10"/>
					</TextLine>
					<TextLine ID="P3_TL00079" HPOS="55" VPOS="3474" WIDTH="538" HEIGHT="35">
						<String ID="P3_ST00437" HPOS="55" VPOS="3480" WIDTH="64" HEIGHT="24" CONTENT="Paul" WC="0.94" CC="1011"/>
						<SP ID="P3_SP00351" HPOS="119" VPOS="3504" WIDTH="14"/>
						<String ID="P3_ST00438" HPOS="133" VPOS="3486" WIDTH="57" HEIGHT="23" CONTENT="says" WC="0.84" CC="1132"/>
						<SP ID="P3_SP00352" HPOS="190" VPOS="3509" WIDTH="17"/>
						<String ID="P3_ST00439" HPOS="207" VPOS="3477" WIDTH="56" HEIGHT="24" CONTENT="that" WC="0.93" CC="0121"/>
						<SP ID="P3_SP00353" HPOS="263" VPOS="3509" WIDTH="23"/>
						<String ID="P3_ST00440" HPOS="286" VPOS="3477" WIDTH="26" HEIGHT="24" CONTENT="of" WC="0.96" CC="01"/>
						<SP ID="P3_SP00354" HPOS="312" VPOS="3509" WIDTH="22"/>
						<String ID="P3_ST00441" HPOS="334" VPOS="3479" WIDTH="15" HEIGHT="11" CONTENT='"' WC="0.93" CC="1"/>
						<SP ID="P3_SP00355" HPOS="349" VPOS="3509" WIDTH="11"/>
						<String ID="P3_ST00442" HPOS="360" VPOS="3476" WIDTH="71" HEIGHT="27" CONTENT="faith," WC="0.92" CC="110111"/>
						<SP ID="P3_SP00356" HPOS="431" VPOS="3509" WIDTH="25"/>
						<String ID="P3_ST00443" HPOS="456" VPOS="3475" WIDTH="64" HEIGHT="30" CONTENT="hope" WC="0.97" CC="0010"/>
						<SP ID="P3_SP00357" HPOS="520" VPOS="3509" WIDTH="23"/>
						<String ID="P3_ST00444" HPOS="543" VPOS="3474" WIDTH="50" HEIGHT="24" CONTENT="and" WC="0.99" CC="001"/>
					</TextLine>
					<TextLine ID="P3_TL00080" HPOS="55" VPOS="3512" WIDTH="538" HEIGHT="35">
						<String ID="P3_ST00445" HPOS="55" VPOS="3519" WIDTH="62" HEIGHT="28" CONTENT="love," WC="0.96" CC="00011"/>
						<SP ID="P3_SP00358" HPOS="117" VPOS="3547" WIDTH="13"/>
						<String ID="P3_ST00446" HPOS="130" VPOS="3517" WIDTH="55" HEIGHT="25" CONTENT="love" WC="0.97" CC="1001"/>
						<SP ID="P3_SP00359" HPOS="185" VPOS="3547" WIDTH="12"/>
						<String ID="P3_ST00447" HPOS="197" VPOS="3515" WIDTH="22" HEIGHT="25" CONTENT="is" WC="0.93" CC="02"/>
						<SP ID="P3_SP00360" HPOS="219" VPOS="3547" WIDTH="12"/>
						<String ID="P3_ST00448" HPOS="231" VPOS="3515" WIDTH="43" HEIGHT="24" CONTENT="the" WC="0.96" CC="100"/>
						<SP ID="P3_SP00361" HPOS="274" VPOS="3547" WIDTH="23"/>
						<String ID="P3_ST00449" HPOS="297" VPOS="3514" WIDTH="134" HEIGHT="32" CONTENT="greatest.'&#34;" WC="0.89" CC="11211121112"/>
						<SP ID="P3_SP00362" HPOS="431" VPOS="3547" WIDTH="39"/>
						<String ID="P3_ST00450" HPOS="470" VPOS="3512" WIDTH="29" HEIGHT="25" CONTENT="St" WC="0.89" CC="11"/>
						<SP ID="P3_SP00363" HPOS="499" VPOS="3547" WIDTH="20"/>
						<String ID="P3_ST00451" HPOS="519" VPOS="3512" WIDTH="74" HEIGHT="24" CONTENT="Peter" WC="0.93" CC="21011"/>
					</TextLine>
					<TextLine ID="P3_TL00081" HPOS="55" VPOS="3552" WIDTH="536" HEIGHT="37">
						<String ID="P3_ST00452" HPOS="55" VPOS="3558" WIDTH="89" HEIGHT="31" CONTENT="writes," WC="0.79" CC="1101921"/>
						<SP ID="P3_SP00364" HPOS="144" VPOS="3589" WIDTH="21"/>
						<String ID="P3_ST00453" HPOS="165" VPOS="3556" WIDTH="108" HEIGHT="25" CONTENT='"Above' WC="0.96" CC="111002"/>
						<SP ID="P3_SP00365" HPOS="273" VPOS="3589" WIDTH="23"/>
						<String ID="P3_ST00454" HPOS="296" VPOS="3554" WIDTH="34" HEIGHT="25" CONTENT="all" WC="0.96" CC="100"/>
						<SP ID="P3_SP00366" HPOS="330" VPOS="3589" WIDTH="21"/>
						<String ID="P3_ST00455" HPOS="351" VPOS="3554" WIDTH="84" HEIGHT="31" CONTENT="things" WC="0.94" CC="101121"/>
						<SP ID="P3_SP00367" HPOS="435" VPOS="3589" WIDTH="24"/>
						<String ID="P3_ST00456" HPOS="459" VPOS="3553" WIDTH="63" HEIGHT="25" CONTENT="have" WC="0.96" CC="1101"/>
						<SP ID="P3_SP00368" HPOS="522" VPOS="3589" WIDTH="24"/>
						<String ID="P3_ST00457" HPOS="546" VPOS="3552" WIDTH="45" HEIGHT="25" CONTENT="fer" SUBS_TYPE="HypPart1" SUBS_CONTENT="fervent" WC="0.90" CC="1111"/>
						<HYP CONTENT="-"/>
					</TextLine>
					<TextLine ID="P3_TL00082" HPOS="57" VPOS="3593" WIDTH="536" HEIGHT="34">
						<String ID="P3_ST00458" HPOS="57" VPOS="3601" WIDTH="59" HEIGHT="23" CONTENT="vent" SUBS_TYPE="HypPart2" SUBS_CONTENT="fervent" WC="0.94" CC="1111"/>
						<SP ID="P3_SP00369" HPOS="116" VPOS="3624" WIDTH="23"/>
						<String ID="P3_ST00459" HPOS="139" VPOS="3599" WIDTH="56" HEIGHT="24" CONTENT="love" WC="0.92" CC="2011"/>
						<SP ID="P3_SP00370" HPOS="195" VPOS="3624" WIDTH="22"/>
						<String ID="P3_ST00460" HPOS="217" VPOS="3597" WIDTH="117" HEIGHT="30" CONTENT="amongst" WC="0.93" CC="1101111"/>
						<SP ID="P3_SP00371" HPOS="334" VPOS="3627" WIDTH="23"/>
						<String ID="P3_ST00461" HPOS="357" VPOS="3594" WIDTH="166" HEIGHT="32" CONTENT='yourselves,"' WC="0.94" CC="101121111101"/>
						<SP ID="P3_SP00372" HPOS="523" VPOS="3627" WIDTH="20"/>
						<String ID="P3_ST00462" HPOS="543" VPOS="3593" WIDTH="50" HEIGHT="25" CONTENT="and" WC="0.96" CC="110"/>
					</TextLine>
					<TextLine ID="P3_TL00083" HPOS="58" VPOS="3632" WIDTH="532" HEIGHT="32">
						<String ID="P3_ST00463" HPOS="58" VPOS="3639" WIDTH="30" HEIGHT="25" CONTENT="St" WC="0.72" CC="41"/>
						<SP ID="P3_SP00373" HPOS="88" VPOS="3664" WIDTH="29"/>
						<String ID="P3_ST00464" HPOS="117" VPOS="3637" WIDTH="68" HEIGHT="25" CONTENT="John" WC="0.94" CC="1111"/>
						<SP ID="P3_SP00374" HPOS="185" VPOS="3664" WIDTH="29"/>
						<String ID="P3_ST00465" HPOS="214" VPOS="3636" WIDTH="92" HEIGHT="27" CONTENT="writes," WC="0.93" CC="1111011"/>
						<SP ID="P3_SP00375" HPOS="306" VPOS="3664" WIDTH="20"/>
						<String ID="P3_ST00466" HPOS="326" VPOS="3639" WIDTH="15" HEIGHT="9" CONTENT='"' WC="0.93" CC="1"/>
						<SP ID="P3_SP00376" HPOS="341" VPOS="3664" WIDTH="12"/>
						<String ID="P3_ST00467" HPOS="353" VPOS="3634" WIDTH="62" HEIGHT="24" CONTENT="This" WC="0.95" CC="1101"/>
						<SP ID="P3_SP00377" HPOS="415" VPOS="3664" WIDTH="26"/>
						<String ID="P3_ST00468" HPOS="441" VPOS="3632" WIDTH="149" HEIGHT="26" CONTENT="Command" SUBS_TYPE="HypPart1" SUBS_CONTENT="Commandment" WC="0.92" CC="11210110"/>
						<HYP CONTENT="-"/>
					</TextLine>
					<TextLine ID="P3_TL00084" HPOS="57" VPOS="3670" WIDTH="534" HEIGHT="32">
						<String ID="P3_ST00469" HPOS="57" VPOS="3677" WIDTH="70" HEIGHT="25" CONTENT="ment" SUBS_TYPE="HypPart2" SUBS_CONTENT="Commandment" WC="0.88" CC="2111"/>
						<SP ID="P3_SP00378" HPOS="127" VPOS="3702" WIDTH="12"/>
						<String ID="P3_ST00470" HPOS="139" VPOS="3676" WIDTH="64" HEIGHT="23" CONTENT="have" WC="0.96" CC="1100"/>
						<SP ID="P3_SP00379" HPOS="203" VPOS="3702" WIDTH="12"/>
						<String ID="P3_ST00471" HPOS="215" VPOS="3682" WIDTH="36" HEIGHT="16" CONTENT="we" WC="0.67" CC="15"/>
						<SP ID="P3_SP00380" HPOS="251" VPOS="3702" WIDTH="10"/>
						<String ID="P3_ST00472" HPOS="261" VPOS="3674" WIDTH="62" HEIGHT="23" CONTENT="from" WC="0.92" CC="2101"/>
						<SP ID="P3_SP00381" HPOS="323" VPOS="3702" WIDTH="13"/>
						<String ID="P3_ST00473" HPOS="336" VPOS="3672" WIDTH="77" HEIGHT="27" CONTENT="them," WC="0.95" CC="10111"/>
						<SP ID="P3_SP00382" HPOS="413" VPOS="3702" WIDTH="11"/>
						<String ID="P3_ST00474" HPOS="424" VPOS="3672" WIDTH="56" HEIGHT="23" CONTENT="that" WC="0.91" CC="0122"/>
						<SP ID="P3_SP00383" HPOS="480" VPOS="3702" WIDTH="12"/>
						<String ID="P3_ST00475" HPOS="492" VPOS="3671" WIDTH="32" HEIGHT="24" CONTENT="he" WC="0.94" CC="11"/>
						<SP ID="P3_SP00384" HPOS="524" VPOS="3702" WIDTH="13"/>
						<String ID="P3_ST00476" HPOS="537" VPOS="3670" WIDTH="54" HEIGHT="24" CONTENT="who" WC="0.94" CC="210"/>
					</TextLine>
					<TextLine ID="P3_TL00085" HPOS="56" VPOS="3709" WIDTH="485" HEIGHT="33">
						<String ID="P3_ST00477" HPOS="56" VPOS="3714" WIDTH="85" HEIGHT="28" CONTENT="loveth" WC="0.93" CC="100030"/>
						<SP ID="P3_SP00385" HPOS="141" VPOS="3742" WIDTH="14"/>
						<String ID="P3_ST00478" HPOS="155" VPOS="3712" WIDTH="62" HEIGHT="30" CONTENT="God," WC="0.94" CC="1011"/>
						<SP ID="P3_SP00386" HPOS="217" VPOS="3742" WIDTH="13"/>
						<String ID="P3_ST00479" HPOS="230" VPOS="3712" WIDTH="55" HEIGHT="24" CONTENT="love" WC="0.98" CC="0001"/>
						<SP ID="P3_SP00387" HPOS="285" VPOS="3742" WIDTH="12"/>
						<String ID="P3_ST00480" HPOS="297" VPOS="3710" WIDTH="37" HEIGHT="25" CONTENT="his" WC="0.62" CC="119"/>
						<SP ID="P3_SP00388" HPOS="334" VPOS="3742" WIDTH="17"/>
						<String ID="P3_ST00481" HPOS="351" VPOS="3709" WIDTH="99" HEIGHT="26" CONTENT="brother" WC="0.88" CC="1111141"/>
						<SP ID="P3_SP00389" HPOS="450" VPOS="3742" WIDTH="13"/>
						<String ID="P3_ST00482" HPOS="463" VPOS="3709" WIDTH="78" HEIGHT="25" CONTENT='also."' WC="0.90" CC="115000"/>
					</TextLine>
					<TextLine ID="P3_TL00086" HPOS="90" VPOS="3749" WIDTH="502" HEIGHT="33">
						<String ID="P3_ST00483" HPOS="90" VPOS="3754" WIDTH="61" HEIGHT="24" CONTENT="This" WC="0.99" CC="0001"/>
						<SP ID="P3_SP00390" HPOS="151" VPOS="3778" WIDTH="13"/>
						<String ID="P3_ST00484" HPOS="164" VPOS="3759" WIDTH="96" HEIGHT="18" CONTENT="answer" WC="0.95" CC="111110"/>
						<SP ID="P3_SP00391" HPOS="260" VPOS="3778" WIDTH="10"/>
						<String ID="P3_ST00485" HPOS="270" VPOS="3753" WIDTH="25" HEIGHT="23" CONTENT="to" WC="0.98" CC="10"/>
						<SP ID="P3_SP00392" HPOS="295" VPOS="3778" WIDTH="12"/>
						<String ID="P3_ST00486" HPOS="307" VPOS="3759" WIDTH="62" HEIGHT="23" CONTENT="your" WC="0.96" CC="1001"/>
						<SP ID="P3_SP00393" HPOS="369" VPOS="3782" WIDTH="9"/>
						<String ID="P3_ST00487" HPOS="378" VPOS="3749" WIDTH="214" HEIGHT="31" CONTENT="correspondent's" WC="0.95" CC="001111000111111"/>
					</TextLine>
					<TextLine ID="P3_TL00087" HPOS="55" VPOS="3788" WIDTH="539" HEIGHT="40">
						<String ID="P3_ST00488" HPOS="55" VPOS="3794" WIDTH="114" HEIGHT="34" CONTENT="question" WC="0.86" CC="90100101"/>
						<SP ID="P3_SP00394" HPOS="169" VPOS="3828" WIDTH="12"/>
						<String ID="P3_ST00489" HPOS="181" VPOS="3795" WIDTH="21" HEIGHT="22" CONTENT="is" WC="0.80" CC="04"/>
						<SP ID="P3_SP00395" HPOS="202" VPOS="3828" WIDTH="12"/>
						<String ID="P3_ST00490" HPOS="214" VPOS="3792" WIDTH="73" HEIGHT="32" CONTENT="given" WC="0.94" CC="11111"/>
						<SP ID="P3_SP00396" HPOS="287" VPOS="3828" WIDTH="13"/>
						<String ID="P3_ST00491" HPOS="300" VPOS="3790" WIDTH="27" HEIGHT="25" CONTENT="m" WC="0.93" CC="0"/>
						<SP ID="P3_SP00397" HPOS="327" VPOS="3828" WIDTH="14"/>
						<String ID="P3_ST00492" HPOS="341" VPOS="3790" WIDTH="42" HEIGHT="26" CONTENT="the" WC="0.89" CC="211"/>
						<SP ID="P3_SP00398" HPOS="383" VPOS="3828" WIDTH="14"/>
						<String ID="P3_ST00493" HPOS="397" VPOS="3798" WIDTH="57" HEIGHT="22" CONTENT="veiy" WC="0.96" CC="0011"/>
						<SP ID="P3_SP00399" HPOS="454" VPOS="3828" WIDTH="13"/>
						<String ID="P3_ST00494" HPOS="467" VPOS="3789" WIDTH="80" HEIGHT="24" CONTENT="words" WC="0.93" CC="10121"/>
						<SP ID="P3_SP00400" HPOS="547" VPOS="3828" WIDTH="21"/>
						<String ID="P3_ST00495" HPOS="568" VPOS="3788" WIDTH="26" HEIGHT="25" CONTENT="of" WC="0.94" CC="11"/>
					</TextLine>
					<TextLine ID="P3_TL00088" HPOS="55" VPOS="3827" WIDTH="536" HEIGHT="36">
						<String ID="P3_ST00496" HPOS="55" VPOS="3834" WIDTH="41" HEIGHT="24" CONTENT="the" WC="0.96" CC="011"/>
						<SP ID="P3_SP00401" HPOS="96" VPOS="3858" WIDTH="13"/>
						<String ID="P3_ST00497" HPOS="109" VPOS="3832" WIDTH="62" HEIGHT="25" CONTENT="New" WC="0.80" CC="511"/>
						<SP ID="P3_SP00402" HPOS="171" VPOS="3858" WIDTH="13"/>
						<String ID="P3_ST00498" HPOS="184" VPOS="3830" WIDTH="146" HEIGHT="25" CONTENT="Testament" WC="0.84" CC="151221112"/>
						<SP ID="P3_SP00403" HPOS="330" VPOS="3858" WIDTH="18"/>
						<String ID="P3_ST00499" HPOS="348" VPOS="3828" WIDTH="104" HEIGHT="35" CONTENT="writers," WC="0.77" CC="13111129"/>
						<SP ID="P3_SP00404" HPOS="452" VPOS="3863" WIDTH="14"/>
						<String ID="P3_ST00500" HPOS="466" VPOS="3827" WIDTH="51" HEIGHT="24" CONTENT="and" WC="0.90" CC="121"/>
						<SP ID="P3_SP00405" HPOS="517" VPOS="3863" WIDTH="24"/>
						<String ID="P3_ST00501" HPOS="541" VPOS="3827" WIDTH="50" HEIGHT="24" CONTENT="this" WC="0.91" CC="1012"/>
					</TextLine>
					<TextLine ID="P3_TL00089" HPOS="57" VPOS="3865" WIDTH="537" HEIGHT="38">
						<String ID="P3_ST00502" HPOS="57" VPOS="3872" WIDTH="74" HEIGHT="31" CONTENT="being" WC="0.97" CC="00011"/>
						<SP ID="P3_SP00406" HPOS="131" VPOS="3903" WIDTH="13"/>
						<String ID="P3_ST00503" HPOS="144" VPOS="3879" WIDTH="34" HEIGHT="20" CONTENT="so," WC="0.96" CC="101"/>
						<SP ID="P3_SP00407" HPOS="178" VPOS="3903" WIDTH="14"/>
						<String ID="P3_ST00504" HPOS="192" VPOS="3869" WIDTH="41" HEIGHT="24" CONTENT="his" WC="0.97" CC="001"/>
						<SP ID="P3_SP00408" HPOS="233" VPOS="3903" WIDTH="13"/>
						<String ID="P3_ST00505" HPOS="246" VPOS="3869" WIDTH="135" HEIGHT="23" CONTENT="statement" WC="0.84" CC="110191111"/>
						<SP ID="P3_SP00409" HPOS="381" VPOS="3903" WIDTH="14"/>
						<String ID="P3_ST00506" HPOS="395" VPOS="3867" WIDTH="54" HEIGHT="24" CONTENT="that" WC="0.93" CC="1111"/>
						<SP ID="P3_SP00410" HPOS="449" VPOS="3903" WIDTH="14"/>
						<String ID="P3_ST00507" HPOS="463" VPOS="3869" WIDTH="14" HEIGHT="11" CONTENT='"' WC="0.74" CC="3"/>
						<SP ID="P3_SP00411" HPOS="477" VPOS="3903" WIDTH="10"/>
						<String ID="P3_ST00508" HPOS="487" VPOS="3865" WIDTH="69" HEIGHT="25" CONTENT="there" WC="0.93" CC="02111"/>
						<SP ID="P3_SP00412" HPOS="556" VPOS="3903" WIDTH="18"/>
						<String ID="P3_ST00509" HPOS="574" VPOS="3865" WIDTH="20" HEIGHT="25" CONTENT="is" WC="0.94" CC="10"/>
					</TextLine>
					<TextLine ID="P3_TL00090" HPOS="55" VPOS="3904" WIDTH="538" HEIGHT="31">
						<String ID="P3_ST00510" HPOS="55" VPOS="3912" WIDTH="47" HEIGHT="23" CONTENT="less" WC="0.93" CC="0211"/>
						<SP ID="P3_SP00413" HPOS="102" VPOS="3935" WIDTH="13"/>
						<String ID="P3_ST00511" HPOS="115" VPOS="3911" WIDTH="27" HEIGHT="24" CONTENT="of" WC="0.96" CC="01"/>
						<SP ID="P3_SP00414" HPOS="142" VPOS="3935" WIDTH="10"/>
						<String ID="P3_ST00512" HPOS="152" VPOS="3907" WIDTH="165" HEIGHT="28" CONTENT="Christianity" WC="0.94" CC="111111011110"/>
						<SP ID="P3_SP00415" HPOS="317" VPOS="3935" WIDTH="19"/>
						<String ID="P3_ST00513" HPOS="336" VPOS="3914" WIDTH="43" HEIGHT="21" CONTENT="per" WC="0.72" CC="612" STYLEREFS="TXT_8"/>
						<SP ID="P3_SP00416" HPOS="379" VPOS="3935" WIDTH="18"/>
						<String ID="P3_ST00514" HPOS="397" VPOS="3914" WIDTH="32" HEIGHT="21" CONTENT="se," WC="0.86" CC="122" STYLEREFS="TXT_8"/>
						<SP ID="P3_SP00417" HPOS="429" VPOS="3935" WIDTH="25"/>
						<String ID="P3_ST00515" HPOS="454" VPOS="3904" WIDTH="80" HEIGHT="26" CONTENT="worth" WC="0.93" CC="11111"/>
						<SP ID="P3_SP00418" HPOS="534" VPOS="3935" WIDTH="23"/>
						<String ID="P3_ST00516" HPOS="557" VPOS="3912" WIDTH="36" HEIGHT="17" CONTENT="re" SUBS_TYPE="HypPart1" SUBS_CONTENT="retiming," WC="0.95" CC="111"/>
						<HYP CONTENT="-"/>
					</TextLine>
				</TextBlock>
				<TextBlock ID="P3_TB00006" HPOS="681" VPOS="208" WIDTH="548" HEIGHT="1815" STYLEREFS="TXT_0 PAR_BLOCK">
					<TextLine ID="P3_TL00091" HPOS="691" VPOS="213" WIDTH="534" HEIGHT="31">
						<String ID="P3_ST00517" HPOS="691" VPOS="215" WIDTH="104" HEIGHT="28" CONTENT="timing," SUBS_TYPE="HypPart2" SUBS_CONTENT="retiming," WC="0.81" CC="1631121"/>
						<SP ID="P3_SP00419" HPOS="795" VPOS="243" WIDTH="23"/>
						<String ID="P3_ST00518" HPOS="818" VPOS="213" WIDTH="60" HEIGHT="25" CONTENT="Limn" WC="0.57" CC="6091"/>
						<SP ID="P3_SP00420" HPOS="878" VPOS="243" WIDTH="22"/>
						<String ID="P3_ST00519" HPOS="900" VPOS="216" WIDTH="69" HEIGHT="23" CONTENT="tlvu-e" WC="0.86" CC="122221"/>
						<SP ID="P3_SP00421" HPOS="969" VPOS="243" WIDTH="23"/>
						<String ID="P3_ST00520" HPOS="992" VPOS="216" WIDTH="20" HEIGHT="24" CONTENT="is" WC="0.93" CC="02"/>
						<SP ID="P3_SP00422" HPOS="1012" VPOS="243" WIDTH="23"/>
						<String ID="P3_ST00521" HPOS="1035" VPOS="216" WIDTH="26" HEIGHT="23" CONTENT="of" WC="0.98" CC="01"/>
						<SP ID="P3_SP00423" HPOS="1061" VPOS="243" WIDTH="21"/>
						<String ID="P3_ST00522" HPOS="1082" VPOS="222" WIDTH="49" HEIGHT="22" CONTENT="any" WC="0.78" CC="421"/>
						<SP ID="P3_SP00424" HPOS="1131" VPOS="244" WIDTH="22"/>
						<String ID="P3_ST00523" HPOS="1153" VPOS="213" WIDTH="72" HEIGHT="24" CONTENT="other" WC="0.94" CC="01110"/>
					</TextLine>
					<TextLine ID="P3_TL00092" HPOS="694" VPOS="253" WIDTH="531" HEIGHT="33">
						<String ID="P3_ST00524" HPOS="694" VPOS="255" WIDTH="87" HEIGHT="24" CONTENT="known" WC="0.90" CC="11021"/>
						<SP ID="P3_SP00425" HPOS="781" VPOS="279" WIDTH="14"/>
						<String ID="P3_ST00525" HPOS="795" VPOS="258" WIDTH="91" HEIGHT="28" CONTENT="syr4om" WC="0.78" CC="413222"/>
						<SP ID="P3_SP00426" HPOS="886" VPOS="286" WIDTH="12"/>
						<String ID="P3_ST00526" HPOS="898" VPOS="256" WIDTH="25" HEIGHT="23" CONTENT="of" WC="0.96" CC="01"/>
						<SP ID="P3_SP00427" HPOS="923" VPOS="286" WIDTH="12"/>
						<String ID="P3_ST00527" HPOS="935" VPOS="256" WIDTH="128" HEIGHT="27" CONTENT='religion,"' WC="0.78" CC="1411911312"/>
						<SP ID="P3_SP00428" HPOS="1063" VPOS="286" WIDTH="14"/>
						<String ID="P3_ST00528" HPOS="1077" VPOS="255" WIDTH="21" HEIGHT="24" CONTENT="is" WC="0.80" CC="14"/>
						<SP ID="P3_SP00429" HPOS="1098" VPOS="286" WIDTH="12"/>
						<String ID="P3_ST00529" HPOS="1110" VPOS="253" WIDTH="115" HEIGHT="31" CONTENT="palpably" WC="0.86" CC="41122111"/>
					</TextLine>
					<TextLine ID="P3_TL00093" HPOS="693" VPOS="292" WIDTH="532" HEIGHT="32">
						<String ID="P3_ST00530" HPOS="693" VPOS="295" WIDTH="98" HEIGHT="26" CONTENT="absurd," WC="0.92" CC="1011211"/>
						<SP ID="P3_SP00430" HPOS="791" VPOS="321" WIDTH="14"/>
						<String ID="P3_ST00531" HPOS="805" VPOS="295" WIDTH="48" HEIGHT="24" CONTENT="and" WC="0.84" CC="311"/>
						<SP ID="P3_SP00431" HPOS="853" VPOS="321" WIDTH="24"/>
						<String ID="P3_ST00532" HPOS="877" VPOS="295" WIDTH="24" HEIGHT="22" CONTENT="m" WC="0.93" CC="1"/>
						<SP ID="P3_SP00432" HPOS="901" VPOS="321" WIDTH="25"/>
						<String ID="P3_ST00533" HPOS="926" VPOS="294" WIDTH="98" HEIGHT="30" CONTENT="glaring" WC="0.51" CC="9293036"/>
						<SP ID="P3_SP00433" HPOS="1024" VPOS="324" WIDTH="23"/>
						<String ID="P3_ST00534" HPOS="1047" VPOS="292" WIDTH="178" HEIGHT="26" CONTENT="contradiction" WC="0.91" CC="0312122111001"/>
					</TextLine>
					<TextLine ID="P3_TL00094" HPOS="694" VPOS="333" WIDTH="530" HEIGHT="33">
						<String ID="P3_ST00535" HPOS="694" VPOS="338" WIDTH="23" HEIGHT="22" CONTENT="to" WC="0.76" CC="41"/>
						<SP ID="P3_SP00434" HPOS="717" VPOS="360" WIDTH="15"/>
						<String ID="P3_ST00536" HPOS="732" VPOS="335" WIDTH="53" HEIGHT="24" CONTENT="that" WC="0.82" CC="1222"/>
						<SP ID="P3_SP00435" HPOS="785" VPOS="360" WIDTH="12"/>
						<String ID="P3_ST00537" HPOS="797" VPOS="337" WIDTH="55" HEIGHT="29" CONTENT="part" WC="0.73" CC="3522"/>
						<SP ID="P3_SP00436" HPOS="852" VPOS="366" WIDTH="13"/>
						<String ID="P3_ST00538" HPOS="865" VPOS="335" WIDTH="26" HEIGHT="23" CONTENT="of" WC="0.89" CC="12"/>
						<SP ID="P3_SP00437" HPOS="891" VPOS="366" WIDTH="18"/>
						<String ID="P3_ST00539" HPOS="909" VPOS="335" WIDTH="110" HEIGHT="26" CONTENT="rolicrion," WC="0.90" CC="2111211201"/>
						<SP ID="P3_SP00438" HPOS="1019" VPOS="366" WIDTH="25"/>
						<String ID="P3_ST00540" HPOS="1044" VPOS="333" WIDTH="80" HEIGHT="24" CONTENT="which" WC="0.84" CC="41111"/>
						<SP ID="P3_SP00439" HPOS="1124" VPOS="366" WIDTH="26"/>
						<String ID="P3_ST00541" HPOS="1150" VPOS="339" WIDTH="74" HEIGHT="22" CONTENT="many" WC="0.82" CC="4211"/>
					</TextLine>
					<TextLine ID="P3_TL00095" HPOS="694" VPOS="374" WIDTH="531" HEIGHT="32">
						<String ID="P3_ST00542" HPOS="694" VPOS="376" WIDTH="174" HEIGHT="25" CONTENT="Freethinkers" WC="0.90" CC="111111111113"/>
						<SP ID="P3_SP00440" HPOS="868" VPOS="401" WIDTH="12"/>
						<String ID="P3_ST00543" HPOS="880" VPOS="377" WIDTH="94" HEIGHT="29" CONTENT="profess" WC="0.82" CC="1114125"/>
						<SP ID="P3_SP00441" HPOS="974" VPOS="406" WIDTH="14"/>
						<String ID="P3_ST00544" HPOS="988" VPOS="377" WIDTH="35" HEIGHT="22" CONTENT=".to" WC="0.99" CC="010"/>
						<SP ID="P3_SP00442" HPOS="1023" VPOS="406" WIDTH="21"/>
						<String ID="P3_ST00545" HPOS="1044" VPOS="382" WIDTH="71" HEIGHT="22" CONTENT="agree" WC="0.72" CC="19210"/>
						<SP ID="P3_SP00443" HPOS="1115" VPOS="406" WIDTH="23"/>
						<String ID="P3_ST00546" HPOS="1138" VPOS="375" WIDTH="41" HEIGHT="26" CONTENT="to;" WC="0.97" CC="110"/>
						<SP ID="P3_SP00444" HPOS="1179" VPOS="406" WIDTH="20"/>
						<String ID="P3_ST00547" HPOS="1199" VPOS="374" WIDTH="26" HEIGHT="23" CONTENT="to" WC="1.00" CC="00"/>
					</TextLine>
					<TextLine ID="P3_TL00096" HPOS="693" VPOS="413" WIDTH="532" HEIGHT="31">
						<String ID="P3_ST00548" HPOS="693" VPOS="416" WIDTH="49" HEIGHT="28" CONTENT="wit," WC="0.90" CC="1022"/>
						<SP ID="P3_SP00445" HPOS="742" VPOS="444" WIDTH="14"/>
						<String ID="P3_ST00549" HPOS="756" VPOS="415" WIDTH="41" HEIGHT="24" CONTENT="the" WC="0.81" CC="123"/>
						<SP ID="P3_SP00446" HPOS="797" VPOS="444" WIDTH="13"/>
						<String ID="P3_ST00550" HPOS="810" VPOS="415" WIDTH="80" HEIGHT="24" CONTENT="duties" WC="0.77" CC="131154"/>
						<SP ID="P3_SP00447" HPOS="890" VPOS="444" WIDTH="12"/>
						<String ID="P3_ST00551" HPOS="902" VPOS="415" WIDTH="27" HEIGHT="23" CONTENT="of" WC="0.94" CC="11"/>
						<SP ID="P3_SP00448" HPOS="929" VPOS="444" WIDTH="14"/>
						<String ID="P3_ST00552" HPOS="943" VPOS="415" WIDTH="54" HEIGHT="24" CONTENT="love" WC="0.93" CC="1102"/>
						<SP ID="P3_SP00449" HPOS="997" VPOS="444" WIDTH="20"/>
						<String ID="P3_ST00553" HPOS="1017" VPOS="413" WIDTH="55" HEIGHT="24" CONTENT="that" WC="0.76" CC="0811"/>
						<SP ID="P3_SP00450" HPOS="1072" VPOS="444" WIDTH="23"/>
						<String ID="P3_ST00554" HPOS="1095" VPOS="420" WIDTH="58" HEIGHT="16" CONTENT="men" WC="0.86" CC="311"/>
						<SP ID="P3_SP00451" HPOS="1153" VPOS="444" WIDTH="21"/>
						<String ID="P3_ST00555" HPOS="1174" VPOS="420" WIDTH="51" HEIGHT="16" CONTENT="owe" WC="0.86" CC="032"/>
					</TextLine>
					<TextLine ID="P3_TL00097" HPOS="693" VPOS="450" WIDTH="532" HEIGHT="29">
						<String ID="P3_ST00556" HPOS="693" VPOS="456" WIDTH="26" HEIGHT="23" CONTENT="to" WC="1.00" CC="00"/>
						<SP ID="P3_SP00452" HPOS="719" VPOS="479" WIDTH="20"/>
						<String ID="P3_ST00557" HPOS="739" VPOS="453" WIDTH="59" HEIGHT="25" CONTENT="each" WC="0.94" CC="1101"/>
						<SP ID="P3_SP00453" HPOS="798" VPOS="479" WIDTH="26"/>
						<String ID="P3_ST00558" HPOS="824" VPOS="453" WIDTH="78" HEIGHT="24" CONTENT="other." WC="0.80" CC="121720"/>
						<SP ID="P3_SP00454" HPOS="902" VPOS="479" WIDTH="37"/>
						<String ID="P3_ST00559" HPOS="939" VPOS="452" WIDTH="80" HEIGHT="24" CONTENT="Those" WC="0.75" CC="12190"/>
						<SP ID="P3_SP00455" HPOS="1019" VPOS="479" WIDTH="24"/>
						<String ID="P3_ST00560" HPOS="1043" VPOS="452" WIDTH="116" HEIGHT="27" CONTENT="amongst" WC="0.59" CC="2209744"/>
						<SP ID="P3_SP00456" HPOS="1159" VPOS="479" WIDTH="24"/>
						<String ID="P3_ST00561" HPOS="1183" VPOS="450" WIDTH="42" HEIGHT="24" CONTENT="the" WC="0.88" CC="121"/>
					</TextLine>
					<TextLine ID="P3_TL00098" HPOS="692" VPOS="488" WIDTH="531" HEIGHT="28">
						<String ID="P3_ST00562" HPOS="692" VPOS="491" WIDTH="176" HEIGHT="25" CONTENT="Freethinkers" WC="0.84" CC="101111002913"/>
						<SP ID="P3_SP00457" HPOS="868" VPOS="516" WIDTH="19"/>
						<String ID="P3_ST00563" HPOS="887" VPOS="490" WIDTH="54" HEIGHT="25" CONTENT="who" WC="0.93" CC="210"/>
						<SP ID="P3_SP00458" HPOS="941" VPOS="516" WIDTH="24"/>
						<String ID="P3_ST00564" HPOS="965" VPOS="498" WIDTH="40" HEIGHT="16" CONTENT="arc" WC="0.89" CC="211"/>
						<SP ID="P3_SP00459" HPOS="1005" VPOS="516" WIDTH="21"/>
						<String ID="P3_ST00565" HPOS="1026" VPOS="490" WIDTH="26" HEIGHT="23" CONTENT="m" WC="0.87" CC="1"/>
						<SP ID="P3_SP00460" HPOS="1052" VPOS="516" WIDTH="25"/>
						<String ID="P3_ST00566" HPOS="1077" VPOS="489" WIDTH="97" HEIGHT="24" CONTENT="earnest" WC="0.86" CC="1211052"/>
						<SP ID="P3_SP00461" HPOS="1174" VPOS="516" WIDTH="23"/>
						<String ID="P3_ST00567" HPOS="1197" VPOS="488" WIDTH="26" HEIGHT="23" CONTENT="m" WC="0.93" CC="1"/>
					</TextLine>
					<TextLine ID="P3_TL00099" HPOS="693" VPOS="530" WIDTH="533" HEIGHT="32">
						<String ID="P3_ST00568" HPOS="693" VPOS="532" WIDTH="65" HEIGHT="24" CONTENT="their" WC="0.93" CC="11111"/>
						<SP ID="P3_SP00462" HPOS="758" VPOS="556" WIDTH="16"/>
						<String ID="P3_ST00569" HPOS="774" VPOS="531" WIDTH="153" HEIGHT="31" CONTENT="perorations" WC="0.94" CC="10101121102"/>
						<SP ID="P3_SP00463" HPOS="927" VPOS="562" WIDTH="23"/>
						<String ID="P3_ST00570" HPOS="950" VPOS="538" WIDTH="32" HEIGHT="16" CONTENT="on" WC="1.00" CC="00"/>
						<SP ID="P3_SP00464" HPOS="982" VPOS="562" WIDTH="24"/>
						<String ID="P3_ST00571" HPOS="1006" VPOS="530" WIDTH="132" HEIGHT="29" CONTENT="humanity" WC="0.88" CC="23221020"/>
						<SP ID="P3_SP00465" HPOS="1138" VPOS="562" WIDTH="23"/>
						<String ID="P3_ST00572" HPOS="1161" VPOS="537" WIDTH="27" HEIGHT="15" CONTENT="as" WC="0.89" CC="21"/>
						<SP ID="P3_SP00466" HPOS="1188" VPOS="562" WIDTH="23"/>
						<String ID="P3_ST00573" HPOS="1211" VPOS="536" WIDTH="15" HEIGHT="16" CONTENT="a" WC="0.93" CC="1"/>
					</TextLine>
					<TextLine ID="P3_TL00100" HPOS="694" VPOS="568" WIDTH="531" HEIGHT="32">
						<String ID="P3_ST00574" HPOS="694" VPOS="570" WIDTH="61" HEIGHT="30" CONTENT="duty" WC="0.93" CC="1111"/>
						<SP ID="P3_SP00467" HPOS="755" VPOS="600" WIDTH="12"/>
						<String ID="P3_ST00575" HPOS="767" VPOS="570" WIDTH="64" HEIGHT="27" CONTENT="that," WC="0.92" CC="11211"/>
						<SP ID="P3_SP00468" HPOS="831" VPOS="600" WIDTH="20"/>
						<String ID="P3_ST00576" HPOS="851" VPOS="577" WIDTH="59" HEIGHT="16" CONTENT="man" WC="0.88" CC="211"/>
						<SP ID="P3_SP00469" HPOS="910" VPOS="600" WIDTH="12"/>
						<String ID="P3_ST00577" HPOS="922" VPOS="577" WIDTH="64" HEIGHT="16" CONTENT="owes" WC="0.90" CC="0311"/>
						<SP ID="P3_SP00470" HPOS="986" VPOS="600" WIDTH="11"/>
						<String ID="P3_ST00578" HPOS="997" VPOS="570" WIDTH="25" HEIGHT="22" CONTENT="to" WC="0.96" CC="10"/>
						<SP ID="P3_SP00471" HPOS="1022" VPOS="600" WIDTH="12"/>
						<String ID="P3_ST00579" HPOS="1034" VPOS="575" WIDTH="67" HEIGHT="21" CONTENT="man," WC="0.92" CC="1111"/>
						<SP ID="P3_SP00472" HPOS="1101" VPOS="600" WIDTH="15"/>
						<String ID="P3_ST00580" HPOS="1116" VPOS="568" WIDTH="49" HEIGHT="23" CONTENT="will" WC="0.89" CC="2210"/>
						<SP ID="P3_SP00473" HPOS="1165" VPOS="600" WIDTH="16"/>
						<String ID="P3_ST00581" HPOS="1181" VPOS="575" WIDTH="44" HEIGHT="16" CONTENT="no" SUBS_TYPE="HypPart1" SUBS_CONTENT="nowhere" WC="0.96" CC="110"/>
						<HYP CONTENT="-"/>
					</TextLine>
					<TextLine ID="P3_TL00101" HPOS="694" VPOS="608" WIDTH="531" HEIGHT="30">
						<String ID="P3_ST00582" HPOS="694" VPOS="610" WIDTH="81" HEIGHT="23" CONTENT="where" SUBS_TYPE="HypPart2" SUBS_CONTENT="nowhere" WC="0.88" CC="11312"/>
						<SP ID="P3_SP00474" HPOS="775" VPOS="633" WIDTH="11"/>
						<String ID="P3_ST00583" HPOS="786" VPOS="609" WIDTH="53" HEIGHT="23" CONTENT="find" WC="0.95" CC="0110"/>
						<SP ID="P3_SP00475" HPOS="839" VPOS="633" WIDTH="13"/>
						<String ID="P3_ST00584" HPOS="852" VPOS="609" WIDTH="50" HEIGHT="24" CONTENT="this" WC="0.95" CC="1001"/>
						<SP ID="P3_SP00476" HPOS="902" VPOS="633" WIDTH="13"/>
						<String ID="P3_ST00585" HPOS="915" VPOS="609" WIDTH="59" HEIGHT="29" CONTENT="duty" WC="0.93" CC="1211"/>
						<SP ID="P3_SP00477" HPOS="974" VPOS="638" WIDTH="13"/>
						<String ID="P3_ST00586" HPOS="987" VPOS="608" WIDTH="90" HEIGHT="30" CONTENT="taught" WC="0.82" CC="011900"/>
						<SP ID="P3_SP00478" HPOS="1077" VPOS="638" WIDTH="17"/>
						<String ID="P3_ST00587" HPOS="1094" VPOS="616" WIDTH="28" HEIGHT="16" CONTENT="or" WC="0.98" CC="01"/>
						<SP ID="P3_SP00479" HPOS="1122" VPOS="638" WIDTH="23"/>
						<String ID="P3_ST00588" HPOS="1145" VPOS="615" WIDTH="80" HEIGHT="17" CONTENT="exem" SUBS_TYPE="HypPart1" SUBS_CONTENT="exemplified" WC="0.90" CC="03111"/>
						<HYP CONTENT="-"/>
					</TextLine>
					<TextLine ID="P3_TL00102" HPOS="693" VPOS="647" WIDTH="532" HEIGHT="33">
						<String ID="P3_ST00589" HPOS="693" VPOS="648" WIDTH="85" HEIGHT="32" CONTENT="plified" SUBS_TYPE="HypPart2" SUBS_CONTENT="exemplified" WC="0.89" CC="1113201"/>
						<SP ID="P3_SP00480" HPOS="778" VPOS="680" WIDTH="7"/>
						<String ID="P3_ST00590" HPOS="785" VPOS="648" WIDTH="61" HEIGHT="25" CONTENT="with" WC="0.94" CC="1011"/>
						<SP ID="P3_SP00481" HPOS="846" VPOS="680" WIDTH="12"/>
						<String ID="P3_ST00591" HPOS="858" VPOS="650" WIDTH="97" HEIGHT="29" CONTENT="greater" WC="0.90" CC="2111111"/>
						<SP ID="P3_SP00482" HPOS="955" VPOS="680" WIDTH="7"/>
						<String ID="P3_ST00592" HPOS="962" VPOS="648" WIDTH="90" HEIGHT="30" CONTENT="beauty" WC="0.94" CC="121111"/>
						<SP ID="P3_SP00483" HPOS="1052" VPOS="680" WIDTH="13"/>
						<String ID="P3_ST00593" HPOS="1065" VPOS="655" WIDTH="27" HEIGHT="17" CONTENT="or" WC="1.00" CC="00"/>
						<SP ID="P3_SP00484" HPOS="1092" VPOS="680" WIDTH="11"/>
						<String ID="P3_ST00594" HPOS="1103" VPOS="647" WIDTH="122" HEIGHT="25" CONTENT="precision" WC="0.87" CC="802011001"/>
					</TextLine>
					<TextLine ID="P3_TL00103" HPOS="694" VPOS="687" WIDTH="531" HEIGHT="27">
						<String ID="P3_ST00595" HPOS="694" VPOS="690" WIDTH="61" HEIGHT="24" CONTENT="than" WC="0.92" CC="1030"/>
						<SP ID="P3_SP00485" HPOS="755" VPOS="714" WIDTH="10"/>
						<String ID="P3_ST00596" HPOS="765" VPOS="690" WIDTH="23" HEIGHT="24" CONTENT="m" WC="0.98" CC="0"/>
						<SP ID="P3_SP00486" HPOS="788" VPOS="714" WIDTH="15"/>
						<String ID="P3_ST00597" HPOS="803" VPOS="690" WIDTH="41" HEIGHT="24" CONTENT="the" WC="0.95" CC="111"/>
						<SP ID="P3_SP00487" HPOS="844" VPOS="714" WIDTH="13"/>
						<String ID="P3_ST00598" HPOS="857" VPOS="688" WIDTH="42" HEIGHT="25" CONTENT="life" WC="0.94" CC="2011"/>
						<SP ID="P3_SP00488" HPOS="899" VPOS="714" WIDTH="9"/>
						<String ID="P3_ST00599" HPOS="908" VPOS="688" WIDTH="49" HEIGHT="24" CONTENT="and" WC="0.96" CC="111"/>
						<SP ID="P3_SP00489" HPOS="957" VPOS="714" WIDTH="12"/>
						<String ID="P3_ST00600" HPOS="969" VPOS="688" WIDTH="124" HEIGHT="24" CONTENT="doctrines" WC="0.97" CC="001110011"/>
						<SP ID="P3_SP00490" HPOS="1093" VPOS="714" WIDTH="12"/>
						<String ID="P3_ST00601" HPOS="1105" VPOS="688" WIDTH="26" HEIGHT="24" CONTENT="of" WC="0.94" CC="01"/>
						<SP ID="P3_SP00491" HPOS="1131" VPOS="714" WIDTH="11"/>
						<String ID="P3_ST00602" HPOS="1142" VPOS="687" WIDTH="83" HEIGHT="25" CONTENT="Christ" WC="0.94" CC="210011"/>
					</TextLine>
					<TextLine ID="P3_TL00104" HPOS="692" VPOS="728" WIDTH="534" HEIGHT="27">
						<String ID="P3_ST00603" HPOS="692" VPOS="738" WIDTH="28" HEIGHT="17" CONTENT="as" WC="0.89" CC="12"/>
						<SP ID="P3_SP00492" HPOS="720" VPOS="755" WIDTH="13"/>
						<String ID="P3_ST00604" HPOS="733" VPOS="731" WIDTH="37" HEIGHT="24" CONTENT="set" WC="0.90" CC="111"/>
						<SP ID="P3_SP00493" HPOS="770" VPOS="755" WIDTH="22"/>
						<String ID="P3_ST00605" HPOS="792" VPOS="730" WIDTH="66" HEIGHT="24" CONTENT="forth" WC="0.98" CC="00100"/>
						<SP ID="P3_SP00494" HPOS="858" VPOS="755" WIDTH="23"/>
						<String ID="P3_ST00606" HPOS="881" VPOS="730" WIDTH="27" HEIGHT="23" CONTENT="m" WC="0.98" CC="1"/>
						<SP ID="P3_SP00495" HPOS="908" VPOS="755" WIDTH="23"/>
						<String ID="P3_ST00607" HPOS="931" VPOS="728" WIDTH="43" HEIGHT="25" CONTENT="the" WC="0.94" CC="111"/>
						<SP ID="P3_SP00496" HPOS="974" VPOS="755" WIDTH="24"/>
						<String ID="P3_ST00608" HPOS="998" VPOS="728" WIDTH="60" HEIGHT="25" CONTENT="New" WC="0.94" CC="011"/>
						<SP ID="P3_SP00497" HPOS="1058" VPOS="755" WIDTH="22"/>
						<String ID="P3_ST00609" HPOS="1080" VPOS="728" WIDTH="146" HEIGHT="24" CONTENT="Testament" WC="0.95" CC="011111111"/>
					</TextLine>
					<TextLine ID="P3_TL00105" HPOS="692" VPOS="768" WIDTH="119" HEIGHT="31">
						<String ID="P3_ST00610" HPOS="692" VPOS="768" WIDTH="119" HEIGHT="31" CONTENT="writing?." WC="0.86" CC="111111171"/>
					</TextLine>
					<TextLine ID="P3_TL00106" HPOS="725" VPOS="805" WIDTH="500" HEIGHT="32">
						<String ID="P3_ST00611" HPOS="725" VPOS="807" WIDTH="13" HEIGHT="24" CONTENT="I" WC="1.00" CC="0"/>
						<SP ID="P3_SP00498" HPOS="738" VPOS="831" WIDTH="13"/>
						<String ID="P3_ST00612" HPOS="751" VPOS="807" WIDTH="63" HEIGHT="24" CONTENT="have" WC="0.90" CC="1122"/>
						<SP ID="P3_SP00499" HPOS="814" VPOS="831" WIDTH="18"/>
						<String ID="P3_ST00613" HPOS="832" VPOS="806" WIDTH="58" HEIGHT="31" CONTENT="only" WC="0.97" CC="0101"/>
						<SP ID="P3_SP00500" HPOS="890" VPOS="837" WIDTH="11"/>
						<String ID="P3_ST00614" HPOS="901" VPOS="807" WIDTH="24" HEIGHT="23" CONTENT="to" WC="0.98" CC="10"/>
						<SP ID="P3_SP00501" HPOS="925" VPOS="837" WIDTH="12"/>
						<String ID="P3_ST00615" HPOS="937" VPOS="805" WIDTH="48" HEIGHT="24" CONTENT="add" WC="0.90" CC="121"/>
						<SP ID="P3_SP00502" HPOS="985" VPOS="837" WIDTH="12"/>
						<String ID="P3_ST00616" HPOS="997" VPOS="805" WIDTH="62" HEIGHT="29" CONTENT="that," WC="0.93" CC="11111"/>
						<SP ID="P3_SP00503" HPOS="1059" VPOS="837" WIDTH="14"/>
						<String ID="P3_ST00617" HPOS="1073" VPOS="805" WIDTH="27" HEIGHT="24" CONTENT="m" WC="0.94" CC="1"/>
						<SP ID="P3_SP00504" HPOS="1100" VPOS="837" WIDTH="20"/>
						<String ID="P3_ST00618" HPOS="1120" VPOS="812" WIDTH="105" HEIGHT="17" CONTENT="answer" SUBS_TYPE="HypPart1" SUBS_CONTENT="answering" WC="0.93" CC="1112110"/>
						<HYP CONTENT="-"/>
					</TextLine>
					<TextLine ID="P3_TL00107" HPOS="691" VPOS="845" WIDTH="535" HEIGHT="33">
						<String ID="P3_ST00619" HPOS="691" VPOS="848" WIDTH="44" HEIGHT="30" CONTENT="ing" SUBS_TYPE="HypPart2" SUBS_CONTENT="answering" WC="0.93" CC="111"/>
						<SP ID="P3_SP00505" HPOS="735" VPOS="878" WIDTH="12"/>
						<String ID="P3_ST00620" HPOS="747" VPOS="855" WIDTH="61" HEIGHT="23" CONTENT="your" WC="0.97" CC="1000"/>
						<SP ID="P3_SP00506" HPOS="808" VPOS="878" WIDTH="11"/>
						<String ID="P3_ST00621" HPOS="819" VPOS="845" WIDTH="214" HEIGHT="31" CONTENT="correspondent's" WC="0.96" CC="001101200001111"/>
						<SP ID="P3_SP00507" HPOS="1033" VPOS="878" WIDTH="20"/>
						<String ID="P3_ST00622" HPOS="1053" VPOS="845" WIDTH="136" HEIGHT="31" CONTENT="questions," WC="0.89" CC="1117010011"/>
						<SP ID="P3_SP00508" HPOS="1189" VPOS="878" WIDTH="23"/>
						<String ID="P3_ST00623" HPOS="1212" VPOS="845" WIDTH="14" HEIGHT="24" CONTENT="I" WC="1.00" CC="0"/>
					</TextLine>
					<TextLine ID="P3_TL00108" HPOS="691" VPOS="886" WIDTH="535" HEIGHT="31">
						<String ID="P3_ST00624" HPOS="691" VPOS="888" WIDTH="64" HEIGHT="23" CONTENT="have" WC="0.87" CC="1122"/>
						<SP ID="P3_SP00509" HPOS="755" VPOS="911" WIDTH="11"/>
						<String ID="P3_ST00625" HPOS="766" VPOS="895" WIDTH="33" HEIGHT="16" CONTENT="no" WC="0.98" CC="10"/>
						<SP ID="P3_SP00510" HPOS="799" VPOS="911" WIDTH="12"/>
						<String ID="P3_ST00626" HPOS="811" VPOS="886" WIDTH="127" HEIGHT="24" CONTENT="intention" WC="0.98" CC="100110001"/>
						<SP ID="P3_SP00511" HPOS="938" VPOS="911" WIDTH="12"/>
						<String ID="P3_ST00627" HPOS="950" VPOS="886" WIDTH="26" HEIGHT="23" CONTENT="of" WC="0.96" CC="01"/>
						<SP ID="P3_SP00512" HPOS="976" VPOS="911" WIDTH="10"/>
						<String ID="P3_ST00628" HPOS="986" VPOS="886" WIDTH="115" HEIGHT="31" CONTENT="entering" WC="0.98" CC="10001101"/>
						<SP ID="P3_SP00513" HPOS="1101" VPOS="917" WIDTH="11"/>
						<String ID="P3_ST00629" HPOS="1112" VPOS="886" WIDTH="53" HEIGHT="24" CONTENT="into" WC="0.97" CC="0110"/>
						<SP ID="P3_SP00514" HPOS="1165" VPOS="917" WIDTH="13"/>
						<String ID="P3_ST00630" HPOS="1178" VPOS="893" WIDTH="48" HEIGHT="24" CONTENT="any" WC="0.95" CC="101"/>
					</TextLine>
					<TextLine ID="P3_TL00109" HPOS="691" VPOS="923" WIDTH="353" HEIGHT="26">
						<String ID="P3_ST00631" HPOS="691" VPOS="924" WIDTH="88" HEIGHT="25" CONTENT="debate" WC="0.96" CC="100101"/>
						<SP ID="P3_SP00515" HPOS="779" VPOS="949" WIDTH="12"/>
						<String ID="P3_ST00632" HPOS="791" VPOS="925" WIDTH="60" HEIGHT="24" CONTENT="with" WC="0.98" CC="0011"/>
						<SP ID="P3_SP00516" HPOS="851" VPOS="949" WIDTH="12"/>
						<String ID="P3_ST00633" HPOS="863" VPOS="923" WIDTH="54" HEIGHT="24" CONTENT="him" WC="1.00" CC="000"/>
						<SP ID="P3_SP00517" HPOS="917" VPOS="949" WIDTH="12"/>
						<String ID="P3_ST00634" HPOS="929" VPOS="923" WIDTH="76" HEIGHT="24" CONTENT="about" WC="0.96" CC="11010"/>
						<SP ID="P3_SP00518" HPOS="1005" VPOS="949" WIDTH="11"/>
						<String ID="P3_ST00635" HPOS="1016" VPOS="924" WIDTH="28" HEIGHT="23" CONTENT="it." WC="0.95" CC="011"/>
					</TextLine>
					<TextLine ID="P3_TL00110" HPOS="889" VPOS="961" WIDTH="139" HEIGHT="30">
						<String ID="P3_ST00636" HPOS="889" VPOS="961" WIDTH="80" HEIGHT="26" CONTENT="Yours" WC="0.98" CC="00011"/>
						<SP ID="P3_SP00519" HPOS="969" VPOS="987" WIDTH="18"/>
						<String ID="P3_ST00637" HPOS="987" VPOS="963" WIDTH="41" HEIGHT="28" CONTENT="&amp;c," WC="0.69" CC="702"/>
					</TextLine>
					<TextLine ID="P3_TL00111" HPOS="920" VPOS="1001" WIDTH="272" HEIGHT="26">
						<String ID="P3_ST00638" HPOS="920" VPOS="1002" WIDTH="138" HEIGHT="25" CONTENT="ScitirTunrc" WC="0.81" CC="11130211155"/>
						<SP ID="P3_SP00520" HPOS="1058" VPOS="1027" WIDTH="22"/>
						<String ID="P3_ST00639" HPOS="1080" VPOS="1001" WIDTH="112" HEIGHT="24" CONTENT="Reader." WC="0.73" CC="1148141"/>
					</TextLine>
					<TextLine ID="P3_TL00112" HPOS="692" VPOS="1045" WIDTH="535" HEIGHT="33">
						<String ID="P3_ST00640" HPOS="692" VPOS="1046" WIDTH="28" HEIGHT="25" CONTENT="P." WC="0.94" CC="11"/>
						<SP ID="P3_SP00521" HPOS="720" VPOS="1071" WIDTH="9"/>
						<String ID="P3_ST00641" HPOS="729" VPOS="1046" WIDTH="26" HEIGHT="25" CONTENT="S." WC="0.93" CC="11"/>
						<SP ID="P3_SP00522" HPOS="755" VPOS="1071" WIDTH="36"/>
						<String ID="P3_ST00642" HPOS="791" VPOS="1046" WIDTH="101" HEIGHT="32" CONTENT="Having" WC="0.94" CC="111001"/>
						<SP ID="P3_SP00523" HPOS="892" VPOS="1078" WIDTH="18"/>
						<String ID="P3_ST00643" HPOS="910" VPOS="1045" WIDTH="127" HEIGHT="26" CONTENT="answered" WC="0.95" CC="00110101"/>
						<SP ID="P3_SP00524" HPOS="1037" VPOS="1078" WIDTH="20"/>
						<String ID="P3_ST00644" HPOS="1057" VPOS="1045" WIDTH="40" HEIGHT="24" CONTENT="Mr" WC="0.93" CC="11"/>
						<SP ID="P3_SP00525" HPOS="1097" VPOS="1078" WIDTH="23"/>
						<String ID="P3_ST00645" HPOS="1120" VPOS="1045" WIDTH="107" HEIGHT="29" CONTENT="Quinn's" WC="0.92" CC="1101121"/>
					</TextLine>
					<TextLine ID="P3_TL00113" HPOS="690" VPOS="1085" WIDTH="536" HEIGHT="33">
						<String ID="P3_ST00646" HPOS="690" VPOS="1087" WIDTH="135" HEIGHT="31" CONTENT="question?," WC="0.89" CC="1101010171"/>
						<SP ID="P3_SP00526" HPOS="825" VPOS="1118" WIDTH="24"/>
						<String ID="P3_ST00647" HPOS="849" VPOS="1086" WIDTH="27" HEIGHT="24" CONTENT="m" WC="0.93" CC="1"/>
						<SP ID="P3_SP00527" HPOS="876" VPOS="1118" WIDTH="18"/>
						<String ID="P3_ST00648" HPOS="894" VPOS="1086" WIDTH="106" HEIGHT="24" CONTENT="another" WC="0.95" CC="1200110"/>
						<SP ID="P3_SP00528" HPOS="1000" VPOS="1118" WIDTH="23"/>
						<String ID="P3_ST00649" HPOS="1023" VPOS="1085" WIDTH="73" HEIGHT="25" CONTENT="letter" WC="0.97" CC="001101"/>
						<SP ID="P3_SP00529" HPOS="1096" VPOS="1118" WIDTH="24"/>
						<String ID="P3_ST00650" HPOS="1120" VPOS="1085" WIDTH="13" HEIGHT="24" CONTENT="I" WC="1.00" CC="0"/>
						<SP ID="P3_SP00530" HPOS="1133" VPOS="1118" WIDTH="34"/>
						<String ID="P3_ST00651" HPOS="1167" VPOS="1093" WIDTH="59" HEIGHT="23" CONTENT="may" WC="0.91" CC="211"/>
					</TextLine>
					<TextLine ID="P3_TL00114" HPOS="689" VPOS="1124" WIDTH="402" HEIGHT="32">
						<String ID="P3_ST00652" HPOS="689" VPOS="1125" WIDTH="107" HEIGHT="31" CONTENT="perhaps" WC="0.95" CC="1001011"/>
						<SP ID="P3_SP00531" HPOS="796" VPOS="1156" WIDTH="12"/>
						<String ID="P3_ST00653" HPOS="808" VPOS="1124" WIDTH="44" HEIGHT="25" CONTENT="ask" WC="0.93" CC="121"/>
						<SP ID="P3_SP00532" HPOS="852" VPOS="1156" WIDTH="13"/>
						<String ID="P3_ST00654" HPOS="865" VPOS="1124" WIDTH="52" HEIGHT="24" CONTENT="him" WC="0.90" CC="111"/>
						<SP ID="P3_SP00533" HPOS="917" VPOS="1156" WIDTH="14"/>
						<String ID="P3_ST00655" HPOS="931" VPOS="1132" WIDTH="46" HEIGHT="17" CONTENT="one" WC="0.99" CC="010"/>
						<SP ID="P3_SP00534" HPOS="977" VPOS="1156" WIDTH="13"/>
						<String ID="P3_ST00656" HPOS="990" VPOS="1132" WIDTH="28" HEIGHT="16" CONTENT="or" WC="0.94" CC="01"/>
						<SP ID="P3_SP00535" HPOS="1018" VPOS="1156" WIDTH="17"/>
						<String ID="P3_ST00657" HPOS="1035" VPOS="1125" WIDTH="56" HEIGHT="24" CONTENT="two." WC="0.91" CC="1300"/>
					</TextLine>
					<TextLine ID="P3_TL00115" HPOS="724" VPOS="1237" WIDTH="502" HEIGHT="32">
						<String ID="P3_ST00658" HPOS="724" VPOS="1238" WIDTH="53" HEIGHT="29" CONTENT="Sin," WC="0.90" CC="1121"/>
						<String ID="P3_ST00659" HPOS="781" VPOS="1253" WIDTH="28" HEIGHT="3" CONTENT="—" WC="1.00" CC="0"/>
						<String ID="P3_ST00660" HPOS="813" VPOS="1238" WIDTH="31" HEIGHT="24" CONTENT="In" WC="0.98" CC="01"/>
						<SP ID="P3_SP00536" HPOS="844" VPOS="1267" WIDTH="13"/>
						<String ID="P3_ST00661" HPOS="857" VPOS="1245" WIDTH="168" HEIGHT="24" CONTENT="consequence" WC="0.83" CC="40121117201"/>
						<SP ID="P3_SP00537" HPOS="1025" VPOS="1269" WIDTH="12"/>
						<String ID="P3_ST00662" HPOS="1037" VPOS="1237" WIDTH="27" HEIGHT="25" CONTENT="of" WC="0.89" CC="21"/>
						<SP ID="P3_SP00538" HPOS="1064" VPOS="1269" WIDTH="9"/>
						<String ID="P3_ST00663" HPOS="1073" VPOS="1245" WIDTH="43" HEIGHT="22" CONTENT="my" WC="0.96" CC="11"/>
						<SP ID="P3_SP00539" HPOS="1116" VPOS="1269" WIDTH="16"/>
						<String ID="P3_ST00664" HPOS="1132" VPOS="1237" WIDTH="94" HEIGHT="30" CONTENT="having" WC="0.96" CC="110001"/>
					</TextLine>
					<TextLine ID="P3_TL00116" HPOS="688" VPOS="1274" WIDTH="538" HEIGHT="33">
						<String ID="P3_ST00665" HPOS="688" VPOS="1278" WIDTH="26" HEIGHT="23" CONTENT="to" WC="1.00" CC="00"/>
						<SP ID="P3_SP00540" HPOS="714" VPOS="1301" WIDTH="13"/>
						<String ID="P3_ST00666" HPOS="727" VPOS="1276" WIDTH="66" HEIGHT="24" CONTENT="leave" WC="0.98" CC="00101"/>
						<SP ID="P3_SP00541" HPOS="793" VPOS="1301" WIDTH="11"/>
						<String ID="P3_ST00667" HPOS="804" VPOS="1276" WIDTH="128" HEIGHT="31" CONTENT="hurriedly" WC="0.99" CC="100000011"/>
						<SP ID="P3_SP00542" HPOS="932" VPOS="1307" WIDTH="13"/>
						<String ID="P3_ST00668" HPOS="945" VPOS="1276" WIDTH="37" HEIGHT="24" CONTENT="for" WC="0.99" CC="100"/>
						<SP ID="P3_SP00543" HPOS="982" VPOS="1307" WIDTH="11"/>
						<String ID="P3_ST00669" HPOS="993" VPOS="1275" WIDTH="86" HEIGHT="25" CONTENT="North" WC="0.77" CC="90111"/>
						<SP ID="P3_SP00544" HPOS="1079" VPOS="1307" WIDTH="20"/>
						<String ID="P3_ST00670" HPOS="1099" VPOS="1275" WIDTH="94" HEIGHT="28" CONTENT="Island," WC="0.94" CC="0112111"/>
						<SP ID="P3_SP00545" HPOS="1193" VPOS="1307" WIDTH="19"/>
						<String ID="P3_ST00671" HPOS="1212" VPOS="1274" WIDTH="14" HEIGHT="25" CONTENT="I" WC="1.00" CC="0"/>
					</TextLine>
					<TextLine ID="P3_TL00117" HPOS="689" VPOS="1315" WIDTH="536" HEIGHT="32">
						<String ID="P3_ST00672" HPOS="689" VPOS="1316" WIDTH="64" HEIGHT="25" CONTENT="shall" WC="0.95" CC="11100"/>
						<SP ID="P3_SP00546" HPOS="753" VPOS="1341" WIDTH="12"/>
						<String ID="P3_ST00673" HPOS="765" VPOS="1316" WIDTH="30" HEIGHT="25" CONTENT="be" WC="0.96" CC="01"/>
						<SP ID="P3_SP00547" HPOS="795" VPOS="1341" WIDTH="12"/>
						<String ID="P3_ST00674" HPOS="807" VPOS="1316" WIDTH="92" HEIGHT="25" CONTENT="unable" WC="0.95" CC="210001"/>
						<SP ID="P3_SP00548" HPOS="899" VPOS="1341" WIDTH="11"/>
						<String ID="P3_ST00675" HPOS="910" VPOS="1318" WIDTH="26" HEIGHT="22" CONTENT="to" WC="0.94" CC="11"/>
						<SP ID="P3_SP00549" HPOS="936" VPOS="1341" WIDTH="12"/>
						<String ID="P3_ST00676" HPOS="948" VPOS="1316" WIDTH="70" HEIGHT="31" CONTENT="reply" WC="0.96" CC="01111"/>
						<SP ID="P3_SP00550" HPOS="1018" VPOS="1347" WIDTH="12"/>
						<String ID="P3_ST00677" HPOS="1030" VPOS="1317" WIDTH="26" HEIGHT="23" CONTENT="to" WC="0.98" CC="10"/>
						<SP ID="P3_SP00551" HPOS="1056" VPOS="1347" WIDTH="12"/>
						<String ID="P3_ST00678" HPOS="1068" VPOS="1315" WIDTH="41" HEIGHT="25" CONTENT="Mr" WC="0.98" CC="01"/>
						<SP ID="P3_SP00552" HPOS="1109" VPOS="1347" WIDTH="9"/>
						<String ID="P3_ST00679" HPOS="1118" VPOS="1315" WIDTH="107" HEIGHT="30" CONTENT="Quinn's" WC="0.95" CC="1200011"/>
					</TextLine>
					<TextLine ID="P3_TL00118" HPOS="687" VPOS="1354" WIDTH="538" HEIGHT="30">
						<String ID="P3_ST00680" HPOS="687" VPOS="1357" WIDTH="73" HEIGHT="24" CONTENT="letter" WC="0.97" CC="110010"/>
						<SP ID="P3_SP00553" HPOS="760" VPOS="1381" WIDTH="18"/>
						<String ID="P3_ST00681" HPOS="778" VPOS="1357" WIDTH="37" HEIGHT="24" CONTENT="for" WC="0.97" CC="101"/>
						<SP ID="P3_SP00554" HPOS="815" VPOS="1381" WIDTH="11"/>
						<String ID="P3_ST00682" HPOS="826" VPOS="1365" WIDTH="16" HEIGHT="17" CONTENT="a" WC="0.93" CC="1"/>
						<SP ID="P3_SP00555" HPOS="842" VPOS="1382" WIDTH="11"/>
						<String ID="P3_ST00683" HPOS="853" VPOS="1356" WIDTH="67" HEIGHT="25" CONTENT="week" WC="0.92" CC="0211"/>
						<SP ID="P3_SP00556" HPOS="920" VPOS="1382" WIDTH="12"/>
						<String ID="P3_ST00684" HPOS="932" VPOS="1364" WIDTH="28" HEIGHT="17" CONTENT="or" WC="0.98" CC="01"/>
						<SP ID="P3_SP00557" HPOS="960" VPOS="1382" WIDTH="17"/>
						<String ID="P3_ST00685" HPOS="977" VPOS="1358" WIDTH="57" HEIGHT="26" CONTENT="two," WC="0.96" CC="0101"/>
						<SP ID="P3_SP00558" HPOS="1034" VPOS="1384" WIDTH="24"/>
						<String ID="P3_ST00686" HPOS="1058" VPOS="1356" WIDTH="45" HEIGHT="24" CONTENT="but" WC="1.00" CC="000"/>
						<SP ID="P3_SP00559" HPOS="1103" VPOS="1384" WIDTH="23"/>
						<String ID="P3_ST00687" HPOS="1126" VPOS="1355" WIDTH="51" HEIGHT="25" CONTENT="will" WC="0.99" CC="1000"/>
						<SP ID="P3_SP00560" HPOS="1177" VPOS="1384" WIDTH="17"/>
						<String ID="P3_ST00688" HPOS="1194" VPOS="1354" WIDTH="31" HEIGHT="26" CONTENT="do" WC="0.96" CC="10"/>
					</TextLine>
					<TextLine ID="P3_TL00119" HPOS="692" VPOS="1396" WIDTH="418" HEIGHT="31">
						<String ID="P3_ST00689" HPOS="692" VPOS="1405" WIDTH="26" HEIGHT="17" CONTENT="so" WC="0.94" CC="10"/>
						<SP ID="P3_SP00561" HPOS="718" VPOS="1422" WIDTH="13"/>
						<String ID="P3_ST00690" HPOS="731" VPOS="1399" WIDTH="26" HEIGHT="23" CONTENT="at" WC="0.96" CC="10"/>
						<SP ID="P3_SP00562" HPOS="757" VPOS="1422" WIDTH="12"/>
						<String ID="P3_ST00691" HPOS="769" VPOS="1405" WIDTH="42" HEIGHT="22" CONTENT="my" WC="0.96" CC="11"/>
						<SP ID="P3_SP00563" HPOS="811" VPOS="1427" WIDTH="13"/>
						<String ID="P3_ST00692" HPOS="824" VPOS="1397" WIDTH="100" HEIGHT="24" CONTENT="earliest" WC="0.96" CC="10011111"/>
						<SP ID="P3_SP00564" HPOS="924" VPOS="1427" WIDTH="12"/>
						<String ID="P3_ST00693" HPOS="936" VPOS="1396" WIDTH="174" HEIGHT="25" CONTENT="convenience." WC="0.97" CC="000001111001"/>
					</TextLine>
					<TextLine ID="P3_TL00120" HPOS="721" VPOS="1435" WIDTH="503" HEIGHT="31">
						<String ID="P3_ST00694" HPOS="721" VPOS="1437" WIDTH="41" HEIGHT="23" CONTENT="Mr" WC="0.98" CC="10"/>
						<SP ID="P3_SP00565" HPOS="762" VPOS="1460" WIDTH="11"/>
						<String ID="P3_ST00695" HPOS="773" VPOS="1436" WIDTH="116" HEIGHT="30" CONTENT="Hosking" WC="0.95" CC="0021011"/>
						<SP ID="P3_SP00566" HPOS="889" VPOS="1466" WIDTH="12"/>
						<String ID="P3_ST00696" HPOS="901" VPOS="1436" WIDTH="91" HEIGHT="24" CONTENT="desires" WC="0.89" CC="2210111"/>
						<SP ID="P3_SP00567" HPOS="992" VPOS="1466" WIDTH="12"/>
						<String ID="P3_ST00697" HPOS="1004" VPOS="1443" WIDTH="40" HEIGHT="16" CONTENT="me" WC="1.00" CC="00"/>
						<SP ID="P3_SP00568" HPOS="1044" VPOS="1466" WIDTH="12"/>
						<String ID="P3_ST00698" HPOS="1056" VPOS="1436" WIDTH="27" HEIGHT="23" CONTENT="m" WC="1.00" CC="0"/>
						<SP ID="P3_SP00569" HPOS="1083" VPOS="1466" WIDTH="23"/>
						<String ID="P3_ST00699" HPOS="1106" VPOS="1435" WIDTH="69" HEIGHT="31" CONTENT="reply" WC="0.95" CC="11101"/>
						<SP ID="P3_SP00570" HPOS="1175" VPOS="1466" WIDTH="24"/>
						<String ID="P3_ST00700" HPOS="1199" VPOS="1436" WIDTH="25" HEIGHT="23" CONTENT="to" WC="1.00" CC="00"/>
					</TextLine>
					<TextLine ID="P3_TL00121" HPOS="689" VPOS="1475" WIDTH="535" HEIGHT="32">
						<String ID="P3_ST00701" HPOS="689" VPOS="1485" WIDTH="31" HEIGHT="16" CONTENT="an" WC="0.98" CC="01"/>
						<SP ID="P3_SP00571" HPOS="720" VPOS="1501" WIDTH="13"/>
						<String ID="P3_ST00702" HPOS="733" VPOS="1478" WIDTH="126" HEIGHT="29" CONTENT="opponent" WC="0.93" CC="01100411"/>
						<SP ID="P3_SP00572" HPOS="859" VPOS="1507" WIDTH="11"/>
						<String ID="P3_ST00703" HPOS="870" VPOS="1485" WIDTH="26" HEIGHT="15" CONTENT="re" WC="0.93" CC="11"/>
						<SP ID="P3_SP00573" HPOS="896" VPOS="1507" WIDTH="18"/>
						<String ID="P3_ST00704" HPOS="914" VPOS="1475" WIDTH="186" HEIGHT="31" CONTENT="Worthington," WC="0.97" CC="100011111001"/>
						<SP ID="P3_SP00574" HPOS="1100" VPOS="1507" WIDTH="26"/>
						<String ID="P3_ST00705" HPOS="1126" VPOS="1477" WIDTH="25" HEIGHT="22" CONTENT="to" WC="1.00" CC="00"/>
						<SP ID="P3_SP00575" HPOS="1151" VPOS="1507" WIDTH="24"/>
						<String ID="P3_ST00706" HPOS="1175" VPOS="1475" WIDTH="49" HEIGHT="24" CONTENT="fur" SUBS_TYPE="HypPart1" SUBS_CONTENT="furnish" WC="0.91" CC="0311"/>
						<HYP CONTENT="-"/>
					</TextLine>
					<TextLine ID="P3_TL00122" HPOS="687" VPOS="1516" WIDTH="536" HEIGHT="32">
						<String ID="P3_ST00707" HPOS="687" VPOS="1517" WIDTH="59" HEIGHT="23" CONTENT="nish" SUBS_TYPE="HypPart2" SUBS_CONTENT="furnish" WC="0.91" CC="1121"/>
						<SP ID="P3_SP00576" HPOS="746" VPOS="1540" WIDTH="12"/>
						<String ID="P3_ST00708" HPOS="758" VPOS="1525" WIDTH="49" HEIGHT="23" CONTENT="you" WC="0.95" CC="111"/>
						<SP ID="P3_SP00577" HPOS="807" VPOS="1548" WIDTH="11"/>
						<String ID="P3_ST00709" HPOS="818" VPOS="1517" WIDTH="60" HEIGHT="24" CONTENT="with" WC="0.98" CC="0001"/>
						<SP ID="P3_SP00578" HPOS="878" VPOS="1548" WIDTH="13"/>
						<String ID="P3_ST00710" HPOS="891" VPOS="1516" WIDTH="43" HEIGHT="24" CONTENT="the" WC="0.99" CC="010"/>
						<SP ID="P3_SP00579" HPOS="934" VPOS="1548" WIDTH="12"/>
						<String ID="P3_ST00711" HPOS="946" VPOS="1516" WIDTH="196" HEIGHT="30" CONTENT="accompanying" WC="0.94" CC="100011211011"/>
						<SP ID="P3_SP00580" HPOS="1142" VPOS="1548" WIDTH="17"/>
						<String ID="P3_ST00712" HPOS="1159" VPOS="1523" WIDTH="64" HEIGHT="17" CONTENT="mar" SUBS_TYPE="HypPart1" SUBS_CONTENT="marvellous" WC="0.69" CC="1191"/>
						<HYP CONTENT="-"/>
					</TextLine>
					<TextLine ID="P3_TL00123" HPOS="688" VPOS="1553" WIDTH="534" HEIGHT="31">
						<String ID="P3_ST00713" HPOS="688" VPOS="1554" WIDTH="94" HEIGHT="26" CONTENT="vellous" SUBS_TYPE="HypPart2" SUBS_CONTENT="marvellous" WC="0.96" CC="0110002"/>
						<SP ID="P3_SP00581" HPOS="782" VPOS="1580" WIDTH="12"/>
						<String ID="P3_ST00714" HPOS="794" VPOS="1554" WIDTH="148" HEIGHT="25" CONTENT="disclosures" WC="0.84" CC="31201071112"/>
						<SP ID="P3_SP00582" HPOS="942" VPOS="1580" WIDTH="12"/>
						<String ID="P3_ST00715" HPOS="954" VPOS="1555" WIDTH="76" HEIGHT="23" CONTENT="anent" WC="0.97" CC="10011"/>
						<SP ID="P3_SP00583" HPOS="1030" VPOS="1580" WIDTH="13"/>
						<String ID="P3_ST00716" HPOS="1043" VPOS="1553" WIDTH="179" HEIGHT="31" CONTENT="Worthington" WC="0.98" CC="00110101000"/>
					</TextLine>
					<TextLine ID="P3_TL00124" HPOS="687" VPOS="1593" WIDTH="536" HEIGHT="32">
						<String ID="P3_ST00717" HPOS="687" VPOS="1595" WIDTH="120" HEIGHT="25" CONTENT="Plunkett" WC="0.95" CC="01111101"/>
						<SP ID="P3_SP00584" HPOS="807" VPOS="1620" WIDTH="12"/>
						<String ID="P3_ST00718" HPOS="819" VPOS="1596" WIDTH="18" HEIGHT="23" CONTENT="&amp;" WC="0.63" CC="4"/>
						<SP ID="P3_SP00585" HPOS="837" VPOS="1620" WIDTH="14"/>
						<String ID="P3_ST00719" HPOS="851" VPOS="1594" WIDTH="51" HEIGHT="29" CONTENT="Co.," WC="0.97" CC="1011"/>
						<SP ID="P3_SP00586" HPOS="902" VPOS="1623" WIDTH="11"/>
						<String ID="P3_ST00720" HPOS="913" VPOS="1594" WIDTH="82" HEIGHT="25" CONTENT="which" WC="0.96" CC="11111"/>
						<SP ID="P3_SP00587" HPOS="995" VPOS="1623" WIDTH="12"/>
						<String ID="P3_ST00721" HPOS="1007" VPOS="1594" WIDTH="32" HEIGHT="24" CONTENT="he" WC="1.00" CC="00"/>
						<SP ID="P3_SP00588" HPOS="1039" VPOS="1623" WIDTH="18"/>
						<String ID="P3_ST00722" HPOS="1057" VPOS="1593" WIDTH="46" HEIGHT="25" CONTENT="has" WC="0.94" CC="111"/>
						<SP ID="P3_SP00589" HPOS="1103" VPOS="1623" WIDTH="21"/>
						<String ID="P3_ST00723" HPOS="1124" VPOS="1593" WIDTH="99" HEIGHT="32" CONTENT="already" WC="0.77" CC="1621141"/>
					</TextLine>
					<TextLine ID="P3_TL00125" HPOS="687" VPOS="1634" WIDTH="533" HEIGHT="33">
						<String ID="P3_ST00724" HPOS="687" VPOS="1636" WIDTH="132" HEIGHT="31" CONTENT="published" WC="0.96" CC="111101001"/>
						<SP ID="P3_SP00590" HPOS="819" VPOS="1667" WIDTH="11"/>
						<String ID="P3_ST00725" HPOS="830" VPOS="1636" WIDTH="27" HEIGHT="23" CONTENT="m" WC="0.96" CC="1"/>
						<SP ID="P3_SP00591" HPOS="857" VPOS="1667" WIDTH="13"/>
						<String ID="P3_ST00726" HPOS="870" VPOS="1636" WIDTH="42" HEIGHT="23" CONTENT="the" WC="0.63" CC="019"/>
						<SP ID="P3_SP00592" HPOS="912" VPOS="1667" WIDTH="13"/>
						<String ID="P3_ST00727" HPOS="925" VPOS="1635" WIDTH="51" HEIGHT="24" CONTENT="Feb" WC="0.99" CC="010"/>
						<SP ID="P3_SP00593" HPOS="976" VPOS="1667" WIDTH="23"/>
						<String ID="P3_ST00728" HPOS="999" VPOS="1634" WIDTH="106" HEIGHT="25" CONTENT="number" WC="0.81" CC="112153"/>
						<SP ID="P3_SP00594" HPOS="1105" VPOS="1667" WIDTH="24"/>
						<String ID="P3_ST00729" HPOS="1129" VPOS="1635" WIDTH="28" HEIGHT="24" CONTENT="of" WC="0.94" CC="11"/>
						<SP ID="P3_SP00595" HPOS="1157" VPOS="1667" WIDTH="21"/>
						<String ID="P3_ST00730" HPOS="1178" VPOS="1634" WIDTH="42" HEIGHT="25" CONTENT="the" WC="0.94" CC="111"/>
					</TextLine>
					<TextLine ID="P3_TL00126" HPOS="689" VPOS="1675" WIDTH="280" HEIGHT="26">
						<String ID="P3_ST00731" HPOS="689" VPOS="1680" WIDTH="16" HEIGHT="10" CONTENT='"' WC="0.59" CC="4"/>
						<SP ID="P3_SP00596" HPOS="705" VPOS="1690" WIDTH="12"/>
						<String ID="P3_ST00732" HPOS="717" VPOS="1676" WIDTH="124" HEIGHT="25" CONTENT="Christian" WC="0.95" CC="010011111"/>
						<SP ID="P3_SP00597" HPOS="841" VPOS="1701" WIDTH="15"/>
						<String ID="P3_ST00733" HPOS="856" VPOS="1675" WIDTH="113" HEIGHT="25" CONTENT='Shield."' WC="0.91" CC="11122200"/>
					</TextLine>
					<TextLine ID="P3_TL00127" HPOS="890" VPOS="1716" WIDTH="135" HEIGHT="30">
						<String ID="P3_ST00734" HPOS="890" VPOS="1716" WIDTH="81" HEIGHT="25" CONTENT="Yours" WC="0.94" CC="10111"/>
						<SP ID="P3_SP00598" HPOS="971" VPOS="1741" WIDTH="14"/>
						<String ID="P3_ST00735" HPOS="985" VPOS="1717" WIDTH="40" HEIGHT="29" CONTENT="&amp;.c," WC="0.77" CC="7101"/>
					</TextLine>
					<TextLine ID="P3_TL00128" HPOS="971" VPOS="1755" WIDTH="248" HEIGHT="24">
						<String ID="P3_ST00736" HPOS="971" VPOS="1755" WIDTH="66" HEIGHT="24" CONTENT="John" WC="0.84" CC="0015"/>
						<SP ID="P3_SP00599" HPOS="1037" VPOS="1779" WIDTH="18"/>
						<String ID="P3_ST00737" HPOS="1055" VPOS="1755" WIDTH="24" HEIGHT="24" CONTENT="J*" WC="0.76" CC="14"/>
						<SP ID="P3_SP00600" HPOS="1079" VPOS="1779" WIDTH="13"/>
						<String ID="P3_ST00738" HPOS="1092" VPOS="1755" WIDTH="127" HEIGHT="24" CONTENT="Pendrav." WC="0.92" CC="11112111"/>
					</TextLine>
					<TextLine ID="P3_TL00129" HPOS="723" VPOS="1798" WIDTH="503" HEIGHT="32">
						<String ID="P3_ST00739" HPOS="723" VPOS="1799" WIDTH="44" HEIGHT="25" CONTENT="We" WC="0.94" CC="11"/>
						<SP ID="P3_SP00601" HPOS="767" VPOS="1824" WIDTH="13"/>
						<String ID="P3_ST00740" HPOS="780" VPOS="1800" WIDTH="79" HEIGHT="30" CONTENT="regret" WC="0.85" CC="112115"/>
						<SP ID="P3_SP00602" HPOS="859" VPOS="1830" WIDTH="13"/>
						<String ID="P3_ST00741" HPOS="872" VPOS="1808" WIDTH="35" HEIGHT="16" CONTENT="we" WC="0.93" CC="11"/>
						<SP ID="P3_SP00603" HPOS="907" VPOS="1830" WIDTH="12"/>
						<String ID="P3_ST00742" HPOS="919" VPOS="1801" WIDTH="92" HEIGHT="23" CONTENT="cannot" WC="0.95" CC="010101"/>
						<SP ID="P3_SP00604" HPOS="1011" VPOS="1830" WIDTH="12"/>
						<String ID="P3_ST00743" HPOS="1023" VPOS="1799" WIDTH="52" HEIGHT="24" CONTENT="find" WC="0.91" CC="1111"/>
						<SP ID="P3_SP00605" HPOS="1075" VPOS="1830" WIDTH="20"/>
						<String ID="P3_ST00744" HPOS="1095" VPOS="1807" WIDTH="70" HEIGHT="17" CONTENT="room" WC="0.96" CC="1001"/>
						<SP ID="P3_SP00606" HPOS="1165" VPOS="1830" WIDTH="23"/>
						<String ID="P3_ST00745" HPOS="1188" VPOS="1798" WIDTH="38" HEIGHT="25" CONTENT="for" WC="0.89" CC="112"/>
					</TextLine>
					<TextLine ID="P3_TL00130" HPOS="690" VPOS="1838" WIDTH="535" HEIGHT="26">
						<String ID="P3_ST00746" HPOS="690" VPOS="1840" WIDTH="150" HEIGHT="24" CONTENT="Marvellous" WC="0.94" CC="1101101012"/>
						<SP ID="P3_SP00607" HPOS="840" VPOS="1864" WIDTH="12"/>
						<String ID="P3_ST00747" HPOS="852" VPOS="1838" WIDTH="155" HEIGHT="26" CONTENT="Discoveries" WC="0.95" CC="10100201110"/>
						<SP ID="P3_SP00608" HPOS="1007" VPOS="1864" WIDTH="20"/>
						<String ID="P3_ST00748" HPOS="1027" VPOS="1843" WIDTH="15" HEIGHT="11" CONTENT='"' WC="0.78" CC="2"/>
						<SP ID="P3_SP00609" HPOS="1042" VPOS="1864" WIDTH="11"/>
						<String ID="P3_ST00749" HPOS="1053" VPOS="1841" WIDTH="78" HEIGHT="23" CONTENT="anent" WC="0.98" CC="01001"/>
						<SP ID="P3_SP00610" HPOS="1131" VPOS="1864" WIDTH="23"/>
						<String ID="P3_ST00750" HPOS="1154" VPOS="1840" WIDTH="71" HEIGHT="22" CONTENT="Wor" SUBS_TYPE="HypPart1" SUBS_CONTENT='Worthington."' WC="0.99" CC="0010"/>
						<HYP CONTENT="-"/>
					</TextLine>
					<TextLine ID="P3_TL00131" HPOS="690" VPOS="1877" WIDTH="536" HEIGHT="32">
						<String ID="P3_ST00751" HPOS="690" VPOS="1878" WIDTH="143" HEIGHT="30" CONTENT='thington."' SUBS_TYPE="HypPart2" SUBS_CONTENT='Worthington."' WC="0.94" CC="1112110110"/>
						<SP ID="P3_SP00611" HPOS="833" VPOS="1908" WIDTH="37"/>
						<String ID="P3_ST00752" HPOS="870" VPOS="1878" WIDTH="48" HEIGHT="24" CONTENT="Are" WC="0.94" CC="011"/>
						<SP ID="P3_SP00612" HPOS="918" VPOS="1908" WIDTH="12"/>
						<String ID="P3_ST00753" HPOS="930" VPOS="1877" WIDTH="59" HEIGHT="32" CONTENT="they" WC="0.93" CC="0211"/>
						<SP ID="P3_SP00613" HPOS="989" VPOS="1909" WIDTH="20"/>
						<String ID="P3_ST00754" HPOS="1009" VPOS="1880" WIDTH="50" HEIGHT="24" CONTENT="net." WC="0.94" CC="2010"/>
						<SP ID="P3_SP00614" HPOS="1059" VPOS="1909" WIDTH="19"/>
						<String ID="P3_ST00755" HPOS="1078" VPOS="1877" WIDTH="98" HEIGHT="25" CONTENT="written" WC="0.97" CC="1100011"/>
						<SP ID="P3_SP00615" HPOS="1176" VPOS="1909" WIDTH="23"/>
						<String ID="P3_ST00756" HPOS="1199" VPOS="1878" WIDTH="27" HEIGHT="23" CONTENT="m" WC="0.98" CC="1"/>
					</TextLine>
					<TextLine ID="P3_TL00132" HPOS="691" VPOS="1917" WIDTH="535" HEIGHT="29">
						<String ID="P3_ST00757" HPOS="691" VPOS="1918" WIDTH="41" HEIGHT="25" CONTENT="No." WC="0.99" CC="001"/>
						<SP ID="P3_SP00616" HPOS="732" VPOS="1943" WIDTH="11"/>
						<String ID="P3_ST00758" HPOS="743" VPOS="1920" WIDTH="29" HEIGHT="22" CONTENT="11" WC="0.98" CC="01"/>
						<SP ID="P3_SP00617" HPOS="772" VPOS="1943" WIDTH="14"/>
						<String ID="P3_ST00759" HPOS="786" VPOS="1918" WIDTH="127" HEIGHT="25" CONTENT="Christian" WC="0.93" CC="111020121"/>
						<SP ID="P3_SP00618" HPOS="913" VPOS="1943" WIDTH="14"/>
						<String ID="P3_ST00760" HPOS="927" VPOS="1918" WIDTH="95" HEIGHT="28" CONTENT="Shield," WC="0.92" CC="2111111"/>
						<SP ID="P3_SP00619" HPOS="1022" VPOS="1946" WIDTH="25"/>
						<String ID="P3_ST00761" HPOS="1047" VPOS="1918" WIDTH="50" HEIGHT="24" CONTENT="and" WC="0.84" CC="401"/>
						<SP ID="P3_SP00620" HPOS="1097" VPOS="1946" WIDTH="24"/>
						<String ID="P3_ST00762" HPOS="1121" VPOS="1925" WIDTH="46" HEIGHT="17" CONTENT="can" WC="0.95" CC="011"/>
						<SP ID="P3_SP00621" HPOS="1167" VPOS="1946" WIDTH="29"/>
						<String ID="P3_ST00763" HPOS="1196" VPOS="1917" WIDTH="30" HEIGHT="25" CONTENT="be" WC="0.98" CC="10"/>
					</TextLine>
					<TextLine ID="P3_TL00133" HPOS="688" VPOS="1956" WIDTH="503" HEIGHT="32">
						<String ID="P3_ST00764" HPOS="688" VPOS="1956" WIDTH="122" HEIGHT="32" CONTENT="purchase" WC="0.92" CC="11101111"/>
						<SP ID="P3_SP00622" HPOS="810" VPOS="1988" WIDTH="7"/>
						<String ID="P3_ST00765" HPOS="817" VPOS="1956" WIDTH="10" HEIGHT="24" CONTENT="1" WC="0.85" CC="2"/>
						<SP ID="P3_SP00623" HPOS="827" VPOS="1988" WIDTH="13"/>
						<String ID="P3_ST00766" HPOS="840" VPOS="1958" WIDTH="25" HEIGHT="23" CONTENT="at" WC="1.00" CC="00"/>
						<SP ID="P3_SP00624" HPOS="865" VPOS="1988" WIDTH="8"/>
						<String ID="P3_ST00767" HPOS="873" VPOS="1956" WIDTH="42" HEIGHT="25" CONTENT="the" WC="0.95" CC="011"/>
						<SP ID="P3_SP00625" HPOS="915" VPOS="1988" WIDTH="10"/>
						<String ID="P3_ST00768" HPOS="925" VPOS="1957" WIDTH="70" HEIGHT="24" CONTENT="office" WC="0.91" CC="012201"/>
						<SP ID="P3_SP00626" HPOS="995" VPOS="1988" WIDTH="12"/>
						<String ID="P3_ST00769" HPOS="1007" VPOS="1956" WIDTH="27" HEIGHT="25" CONTENT="of" WC="0.91" CC="21"/>
						<SP ID="P3_SP00627" HPOS="1034" VPOS="1988" WIDTH="11"/>
						<String ID="P3_ST00770" HPOS="1045" VPOS="1956" WIDTH="50" HEIGHT="25" CONTENT="this" WC="0.96" CC="0101"/>
						<SP ID="P3_SP00628" HPOS="1095" VPOS="1988" WIDTH="11"/>
						<String ID="P3_ST00771" HPOS="1106" VPOS="1964" WIDTH="85" HEIGHT="24" CONTENT="paper." WC="0.95" CC="111011"/>
					</TextLine>
					<TextLine ID="P3_TL00134" HPOS="688" VPOS="1996" WIDTH="206" HEIGHT="25">
						<String ID="P3_ST00772" HPOS="688" VPOS="1996" WIDTH="71" HEIGHT="25" CONTENT="Price" WC="0.95" CC="11010"/>
						<SP ID="P3_SP00629" HPOS="759" VPOS="2021" WIDTH="12"/>
						<String ID="P3_ST00773" HPOS="771" VPOS="1997" WIDTH="40" HEIGHT="24" CONTENT="6d." WC="0.90" CC="211"/>
						<SP ID="P3_SP00630" HPOS="811" VPOS="2021" WIDTH="34"/>
						<String ID="P3_ST00774" HPOS="845" VPOS="1997" WIDTH="49" HEIGHT="23" CONTENT="Ed." WC="0.91" CC="121"/>
					</TextLine>
				</TextBlock>
				<TextBlock ID="P3_TB00007" HPOS="704" VPOS="2087" WIDTH="492" HEIGHT="26" STYLEREFS="TXT_0 PAR_LEFT">
					<TextLine ID="P3_TL00135" HPOS="705" VPOS="2088" WIDTH="491" HEIGHT="25" CS="1">
						<String ID="P3_ST00775" HPOS="705" VPOS="2089" WIDTH="21" HEIGHT="24" CONTENT="A" WC="1.00" CC="0"/>
						<SP ID="P3_SP00631" HPOS="726" VPOS="2113" WIDTH="14"/>
						<String ID="P3_ST00776" HPOS="740" VPOS="2089" WIDTH="79" HEIGHT="24" CONTENT="TRIP" WC="0.95" CC="0101"/>
						<SP ID="P3_SP00632" HPOS="819" VPOS="2113" WIDTH="13"/>
						<String ID="P3_ST00777" HPOS="832" VPOS="2088" WIDTH="42" HEIGHT="25" CONTENT="TO" WC="0.93" CC="20"/>
						<SP ID="P3_SP00633" HPOS="874" VPOS="2113" WIDTH="12"/>
						<String ID="P3_ST00778" HPOS="886" VPOS="2088" WIDTH="92" HEIGHT="25" CONTENT="LAKE" WC="0.97" CC="0010"/>
						<SP ID="P3_SP00634" HPOS="978" VPOS="2113" WIDTH="21"/>
						<String ID="P3_ST00779" HPOS="999" VPOS="2088" WIDTH="197" HEIGHT="25" CONTENT="COLERIDGE." WC="0.94" CC="1010101300"/>
					</TextLine>
				</TextBlock>
				<TextBlock ID="P3_TB00008" HPOS="668" VPOS="2165" WIDTH="561" HEIGHT="1163" STYLEREFS="TXT_0 PAR_BLOCK">
					<TextLine ID="P3_TL00136" HPOS="724" VPOS="2170" WIDTH="499" HEIGHT="32">
						<String ID="P3_ST00780" HPOS="724" VPOS="2170" WIDTH="189" HEIGHT="32" CONTENT="Siß,^-Having" WC="0.85" CC="103190111021"/>
						<SP ID="P3_SP00635" HPOS="913" VPOS="2202" WIDTH="11"/>
						<String ID="P3_ST00781" HPOS="924" VPOS="2170" WIDTH="62" HEIGHT="25" CONTENT="been" WC="0.82" CC="0521"/>
						<SP ID="P3_SP00636" HPOS="986" VPOS="2202" WIDTH="13"/>
						<String ID="P3_ST00782" HPOS="999" VPOS="2178" WIDTH="33" HEIGHT="23" CONTENT="up" WC="0.94" CC="01"/>
						<SP ID="P3_SP00637" HPOS="1032" VPOS="2202" WIDTH="12"/>
						<String ID="P3_ST00783" HPOS="1044" VPOS="2172" WIDTH="26" HEIGHT="22" CONTENT="to" WC="0.98" CC="10"/>
						<SP ID="P3_SP00638" HPOS="1070" VPOS="2202" WIDTH="12"/>
						<String ID="P3_ST00784" HPOS="1082" VPOS="2170" WIDTH="43" HEIGHT="24" CONTENT="the" WC="0.91" CC="111"/>
						<SP ID="P3_SP00639" HPOS="1125" VPOS="2202" WIDTH="24"/>
						<String ID="P3_ST00785" HPOS="1149" VPOS="2178" WIDTH="74" HEIGHT="16" CONTENT="coun" SUBS_TYPE="HypPart1" SUBS_CONTENT="country" WC="1.00" CC="00000"/>
						<HYP CONTENT="-"/>
					</TextLine>
					<TextLine ID="P3_TL00137" HPOS="689" VPOS="2208" WIDTH="536" HEIGHT="32">
						<String ID="P3_ST00786" HPOS="689" VPOS="2211" WIDTH="39" HEIGHT="29" CONTENT="try" SUBS_TYPE="HypPart2" SUBS_CONTENT="country" WC="0.94" CC="011"/>
						<SP ID="P3_SP00640" HPOS="728" VPOS="2240" WIDTH="13"/>
						<String ID="P3_ST00787" HPOS="741" VPOS="2210" WIDTH="108" HEIGHT="25" CONTENT="situated" WC="0.95" CC="10111100"/>
						<SP ID="P3_SP00641" HPOS="849" VPOS="2240" WIDTH="12"/>
						<String ID="P3_ST00788" HPOS="861" VPOS="2209" WIDTH="96" HEIGHT="25" CONTENT="around" WC="0.93" CC="110201"/>
						<SP ID="P3_SP00642" HPOS="957" VPOS="2240" WIDTH="10"/>
						<String ID="P3_ST00789" HPOS="967" VPOS="2209" WIDTH="70" HEIGHT="25" CONTENT="Lake" WC="0.94" CC="0111"/>
						<SP ID="P3_SP00643" HPOS="1037" VPOS="2240" WIDTH="14"/>
						<String ID="P3_ST00790" HPOS="1051" VPOS="2208" WIDTH="135" HEIGHT="32" CONTENT="Coleridge," WC="0.93" CC="1210111101"/>
						<SP ID="P3_SP00644" HPOS="1186" VPOS="2240" WIDTH="25"/>
						<String ID="P3_ST00791" HPOS="1211" VPOS="2209" WIDTH="14" HEIGHT="24" CONTENT="I" WC="1.00" CC="0"/>
					</TextLine>
					<TextLine ID="P3_TL00138" HPOS="688" VPOS="2247" WIDTH="537" HEIGHT="32">
						<String ID="P3_ST00792" HPOS="688" VPOS="2247" WIDTH="57" HEIGHT="25" CONTENT="take" WC="1.00" CC="0000"/>
						<SP ID="P3_SP00645" HPOS="745" VPOS="2272" WIDTH="12"/>
						<String ID="P3_ST00793" HPOS="757" VPOS="2247" WIDTH="43" HEIGHT="25" CONTENT="the" WC="0.97" CC="110"/>
						<SP ID="P3_SP00646" HPOS="800" VPOS="2272" WIDTH="12"/>
						<String ID="P3_ST00794" HPOS="812" VPOS="2247" WIDTH="163" HEIGHT="32" CONTENT="opportunity" WC="0.92" CC="01101113110"/>
						<SP ID="P3_SP00647" HPOS="975" VPOS="2279" WIDTH="13"/>
						<String ID="P3_ST00795" HPOS="988" VPOS="2248" WIDTH="25" HEIGHT="24" CONTENT="to" WC="0.96" CC="10"/>
						<SP ID="P3_SP00648" HPOS="1013" VPOS="2279" WIDTH="12"/>
						<String ID="P3_ST00796" HPOS="1025" VPOS="2247" WIDTH="55" HEIGHT="30" CONTENT="give" WC="0.97" CC="1001"/>
						<SP ID="P3_SP00649" HPOS="1080" VPOS="2279" WIDTH="12"/>
						<String ID="P3_ST00797" HPOS="1092" VPOS="2254" WIDTH="48" HEIGHT="24" CONTENT="you" WC="0.95" CC="101"/>
						<SP ID="P3_SP00650" HPOS="1140" VPOS="2279" WIDTH="13"/>
						<String ID="P3_ST00798" HPOS="1153" VPOS="2254" WIDTH="14" HEIGHT="17" CONTENT="a" WC="0.96" CC="1"/>
						<SP ID="P3_SP00651" HPOS="1167" VPOS="2279" WIDTH="12"/>
						<String ID="P3_ST00799" HPOS="1179" VPOS="2247" WIDTH="46" HEIGHT="24" CONTENT="few" WC="0.97" CC="101"/>
					</TextLine>
					<TextLine ID="P3_TL00139" HPOS="689" VPOS="2287" WIDTH="536" HEIGHT="32">
						<String ID="P3_ST00800" HPOS="689" VPOS="2287" WIDTH="163" HEIGHT="32" CONTENT="descriptions" WC="0.96" CC="101000111002"/>
						<SP ID="P3_SP00652" HPOS="852" VPOS="2319" WIDTH="13"/>
						<String ID="P3_ST00801" HPOS="865" VPOS="2287" WIDTH="26" HEIGHT="24" CONTENT="of" WC="0.94" CC="01"/>
						<SP ID="P3_SP00653" HPOS="891" VPOS="2319" WIDTH="17"/>
						<String ID="P3_ST00802" HPOS="908" VPOS="2287" WIDTH="42" HEIGHT="24" CONTENT="the" WC="0.91" CC="111"/>
						<SP ID="P3_SP00654" HPOS="950" VPOS="2319" WIDTH="23"/>
						<String ID="P3_ST00803" HPOS="973" VPOS="2287" WIDTH="121" HEIGHT="30" CONTENT="principle" WC="0.94" CC="111110101"/>
						<SP ID="P3_SP00655" HPOS="1094" VPOS="2319" WIDTH="23"/>
						<String ID="P3_ST00804" HPOS="1117" VPOS="2287" WIDTH="108" HEIGHT="25" CONTENT="features" WC="0.86" CC="11411103"/>
					</TextLine>
					<TextLine ID="P3_TL00140" HPOS="670" VPOS="2327" WIDTH="555" HEIGHT="31">
						<String ID="P3_ST00805" HPOS="670" VPOS="2346" WIDTH="3" HEIGHT="2" CONTENT="•" WC="1.00" CC="0"/>
						<SP ID="P3_SP00656" HPOS="673" VPOS="2348" WIDTH="15"/>
						<String ID="P3_ST00806" HPOS="688" VPOS="2328" WIDTH="27" HEIGHT="24" CONTENT="of" WC="0.96" CC="01"/>
						<SP ID="P3_SP00657" HPOS="715" VPOS="2352" WIDTH="10"/>
						<String ID="P3_ST00807" HPOS="725" VPOS="2327" WIDTH="56" HEIGHT="25" CONTENT="that" WC="0.97" CC="1100"/>
						<SP ID="P3_SP00658" HPOS="781" VPOS="2352" WIDTH="8"/>
						<String ID="P3_ST00808" HPOS="789" VPOS="2327" WIDTH="98" HEIGHT="31" CONTENT="portion" WC="0.93" CC="1111120"/>
						<SP ID="P3_SP00659" HPOS="887" VPOS="2358" WIDTH="12"/>
						<String ID="P3_ST00809" HPOS="899" VPOS="2327" WIDTH="27" HEIGHT="25" CONTENT="of" WC="0.96" CC="01"/>
						<SP ID="P3_SP00660" HPOS="926" VPOS="2358" WIDTH="10"/>
						<String ID="P3_ST00810" HPOS="936" VPOS="2327" WIDTH="43" HEIGHT="24" CONTENT="the" WC="0.95" CC="011"/>
						<SP ID="P3_SP00661" HPOS="979" VPOS="2358" WIDTH="24"/>
						<String ID="P3_ST00811" HPOS="1003" VPOS="2328" WIDTH="113" HEIGHT="27" CONTENT="country," WC="0.85" CC="00111911"/>
						<SP ID="P3_SP00662" HPOS="1116" VPOS="2358" WIDTH="22"/>
						<String ID="P3_ST00812" HPOS="1138" VPOS="2327" WIDTH="14" HEIGHT="23" CONTENT="I" WC="1.00" CC="0"/>
						<SP ID="P3_SP00663" HPOS="1152" VPOS="2358" WIDTH="22"/>
						<String ID="P3_ST00813" HPOS="1174" VPOS="2327" WIDTH="51" HEIGHT="24" CONTENT="will" WC="0.96" CC="2000"/>
					</TextLine>
					<TextLine ID="P3_TL00141" HPOS="687" VPOS="2366" WIDTH="537" HEIGHT="33">
						<String ID="P3_ST00814" HPOS="687" VPOS="2367" WIDTH="75" HEIGHT="32" CONTENT="begin" WC="0.98" CC="00101"/>
						<SP ID="P3_SP00664" HPOS="762" VPOS="2399" WIDTH="12"/>
						<String ID="P3_ST00815" HPOS="774" VPOS="2367" WIDTH="61" HEIGHT="25" CONTENT="then" WC="0.96" CC="0011"/>
						<SP ID="P3_SP00665" HPOS="835" VPOS="2399" WIDTH="23"/>
						<String ID="P3_ST00816" HPOS="858" VPOS="2367" WIDTH="62" HEIGHT="24" CONTENT="with" WC="0.83" CC="6001"/>
						<SP ID="P3_SP00666" HPOS="920" VPOS="2399" WIDTH="18"/>
						<String ID="P3_ST00817" HPOS="938" VPOS="2367" WIDTH="43" HEIGHT="23" CONTENT="the" WC="0.93" CC="011"/>
						<SP ID="P3_SP00667" HPOS="981" VPOS="2399" WIDTH="20"/>
						<String ID="P3_ST00818" HPOS="1001" VPOS="2370" WIDTH="15" HEIGHT="11" CONTENT='"' WC="0.89" CC="1"/>
						<SP ID="P3_SP00668" HPOS="1016" VPOS="2399" WIDTH="12"/>
						<String ID="P3_ST00819" HPOS="1028" VPOS="2366" WIDTH="48" HEIGHT="24" CONTENT="Old" WC="0.97" CC="011"/>
						<SP ID="P3_SP00669" HPOS="1076" VPOS="2399" WIDTH="24"/>
						<String ID="P3_ST00820" HPOS="1100" VPOS="2366" WIDTH="124" HEIGHT="32" CONTENT="Curiosity" WC="0.95" CC="011101110"/>
					</TextLine>
					<TextLine ID="P3_TL00142" HPOS="690" VPOS="2404" WIDTH="534" HEIGHT="33">
						<String ID="P3_ST00821" HPOS="690" VPOS="2406" WIDTH="93" HEIGHT="31" CONTENT='Shop."' WC="0.95" CC="200011"/>
						<SP ID="P3_SP00670" HPOS="783" VPOS="2437" WIDTH="36"/>
						<String ID="P3_ST00822" HPOS="819" VPOS="2404" WIDTH="25" HEIGHT="26" CONTENT="It" WC="0.65" CC="07"/>
						<SP ID="P3_SP00671" HPOS="844" VPOS="2437" WIDTH="11"/>
						<String ID="P3_ST00823" HPOS="855" VPOS="2406" WIDTH="46" HEIGHT="24" CONTENT="lies" WC="0.96" CC="1001"/>
						<SP ID="P3_SP00672" HPOS="901" VPOS="2437" WIDTH="12"/>
						<String ID="P3_ST00824" HPOS="913" VPOS="2406" WIDTH="27" HEIGHT="23" CONTENT="m" WC="0.98" CC="0"/>
						<SP ID="P3_SP00673" HPOS="940" VPOS="2437" WIDTH="23"/>
						<String ID="P3_ST00825" HPOS="963" VPOS="2405" WIDTH="43" HEIGHT="25" CONTENT="the" WC="0.97" CC="110"/>
						<SP ID="P3_SP00674" HPOS="1006" VPOS="2437" WIDTH="24"/>
						<String ID="P3_ST00826" HPOS="1030" VPOS="2405" WIDTH="75" HEIGHT="25" CONTENT="River" WC="0.95" CC="20011"/>
						<SP ID="P3_SP00675" HPOS="1105" VPOS="2437" WIDTH="22"/>
						<String ID="P3_ST00827" HPOS="1127" VPOS="2404" WIDTH="97" HEIGHT="25" CONTENT="Rakaia" WC="0.90" CC="111121"/>
					</TextLine>
					<TextLine ID="P3_TL00143" HPOS="688" VPOS="2444" WIDTH="534" HEIGHT="31">
						<String ID="P3_ST00828" HPOS="688" VPOS="2446" WIDTH="49" HEIGHT="24" CONTENT="and" WC="0.95" CC="111"/>
						<SP ID="P3_SP00676" HPOS="737" VPOS="2470" WIDTH="11"/>
						<String ID="P3_ST00829" HPOS="748" VPOS="2446" WIDTH="22" HEIGHT="24" CONTENT="is" WC="0.96" CC="11"/>
						<SP ID="P3_SP00677" HPOS="770" VPOS="2470" WIDTH="11"/>
						<String ID="P3_ST00830" HPOS="781" VPOS="2445" WIDTH="108" HEIGHT="30" CONTENT="literally" WC="0.91" CC="010100141"/>
						<SP ID="P3_SP00678" HPOS="889" VPOS="2475" WIDTH="10"/>
						<String ID="P3_ST00831" HPOS="899" VPOS="2444" WIDTH="44" HEIGHT="24" CONTENT="the" WC="0.85" CC="410"/>
						<SP ID="P3_SP00679" HPOS="943" VPOS="2475" WIDTH="11"/>
						<String ID="P3_ST00832" HPOS="954" VPOS="2444" WIDTH="67" HEIGHT="24" CONTENT="bank" WC="0.98" CC="0001"/>
						<SP ID="P3_SP00680" HPOS="1021" VPOS="2475" WIDTH="12"/>
						<String ID="P3_ST00833" HPOS="1033" VPOS="2444" WIDTH="28" HEIGHT="25" CONTENT="of" WC="0.96" CC="01"/>
						<SP ID="P3_SP00681" HPOS="1061" VPOS="2475" WIDTH="9"/>
						<String ID="P3_ST00834" HPOS="1070" VPOS="2444" WIDTH="56" HEIGHT="25" CONTENT="that" WC="0.94" CC="0111"/>
						<SP ID="P3_SP00682" HPOS="1126" VPOS="2475" WIDTH="22"/>
						<String ID="P3_ST00835" HPOS="1148" VPOS="2445" WIDTH="74" HEIGHT="29" CONTENT="river," WC="0.96" CC="100012"/>
					</TextLine>
					<TextLine ID="P3_TL00144" HPOS="685" VPOS="2484" WIDTH="538" HEIGHT="33">
						<String ID="P3_ST00836" HPOS="685" VPOS="2487" WIDTH="21" HEIGHT="25" CONTENT="it" WC="1.00" CC="00"/>
						<SP ID="P3_SP00683" HPOS="706" VPOS="2512" WIDTH="12"/>
						<String ID="P3_ST00837" HPOS="718" VPOS="2486" WIDTH="21" HEIGHT="24" CONTENT="is" WC="0.96" CC="01"/>
						<SP ID="P3_SP00684" HPOS="739" VPOS="2512" WIDTH="13"/>
						<String ID="P3_ST00838" HPOS="752" VPOS="2485" WIDTH="132" HEIGHT="32" CONTENT="composed" WC="0.94" CC="10100301"/>
						<SP ID="P3_SP00685" HPOS="884" VPOS="2517" WIDTH="12"/>
						<String ID="P3_ST00839" HPOS="896" VPOS="2485" WIDTH="27" HEIGHT="24" CONTENT="of" WC="0.94" CC="01"/>
						<SP ID="P3_SP00686" HPOS="923" VPOS="2517" WIDTH="9"/>
						<String ID="P3_ST00840" HPOS="932" VPOS="2485" WIDTH="56" HEIGHT="30" CONTENT="pipe" WC="0.94" CC="1111"/>
						<SP ID="P3_SP00687" HPOS="988" VPOS="2517" WIDTH="12"/>
						<String ID="P3_ST00841" HPOS="1000" VPOS="2485" WIDTH="55" HEIGHT="31" CONTENT="clay" WC="0.94" CC="0102"/>
						<SP ID="P3_SP00688" HPOS="1055" VPOS="2517" WIDTH="20"/>
						<String ID="P3_ST00842" HPOS="1075" VPOS="2484" WIDTH="51" HEIGHT="25" CONTENT="and" WC="0.94" CC="102"/>
						<SP ID="P3_SP00689" HPOS="1126" VPOS="2517" WIDTH="24"/>
						<String ID="P3_ST00843" HPOS="1150" VPOS="2484" WIDTH="73" HEIGHT="25" CONTENT="when" WC="0.97" CC="1100"/>
					</TextLine>
					<TextLine ID="P3_TL00145" HPOS="686" VPOS="2524" WIDTH="537" HEIGHT="32">
						<String ID="P3_ST00844" HPOS="686" VPOS="2527" WIDTH="20" HEIGHT="25" CONTENT="it" WC="0.96" CC="01"/>
						<SP ID="P3_SP00690" HPOS="706" VPOS="2552" WIDTH="12"/>
						<String ID="P3_ST00845" HPOS="718" VPOS="2527" WIDTH="69" HEIGHT="25" CONTENT="rains" WC="0.96" CC="01101"/>
						<SP ID="P3_SP00691" HPOS="787" VPOS="2552" WIDTH="11"/>
						<String ID="P3_ST00846" HPOS="798" VPOS="2526" WIDTH="44" HEIGHT="24" CONTENT="the" WC="1.00" CC="000"/>
						<SP ID="P3_SP00692" HPOS="842" VPOS="2552" WIDTH="10"/>
						<String ID="P3_ST00847" HPOS="852" VPOS="2527" WIDTH="75" HEIGHT="23" CONTENT="Water" WC="0.95" CC="10012"/>
						<SP ID="P3_SP00693" HPOS="927" VPOS="2552" WIDTH="11"/>
						<String ID="P3_ST00848" HPOS="938" VPOS="2524" WIDTH="87" HEIGHT="25" CONTENT="makes" WC="0.95" CC="00111"/>
						<SP ID="P3_SP00694" HPOS="1025" VPOS="2552" WIDTH="14"/>
						<String ID="P3_ST00849" HPOS="1039" VPOS="2524" WIDTH="74" HEIGHT="25" CONTENT="small" WC="0.98" CC="11000"/>
						<SP ID="P3_SP00695" HPOS="1113" VPOS="2552" WIDTH="20"/>
						<String ID="P3_ST00850" HPOS="1133" VPOS="2525" WIDTH="90" HEIGHT="31" CONTENT="gullies" WC="0.97" CC="1000101"/>
					</TextLine>
					<TextLine ID="P3_TL00146" HPOS="685" VPOS="2563" WIDTH="538" HEIGHT="32">
						<String ID="P3_ST00851" HPOS="685" VPOS="2566" WIDTH="27" HEIGHT="23" CONTENT="m" WC="1.00" CC="0"/>
						<SP ID="P3_SP00696" HPOS="712" VPOS="2589" WIDTH="13"/>
						<String ID="P3_ST00852" HPOS="725" VPOS="2565" WIDTH="51" HEIGHT="24" CONTENT="this" WC="0.98" CC="0001"/>
						<SP ID="P3_SP00697" HPOS="776" VPOS="2589" WIDTH="8"/>
						<String ID="P3_ST00853" HPOS="784" VPOS="2564" WIDTH="56" HEIGHT="31" CONTENT="pipe" WC="0.95" CC="1101"/>
						<SP ID="P3_SP00698" HPOS="840" VPOS="2595" WIDTH="10"/>
						<String ID="P3_ST00854" HPOS="850" VPOS="2565" WIDTH="54" HEIGHT="29" CONTENT="clay" WC="0.99" CC="0001"/>
						<SP ID="P3_SP00699" HPOS="904" VPOS="2595" WIDTH="8"/>
						<String ID="P3_ST00855" HPOS="912" VPOS="2564" WIDTH="43" HEIGHT="24" CONTENT="out" WC="0.97" CC="011"/>
						<SP ID="P3_SP00700" HPOS="955" VPOS="2595" WIDTH="12"/>
						<String ID="P3_ST00856" HPOS="967" VPOS="2563" WIDTH="28" HEIGHT="24" CONTENT="of" WC="0.96" CC="01"/>
						<SP ID="P3_SP00701" HPOS="995" VPOS="2595" WIDTH="7"/>
						<String ID="P3_ST00857" HPOS="1002" VPOS="2563" WIDTH="81" HEIGHT="24" CONTENT="which" WC="0.97" CC="10011"/>
						<SP ID="P3_SP00702" HPOS="1083" VPOS="2595" WIDTH="12"/>
						<String ID="P3_ST00858" HPOS="1095" VPOS="2563" WIDTH="21" HEIGHT="24" CONTENT="it" WC="0.98" CC="01"/>
						<SP ID="P3_SP00703" HPOS="1116" VPOS="2595" WIDTH="12"/>
						<String ID="P3_ST00859" HPOS="1128" VPOS="2563" WIDTH="95" HEIGHT="25" CONTENT="washes" WC="0.87" CC="102141"/>
					</TextLine>
					<TextLine ID="P3_TL00147" HPOS="685" VPOS="2600" WIDTH="536" HEIGHT="32">
						<String ID="P3_ST00860" HPOS="685" VPOS="2604" WIDTH="70" HEIGHT="24" CONTENT="these" WC="0.93" CC="21020"/>
						<SP ID="P3_SP00704" HPOS="755" VPOS="2628" WIDTH="12"/>
						<String ID="P3_ST00861" HPOS="767" VPOS="2601" WIDTH="146" HEIGHT="29" CONTENT="curiosities," WC="0.95" CC="010001110121"/>
						<SP ID="P3_SP00705" HPOS="913" VPOS="2630" WIDTH="14"/>
						<String ID="P3_ST00862" HPOS="927" VPOS="2601" WIDTH="59" HEIGHT="31" CONTENT="they" WC="0.98" CC="1100"/>
						<SP ID="P3_SP00706" HPOS="986" VPOS="2632" WIDTH="13"/>
						<String ID="P3_ST00863" HPOS="999" VPOS="2609" WIDTH="46" HEIGHT="16" CONTENT="can" WC="0.95" CC="011"/>
						<SP ID="P3_SP00707" HPOS="1045" VPOS="2632" WIDTH="13"/>
						<String ID="P3_ST00864" HPOS="1058" VPOS="2600" WIDTH="29" HEIGHT="25" CONTENT="be" WC="1.00" CC="00"/>
						<SP ID="P3_SP00708" HPOS="1087" VPOS="2632" WIDTH="12"/>
						<String ID="P3_ST00865" HPOS="1099" VPOS="2601" WIDTH="77" HEIGHT="24" CONTENT="found" WC="0.95" CC="10211"/>
						<SP ID="P3_SP00709" HPOS="1176" VPOS="2632" WIDTH="12"/>
						<String ID="P3_ST00866" HPOS="1188" VPOS="2609" WIDTH="33" HEIGHT="16" CONTENT="on" WC="0.87" CC="03"/>
					</TextLine>
					<TextLine ID="P3_TL00148" HPOS="686" VPOS="2637" WIDTH="415" HEIGHT="35">
						<String ID="P3_ST00867" HPOS="686" VPOS="2640" WIDTH="43" HEIGHT="27" CONTENT="the" WC="0.90" CC="111"/>
						<SP ID="P3_SP00710" HPOS="729" VPOS="2667" WIDTH="12"/>
						<String ID="P3_ST00868" HPOS="741" VPOS="2639" WIDTH="98" HEIGHT="33" CONTENT="shingle" WC="0.92" CC="1111111"/>
						<SP ID="P3_SP00711" HPOS="839" VPOS="2672" WIDTH="11"/>
						<String ID="P3_ST00869" HPOS="850" VPOS="2638" WIDTH="107" HEIGHT="26" CONTENT="beneath" WC="0.98" CC="0000011"/>
						<SP ID="P3_SP00712" HPOS="957" VPOS="2672" WIDTH="14"/>
						<String ID="P3_ST00870" HPOS="971" VPOS="2638" WIDTH="43" HEIGHT="25" CONTENT="the" WC="0.91" CC="111"/>
						<SP ID="P3_SP00713" HPOS="1014" VPOS="2672" WIDTH="12"/>
						<String ID="P3_ST00871" HPOS="1026" VPOS="2637" WIDTH="75" HEIGHT="26" CONTENT="bank." WC="0.95" CC="11011"/>
					</TextLine>
					<TextLine ID="P3_TL00149" HPOS="718" VPOS="2679" WIDTH="502" HEIGHT="33">
						<String ID="P3_ST00872" HPOS="718" VPOS="2680" WIDTH="27" HEIGHT="25" CONTENT="If" WC="0.96" CC="11"/>
						<SP ID="P3_SP00714" HPOS="745" VPOS="2705" WIDTH="8"/>
						<String ID="P3_ST00873" HPOS="753" VPOS="2688" WIDTH="48" HEIGHT="24" CONTENT="you" WC="0.95" CC="101"/>
						<SP ID="P3_SP00715" HPOS="801" VPOS="2712" WIDTH="11"/>
						<String ID="P3_ST00874" HPOS="812" VPOS="2682" WIDTH="63" HEIGHT="22" CONTENT="start" WC="0.96" CC="10002"/>
						<SP ID="P3_SP00716" HPOS="875" VPOS="2712" WIDTH="11"/>
						<String ID="P3_ST00875" HPOS="886" VPOS="2679" WIDTH="64" HEIGHT="24" CONTENT="from" WC="0.98" CC="0001"/>
						<SP ID="P3_SP00717" HPOS="950" VPOS="2712" WIDTH="24"/>
						<String ID="P3_ST00876" HPOS="974" VPOS="2679" WIDTH="82" HEIGHT="24" CONTENT="where" WC="0.96" CC="01011"/>
						<SP ID="P3_SP00718" HPOS="1056" VPOS="2712" WIDTH="23"/>
						<String ID="P3_ST00877" HPOS="1079" VPOS="2679" WIDTH="43" HEIGHT="23" CONTENT="the" WC="0.94" CC="011"/>
						<SP ID="P3_SP00719" HPOS="1122" VPOS="2712" WIDTH="24"/>
						<String ID="P3_ST00878" HPOS="1146" VPOS="2679" WIDTH="74" HEIGHT="24" CONTENT="River" WC="0.96" CC="01110"/>
					</TextLine>
					<TextLine ID="P3_TL00150" HPOS="667" VPOS="2715" WIDTH="557" HEIGHT="29">
						<String ID="P3_ST00879" HPOS="667" VPOS="2729" WIDTH="2" HEIGHT="2" CONTENT="■" WC="1.00" CC="0"/>
						<SP ID="P3_SP00720" HPOS="669" VPOS="2731" WIDTH="18"/>
						<String ID="P3_ST00880" HPOS="687" VPOS="2719" WIDTH="115" HEIGHT="25" CONTENT="Acheron" WC="0.95" CC="0000201"/>
						<SP ID="P3_SP00721" HPOS="802" VPOS="2744" WIDTH="26"/>
						<String ID="P3_ST00881" HPOS="828" VPOS="2718" WIDTH="83" HEIGHT="23" CONTENT="unites" WC="0.93" CC="111011"/>
						<SP ID="P3_SP00722" HPOS="911" VPOS="2744" WIDTH="28"/>
						<String ID="P3_ST00882" HPOS="939" VPOS="2717" WIDTH="34" HEIGHT="24" CONTENT="its" WC="0.97" CC="011"/>
						<SP ID="P3_SP00723" HPOS="973" VPOS="2744" WIDTH="29"/>
						<String ID="P3_ST00883" HPOS="1002" VPOS="2715" WIDTH="104" HEIGHT="26" CONTENT="shallow" WC="0.96" CC="1110001"/>
						<SP ID="P3_SP00724" HPOS="1106" VPOS="2744" WIDTH="28"/>
						<String ID="P3_ST00884" HPOS="1134" VPOS="2718" WIDTH="90" HEIGHT="23" CONTENT="waters" WC="0.93" CC="111111"/>
					</TextLine>
					<TextLine ID="P3_TL00151" HPOS="684" VPOS="2757" WIDTH="537" HEIGHT="31">
						<String ID="P3_ST00885" HPOS="684" VPOS="2759" WIDTH="61" HEIGHT="26" CONTENT="with" WC="0.94" CC="1110"/>
						<SP ID="P3_SP00725" HPOS="745" VPOS="2785" WIDTH="12"/>
						<String ID="P3_ST00886" HPOS="757" VPOS="2759" WIDTH="72" HEIGHT="25" CONTENT="thoss" WC="0.87" CC="10015"/>
						<SP ID="P3_SP00726" HPOS="829" VPOS="2785" WIDTH="11"/>
						<String ID="P3_ST00887" HPOS="840" VPOS="2757" WIDTH="27" HEIGHT="26" CONTENT="of" WC="0.98" CC="01"/>
						<SP ID="P3_SP00727" HPOS="867" VPOS="2785" WIDTH="10"/>
						<String ID="P3_ST00888" HPOS="877" VPOS="2757" WIDTH="42" HEIGHT="25" CONTENT="the" WC="0.97" CC="001"/>
						<SP ID="P3_SP00728" HPOS="919" VPOS="2785" WIDTH="12"/>
						<String ID="P3_ST00889" HPOS="931" VPOS="2757" WIDTH="95" HEIGHT="24" CONTENT="Rakaia" WC="0.93" CC="211210"/>
						<SP ID="P3_SP00729" HPOS="1026" VPOS="2785" WIDTH="12"/>
						<String ID="P3_ST00890" HPOS="1038" VPOS="2765" WIDTH="48" HEIGHT="23" CONTENT="you" WC="1.00" CC="000"/>
						<SP ID="P3_SP00730" HPOS="1086" VPOS="2788" WIDTH="12"/>
						<String ID="P3_ST00891" HPOS="1098" VPOS="2764" WIDTH="47" HEIGHT="17" CONTENT="con" WC="0.95" CC="020"/>
						<SP ID="P3_SP00731" HPOS="1145" VPOS="2788" WIDTH="13"/>
						<String ID="P3_ST00892" HPOS="1158" VPOS="2757" WIDTH="63" HEIGHT="24" CONTENT="walk" WC="0.97" CC="1100"/>
					</TextLine>
					<TextLine ID="P3_TL00152" HPOS="687" VPOS="2797" WIDTH="534" HEIGHT="31">
						<String ID="P3_ST00893" HPOS="687" VPOS="2802" WIDTH="48" HEIGHT="22" CONTENT="two" WC="0.97" CC="110"/>
						<SP ID="P3_SP00732" HPOS="735" VPOS="2824" WIDTH="12"/>
						<String ID="P3_ST00894" HPOS="747" VPOS="2799" WIDTH="59" HEIGHT="24" CONTENT="mile" WC="0.93" CC="1011"/>
						<String ID="P3_ST00895" HPOS="809" VPOS="2807" WIDTH="4" HEIGHT="9" CONTENT="1" WC="0.81" CC="2"/>
						<String ID="P3_ST00896" HPOS="813" VPOS="2813" WIDTH="5" HEIGHT="10" CONTENT=":" WC="0.93" CC="1"/>
						<String ID="P3_ST00897" HPOS="816" VPOS="2807" WIDTH="3" HEIGHT="6" CONTENT="1" WC="1.00" CC="0"/>
						<SP ID="P3_SP00733" HPOS="819" VPOS="2824" WIDTH="9"/>
						<String ID="P3_ST00898" HPOS="828" VPOS="2806" WIDTH="33" HEIGHT="22" CONTENT="up" WC="0.89" CC="12"/>
						<SP ID="P3_SP00734" HPOS="861" VPOS="2828" WIDTH="12"/>
						<String ID="P3_ST00899" HPOS="873" VPOS="2798" WIDTH="65" HEIGHT="23" CONTENT="river" WC="0.97" CC="10001"/>
						<SP ID="P3_SP00735" HPOS="938" VPOS="2828" WIDTH="9"/>
						<String ID="P3_ST00900" HPOS="947" VPOS="2797" WIDTH="50" HEIGHT="24" CONTENT="and" WC="0.94" CC="111"/>
						<SP ID="P3_SP00736" HPOS="997" VPOS="2828" WIDTH="11"/>
						<String ID="P3_ST00901" HPOS="1008" VPOS="2797" WIDTH="53" HEIGHT="23" CONTENT="find" WC="0.76" CC="4411"/>
						<SP ID="P3_SP00737" HPOS="1061" VPOS="2828" WIDTH="12"/>
						<String ID="P3_ST00902" HPOS="1073" VPOS="2797" WIDTH="71" HEIGHT="24" CONTENT="these" WC="0.93" CC="12011"/>
						<SP ID="P3_SP00738" HPOS="1144" VPOS="2828" WIDTH="13"/>
						<String ID="P3_ST00903" HPOS="1157" VPOS="2805" WIDTH="64" HEIGHT="16" CONTENT="won" SUBS_TYPE="HypPart1" SUBS_CONTENT="won'dcrful" WC="0.98" CC="1010"/>
						<HYP CONTENT="-"/>
					</TextLine>
					<TextLine ID="P3_TL00153" HPOS="672" VPOS="2834" WIDTH="550" HEIGHT="32">
						<String ID="P3_ST00904" HPOS="672" VPOS="2837" WIDTH="95" HEIGHT="24" CONTENT="'dcrful" SUBS_TYPE="HypPart2" SUBS_CONTENT="won'dcrful" WC="0.93" CC="2111011"/>
						<SP ID="P3_SP00739" HPOS="767" VPOS="2861" WIDTH="11"/>
						<String ID="P3_ST00905" HPOS="778" VPOS="2837" WIDTH="67" HEIGHT="24" CONTENT="little" WC="0.95" CC="001121"/>
						<SP ID="P3_SP00740" HPOS="845" VPOS="2861" WIDTH="12"/>
						<String ID="P3_ST00906" HPOS="857" VPOS="2835" WIDTH="86" HEIGHT="31" CONTENT="things" WC="0.93" CC="011121"/>
						<SP ID="P3_SP00741" HPOS="943" VPOS="2866" WIDTH="12"/>
						<String ID="P3_ST00907" HPOS="955" VPOS="2834" WIDTH="122" HEIGHT="25" CONTENT="scattered" WC="0.92" CC="111111101"/>
						<SP ID="P3_SP00742" HPOS="1077" VPOS="2866" WIDTH="21"/>
						<String ID="P3_ST00908" HPOS="1098" VPOS="2834" WIDTH="76" HEIGHT="25" CONTENT="about" WC="0.99" CC="00010"/>
						<SP ID="P3_SP00743" HPOS="1174" VPOS="2866" WIDTH="21"/>
						<String ID="P3_ST00909" HPOS="1195" VPOS="2834" WIDTH="27" HEIGHT="24" CONTENT="m" WC="0.96" CC="1"/>
					</TextLine>
					<TextLine ID="P3_TL00154" HPOS="686" VPOS="2872" WIDTH="537" HEIGHT="35">
						<String ID="P3_ST00910" HPOS="686" VPOS="2876" WIDTH="59" HEIGHT="24" CONTENT="wild" WC="0.94" CC="2101"/>
						<SP ID="P3_SP00744" HPOS="745" VPOS="2900" WIDTH="11"/>
						<String ID="P3_ST00911" HPOS="756" VPOS="2874" WIDTH="134" HEIGHT="33" CONTENT="profusion." WC="0.87" CC="1101361011"/>
						<SP ID="P3_SP00745" HPOS="890" VPOS="2907" WIDTH="37"/>
						<String ID="P3_ST00912" HPOS="927" VPOS="2873" WIDTH="56" HEIGHT="25" CONTENT="You" WC="0.99" CC="001"/>
						<SP ID="P3_SP00746" HPOS="983" VPOS="2907" WIDTH="5"/>
						<String ID="P3_ST00913" HPOS="988" VPOS="2873" WIDTH="52" HEIGHT="25" CONTENT="will" WC="0.96" CC="1110"/>
						<SP ID="P3_SP00747" HPOS="1040" VPOS="2907" WIDTH="12"/>
						<String ID="P3_ST00914" HPOS="1052" VPOS="2872" WIDTH="53" HEIGHT="25" CONTENT="find" WC="0.90" CC="2211"/>
						<SP ID="P3_SP00748" HPOS="1105" VPOS="2907" WIDTH="13"/>
						<String ID="P3_ST00915" HPOS="1118" VPOS="2873" WIDTH="105" HEIGHT="25" CONTENT="circular" WC="0.95" CC="00101011"/>
					</TextLine>
					<TextLine ID="P3_TL00155" HPOS="686" VPOS="2910" WIDTH="536" HEIGHT="33">
						<String ID="P3_ST00916" HPOS="686" VPOS="2915" WIDTH="45" HEIGHT="23" CONTENT="flat" WC="0.93" CC="1111"/>
						<SP ID="P3_SP00749" HPOS="731" VPOS="2938" WIDTH="12"/>
						<String ID="P3_ST00917" HPOS="743" VPOS="2915" WIDTH="85" HEIGHT="23" CONTENT="stones" WC="0.94" CC="110111"/>
						<SP ID="P3_SP00750" HPOS="828" VPOS="2938" WIDTH="12"/>
						<String ID="P3_ST00918" HPOS="840" VPOS="2911" WIDTH="118" HEIGHT="32" CONTENT="perfectly" WC="0.94" CC="111201101"/>
						<SP ID="P3_SP00751" HPOS="958" VPOS="2943" WIDTH="13"/>
						<String ID="P3_ST00919" HPOS="971" VPOS="2910" WIDTH="73" HEIGHT="25" CONTENT="circle" WC="0.96" CC="111110"/>
						<SP ID="P3_SP00752" HPOS="1044" VPOS="2943" WIDTH="23"/>
						<String ID="P3_ST00920" HPOS="1067" VPOS="2910" WIDTH="62" HEIGHT="25" CONTENT="with" WC="0.91" CC="1121"/>
						<SP ID="P3_SP00753" HPOS="1129" VPOS="2943" WIDTH="23"/>
						<String ID="P3_ST00921" HPOS="1152" VPOS="2911" WIDTH="70" HEIGHT="30" CONTENT="rings" WC="0.90" CC="11111"/>
					</TextLine>
					<TextLine ID="P3_TL00156" HPOS="687" VPOS="2952" WIDTH="535" HEIGHT="31">
						<String ID="P3_ST00922" HPOS="687" VPOS="2954" WIDTH="49" HEIGHT="24" CONTENT="like" WC="0.95" CC="0111"/>
						<SP ID="P3_SP00754" HPOS="736" VPOS="2978" WIDTH="13"/>
						<String ID="P3_ST00923" HPOS="749" VPOS="2962" WIDTH="15" HEIGHT="16" CONTENT="a" WC="1.00" CC="0"/>
						<SP ID="P3_SP00755" HPOS="764" VPOS="2978" WIDTH="12"/>
						<String ID="P3_ST00924" HPOS="776" VPOS="2954" WIDTH="80" HEIGHT="29" CONTENT="target" WC="0.89" CC="011411"/>
						<SP ID="P3_SP00756" HPOS="856" VPOS="2983" WIDTH="12"/>
						<String ID="P3_ST00925" HPOS="868" VPOS="2954" WIDTH="25" HEIGHT="22" CONTENT="to" WC="1.00" CC="00"/>
						<SP ID="P3_SP00757" HPOS="893" VPOS="2983" WIDTH="13"/>
						<String ID="P3_ST00926" HPOS="906" VPOS="2952" WIDTH="65" HEIGHT="24" CONTENT="their" WC="0.98" CC="01010"/>
						<SP ID="P3_SP00758" HPOS="971" VPOS="2983" WIDTH="12"/>
						<String ID="P3_ST00927" HPOS="983" VPOS="2959" WIDTH="57" HEIGHT="23" CONTENT="very" WC="1.00" CC="0000"/>
						<SP ID="P3_SP00759" HPOS="1040" VPOS="2983" WIDTH="13"/>
						<String ID="P3_ST00928" HPOS="1053" VPOS="2952" WIDTH="92" HEIGHT="27" CONTENT="centre," WC="0.97" CC="0111000"/>
						<SP ID="P3_SP00760" HPOS="1145" VPOS="2983" WIDTH="19"/>
						<String ID="P3_ST00929" HPOS="1164" VPOS="2959" WIDTH="58" HEIGHT="16" CONTENT="con" SUBS_TYPE="HypPart1" SUBS_CONTENT="conical" WC="0.98" CC="0011"/>
						<HYP CONTENT="-"/>
					</TextLine>
					<TextLine ID="P3_TL00157" HPOS="686" VPOS="2988" WIDTH="536" HEIGHT="34">
						<String ID="P3_ST00930" HPOS="686" VPOS="2992" WIDTH="48" HEIGHT="24" CONTENT="ical" SUBS_TYPE="HypPart2" SUBS_CONTENT="conical" WC="0.99" CC="0001"/>
						<SP ID="P3_SP00761" HPOS="734" VPOS="3016" WIDTH="12"/>
						<String ID="P3_ST00931" HPOS="746" VPOS="2991" WIDTH="94" HEIGHT="31" CONTENT="shaped" WC="0.92" CC="111211"/>
						<SP ID="P3_SP00762" HPOS="840" VPOS="3022" WIDTH="13"/>
						<String ID="P3_ST00932" HPOS="853" VPOS="2992" WIDTH="84" HEIGHT="23" CONTENT="stones" WC="0.90" CC="310111"/>
						<SP ID="P3_SP00763" HPOS="937" VPOS="3022" WIDTH="13"/>
						<String ID="P3_ST00933" HPOS="950" VPOS="2989" WIDTH="44" HEIGHT="24" CONTENT="flat" WC="0.88" CC="2201"/>
						<SP ID="P3_SP00764" HPOS="994" VPOS="3022" WIDTH="13"/>
						<String ID="P3_ST00934" HPOS="1007" VPOS="2991" WIDTH="25" HEIGHT="22" CONTENT="at" WC="0.94" CC="11"/>
						<SP ID="P3_SP00765" HPOS="1032" VPOS="3022" WIDTH="13"/>
						<String ID="P3_ST00935" HPOS="1045" VPOS="2989" WIDTH="42" HEIGHT="24" CONTENT="the" WC="0.95" CC="111"/>
						<SP ID="P3_SP00766" HPOS="1087" VPOS="3022" WIDTH="14"/>
						<String ID="P3_ST00936" HPOS="1101" VPOS="2988" WIDTH="58" HEIGHT="25" CONTENT="base" WC="0.95" CC="1111"/>
						<SP ID="P3_SP00767" HPOS="1159" VPOS="3022" WIDTH="13"/>
						<String ID="P3_ST00937" HPOS="1172" VPOS="2988" WIDTH="50" HEIGHT="25" CONTENT="and" WC="0.93" CC="111"/>
					</TextLine>
					<TextLine ID="P3_TL00158" HPOS="686" VPOS="3026" WIDTH="540" HEIGHT="35">
						<String ID="P3_ST00938" HPOS="686" VPOS="3030" WIDTH="87" HEIGHT="31" CONTENT="ringed" WC="0.96" CC="111100"/>
						<SP ID="P3_SP00768" HPOS="773" VPOS="3061" WIDTH="13"/>
						<String ID="P3_ST00939" HPOS="786" VPOS="3031" WIDTH="25" HEIGHT="23" CONTENT="to" WC="0.98" CC="10"/>
						<SP ID="P3_SP00769" HPOS="811" VPOS="3061" WIDTH="13"/>
						<String ID="P3_ST00940" HPOS="824" VPOS="3028" WIDTH="41" HEIGHT="25" CONTENT="the" WC="0.86" CC="311"/>
						<SP ID="P3_SP00770" HPOS="865" VPOS="3061" WIDTH="13"/>
						<String ID="P3_ST00941" HPOS="878" VPOS="3030" WIDTH="42" HEIGHT="29" CONTENT="top" WC="0.91" CC="201"/>
						<SP ID="P3_SP00771" HPOS="920" VPOS="3061" WIDTH="9"/>
						<String ID="P3_ST00942" HPOS="929" VPOS="3027" WIDTH="80" HEIGHT="24" CONTENT="which" WC="0.93" CC="02102"/>
						<SP ID="P3_SP00772" HPOS="1009" VPOS="3061" WIDTH="14"/>
						<String ID="P3_ST00943" HPOS="1023" VPOS="3026" WIDTH="21" HEIGHT="25" CONTENT="is" WC="0.89" CC="12"/>
						<SP ID="P3_SP00773" HPOS="1044" VPOS="3061" WIDTH="11"/>
						<String ID="P3_ST00944" HPOS="1055" VPOS="3026" WIDTH="42" HEIGHT="25" CONTENT="the" WC="0.93" CC="111"/>
						<SP ID="P3_SP00774" HPOS="1097" VPOS="3061" WIDTH="13"/>
						<String ID="P3_ST00945" HPOS="1110" VPOS="3027" WIDTH="76" HEIGHT="31" CONTENT="shape" WC="0.90" CC="11112"/>
						<SP ID="P3_SP00775" HPOS="1186" VPOS="3061" WIDTH="13"/>
						<String ID="P3_ST00946" HPOS="1199" VPOS="3027" WIDTH="27" HEIGHT="24" CONTENT="of" WC="0.98" CC="01"/>
					</TextLine>
					<TextLine ID="P3_TL00159" HPOS="686" VPOS="3064" WIDTH="535" HEIGHT="32">
						<String ID="P3_ST00947" HPOS="686" VPOS="3076" WIDTH="15" HEIGHT="17" CONTENT="a" WC="1.00" CC="0"/>
						<SP ID="P3_SP00776" HPOS="701" VPOS="3093" WIDTH="22"/>
						<String ID="P3_ST00948" HPOS="723" VPOS="3068" WIDTH="98" HEIGHT="27" CONTENT="button," WC="0.94" CC="1011011"/>
						<SP ID="P3_SP00777" HPOS="821" VPOS="3095" WIDTH="25"/>
						<String ID="P3_ST00949" HPOS="846" VPOS="3070" WIDTH="84" HEIGHT="21" CONTENT="stones" WC="0.91" CC="211111"/>
						<SP ID="P3_SP00778" HPOS="930" VPOS="3095" WIDTH="24"/>
						<String ID="P3_ST00950" HPOS="954" VPOS="3065" WIDTH="93" HEIGHT="31" CONTENT="shaped" WC="0.91" CC="211111"/>
						<SP ID="P3_SP00779" HPOS="1047" VPOS="3096" WIDTH="23"/>
						<String ID="P3_ST00951" HPOS="1070" VPOS="3064" WIDTH="50" HEIGHT="25" CONTENT="like" WC="0.98" CC="0110"/>
						<SP ID="P3_SP00780" HPOS="1120" VPOS="3096" WIDTH="30"/>
						<String ID="P3_ST00952" HPOS="1150" VPOS="3064" WIDTH="71" HEIGHT="29" CONTENT="hens," WC="0.90" CC="11121"/>
					</TextLine>
					<TextLine ID="P3_TL00160" HPOS="686" VPOS="3103" WIDTH="538" HEIGHT="32">
						<String ID="P3_ST00953" HPOS="686" VPOS="3106" WIDTH="78" HEIGHT="25" CONTENT="ducks" WC="0.92" CC="12011"/>
						<SP ID="P3_SP00781" HPOS="764" VPOS="3131" WIDTH="12"/>
						<String ID="P3_ST00954" HPOS="776" VPOS="3105" WIDTH="50" HEIGHT="25" CONTENT="and" WC="0.93" CC="111"/>
						<SP ID="P3_SP00782" HPOS="826" VPOS="3131" WIDTH="12"/>
						<String ID="P3_ST00955" HPOS="838" VPOS="3105" WIDTH="72" HEIGHT="25" CONTENT="other" WC="0.95" CC="02001"/>
						<SP ID="P3_SP00783" HPOS="910" VPOS="3131" WIDTH="12"/>
						<String ID="P3_ST00956" HPOS="922" VPOS="3103" WIDTH="85" HEIGHT="32" CONTENT="things" WC="0.94" CC="110111"/>
						<SP ID="P3_SP00784" HPOS="1007" VPOS="3135" WIDTH="18"/>
						<String ID="P3_ST00957" HPOS="1025" VPOS="3104" WIDTH="41" HEIGHT="24" CONTENT="too" WC="0.97" CC="010"/>
						<SP ID="P3_SP00785" HPOS="1066" VPOS="3135" WIDTH="23"/>
						<String ID="P3_ST00958" HPOS="1089" VPOS="3110" WIDTH="135" HEIGHT="17" CONTENT="numerous" WC="0.93" CC="01001014"/>
					</TextLine>
					<TextLine ID="P3_TL00161" HPOS="687" VPOS="3141" WIDTH="537" HEIGHT="32">
						<String ID="P3_ST00959" HPOS="687" VPOS="3147" WIDTH="26" HEIGHT="23" CONTENT="to" WC="1.00" CC="00"/>
						<SP ID="P3_SP00786" HPOS="713" VPOS="3170" WIDTH="11"/>
						<String ID="P3_ST00960" HPOS="724" VPOS="3143" WIDTH="122" HEIGHT="26" CONTENT="mention." WC="0.97" CC="20100001"/>
						<SP ID="P3_SP00787" HPOS="846" VPOS="3170" WIDTH="35"/>
						<String ID="P3_ST00961" HPOS="881" VPOS="3143" WIDTH="25" HEIGHT="24" CONTENT="It" WC="0.98" CC="01"/>
						<SP ID="P3_SP00788" HPOS="906" VPOS="3170" WIDTH="17"/>
						<String ID="P3_ST00962" HPOS="923" VPOS="3142" WIDTH="22" HEIGHT="24" CONTENT="is" WC="1.00" CC="00"/>
						<SP ID="P3_SP00789" HPOS="945" VPOS="3170" WIDTH="12"/>
						<String ID="P3_ST00963" HPOS="957" VPOS="3141" WIDTH="92" HEIGHT="32" CONTENT="rightly" WC="0.99" CC="1010000"/>
						<SP ID="P3_SP00790" HPOS="1049" VPOS="3173" WIDTH="18"/>
						<String ID="P3_ST00964" HPOS="1067" VPOS="3141" WIDTH="91" HEIGHT="24" CONTENT="named" WC="0.98" CC="01010"/>
						<SP ID="P3_SP00791" HPOS="1158" VPOS="3173" WIDTH="24"/>
						<String ID="P3_ST00965" HPOS="1182" VPOS="3142" WIDTH="42" HEIGHT="24" CONTENT="the" WC="0.99" CC="010"/>
					</TextLine>
					<TextLine ID="P3_TL00162" HPOS="688" VPOS="3179" WIDTH="536" HEIGHT="32">
						<String ID="P3_ST00966" HPOS="688" VPOS="3187" WIDTH="14" HEIGHT="11" CONTENT='"' WC="0.85" CC="2"/>
						<SP ID="P3_SP00792" HPOS="702" VPOS="3198" WIDTH="13"/>
						<String ID="P3_ST00967" HPOS="715" VPOS="3183" WIDTH="48" HEIGHT="24" CONTENT="Old" WC="0.97" CC="011"/>
						<SP ID="P3_SP00793" HPOS="763" VPOS="3207" WIDTH="23"/>
						<String ID="P3_ST00968" HPOS="786" VPOS="3181" WIDTH="125" HEIGHT="30" CONTENT="Curiosity" WC="0.98" CC="010001010"/>
						<SP ID="P3_SP00794" HPOS="911" VPOS="3211" WIDTH="25"/>
						<String ID="P3_ST00969" HPOS="936" VPOS="3180" WIDTH="95" HEIGHT="31" CONTENT='Shop,"' WC="0.94" CC="210110"/>
						<SP ID="P3_SP00795" HPOS="1031" VPOS="3211" WIDTH="25"/>
						<String ID="P3_ST00970" HPOS="1056" VPOS="3179" WIDTH="122" HEIGHT="32" CONTENT="certainly" WC="0.95" CC="011011102"/>
						<SP ID="P3_SP00796" HPOS="1178" VPOS="3211" WIDTH="31"/>
						<String ID="P3_ST00971" HPOS="1209" VPOS="3188" WIDTH="15" HEIGHT="16" CONTENT="a" WC="1.00" CC="0"/>
					</TextLine>
					<TextLine ID="P3_TL00163" HPOS="687" VPOS="3217" WIDTH="501" HEIGHT="35">
						<String ID="P3_ST00972" HPOS="687" VPOS="3220" WIDTH="115" HEIGHT="32" CONTENT="splendid" WC="0.96" CC="11011011"/>
						<SP ID="P3_SP00797" HPOS="802" VPOS="3252" WIDTH="10"/>
						<String ID="P3_ST00973" HPOS="812" VPOS="3218" WIDTH="100" HEIGHT="31" CONTENT="holiday" WC="0.97" CC="1000111"/>
						<SP ID="P3_SP00798" HPOS="912" VPOS="3252" WIDTH="12"/>
						<String ID="P3_ST00974" HPOS="924" VPOS="3220" WIDTH="80" HEIGHT="22" CONTENT="resort" WC="0.96" CC="111010"/>
						<SP ID="P3_SP00799" HPOS="1004" VPOS="3252" WIDTH="12"/>
						<String ID="P3_ST00975" HPOS="1016" VPOS="3217" WIDTH="37" HEIGHT="25" CONTENT="for" WC="0.97" CC="101"/>
						<SP ID="P3_SP00800" HPOS="1053" VPOS="3252" WIDTH="24"/>
						<String ID="P3_ST00976" HPOS="1077" VPOS="3217" WIDTH="111" HEIGHT="24" CONTENT="tourists." WC="0.96" CC="101111100"/>
					</TextLine>
					<TextLine ID="P3_TL00164" HPOS="886" VPOS="3258" WIDTH="138" HEIGHT="27">
						<String ID="P3_ST00977" HPOS="886" VPOS="3258" WIDTH="81" HEIGHT="24" CONTENT="Yours" WC="0.98" CC="10001"/>
						<SP ID="P3_SP00801" HPOS="967" VPOS="3282" WIDTH="14"/>
						<String ID="P3_ST00978" HPOS="981" VPOS="3258" WIDTH="43" HEIGHT="27" CONTENT="&amp;c," WC="0.94" CC="101"/>
					</TextLine>
					<TextLine ID="P3_TL00165" HPOS="969" VPOS="3296" WIDTH="219" HEIGHT="28">
						<String ID="P3_ST00979" HPOS="969" VPOS="3297" WIDTH="29" HEIGHT="27" CONTENT="F." WC="0.93" CC="11"/>
						<SP ID="P3_SP00802" HPOS="998" VPOS="3324" WIDTH="13"/>
						<String ID="P3_ST00980" HPOS="1011" VPOS="3296" WIDTH="23" HEIGHT="25" CONTENT="J." WC="0.96" CC="10"/>
						<SP ID="P3_SP00803" HPOS="1034" VPOS="3324" WIDTH="13"/>
						<String ID="P3_ST00981" HPOS="1047" VPOS="3296" WIDTH="141" HEIGHT="25" CONTENT="Farrelly." WC="0.93" CC="000021211"/>
					</TextLine>
				</TextBlock>
				<TextBlock ID="P3_TB00009" HPOS="803" VPOS="3422" WIDTH="294" HEIGHT="26" STYLEREFS="TXT_0 PAR_LEFT">
					<TextLine ID="P3_TL00166" HPOS="803" VPOS="3422" WIDTH="294" HEIGHT="26" CS="1">
						<String ID="P3_ST00982" HPOS="803" VPOS="3424" WIDTH="143" HEIGHT="24" CONTENT="MARKET" WC="0.95" CC="111110"/>
						<SP ID="P3_SP00804" HPOS="946" VPOS="3448" WIDTH="14"/>
						<String ID="P3_ST00983" HPOS="960" VPOS="3422" WIDTH="137" HEIGHT="25" CONTENT="REPORT." WC="0.94" CC="1110100"/>
					</TextLine>
				</TextBlock>
				<TextBlock ID="P3_TB00010" HPOS="680" VPOS="3500" WIDTH="546" HEIGHT="433" STYLEREFS="TXT_0 PAR_LEFT">
					<TextLine ID="P3_TL00167" HPOS="720" VPOS="3505" WIDTH="502" HEIGHT="33">
						<String ID="P3_ST00984" HPOS="720" VPOS="3507" WIDTH="130" HEIGHT="31" CONTENT="Thursday" WC="0.88" CC="11142111"/>
						<SP ID="P3_SP00805" HPOS="850" VPOS="3538" WIDTH="12"/>
						<String ID="P3_ST00985" HPOS="862" VPOS="3507" WIDTH="49" HEIGHT="24" CONTENT="last" WC="0.89" CC="0113"/>
						<SP ID="P3_SP00806" HPOS="911" VPOS="3538" WIDTH="13"/>
						<String ID="P3_ST00986" HPOS="924" VPOS="3514" WIDTH="48" HEIGHT="17" CONTENT="was" WC="0.89" CC="112"/>
						<SP ID="P3_SP00807" HPOS="972" VPOS="3538" WIDTH="13"/>
						<String ID="P3_ST00987" HPOS="985" VPOS="3506" WIDTH="68" HEIGHT="31" CONTENT="quite" WC="0.90" CC="20121"/>
						<SP ID="P3_SP00808" HPOS="1053" VPOS="3538" WIDTH="13"/>
						<String ID="P3_ST00988" HPOS="1066" VPOS="3514" WIDTH="14" HEIGHT="16" CONTENT="a" WC="0.89" CC="1"/>
						<SP ID="P3_SP00809" HPOS="1080" VPOS="3538" WIDTH="12"/>
						<String ID="P3_ST00989" HPOS="1092" VPOS="3505" WIDTH="62" HEIGHT="30" CONTENT="busy" WC="0.93" CC="1110"/>
						<SP ID="P3_SP00810" HPOS="1154" VPOS="3538" WIDTH="22"/>
						<String ID="P3_ST00990" HPOS="1176" VPOS="3505" WIDTH="46" HEIGHT="31" CONTENT="day" WC="0.88" CC="221"/>
					</TextLine>
					<TextLine ID="P3_TL00168" HPOS="685" VPOS="3543" WIDTH="537" HEIGHT="33">
						<String ID="P3_ST00991" HPOS="685" VPOS="3549" WIDTH="26" HEIGHT="22" CONTENT="at" WC="0.96" CC="10"/>
						<SP ID="P3_SP00811" HPOS="711" VPOS="3571" WIDTH="13"/>
						<String ID="P3_ST00992" HPOS="724" VPOS="3547" WIDTH="43" HEIGHT="24" CONTENT="the." WC="0.93" CC="0121"/>
						<SP ID="P3_SP00812" HPOS="767" VPOS="3571" WIDTH="12"/>
						<String ID="P3_ST00993" HPOS="779" VPOS="3546" WIDTH="63" HEIGHT="24" CONTENT="local" WC="0.93" CC="11120"/>
						<SP ID="P3_SP00813" HPOS="842" VPOS="3571" WIDTH="12"/>
						<String ID="P3_ST00994" HPOS="854" VPOS="3545" WIDTH="82" HEIGHT="31" CONTENT="yards," WC="0.82" CC="252111"/>
						<SP ID="P3_SP00814" HPOS="936" VPOS="3576" WIDTH="14"/>
						<String ID="P3_ST00995" HPOS="950" VPOS="3544" WIDTH="82" HEIGHT="24" CONTENT="where" WC="0.95" CC="10111"/>
						<SP ID="P3_SP00815" HPOS="1032" VPOS="3576" WIDTH="13"/>
						<String ID="P3_ST00996" HPOS="1045" VPOS="3543" WIDTH="70" HEIGHT="25" CONTENT="there" WC="0.93" CC="01211"/>
						<SP ID="P3_SP00816" HPOS="1115" VPOS="3576" WIDTH="12"/>
						<String ID="P3_ST00997" HPOS="1127" VPOS="3551" WIDTH="49" HEIGHT="16" CONTENT="was" WC="0.89" CC="112"/>
						<SP ID="P3_SP00817" HPOS="1176" VPOS="3576" WIDTH="14"/>
						<String ID="P3_ST00998" HPOS="1190" VPOS="3550" WIDTH="32" HEIGHT="16" CONTENT="an" WC="0.93" CC="11"/>
					</TextLine>
					<TextLine ID="P3_TL00169" HPOS="685" VPOS="3582" WIDTH="538" HEIGHT="37">
						<String ID="P3_ST00999" HPOS="685" VPOS="3589" WIDTH="72" HEIGHT="30" CONTENT="entry" WC="0.93" CC="11110"/>
						<SP ID="P3_SP00818" HPOS="757" VPOS="3619" WIDTH="23"/>
						<String ID="P3_ST01000" HPOS="780" VPOS="3587" WIDTH="26" HEIGHT="24" CONTENT="of" WC="0.94" CC="01"/>
						<SP ID="P3_SP00819" HPOS="806" VPOS="3619" WIDTH="21"/>
						<String ID="P3_ST01001" HPOS="827" VPOS="3586" WIDTH="62" HEIGHT="31" CONTENT="fully" WC="0.94" CC="21001"/>
						<SP ID="P3_SP00820" HPOS="889" VPOS="3619" WIDTH="33"/>
						<String ID="P3_ST01002" HPOS="922" VPOS="3586" WIDTH="92" HEIGHT="27" CONTENT="10,000" WC="0.94" CC="201010"/>
						<SP ID="P3_SP00821" HPOS="1014" VPOS="3619" WIDTH="35"/>
						<String ID="P3_ST01003" HPOS="1049" VPOS="3583" WIDTH="84" HEIGHT="32" CONTENT="sheep." WC="0.89" CC="221211"/>
						<SP ID="P3_SP00822" HPOS="1133" VPOS="3619" WIDTH="36"/>
						<String ID="P3_ST01004" HPOS="1169" VPOS="3582" WIDTH="54" HEIGHT="26" CONTENT="The" WC="0.90" CC="112"/>
					</TextLine>
					<TextLine ID="P3_TL00170" HPOS="685" VPOS="3623" WIDTH="537" HEIGHT="32">
						<String ID="P3_ST01005" HPOS="685" VPOS="3626" WIDTH="109" HEIGHT="24" CONTENT="weather" WC="0.92" CC="1111111"/>
						<SP ID="P3_SP00823" HPOS="794" VPOS="3650" WIDTH="13"/>
						<String ID="P3_ST01006" HPOS="807" VPOS="3632" WIDTH="49" HEIGHT="18" CONTENT="was" WC="0.84" CC="132"/>
						<SP ID="P3_SP00824" HPOS="856" VPOS="3650" WIDTH="19"/>
						<String ID="P3_ST01007" HPOS="875" VPOS="3623" WIDTH="122" HEIGHT="32" CONTENT="splendid." WC="0.93" CC="111202010"/>
						<SP ID="P3_SP00825" HPOS="997" VPOS="3655" WIDTH="36"/>
						<String ID="P3_ST01008" HPOS="1033" VPOS="3623" WIDTH="80" HEIGHT="24" CONTENT="There" WC="0.76" CC="01416"/>
						<SP ID="P3_SP00826" HPOS="1113" VPOS="3655" WIDTH="21"/>
						<String ID="P3_ST01009" HPOS="1134" VPOS="3630" WIDTH="50" HEIGHT="16" CONTENT="was" WC="0.86" CC="131"/>
						<SP ID="P3_SP00827" HPOS="1184" VPOS="3655" WIDTH="24"/>
						<String ID="P3_ST01010" HPOS="1208" VPOS="3630" WIDTH="14" HEIGHT="16" CONTENT="a" WC="0.93" CC="1"/>
					</TextLine>
					<TextLine ID="P3_TL00171" HPOS="686" VPOS="3662" WIDTH="536" HEIGHT="33">
						<String ID="P3_ST01011" HPOS="686" VPOS="3674" WIDTH="60" HEIGHT="21" CONTENT="very-" WC="0.88" CC="11112"/>
						<String ID="P3_ST01012" HPOS="757" VPOS="3666" WIDTH="66" HEIGHT="28" CONTENT="large" WC="0.70" CC="14261"/>
						<SP ID="P3_SP00828" HPOS="823" VPOS="3695" WIDTH="13"/>
						<String ID="P3_ST01013" HPOS="836" VPOS="3664" WIDTH="148" HEIGHT="24" CONTENT="attendance" WC="0.90" CC="2212121101"/>
						<SP ID="P3_SP00829" HPOS="984" VPOS="3695" WIDTH="12"/>
						<String ID="P3_ST01014" HPOS="996" VPOS="3662" WIDTH="62" HEIGHT="25" CONTENT="both" WC="0.92" CC="1021"/>
						<SP ID="P3_SP00830" HPOS="1058" VPOS="3695" WIDTH="19"/>
						<String ID="P3_ST01015" HPOS="1077" VPOS="3662" WIDTH="26" HEIGHT="24" CONTENT="of" WC="0.93" CC="11"/>
						<SP ID="P3_SP00831" HPOS="1103" VPOS="3695" WIDTH="16"/>
						<String ID="P3_ST01016" HPOS="1119" VPOS="3662" WIDTH="103" HEIGHT="24" CONTENT="fanners" WC="0.89" CC="1112111"/>
					</TextLine>
					<TextLine ID="P3_TL00172" HPOS="686" VPOS="3699" WIDTH="536" HEIGHT="34">
						<String ID="P3_ST01017" HPOS="686" VPOS="3703" WIDTH="50" HEIGHT="25" CONTENT="and" WC="0.99" CC="001"/>
						<SP ID="P3_SP00832" HPOS="736" VPOS="3728" WIDTH="12"/>
						<String ID="P3_ST01018" HPOS="748" VPOS="3702" WIDTH="97" HEIGHT="26" CONTENT="outside" WC="0.77" CC="0138031"/>
						<SP ID="P3_SP00833" HPOS="845" VPOS="3728" WIDTH="13"/>
						<String ID="P3_ST01019" HPOS="858" VPOS="3702" WIDTH="97" HEIGHT="31" CONTENT="buyers." WC="0.90" CC="1211121"/>
						<SP ID="P3_SP00834" HPOS="955" VPOS="3733" WIDTH="37"/>
						<String ID="P3_ST01020" HPOS="992" VPOS="3700" WIDTH="116" HEIGHT="29" CONTENT="33id(?ing," WC="0.80" CC="0212191221"/>
						<SP ID="P3_SP00835" HPOS="1108" VPOS="3733" WIDTH="23"/>
						<String ID="P3_ST01021" HPOS="1131" VPOS="3699" WIDTH="91" HEIGHT="31" CONTENT="especi" SUBS_TYPE="HypPart1" SUBS_CONTENT="especially" WC="0.92" CC="1221111"/>
						<HYP CONTENT="-"/>
					</TextLine>
					<TextLine ID="P3_TL00173" HPOS="685" VPOS="3741" WIDTH="538" HEIGHT="34">
						<String ID="P3_ST01022" HPOS="685" VPOS="3744" WIDTH="51" HEIGHT="31" CONTENT="ally" SUBS_TYPE="HypPart2" SUBS_CONTENT="especially" WC="0.97" CC="1101"/>
						<SP ID="P3_SP00836" HPOS="736" VPOS="3775" WIDTH="23"/>
						<String ID="P3_ST01023" HPOS="759" VPOS="3742" WIDTH="90" HEIGHT="29" CONTENT="during" WC="0.93" CC="111102"/>
						<SP ID="P3_SP00837" HPOS="849" VPOS="3775" WIDTH="24"/>
						<String ID="P3_ST01024" HPOS="873" VPOS="3741" WIDTH="42" HEIGHT="24" CONTENT="the" WC="0.99" CC="010"/>
						<SP ID="P3_SP00838" HPOS="915" VPOS="3775" WIDTH="24"/>
						<String ID="P3_ST01025" HPOS="939" VPOS="3741" WIDTH="116" HEIGHT="30" CONTENT="opening," WC="0.91" CC="01111221"/>
						<SP ID="P3_SP00839" HPOS="1055" VPOS="3775" WIDTH="25"/>
						<String ID="P3_ST01026" HPOS="1080" VPOS="3747" WIDTH="51" HEIGHT="17" CONTENT="was" WC="0.88" CC="221"/>
						<SP ID="P3_SP00840" HPOS="1131" VPOS="3775" WIDTH="33"/>
						<String ID="P3_ST01027" HPOS="1164" VPOS="3747" WIDTH="59" HEIGHT="23" CONTENT="very" WC="0.94" CC="1111"/>
					</TextLine>
					<TextLine ID="P3_TL00174" HPOS="684" VPOS="3777" WIDTH="539" HEIGHT="34">
						<String ID="P3_ST01028" HPOS="684" VPOS="3782" WIDTH="68" HEIGHT="24" CONTENT="brisk" WC="0.94" CC="11011"/>
						<SP ID="P3_SP00841" HPOS="752" VPOS="3806" WIDTH="12"/>
						<String ID="P3_ST01029" HPOS="764" VPOS="3780" WIDTH="123" HEIGHT="31" CONTENT="resulting" WC="0.91" CC="111101121"/>
						<SP ID="P3_SP00842" HPOS="887" VPOS="3811" WIDTH="12"/>
						<String ID="P3_ST01030" HPOS="899" VPOS="3780" WIDTH="26" HEIGHT="23" CONTENT="m" WC="0.96" CC="1"/>
						<SP ID="P3_SP00843" HPOS="925" VPOS="3811" WIDTH="14"/>
						<String ID="P3_ST01031" HPOS="939" VPOS="3779" WIDTH="42" HEIGHT="24" CONTENT="the" WC="0.94" CC="011"/>
						<SP ID="P3_SP00844" HPOS="981" VPOS="3811" WIDTH="12"/>
						<String ID="P3_ST01032" HPOS="993" VPOS="3778" WIDTH="128" HEIGHT="25" CONTENT="clearance" WC="0.96" CC="001011101"/>
						<SP ID="P3_SP00845" HPOS="1121" VPOS="3811" WIDTH="13"/>
						<String ID="P3_ST01033" HPOS="1134" VPOS="3777" WIDTH="26" HEIGHT="24" CONTENT="of" WC="0.94" CC="01"/>
						<SP ID="P3_SP00846" HPOS="1160" VPOS="3811" WIDTH="20"/>
						<String ID="P3_ST01034" HPOS="1180" VPOS="3777" WIDTH="43" HEIGHT="24" CONTENT="the" WC="0.85" CC="221"/>
					</TextLine>
					<TextLine ID="P3_TL00175" HPOS="687" VPOS="3817" WIDTH="534" HEIGHT="32">
						<String ID="P3_ST01035" HPOS="687" VPOS="3820" WIDTH="59" HEIGHT="24" CONTENT="bulk" WC="0.96" CC="1010"/>
						<SP ID="P3_SP00847" HPOS="746" VPOS="3844" WIDTH="14"/>
						<String ID="P3_ST01036" HPOS="760" VPOS="3820" WIDTH="26" HEIGHT="23" CONTENT="of" WC="0.98" CC="01"/>
						<SP ID="P3_SP00848" HPOS="786" VPOS="3844" WIDTH="11"/>
						<String ID="P3_ST01037" HPOS="797" VPOS="3818" WIDTH="42" HEIGHT="25" CONTENT="the" WC="0.74" CC="215"/>
						<SP ID="P3_SP00849" HPOS="839" VPOS="3844" WIDTH="13"/>
						<String ID="P3_ST01038" HPOS="852" VPOS="3820" WIDTH="79" HEIGHT="29" CONTENT="entry." WC="0.93" CC="111100"/>
						<SP ID="P3_SP00850" HPOS="931" VPOS="3849" WIDTH="37"/>
						<String ID="P3_ST01039" HPOS="968" VPOS="3817" WIDTH="53" HEIGHT="24" CONTENT="Thn" WC="0.63" CC="119"/>
						<SP ID="P3_SP00851" HPOS="1021" VPOS="3849" WIDTH="12"/>
						<String ID="P3_ST01040" HPOS="1033" VPOS="3817" WIDTH="130" HEIGHT="30" CONTENT="following" WC="0.88" CC="200004131"/>
						<SP ID="P3_SP00852" HPOS="1163" VPOS="3849" WIDTH="18"/>
						<String ID="P3_ST01041" HPOS="1181" VPOS="3823" WIDTH="40" HEIGHT="16" CONTENT="are" WC="0.88" CC="112"/>
					</TextLine>
					<TextLine ID="P3_TL00176" HPOS="686" VPOS="3858" WIDTH="321" HEIGHT="33">
						<String ID="P3_ST01042" HPOS="686" VPOS="3860" WIDTH="44" HEIGHT="24" CONTENT="the" WC="0.93" CC="111"/>
						<SP ID="P3_SP00853" HPOS="730" VPOS="3884" WIDTH="20"/>
						<String ID="P3_ST01043" HPOS="750" VPOS="3859" WIDTH="122" HEIGHT="32" CONTENT="principle" WC="0.95" CC="111000211"/>
						<SP ID="P3_SP00854" HPOS="872" VPOS="3891" WIDTH="21"/>
						<String ID="P3_ST01044" HPOS="893" VPOS="3858" WIDTH="64" HEIGHT="25" CONTENT="pales" WC="0.80" CC="72110"/>
						<SP ID="P3_SP00855" HPOS="957" VPOS="3891" WIDTH="11"/>
						<String ID="P3_ST01045" HPOS="968" VPOS="3866" WIDTH="4" HEIGHT="15" CONTENT=":" WC="1.00" CC="0"/>
						<String ID="P3_ST01046" HPOS="977" VPOS="3872" WIDTH="30" HEIGHT="3" CONTENT="—" WC="1.00" CC="0"/>
					</TextLine>
					<TextLine ID="P3_TL00177" HPOS="685" VPOS="3897" WIDTH="533" HEIGHT="33">
						<String ID="P3_ST01047" HPOS="685" VPOS="3901" WIDTH="51" HEIGHT="24" CONTENT="Fat" WC="0.91" CC="111"/>
						<SP ID="P3_SP00856" HPOS="736" VPOS="3925" WIDTH="18"/>
						<String ID="P3_ST01048" HPOS="754" VPOS="3900" WIDTH="95" HEIGHT="24" CONTENT="Lambs." WC="0.86" CC="021241"/>
						<String ID="P3_ST01049" HPOS="851" VPOS="3914" WIDTH="33" HEIGHT="3" CONTENT="—" WC="1.00" CC="0"/>
						<String ID="P3_ST01050" HPOS="887" VPOS="3900" WIDTH="31" HEIGHT="24" CONTENT="30" WC="0.69" CC="60"/>
						<SP ID="P3_SP00857" HPOS="918" VPOS="3925" WIDTH="11"/>
						<String ID="P3_ST01051" HPOS="929" VPOS="3897" WIDTH="108" HEIGHT="33" CONTENT="brought" WC="0.90" CC="1111112"/>
						<SP ID="P3_SP00858" HPOS="1037" VPOS="3930" WIDTH="14"/>
						<String ID="P3_ST01052" HPOS="1051" VPOS="3897" WIDTH="83" HEIGHT="32" CONTENT="11/11," WC="0.96" CC="010011"/>
						<SP ID="P3_SP00859" HPOS="1134" VPOS="3930" WIDTH="14"/>
						<String ID="P3_ST01053" HPOS="1148" VPOS="3897" WIDTH="30" HEIGHT="24" CONTENT="25" WC="0.46" CC="55"/>
						<SP ID="P3_SP00860" HPOS="1178" VPOS="3930" WIDTH="14"/>
						<String ID="P3_ST01054" HPOS="1192" VPOS="3897" WIDTH="26" HEIGHT="24" CONTENT="at" WC="0.96" CC="11"/>
					</TextLine>
				</TextBlock>
				<TextBlock ID="P3_TB00011" HPOS="1311" VPOS="200" WIDTH="548" HEIGHT="1021" STYLEREFS="TXT_0 PAR_LEFT">
					<TextLine ID="P3_TL00178" HPOS="1318" VPOS="204" WIDTH="532" HEIGHT="33">
						<String ID="P3_ST01055" HPOS="1318" VPOS="204" WIDTH="60" HEIGHT="32" CONTENT="I?./-." WC="0.79" CC="063022"/>
						<SP ID="P3_SP00861" HPOS="1378" VPOS="236" WIDTH="14"/>
						<String ID="P3_ST01056" HPOS="1392" VPOS="206" WIDTH="32" HEIGHT="24" CONTENT="70" WC="0.96" CC="10"/>
						<SP ID="P3_SP00862" HPOS="1424" VPOS="236" WIDTH="12"/>
						<String ID="P3_ST01057" HPOS="1436" VPOS="206" WIDTH="25" HEIGHT="23" CONTENT="at" WC="0.96" CC="10"/>
						<SP ID="P3_SP00863" HPOS="1461" VPOS="236" WIDTH="14"/>
						<String ID="P3_ST01058" HPOS="1475" VPOS="206" WIDTH="66" HEIGHT="30" CONTENT="1?,/-," WC="0.95" CC="021011"/>
						<SP ID="P3_SP00864" HPOS="1541" VPOS="236" WIDTH="20"/>
						<String ID="P3_ST01059" HPOS="1561" VPOS="207" WIDTH="48" HEIGHT="24" CONTENT="107" WC="1.00" CC="000"/>
						<SP ID="P3_SP00865" HPOS="1609" VPOS="236" WIDTH="12"/>
						<String ID="P3_ST01060" HPOS="1621" VPOS="208" WIDTH="26" HEIGHT="22" CONTENT="at" WC="0.98" CC="01"/>
						<SP ID="P3_SP00866" HPOS="1647" VPOS="236" WIDTH="18"/>
						<String ID="P3_ST01061" HPOS="1665" VPOS="206" WIDTH="68" HEIGHT="31" CONTENT="12/2," WC="0.91" CC="13011"/>
						<SP ID="P3_SP00867" HPOS="1733" VPOS="237" WIDTH="21"/>
						<String ID="P3_ST01062" HPOS="1754" VPOS="206" WIDTH="47" HEIGHT="23" CONTENT="122" WC="0.90" CC="112"/>
						<SP ID="P3_SP00868" HPOS="1801" VPOS="237" WIDTH="24"/>
						<String ID="P3_ST01063" HPOS="1825" VPOS="206" WIDTH="25" HEIGHT="23" CONTENT="at" WC="0.98" CC="01"/>
					</TextLine>
					<TextLine ID="P3_TL00179" HPOS="1318" VPOS="242" WIDTH="532" HEIGHT="33">
						<String ID="P3_ST01064" HPOS="1318" VPOS="243" WIDTH="66" HEIGHT="30" CONTENT="18/8," WC="0.92" CC="22011"/>
						<SP ID="P3_SP00869" HPOS="1384" VPOS="273" WIDTH="20"/>
						<String ID="P3_ST01065" HPOS="1404" VPOS="243" WIDTH="31" HEIGHT="23" CONTENT="38" WC="0.94" CC="11"/>
						<SP ID="P3_SP00870" HPOS="1435" VPOS="273" WIDTH="13"/>
						<String ID="P3_ST01066" HPOS="1448" VPOS="244" WIDTH="25" HEIGHT="23" CONTENT="at" WC="0.96" CC="10"/>
						<SP ID="P3_SP00871" HPOS="1473" VPOS="273" WIDTH="25"/>
						<String ID="P3_ST01067" HPOS="1498" VPOS="244" WIDTH="66" HEIGHT="31" CONTENT="11/Z," WC="0.67" CC="33181" STYLEREFS="TXT_8"/>
						<SP ID="P3_SP00872" HPOS="1564" VPOS="275" WIDTH="20"/>
						<String ID="P3_ST01068" HPOS="1584" VPOS="244" WIDTH="30" HEIGHT="23" CONTENT="21" WC="0.96" CC="10"/>
						<SP ID="P3_SP00873" HPOS="1614" VPOS="275" WIDTH="25"/>
						<String ID="P3_ST01069" HPOS="1639" VPOS="245" WIDTH="26" HEIGHT="22" CONTENT="at" WC="0.94" CC="10"/>
						<SP ID="P3_SP00874" HPOS="1665" VPOS="275" WIDTH="24"/>
						<String ID="P3_ST01070" HPOS="1689" VPOS="242" WIDTH="61" HEIGHT="32" CONTENT="12/-," WC="0.91" CC="12021"/>
						<SP ID="P3_SP00875" HPOS="1750" VPOS="275" WIDTH="19"/>
						<String ID="P3_ST01071" HPOS="1769" VPOS="244" WIDTH="32" HEIGHT="23" CONTENT="-18" WC="0.72" CC="252"/>
						<SP ID="P3_SP00876" HPOS="1801" VPOS="275" WIDTH="24"/>
						<String ID="P3_ST01072" HPOS="1825" VPOS="244" WIDTH="25" HEIGHT="23" CONTENT="at" WC="0.96" CC="11"/>
					</TextLine>
					<TextLine ID="P3_TL00180" HPOS="1318" VPOS="281" WIDTH="430" HEIGHT="33">
						<String ID="P3_ST01073" HPOS="1318" VPOS="281" WIDTH="66" HEIGHT="32" CONTENT="10/7," WC="0.85" CC="11052"/>
						<SP ID="P3_SP00877" HPOS="1384" VPOS="313" WIDTH="20"/>
						<String ID="P3_ST01074" HPOS="1404" VPOS="281" WIDTH="31" HEIGHT="26" CONTENT="27" WC="0.93" CC="20"/>
						<SP ID="P3_SP00878" HPOS="1435" VPOS="313" WIDTH="13"/>
						<String ID="P3_ST01075" HPOS="1448" VPOS="283" WIDTH="25" HEIGHT="22" CONTENT="at" WC="0.94" CC="11"/>
						<SP ID="P3_SP00879" HPOS="1473" VPOS="313" WIDTH="14"/>
						<String ID="P3_ST01076" HPOS="1487" VPOS="282" WIDTH="66" HEIGHT="32" CONTENT="10/!)," WC="0.81" CC="080220"/>
						<SP ID="P3_SP00880" HPOS="1553" VPOS="314" WIDTH="21"/>
						<String ID="P3_ST01077" HPOS="1574" VPOS="283" WIDTH="47" HEIGHT="22" CONTENT="102" WC="0.97" CC="001"/>
						<SP ID="P3_SP00881" HPOS="1621" VPOS="314" WIDTH="13"/>
						<String ID="P3_ST01078" HPOS="1634" VPOS="283" WIDTH="26" HEIGHT="22" CONTENT="at" WC="0.93" CC="11"/>
						<SP ID="P3_SP00882" HPOS="1660" VPOS="314" WIDTH="22"/>
						<String ID="P3_ST01079" HPOS="1682" VPOS="281" WIDTH="66" HEIGHT="32" CONTENT="10/5." WC="0.85" CC="00160"/>
					</TextLine>
					<TextLine ID="P3_TL00181" HPOS="1317" VPOS="320" WIDTH="531" HEIGHT="33">
						<String ID="P3_ST01080" HPOS="1317" VPOS="320" WIDTH="50" HEIGHT="23" CONTENT="Fat" WC="0.94" CC="101"/>
						<SP ID="P3_SP00883" HPOS="1367" VPOS="343" WIDTH="19"/>
						<String ID="P3_ST01081" HPOS="1386" VPOS="321" WIDTH="126" HEIGHT="24" CONTENT="Shkep.—" WC="0.89" CC="1221210"/>
						<String ID="P3_ST01082" HPOS="1515" VPOS="323" WIDTH="14" HEIGHT="22" CONTENT="2" WC="0.89" CC="1"/>
						<SP ID="P3_SP00884" HPOS="1529" VPOS="345" WIDTH="13"/>
						<String ID="P3_ST01083" HPOS="1542" VPOS="323" WIDTH="25" HEIGHT="22" CONTENT="at" WC="0.87" CC="21"/>
						<SP ID="P3_SP00885" HPOS="1567" VPOS="345" WIDTH="26"/>
						<String ID="P3_ST01084" HPOS="1593" VPOS="322" WIDTH="66" HEIGHT="31" CONTENT="13/;)," WC="0.85" CC="110341"/>
						<SP ID="P3_SP00886" HPOS="1659" VPOS="353" WIDTH="20"/>
						<String ID="P3_ST01085" HPOS="1679" VPOS="324" WIDTH="30" HEIGHT="21" CONTENT="(JO" WC="0.79" CC="141"/>
						<SP ID="P3_SP00887" HPOS="1709" VPOS="353" WIDTH="22"/>
						<String ID="P3_ST01086" HPOS="1731" VPOS="323" WIDTH="26" HEIGHT="22" CONTENT="at" WC="0.94" CC="11"/>
						<SP ID="P3_SP00888" HPOS="1757" VPOS="353" WIDTH="25"/>
						<String ID="P3_ST01087" HPOS="1782" VPOS="322" WIDTH="66" HEIGHT="31" CONTENT="13/6," WC="0.87" CC="11032"/>
					</TextLine>
					<TextLine ID="P3_TL00182" HPOS="1317" VPOS="359" WIDTH="534" HEIGHT="33">
						<String ID="P3_ST01088" HPOS="1317" VPOS="359" WIDTH="14" HEIGHT="23" CONTENT="9" WC="0.85" CC="2"/>
						<SP ID="P3_SP00889" HPOS="1331" VPOS="382" WIDTH="12"/>
						<String ID="P3_ST01089" HPOS="1343" VPOS="360" WIDTH="26" HEIGHT="22" CONTENT="at" WC="0.93" CC="11"/>
						<SP ID="P3_SP00890" HPOS="1369" VPOS="382" WIDTH="13"/>
						<String ID="P3_ST01090" HPOS="1382" VPOS="359" WIDTH="61" HEIGHT="32" CONTENT="18/-," WC="0.88" CC="03021"/>
						<SP ID="P3_SP00891" HPOS="1443" VPOS="391" WIDTH="20"/>
						<String ID="P3_ST01091" HPOS="1463" VPOS="361" WIDTH="14" HEIGHT="22" CONTENT="5" WC="0.67" CC="3"/>
						<SP ID="P3_SP00892" HPOS="1477" VPOS="391" WIDTH="13"/>
						<String ID="P3_ST01092" HPOS="1490" VPOS="361" WIDTH="26" HEIGHT="22" CONTENT="at" WC="0.93" CC="11"/>
						<SP ID="P3_SP00893" HPOS="1516" VPOS="391" WIDTH="13"/>
						<String ID="P3_ST01093" HPOS="1529" VPOS="360" WIDTH="66" HEIGHT="32" CONTENT="12/!)," WC="0.90" CC="120212"/>
						<SP ID="P3_SP00894" HPOS="1595" VPOS="392" WIDTH="20"/>
						<String ID="P3_ST01094" HPOS="1615" VPOS="361" WIDTH="15" HEIGHT="22" CONTENT="2" WC="0.93" CC="1"/>
						<SP ID="P3_SP00895" HPOS="1630" VPOS="392" WIDTH="12"/>
						<String ID="P3_ST01095" HPOS="1642" VPOS="361" WIDTH="26" HEIGHT="23" CONTENT="at" WC="0.91" CC="21"/>
						<SP ID="P3_SP00896" HPOS="1668" VPOS="392" WIDTH="25"/>
						<String ID="P3_ST01096" HPOS="1693" VPOS="360" WIDTH="59" HEIGHT="31" CONTENT="14/-," WC="0.89" CC="13011"/>
						<SP ID="P3_SP00897" HPOS="1752" VPOS="392" WIDTH="21"/>
						<String ID="P3_ST01097" HPOS="1773" VPOS="361" WIDTH="29" HEIGHT="23" CONTENT="16" WC="0.93" CC="11"/>
						<SP ID="P3_SP00898" HPOS="1802" VPOS="392" WIDTH="23"/>
						<String ID="P3_ST01098" HPOS="1825" VPOS="361" WIDTH="26" HEIGHT="23" CONTENT="at" WC="0.94" CC="11"/>
					</TextLine>
					<TextLine ID="P3_TL00183" HPOS="1317" VPOS="397" WIDTH="400" HEIGHT="33">
						<String ID="P3_ST01099" HPOS="1317" VPOS="397" WIDTH="67" HEIGHT="32" CONTENT="12/9," WC="0.85" CC="05011"/>
						<SP ID="P3_SP00899" HPOS="1384" VPOS="429" WIDTH="20"/>
						<String ID="P3_ST01100" HPOS="1404" VPOS="399" WIDTH="29" HEIGHT="22" CONTENT="21" WC="0.94" CC="10"/>
						<SP ID="P3_SP00900" HPOS="1433" VPOS="429" WIDTH="15"/>
						<String ID="P3_ST01101" HPOS="1448" VPOS="399" WIDTH="25" HEIGHT="23" CONTENT="at" WC="0.94" CC="11"/>
						<SP ID="P3_SP00901" HPOS="1473" VPOS="429" WIDTH="13"/>
						<String ID="P3_ST01102" HPOS="1486" VPOS="398" WIDTH="67" HEIGHT="32" CONTENT="14/8," WC="0.94" CC="00022"/>
						<SP ID="P3_SP00902" HPOS="1553" VPOS="430" WIDTH="20"/>
						<String ID="P3_ST01103" HPOS="1573" VPOS="399" WIDTH="32" HEIGHT="23" CONTENT="20" WC="0.89" CC="20"/>
						<SP ID="P3_SP00903" HPOS="1605" VPOS="430" WIDTH="12"/>
						<String ID="P3_ST01104" HPOS="1617" VPOS="400" WIDTH="25" HEIGHT="22" CONTENT="at" WC="0.94" CC="01"/>
						<SP ID="P3_SP00904" HPOS="1642" VPOS="430" WIDTH="18"/>
						<String ID="P3_ST01105" HPOS="1660" VPOS="399" WIDTH="57" HEIGHT="31" CONTENT="12/-." WC="0.96" CC="11011"/>
					</TextLine>
					<TextLine ID="P3_TL00184" HPOS="1317" VPOS="435" WIDTH="533" HEIGHT="32">
						<String ID="P3_ST01106" HPOS="1317" VPOS="435" WIDTH="59" HEIGHT="23" CONTENT="Two" WC="0.94" CC="110"/>
						<SP ID="P3_SP00905" HPOS="1376" VPOS="458" WIDTH="10"/>
						<String ID="P3_ST01107" HPOS="1386" VPOS="436" WIDTH="83" HEIGHT="24" CONTENT="tooths" WC="0.93" CC="000114"/>
						<SP ID="P3_SP00906" HPOS="1469" VPOS="460" WIDTH="13"/>
						<String ID="P3_ST01108" HPOS="1482" VPOS="444" WIDTH="61" HEIGHT="16" CONTENT="were" WC="0.95" CC="1110"/>
						<SP ID="P3_SP00907" HPOS="1543" VPOS="460" WIDTH="7"/>
						<String ID="P3_ST01109" HPOS="1550" VPOS="436" WIDTH="98" HEIGHT="31" CONTENT="quickly" WC="0.95" CC="1110111"/>
						<SP ID="P3_SP00908" HPOS="1648" VPOS="467" WIDTH="13"/>
						<String ID="P3_ST01110" HPOS="1661" VPOS="436" WIDTH="114" HEIGHT="31" CONTENT="disposed" WC="0.79" CC="10910321"/>
						<SP ID="P3_SP00909" HPOS="1775" VPOS="467" WIDTH="12"/>
						<String ID="P3_ST01111" HPOS="1787" VPOS="436" WIDTH="27" HEIGHT="25" CONTENT="of" WC="0.96" CC="01"/>
						<SP ID="P3_SP00910" HPOS="1814" VPOS="467" WIDTH="9"/>
						<String ID="P3_ST01112" HPOS="1823" VPOS="444" WIDTH="27" HEIGHT="17" CONTENT="as" WC="0.94" CC="01"/>
					</TextLine>
					<TextLine ID="P3_TL00185" HPOS="1316" VPOS="472" WIDTH="535" HEIGHT="34">
						<String ID="P3_ST01113" HPOS="1316" VPOS="472" WIDTH="109" HEIGHT="25" CONTENT="follows:" WC="0.97" CC="10100111"/>
						<String ID="P3_ST01114" HPOS="1429" VPOS="488" WIDTH="32" HEIGHT="3" CONTENT="—" WC="1.00" CC="0"/>
						<String ID="P3_ST01115" HPOS="1463" VPOS="474" WIDTH="31" HEIGHT="23" CONTENT="30" WC="0.98" CC="10"/>
						<SP ID="P3_SP00911" HPOS="1494" VPOS="497" WIDTH="24"/>
						<String ID="P3_ST01116" HPOS="1518" VPOS="476" WIDTH="26" HEIGHT="22" CONTENT="at" WC="0.98" CC="01"/>
						<SP ID="P3_SP00912" HPOS="1544" VPOS="498" WIDTH="23"/>
						<String ID="P3_ST01117" HPOS="1567" VPOS="474" WIDTH="68" HEIGHT="32" CONTENT="12/1," WC="0.98" CC="01100"/>
						<SP ID="P3_SP00913" HPOS="1635" VPOS="506" WIDTH="32"/>
						<String ID="P3_ST01118" HPOS="1667" VPOS="476" WIDTH="31" HEIGHT="22" CONTENT="85" WC="0.94" CC="01"/>
						<SP ID="P3_SP00914" HPOS="1698" VPOS="506" WIDTH="24"/>
						<String ID="P3_ST01119" HPOS="1722" VPOS="474" WIDTH="80" HEIGHT="31" CONTENT="prime" WC="0.98" CC="01010"/>
						<SP ID="P3_SP00915" HPOS="1802" VPOS="506" WIDTH="23"/>
						<String ID="P3_ST01120" HPOS="1825" VPOS="476" WIDTH="26" HEIGHT="22" CONTENT="at" WC="0.93" CC="11"/>
					</TextLine>
					<TextLine ID="P3_TL00186" HPOS="1317" VPOS="505" WIDTH="534" HEIGHT="39">
						<String ID="P3_ST01121" HPOS="1317" VPOS="511" WIDTH="62" HEIGHT="32" CONTENT="15/-," WC="0.92" CC="02012"/>
						<SP ID="P3_SP00916" HPOS="1379" VPOS="543" WIDTH="20"/>
						<String ID="P3_ST01122" HPOS="1399" VPOS="512" WIDTH="31" HEIGHT="23" CONTENT="58" WC="0.76" CC="32"/>
						<SP ID="P3_SP00917" HPOS="1430" VPOS="543" WIDTH="19"/>
						<String ID="P3_ST01123" HPOS="1449" VPOS="512" WIDTH="25" HEIGHT="23" CONTENT="at" WC="0.89" CC="12"/>
						<SP ID="P3_SP00918" HPOS="1474" VPOS="543" WIDTH="19"/>
						<String ID="P3_ST01124" HPOS="1493" VPOS="505" WIDTH="67" HEIGHT="39" CONTENT="il/4," WC="0.84" CC="05021"/>
						<SP ID="P3_SP00919" HPOS="1560" VPOS="544" WIDTH="27"/>
						<String ID="P3_ST01125" HPOS="1587" VPOS="512" WIDTH="15" HEIGHT="23" CONTENT="2" WC="0.89" CC="1"/>
						<SP ID="P3_SP00920" HPOS="1602" VPOS="544" WIDTH="18"/>
						<String ID="P3_ST01126" HPOS="1620" VPOS="513" WIDTH="26" HEIGHT="23" CONTENT="at" WC="0.96" CC="01"/>
						<SP ID="P3_SP00921" HPOS="1646" VPOS="544" WIDTH="27"/>
						<String ID="P3_ST01127" HPOS="1673" VPOS="512" WIDTH="61" HEIGHT="32" CONTENT="14/-," WC="0.95" CC="12010"/>
						<SP ID="P3_SP00922" HPOS="1734" VPOS="544" WIDTH="30"/>
						<String ID="P3_ST01128" HPOS="1764" VPOS="514" WIDTH="30" HEIGHT="22" CONTENT="39" WC="0.76" CC="23"/>
						<SP ID="P3_SP00923" HPOS="1794" VPOS="544" WIDTH="31"/>
						<String ID="P3_ST01129" HPOS="1825" VPOS="517" WIDTH="26" HEIGHT="20" CONTENT="at" WC="0.78" CC="14"/>
					</TextLine>
					<TextLine ID="P3_TL00187" HPOS="1318" VPOS="549" WIDTH="533" HEIGHT="33">
						<String ID="P3_ST01130" HPOS="1318" VPOS="549" WIDTH="67" HEIGHT="31" CONTENT="13/9," WC="0.95" CC="02011"/>
						<SP ID="P3_SP00924" HPOS="1385" VPOS="580" WIDTH="20"/>
						<String ID="P3_ST01131" HPOS="1405" VPOS="551" WIDTH="13" HEIGHT="22" CONTENT="5" WC="0.59" CC="4"/>
						<SP ID="P3_SP00925" HPOS="1418" VPOS="580" WIDTH="20"/>
						<String ID="P3_ST01132" HPOS="1438" VPOS="551" WIDTH="25" HEIGHT="22" CONTENT="at" WC="0.93" CC="20"/>
						<SP ID="P3_SP00926" HPOS="1463" VPOS="580" WIDTH="20"/>
						<String ID="P3_ST01133" HPOS="1483" VPOS="550" WIDTH="67" HEIGHT="32" CONTENT="12/9," WC="0.70" CC="13192" STYLEREFS="TXT_8"/>
						<SP ID="P3_SP00927" HPOS="1550" VPOS="582" WIDTH="20"/>
						<String ID="P3_ST01134" HPOS="1570" VPOS="552" WIDTH="31" HEIGHT="22" CONTENT="75" WC="0.94" CC="11"/>
						<SP ID="P3_SP00928" HPOS="1601" VPOS="582" WIDTH="19"/>
						<String ID="P3_ST01135" HPOS="1620" VPOS="552" WIDTH="26" HEIGHT="23" CONTENT="at" WC="0.98" CC="10"/>
						<SP ID="P3_SP00929" HPOS="1646" VPOS="582" WIDTH="19"/>
						<String ID="P3_ST01136" HPOS="1665" VPOS="550" WIDTH="67" HEIGHT="32" CONTENT="18/(5," WC="0.91" CC="010132"/>
						<SP ID="P3_SP00930" HPOS="1732" VPOS="582" WIDTH="32"/>
						<String ID="P3_ST01137" HPOS="1764" VPOS="552" WIDTH="31" HEIGHT="22" CONTENT="03" WC="0.85" CC="21"/>
						<SP ID="P3_SP00931" HPOS="1795" VPOS="582" WIDTH="30"/>
						<String ID="P3_ST01138" HPOS="1825" VPOS="552" WIDTH="26" HEIGHT="23" CONTENT="at" WC="0.98" CC="01"/>
					</TextLine>
					<TextLine ID="P3_TL00188" HPOS="1318" VPOS="587" WIDTH="516" HEIGHT="33">
						<String ID="P3_ST01139" HPOS="1318" VPOS="587" WIDTH="67" HEIGHT="32" CONTENT="13/4," WC="0.94" CC="11011"/>
						<SP ID="P3_SP00932" HPOS="1385" VPOS="619" WIDTH="20"/>
						<String ID="P3_ST01140" HPOS="1405" VPOS="589" WIDTH="30" HEIGHT="22" CONTENT="42" WC="0.80" CC="32"/>
						<SP ID="P3_SP00933" HPOS="1435" VPOS="619" WIDTH="20"/>
						<String ID="P3_ST01141" HPOS="1455" VPOS="591" WIDTH="25" HEIGHT="20" CONTENT="at" WC="0.96" CC="11"/>
						<SP ID="P3_SP00934" HPOS="1480" VPOS="619" WIDTH="20"/>
						<String ID="P3_ST01142" HPOS="1500" VPOS="588" WIDTH="67" HEIGHT="32" CONTENT="13/5," WC="0.95" CC="11111"/>
						<SP ID="P3_SP00935" HPOS="1567" VPOS="620" WIDTH="20"/>
						<String ID="P3_ST01143" HPOS="1587" VPOS="588" WIDTH="50" HEIGHT="24" CONTENT="and" WC="0.96" CC="111"/>
						<SP ID="P3_SP00936" HPOS="1637" VPOS="620" WIDTH="17"/>
						<String ID="P3_ST01144" HPOS="1654" VPOS="589" WIDTH="32" HEIGHT="24" CONTENT="2G" WC="0.93" CC="11"/>
						<SP ID="P3_SP00937" HPOS="1686" VPOS="620" WIDTH="18"/>
						<String ID="P3_ST01145" HPOS="1704" VPOS="590" WIDTH="26" HEIGHT="23" CONTENT="at" WC="0.96" CC="11"/>
						<SP ID="P3_SP00938" HPOS="1730" VPOS="620" WIDTH="18"/>
						<String ID="P3_ST01146" HPOS="1748" VPOS="589" WIDTH="68" HEIGHT="31" CONTENT="13/7." WC="0.97" CC="01001"/>
						<SP ID="P3_SP00939" HPOS="1816" VPOS="620" WIDTH="15"/>
						<String ID="P3_ST01147" HPOS="1831" VPOS="601" WIDTH="3" HEIGHT="3" CONTENT="•" WC="1.00" CC="0"/>
					</TextLine>
					<TextLine ID="P3_TL00189" HPOS="1318" VPOS="627" WIDTH="533" HEIGHT="26">
						<String ID="P3_ST01148" HPOS="1318" VPOS="627" WIDTH="79" HEIGHT="24" CONTENT="Store" WC="0.75" CC="32062"/>
						<SP ID="P3_SP00940" HPOS="1397" VPOS="651" WIDTH="20"/>
						<String ID="P3_ST01149" HPOS="1417" VPOS="627" WIDTH="93" HEIGHT="24" CONTENT="Sheep." WC="0.73" CC="902050"/>
						<String ID="P3_ST01150" HPOS="1514" VPOS="642" WIDTH="31" HEIGHT="3" CONTENT="—" WC="1.00" CC="0"/>
						<String ID="P3_ST01151" HPOS="1548" VPOS="629" WIDTH="32" HEIGHT="24" CONTENT="57" WC="0.74" CC="50"/>
						<SP ID="P3_SP00941" HPOS="1580" VPOS="653" WIDTH="27"/>
						<String ID="P3_ST01152" HPOS="1607" VPOS="629" WIDTH="66" HEIGHT="23" CONTENT="store" WC="0.97" CC="11001"/>
						<SP ID="P3_SP00942" HPOS="1673" VPOS="653" WIDTH="29"/>
						<String ID="P3_ST01153" HPOS="1702" VPOS="627" WIDTH="94" HEIGHT="24" CONTENT="Lambs" WC="0.95" CC="10101"/>
						<SP ID="P3_SP00943" HPOS="1796" VPOS="653" WIDTH="29"/>
						<String ID="P3_ST01154" HPOS="1825" VPOS="629" WIDTH="26" HEIGHT="22" CONTENT="at" WC="0.96" CC="01"/>
					</TextLine>
					<TextLine ID="P3_TL00190" HPOS="1317" VPOS="665" WIDTH="534" HEIGHT="33">
						<String ID="P3_ST01155" HPOS="1317" VPOS="665" WIDTH="51" HEIGHT="32" CONTENT="9/6," WC="0.91" CC="2012"/>
						<SP ID="P3_SP00944" HPOS="1368" VPOS="697" WIDTH="20"/>
						<String ID="P3_ST01156" HPOS="1388" VPOS="666" WIDTH="46" HEIGHT="23" CONTENT="111" WC="0.96" CC="011"/>
						<SP ID="P3_SP00945" HPOS="1434" VPOS="697" WIDTH="20"/>
						<String ID="P3_ST01157" HPOS="1454" VPOS="667" WIDTH="26" HEIGHT="23" CONTENT="at" WC="0.93" CC="11"/>
						<SP ID="P3_SP00946" HPOS="1480" VPOS="697" WIDTH="20"/>
						<String ID="P3_ST01158" HPOS="1500" VPOS="665" WIDTH="50" HEIGHT="33" CONTENT="0/0," WC="0.90" CC="1021"/>
						<SP ID="P3_SP00947" HPOS="1550" VPOS="698" WIDTH="21"/>
						<String ID="P3_ST01159" HPOS="1571" VPOS="667" WIDTH="30" HEIGHT="22" CONTENT="00" WC="0.91" CC="21"/>
						<SP ID="P3_SP00948" HPOS="1601" VPOS="698" WIDTH="27"/>
						<String ID="P3_ST01160" HPOS="1628" VPOS="667" WIDTH="26" HEIGHT="23" CONTENT="at" WC="0.94" CC="11"/>
						<SP ID="P3_SP00949" HPOS="1654" VPOS="698" WIDTH="30"/>
						<String ID="P3_ST01161" HPOS="1684" VPOS="665" WIDTH="50" HEIGHT="33" CONTENT="0/3," WC="0.91" CC="2011"/>
						<SP ID="P3_SP00950" HPOS="1734" VPOS="698" WIDTH="31"/>
						<String ID="P3_ST01162" HPOS="1765" VPOS="667" WIDTH="31" HEIGHT="23" CONTENT="48" WC="0.78" CC="32"/>
						<SP ID="P3_SP00951" HPOS="1796" VPOS="698" WIDTH="30"/>
						<String ID="P3_ST01163" HPOS="1826" VPOS="667" WIDTH="25" HEIGHT="23" CONTENT="at" WC="0.93" CC="11"/>
					</TextLine>
					<TextLine ID="P3_TL00191" HPOS="1317" VPOS="703" WIDTH="538" HEIGHT="35">
						<String ID="P3_ST01164" HPOS="1317" VPOS="705" WIDTH="45" HEIGHT="32" CONTENT="9/-," WC="0.92" CC="1012"/>
						<SP ID="P3_SP00952" HPOS="1362" VPOS="737" WIDTH="21"/>
						<String ID="P3_ST01165" HPOS="1383" VPOS="707" WIDTH="30" HEIGHT="22" CONTENT="93" WC="0.83" CC="22"/>
						<SP ID="P3_SP00953" HPOS="1413" VPOS="737" WIDTH="12"/>
						<String ID="P3_ST01166" HPOS="1425" VPOS="703" WIDTH="32" HEIGHT="27" CONTENT="'at" WC="0.94" CC="101"/>
						<SP ID="P3_SP00954" HPOS="1457" VPOS="737" WIDTH="18"/>
						<String ID="P3_ST01167" HPOS="1475" VPOS="706" WIDTH="68" HEIGHT="32" CONTENT="8/11." WC="0.98" CC="10101"/>
						<SP ID="P3_SP00955" HPOS="1543" VPOS="738" WIDTH="37"/>
						<String ID="P3_ST01168" HPOS="1580" VPOS="705" WIDTH="22" HEIGHT="25" CONTENT="A" WC="0.96" CC="1"/>
						<SP ID="P3_SP00956" HPOS="1602" VPOS="738" WIDTH="29"/>
						<String ID="P3_ST01169" HPOS="1631" VPOS="706" WIDTH="68" HEIGHT="31" CONTENT="large" WC="0.95" CC="12010"/>
						<SP ID="P3_SP00957" HPOS="1699" VPOS="738" WIDTH="29"/>
						<String ID="P3_ST01170" HPOS="1728" VPOS="707" WIDTH="72" HEIGHT="31" CONTENT="entry" WC="0.97" CC="01010"/>
						<SP ID="P3_SP00958" HPOS="1800" VPOS="738" WIDTH="28"/>
						<String ID="P3_ST01171" HPOS="1828" VPOS="707" WIDTH="27" HEIGHT="24" CONTENT="of" WC="0.98" CC="01"/>
					</TextLine>
					<TextLine ID="P3_TL00192" HPOS="1317" VPOS="745" WIDTH="535" HEIGHT="33">
						<String ID="P3_ST01172" HPOS="1317" VPOS="745" WIDTH="96" HEIGHT="25" CONTENT="Merino" WC="0.96" CC="111110"/>
						<SP ID="P3_SP00959" HPOS="1413" VPOS="770" WIDTH="19"/>
						<String ID="P3_ST01173" HPOS="1432" VPOS="746" WIDTH="74" HEIGHT="24" CONTENT="Ewes" WC="0.96" CC="1101"/>
						<SP ID="P3_SP00960" HPOS="1506" VPOS="770" WIDTH="18"/>
						<String ID="P3_ST01174" HPOS="1524" VPOS="745" WIDTH="82" HEIGHT="25" CONTENT="which" WC="0.94" CC="11101"/>
						<SP ID="P3_SP00961" HPOS="1606" VPOS="770" WIDTH="26"/>
						<String ID="P3_ST01175" HPOS="1632" VPOS="745" WIDTH="77" HEIGHT="25" CONTENT="found" WC="0.93" CC="10111"/>
						<SP ID="P3_SP00962" HPOS="1709" VPOS="770" WIDTH="28"/>
						<String ID="P3_ST01176" HPOS="1737" VPOS="754" WIDTH="15" HEIGHT="16" CONTENT="a" WC="0.96" CC="1"/>
						<SP ID="P3_SP00963" HPOS="1752" VPOS="770" WIDTH="25"/>
						<String ID="P3_ST01177" HPOS="1777" VPOS="747" WIDTH="75" HEIGHT="31" CONTENT="ready" WC="0.93" CC="11111"/>
					</TextLine>
					<TextLine ID="P3_TL00193" HPOS="1317" VPOS="783" WIDTH="537" HEIGHT="26">
						<String ID="P3_ST01178" HPOS="1317" VPOS="783" WIDTH="105" HEIGHT="24" CONTENT="market." WC="0.91" CC="2110211"/>
						<SP ID="P3_SP00964" HPOS="1422" VPOS="807" WIDTH="60"/>
						<String ID="P3_ST01179" HPOS="1482" VPOS="783" WIDTH="84" HEIGHT="25" CONTENT="Good-" WC="0.93" CC="20012"/>
						<SP ID="P3_SP00965" HPOS="1566" VPOS="808" WIDTH="38"/>
						<String ID="P3_ST01180" HPOS="1604" VPOS="784" WIDTH="80" HEIGHT="24" CONTENT="sound" WC="0.93" CC="20111"/>
						<SP ID="P3_SP00966" HPOS="1684" VPOS="808" WIDTH="50"/>
						<String ID="P3_ST01181" HPOS="1734" VPOS="784" WIDTH="120" HEIGHT="25" CONTENT="mouthed" WC="0.89" CC="3021111"/>
					</TextLine>
					<TextLine ID="P3_TL00194" HPOS="1318" VPOS="820" WIDTH="535" HEIGHT="33">
						<String ID="P3_ST01182" HPOS="1318" VPOS="820" WIDTH="107" HEIGHT="33" CONTENT="brought" WC="0.96" CC="1001100"/>
						<SP ID="P3_SP00967" HPOS="1425" VPOS="853" WIDTH="12"/>
						<String ID="P3_ST01183" HPOS="1437" VPOS="830" WIDTH="33" HEIGHT="23" CONTENT="up" WC="0.96" CC="11"/>
						<SP ID="P3_SP00968" HPOS="1470" VPOS="853" WIDTH="19"/>
						<String ID="P3_ST01184" HPOS="1489" VPOS="823" WIDTH="25" HEIGHT="23" CONTENT="to" WC="0.98" CC="10"/>
						<SP ID="P3_SP00969" HPOS="1514" VPOS="853" WIDTH="22"/>
						<String ID="P3_ST01185" HPOS="1536" VPOS="822" WIDTH="51" HEIGHT="31" CONTENT="7/0," WC="0.94" CC="0011"/>
						<SP ID="P3_SP00970" HPOS="1587" VPOS="853" WIDTH="19"/>
						<String ID="P3_ST01186" HPOS="1606" VPOS="822" WIDTH="49" HEIGHT="24" CONTENT="and" WC="0.94" CC="111"/>
						<SP ID="P3_SP00971" HPOS="1655" VPOS="853" WIDTH="17"/>
						<String ID="P3_ST01187" HPOS="1672" VPOS="821" WIDTH="101" HEIGHT="26" CONTENT="inferior" WC="0.89" CC="15111101"/>
						<SP ID="P3_SP00972" HPOS="1773" VPOS="853" WIDTH="16"/>
						<String ID="P3_ST01188" HPOS="1789" VPOS="822" WIDTH="64" HEIGHT="26" CONTENT="from" WC="0.97" CC="0001"/>
					</TextLine>
					<TextLine ID="P3_TL00195" HPOS="1319" VPOS="862" WIDTH="534" HEIGHT="32">
						<String ID="P3_ST01189" HPOS="1319" VPOS="862" WIDTH="36" HEIGHT="31" CONTENT="2/-" WC="0.96" CC="100"/>
						<SP ID="P3_SP00973" HPOS="1355" VPOS="893" WIDTH="13"/>
						<String ID="P3_ST01190" HPOS="1368" VPOS="864" WIDTH="25" HEIGHT="22" CONTENT="to" WC="0.98" CC="10"/>
						<SP ID="P3_SP00974" HPOS="1393" VPOS="893" WIDTH="13"/>
						<String ID="P3_ST01191" HPOS="1406" VPOS="862" WIDTH="50" HEIGHT="32" CONTENT="4/0." WC="0.94" CC="1011"/>
						<SP ID="P3_SP00975" HPOS="1456" VPOS="894" WIDTH="37"/>
						<String ID="P3_ST01192" HPOS="1493" VPOS="862" WIDTH="21" HEIGHT="24" CONTENT="A" WC="1.00" CC="0"/>
						<SP ID="P3_SP00976" HPOS="1514" VPOS="894" WIDTH="18"/>
						<String ID="P3_ST01193" HPOS="1532" VPOS="862" WIDTH="75" HEIGHT="24" CONTENT="small" WC="0.97" CC="11100"/>
						<SP ID="P3_SP00977" HPOS="1607" VPOS="894" WIDTH="18"/>
						<String ID="P3_ST01194" HPOS="1625" VPOS="864" WIDTH="71" HEIGHT="29" CONTENT="entry" WC="0.97" CC="11101"/>
						<SP ID="P3_SP00978" HPOS="1696" VPOS="894" WIDTH="12"/>
						<String ID="P3_ST01195" HPOS="1708" VPOS="863" WIDTH="26" HEIGHT="23" CONTENT="of" WC="0.72" CC="05"/>
						<SP ID="P3_SP00979" HPOS="1734" VPOS="894" WIDTH="21"/>
						<String ID="P3_ST01196" HPOS="1755" VPOS="862" WIDTH="98" HEIGHT="25" CONTENT="Merino" WC="0.97" CC="001110"/>
					</TextLine>
					<TextLine ID="P3_TL00196" HPOS="1319" VPOS="901" WIDTH="535" HEIGHT="33">
						<String ID="P3_ST01197" HPOS="1319" VPOS="901" WIDTH="116" HEIGHT="25" CONTENT="Wethers" WC="0.96" CC="0011111"/>
						<SP ID="P3_SP00980" HPOS="1435" VPOS="926" WIDTH="18"/>
						<String ID="P3_ST01198" HPOS="1453" VPOS="909" WIDTH="64" HEIGHT="17" CONTENT="were" WC="0.95" CC="0111"/>
						<SP ID="P3_SP00981" HPOS="1517" VPOS="926" WIDTH="17"/>
						<String ID="P3_ST01199" HPOS="1534" VPOS="902" WIDTH="101" HEIGHT="32" CONTENT="quickly" WC="0.97" CC="2000101"/>
						<SP ID="P3_SP00982" HPOS="1635" VPOS="934" WIDTH="18"/>
						<String ID="P3_ST01200" HPOS="1653" VPOS="902" WIDTH="114" HEIGHT="31" CONTENT="disposed" WC="0.96" CC="10110111"/>
						<SP ID="P3_SP00983" HPOS="1767" VPOS="934" WIDTH="18"/>
						<String ID="P3_ST01201" HPOS="1785" VPOS="903" WIDTH="27" HEIGHT="25" CONTENT="of" WC="0.98" CC="01"/>
						<SP ID="P3_SP00984" HPOS="1812" VPOS="934" WIDTH="15"/>
						<String ID="P3_ST01202" HPOS="1827" VPOS="909" WIDTH="27" HEIGHT="24" CONTENT="at" WC="0.83" CC="03"/>
					</TextLine>
					<TextLine ID="P3_TL00197" HPOS="1317" VPOS="941" WIDTH="388" HEIGHT="33">
						<String ID="P3_ST01203" HPOS="1317" VPOS="941" WIDTH="80" HEIGHT="31" CONTENT="prices" WC="0.97" CC="010001"/>
						<SP ID="P3_SP00985" HPOS="1397" VPOS="972" WIDTH="17"/>
						<String ID="P3_ST01204" HPOS="1414" VPOS="941" WIDTH="65" HEIGHT="26" CONTENT="from" WC="0.96" CC="0101"/>
						<SP ID="P3_SP00986" HPOS="1479" VPOS="972" WIDTH="18"/>
						<String ID="P3_ST01205" HPOS="1497" VPOS="942" WIDTH="37" HEIGHT="32" CONTENT="4/-" WC="0.93" CC="211"/>
						<SP ID="P3_SP00987" HPOS="1534" VPOS="974" WIDTH="19"/>
						<String ID="P3_ST01206" HPOS="1553" VPOS="950" WIDTH="34" HEIGHT="23" CONTENT="up" WC="1.00" CC="00"/>
						<SP ID="P3_SP00988" HPOS="1587" VPOS="974" WIDTH="17"/>
						<String ID="P3_ST01207" HPOS="1604" VPOS="944" WIDTH="26" HEIGHT="22" CONTENT="to" WC="1.00" CC="00"/>
						<SP ID="P3_SP00989" HPOS="1630" VPOS="974" WIDTH="26"/>
						<String ID="P3_ST01208" HPOS="1656" VPOS="942" WIDTH="49" HEIGHT="32" CONTENT="5/-," WC="0.94" CC="1011"/>
					</TextLine>
					<TextLine ID="P3_TL00198" HPOS="1320" VPOS="991" WIDTH="535" HEIGHT="34">
						<String ID="P3_ST01209" HPOS="1320" VPOS="991" WIDTH="104" HEIGHT="26" CONTENT="Cattle." WC="0.93" CC="1111111"/>
						<String ID="P3_ST01210" HPOS="1427" VPOS="1007" WIDTH="33" HEIGHT="3" CONTENT="—" WC="1.00" CC="0"/>
						<String ID="P3_ST01211" HPOS="1463" VPOS="992" WIDTH="85" HEIGHT="27" CONTENT="Galves" WC="0.90" CC="510011"/>
						<SP ID="P3_SP00990" HPOS="1548" VPOS="1019" WIDTH="27"/>
						<String ID="P3_ST01212" HPOS="1575" VPOS="994" WIDTH="25" HEIGHT="23" CONTENT="to" WC="1.00" CC="00"/>
						<SP ID="P3_SP00991" HPOS="1600" VPOS="1019" WIDTH="30"/>
						<String ID="P3_ST01213" HPOS="1630" VPOS="993" WIDTH="64" HEIGHT="32" CONTENT="29/-." WC="0.94" CC="12011"/>
						<SP ID="P3_SP00992" HPOS="1694" VPOS="1025" WIDTH="36"/>
						<String ID="P3_ST01214" HPOS="1730" VPOS="993" WIDTH="71" HEIGHT="25" CONTENT="Cows" WC="0.94" CC="0011"/>
						<SP ID="P3_SP00993" HPOS="1801" VPOS="1025" WIDTH="27"/>
						<String ID="P3_ST01215" HPOS="1828" VPOS="994" WIDTH="27" HEIGHT="23" CONTENT="m" WC="0.98" CC="1"/>
					</TextLine>
					<TextLine ID="P3_TL00199" HPOS="1319" VPOS="1031" WIDTH="328" HEIGHT="33">
						<String ID="P3_ST01216" HPOS="1319" VPOS="1031" WIDTH="46" HEIGHT="26" CONTENT="full" WC="0.97" CC="0110"/>
						<SP ID="P3_SP00994" HPOS="1365" VPOS="1057" WIDTH="17"/>
						<String ID="P3_ST01217" HPOS="1382" VPOS="1032" WIDTH="76" HEIGHT="32" CONTENT="profit" WC="0.93" CC="110111"/>
						<SP ID="P3_SP00995" HPOS="1458" VPOS="1064" WIDTH="12"/>
						<String ID="P3_ST01218" HPOS="1470" VPOS="1040" WIDTH="32" HEIGHT="24" CONTENT="up" WC="0.96" CC="11"/>
						<SP ID="P3_SP00996" HPOS="1502" VPOS="1064" WIDTH="18"/>
						<String ID="P3_ST01219" HPOS="1520" VPOS="1038" WIDTH="26" HEIGHT="19" CONTENT="to" WC="0.94" CC="10"/>
						<SP ID="P3_SP00997" HPOS="1546" VPOS="1064" WIDTH="13"/>
						<String ID="P3_ST01220" HPOS="1559" VPOS="1034" WIDTH="33" HEIGHT="23" CONTENT="£0" WC="0.70" CC="51"/>
						<SP ID="P3_SP00998" HPOS="1592" VPOS="1064" WIDTH="21"/>
						<String ID="P3_ST01221" HPOS="1613" VPOS="1034" WIDTH="34" HEIGHT="23" CONTENT="ss." WC="0.93" CC="111"/>
					</TextLine>
					<TextLine ID="P3_TL00200" HPOS="1353" VPOS="1070" WIDTH="503" HEIGHT="27">
						<String ID="P3_ST01222" HPOS="1353" VPOS="1070" WIDTH="46" HEIGHT="25" CONTENT="We" WC="0.94" CC="11"/>
						<SP ID="P3_SP00999" HPOS="1399" VPOS="1095" WIDTH="17"/>
						<String ID="P3_ST01223" HPOS="1416" VPOS="1071" WIDTH="63" HEIGHT="24" CONTENT="wish" WC="0.94" CC="1011"/>
						<SP ID="P3_SP01000" HPOS="1479" VPOS="1095" WIDTH="24"/>
						<String ID="P3_ST01224" HPOS="1503" VPOS="1072" WIDTH="26" HEIGHT="24" CONTENT="to" WC="1.00" CC="00"/>
						<SP ID="P3_SP01001" HPOS="1529" VPOS="1096" WIDTH="29"/>
						<String ID="P3_ST01225" HPOS="1558" VPOS="1071" WIDTH="98" HEIGHT="24" CONTENT="remind" WC="0.98" CC="001010"/>
						<SP ID="P3_SP01002" HPOS="1656" VPOS="1096" WIDTH="28"/>
						<String ID="P3_ST01226" HPOS="1684" VPOS="1079" WIDTH="46" HEIGHT="18" CONTENT="our" WC="0.95" CC="011"/>
						<SP ID="P3_SP01003" HPOS="1730" VPOS="1097" WIDTH="27"/>
						<String ID="P3_ST01227" HPOS="1757" VPOS="1072" WIDTH="99" HEIGHT="25" CONTENT="readers" WC="0.94" CC="2111001"/>
					</TextLine>
					<TextLine ID="P3_TL00201" HPOS="1319" VPOS="1109" WIDTH="537" HEIGHT="26">
						<String ID="P3_ST01228" HPOS="1319" VPOS="1109" WIDTH="56" HEIGHT="24" CONTENT="that" WC="0.99" CC="0001"/>
						<SP ID="P3_SP01004" HPOS="1375" VPOS="1133" WIDTH="18"/>
						<String ID="P3_ST01229" HPOS="1393" VPOS="1109" WIDTH="43" HEIGHT="24" CONTENT="the" WC="1.00" CC="000"/>
						<SP ID="P3_SP01005" HPOS="1436" VPOS="1133" WIDTH="13"/>
						<String ID="P3_ST01230" HPOS="1449" VPOS="1109" WIDTH="51" HEIGHT="24" CONTENT="sale" WC="0.97" CC="0101"/>
						<SP ID="P3_SP01006" HPOS="1500" VPOS="1133" WIDTH="24"/>
						<String ID="P3_ST01231" HPOS="1524" VPOS="1111" WIDTH="76" HEIGHT="23" CONTENT="starts" WC="0.96" CC="110001"/>
						<SP ID="P3_SP01007" HPOS="1600" VPOS="1134" WIDTH="23"/>
						<String ID="P3_ST01232" HPOS="1623" VPOS="1118" WIDTH="33" HEIGHT="15" CONTENT="an" WC="1.00" CC="00"/>
						<SP ID="P3_SP01008" HPOS="1656" VPOS="1134" WIDTH="24"/>
						<String ID="P3_ST01233" HPOS="1680" VPOS="1109" WIDTH="65" HEIGHT="25" CONTENT="hour" WC="0.96" CC="1011"/>
						<SP ID="P3_SP01009" HPOS="1745" VPOS="1134" WIDTH="22"/>
						<String ID="P3_ST01234" HPOS="1767" VPOS="1110" WIDTH="89" HEIGHT="25" CONTENT="earlier" WC="0.96" CC="0110011"/>
					</TextLine>
					<TextLine ID="P3_TL00202" HPOS="1319" VPOS="1148" WIDTH="534" HEIGHT="33">
						<String ID="P3_ST01235" HPOS="1319" VPOS="1148" WIDTH="62" HEIGHT="25" CONTENT="than" WC="0.97" CC="1100"/>
						<SP ID="P3_SP01010" HPOS="1381" VPOS="1173" WIDTH="12"/>
						<String ID="P3_ST01236" HPOS="1393" VPOS="1148" WIDTH="119" HEIGHT="29" CONTENT="hitherto," WC="0.95" CC="201111101"/>
						<SP ID="P3_SP01011" HPOS="1512" VPOS="1177" WIDTH="10"/>
						<String ID="P3_ST01237" HPOS="1522" VPOS="1149" WIDTH="101" HEIGHT="31" CONTENT="namely" WC="0.97" CC="010100"/>
						<SP ID="P3_SP01012" HPOS="1623" VPOS="1180" WIDTH="10"/>
						<String ID="P3_ST01238" HPOS="1633" VPOS="1149" WIDTH="55" HEIGHT="25" CONTENT="half" WC="0.95" CC="1101"/>
						<SP ID="P3_SP01013" HPOS="1688" VPOS="1180" WIDTH="9"/>
						<String ID="P3_ST01239" HPOS="1697" VPOS="1151" WIDTH="57" HEIGHT="30" CONTENT="past" WC="0.94" CC="0111"/>
						<SP ID="P3_SP01014" HPOS="1754" VPOS="1181" WIDTH="13"/>
						<String ID="P3_ST01240" HPOS="1767" VPOS="1149" WIDTH="86" HEIGHT="26" CONTENT="twelve" WC="0.94" CC="110111"/>
					</TextLine>
					<TextLine ID="P3_TL00203" HPOS="1321" VPOS="1192" WIDTH="102" HEIGHT="25">
						<String ID="P3_ST01241" HPOS="1321" VPOS="1192" WIDTH="102" HEIGHT="25" CONTENT="o'clock." WC="0.98" CC="00001111"/>
					</TextLine>
				</TextBlock>
				<TextBlock ID="P3_TB00012" HPOS="1316" VPOS="1318" WIDTH="542" HEIGHT="77" STYLEREFS="TXT_0 PAR_LEFT">
					<TextLine ID="P3_TL00204" HPOS="1322" VPOS="1323" WIDTH="532" HEIGHT="28" CS="1">
						<String ID="P3_ST01242" HPOS="1322" VPOS="1323" WIDTH="250" HEIGHT="26" CONTENT="WAIMAKARIRI-" WC="0.94" CC="100021020201"/>
						<String ID="P3_ST01243" HPOS="1574" VPOS="1325" WIDTH="140" HEIGHT="25" CONTENT="ASHLEY" WC="0.96" CC="110110"/>
						<SP ID="P3_SP01015" HPOS="1714" VPOS="1350" WIDTH="12"/>
						<String ID="P3_ST01244" HPOS="1726" VPOS="1325" WIDTH="31" HEIGHT="26" CONTENT="W" WC="0.81" CC="2"/>
						<String ID="P3_ST01245" HPOS="1759" VPOS="1325" WIDTH="68" HEIGHT="25" CONTENT="ATE" WC="0.94" CC="111"/>
						<String ID="P3_ST01246" HPOS="1832" VPOS="1325" WIDTH="22" HEIGHT="25" CONTENT="R" WC="0.93" CC="1"/>
					</TextLine>
					<TextLine ID="P3_TL00205" HPOS="1538" VPOS="1366" WIDTH="100" HEIGHT="25">
						<String ID="P3_ST01247" HPOS="1538" VPOS="1366" WIDTH="100" HEIGHT="25" CONTENT="RACE." WC="0.93" CC="21101"/>
					</TextLine>
				</TextBlock>
				<TextBlock ID="P3_TB00013" HPOS="1311" VPOS="2954" WIDTH="552" HEIGHT="977" STYLEREFS="TXT_0 PAR_BLOCK">
					<TextLine ID="P3_TL00206" HPOS="1352" VPOS="2958" WIDTH="502" HEIGHT="31">
						<String ID="P3_ST01248" HPOS="1352" VPOS="2959" WIDTH="54" HEIGHT="23" CONTENT="The" WC="0.93" CC="111"/>
						<SP ID="P3_SP01016" HPOS="1406" VPOS="2982" WIDTH="12"/>
						<String ID="P3_ST01249" HPOS="1418" VPOS="2959" WIDTH="90" HEIGHT="30" CONTENT="figures" WC="0.91" CC="1121201"/>
						<SP ID="P3_SP01017" HPOS="1508" VPOS="2989" WIDTH="9"/>
						<String ID="P3_ST01250" HPOS="1517" VPOS="2958" WIDTH="112" HEIGHT="31" CONTENT="shewing" WC="0.83" CC="1306011"/>
						<SP ID="P3_SP01018" HPOS="1629" VPOS="2989" WIDTH="11"/>
						<String ID="P3_ST01251" HPOS="1640" VPOS="2958" WIDTH="41" HEIGHT="25" CONTENT="the" WC="0.88" CC="221"/>
						<SP ID="P3_SP01019" HPOS="1681" VPOS="2989" WIDTH="5"/>
						<String ID="P3_ST01252" HPOS="1686" VPOS="2959" WIDTH="80" HEIGHT="25" CONTENT="result" WC="0.76" CC="911211"/>
						<SP ID="P3_SP01020" HPOS="1766" VPOS="2989" WIDTH="10"/>
						<String ID="P3_ST01253" HPOS="1776" VPOS="2959" WIDTH="26" HEIGHT="25" CONTENT="of" WC="0.96" CC="01"/>
						<SP ID="P3_SP01021" HPOS="1802" VPOS="2989" WIDTH="10"/>
						<String ID="P3_ST01254" HPOS="1812" VPOS="2959" WIDTH="42" HEIGHT="25" CONTENT="the" WC="0.93" CC="011"/>
					</TextLine>
					<TextLine ID="P3_TL00207" HPOS="1318" VPOS="2996" WIDTH="535" HEIGHT="29">
						<String ID="P3_ST01255" HPOS="1318" VPOS="2997" WIDTH="63" HEIGHT="28" CONTENT="Pol]," WC="0.95" CC="10111"/>
						<SP ID="P3_SP01022" HPOS="1381" VPOS="3025" WIDTH="13"/>
						<String ID="P3_ST01256" HPOS="1394" VPOS="2997" WIDTH="74" HEIGHT="23" CONTENT="when" WC="0.90" CC="2111"/>
						<SP ID="P3_SP01023" HPOS="1468" VPOS="3025" WIDTH="9"/>
						<String ID="P3_ST01257" HPOS="1477" VPOS="2997" WIDTH="78" HEIGHT="24" CONTENT="taken" WC="0.87" CC="40211"/>
						<SP ID="P3_SP01024" HPOS="1555" VPOS="3025" WIDTH="15"/>
						<String ID="P3_ST01258" HPOS="1570" VPOS="2996" WIDTH="27" HEIGHT="24" CONTENT="m" WC="1.00" CC="0"/>
						<SP ID="P3_SP01025" HPOS="1597" VPOS="3025" WIDTH="23"/>
						<String ID="P3_ST01259" HPOS="1620" VPOS="2997" WIDTH="148" HEIGHT="24" CONTENT="connection" WC="0.95" CC="0121101111"/>
						<SP ID="P3_SP01026" HPOS="1768" VPOS="3025" WIDTH="23"/>
						<String ID="P3_ST01260" HPOS="1791" VPOS="2997" WIDTH="62" HEIGHT="24" CONTENT="with" WC="0.91" CC="1021"/>
					</TextLine>
					<TextLine ID="P3_TL00208" HPOS="1319" VPOS="3036" WIDTH="535" HEIGHT="29">
						<String ID="P3_ST01261" HPOS="1319" VPOS="3036" WIDTH="33" HEIGHT="24" CONTENT="all" WC="0.86" CC="130"/>
						<SP ID="P3_SP01027" HPOS="1352" VPOS="3060" WIDTH="21"/>
						<String ID="P3_ST01262" HPOS="1373" VPOS="3036" WIDTH="43" HEIGHT="25" CONTENT="the" WC="0.95" CC="011"/>
						<SP ID="P3_SP01028" HPOS="1416" VPOS="3061" WIDTH="12"/>
						<String ID="P3_ST01263" HPOS="1428" VPOS="3036" WIDTH="125" HEIGHT="26" CONTENT="collateral" WC="0.94" CC="0000121210"/>
						<SP ID="P3_SP01029" HPOS="1553" VPOS="3062" WIDTH="13"/>
						<String ID="P3_ST01264" HPOS="1566" VPOS="3037" WIDTH="201" HEIGHT="28" CONTENT="circumstances," WC="0.91" CC="11201112120211"/>
						<SP ID="P3_SP01030" HPOS="1767" VPOS="3065" WIDTH="26"/>
						<String ID="P3_ST01265" HPOS="1793" VPOS="3037" WIDTH="61" HEIGHT="25" CONTENT="such" WC="0.95" CC="0101"/>
					</TextLine>
					<TextLine ID="P3_TL00209" HPOS="1319" VPOS="3074" WIDTH="535" HEIGHT="30">
						<String ID="P3_ST01266" HPOS="1319" VPOS="3083" WIDTH="27" HEIGHT="16" CONTENT="as" WC="0.96" CC="01"/>
						<SP ID="P3_SP01031" HPOS="1346" VPOS="3099" WIDTH="29"/>
						<String ID="P3_ST01267" HPOS="1375" VPOS="3074" WIDTH="164" HEIGHT="25" CONTENT="absenteeism" WC="0.94" CC="11110111012"/>
						<SP ID="P3_SP01032" HPOS="1539" VPOS="3099" WIDTH="39"/>
						<String ID="P3_ST01268" HPOS="1578" VPOS="3075" WIDTH="49" HEIGHT="25" CONTENT="and" WC="0.93" CC="102"/>
						<SP ID="P3_SP01033" HPOS="1627" VPOS="3100" WIDTH="29"/>
						<String ID="P3_ST01269" HPOS="1656" VPOS="3076" WIDTH="72" HEIGHT="24" CONTENT="other" WC="0.94" CC="01112"/>
						<SP ID="P3_SP01034" HPOS="1728" VPOS="3100" WIDTH="32"/>
						<String ID="P3_ST01270" HPOS="1760" VPOS="3084" WIDTH="94" HEIGHT="20" CONTENT="causes," WC="0.89" CC="0014121"/>
					</TextLine>
					<TextLine ID="P3_TL00210" HPOS="1317" VPOS="3112" WIDTH="537" HEIGHT="33">
						<String ID="P3_ST01271" HPOS="1317" VPOS="3120" WIDTH="88" HEIGHT="24" CONTENT="proves" WC="0.98" CC="010001"/>
						<SP ID="P3_SP01035" HPOS="1405" VPOS="3144" WIDTH="20"/>
						<String ID="P3_ST01272" HPOS="1425" VPOS="3112" WIDTH="41" HEIGHT="25" CONTENT="the" WC="0.94" CC="101"/>
						<SP ID="P3_SP01036" HPOS="1466" VPOS="3144" WIDTH="13"/>
						<String ID="P3_ST01273" HPOS="1479" VPOS="3112" WIDTH="100" HEIGHT="25" CONTENT="scheme" WC="0.94" CC="121011"/>
						<SP ID="P3_SP01037" HPOS="1579" VPOS="3144" WIDTH="25"/>
						<String ID="P3_ST01274" HPOS="1604" VPOS="3115" WIDTH="24" HEIGHT="22" CONTENT="to" WC="0.98" CC="10"/>
						<SP ID="P3_SP01038" HPOS="1628" VPOS="3144" WIDTH="12"/>
						<String ID="P3_ST01275" HPOS="1640" VPOS="3113" WIDTH="30" HEIGHT="25" CONTENT="be" WC="0.94" CC="10"/>
						<SP ID="P3_SP01039" HPOS="1670" VPOS="3144" WIDTH="24"/>
						<String ID="P3_ST01276" HPOS="1694" VPOS="3121" WIDTH="13" HEIGHT="16" CONTENT="a" WC="0.96" CC="1"/>
						<SP ID="P3_SP01040" HPOS="1707" VPOS="3144" WIDTH="21"/>
						<String ID="P3_ST01277" HPOS="1728" VPOS="3114" WIDTH="126" HEIGHT="31" CONTENT="decidedly" WC="0.81" CC="200139211"/>
					</TextLine>
					<TextLine ID="P3_TL00211" HPOS="1318" VPOS="3151" WIDTH="538" HEIGHT="31">
						<String ID="P3_ST01278" HPOS="1318" VPOS="3151" WIDTH="105" HEIGHT="31" CONTENT="popular" WC="0.93" CC="1011211"/>
						<SP ID="P3_SP01041" HPOS="1423" VPOS="3182" WIDTH="11"/>
						<String ID="P3_ST01279" HPOS="1434" VPOS="3159" WIDTH="55" HEIGHT="16" CONTENT="one." WC="0.93" CC="0121"/>
						<SP ID="P3_SP01042" HPOS="1489" VPOS="3182" WIDTH="36"/>
						<String ID="P3_ST01280" HPOS="1525" VPOS="3151" WIDTH="51" HEIGHT="24" CONTENT="But" WC="0.90" CC="111"/>
						<SP ID="P3_SP01043" HPOS="1576" VPOS="3182" WIDTH="12"/>
						<String ID="P3_ST01281" HPOS="1588" VPOS="3151" WIDTH="20" HEIGHT="24" CONTENT="it" WC="0.96" CC="11"/>
						<SP ID="P3_SP01044" HPOS="1608" VPOS="3182" WIDTH="18"/>
						<String ID="P3_ST01282" HPOS="1626" VPOS="3151" WIDTH="22" HEIGHT="24" CONTENT="is" WC="0.94" CC="01"/>
						<SP ID="P3_SP01045" HPOS="1648" VPOS="3182" WIDTH="12"/>
						<String ID="P3_ST01283" HPOS="1660" VPOS="3152" WIDTH="169" HEIGHT="24" CONTENT="nevertheless" WC="0.93" CC="101011110111"/>
						<SP ID="P3_SP01046" HPOS="1829" VPOS="3182" WIDTH="12"/>
						<String ID="P3_ST01284" HPOS="1841" VPOS="3160" WIDTH="15" HEIGHT="17" CONTENT="a" WC="0.93" CC="1"/>
					</TextLine>
					<TextLine ID="P3_TL00212" HPOS="1318" VPOS="3188" WIDTH="537" HEIGHT="34">
						<String ID="P3_ST01285" HPOS="1318" VPOS="3188" WIDTH="154" HEIGHT="25" CONTENT="remarkable" WC="0.91" CC="1121111111"/>
						<SP ID="P3_SP01047" HPOS="1472" VPOS="3213" WIDTH="12"/>
						<String ID="P3_ST01286" HPOS="1484" VPOS="3189" WIDTH="50" HEIGHT="24" CONTENT="fact" WC="0.95" CC="1101"/>
						<SP ID="P3_SP01048" HPOS="1534" VPOS="3213" WIDTH="21"/>
						<String ID="P3_ST01287" HPOS="1555" VPOS="3189" WIDTH="56" HEIGHT="24" CONTENT="that" WC="0.84" CC="0106"/>
						<SP ID="P3_SP01049" HPOS="1611" VPOS="3213" WIDTH="12"/>
						<String ID="P3_ST01288" HPOS="1623" VPOS="3198" WIDTH="27" HEIGHT="15" CONTENT="so" WC="0.96" CC="10"/>
						<SP ID="P3_SP01050" HPOS="1650" VPOS="3213" WIDTH="23"/>
						<String ID="P3_ST01289" HPOS="1673" VPOS="3189" WIDTH="77" HEIGHT="25" CONTENT="much" WC="0.97" CC="1001"/>
						<SP ID="P3_SP01051" HPOS="1750" VPOS="3214" WIDTH="12"/>
						<String ID="P3_ST01290" HPOS="1762" VPOS="3190" WIDTH="93" HEIGHT="32" CONTENT="apathy" WC="0.96" CC="100002"/>
					</TextLine>
					<TextLine ID="P3_TL00213" HPOS="1318" VPOS="3229" WIDTH="538" HEIGHT="32">
						<String ID="P3_ST01291" HPOS="1318" VPOS="3229" WIDTH="123" HEIGHT="32" CONTENT="prevailed" WC="0.88" CC="161101112"/>
						<SP ID="P3_SP01052" HPOS="1441" VPOS="3261" WIDTH="24"/>
						<String ID="P3_ST01292" HPOS="1465" VPOS="3229" WIDTH="28" HEIGHT="24" CONTENT="m" WC="0.94" CC="1"/>
						<SP ID="P3_SP01053" HPOS="1493" VPOS="3261" WIDTH="28"/>
						<String ID="P3_ST01293" HPOS="1521" VPOS="3231" WIDTH="112" HEIGHT="29" CONTENT="quarters" WC="0.93" CC="11121011"/>
						<SP ID="P3_SP01054" HPOS="1633" VPOS="3261" WIDTH="24"/>
						<String ID="P3_ST01294" HPOS="1657" VPOS="3229" WIDTH="82" HEIGHT="25" CONTENT="where" WC="0.97" CC="10110"/>
						<SP ID="P3_SP01055" HPOS="1739" VPOS="3261" WIDTH="23"/>
						<String ID="P3_ST01295" HPOS="1762" VPOS="3231" WIDTH="21" HEIGHT="23" CONTENT="it" WC="0.98" CC="01"/>
						<SP ID="P3_SP01056" HPOS="1783" VPOS="3261" WIDTH="22"/>
						<String ID="P3_ST01296" HPOS="1805" VPOS="3239" WIDTH="51" HEIGHT="16" CONTENT="was" WC="0.89" CC="112"/>
					</TextLine>
					<TextLine ID="P3_TL00214" HPOS="1319" VPOS="3269" WIDTH="538" HEIGHT="31">
						<String ID="P3_ST01297" HPOS="1319" VPOS="3269" WIDTH="63" HEIGHT="24" CONTENT="least" WC="0.91" CC="02211"/>
						<SP ID="P3_SP01057" HPOS="1382" VPOS="3293" WIDTH="13"/>
						<String ID="P3_ST01298" HPOS="1395" VPOS="3269" WIDTH="125" HEIGHT="31" CONTENT="expected," WC="0.93" CC="111101112"/>
						<SP ID="P3_SP01058" HPOS="1520" VPOS="3300" WIDTH="11"/>
						<String ID="P3_ST01299" HPOS="1531" VPOS="3269" WIDTH="56" HEIGHT="24" CONTENT="that" WC="0.94" CC="1011"/>
						<SP ID="P3_SP01059" HPOS="1587" VPOS="3300" WIDTH="12"/>
						<String ID="P3_ST01300" HPOS="1599" VPOS="3269" WIDTH="50" HEIGHT="24" CONTENT="had" WC="0.91" CC="111"/>
						<SP ID="P3_SP01060" HPOS="1649" VPOS="3300" WIDTH="12"/>
						<String ID="P3_ST01301" HPOS="1661" VPOS="3270" WIDTH="19" HEIGHT="23" CONTENT="it" WC="0.96" CC="10"/>
						<SP ID="P3_SP01061" HPOS="1680" VPOS="3300" WIDTH="12"/>
						<String ID="P3_ST01302" HPOS="1692" VPOS="3272" WIDTH="45" HEIGHT="22" CONTENT="not" WC="0.95" CC="101"/>
						<SP ID="P3_SP01062" HPOS="1737" VPOS="3300" WIDTH="9"/>
						<String ID="P3_ST01303" HPOS="1746" VPOS="3270" WIDTH="64" HEIGHT="25" CONTENT="been" WC="0.94" CC="1110"/>
						<SP ID="P3_SP01063" HPOS="1810" VPOS="3300" WIDTH="9"/>
						<String ID="P3_ST01304" HPOS="1819" VPOS="3271" WIDTH="38" HEIGHT="24" CONTENT="for" WC="0.96" CC="101"/>
					</TextLine>
					<TextLine ID="P3_TL00215" HPOS="1319" VPOS="3306" WIDTH="536" HEIGHT="33">
						<String ID="P3_ST01305" HPOS="1319" VPOS="3306" WIDTH="43" HEIGHT="26" CONTENT="the" WC="0.95" CC="011"/>
						<SP ID="P3_SP01064" HPOS="1362" VPOS="3332" WIDTH="23"/>
						<String ID="P3_ST01306" HPOS="1385" VPOS="3306" WIDTH="121" HEIGHT="31" CONTENT="vigilance" WC="0.94" CC="112001011"/>
						<SP ID="P3_SP01065" HPOS="1506" VPOS="3337" WIDTH="13"/>
						<String ID="P3_ST01307" HPOS="1519" VPOS="3307" WIDTH="26" HEIGHT="23" CONTENT="of" WC="0.93" CC="02"/>
						<SP ID="P3_SP01066" HPOS="1545" VPOS="3337" WIDTH="10"/>
						<String ID="P3_ST01308" HPOS="1555" VPOS="3306" WIDTH="56" HEIGHT="25" CONTENT="well" WC="0.94" CC="1101"/>
						<SP ID="P3_SP01067" HPOS="1611" VPOS="3337" WIDTH="22"/>
						<String ID="P3_ST01309" HPOS="1633" VPOS="3308" WIDTH="132" HEIGHT="31" CONTENT="organised" WC="0.95" CC="011110111"/>
						<SP ID="P3_SP01068" HPOS="1765" VPOS="3339" WIDTH="17"/>
						<String ID="P3_ST01310" HPOS="1782" VPOS="3308" WIDTH="73" HEIGHT="25" CONTENT="Com" SUBS_TYPE="HypPart1" SUBS_CONTENT="Committee" WC="0.90" CC="1031"/>
						<HYP CONTENT="-"/>
					</TextLine>
					<TextLine ID="P3_TL00216" HPOS="1319" VPOS="3344" WIDTH="537" HEIGHT="34">
						<String ID="P3_ST01311" HPOS="1319" VPOS="3345" WIDTH="86" HEIGHT="24" CONTENT="mittee" SUBS_TYPE="HypPart2" SUBS_CONTENT="Committee" WC="0.95" CC="201110"/>
						<SP ID="P3_SP01069" HPOS="1405" VPOS="3369" WIDTH="25"/>
						<String ID="P3_ST01312" HPOS="1430" VPOS="3344" WIDTH="52" HEIGHT="32" CONTENT="(To" WC="0.97" CC="010"/>
						<SP ID="P3_SP01070" HPOS="1482" VPOS="3376" WIDTH="11"/>
						<String ID="P3_ST01313" HPOS="1493" VPOS="3344" WIDTH="83" HEIGHT="25" CONTENT="whom" WC="0.92" CC="1102"/>
						<SP ID="P3_SP01071" HPOS="1576" VPOS="3376" WIDTH="14"/>
						<String ID="P3_ST01314" HPOS="1590" VPOS="3345" WIDTH="35" HEIGHT="25" CONTENT="all" WC="0.93" CC="111"/>
						<SP ID="P3_SP01072" HPOS="1625" VPOS="3376" WIDTH="23"/>
						<String ID="P3_ST01315" HPOS="1648" VPOS="3345" WIDTH="99" HEIGHT="25" CONTENT="honour" WC="0.94" CC="102011"/>
						<SP ID="P3_SP01073" HPOS="1747" VPOS="3376" WIDTH="10"/>
						<String ID="P3_ST01316" HPOS="1757" VPOS="3346" WIDTH="23" HEIGHT="24" CONTENT="is" WC="0.96" CC="01"/>
						<SP ID="P3_SP01074" HPOS="1780" VPOS="3376" WIDTH="13"/>
						<String ID="P3_ST01317" HPOS="1793" VPOS="3346" WIDTH="63" HEIGHT="32" CONTENT='due")' WC="0.97" CC="10010"/>
					</TextLine>
					<TextLine ID="P3_TL00217" HPOS="1318" VPOS="3382" WIDTH="536" HEIGHT="28">
						<String ID="P3_ST01318" HPOS="1318" VPOS="3382" WIDTH="43" HEIGHT="25" CONTENT="the" WC="0.97" CC="011"/>
						<SP ID="P3_SP01075" HPOS="1361" VPOS="3407" WIDTH="11"/>
						<String ID="P3_ST01319" HPOS="1372" VPOS="3383" WIDTH="79" HEIGHT="23" CONTENT="result" WC="0.93" CC="102101"/>
						<SP ID="P3_SP01076" HPOS="1451" VPOS="3407" WIDTH="8"/>
						<String ID="P3_ST01320" HPOS="1459" VPOS="3382" WIDTH="82" HEIGHT="25" CONTENT="would" WC="0.98" CC="00001"/>
						<SP ID="P3_SP01077" HPOS="1541" VPOS="3407" WIDTH="11"/>
						<String ID="P3_ST01321" HPOS="1552" VPOS="3383" WIDTH="62" HEIGHT="25" CONTENT="have" WC="0.94" CC="1111"/>
						<SP ID="P3_SP01078" HPOS="1614" VPOS="3408" WIDTH="11"/>
						<String ID="P3_ST01322" HPOS="1625" VPOS="3383" WIDTH="61" HEIGHT="25" CONTENT="been" WC="0.96" CC="1010"/>
						<SP ID="P3_SP01079" HPOS="1686" VPOS="3408" WIDTH="9"/>
						<String ID="P3_ST01323" HPOS="1695" VPOS="3384" WIDTH="159" HEIGHT="26" CONTENT="disasterous." WC="0.96" CC="111011002111"/>
					</TextLine>
					<TextLine ID="P3_TL00218" HPOS="1351" VPOS="3423" WIDTH="502" HEIGHT="32">
						<String ID="P3_ST01324" HPOS="1351" VPOS="3423" WIDTH="53" HEIGHT="23" CONTENT="The" WC="0.94" CC="011"/>
						<SP ID="P3_SP01080" HPOS="1404" VPOS="3446" WIDTH="12"/>
						<String ID="P3_ST01325" HPOS="1416" VPOS="3423" WIDTH="94" HEIGHT="31" CONTENT="loyalty" WC="0.94" CC="1020021"/>
						<SP ID="P3_SP01081" HPOS="1510" VPOS="3454" WIDTH="12"/>
						<String ID="P3_ST01326" HPOS="1522" VPOS="3424" WIDTH="26" HEIGHT="22" CONTENT="of" WC="0.94" CC="01"/>
						<SP ID="P3_SP01082" HPOS="1548" VPOS="3454" WIDTH="14"/>
						<String ID="P3_ST01327" HPOS="1562" VPOS="3431" WIDTH="76" HEIGHT="24" CONTENT="many" WC="0.90" CC="2111"/>
						<SP ID="P3_SP01083" HPOS="1638" VPOS="3455" WIDTH="13"/>
						<String ID="P3_ST01328" HPOS="1651" VPOS="3425" WIDTH="26" HEIGHT="23" CONTENT="of" WC="1.00" CC="00"/>
						<SP ID="P3_SP01084" HPOS="1677" VPOS="3455" WIDTH="10"/>
						<String ID="P3_ST01329" HPOS="1687" VPOS="3424" WIDTH="43" HEIGHT="24" CONTENT="the" WC="0.94" CC="011"/>
						<SP ID="P3_SP01085" HPOS="1730" VPOS="3455" WIDTH="10"/>
						<String ID="P3_ST01330" HPOS="1740" VPOS="3427" WIDTH="113" HEIGHT="28" CONTENT="support" SUBS_TYPE="HypPart1" SUBS_CONTENT="supporters" WC="0.95" CC="10110120"/>
						<HYP CONTENT="-"/>
					</TextLine>
					<TextLine ID="P3_TL00219" HPOS="1318" VPOS="3463" WIDTH="537" HEIGHT="33">
						<String ID="P3_ST01331" HPOS="1318" VPOS="3471" WIDTH="38" HEIGHT="17" CONTENT="ers" SUBS_TYPE="HypPart2" SUBS_CONTENT="supporters" WC="0.94" CC="101"/>
						<SP ID="P3_SP01086" HPOS="1356" VPOS="3488" WIDTH="13"/>
						<String ID="P3_ST01332" HPOS="1369" VPOS="3463" WIDTH="26" HEIGHT="25" CONTENT="of" WC="0.98" CC="01"/>
						<SP ID="P3_SP01087" HPOS="1395" VPOS="3488" WIDTH="22"/>
						<String ID="P3_ST01333" HPOS="1417" VPOS="3463" WIDTH="41" HEIGHT="24" CONTENT="the" WC="0.93" CC="111"/>
						<SP ID="P3_SP01088" HPOS="1458" VPOS="3488" WIDTH="22"/>
						<String ID="P3_ST01334" HPOS="1480" VPOS="3464" WIDTH="99" HEIGHT="24" CONTENT="scheme" WC="0.89" CC="231120"/>
						<SP ID="P3_SP01089" HPOS="1579" VPOS="3488" WIDTH="12"/>
						<String ID="P3_ST01335" HPOS="1591" VPOS="3472" WIDTH="50" HEIGHT="16" CONTENT="was" WC="0.79" CC="241"/>
						<SP ID="P3_SP01090" HPOS="1641" VPOS="3488" WIDTH="20"/>
						<String ID="P3_ST01336" HPOS="1661" VPOS="3465" WIDTH="109" HEIGHT="31" CONTENT="severely" WC="0.94" CC="31010100"/>
						<SP ID="P3_SP01091" HPOS="1770" VPOS="3496" WIDTH="14"/>
						<String ID="P3_ST01337" HPOS="1784" VPOS="3465" WIDTH="71" HEIGHT="28" CONTENT="tried," WC="0.95" CC="110102"/>
					</TextLine>
					<TextLine ID="P3_TL00220" HPOS="1317" VPOS="3502" WIDTH="540" HEIGHT="32">
						<String ID="P3_ST01338" HPOS="1317" VPOS="3502" WIDTH="31" HEIGHT="31" CONTENT="by" WC="0.96" CC="10"/>
						<SP ID="P3_SP01092" HPOS="1348" VPOS="3533" WIDTH="14"/>
						<String ID="P3_ST01339" HPOS="1362" VPOS="3503" WIDTH="120" HEIGHT="30" CONTENT="sneaking" WC="0.91" CC="11211021"/>
						<SP ID="P3_SP01093" HPOS="1482" VPOS="3533" WIDTH="17"/>
						<String ID="P3_ST01340" HPOS="1499" VPOS="3503" WIDTH="94" HEIGHT="24" CONTENT="knaves" WC="0.92" CC="111011"/>
						<SP ID="P3_SP01094" HPOS="1593" VPOS="3533" WIDTH="24"/>
						<String ID="P3_ST01341" HPOS="1617" VPOS="3504" WIDTH="131" HEIGHT="30" CONTENT="tendering" WC="0.91" CC="311111111"/>
						<SP ID="P3_SP01095" HPOS="1748" VPOS="3534" WIDTH="23"/>
						<String ID="P3_ST01342" HPOS="1771" VPOS="3505" WIDTH="86" HEIGHT="24" CONTENT="advice" WC="0.97" CC="100001"/>
					</TextLine>
					<TextLine ID="P3_TL00221" HPOS="1317" VPOS="3542" WIDTH="537" HEIGHT="31">
						<String ID="P3_ST01343" HPOS="1317" VPOS="3542" WIDTH="78" HEIGHT="25" CONTENT="under" WC="0.92" CC="12011"/>
						<SP ID="P3_SP01096" HPOS="1395" VPOS="3567" WIDTH="13"/>
						<String ID="P3_ST01344" HPOS="1408" VPOS="3542" WIDTH="41" HEIGHT="25" CONTENT="the" WC="0.89" CC="111"/>
						<SP ID="P3_SP01097" HPOS="1449" VPOS="3567" WIDTH="17"/>
						<String ID="P3_ST01345" HPOS="1466" VPOS="3543" WIDTH="157" HEIGHT="30" CONTENT="assumption" WC="0.91" CC="0121221101"/>
						<SP ID="P3_SP01098" HPOS="1623" VPOS="3573" WIDTH="13"/>
						<String ID="P3_ST01346" HPOS="1636" VPOS="3543" WIDTH="27" HEIGHT="24" CONTENT="of" WC="0.91" CC="11"/>
						<SP ID="P3_SP01099" HPOS="1663" VPOS="3573" WIDTH="21"/>
						<String ID="P3_ST01347" HPOS="1684" VPOS="3543" WIDTH="65" HEIGHT="25" CONTENT="their" WC="0.90" CC="12111"/>
						<SP ID="P3_SP01100" HPOS="1749" VPOS="3573" WIDTH="23"/>
						<String ID="P3_ST01348" HPOS="1772" VPOS="3544" WIDTH="82" HEIGHT="26" CONTENT="heart" SUBS_TYPE="HypPart1" SUBS_CONTENT="heartfelt" WC="0.89" CC="122111"/>
						<HYP CONTENT="-"/>
					</TextLine>
					<TextLine ID="P3_TL00222" HPOS="1315" VPOS="3583" WIDTH="539" HEIGHT="27">
						<String ID="P3_ST01349" HPOS="1315" VPOS="3584" WIDTH="45" HEIGHT="24" CONTENT="felt" SUBS_TYPE="HypPart2" SUBS_CONTENT="heartfelt" WC="0.91" CC="2101"/>
						<SP ID="P3_SP01101" HPOS="1360" VPOS="3608" WIDTH="12"/>
						<String ID="P3_ST01350" HPOS="1372" VPOS="3583" WIDTH="79" HEIGHT="25" CONTENT="desire" WC="0.91" CC="211021"/>
						<SP ID="P3_SP01102" HPOS="1451" VPOS="3608" WIDTH="12"/>
						<String ID="P3_ST01351" HPOS="1463" VPOS="3584" WIDTH="37" HEIGHT="24" CONTENT="for" WC="0.83" CC="213"/>
						<SP ID="P3_SP01103" HPOS="1500" VPOS="3608" WIDTH="14"/>
						<String ID="P3_ST01352" HPOS="1514" VPOS="3583" WIDTH="64" HEIGHT="25" CONTENT="their" WC="0.82" CC="62101"/>
						<SP ID="P3_SP01104" HPOS="1578" VPOS="3608" WIDTH="19"/>
						<String ID="P3_ST01353" HPOS="1597" VPOS="3583" WIDTH="58" HEIGHT="26" CONTENT="dear" WC="0.85" CC="2121"/>
						<SP ID="P3_SP01105" HPOS="1655" VPOS="3609" WIDTH="20"/>
						<String ID="P3_ST01354" HPOS="1675" VPOS="3584" WIDTH="94" HEIGHT="26" CONTENT="iricucLs" WC="0.83" CC="31111124"/>
						<SP ID="P3_SP01106" HPOS="1769" VPOS="3610" WIDTH="29"/>
						<String ID="P3_ST01355" HPOS="1798" VPOS="3585" WIDTH="56" HEIGHT="25" CONTENT="wel" SUBS_TYPE="HypPart1" SUBS_CONTENT="welfare." WC="0.94" CC="1101"/>
						<HYP CONTENT="-"/>
					</TextLine>
					<TextLine ID="P3_TL00223" HPOS="1317" VPOS="3623" WIDTH="537" HEIGHT="27">
						<String ID="P3_ST01356" HPOS="1317" VPOS="3623" WIDTH="58" HEIGHT="25" CONTENT="fare." SUBS_TYPE="HypPart2" SUBS_CONTENT="welfare." WC="0.90" CC="21111"/>
						<SP ID="P3_SP01107" HPOS="1375" VPOS="3648" WIDTH="36"/>
						<String ID="P3_ST01357" HPOS="1411" VPOS="3624" WIDTH="24" HEIGHT="24" CONTENT="It" WC="0.94" CC="01"/>
						<SP ID="P3_SP01108" HPOS="1435" VPOS="3648" WIDTH="13"/>
						<String ID="P3_ST01358" HPOS="1448" VPOS="3624" WIDTH="20" HEIGHT="24" CONTENT="is" WC="0.80" CC="14"/>
						<SP ID="P3_SP01109" HPOS="1468" VPOS="3648" WIDTH="13"/>
						<String ID="P3_ST01359" HPOS="1481" VPOS="3632" WIDTH="15" HEIGHT="16" CONTENT="a" WC="0.89" CC="1"/>
						<SP ID="P3_SP01110" HPOS="1496" VPOS="3648" WIDTH="23"/>
						<String ID="P3_ST01360" HPOS="1519" VPOS="3624" WIDTH="153" HEIGHT="24" CONTENT="remarkable" WC="0.88" CC="1122212001"/>
						<SP ID="P3_SP01111" HPOS="1672" VPOS="3648" WIDTH="24"/>
						<String ID="P3_ST01361" HPOS="1696" VPOS="3625" WIDTH="50" HEIGHT="23" CONTENT="fact" WC="0.94" CC="1101"/>
						<SP ID="P3_SP01112" HPOS="1746" VPOS="3648" WIDTH="21"/>
						<String ID="P3_ST01362" HPOS="1767" VPOS="3633" WIDTH="26" HEIGHT="17" CONTENT="as" WC="0.63" CC="07"/>
						<SP ID="P3_SP01113" HPOS="1793" VPOS="3650" WIDTH="26"/>
						<String ID="P3_ST01363" HPOS="1819" VPOS="3634" WIDTH="35" HEIGHT="16" CONTENT="we" WC="0.87" CC="21"/>
					</TextLine>
					<TextLine ID="P3_TL00224" HPOS="1318" VPOS="3664" WIDTH="535" HEIGHT="33">
						<String ID="P3_ST01364" HPOS="1318" VPOS="3664" WIDTH="99" HEIGHT="30" CONTENT="happen" WC="0.83" CC="141231"/>
						<SP ID="P3_SP01114" HPOS="1417" VPOS="3694" WIDTH="13"/>
						<String ID="P3_ST01365" HPOS="1430" VPOS="3666" WIDTH="26" HEIGHT="22" CONTENT="to" WC="0.98" CC="10"/>
						<SP ID="P3_SP01115" HPOS="1456" VPOS="3694" WIDTH="14"/>
						<String ID="P3_ST01366" HPOS="1470" VPOS="3664" WIDTH="73" HEIGHT="24" CONTENT="know" WC="0.77" CC="3133"/>
						<SP ID="P3_SP01116" HPOS="1543" VPOS="3694" WIDTH="20"/>
						<String ID="P3_ST01367" HPOS="1563" VPOS="3664" WIDTH="55" HEIGHT="24" CONTENT="that" WC="0.81" CC="1233"/>
						<SP ID="P3_SP01117" HPOS="1618" VPOS="3694" WIDTH="13"/>
						<String ID="P3_ST01368" HPOS="1631" VPOS="3666" WIDTH="65" HEIGHT="22" CONTENT="most" WC="0.92" CC="1021"/>
						<SP ID="P3_SP01118" HPOS="1696" VPOS="3694" WIDTH="13"/>
						<String ID="P3_ST01369" HPOS="1709" VPOS="3664" WIDTH="27" HEIGHT="25" CONTENT="of" WC="0.94" CC="11"/>
						<SP ID="P3_SP01119" HPOS="1736" VPOS="3694" WIDTH="11"/>
						<String ID="P3_ST01370" HPOS="1747" VPOS="3665" WIDTH="41" HEIGHT="24" CONTENT="the" WC="0.94" CC="111"/>
						<SP ID="P3_SP01120" HPOS="1788" VPOS="3694" WIDTH="24"/>
						<String ID="P3_ST01371" HPOS="1812" VPOS="3674" WIDTH="41" HEIGHT="23" CONTENT="op" SUBS_TYPE="HypPart1" SUBS_CONTENT="opponents" WC="1.00" CC="000"/>
						<HYP CONTENT="-"/>
					</TextLine>
					<TextLine ID="P3_TL00225" HPOS="1318" VPOS="3702" WIDTH="539" HEIGHT="31">
						<String ID="P3_ST01372" HPOS="1318" VPOS="3703" WIDTH="107" HEIGHT="30" CONTENT="ponents" SUBS_TYPE="HypPart2" SUBS_CONTENT="opponents" WC="0.96" CC="1010111"/>
						<SP ID="P3_SP01121" HPOS="1425" VPOS="3733" WIDTH="19"/>
						<String ID="P3_ST01373" HPOS="1444" VPOS="3702" WIDTH="55" HEIGHT="24" CONTENT="who" WC="0.86" CC="310"/>
						<SP ID="P3_SP01122" HPOS="1499" VPOS="3733" WIDTH="14"/>
						<String ID="P3_ST01374" HPOS="1513" VPOS="3709" WIDTH="62" HEIGHT="17" CONTENT="were" WC="0.86" CC="2211"/>
						<SP ID="P3_SP01123" HPOS="1575" VPOS="3733" WIDTH="21"/>
						<String ID="P3_ST01375" HPOS="1596" VPOS="3709" WIDTH="27" HEIGHT="17" CONTENT="so" WC="0.94" CC="11"/>
						<SP ID="P3_SP01124" HPOS="1623" VPOS="3733" WIDTH="12"/>
						<String ID="P3_ST01376" HPOS="1635" VPOS="3702" WIDTH="80" HEIGHT="24" CONTENT="lavish" WC="0.93" CC="011111"/>
						<SP ID="P3_SP01125" HPOS="1715" VPOS="3733" WIDTH="24"/>
						<String ID="P3_ST01377" HPOS="1739" VPOS="3704" WIDTH="25" HEIGHT="22" CONTENT="m" WC="0.94" CC="1"/>
						<SP ID="P3_SP01126" HPOS="1764" VPOS="3733" WIDTH="27"/>
						<String ID="P3_ST01378" HPOS="1791" VPOS="3704" WIDTH="66" HEIGHT="23" CONTENT="their" WC="0.93" CC="11111"/>
					</TextLine>
					<TextLine ID="P3_TL00226" HPOS="1319" VPOS="3739" WIDTH="537" HEIGHT="30">
						<String ID="P3_ST01379" HPOS="1319" VPOS="3740" WIDTH="84" HEIGHT="24" CONTENT="advice" WC="0.97" CC="100111"/>
						<SP ID="P3_SP01127" HPOS="1403" VPOS="3764" WIDTH="13"/>
						<String ID="P3_ST01380" HPOS="1416" VPOS="3742" WIDTH="26" HEIGHT="22" CONTENT="to" WC="0.96" CC="10"/>
						<SP ID="P3_SP01128" HPOS="1442" VPOS="3764" WIDTH="12"/>
						<String ID="P3_ST01381" HPOS="1454" VPOS="3740" WIDTH="42" HEIGHT="24" CONTENT="the" WC="0.75" CC="161"/>
						<SP ID="P3_SP01129" HPOS="1496" VPOS="3764" WIDTH="14"/>
						<String ID="P3_ST01382" HPOS="1510" VPOS="3739" WIDTH="112" HEIGHT="30" CONTENT="electors," WC="0.90" CC="201211031"/>
						<SP ID="P3_SP01130" HPOS="1622" VPOS="3769" WIDTH="15"/>
						<String ID="P3_ST01383" HPOS="1637" VPOS="3748" WIDTH="42" HEIGHT="17" CONTENT="arc" WC="0.96" CC="110"/>
						<SP ID="P3_SP01131" HPOS="1679" VPOS="3769" WIDTH="12"/>
						<String ID="P3_ST01384" HPOS="1691" VPOS="3741" WIDTH="97" HEIGHT="25" CONTENT="located" WC="0.96" CC="1101011"/>
						<SP ID="P3_SP01132" HPOS="1788" VPOS="3769" WIDTH="13"/>
						<String ID="P3_ST01385" HPOS="1801" VPOS="3744" WIDTH="55" HEIGHT="22" CONTENT="out" SUBS_TYPE="HypPart1" SUBS_CONTENT="outside" WC="0.99" CC="0010"/>
						<HYP CONTENT="-"/>
					</TextLine>
					<TextLine ID="P3_TL00227" HPOS="1319" VPOS="3777" WIDTH="534" HEIGHT="34">
						<String ID="P3_ST01386" HPOS="1319" VPOS="3777" WIDTH="52" HEIGHT="25" CONTENT="side" SUBS_TYPE="HypPart2" SUBS_CONTENT="outside" WC="0.76" CC="2161"/>
						<SP ID="P3_SP01133" HPOS="1371" VPOS="3802" WIDTH="12"/>
						<String ID="P3_ST01387" HPOS="1383" VPOS="3777" WIDTH="42" HEIGHT="25" CONTENT="the" WC="1.00" CC="000"/>
						<SP ID="P3_SP01134" HPOS="1425" VPOS="3802" WIDTH="14"/>
						<String ID="P3_ST01388" HPOS="1439" VPOS="3777" WIDTH="153" HEIGHT="25" CONTENT="Water-race" WC="0.93" CC="1110111102"/>
						<SP ID="P3_SP01135" HPOS="1592" VPOS="3802" WIDTH="12"/>
						<String ID="P3_ST01389" HPOS="1604" VPOS="3778" WIDTH="104" HEIGHT="25" CONTENT="District" WC="0.94" CC="20111010"/>
						<SP ID="P3_SP01136" HPOS="1708" VPOS="3803" WIDTH="17"/>
						<String ID="P3_ST01390" HPOS="1725" VPOS="3779" WIDTH="49" HEIGHT="24" CONTENT="and" WC="0.96" CC="010"/>
						<SP ID="P3_SP01137" HPOS="1774" VPOS="3803" WIDTH="23"/>
						<String ID="P3_ST01391" HPOS="1797" VPOS="3787" WIDTH="56" HEIGHT="24" CONTENT="may" WC="0.93" CC="211"/>
					</TextLine>
					<TextLine ID="P3_TL00228" HPOS="1320" VPOS="3816" WIDTH="534" HEIGHT="34">
						<String ID="P3_ST01392" HPOS="1320" VPOS="3816" WIDTH="28" HEIGHT="24" CONTENT="be" WC="0.96" CC="11"/>
						<SP ID="P3_SP01138" HPOS="1348" VPOS="3840" WIDTH="12"/>
						<String ID="P3_ST01393" HPOS="1360" VPOS="3816" WIDTH="102" HEIGHT="24" CONTENT="imbued" WC="0.91" CC="111211"/>
						<SP ID="P3_SP01139" HPOS="1462" VPOS="3840" WIDTH="13"/>
						<String ID="P3_ST01394" HPOS="1475" VPOS="3816" WIDTH="59" HEIGHT="24" CONTENT="with" WC="0.90" CC="1121"/>
						<SP ID="P3_SP01140" HPOS="1534" VPOS="3840" WIDTH="26"/>
						<String ID="P3_ST01395" HPOS="1560" VPOS="3824" WIDTH="14" HEIGHT="16" CONTENT="a" WC="0.93" CC="1"/>
						<SP ID="P3_SP01141" HPOS="1574" VPOS="3840" WIDTH="12"/>
						<String ID="P3_ST01396" HPOS="1586" VPOS="3817" WIDTH="93" HEIGHT="31" CONTENT="feeling" WC="0.93" CC="1112102"/>
						<SP ID="P3_SP01142" HPOS="1679" VPOS="3848" WIDTH="19"/>
						<String ID="P3_ST01397" HPOS="1698" VPOS="3819" WIDTH="27" HEIGHT="23" CONTENT="of" WC="0.91" CC="12"/>
						<SP ID="P3_SP01143" HPOS="1725" VPOS="3848" WIDTH="7"/>
						<String ID="P3_ST01398" HPOS="1732" VPOS="3817" WIDTH="122" HEIGHT="33" CONTENT="jealousy," WC="0.83" CC="110901122"/>
					</TextLine>
					<TextLine ID="P3_TL00229" HPOS="1319" VPOS="3854" WIDTH="540" HEIGHT="31">
						<String ID="P3_ST01399" HPOS="1319" VPOS="3855" WIDTH="27" HEIGHT="23" CONTENT="m" WC="0.93" CC="1"/>
						<SP ID="P3_SP01144" HPOS="1346" VPOS="3878" WIDTH="23"/>
						<String ID="P3_ST01400" HPOS="1369" VPOS="3854" WIDTH="74" HEIGHT="31" CONTENT="being" WC="0.90" CC="02112"/>
						<SP ID="P3_SP01145" HPOS="1443" VPOS="3885" WIDTH="25"/>
						<String ID="P3_ST01401" HPOS="1468" VPOS="3854" WIDTH="59" HEIGHT="24" CONTENT="shut" WC="0.81" CC="2511"/>
						<SP ID="P3_SP01146" HPOS="1527" VPOS="3885" WIDTH="12"/>
						<String ID="P3_ST01402" HPOS="1539" VPOS="3857" WIDTH="44" HEIGHT="22" CONTENT="out" WC="0.97" CC="010"/>
						<SP ID="P3_SP01147" HPOS="1583" VPOS="3885" WIDTH="12"/>
						<String ID="P3_ST01403" HPOS="1595" VPOS="3855" WIDTH="62" HEIGHT="24" CONTENT="from" WC="0.88" CC="2202"/>
						<SP ID="P3_SP01148" HPOS="1657" VPOS="3885" WIDTH="15"/>
						<String ID="P3_ST01404" HPOS="1672" VPOS="3864" WIDTH="14" HEIGHT="15" CONTENT="a" WC="0.96" CC="1"/>
						<SP ID="P3_SP01149" HPOS="1686" VPOS="3885" WIDTH="29"/>
						<String ID="P3_ST01405" HPOS="1715" VPOS="3856" WIDTH="94" HEIGHT="24" CONTENT="chance" WC="0.95" CC="011101"/>
						<SP ID="P3_SP01150" HPOS="1809" VPOS="3885" WIDTH="24"/>
						<String ID="P3_ST01406" HPOS="1833" VPOS="3856" WIDTH="26" HEIGHT="24" CONTENT="of" WC="0.98" CC="01"/>
					</TextLine>
					<TextLine ID="P3_TL00230" HPOS="1320" VPOS="3894" WIDTH="540" HEIGHT="34">
						<String ID="P3_ST01407" HPOS="1320" VPOS="3894" WIDTH="94" HEIGHT="32" CONTENT="having" WC="0.89" CC="112112"/>
						<SP ID="P3_SP01151" HPOS="1414" VPOS="3926" WIDTH="12"/>
						<String ID="P3_ST01408" HPOS="1426" VPOS="3902" WIDTH="14" HEIGHT="17" CONTENT="a" WC="0.93" CC="1"/>
						<SP ID="P3_SP01152" HPOS="1440" VPOS="3926" WIDTH="12"/>
						<String ID="P3_ST01409" HPOS="1452" VPOS="3894" WIDTH="68" HEIGHT="26" CONTENT="voice" WC="0.98" CC="10110"/>
						<SP ID="P3_SP01153" HPOS="1520" VPOS="3926" WIDTH="18"/>
						<String ID="P3_ST01410" HPOS="1538" VPOS="3895" WIDTH="27" HEIGHT="24" CONTENT="m" WC="0.94" CC="1"/>
						<SP ID="P3_SP01154" HPOS="1565" VPOS="3926" WIDTH="13"/>
						<String ID="P3_ST01411" HPOS="1578" VPOS="3895" WIDTH="42" HEIGHT="25" CONTENT="the" WC="0.97" CC="001"/>
						<SP ID="P3_SP01155" HPOS="1620" VPOS="3926" WIDTH="24"/>
						<String ID="P3_ST01412" HPOS="1644" VPOS="3895" WIDTH="176" HEIGHT="33" CONTENT="inauguration" WC="0.94" CC="012111110011"/>
						<SP ID="P3_SP01156" HPOS="1820" VPOS="3928" WIDTH="13"/>
						<String ID="P3_ST01413" HPOS="1833" VPOS="3896" WIDTH="27" HEIGHT="25" CONTENT="of" WC="0.93" CC="02"/>
					</TextLine>
				</TextBlock>
				<TextBlock ID="P3_TB00014" HPOS="1938" VPOS="201" WIDTH="551" HEIGHT="1486" STYLEREFS="TXT_0 PAR_BLOCK">
					<TextLine ID="P3_TL00231" HPOS="1941" VPOS="205" WIDTH="536" HEIGHT="31">
						<String ID="P3_ST01414" HPOS="1941" VPOS="206" WIDTH="51" HEIGHT="24" CONTENT="this" WC="0.94" CC="0201"/>
						<SP ID="P3_SP01157" HPOS="1992" VPOS="230" WIDTH="12"/>
						<String ID="P3_ST01415" HPOS="2004" VPOS="206" WIDTH="78" HEIGHT="30" CONTENT="grand" WC="0.87" CC="23002"/>
						<SP ID="P3_SP01158" HPOS="2082" VPOS="236" WIDTH="12"/>
						<String ID="P3_ST01416" HPOS="2094" VPOS="205" WIDTH="152" HEIGHT="25" CONTENT="Water-race" WC="0.93" CC="0131211001"/>
						<SP ID="P3_SP01159" HPOS="2246" VPOS="236" WIDTH="22"/>
						<String ID="P3_ST01417" HPOS="2268" VPOS="205" WIDTH="107" HEIGHT="24" CONTENT="scheme." WC="0.90" CC="1051001"/>
						<SP ID="P3_SP01160" HPOS="2375" VPOS="236" WIDTH="36"/>
						<String ID="P3_ST01418" HPOS="2411" VPOS="205" WIDTH="66" HEIGHT="31" CONTENT="Very" WC="0.85" CC="1311"/>
					</TextLine>
					<TextLine ID="P3_TL00232" HPOS="1941" VPOS="243" WIDTH="535" HEIGHT="28">
						<String ID="P3_ST01419" HPOS="1941" VPOS="243" WIDTH="46" HEIGHT="24" CONTENT="few" WC="0.91" CC="111"/>
						<SP ID="P3_SP01161" HPOS="1987" VPOS="267" WIDTH="12"/>
						<String ID="P3_ST01420" HPOS="1999" VPOS="243" WIDTH="72" HEIGHT="24" CONTENT="know" WC="0.93" CC="1101"/>
						<SP ID="P3_SP01162" HPOS="2071" VPOS="267" WIDTH="11"/>
						<String ID="P3_ST01421" HPOS="2082" VPOS="243" WIDTH="41" HEIGHT="24" CONTENT="the" WC="0.95" CC="110"/>
						<SP ID="P3_SP01163" HPOS="2123" VPOS="267" WIDTH="18"/>
						<String ID="P3_ST01422" HPOS="2141" VPOS="243" WIDTH="148" HEIGHT="28" CONTENT="difficulties," WC="0.89" CC="1012211110151"/>
						<SP ID="P3_SP01164" HPOS="2289" VPOS="271" WIDTH="14"/>
						<String ID="P3_ST01423" HPOS="2303" VPOS="243" WIDTH="81" HEIGHT="24" CONTENT="which" WC="0.93" CC="21011"/>
						<SP ID="P3_SP01165" HPOS="2384" VPOS="271" WIDTH="25"/>
						<String ID="P3_ST01424" HPOS="2409" VPOS="250" WIDTH="67" HEIGHT="17" CONTENT="some" WC="0.95" CC="1011"/>
					</TextLine>
					<TextLine ID="P3_TL00233" HPOS="1941" VPOS="281" WIDTH="536" HEIGHT="25">
						<String ID="P3_ST01425" HPOS="1941" VPOS="289" WIDTH="59" HEIGHT="16" CONTENT="men" WC="0.86" CC="311"/>
						<SP ID="P3_SP01166" HPOS="2000" VPOS="305" WIDTH="13"/>
						<String ID="P3_ST01426" HPOS="2013" VPOS="281" WIDTH="81" HEIGHT="24" CONTENT="would" WC="0.93" CC="10111"/>
						<SP ID="P3_SP01167" HPOS="2094" VPOS="305" WIDTH="12"/>
						<String ID="P3_ST01427" HPOS="2106" VPOS="282" WIDTH="63" HEIGHT="24" CONTENT="have" WC="0.91" CC="1121"/>
						<SP ID="P3_SP01168" HPOS="2169" VPOS="306" WIDTH="10"/>
						<String ID="P3_ST01428" HPOS="2179" VPOS="281" WIDTH="100" HEIGHT="24" CONTENT="deemed" WC="0.83" CC="212214"/>
						<SP ID="P3_SP01169" HPOS="2279" VPOS="306" WIDTH="26"/>
						<String ID="P3_ST01429" HPOS="2305" VPOS="281" WIDTH="172" HEIGHT="23" CONTENT="insurmount" SUBS_TYPE="HypPart1" SUBS_CONTENT="insurmountable," WC="0.88" CC="02111201413"/>
						<HYP CONTENT="-"/>
					</TextLine>
					<TextLine ID="P3_TL00234" HPOS="1942" VPOS="319" WIDTH="535" HEIGHT="28">
						<String ID="P3_ST01430" HPOS="1942" VPOS="319" WIDTH="62" HEIGHT="28" CONTENT="able," SUBS_TYPE="HypPart2" SUBS_CONTENT="insurmountable," WC="0.93" CC="11102"/>
						<SP ID="P3_SP01170" HPOS="2004" VPOS="347" WIDTH="14"/>
						<String ID="P3_ST01431" HPOS="2018" VPOS="320" WIDTH="55" HEIGHT="24" CONTENT="that" WC="0.93" CC="1111"/>
						<SP ID="P3_SP01171" HPOS="2073" VPOS="347" WIDTH="17"/>
						<String ID="P3_ST01432" HPOS="2090" VPOS="320" WIDTH="42" HEIGHT="24" CONTENT="the" WC="0.95" CC="011"/>
						<SP ID="P3_SP01172" HPOS="2132" VPOS="347" WIDTH="12"/>
						<String ID="P3_ST01433" HPOS="2144" VPOS="320" WIDTH="82" HEIGHT="24" CONTENT="Board" WC="0.96" CC="10111"/>
						<SP ID="P3_SP01173" HPOS="2226" VPOS="347" WIDTH="9"/>
						<String ID="P3_ST01434" HPOS="2235" VPOS="320" WIDTH="49" HEIGHT="24" CONTENT="and" WC="0.89" CC="111"/>
						<SP ID="P3_SP01174" HPOS="2284" VPOS="347" WIDTH="13"/>
						<String ID="P3_ST01435" HPOS="2297" VPOS="319" WIDTH="65" HEIGHT="24" CONTENT="their" WC="0.84" CC="11115"/>
						<SP ID="P3_SP01175" HPOS="2362" VPOS="347" WIDTH="12"/>
						<String ID="P3_ST01436" HPOS="2374" VPOS="319" WIDTH="103" HEIGHT="24" CONTENT="Officers" WC="0.94" CC="01111012"/>
					</TextLine>
					<TextLine ID="P3_TL00235" HPOS="1941" VPOS="358" WIDTH="536" HEIGHT="26">
						<String ID="P3_ST01437" HPOS="1941" VPOS="358" WIDTH="64" HEIGHT="25" CONTENT="have" WC="0.94" CC="1101"/>
						<SP ID="P3_SP01176" HPOS="2005" VPOS="383" WIDTH="11"/>
						<String ID="P3_ST01438" HPOS="2016" VPOS="358" WIDTH="49" HEIGHT="25" CONTENT="had" WC="0.90" CC="121"/>
						<SP ID="P3_SP01177" HPOS="2065" VPOS="383" WIDTH="12"/>
						<String ID="P3_ST01439" HPOS="2077" VPOS="360" WIDTH="24" HEIGHT="23" CONTENT="to" WC="0.94" CC="10"/>
						<SP ID="P3_SP01178" HPOS="2101" VPOS="383" WIDTH="12"/>
						<String ID="P3_ST01440" HPOS="2113" VPOS="359" WIDTH="108" HEIGHT="24" CONTENT="contend" WC="0.97" CC="0020110"/>
						<SP ID="P3_SP01179" HPOS="2221" VPOS="383" WIDTH="12"/>
						<String ID="P3_ST01441" HPOS="2233" VPOS="359" WIDTH="61" HEIGHT="25" CONTENT="with" WC="0.89" CC="4010"/>
						<SP ID="P3_SP01180" HPOS="2294" VPOS="384" WIDTH="13"/>
						<String ID="P3_ST01442" HPOS="2307" VPOS="358" WIDTH="49" HEIGHT="25" CONTENT="and" WC="0.97" CC="001"/>
						<SP ID="P3_SP01181" HPOS="2356" VPOS="384" WIDTH="13"/>
						<String ID="P3_ST01443" HPOS="2369" VPOS="367" WIDTH="36" HEIGHT="16" CONTENT="we" WC="0.94" CC="10"/>
						<SP ID="P3_SP01182" HPOS="2405" VPOS="384" WIDTH="12"/>
						<String ID="P3_ST01444" HPOS="2417" VPOS="358" WIDTH="60" HEIGHT="25" CONTENT="offer" WC="0.92" CC="02210"/>
					</TextLine>
					<TextLine ID="P3_TL00236" HPOS="1943" VPOS="396" WIDTH="534" HEIGHT="32">
						<String ID="P3_ST01445" HPOS="1943" VPOS="396" WIDTH="69" HEIGHT="25" CONTENT="them" WC="0.94" CC="1111"/>
						<SP ID="P3_SP01183" HPOS="2012" VPOS="421" WIDTH="10"/>
						<String ID="P3_ST01446" HPOS="2022" VPOS="405" WIDTH="45" HEIGHT="16" CONTENT="our" WC="0.94" CC="011"/>
						<SP ID="P3_SP01184" HPOS="2067" VPOS="421" WIDTH="9"/>
						<String ID="P3_ST01447" HPOS="2076" VPOS="400" WIDTH="116" HEIGHT="22" CONTENT="warmest" WC="0.95" CC="0110011"/>
						<SP ID="P3_SP01185" HPOS="2192" VPOS="422" WIDTH="8"/>
						<String ID="P3_ST01448" HPOS="2200" VPOS="398" WIDTH="213" HEIGHT="30" CONTENT="congratulations" WC="0.96" CC="001021020111010"/>
						<SP ID="P3_SP01186" HPOS="2413" VPOS="428" WIDTH="9"/>
						<String ID="P3_ST01449" HPOS="2422" VPOS="405" WIDTH="55" HEIGHT="16" CONTENT="now" WC="0.90" CC="202"/>
					</TextLine>
					<TextLine ID="P3_TL00237" HPOS="1943" VPOS="437" WIDTH="536" HEIGHT="32">
						<String ID="P3_ST01450" HPOS="1943" VPOS="438" WIDTH="56" HEIGHT="23" CONTENT="that" WC="0.94" CC="1101"/>
						<SP ID="P3_SP01187" HPOS="1999" VPOS="461" WIDTH="12"/>
						<String ID="P3_ST01451" HPOS="2011" VPOS="437" WIDTH="43" HEIGHT="24" CONTENT="the" WC="1.00" CC="000"/>
						<SP ID="P3_SP01188" HPOS="2054" VPOS="461" WIDTH="12"/>
						<String ID="P3_ST01452" HPOS="2066" VPOS="437" WIDTH="78" HEIGHT="24" CONTENT="result" WC="0.97" CC="111100"/>
						<SP ID="P3_SP01189" HPOS="2144" VPOS="461" WIDTH="11"/>
						<String ID="P3_ST01453" HPOS="2155" VPOS="438" WIDTH="27" HEIGHT="24" CONTENT="of" WC="0.94" CC="01"/>
						<SP ID="P3_SP01190" HPOS="2182" VPOS="462" WIDTH="20"/>
						<String ID="P3_ST01454" HPOS="2202" VPOS="437" WIDTH="44" HEIGHT="25" CONTENT="the" WC="0.96" CC="011"/>
						<SP ID="P3_SP01191" HPOS="2246" VPOS="462" WIDTH="17"/>
						<String ID="P3_ST01455" HPOS="2263" VPOS="438" WIDTH="56" HEIGHT="25" CONTENT="Poll" WC="0.95" CC="1001"/>
						<SP ID="P3_SP01192" HPOS="2319" VPOS="463" WIDTH="17"/>
						<String ID="P3_ST01456" HPOS="2336" VPOS="438" WIDTH="46" HEIGHT="24" CONTENT="has" WC="0.95" CC="011"/>
						<SP ID="P3_SP01193" HPOS="2382" VPOS="463" WIDTH="24"/>
						<String ID="P3_ST01457" HPOS="2406" VPOS="438" WIDTH="73" HEIGHT="31" CONTENT="given" WC="0.93" CC="11021"/>
					</TextLine>
					<TextLine ID="P3_TL00238" HPOS="1943" VPOS="476" WIDTH="536" HEIGHT="32">
						<String ID="P3_ST01458" HPOS="1943" VPOS="476" WIDTH="71" HEIGHT="25" CONTENT="them" WC="0.94" CC="1111"/>
						<SP ID="P3_SP01194" HPOS="2014" VPOS="501" WIDTH="12"/>
						<String ID="P3_ST01459" HPOS="2026" VPOS="476" WIDTH="43" HEIGHT="25" CONTENT="the" WC="0.96" CC="110"/>
						<SP ID="P3_SP01195" HPOS="2069" VPOS="501" WIDTH="11"/>
						<String ID="P3_ST01460" HPOS="2080" VPOS="477" WIDTH="168" HEIGHT="31" CONTENT="indisputable" WC="0.94" CC="111111110010"/>
						<SP ID="P3_SP01196" HPOS="2248" VPOS="508" WIDTH="11"/>
						<String ID="P3_ST01461" HPOS="2259" VPOS="477" WIDTH="68" HEIGHT="31" CONTENT="right" WC="0.95" CC="10011"/>
						<SP ID="P3_SP01197" HPOS="2327" VPOS="508" WIDTH="12"/>
						<String ID="P3_ST01462" HPOS="2339" VPOS="479" WIDTH="26" HEIGHT="23" CONTENT="to" WC="1.00" CC="00"/>
						<SP ID="P3_SP01198" HPOS="2365" VPOS="508" WIDTH="9"/>
						<String ID="P3_ST01463" HPOS="2374" VPOS="478" WIDTH="105" HEIGHT="30" CONTENT="proceed" WC="0.93" CC="2101111"/>
					</TextLine>
					<TextLine ID="P3_TL00239" HPOS="1944" VPOS="512" WIDTH="534" HEIGHT="28">
						<String ID="P3_ST01464" HPOS="1944" VPOS="515" WIDTH="60" HEIGHT="24" CONTENT="with" WC="0.93" CC="1120"/>
						<SP ID="P3_SP01199" HPOS="2004" VPOS="539" WIDTH="14"/>
						<String ID="P3_ST01465" HPOS="2018" VPOS="515" WIDTH="64" HEIGHT="24" CONTENT="their" WC="0.92" CC="11102"/>
						<SP ID="P3_SP01200" HPOS="2082" VPOS="539" WIDTH="12"/>
						<String ID="P3_ST01466" HPOS="2094" VPOS="516" WIDTH="67" HEIGHT="23" CONTENT="work" WC="0.94" CC="1011"/>
						<SP ID="P3_SP01201" HPOS="2161" VPOS="539" WIDTH="14"/>
						<String ID="P3_ST01467" HPOS="2175" VPOS="512" WIDTH="104" HEIGHT="28" CONTENT="without" WC="0.80" CC="3091000"/>
						<SP ID="P3_SP01202" HPOS="2279" VPOS="540" WIDTH="23"/>
						<String ID="P3_ST01468" HPOS="2302" VPOS="515" WIDTH="35" HEIGHT="25" CONTENT="let" WC="0.96" CC="011"/>
						<SP ID="P3_SP01203" HPOS="2337" VPOS="540" WIDTH="12"/>
						<String ID="P3_ST01469" HPOS="2349" VPOS="523" WIDTH="27" HEIGHT="16" CONTENT="or" WC="0.96" CC="01"/>
						<SP ID="P3_SP01204" HPOS="2376" VPOS="540" WIDTH="30"/>
						<String ID="P3_ST01470" HPOS="2406" VPOS="516" WIDTH="72" HEIGHT="23" CONTENT="hind" SUBS_TYPE="HypPart1" SUBS_CONTENT="hindrance" WC="0.95" CC="10110"/>
						<HYP CONTENT="-"/>
					</TextLine>
					<TextLine ID="P3_TL00240" HPOS="1943" VPOS="553" WIDTH="537" HEIGHT="31">
						<String ID="P3_ST01471" HPOS="1943" VPOS="560" WIDTH="75" HEIGHT="17" CONTENT="rance" SUBS_TYPE="HypPart2" SUBS_CONTENT="hindrance" WC="0.93" CC="21101"/>
						<SP ID="P3_SP01205" HPOS="2018" VPOS="577" WIDTH="11"/>
						<String ID="P3_ST01472" HPOS="2029" VPOS="553" WIDTH="64" HEIGHT="24" CONTENT="from" WC="0.93" CC="1102"/>
						<SP ID="P3_SP01206" HPOS="2093" VPOS="577" WIDTH="26"/>
						<String ID="P3_ST01473" HPOS="2119" VPOS="561" WIDTH="50" HEIGHT="23" CONTENT="any" WC="0.96" CC="001"/>
						<SP ID="P3_SP01207" HPOS="2169" VPOS="584" WIDTH="28"/>
						<String ID="P3_ST01474" HPOS="2197" VPOS="561" WIDTH="59" HEIGHT="16" CONTENT="man" WC="0.95" CC="110"/>
						<SP ID="P3_SP01208" HPOS="2256" VPOS="584" WIDTH="13"/>
						<String ID="P3_ST01475" HPOS="2269" VPOS="554" WIDTH="49" HEIGHT="23" CONTENT="and" WC="0.95" CC="110"/>
						<SP ID="P3_SP01209" HPOS="2318" VPOS="584" WIDTH="13"/>
						<String ID="P3_ST01476" HPOS="2331" VPOS="554" WIDTH="64" HEIGHT="24" CONTENT="their" WC="0.95" CC="11101"/>
						<SP ID="P3_SP01210" HPOS="2395" VPOS="584" WIDTH="28"/>
						<String ID="P3_ST01477" HPOS="2423" VPOS="555" WIDTH="57" HEIGHT="29" CONTENT="past" WC="0.94" CC="1111"/>
					</TextLine>
					<TextLine ID="P3_TL00241" HPOS="1945" VPOS="593" WIDTH="535" HEIGHT="31">
						<String ID="P3_ST01478" HPOS="1945" VPOS="593" WIDTH="106" HEIGHT="24" CONTENT="conduct" WC="0.98" CC="0001100"/>
						<SP ID="P3_SP01211" HPOS="2051" VPOS="617" WIDTH="10"/>
						<String ID="P3_ST01479" HPOS="2061" VPOS="595" WIDTH="23" HEIGHT="22" CONTENT="is" WC="0.96" CC="01"/>
						<SP ID="P3_SP01212" HPOS="2084" VPOS="617" WIDTH="22"/>
						<String ID="P3_ST01480" HPOS="2106" VPOS="595" WIDTH="84" HEIGHT="29" CONTENT="pretty" WC="0.92" CC="111111"/>
						<SP ID="P3_SP01213" HPOS="2190" VPOS="624" WIDTH="20"/>
						<String ID="P3_ST01481" HPOS="2210" VPOS="593" WIDTH="63" HEIGHT="31" CONTENT="good" WC="0.94" CC="2001"/>
						<SP ID="P3_SP01214" HPOS="2273" VPOS="624" WIDTH="12"/>
						<String ID="P3_ST01482" HPOS="2285" VPOS="594" WIDTH="115" HEIGHT="24" CONTENT="evidence" WC="0.97" CC="00111101"/>
						<SP ID="P3_SP01215" HPOS="2400" VPOS="624" WIDTH="23"/>
						<String ID="P3_ST01483" HPOS="2423" VPOS="594" WIDTH="57" HEIGHT="23" CONTENT="that" WC="0.94" CC="1011"/>
					</TextLine>
					<TextLine ID="P3_TL00242" HPOS="1945" VPOS="631" WIDTH="535" HEIGHT="31">
						<String ID="P3_ST01484" HPOS="1945" VPOS="631" WIDTH="59" HEIGHT="31" CONTENT="they" WC="0.94" CC="0111"/>
						<SP ID="P3_SP01216" HPOS="2004" VPOS="662" WIDTH="12"/>
						<String ID="P3_ST01485" HPOS="2016" VPOS="631" WIDTH="50" HEIGHT="24" CONTENT="will" WC="0.98" CC="1100"/>
						<SP ID="P3_SP01217" HPOS="2066" VPOS="662" WIDTH="12"/>
						<String ID="P3_ST01486" HPOS="2078" VPOS="631" WIDTH="73" HEIGHT="30" CONTENT="bring" WC="0.95" CC="01021"/>
						<SP ID="P3_SP01218" HPOS="2151" VPOS="662" WIDTH="9"/>
						<String ID="P3_ST01487" HPOS="2160" VPOS="631" WIDTH="65" HEIGHT="24" CONTENT="their" WC="0.94" CC="01101"/>
						<SP ID="P3_SP01219" HPOS="2225" VPOS="662" WIDTH="8"/>
						<String ID="P3_ST01488" HPOS="2233" VPOS="631" WIDTH="68" HEIGHT="25" CONTENT="work" WC="0.90" CC="3020"/>
						<SP ID="P3_SP01220" HPOS="2301" VPOS="662" WIDTH="9"/>
						<String ID="P3_ST01489" HPOS="2310" VPOS="633" WIDTH="26" HEIGHT="23" CONTENT="to" WC="0.98" CC="10"/>
						<SP ID="P3_SP01221" HPOS="2336" VPOS="662" WIDTH="13"/>
						<String ID="P3_ST01490" HPOS="2349" VPOS="640" WIDTH="15" HEIGHT="16" CONTENT="a" WC="1.00" CC="0"/>
						<SP ID="P3_SP01222" HPOS="2364" VPOS="662" WIDTH="8"/>
						<String ID="P3_ST01491" HPOS="2372" VPOS="640" WIDTH="108" HEIGHT="16" CONTENT="success" SUBS_TYPE="HypPart1" SUBS_CONTENT="successful" WC="0.96" CC="11001111"/>
						<HYP CONTENT="-"/>
					</TextLine>
					<TextLine ID="P3_TL00243" HPOS="1944" VPOS="670" WIDTH="537" HEIGHT="32">
						<String ID="P3_ST01492" HPOS="1944" VPOS="670" WIDTH="36" HEIGHT="24" CONTENT="ful" SUBS_TYPE="HypPart2" SUBS_CONTENT="successful" WC="0.89" CC="111"/>
						<SP ID="P3_SP01223" HPOS="1980" VPOS="694" WIDTH="12"/>
						<String ID="P3_ST01493" HPOS="1992" VPOS="671" WIDTH="74" HEIGHT="24" CONTENT="issue." WC="0.96" CC="011001"/>
						<SP ID="P3_SP01224" HPOS="2066" VPOS="695" WIDTH="37"/>
						<String ID="P3_ST01494" HPOS="2103" VPOS="670" WIDTH="45" HEIGHT="25" CONTENT="We" WC="0.93" CC="11"/>
						<SP ID="P3_SP01225" HPOS="2148" VPOS="695" WIDTH="12"/>
						<String ID="P3_ST01495" HPOS="2160" VPOS="670" WIDTH="92" HEIGHT="25" CONTENT="refrain" WC="0.93" CC="1111101"/>
						<SP ID="P3_SP01226" HPOS="2252" VPOS="695" WIDTH="23"/>
						<String ID="P3_ST01496" HPOS="2275" VPOS="671" WIDTH="64" HEIGHT="24" CONTENT="from" WC="0.95" CC="1101"/>
						<SP ID="P3_SP01227" HPOS="2339" VPOS="695" WIDTH="13"/>
						<String ID="P3_ST01497" HPOS="2352" VPOS="671" WIDTH="129" HEIGHT="31" CONTENT="repeatiog" WC="0.85" CC="110100190"/>
					</TextLine>
					<TextLine ID="P3_TL00244" HPOS="1945" VPOS="710" WIDTH="536" HEIGHT="26">
						<String ID="P3_ST01498" HPOS="1945" VPOS="719" WIDTH="45" HEIGHT="16" CONTENT="our" WC="0.96" CC="001"/>
						<SP ID="P3_SP01228" HPOS="1990" VPOS="735" WIDTH="20"/>
						<String ID="P3_ST01499" HPOS="2010" VPOS="710" WIDTH="151" HEIGHT="25" CONTENT="unbounded" WC="0.97" CC="100010100"/>
						<SP ID="P3_SP01229" HPOS="2161" VPOS="735" WIDTH="29"/>
						<String ID="P3_ST01500" HPOS="2190" VPOS="711" WIDTH="62" HEIGHT="25" CONTENT="faith" WC="0.98" CC="01010"/>
						<SP ID="P3_SP01230" HPOS="2252" VPOS="736" WIDTH="30"/>
						<String ID="P3_ST01501" HPOS="2282" VPOS="712" WIDTH="26" HEIGHT="23" CONTENT="m" WC="0.94" CC="1"/>
						<SP ID="P3_SP01231" HPOS="2308" VPOS="736" WIDTH="30"/>
						<String ID="P3_ST01502" HPOS="2338" VPOS="711" WIDTH="42" HEIGHT="25" CONTENT="the" WC="0.97" CC="011"/>
						<SP ID="P3_SP01232" HPOS="2380" VPOS="736" WIDTH="19"/>
						<String ID="P3_ST01503" HPOS="2399" VPOS="713" WIDTH="82" HEIGHT="23" CONTENT="future" WC="0.96" CC="011110"/>
					</TextLine>
					<TextLine ID="P3_TL00245" HPOS="1946" VPOS="749" WIDTH="536" HEIGHT="32">
						<String ID="P3_ST01504" HPOS="1946" VPOS="757" WIDTH="97" HEIGHT="17" CONTENT="success" WC="0.94" CC="1300011"/>
						<SP ID="P3_SP01233" HPOS="2043" VPOS="774" WIDTH="12"/>
						<String ID="P3_ST01505" HPOS="2055" VPOS="750" WIDTH="28" HEIGHT="24" CONTENT="of" WC="0.98" CC="01"/>
						<SP ID="P3_SP01234" HPOS="2083" VPOS="774" WIDTH="15"/>
						<String ID="P3_ST01506" HPOS="2098" VPOS="750" WIDTH="43" HEIGHT="24" CONTENT="the" WC="0.97" CC="010"/>
						<SP ID="P3_SP01235" HPOS="2141" VPOS="774" WIDTH="23"/>
						<String ID="P3_ST01507" HPOS="2164" VPOS="749" WIDTH="39" HEIGHT="25" CONTENT="W." WC="0.94" CC="11"/>
						<SP ID="P3_SP01236" HPOS="2203" VPOS="774" WIDTH="19"/>
						<String ID="P3_ST01508" HPOS="2222" VPOS="750" WIDTH="29" HEIGHT="23" CONTENT="A." WC="0.98" CC="01"/>
						<SP ID="P3_SP01237" HPOS="2251" VPOS="774" WIDTH="20"/>
						<String ID="P3_ST01509" HPOS="2271" VPOS="750" WIDTH="86" HEIGHT="24" CONTENT="Water" WC="0.88" CC="31201"/>
						<SP ID="P3_SP01238" HPOS="2357" VPOS="774" WIDTH="21"/>
						<String ID="P3_ST01510" HPOS="2378" VPOS="750" WIDTH="104" HEIGHT="31" CONTENT="Supply." WC="0.89" CC="2212211"/>
					</TextLine>
					<TextLine ID="P3_TL00246" HPOS="1945" VPOS="789" WIDTH="539" HEIGHT="32">
						<String ID="P3_ST01511" HPOS="1945" VPOS="789" WIDTH="26" HEIGHT="24" CONTENT="Is" WC="0.93" CC="02"/>
						<SP ID="P3_SP01239" HPOS="1971" VPOS="813" WIDTH="12"/>
						<String ID="P3_ST01512" HPOS="1983" VPOS="789" WIDTH="21" HEIGHT="24" CONTENT="it" WC="0.96" CC="01"/>
						<SP ID="P3_SP01240" HPOS="2004" VPOS="813" WIDTH="11"/>
						<String ID="P3_ST01513" HPOS="2015" VPOS="790" WIDTH="44" HEIGHT="23" CONTENT="not" WC="0.93" CC="201"/>
						<SP ID="P3_SP01241" HPOS="2059" VPOS="813" WIDTH="8"/>
						<String ID="P3_ST01514" HPOS="2067" VPOS="789" WIDTH="100" HEIGHT="32" CONTENT="already" WC="0.93" CC="0111111"/>
						<SP ID="P3_SP01242" HPOS="2167" VPOS="821" WIDTH="10"/>
						<String ID="P3_ST01515" HPOS="2177" VPOS="790" WIDTH="116" HEIGHT="24" CONTENT="recorded" WC="0.91" CC="21101111"/>
						<SP ID="P3_SP01243" HPOS="2293" VPOS="821" WIDTH="9"/>
						<String ID="P3_ST01516" HPOS="2302" VPOS="790" WIDTH="56" HEIGHT="31" CONTENT="fifty" WC="0.90" CC="22110"/>
						<SP ID="P3_SP01244" HPOS="2358" VPOS="821" WIDTH="9"/>
						<String ID="P3_ST01517" HPOS="2367" VPOS="790" WIDTH="80" HEIGHT="24" CONTENT="issues" WC="0.97" CC="001001"/>
						<SP ID="P3_SP01245" HPOS="2447" VPOS="821" WIDTH="10"/>
						<String ID="P3_ST01518" HPOS="2457" VPOS="790" WIDTH="27" HEIGHT="24" CONTENT="of" WC="0.98" CC="01"/>
					</TextLine>
					<TextLine ID="P3_TL00247" HPOS="1946" VPOS="827" WIDTH="534" HEIGHT="26">
						<String ID="P3_ST01519" HPOS="1946" VPOS="827" WIDTH="44" HEIGHT="25" CONTENT="the" WC="0.96" CC="110"/>
						<SP ID="P3_SP01246" HPOS="1990" VPOS="852" WIDTH="14"/>
						<String ID="P3_ST01520" HPOS="2004" VPOS="827" WIDTH="120" HEIGHT="25" CONTENT="Observer" WC="0.96" CC="00101101"/>
						<SP ID="P3_SP01247" HPOS="2124" VPOS="852" WIDTH="8"/>
						<String ID="P3_ST01521" HPOS="2132" VPOS="828" WIDTH="11" HEIGHT="24" CONTENT="?" WC="0.89" CC="1"/>
						<SP ID="P3_SP01248" HPOS="2143" VPOS="852" WIDTH="18"/>
						<String ID="P3_ST01522" HPOS="2161" VPOS="828" WIDTH="52" HEIGHT="24" CONTENT="But" WC="0.96" CC="111"/>
						<SP ID="P3_SP01249" HPOS="2213" VPOS="852" WIDTH="12"/>
						<String ID="P3_ST01523" HPOS="2225" VPOS="827" WIDTH="50" HEIGHT="25" CONTENT="will" WC="0.94" CC="1011"/>
						<SP ID="P3_SP01250" HPOS="2275" VPOS="852" WIDTH="12"/>
						<String ID="P3_ST01524" HPOS="2287" VPOS="828" WIDTH="119" HEIGHT="25" CONTENT="conclude" WC="0.96" CC="00101110"/>
						<SP ID="P3_SP01251" HPOS="2406" VPOS="853" WIDTH="13"/>
						<String ID="P3_ST01525" HPOS="2419" VPOS="828" WIDTH="61" HEIGHT="24" CONTENT="with" WC="0.79" CC="6111"/>
					</TextLine>
					<TextLine ID="P3_TL00248" HPOS="1946" VPOS="865" WIDTH="543" HEIGHT="29">
						<String ID="P3_ST01526" HPOS="1946" VPOS="865" WIDTH="105" HEIGHT="24" CONTENT="heatfelt" WC="0.98" CC="10010001"/>
						<SP ID="P3_SP01252" HPOS="2051" VPOS="889" WIDTH="11"/>
						<String ID="P3_ST01527" HPOS="2062" VPOS="866" WIDTH="102" HEIGHT="28" CONTENT="thanks," WC="0.93" CC="0111111"/>
						<SP ID="P3_SP01253" HPOS="2164" VPOS="894" WIDTH="29"/>
						<String ID="P3_ST01528" HPOS="2193" VPOS="868" WIDTH="26" HEIGHT="22" CONTENT="to" WC="0.98" CC="10"/>
						<SP ID="P3_SP01254" HPOS="2219" VPOS="894" WIDTH="23"/>
						<String ID="P3_ST01529" HPOS="2242" VPOS="866" WIDTH="44" HEIGHT="24" CONTENT="the" WC="0.99" CC="100"/>
						<SP ID="P3_SP01255" HPOS="2286" VPOS="894" WIDTH="28"/>
						<String ID="P3_ST01530" HPOS="2314" VPOS="868" WIDTH="112" HEIGHT="26" CONTENT="electors," WC="0.95" CC="011100111"/>
						<SP ID="P3_SP01256" HPOS="2426" VPOS="894" WIDTH="14"/>
						<String ID="P3_ST01531" HPOS="2440" VPOS="867" WIDTH="49" HEIGHT="24" CONTENT="the-" WC="0.92" CC="0112"/>
					</TextLine>
					<TextLine ID="P3_TL00249" HPOS="1946" VPOS="903" WIDTH="536" HEIGHT="29">
						<String ID="P3_ST01532" HPOS="1946" VPOS="903" WIDTH="84" HEIGHT="25" CONTENT="Board" WC="0.96" CC="10101"/>
						<SP ID="P3_SP01257" HPOS="2030" VPOS="928" WIDTH="12"/>
						<String ID="P3_ST01533" HPOS="2042" VPOS="904" WIDTH="49" HEIGHT="23" CONTENT="and" WC="0.95" CC="011"/>
						<SP ID="P3_SP01258" HPOS="2091" VPOS="928" WIDTH="12"/>
						<String ID="P3_ST01534" HPOS="2103" VPOS="904" WIDTH="65" HEIGHT="24" CONTENT="their" WC="0.98" CC="10001"/>
						<SP ID="P3_SP01259" HPOS="2168" VPOS="928" WIDTH="18"/>
						<String ID="P3_ST01535" HPOS="2186" VPOS="904" WIDTH="110" HEIGHT="28" CONTENT="Officers," WC="0.90" CC="022201121"/>
						<SP ID="P3_SP01260" HPOS="2296" VPOS="932" WIDTH="13"/>
						<String ID="P3_ST01536" HPOS="2309" VPOS="905" WIDTH="43" HEIGHT="24" CONTENT="the" WC="0.96" CC="101"/>
						<SP ID="P3_SP01261" HPOS="2352" VPOS="932" WIDTH="22"/>
						<String ID="P3_ST01537" HPOS="2374" VPOS="905" WIDTH="108" HEIGHT="24" CONTENT="Return" SUBS_TYPE="HypPart1" SUBS_CONTENT="Returning" WC="0.90" CC="4001111"/>
						<HYP CONTENT="-"/>
					</TextLine>
					<TextLine ID="P3_TL00250" HPOS="1946" VPOS="946" WIDTH="537" HEIGHT="32">
						<String ID="P3_ST01538" HPOS="1946" VPOS="947" WIDTH="45" HEIGHT="31" CONTENT="ing" SUBS_TYPE="HypPart2" SUBS_CONTENT="Returning" WC="0.99" CC="001"/>
						<SP ID="P3_SP01262" HPOS="1991" VPOS="978" WIDTH="12"/>
						<String ID="P3_ST01539" HPOS="2003" VPOS="946" WIDTH="110" HEIGHT="31" CONTENT="Officers," WC="0.95" CC="011101111"/>
						<SP ID="P3_SP01263" HPOS="2113" VPOS="978" WIDTH="14"/>
						<String ID="P3_ST01540" HPOS="2127" VPOS="947" WIDTH="49" HEIGHT="24" CONTENT="and" WC="0.94" CC="012"/>
						<SP ID="P3_SP01264" HPOS="2176" VPOS="978" WIDTH="12"/>
						<String ID="P3_ST01541" HPOS="2188" VPOS="947" WIDTH="43" HEIGHT="24" CONTENT="the" WC="0.94" CC="011"/>
						<SP ID="P3_SP01265" HPOS="2231" VPOS="978" WIDTH="13"/>
						<String ID="P3_ST01542" HPOS="2244" VPOS="947" WIDTH="56" HEIGHT="25" CONTENT="Poll" WC="0.94" CC="1001"/>
						<SP ID="P3_SP01266" HPOS="2300" VPOS="978" WIDTH="17"/>
						<String ID="P3_ST01543" HPOS="2317" VPOS="948" WIDTH="87" HEIGHT="24" CONTENT="Clerks" WC="0.93" CC="400001"/>
						<SP ID="P3_SP01267" HPOS="2404" VPOS="978" WIDTH="29"/>
						<String ID="P3_ST01544" HPOS="2433" VPOS="948" WIDTH="50" HEIGHT="24" CONTENT="and" WC="1.00" CC="000"/>
					</TextLine>
					<TextLine ID="P3_TL00251" HPOS="1946" VPOS="990" WIDTH="536" HEIGHT="32">
						<String ID="P3_ST01545" HPOS="1946" VPOS="991" WIDTH="51" HEIGHT="23" CONTENT="last" WC="0.95" CC="0021"/>
						<SP ID="P3_SP01268" HPOS="1997" VPOS="1014" WIDTH="10"/>
						<String ID="P3_ST01546" HPOS="2007" VPOS="990" WIDTH="47" HEIGHT="24" CONTENT="but" WC="0.93" CC="111"/>
						<SP ID="P3_SP01269" HPOS="2054" VPOS="1014" WIDTH="7"/>
						<String ID="P3_ST01547" HPOS="2061" VPOS="991" WIDTH="46" HEIGHT="23" CONTENT="not" WC="0.95" CC="101"/>
						<SP ID="P3_SP01270" HPOS="2107" VPOS="1014" WIDTH="11"/>
						<String ID="P3_ST01548" HPOS="2118" VPOS="991" WIDTH="63" HEIGHT="23" CONTENT="least" WC="0.96" CC="00012"/>
						<SP ID="P3_SP01271" HPOS="2181" VPOS="1014" WIDTH="12"/>
						<String ID="P3_ST01549" HPOS="2193" VPOS="992" WIDTH="25" HEIGHT="23" CONTENT="to" WC="0.98" CC="10"/>
						<SP ID="P3_SP01272" HPOS="2218" VPOS="1015" WIDTH="13"/>
						<String ID="P3_ST01550" HPOS="2231" VPOS="990" WIDTH="42" HEIGHT="25" CONTENT="the" WC="0.64" CC="019"/>
						<SP ID="P3_SP01273" HPOS="2273" VPOS="1015" WIDTH="10"/>
						<String ID="P3_ST01551" HPOS="2283" VPOS="990" WIDTH="113" HEIGHT="32" CONTENT="vigerous" WC="0.96" CC="10110012"/>
						<SP ID="P3_SP01274" HPOS="2396" VPOS="1022" WIDTH="14"/>
						<String ID="P3_ST01552" HPOS="2410" VPOS="991" WIDTH="72" HEIGHT="25" CONTENT="Com" SUBS_TYPE="HypPart1" SUBS_CONTENT="Committee" WC="0.97" CC="1010"/>
						<HYP CONTENT="-"/>
					</TextLine>
					<TextLine ID="P3_TL00252" HPOS="1949" VPOS="1033" WIDTH="534" HEIGHT="33">
						<String ID="P3_ST01553" HPOS="1949" VPOS="1034" WIDTH="86" HEIGHT="24" CONTENT="mittee" SUBS_TYPE="HypPart2" SUBS_CONTENT="Committee" WC="0.97" CC="100111"/>
						<SP ID="P3_SP01275" HPOS="2035" VPOS="1058" WIDTH="12"/>
						<String ID="P3_ST01554" HPOS="2047" VPOS="1034" WIDTH="56" HEIGHT="25" CONTENT="who" WC="0.90" CC="201"/>
						<SP ID="P3_SP01276" HPOS="2103" VPOS="1059" WIDTH="11"/>
						<String ID="P3_ST01555" HPOS="2114" VPOS="1033" WIDTH="99" HEIGHT="25" CONTENT="worked" WC="0.97" CC="110001"/>
						<SP ID="P3_SP01277" HPOS="2213" VPOS="1059" WIDTH="13"/>
						<String ID="P3_ST01556" HPOS="2226" VPOS="1042" WIDTH="26" HEIGHT="16" CONTENT="so" WC="0.96" CC="10"/>
						<SP ID="P3_SP01278" HPOS="2252" VPOS="1059" WIDTH="13"/>
						<String ID="P3_ST01557" HPOS="2265" VPOS="1034" WIDTH="124" HEIGHT="32" CONTENT="zealously" WC="0.96" CC="101101011"/>
						<SP ID="P3_SP01279" HPOS="2389" VPOS="1066" WIDTH="18"/>
						<String ID="P3_ST01558" HPOS="2407" VPOS="1037" WIDTH="26" HEIGHT="22" CONTENT="to" WC="1.00" CC="00"/>
						<SP ID="P3_SP01280" HPOS="2433" VPOS="1066" WIDTH="14"/>
						<String ID="P3_ST01559" HPOS="2447" VPOS="1043" WIDTH="36" HEIGHT="16" CONTENT="re" SUBS_TYPE="HypPart1" SUBS_CONTENT="remind" WC="0.97" CC="101"/>
						<HYP CONTENT="-"/>
					</TextLine>
					<TextLine ID="P3_TL00253" HPOS="1950" VPOS="1066" WIDTH="535" HEIGHT="33">
						<String ID="P3_ST01560" HPOS="1950" VPOS="1067" WIDTH="70" HEIGHT="24" CONTENT="mind" SUBS_TYPE="HypPart2" SUBS_CONTENT="remind" WC="0.96" CC="1101"/>
						<SP ID="P3_SP01281" HPOS="2020" VPOS="1091" WIDTH="12"/>
						<String ID="P3_ST01561" HPOS="2032" VPOS="1066" WIDTH="43" HEIGHT="25" CONTENT="the" WC="0.97" CC="101"/>
						<SP ID="P3_SP01282" HPOS="2075" VPOS="1091" WIDTH="12"/>
						<String ID="P3_ST01562" HPOS="2087" VPOS="1067" WIDTH="104" HEIGHT="24" CONTENT="electors" WC="0.96" CC="10001011"/>
						<SP ID="P3_SP01283" HPOS="2191" VPOS="1091" WIDTH="20"/>
						<String ID="P3_ST01563" HPOS="2211" VPOS="1068" WIDTH="56" HEIGHT="23" CONTENT="that" WC="0.98" CC="1100"/>
						<SP ID="P3_SP01284" HPOS="2267" VPOS="1091" WIDTH="24"/>
						<String ID="P3_ST01564" HPOS="2291" VPOS="1067" WIDTH="59" HEIGHT="32" CONTENT="they" WC="0.99" CC="0001"/>
						<SP ID="P3_SP01285" HPOS="2350" VPOS="1099" WIDTH="29"/>
						<String ID="P3_ST01565" HPOS="2379" VPOS="1068" WIDTH="68" HEIGHT="24" CONTENT="owed" WC="0.98" CC="0101"/>
						<SP ID="P3_SP01286" HPOS="2447" VPOS="1099" WIDTH="24"/>
						<String ID="P3_ST01566" HPOS="2471" VPOS="1076" WIDTH="14" HEIGHT="16" CONTENT="a" WC="0.96" CC="1"/>
					</TextLine>
					<TextLine ID="P3_TL00254" HPOS="1948" VPOS="1100" WIDTH="535" HEIGHT="31">
						<String ID="P3_ST01567" HPOS="1948" VPOS="1100" WIDTH="61" HEIGHT="31" CONTENT="duty" WC="0.95" CC="1100"/>
						<SP ID="P3_SP01287" HPOS="2009" VPOS="1131" WIDTH="12"/>
						<String ID="P3_ST01568" HPOS="2021" VPOS="1101" WIDTH="26" HEIGHT="23" CONTENT="to" WC="0.98" CC="10"/>
						<SP ID="P3_SP01288" HPOS="2047" VPOS="1131" WIDTH="12"/>
						<String ID="P3_ST01569" HPOS="2059" VPOS="1100" WIDTH="42" HEIGHT="24" CONTENT="the" WC="0.96" CC="100"/>
						<SP ID="P3_SP01289" HPOS="2101" VPOS="1131" WIDTH="13"/>
						<String ID="P3_ST01570" HPOS="2114" VPOS="1100" WIDTH="100" HEIGHT="31" CONTENT="general" WC="0.95" CC="1110112"/>
						<SP ID="P3_SP01290" HPOS="2214" VPOS="1131" WIDTH="11"/>
						<String ID="P3_ST01571" HPOS="2225" VPOS="1101" WIDTH="63" HEIGHT="24" CONTENT="weal" WC="0.97" CC="1100"/>
						<SP ID="P3_SP01291" HPOS="2288" VPOS="1131" WIDTH="23"/>
						<String ID="P3_ST01572" HPOS="2311" VPOS="1109" WIDTH="27" HEIGHT="16" CONTENT="as" WC="0.93" CC="11"/>
						<SP ID="P3_SP01292" HPOS="2338" VPOS="1131" WIDTH="14"/>
						<String ID="P3_ST01573" HPOS="2352" VPOS="1101" WIDTH="54" HEIGHT="24" CONTENT="well" WC="0.94" CC="1200"/>
						<SP ID="P3_SP01293" HPOS="2406" VPOS="1131" WIDTH="12"/>
						<String ID="P3_ST01574" HPOS="2418" VPOS="1109" WIDTH="28" HEIGHT="16" CONTENT="as" WC="0.93" CC="02"/>
						<SP ID="P3_SP01294" HPOS="2446" VPOS="1131" WIDTH="12"/>
						<String ID="P3_ST01575" HPOS="2458" VPOS="1103" WIDTH="25" HEIGHT="22" CONTENT="to" WC="1.00" CC="00"/>
					</TextLine>
					<TextLine ID="P3_TL00255" HPOS="1949" VPOS="1132" WIDTH="536" HEIGHT="26">
						<String ID="P3_ST01576" HPOS="1949" VPOS="1132" WIDTH="65" HEIGHT="25" CONTENT="their" WC="0.98" CC="01010"/>
						<SP ID="P3_SP01295" HPOS="2014" VPOS="1157" WIDTH="12"/>
						<String ID="P3_ST01577" HPOS="2026" VPOS="1141" WIDTH="55" HEIGHT="17" CONTENT="own" WC="0.95" CC="020"/>
						<SP ID="P3_SP01296" HPOS="2081" VPOS="1158" WIDTH="29"/>
						<String ID="P3_ST01578" HPOS="2110" VPOS="1133" WIDTH="59" HEIGHT="24" CONTENT="clear" WC="0.94" CC="01012"/>
						<SP ID="P3_SP01297" HPOS="2169" VPOS="1158" WIDTH="29"/>
						<String ID="P3_ST01579" HPOS="2198" VPOS="1134" WIDTH="86" HEIGHT="24" CONTENT="selves." WC="0.97" CC="1000011"/>
						<SP ID="P3_SP01298" HPOS="2284" VPOS="1158" WIDTH="36"/>
						<String ID="P3_ST01580" HPOS="2320" VPOS="1134" WIDTH="35" HEIGHT="24" CONTENT="As" WC="0.98" CC="01"/>
						<SP ID="P3_SP01299" HPOS="2355" VPOS="1158" WIDTH="18"/>
						<String ID="P3_ST01581" HPOS="2373" VPOS="1134" WIDTH="38" HEIGHT="24" CONTENT="for" WC="0.80" CC="105"/>
						<SP ID="P3_SP01300" HPOS="2411" VPOS="1158" WIDTH="17"/>
						<String ID="P3_ST01582" HPOS="2428" VPOS="1142" WIDTH="57" HEIGHT="16" CONTENT="our" SUBS_TYPE="HypPart1" SUBS_CONTENT="ourselves" WC="0.88" CC="0122"/>
						<HYP CONTENT="-"/>
					</TextLine>
					<TextLine ID="P3_TL00256" HPOS="1949" VPOS="1166" WIDTH="534" HEIGHT="25">
						<String ID="P3_ST01583" HPOS="1949" VPOS="1167" WIDTH="78" HEIGHT="24" CONTENT="selves" SUBS_TYPE="HypPart2" SUBS_CONTENT="ourselves" WC="0.97" CC="101001"/>
						<SP ID="P3_SP01301" HPOS="2027" VPOS="1191" WIDTH="11"/>
						<String ID="P3_ST01584" HPOS="2038" VPOS="1174" WIDTH="37" HEIGHT="17" CONTENT="we" WC="0.96" CC="10"/>
						<SP ID="P3_SP01302" HPOS="2075" VPOS="1191" WIDTH="12"/>
						<String ID="P3_ST01585" HPOS="2087" VPOS="1166" WIDTH="65" HEIGHT="24" CONTENT="shall" WC="0.93" CC="21110"/>
						<SP ID="P3_SP01303" HPOS="2152" VPOS="1191" WIDTH="20"/>
						<String ID="P3_ST01586" HPOS="2172" VPOS="1167" WIDTH="117" HEIGHT="24" CONTENT="continue" WC="0.97" CC="00100111"/>
						<SP ID="P3_SP01304" HPOS="2289" VPOS="1191" WIDTH="12"/>
						<String ID="P3_ST01587" HPOS="2301" VPOS="1168" WIDTH="27" HEIGHT="22" CONTENT="to" WC="1.00" CC="00"/>
						<SP ID="P3_SP01305" HPOS="2328" VPOS="1191" WIDTH="12"/>
						<String ID="P3_ST01588" HPOS="2340" VPOS="1167" WIDTH="81" HEIGHT="24" CONTENT="watch" WC="0.97" CC="10101"/>
						<SP ID="P3_SP01306" HPOS="2421" VPOS="1191" WIDTH="19"/>
						<String ID="P3_ST01589" HPOS="2440" VPOS="1167" WIDTH="43" HEIGHT="24" CONTENT="the" WC="0.97" CC="110"/>
					</TextLine>
					<TextLine ID="P3_TL00257" HPOS="1948" VPOS="1198" WIDTH="536" HEIGHT="27">
						<String ID="P3_ST01590" HPOS="1948" VPOS="1198" WIDTH="68" HEIGHT="27" CONTENT="work" WC="0.91" CC="3111"/>
						<SP ID="P3_SP01307" HPOS="2016" VPOS="1225" WIDTH="24"/>
						<String ID="P3_ST01591" HPOS="2040" VPOS="1198" WIDTH="61" HEIGHT="26" CONTENT="with" WC="0.95" CC="1111"/>
						<SP ID="P3_SP01308" HPOS="2101" VPOS="1225" WIDTH="14"/>
						<String ID="P3_ST01592" HPOS="2115" VPOS="1199" WIDTH="62" HEIGHT="24" CONTENT="keen" WC="0.99" CC="1000"/>
						<SP ID="P3_SP01309" HPOS="2177" VPOS="1225" WIDTH="23"/>
						<String ID="P3_ST01593" HPOS="2200" VPOS="1200" WIDTH="105" HEIGHT="24" CONTENT="interest" WC="0.98" CC="00101001"/>
						<SP ID="P3_SP01310" HPOS="2305" VPOS="1225" WIDTH="17"/>
						<String ID="P3_ST01594" HPOS="2322" VPOS="1200" WIDTH="50" HEIGHT="25" CONTENT="and" WC="1.00" CC="000"/>
						<SP ID="P3_SP01311" HPOS="2372" VPOS="1225" WIDTH="11"/>
						<String ID="P3_ST01595" HPOS="2383" VPOS="1200" WIDTH="27" HEIGHT="24" CONTENT="m" WC="0.96" CC="1"/>
						<SP ID="P3_SP01312" HPOS="2410" VPOS="1225" WIDTH="29"/>
						<String ID="P3_ST01596" HPOS="2439" VPOS="1209" WIDTH="45" HEIGHT="16" CONTENT="our" WC="0.97" CC="001"/>
					</TextLine>
					<TextLine ID="P3_TL00258" HPOS="1948" VPOS="1231" WIDTH="536" HEIGHT="33">
						<String ID="P3_ST01597" HPOS="1948" VPOS="1231" WIDTH="104" HEIGHT="27" CONTENT="humble" WC="0.92" CC="014010"/>
						<SP ID="P3_SP01313" HPOS="2052" VPOS="1258" WIDTH="12"/>
						<String ID="P3_ST01598" HPOS="2064" VPOS="1240" WIDTH="53" HEIGHT="24" CONTENT="way" WC="0.97" CC="101"/>
						<SP ID="P3_SP01314" HPOS="2117" VPOS="1264" WIDTH="23"/>
						<String ID="P3_ST01599" HPOS="2140" VPOS="1232" WIDTH="50" HEIGHT="24" CONTENT="will" WC="0.98" CC="1000"/>
						<SP ID="P3_SP01315" HPOS="2190" VPOS="1264" WIDTH="29"/>
						<String ID="P3_ST01600" HPOS="2219" VPOS="1233" WIDTH="118" HEIGHT="24" CONTENT="continue" WC="0.97" CC="00101110"/>
						<SP ID="P3_SP01316" HPOS="2337" VPOS="1264" WIDTH="29"/>
						<String ID="P3_ST01601" HPOS="2366" VPOS="1235" WIDTH="25" HEIGHT="23" CONTENT="to" WC="1.00" CC="00"/>
						<SP ID="P3_SP01317" HPOS="2391" VPOS="1264" WIDTH="26"/>
						<String ID="P3_ST01602" HPOS="2417" VPOS="1235" WIDTH="67" HEIGHT="23" CONTENT="utter" WC="0.95" CC="21101"/>
					</TextLine>
					<TextLine ID="P3_TL00259" HPOS="1949" VPOS="1265" WIDTH="531" HEIGHT="32">
						<String ID="P3_ST01603" HPOS="1949" VPOS="1265" WIDTH="117" HEIGHT="31" CONTENT="cheering" WC="1.00" CC="00001000"/>
						<SP ID="P3_SP01318" HPOS="2066" VPOS="1296" WIDTH="17"/>
						<String ID="P3_ST01604" HPOS="2083" VPOS="1265" WIDTH="78" HEIGHT="24" CONTENT="words" WC="0.93" CC="10111"/>
						<SP ID="P3_SP01319" HPOS="2161" VPOS="1296" WIDTH="18"/>
						<String ID="P3_ST01605" HPOS="2179" VPOS="1273" WIDTH="27" HEIGHT="16" CONTENT="as" WC="0.94" CC="11"/>
						<SP ID="P3_SP01320" HPOS="2206" VPOS="1296" WIDTH="17"/>
						<String ID="P3_ST01606" HPOS="2223" VPOS="1266" WIDTH="21" HEIGHT="24" CONTENT="it" WC="0.98" CC="01"/>
						<SP ID="P3_SP01321" HPOS="2244" VPOS="1296" WIDTH="16"/>
						<String ID="P3_ST01607" HPOS="2260" VPOS="1273" WIDTH="151" HEIGHT="24" CONTENT="progresses," WC="0.92" CC="11011111111"/>
						<SP ID="P3_SP01322" HPOS="2411" VPOS="1297" WIDTH="20"/>
						<String ID="P3_ST01608" HPOS="2431" VPOS="1266" WIDTH="49" HEIGHT="25" CONTENT="and" WC="0.94" CC="011"/>
					</TextLine>
					<TextLine ID="P3_TL00260" HPOS="1950" VPOS="1298" WIDTH="535" HEIGHT="32">
						<String ID="P3_ST01609" HPOS="1950" VPOS="1298" WIDTH="65" HEIGHT="24" CONTENT="shall" WC="0.93" CC="21111"/>
						<SP ID="P3_SP01323" HPOS="2015" VPOS="1322" WIDTH="17"/>
						<String ID="P3_ST01610" HPOS="2032" VPOS="1298" WIDTH="57" HEIGHT="25" CONTENT="look" WC="0.97" CC="1001"/>
						<SP ID="P3_SP01324" HPOS="2089" VPOS="1323" WIDTH="17"/>
						<String ID="P3_ST01611" HPOS="2106" VPOS="1298" WIDTH="105" HEIGHT="25" CONTENT="forward" WC="0.92" CC="0021211"/>
						<SP ID="P3_SP01325" HPOS="2211" VPOS="1323" WIDTH="17"/>
						<String ID="P3_ST01612" HPOS="2228" VPOS="1298" WIDTH="153" HEIGHT="32" CONTENT="confidently" WC="0.86" CC="00209111110"/>
						<SP ID="P3_SP01326" HPOS="2381" VPOS="1330" WIDTH="18"/>
						<String ID="P3_ST01613" HPOS="2399" VPOS="1301" WIDTH="24" HEIGHT="22" CONTENT="to" WC="0.96" CC="10"/>
						<SP ID="P3_SP01327" HPOS="2423" VPOS="1330" WIDTH="29"/>
						<String ID="P3_ST01614" HPOS="2452" VPOS="1299" WIDTH="33" HEIGHT="24" CONTENT="its" WC="0.93" CC="011"/>
					</TextLine>
					<TextLine ID="P3_TL00261" HPOS="1950" VPOS="1331" WIDTH="534" HEIGHT="31">
						<String ID="P3_ST01615" HPOS="1950" VPOS="1331" WIDTH="135" HEIGHT="25" CONTENT="successful" WC="0.96" CC="1100010111"/>
						<SP ID="P3_SP01328" HPOS="2085" VPOS="1356" WIDTH="18"/>
						<String ID="P3_ST01616" HPOS="2103" VPOS="1331" WIDTH="151" HEIGHT="31" CONTENT="completion" WC="0.97" CC="0012111000"/>
						<SP ID="P3_SP01329" HPOS="2254" VPOS="1362" WIDTH="28"/>
						<String ID="P3_ST01617" HPOS="2282" VPOS="1332" WIDTH="62" HEIGHT="24" CONTENT="with" WC="0.95" CC="1011"/>
						<SP ID="P3_SP01330" HPOS="2344" VPOS="1362" WIDTH="29"/>
						<String ID="P3_ST01618" HPOS="2373" VPOS="1340" WIDTH="15" HEIGHT="15" CONTENT="a" WC="0.96" CC="1"/>
						<SP ID="P3_SP01331" HPOS="2388" VPOS="1362" WIDTH="28"/>
						<String ID="P3_ST01619" HPOS="2416" VPOS="1332" WIDTH="68" HEIGHT="24" CONTENT="thor" SUBS_TYPE="HypPart1" SUBS_CONTENT="thorough" WC="0.96" CC="01011"/>
						<HYP CONTENT="-"/>
					</TextLine>
					<TextLine ID="P3_TL00262" HPOS="1950" VPOS="1364" WIDTH="535" HEIGHT="32">
						<String ID="P3_ST01620" HPOS="1950" VPOS="1364" WIDTH="66" HEIGHT="31" CONTENT="ough" SUBS_TYPE="HypPart2" SUBS_CONTENT="thorough" WC="0.94" CC="0111"/>
						<SP ID="P3_SP01332" HPOS="2016" VPOS="1395" WIDTH="17"/>
						<String ID="P3_ST01621" HPOS="2033" VPOS="1364" WIDTH="64" HEIGHT="24" CONTENT="taith" WC="0.91" CC="20022"/>
						<SP ID="P3_SP01333" HPOS="2097" VPOS="1395" WIDTH="17"/>
						<String ID="P3_ST01622" HPOS="2114" VPOS="1364" WIDTH="27" HEIGHT="24" CONTENT="m" WC="0.94" CC="0"/>
						<SP ID="P3_SP01334" HPOS="2141" VPOS="1395" WIDTH="26"/>
						<String ID="P3_ST01623" HPOS="2167" VPOS="1364" WIDTH="44" HEIGHT="24" CONTENT="the" WC="1.00" CC="000"/>
						<SP ID="P3_SP01335" HPOS="2211" VPOS="1395" WIDTH="25"/>
						<String ID="P3_ST01624" HPOS="2236" VPOS="1365" WIDTH="145" HEIGHT="31" CONTENT="prosperity" WC="0.95" CC="1121101011"/>
						<SP ID="P3_SP01336" HPOS="2381" VPOS="1396" WIDTH="21"/>
						<String ID="P3_ST01625" HPOS="2402" VPOS="1365" WIDTH="83" HEIGHT="24" CONTENT="which" WC="0.98" CC="11000"/>
					</TextLine>
					<TextLine ID="P3_TL00263" HPOS="1948" VPOS="1397" WIDTH="339" HEIGHT="31">
						<String ID="P3_ST01626" HPOS="1948" VPOS="1398" WIDTH="21" HEIGHT="24" CONTENT="it" WC="0.91" CC="11"/>
						<SP ID="P3_SP01337" HPOS="1969" VPOS="1422" WIDTH="17"/>
						<String ID="P3_ST01627" HPOS="1986" VPOS="1398" WIDTH="23" HEIGHT="23" CONTENT="is" WC="0.98" CC="01"/>
						<SP ID="P3_SP01338" HPOS="2009" VPOS="1422" WIDTH="17"/>
						<String ID="P3_ST01628" HPOS="2026" VPOS="1397" WIDTH="84" HEIGHT="24" CONTENT="bound" WC="1.00" CC="00000"/>
						<SP ID="P3_SP01339" HPOS="2110" VPOS="1422" WIDTH="17"/>
						<String ID="P3_ST01629" HPOS="2127" VPOS="1400" WIDTH="26" HEIGHT="22" CONTENT="to" WC="1.00" CC="00"/>
						<SP ID="P3_SP01340" HPOS="2153" VPOS="1422" WIDTH="18"/>
						<String ID="P3_ST01630" HPOS="2171" VPOS="1397" WIDTH="116" HEIGHT="31" CONTENT="produce," WC="0.96" CC="11011011"/>
					</TextLine>
					<TextLine ID="P3_TL00264" HPOS="1982" VPOS="1440" WIDTH="502" HEIGHT="26">
						<String ID="P3_ST01631" HPOS="1982" VPOS="1441" WIDTH="25" HEIGHT="24" CONTENT="It" WC="0.98" CC="01"/>
						<SP ID="P3_SP01341" HPOS="2007" VPOS="1465" WIDTH="11"/>
						<String ID="P3_ST01632" HPOS="2018" VPOS="1442" WIDTH="21" HEIGHT="23" CONTENT="is" WC="0.94" CC="11"/>
						<SP ID="P3_SP01342" HPOS="2039" VPOS="1465" WIDTH="13"/>
						<String ID="P3_ST01633" HPOS="2052" VPOS="1441" WIDTH="42" HEIGHT="24" CONTENT="the" WC="0.96" CC="011"/>
						<SP ID="P3_SP01343" HPOS="2094" VPOS="1465" WIDTH="12"/>
						<String ID="P3_ST01634" HPOS="2106" VPOS="1441" WIDTH="124" HEIGHT="24" CONTENT="intention" WC="0.98" CC="011001001"/>
						<SP ID="P3_SP01344" HPOS="2230" VPOS="1465" WIDTH="13"/>
						<String ID="P3_ST01635" HPOS="2243" VPOS="1440" WIDTH="27" HEIGHT="25" CONTENT="of" WC="0.98" CC="01"/>
						<SP ID="P3_SP01345" HPOS="2270" VPOS="1465" WIDTH="20"/>
						<String ID="P3_ST01636" HPOS="2290" VPOS="1440" WIDTH="43" HEIGHT="25" CONTENT="the" WC="0.95" CC="011"/>
						<SP ID="P3_SP01346" HPOS="2333" VPOS="1465" WIDTH="24"/>
						<String ID="P3_ST01637" HPOS="2357" VPOS="1441" WIDTH="83" HEIGHT="25" CONTENT="Board" WC="0.95" CC="10101"/>
						<SP ID="P3_SP01347" HPOS="2440" VPOS="1466" WIDTH="18"/>
						<String ID="P3_ST01638" HPOS="2458" VPOS="1443" WIDTH="26" HEIGHT="23" CONTENT="to" WC="1.00" CC="00"/>
					</TextLine>
					<TextLine ID="P3_TL00265" HPOS="1950" VPOS="1484" WIDTH="534" HEIGHT="31">
						<String ID="P3_ST01639" HPOS="1950" VPOS="1484" WIDTH="65" HEIGHT="31" CONTENT="push" WC="0.98" CC="1010"/>
						<SP ID="P3_SP01348" HPOS="2015" VPOS="1515" WIDTH="12"/>
						<String ID="P3_ST01640" HPOS="2027" VPOS="1491" WIDTH="33" HEIGHT="17" CONTENT="on" WC="0.94" CC="01"/>
						<SP ID="P3_SP01349" HPOS="2060" VPOS="1515" WIDTH="12"/>
						<String ID="P3_ST01641" HPOS="2072" VPOS="1484" WIDTH="60" HEIGHT="24" CONTENT="with" WC="0.95" CC="1111"/>
						<SP ID="P3_SP01350" HPOS="2132" VPOS="1515" WIDTH="24"/>
						<String ID="P3_ST01642" HPOS="2156" VPOS="1484" WIDTH="43" HEIGHT="24" CONTENT="the" WC="0.95" CC="011"/>
						<SP ID="P3_SP01351" HPOS="2199" VPOS="1515" WIDTH="12"/>
						<String ID="P3_ST01643" HPOS="2211" VPOS="1484" WIDTH="100" HEIGHT="24" CONTENT="scheme" WC="0.96" CC="101101"/>
						<SP ID="P3_SP01352" HPOS="2311" VPOS="1515" WIDTH="23"/>
						<String ID="P3_ST01644" HPOS="2334" VPOS="1491" WIDTH="27" HEIGHT="17" CONTENT="as" WC="0.94" CC="01"/>
						<SP ID="P3_SP01353" HPOS="2361" VPOS="1515" WIDTH="12"/>
						<String ID="P3_ST01645" HPOS="2373" VPOS="1492" WIDTH="61" HEIGHT="16" CONTENT="soon" WC="0.97" CC="1001"/>
						<SP ID="P3_SP01354" HPOS="2434" VPOS="1515" WIDTH="23"/>
						<String ID="P3_ST01646" HPOS="2457" VPOS="1492" WIDTH="27" HEIGHT="17" CONTENT="as" WC="0.93" CC="11"/>
					</TextLine>
					<TextLine ID="P3_TL00266" HPOS="1950" VPOS="1527" WIDTH="534" HEIGHT="32">
						<String ID="P3_ST01647" HPOS="1950" VPOS="1527" WIDTH="115" HEIGHT="32" CONTENT="possible," WC="0.98" CC="101000011"/>
						<SP ID="P3_SP01355" HPOS="2065" VPOS="1559" WIDTH="14"/>
						<String ID="P3_ST01648" HPOS="2079" VPOS="1527" WIDTH="50" HEIGHT="25" CONTENT="and" WC="0.96" CC="101"/>
						<SP ID="P3_SP01356" HPOS="2129" VPOS="1559" WIDTH="19"/>
						<String ID="P3_ST01649" HPOS="2148" VPOS="1527" WIDTH="64" HEIGHT="25" CONTENT="from" WC="0.95" CC="0101"/>
						<SP ID="P3_SP01357" HPOS="2212" VPOS="1559" WIDTH="21"/>
						<String ID="P3_ST01650" HPOS="2233" VPOS="1527" WIDTH="72" HEIGHT="25" CONTENT="offers" WC="0.96" CC="001011"/>
						<SP ID="P3_SP01358" HPOS="2305" VPOS="1559" WIDTH="21"/>
						<String ID="P3_ST01651" HPOS="2326" VPOS="1528" WIDTH="98" HEIGHT="31" CONTENT="already" WC="0.97" CC="1100001"/>
						<SP ID="P3_SP01359" HPOS="2424" VPOS="1559" WIDTH="23"/>
						<String ID="P3_ST01652" HPOS="2447" VPOS="1536" WIDTH="37" HEIGHT="16" CONTENT="re" SUBS_TYPE="HypPart1" SUBS_CONTENT="received" WC="0.95" CC="101"/>
						<HYP CONTENT="-"/>
					</TextLine>
					<TextLine ID="P3_TL00267" HPOS="1951" VPOS="1570" WIDTH="534" HEIGHT="32">
						<String ID="P3_ST01653" HPOS="1951" VPOS="1571" WIDTH="83" HEIGHT="24" CONTENT="ceived" SUBS_TYPE="HypPart2" SUBS_CONTENT="received" WC="0.80" CC="000191"/>
						<SP ID="P3_SP01360" HPOS="2034" VPOS="1595" WIDTH="11"/>
						<String ID="P3_ST01654" HPOS="2045" VPOS="1579" WIDTH="33" HEIGHT="16" CONTENT="no" WC="0.98" CC="10"/>
						<SP ID="P3_SP01361" HPOS="2078" VPOS="1595" WIDTH="12"/>
						<String ID="P3_ST01655" HPOS="2090" VPOS="1571" WIDTH="120" HEIGHT="31" CONTENT="difficulty" WC="0.95" CC="1111110110"/>
						<SP ID="P3_SP01362" HPOS="2210" VPOS="1602" WIDTH="20"/>
						<String ID="P3_ST01656" HPOS="2230" VPOS="1571" WIDTH="21" HEIGHT="24" CONTENT="is" WC="0.98" CC="01"/>
						<SP ID="P3_SP01363" HPOS="2251" VPOS="1602" WIDTH="22"/>
						<String ID="P3_ST01657" HPOS="2273" VPOS="1570" WIDTH="173" HEIGHT="32" CONTENT="apprehended" WC="0.94" CC="01110110211"/>
						<SP ID="P3_SP01364" HPOS="2446" VPOS="1602" WIDTH="12"/>
						<String ID="P3_ST01658" HPOS="2458" VPOS="1571" WIDTH="27" HEIGHT="24" CONTENT="m" WC="1.00" CC="0"/>
					</TextLine>
					<TextLine ID="P3_TL00268" HPOS="1950" VPOS="1614" WIDTH="534" HEIGHT="32">
						<String ID="P3_ST01659" HPOS="1950" VPOS="1614" WIDTH="95" HEIGHT="32" CONTENT="raising" WC="0.96" CC="1102010"/>
						<SP ID="P3_SP01365" HPOS="2045" VPOS="1646" WIDTH="12"/>
						<String ID="P3_ST01660" HPOS="2057" VPOS="1614" WIDTH="42" HEIGHT="25" CONTENT="the" WC="0.96" CC="011"/>
						<SP ID="P3_SP01366" HPOS="2099" VPOS="1646" WIDTH="27"/>
						<String ID="P3_ST01661" HPOS="2126" VPOS="1616" WIDTH="109" HEIGHT="27" CONTENT="£31,000" WC="0.84" CC="7201100"/>
						<SP ID="P3_SP01367" HPOS="2235" VPOS="1646" WIDTH="13"/>
						<String ID="P3_ST01662" HPOS="2248" VPOS="1614" WIDTH="113" HEIGHT="32" CONTENT="required" WC="0.85" CC="21810111"/>
						<SP ID="P3_SP01368" HPOS="2361" VPOS="1646" WIDTH="20"/>
						<String ID="P3_ST01663" HPOS="2381" VPOS="1614" WIDTH="37" HEIGHT="26" CONTENT="for" WC="0.96" CC="101"/>
						<SP ID="P3_SP01369" HPOS="2418" VPOS="1646" WIDTH="23"/>
						<String ID="P3_ST01664" HPOS="2441" VPOS="1614" WIDTH="43" HEIGHT="26" CONTENT="the" WC="0.96" CC="110"/>
					</TextLine>
					<TextLine ID="P3_TL00269" HPOS="1950" VPOS="1658" WIDTH="419" HEIGHT="25">
						<String ID="P3_ST01665" HPOS="1950" VPOS="1658" WIDTH="68" HEIGHT="25" CONTENT="work" WC="0.99" CC="1000"/>
						<SP ID="P3_SP01370" HPOS="2018" VPOS="1683" WIDTH="9"/>
						<String ID="P3_ST01666" HPOS="2027" VPOS="1659" WIDTH="26" HEIGHT="23" CONTENT="at" WC="1.00" CC="00"/>
						<SP ID="P3_SP01371" HPOS="2053" VPOS="1683" WIDTH="13"/>
						<String ID="P3_ST01667" HPOS="2066" VPOS="1667" WIDTH="13" HEIGHT="15" CONTENT="a" WC="0.93" CC="1"/>
						<SP ID="P3_SP01372" HPOS="2079" VPOS="1683" WIDTH="10"/>
						<String ID="P3_ST01668" HPOS="2089" VPOS="1658" WIDTH="46" HEIGHT="25" CONTENT="low" WC="0.99" CC="001"/>
						<SP ID="P3_SP01373" HPOS="2135" VPOS="1683" WIDTH="11"/>
						<String ID="P3_ST01669" HPOS="2146" VPOS="1660" WIDTH="54" HEIGHT="23" CONTENT="rate" WC="0.96" CC="1110"/>
						<SP ID="P3_SP01374" HPOS="2200" VPOS="1683" WIDTH="12"/>
						<String ID="P3_ST01670" HPOS="2212" VPOS="1658" WIDTH="26" HEIGHT="24" CONTENT="of" WC="1.00" CC="00"/>
						<SP ID="P3_SP01375" HPOS="2238" VPOS="1683" WIDTH="19"/>
						<String ID="P3_ST01671" HPOS="2257" VPOS="1659" WIDTH="112" HEIGHT="24" CONTENT="interest." WC="0.97" CC="010010111"/>
					</TextLine>
				</TextBlock>
				<TextBlock ID="P3_TB00015" HPOS="1951" VPOS="1788" WIDTH="533" HEIGHT="58" STYLEREFS="TXT_9 PAR_RIGHT">
					<TextLine ID="P3_TL00270" HPOS="1953" VPOS="1788" WIDTH="531" HEIGHT="58" CS="1">
						<String ID="P3_ST01672" HPOS="1953" VPOS="1788" WIDTH="190" HEIGHT="58" CONTENT="LOCAL" WC="0.95" CC="00210"/>
						<SP ID="P3_SP01376" HPOS="2143" VPOS="1846" WIDTH="18"/>
						<String ID="P3_ST01673" HPOS="2161" VPOS="1790" WIDTH="34" HEIGHT="56" CONTENT="and" WC="0.70" CC="000"/>
						<SP ID="P3_SP01377" HPOS="2195" VPOS="1846" WIDTH="19"/>
						<String ID="P3_ST01674" HPOS="2214" VPOS="1789" WIDTH="270" HEIGHT="57" CONTENT="GENERAL" WC="0.79" CC="2180211"/>
					</TextLine>
				</TextBlock>
				<TextBlock ID="P3_TB00016" HPOS="1939" VPOS="1903" WIDTH="552" HEIGHT="2023" STYLEREFS="TXT_0 PAR_BLOCK">
					<TextLine ID="P3_TL00271" HPOS="1987" VPOS="1907" WIDTH="500" HEIGHT="29">
						<String ID="P3_ST01675" HPOS="1987" VPOS="1907" WIDTH="33" HEIGHT="26" CONTENT="St" WC="0.87" CC="12"/>
						<SP ID="P3_SP01378" HPOS="2020" VPOS="1933" WIDTH="18"/>
						<String ID="P3_ST01676" HPOS="2038" VPOS="1907" WIDTH="95" HEIGHT="25" CONTENT="Makv's" WC="0.90" CC="003111"/>
						<SP ID="P3_SP01379" HPOS="2133" VPOS="1933" WIDTH="18"/>
						<String ID="P3_ST01677" HPOS="2151" VPOS="1908" WIDTH="112" HEIGHT="28" CONTENT="Church," WC="0.80" CC="1012901"/>
						<String ID="P3_ST01678" HPOS="2266" VPOS="1923" WIDTH="33" HEIGHT="3" CONTENT="—" WC="1.00" CC="0"/>
						<String ID="P3_ST01679" HPOS="2300" VPOS="1907" WIDTH="62" HEIGHT="26" CONTENT="This" WC="0.94" CC="1101"/>
						<SP ID="P3_SP01380" HPOS="2362" VPOS="1936" WIDTH="24"/>
						<String ID="P3_ST01680" HPOS="2386" VPOS="1907" WIDTH="101" HEIGHT="26" CONTENT="Cliurcli" WC="0.97" CC="10011001"/>
					</TextLine>
					<TextLine ID="P3_TL00272" HPOS="1950" VPOS="1950" WIDTH="538" HEIGHT="26">
						<String ID="P3_ST01681" HPOS="1950" VPOS="1950" WIDTH="47" HEIGHT="25" CONTENT="lias" WC="0.96" CC="0011"/>
						<SP ID="P3_SP01381" HPOS="1997" VPOS="1975" WIDTH="12"/>
						<String ID="P3_ST01682" HPOS="2009" VPOS="1959" WIDTH="56" HEIGHT="17" CONTENT="now" WC="0.88" CC="103"/>
						<SP ID="P3_SP01382" HPOS="2065" VPOS="1976" WIDTH="12"/>
						<String ID="P3_ST01683" HPOS="2077" VPOS="1951" WIDTH="42" HEIGHT="25" CONTENT="the" WC="0.86" CC="140"/>
						<SP ID="P3_SP01383" HPOS="2119" VPOS="1976" WIDTH="10"/>
						<String ID="P3_ST01684" HPOS="2129" VPOS="1951" WIDTH="75" HEIGHT="25" CONTENT="much" WC="0.93" CC="1210"/>
						<SP ID="P3_SP01384" HPOS="2204" VPOS="1976" WIDTH="24"/>
						<String ID="P3_ST01685" HPOS="2228" VPOS="1952" WIDTH="94" HEIGHT="24" CONTENT="needed" WC="0.93" CC="110202"/>
						<SP ID="P3_SP01385" HPOS="2322" VPOS="1976" WIDTH="22"/>
						<String ID="P3_ST01686" HPOS="2344" VPOS="1959" WIDTH="54" HEIGHT="17" CONTENT="new" WC="0.95" CC="101"/>
						<SP ID="P3_SP01386" HPOS="2398" VPOS="1976" WIDTH="21"/>
						<String ID="P3_ST01687" HPOS="2419" VPOS="1951" WIDTH="69" HEIGHT="25" CONTENT="cloth" WC="0.90" CC="00014"/>
					</TextLine>
					<TextLine ID="P3_TL00273" HPOS="1952" VPOS="1995" WIDTH="534" HEIGHT="31">
						<String ID="P3_ST01688" HPOS="1952" VPOS="1995" WIDTH="38" HEIGHT="24" CONTENT="for" WC="0.93" CC="102"/>
						<SP ID="P3_SP01387" HPOS="1990" VPOS="2019" WIDTH="12"/>
						<String ID="P3_ST01689" HPOS="2002" VPOS="1996" WIDTH="43" HEIGHT="23" CONTENT="the" WC="0.97" CC="110"/>
						<SP ID="P3_SP01388" HPOS="2045" VPOS="2019" WIDTH="11"/>
						<String ID="P3_ST01690" HPOS="2056" VPOS="1996" WIDTH="71" HEIGHT="28" CONTENT="altar," WC="0.93" CC="110112"/>
						<SP ID="P3_SP01389" HPOS="2127" VPOS="2024" WIDTH="14"/>
						<String ID="P3_ST01691" HPOS="2141" VPOS="1996" WIDTH="50" HEIGHT="24" CONTENT="and" WC="0.95" CC="101"/>
						<SP ID="P3_SP01390" HPOS="2191" VPOS="2024" WIDTH="11"/>
						<String ID="P3_ST01692" HPOS="2202" VPOS="1997" WIDTH="84" HEIGHT="29" CONTENT="carpet" WC="0.93" CC="011101"/>
						<SP ID="P3_SP01391" HPOS="2286" VPOS="2026" WIDTH="12"/>
						<String ID="P3_ST01693" HPOS="2298" VPOS="1995" WIDTH="37" HEIGHT="25" CONTENT="for" WC="0.97" CC="101"/>
						<SP ID="P3_SP01392" HPOS="2335" VPOS="2026" WIDTH="12"/>
						<String ID="P3_ST01694" HPOS="2347" VPOS="1996" WIDTH="43" HEIGHT="24" CONTENT="the" WC="0.95" CC="110"/>
						<SP ID="P3_SP01393" HPOS="2390" VPOS="2026" WIDTH="21"/>
						<String ID="P3_ST01695" HPOS="2411" VPOS="1995" WIDTH="75" HEIGHT="25" CONTENT="chan" SUBS_TYPE="HypPart1" SUBS_CONTENT="chancel" WC="0.93" CC="02111"/>
						<HYP CONTENT="-"/>
					</TextLine>
					<TextLine ID="P3_TL00274" HPOS="1951" VPOS="2037" WIDTH="534" HEIGHT="26">
						<String ID="P3_ST01696" HPOS="1951" VPOS="2038" WIDTH="37" HEIGHT="24" CONTENT="cel" SUBS_TYPE="HypPart2" SUBS_CONTENT="chancel" WC="1.00" CC="000"/>
						<SP ID="P3_SP01394" HPOS="1988" VPOS="2062" WIDTH="23"/>
						<String ID="P3_ST01697" HPOS="2011" VPOS="2037" WIDTH="96" HEIGHT="26" CONTENT="besides" WC="0.82" CC="0900102"/>
						<SP ID="P3_SP01395" HPOS="2107" VPOS="2063" WIDTH="26"/>
						<String ID="P3_ST01698" HPOS="2133" VPOS="2038" WIDTH="68" HEIGHT="25" CONTENT="cloth" WC="0.96" CC="01011"/>
						<SP ID="P3_SP01396" HPOS="2201" VPOS="2063" WIDTH="23"/>
						<String ID="P3_ST01699" HPOS="2224" VPOS="2038" WIDTH="37" HEIGHT="24" CONTENT="for" WC="0.96" CC="001"/>
						<SP ID="P3_SP01397" HPOS="2261" VPOS="2063" WIDTH="32"/>
						<String ID="P3_ST01700" HPOS="2293" VPOS="2039" WIDTH="43" HEIGHT="24" CONTENT="the" WC="0.95" CC="111"/>
						<SP ID="P3_SP01398" HPOS="2336" VPOS="2063" WIDTH="33"/>
						<String ID="P3_ST01701" HPOS="2369" VPOS="2038" WIDTH="116" HEIGHT="24" CONTENT="lecterns." WC="0.96" CC="100100111"/>
					</TextLine>
					<TextLine ID="P3_TL00275" HPOS="1951" VPOS="2080" WIDTH="537" HEIGHT="32">
						<String ID="P3_ST01702" HPOS="1951" VPOS="2080" WIDTH="81" HEIGHT="26" CONTENT="Those" WC="0.85" CC="11510"/>
						<SP ID="P3_SP01399" HPOS="2032" VPOS="2106" WIDTH="12"/>
						<String ID="P3_ST01703" HPOS="2044" VPOS="2090" WIDTH="41" HEIGHT="15" CONTENT="are" WC="0.96" CC="011"/>
						<SP ID="P3_SP01400" HPOS="2085" VPOS="2106" WIDTH="11"/>
						<String ID="P3_ST01704" HPOS="2096" VPOS="2081" WIDTH="44" HEIGHT="25" CONTENT="the" WC="0.95" CC="110"/>
						<SP ID="P3_SP01401" HPOS="2140" VPOS="2106" WIDTH="11"/>
						<String ID="P3_ST01705" HPOS="2151" VPOS="2081" WIDTH="117" HEIGHT="31" CONTENT="proceeds" WC="0.94" CC="11000211"/>
						<SP ID="P3_SP01402" HPOS="2268" VPOS="2112" WIDTH="13"/>
						<String ID="P3_ST01706" HPOS="2281" VPOS="2081" WIDTH="26" HEIGHT="25" CONTENT="Gf" WC="0.94" CC="11"/>
						<SP ID="P3_SP01403" HPOS="2307" VPOS="2112" WIDTH="22"/>
						<String ID="P3_ST01707" HPOS="2329" VPOS="2081" WIDTH="42" HEIGHT="25" CONTENT="the" WC="0.95" CC="110"/>
						<SP ID="P3_SP01404" HPOS="2371" VPOS="2112" WIDTH="25"/>
						<String ID="P3_ST01708" HPOS="2396" VPOS="2081" WIDTH="92" HEIGHT="26" CONTENT="Sacred" WC="0.94" CC="210101"/>
					</TextLine>
					<TextLine ID="P3_TL00276" HPOS="1952" VPOS="2125" WIDTH="535" HEIGHT="25">
						<String ID="P3_ST01709" HPOS="1952" VPOS="2125" WIDTH="105" HEIGHT="25" CONTENT="Concert" WC="0.95" CC="1011012"/>
						<SP ID="P3_SP01405" HPOS="2057" VPOS="2150" WIDTH="11"/>
						<String ID="P3_ST01710" HPOS="2068" VPOS="2125" WIDTH="59" HEIGHT="24" CONTENT="held" WC="0.93" CC="2001"/>
						<SP ID="P3_SP01406" HPOS="2127" VPOS="2150" WIDTH="13"/>
						<String ID="P3_ST01711" HPOS="2140" VPOS="2133" WIDTH="67" HEIGHT="16" CONTENT="some" WC="0.91" CC="1013"/>
						<SP ID="P3_SP01407" HPOS="2207" VPOS="2150" WIDTH="13"/>
						<String ID="P3_ST01712" HPOS="2220" VPOS="2126" WIDTH="61" HEIGHT="24" CONTENT="time" WC="0.95" CC="0020"/>
						<SP ID="P3_SP01408" HPOS="2281" VPOS="2150" WIDTH="24"/>
						<String ID="P3_ST01713" HPOS="2305" VPOS="2126" WIDTH="67" HEIGHT="24" CONTENT="since" WC="0.97" CC="10101"/>
						<SP ID="P3_SP01409" HPOS="2372" VPOS="2150" WIDTH="22"/>
						<String ID="P3_ST01714" HPOS="2394" VPOS="2126" WIDTH="27" HEIGHT="23" CONTENT="m" WC="1.00" CC="0"/>
						<SP ID="P3_SP01410" HPOS="2421" VPOS="2150" WIDTH="24"/>
						<String ID="P3_ST01715" HPOS="2445" VPOS="2125" WIDTH="42" HEIGHT="24" CONTENT="the" WC="0.90" CC="111"/>
					</TextLine>
					<TextLine ID="P3_TL00277" HPOS="1952" VPOS="2168" WIDTH="534" HEIGHT="25">
						<String ID="P3_ST01716" HPOS="1952" VPOS="2168" WIDTH="70" HEIGHT="24" CONTENT="West" WC="0.94" CC="2010"/>
						<SP ID="P3_SP01411" HPOS="2022" VPOS="2192" WIDTH="13"/>
						<String ID="P3_ST01717" HPOS="2035" VPOS="2168" WIDTH="92" HEIGHT="24" CONTENT="Oxford" WC="0.96" CC="020001"/>
						<SP ID="P3_SP01412" HPOS="2127" VPOS="2192" WIDTH="12"/>
						<String ID="P3_ST01718" HPOS="2139" VPOS="2168" WIDTH="61" HEIGHT="25" CONTENT="Hall" WC="0.99" CC="1000"/>
						<SP ID="P3_SP01413" HPOS="2200" VPOS="2193" WIDTH="19"/>
						<String ID="P3_ST01719" HPOS="2219" VPOS="2168" WIDTH="49" HEIGHT="24" CONTENT="and" WC="0.96" CC="111"/>
						<SP ID="P3_SP01414" HPOS="2268" VPOS="2193" WIDTH="23"/>
						<String ID="P3_ST01720" HPOS="2291" VPOS="2169" WIDTH="28" HEIGHT="23" CONTENT="of" WC="0.96" CC="01"/>
						<SP ID="P3_SP01415" HPOS="2319" VPOS="2193" WIDTH="19"/>
						<String ID="P3_ST01721" HPOS="2338" VPOS="2168" WIDTH="82" HEIGHT="25" CONTENT="which" WC="0.80" CC="91000"/>
						<SP ID="P3_SP01416" HPOS="2420" VPOS="2193" WIDTH="24"/>
						<String ID="P3_ST01722" HPOS="2444" VPOS="2168" WIDTH="42" HEIGHT="25" CONTENT="the" WC="0.95" CC="111"/>
					</TextLine>
					<TextLine ID="P3_TL00278" HPOS="1950" VPOS="2211" WIDTH="535" HEIGHT="33">
						<String ID="P3_ST01723" HPOS="1950" VPOS="2213" WIDTH="56" HEIGHT="24" CONTENT="nett" WC="0.89" CC="1211"/>
						<SP ID="P3_SP01417" HPOS="2006" VPOS="2237" WIDTH="12"/>
						<String ID="P3_ST01724" HPOS="2018" VPOS="2213" WIDTH="105" HEIGHT="31" CONTENT="receipts" WC="0.94" CC="11011121"/>
						<SP ID="P3_SP01418" HPOS="2123" VPOS="2244" WIDTH="11"/>
						<String ID="P3_ST01725" HPOS="2134" VPOS="2221" WIDTH="63" HEIGHT="16" CONTENT="were" WC="0.86" CC="4110"/>
						<SP ID="P3_SP01419" HPOS="2197" VPOS="2244" WIDTH="13"/>
						<String ID="P3_ST01726" HPOS="2210" VPOS="2213" WIDTH="34" HEIGHT="24" CONTENT="£2" WC="0.69" CC="51"/>
						<SP ID="P3_SP01420" HPOS="2244" VPOS="2244" WIDTH="19"/>
						<String ID="P3_ST01727" HPOS="2263" VPOS="2213" WIDTH="45" HEIGHT="24" CONTENT="15s" WC="0.94" CC="021"/>
						<SP ID="P3_SP01421" HPOS="2308" VPOS="2244" WIDTH="20"/>
						<String ID="P3_ST01728" HPOS="2328" VPOS="2212" WIDTH="38" HEIGHT="29" CONTENT="Gd," WC="0.91" CC="111"/>
						<SP ID="P3_SP01422" HPOS="2366" VPOS="2244" WIDTH="14"/>
						<String ID="P3_ST01729" HPOS="2380" VPOS="2211" WIDTH="50" HEIGHT="26" CONTENT="and" WC="0.95" CC="101"/>
						<SP ID="P3_SP01423" HPOS="2430" VPOS="2244" WIDTH="13"/>
						<String ID="P3_ST01730" HPOS="2443" VPOS="2211" WIDTH="42" HEIGHT="26" CONTENT="the" WC="0.93" CC="111"/>
					</TextLine>
					<TextLine ID="P3_TL00279" HPOS="1950" VPOS="2257" WIDTH="536" HEIGHT="31">
						<String ID="P3_ST01731" HPOS="1950" VPOS="2258" WIDTH="53" HEIGHT="23" CONTENT="cost" WC="0.93" CC="0021"/>
						<SP ID="P3_SP01424" HPOS="2003" VPOS="2281" WIDTH="13"/>
						<String ID="P3_ST01732" HPOS="2016" VPOS="2257" WIDTH="26" HEIGHT="24" CONTENT="of" WC="0.94" CC="01"/>
						<SP ID="P3_SP01425" HPOS="2042" VPOS="2281" WIDTH="11"/>
						<String ID="P3_ST01733" HPOS="2053" VPOS="2257" WIDTH="76" HEIGHT="27" CONTENT="cloth," WC="0.96" CC="000111"/>
						<SP ID="P3_SP01426" HPOS="2129" VPOS="2284" WIDTH="14"/>
						<String ID="P3_ST01734" HPOS="2143" VPOS="2258" WIDTH="83" HEIGHT="30" CONTENT="carpet" WC="0.93" CC="011112"/>
						<SP ID="P3_SP01427" HPOS="2226" VPOS="2288" WIDTH="13"/>
						<String ID="P3_ST01735" HPOS="2239" VPOS="2258" WIDTH="50" HEIGHT="28" CONTENT="&amp;c," WC="0.88" CC="212"/>
						<SP ID="P3_SP01428" HPOS="2289" VPOS="2288" WIDTH="14"/>
						<String ID="P3_ST01736" HPOS="2303" VPOS="2257" WIDTH="134" HEIGHT="24" CONTENT="amounted" WC="0.95" CC="11010101"/>
						<SP ID="P3_SP01429" HPOS="2437" VPOS="2288" WIDTH="24"/>
						<String ID="P3_ST01737" HPOS="2461" VPOS="2258" WIDTH="25" HEIGHT="22" CONTENT="to" WC="0.96" CC="10"/>
					</TextLine>
					<TextLine ID="P3_TL00280" HPOS="1950" VPOS="2298" WIDTH="535" HEIGHT="26">
						<String ID="P3_ST01738" HPOS="1950" VPOS="2298" WIDTH="76" HEIGHT="26" CONTENT="about" WC="0.89" CC="11022"/>
						<SP ID="P3_SP01430" HPOS="2026" VPOS="2324" WIDTH="12"/>
						<String ID="P3_ST01739" HPOS="2038" VPOS="2299" WIDTH="43" HEIGHT="24" CONTENT="the" WC="0.96" CC="011"/>
						<SP ID="P3_SP01431" HPOS="2081" VPOS="2324" WIDTH="13"/>
						<String ID="P3_ST01740" HPOS="2094" VPOS="2307" WIDTH="76" HEIGHT="17" CONTENT="same." WC="0.95" CC="11111"/>
						<SP ID="P3_SP01432" HPOS="2170" VPOS="2324" WIDTH="36"/>
						<String ID="P3_ST01741" HPOS="2206" VPOS="2299" WIDTH="54" HEIGHT="24" CONTENT="The" WC="0.96" CC="010"/>
						<SP ID="P3_SP01433" HPOS="2260" VPOS="2324" WIDTH="12"/>
						<String ID="P3_ST01742" HPOS="2272" VPOS="2299" WIDTH="69" HEIGHT="25" CONTENT="choir" WC="0.97" CC="11001"/>
						<SP ID="P3_SP01434" HPOS="2341" VPOS="2324" WIDTH="13"/>
						<String ID="P3_ST01743" HPOS="2354" VPOS="2299" WIDTH="57" HEIGHT="25" CONTENT="take" WC="0.92" CC="1111"/>
						<SP ID="P3_SP01435" HPOS="2411" VPOS="2324" WIDTH="23"/>
						<String ID="P3_ST01744" HPOS="2434" VPOS="2300" WIDTH="51" HEIGHT="24" CONTENT="this" WC="0.94" CC="1102"/>
					</TextLine>
					<TextLine ID="P3_TL00281" HPOS="1948" VPOS="2342" WIDTH="538" HEIGHT="32">
						<String ID="P3_ST01745" HPOS="1948" VPOS="2343" WIDTH="162" HEIGHT="31" CONTENT="opportunity" WC="0.96" CC="01101011002"/>
						<SP ID="P3_SP01436" HPOS="2110" VPOS="2374" WIDTH="12"/>
						<String ID="P3_ST01746" HPOS="2122" VPOS="2344" WIDTH="26" HEIGHT="24" CONTENT="of" WC="1.00" CC="00"/>
						<SP ID="P3_SP01437" HPOS="2148" VPOS="2374" WIDTH="10"/>
						<String ID="P3_ST01747" HPOS="2158" VPOS="2343" WIDTH="124" HEIGHT="31" CONTENT="thanking" WC="0.88" CC="11121041"/>
						<SP ID="P3_SP01438" HPOS="2282" VPOS="2374" WIDTH="12"/>
						<String ID="P3_ST01748" HPOS="2294" VPOS="2343" WIDTH="34" HEIGHT="24" CONTENT="all" WC="0.95" CC="110"/>
						<SP ID="P3_SP01439" HPOS="2328" VPOS="2374" WIDTH="11"/>
						<String ID="P3_ST01749" HPOS="2339" VPOS="2343" WIDTH="71" HEIGHT="25" CONTENT="those" WC="0.93" CC="01011"/>
						<SP ID="P3_SP01440" HPOS="2410" VPOS="2374" WIDTH="19"/>
						<String ID="P3_ST01750" HPOS="2429" VPOS="2342" WIDTH="57" HEIGHT="26" CONTENT="who" WC="0.94" CC="210"/>
					</TextLine>
					<TextLine ID="P3_TL00282" HPOS="1948" VPOS="2385" WIDTH="537" HEIGHT="32">
						<String ID="P3_ST01751" HPOS="1948" VPOS="2394" WIDTH="27" HEIGHT="17" CONTENT="so" WC="0.98" CC="10"/>
						<SP ID="P3_SP01441" HPOS="1975" VPOS="2411" WIDTH="14"/>
						<String ID="P3_ST01752" HPOS="1989" VPOS="2385" WIDTH="85" HEIGHT="32" CONTENT="kindly" WC="0.94" CC="100202"/>
						<SP ID="P3_SP01442" HPOS="2074" VPOS="2417" WIDTH="13"/>
						<String ID="P3_ST01753" HPOS="2087" VPOS="2385" WIDTH="89" HEIGHT="32" CONTENT="helped" WC="0.96" CC="111101"/>
						<SP ID="P3_SP01443" HPOS="2176" VPOS="2417" WIDTH="12"/>
						<String ID="P3_ST01754" HPOS="2188" VPOS="2394" WIDTH="32" HEIGHT="16" CONTENT="on" WC="0.94" CC="01"/>
						<SP ID="P3_SP01444" HPOS="2220" VPOS="2417" WIDTH="13"/>
						<String ID="P3_ST01755" HPOS="2233" VPOS="2386" WIDTH="56" HEIGHT="24" CONTENT="that" WC="0.98" CC="0001"/>
						<SP ID="P3_SP01445" HPOS="2289" VPOS="2417" WIDTH="12"/>
						<String ID="P3_ST01756" HPOS="2301" VPOS="2386" WIDTH="121" HEIGHT="28" CONTENT="occasion," WC="0.84" CC="011131091"/>
						<SP ID="P3_SP01446" HPOS="2422" VPOS="2417" WIDTH="14"/>
						<String ID="P3_ST01757" HPOS="2436" VPOS="2386" WIDTH="49" HEIGHT="24" CONTENT="and" WC="0.90" CC="121"/>
					</TextLine>
					<TextLine ID="P3_TL00283" HPOS="1947" VPOS="2429" WIDTH="539" HEIGHT="31">
						<String ID="P3_ST01758" HPOS="1947" VPOS="2431" WIDTH="65" HEIGHT="23" CONTENT="trust" WC="0.93" CC="11111"/>
						<SP ID="P3_SP01447" HPOS="2012" VPOS="2454" WIDTH="13"/>
						<String ID="P3_ST01759" HPOS="2025" VPOS="2429" WIDTH="55" HEIGHT="24" CONTENT="that" WC="0.95" CC="1101"/>
						<SP ID="P3_SP01448" HPOS="2080" VPOS="2454" WIDTH="13"/>
						<String ID="P3_ST01760" HPOS="2093" VPOS="2430" WIDTH="59" HEIGHT="30" CONTENT="they" WC="0.94" CC="0102"/>
						<SP ID="P3_SP01449" HPOS="2152" VPOS="2460" WIDTH="12"/>
						<String ID="P3_ST01761" HPOS="2164" VPOS="2429" WIDTH="50" HEIGHT="26" CONTENT="will" WC="0.93" CC="1111"/>
						<SP ID="P3_SP01450" HPOS="2214" VPOS="2460" WIDTH="12"/>
						<String ID="P3_ST01762" HPOS="2226" VPOS="2429" WIDTH="31" HEIGHT="24" CONTENT="be" WC="0.98" CC="01"/>
						<SP ID="P3_SP01451" HPOS="2257" VPOS="2460" WIDTH="23"/>
						<String ID="P3_ST01763" HPOS="2280" VPOS="2431" WIDTH="101" HEIGHT="29" CONTENT="present" WC="0.98" CC="1001011"/>
						<SP ID="P3_SP01452" HPOS="2381" VPOS="2460" WIDTH="13"/>
						<String ID="P3_ST01764" HPOS="2394" VPOS="2431" WIDTH="25" HEIGHT="23" CONTENT="at" WC="0.93" CC="02"/>
						<SP ID="P3_SP01453" HPOS="2419" VPOS="2460" WIDTH="23"/>
						<String ID="P3_ST01765" HPOS="2442" VPOS="2431" WIDTH="44" HEIGHT="23" CONTENT="the" WC="0.89" CC="220"/>
					</TextLine>
					<TextLine ID="P3_TL00284" HPOS="1946" VPOS="2472" WIDTH="540" HEIGHT="32">
						<String ID="P3_ST01766" HPOS="1946" VPOS="2472" WIDTH="91" HEIGHT="25" CONTENT="service" WC="0.97" CC="1011000"/>
						<SP ID="P3_SP01454" HPOS="2037" VPOS="2497" WIDTH="12"/>
						<String ID="P3_ST01767" HPOS="2049" VPOS="2472" WIDTH="70" HEIGHT="25" CONTENT="mSt" WC="0.94" CC="011"/>
						<SP ID="P3_SP01455" HPOS="2119" VPOS="2497" WIDTH="12"/>
						<String ID="P3_ST01768" HPOS="2131" VPOS="2472" WIDTH="92" HEIGHT="32" CONTENT="Mary's" WC="0.92" CC="111121"/>
						<SP ID="P3_SP01456" HPOS="2223" VPOS="2504" WIDTH="31"/>
						<String ID="P3_ST01769" HPOS="2254" VPOS="2472" WIDTH="101" HEIGHT="25" CONTENT="Church" WC="0.96" CC="110111"/>
						<SP ID="P3_SP01457" HPOS="2355" VPOS="2504" WIDTH="15"/>
						<String ID="P3_ST01770" HPOS="2370" VPOS="2480" WIDTH="31" HEIGHT="17" CONTENT="on" WC="0.96" CC="01"/>
						<SP ID="P3_SP01458" HPOS="2401" VPOS="2504" WIDTH="21"/>
						<String ID="P3_ST01771" HPOS="2422" VPOS="2472" WIDTH="64" HEIGHT="25" CONTENT="Sun" SUBS_TYPE="HypPart1" SUBS_CONTENT="Sunday" WC="0.79" CC="1215"/>
						<HYP CONTENT="-"/>
					</TextLine>
					<TextLine ID="P3_TL00285" HPOS="1945" VPOS="2516" WIDTH="539" HEIGHT="32">
						<String ID="P3_ST01772" HPOS="1945" VPOS="2517" WIDTH="47" HEIGHT="31" CONTENT="day" SUBS_TYPE="HypPart2" SUBS_CONTENT="Sunday" WC="0.94" CC="011"/>
						<SP ID="P3_SP01459" HPOS="1992" VPOS="2548" WIDTH="13"/>
						<String ID="P3_ST01773" HPOS="2005" VPOS="2517" WIDTH="105" HEIGHT="30" CONTENT="evening" WC="0.92" CC="0111113"/>
						<SP ID="P3_SP01460" HPOS="2110" VPOS="2548" WIDTH="11"/>
						<String ID="P3_ST01774" HPOS="2121" VPOS="2518" WIDTH="61" HEIGHT="23" CONTENT="next" WC="0.93" CC="1121"/>
						<SP ID="P3_SP01461" HPOS="2182" VPOS="2548" WIDTH="12"/>
						<String ID="P3_ST01775" HPOS="2194" VPOS="2516" WIDTH="73" HEIGHT="24" CONTENT="when" WC="0.95" CC="1011"/>
						<SP ID="P3_SP01462" HPOS="2267" VPOS="2548" WIDTH="13"/>
						<String ID="P3_ST01776" HPOS="2280" VPOS="2516" WIDTH="57" HEIGHT="31" CONTENT="they" WC="0.78" CC="1144"/>
						<SP ID="P3_SP01463" HPOS="2337" VPOS="2548" WIDTH="22"/>
						<String ID="P3_ST01777" HPOS="2359" VPOS="2516" WIDTH="52" HEIGHT="24" CONTENT="will" WC="0.96" CC="1110" STYLEREFS="TXT_10"/>
						<SP ID="P3_SP01464" HPOS="2411" VPOS="2548" WIDTH="10"/>
						<String ID="P3_ST01778" HPOS="2421" VPOS="2516" WIDTH="63" HEIGHT="24" CONTENT="hear" WC="0.95" CC="0021"/>
					</TextLine>
					<TextLine ID="P3_TL00286" HPOS="1947" VPOS="2559" WIDTH="539" HEIGHT="25">
						<String ID="P3_ST01779" HPOS="1947" VPOS="2559" WIDTH="42" HEIGHT="25" CONTENT="the" WC="0.99" CC="010"/>
						<SP ID="P3_SP01465" HPOS="1989" VPOS="2584" WIDTH="12"/>
						<String ID="P3_ST01780" HPOS="2001" VPOS="2560" WIDTH="110" HEIGHT="24" CONTENT="Harvest" WC="0.96" CC="1111010"/>
						<SP ID="P3_SP01466" HPOS="2111" VPOS="2584" WIDTH="13"/>
						<String ID="P3_ST01781" HPOS="2124" VPOS="2559" WIDTH="110" HEIGHT="25" CONTENT="Anthem" WC="0.96" CC="101110"/>
						<SP ID="P3_SP01467" HPOS="2234" VPOS="2584" WIDTH="20"/>
						<String ID="P3_ST01782" HPOS="2254" VPOS="2562" WIDTH="15" HEIGHT="11" CONTENT='"' WC="0.85" CC="2"/>
						<SP ID="P3_SP01468" HPOS="2269" VPOS="2584" WIDTH="10"/>
						<String ID="P3_ST01783" HPOS="2279" VPOS="2559" WIDTH="37" HEIGHT="25" CONTENT="Ye" WC="0.93" CC="02"/>
						<SP ID="P3_SP01469" HPOS="2316" VPOS="2584" WIDTH="13"/>
						<String ID="P3_ST01784" HPOS="2329" VPOS="2559" WIDTH="65" HEIGHT="24" CONTENT="shall" WC="0.97" CC="11101"/>
						<SP ID="P3_SP01470" HPOS="2394" VPOS="2584" WIDTH="21"/>
						<String ID="P3_ST01785" HPOS="2415" VPOS="2559" WIDTH="71" HEIGHT="25" CONTENT="dwell" WC="0.92" CC="12201"/>
					</TextLine>
					<TextLine ID="P3_TL00287" HPOS="1944" VPOS="2603" WIDTH="542" HEIGHT="25">
						<String ID="P3_ST01786" HPOS="1944" VPOS="2604" WIDTH="27" HEIGHT="24" CONTENT="m" WC="0.96" CC="0"/>
						<SP ID="P3_SP01471" HPOS="1971" VPOS="2628" WIDTH="14"/>
						<String ID="P3_ST01787" HPOS="1985" VPOS="2603" WIDTH="43" HEIGHT="25" CONTENT="the" WC="0.95" CC="110"/>
						<SP ID="P3_SP01472" HPOS="2028" VPOS="2628" WIDTH="10"/>
						<String ID="P3_ST01788" HPOS="2038" VPOS="2603" WIDTH="86" HEIGHT="25" CONTENT='land."' WC="0.96" CC="110111"/>
						<SP ID="P3_SP01473" HPOS="2124" VPOS="2628" WIDTH="36"/>
						<String ID="P3_ST01789" HPOS="2160" VPOS="2604" WIDTH="53" HEIGHT="23" CONTENT="The" WC="0.93" CC="111"/>
						<SP ID="P3_SP01474" HPOS="2213" VPOS="2628" WIDTH="22"/>
						<String ID="P3_ST01790" HPOS="2235" VPOS="2610" WIDTH="67" HEIGHT="18" CONTENT="same" WC="0.94" CC="1110"/>
						<SP ID="P3_SP01475" HPOS="2302" VPOS="2628" WIDTH="25"/>
						<String ID="P3_ST01791" HPOS="2327" VPOS="2603" WIDTH="115" HEIGHT="24" CONTENT="occasion" WC="0.98" CC="01001001"/>
						<SP ID="P3_SP01476" HPOS="2442" VPOS="2628" WIDTH="22"/>
						<String ID="P3_ST01792" HPOS="2464" VPOS="2603" WIDTH="22" HEIGHT="24" CONTENT="is" WC="0.98" CC="10"/>
					</TextLine>
					<TextLine ID="P3_TL00288" HPOS="1943" VPOS="2646" WIDTH="541" HEIGHT="26">
						<String ID="P3_ST01793" HPOS="1943" VPOS="2647" WIDTH="148" HEIGHT="25" CONTENT="announced" WC="0.86" CC="314021112"/>
						<SP ID="P3_SP01477" HPOS="2091" VPOS="2672" WIDTH="11"/>
						<String ID="P3_ST01794" HPOS="2102" VPOS="2655" WIDTH="28" HEIGHT="16" CONTENT="as" WC="0.89" CC="21"/>
						<SP ID="P3_SP01478" HPOS="2130" VPOS="2672" WIDTH="13"/>
						<String ID="P3_ST01795" HPOS="2143" VPOS="2648" WIDTH="56" HEIGHT="24" CONTENT="that" WC="0.93" CC="1121"/>
						<SP ID="P3_SP01479" HPOS="2199" VPOS="2672" WIDTH="12"/>
						<String ID="P3_ST01796" HPOS="2211" VPOS="2648" WIDTH="26" HEIGHT="24" CONTENT="of" WC="0.94" CC="11"/>
						<SP ID="P3_SP01480" HPOS="2237" VPOS="2672" WIDTH="11"/>
						<String ID="P3_ST01797" HPOS="2248" VPOS="2647" WIDTH="43" HEIGHT="25" CONTENT="the" WC="0.99" CC="010"/>
						<SP ID="P3_SP01481" HPOS="2291" VPOS="2672" WIDTH="12"/>
						<String ID="P3_ST01798" HPOS="2303" VPOS="2646" WIDTH="131" HEIGHT="26" CONTENT="collection" WC="0.95" CC="1010111201"/>
						<SP ID="P3_SP01482" HPOS="2434" VPOS="2672" WIDTH="13"/>
						<String ID="P3_ST01799" HPOS="2447" VPOS="2646" WIDTH="37" HEIGHT="25" CONTENT="for" WC="0.93" CC="102"/>
					</TextLine>
					<TextLine ID="P3_TL00289" HPOS="1946" VPOS="2690" WIDTH="538" HEIGHT="29">
						<String ID="P3_ST01800" HPOS="1946" VPOS="2691" WIDTH="119" HEIGHT="25" CONTENT="sufferers" WC="0.92" CC="113101111"/>
						<SP ID="P3_SP01483" HPOS="2065" VPOS="2716" WIDTH="9"/>
						<String ID="P3_ST01801" HPOS="2074" VPOS="2691" WIDTH="64" HEIGHT="25" CONTENT="from" WC="0.94" CC="1101"/>
						<SP ID="P3_SP01484" HPOS="2138" VPOS="2716" WIDTH="19"/>
						<String ID="P3_ST01802" HPOS="2157" VPOS="2691" WIDTH="43" HEIGHT="24" CONTENT="the" WC="0.93" CC="110"/>
						<SP ID="P3_SP01485" HPOS="2200" VPOS="2716" WIDTH="23"/>
						<String ID="P3_ST01803" HPOS="2223" VPOS="2691" WIDTH="78" HEIGHT="25" CONTENT="floods" WC="0.93" CC="220011"/>
						<SP ID="P3_SP01486" HPOS="2301" VPOS="2716" WIDTH="23"/>
						<String ID="P3_ST01804" HPOS="2324" VPOS="2691" WIDTH="26" HEIGHT="23" CONTENT="m" WC="0.96" CC="0"/>
						<SP ID="P3_SP01487" HPOS="2350" VPOS="2716" WIDTH="26"/>
						<String ID="P3_ST01805" HPOS="2376" VPOS="2690" WIDTH="108" HEIGHT="29" CONTENT="Queens" SUBS_TYPE="HypPart1" SUBS_CONTENT="Queensland." WC="0.93" CC="0211111"/>
						<HYP CONTENT="-"/>
					</TextLine>
					<TextLine ID="P3_TL00290" HPOS="1948" VPOS="2735" WIDTH="68" HEIGHT="24">
						<String ID="P3_ST01806" HPOS="1948" VPOS="2735" WIDTH="68" HEIGHT="24" CONTENT="land." SUBS_TYPE="HypPart2" SUBS_CONTENT="Queensland." WC="0.96" CC="01011"/>
					</TextLine>
					<TextLine ID="P3_TL00291" HPOS="1982" VPOS="2788" WIDTH="500" HEIGHT="32">
						<String ID="P3_ST01807" HPOS="1982" VPOS="2790" WIDTH="68" HEIGHT="23" CONTENT="Foot" WC="0.89" CC="4001"/>
						<SP ID="P3_SP01488" HPOS="2050" VPOS="2813" WIDTH="5"/>
						<String ID="P3_ST01808" HPOS="2055" VPOS="2798" WIDTH="68" HEIGHT="20" CONTENT="lull," WC="0.76" CC="14511"/>
						<String ID="P3_ST01809" HPOS="2126" VPOS="2804" WIDTH="31" HEIGHT="3" CONTENT="—" WC="1.00" CC="0"/>
						<String ID="P3_ST01810" HPOS="2161" VPOS="2791" WIDTH="19" HEIGHT="22" CONTENT="A" WC="0.78" CC="2"/>
						<SP ID="P3_SP01489" HPOS="2180" VPOS="2818" WIDTH="17"/>
						<String ID="P3_ST01811" HPOS="2197" VPOS="2789" WIDTH="107" HEIGHT="31" CONTENT="practice" WC="0.90" CC="32112001"/>
						<SP ID="P3_SP01490" HPOS="2304" VPOS="2820" WIDTH="13"/>
						<String ID="P3_ST01812" HPOS="2317" VPOS="2788" WIDTH="51" HEIGHT="26" CONTENT="will" WC="0.66" CC="9401"/>
						<SP ID="P3_SP01491" HPOS="2368" VPOS="2820" WIDTH="18"/>
						<String ID="P3_ST01813" HPOS="2386" VPOS="2788" WIDTH="29" HEIGHT="24" CONTENT="be" WC="0.98" CC="01"/>
						<SP ID="P3_SP01492" HPOS="2415" VPOS="2820" WIDTH="12"/>
						<String ID="P3_ST01814" HPOS="2427" VPOS="2788" WIDTH="55" HEIGHT="24" CONTENT="held" WC="0.68" CC="1912"/>
					</TextLine>
					<TextLine ID="P3_TL00292" HPOS="1947" VPOS="2832" WIDTH="502" HEIGHT="29">
						<String ID="P3_ST01815" HPOS="1947" VPOS="2833" WIDTH="27" HEIGHT="24" CONTENT="m" WC="0.94" CC="0"/>
						<SP ID="P3_SP01493" HPOS="1974" VPOS="2857" WIDTH="10"/>
						<String ID="P3_ST01816" HPOS="1984" VPOS="2832" WIDTH="43" HEIGHT="25" CONTENT="the" WC="0.99" CC="100"/>
						<SP ID="P3_SP01494" HPOS="2027" VPOS="2857" WIDTH="12"/>
						<String ID="P3_ST01817" HPOS="2039" VPOS="2832" WIDTH="65" HEIGHT="25" CONTENT="Park" WC="0.92" CC="2111"/>
						<SP ID="P3_SP01495" HPOS="2104" VPOS="2857" WIDTH="13"/>
						<String ID="P3_ST01818" HPOS="2117" VPOS="2832" WIDTH="51" HEIGHT="24" CONTENT="this" WC="0.94" CC="1102"/>
						<SP ID="P3_SP01496" HPOS="2168" VPOS="2857" WIDTH="8"/>
						<String ID="P3_ST01819" HPOS="2176" VPOS="2832" WIDTH="129" HEIGHT="24" CONTENT="afternoon" WC="0.87" CC="142112002"/>
						<SP ID="P3_SP01497" HPOS="2305" VPOS="2857" WIDTH="10"/>
						<String ID="P3_ST01820" HPOS="2315" VPOS="2833" WIDTH="26" HEIGHT="22" CONTENT="at" WC="0.93" CC="11"/>
						<SP ID="P3_SP01498" HPOS="2341" VPOS="2857" WIDTH="13"/>
						<String ID="P3_ST01821" HPOS="2354" VPOS="2833" WIDTH="14" HEIGHT="22" CONTENT="3" WC="0.96" CC="1"/>
						<SP ID="P3_SP01499" HPOS="2368" VPOS="2857" WIDTH="21"/>
						<String ID="P3_ST01822" HPOS="2389" VPOS="2839" WIDTH="60" HEIGHT="22" CONTENT="p.m." WC="0.93" CC="1110"/>
					</TextLine>
					<TextLine ID="P3_TL00293" HPOS="1981" VPOS="2885" WIDTH="503" HEIGHT="32">
						<String ID="P3_ST01823" HPOS="1981" VPOS="2886" WIDTH="96" HEIGHT="25" CONTENT="Belief" WC="0.80" CC="511114"/>
						<SP ID="P3_SP01500" HPOS="2077" VPOS="2911" WIDTH="12"/>
						<String ID="P3_ST01824" HPOS="2089" VPOS="2886" WIDTH="91" HEIGHT="25" CONTENT="Fusd.-" WC="0.81" CC="109110"/>
						<SP ID="P3_SP01501" HPOS="2180" VPOS="2911" WIDTH="12"/>
						<String ID="P3_ST01825" HPOS="2192" VPOS="2885" WIDTH="48" HEIGHT="25" CONTENT="-As" WC="0.97" CC="001"/>
						<SP ID="P3_SP01502" HPOS="2240" VPOS="2911" WIDTH="17"/>
						<String ID="P3_ST01826" HPOS="2257" VPOS="2893" WIDTH="48" HEIGHT="24" CONTENT="you" WC="0.95" CC="101"/>
						<SP ID="P3_SP01503" HPOS="2305" VPOS="2917" WIDTH="14"/>
						<String ID="P3_ST01827" HPOS="2319" VPOS="2893" WIDTH="40" HEIGHT="17" CONTENT="are" WC="0.85" CC="212"/>
						<SP ID="P3_SP01504" HPOS="2359" VPOS="2917" WIDTH="13"/>
						<String ID="P3_ST01828" HPOS="2372" VPOS="2885" WIDTH="32" HEIGHT="24" CONTENT="all" WC="0.91" CC="211"/>
						<SP ID="P3_SP01505" HPOS="2404" VPOS="2917" WIDTH="25"/>
						<String ID="P3_ST01829" HPOS="2429" VPOS="2885" WIDTH="55" HEIGHT="24" CONTENT="well" WC="0.69" CC="1920"/>
					</TextLine>
					<TextLine ID="P3_TL00294" HPOS="1948" VPOS="2928" WIDTH="536" HEIGHT="33">
						<String ID="P3_ST01830" HPOS="1948" VPOS="2939" WIDTH="79" HEIGHT="15" CONTENT="aware" WC="0.88" CC="31011"/>
						<SP ID="P3_SP01506" HPOS="2027" VPOS="2954" WIDTH="13"/>
						<String ID="P3_ST01831" HPOS="2040" VPOS="2930" WIDTH="26" HEIGHT="24" CONTENT="of" WC="0.94" CC="11"/>
						<SP ID="P3_SP01507" HPOS="2066" VPOS="2954" WIDTH="8"/>
						<String ID="P3_ST01832" HPOS="2074" VPOS="2930" WIDTH="41" HEIGHT="24" CONTENT="the" WC="0.96" CC="011"/>
						<SP ID="P3_SP01508" HPOS="2115" VPOS="2954" WIDTH="11"/>
						<String ID="P3_ST01833" HPOS="2126" VPOS="2932" WIDTH="69" HEIGHT="29" CONTENT="great" WC="0.81" CC="12511"/>
						<SP ID="P3_SP01509" HPOS="2195" VPOS="2961" WIDTH="9"/>
						<String ID="P3_ST01834" HPOS="2204" VPOS="2929" WIDTH="102" HEIGHT="24" CONTENT="distress" WC="0.83" CC="14211231"/>
						<SP ID="P3_SP01510" HPOS="2306" VPOS="2961" WIDTH="8"/>
						<String ID="P3_ST01835" HPOS="2314" VPOS="2929" WIDTH="55" HEIGHT="23" CONTENT="that" WC="0.91" CC="1111"/>
						<SP ID="P3_SP01511" HPOS="2369" VPOS="2961" WIDTH="10"/>
						<String ID="P3_ST01836" HPOS="2379" VPOS="2928" WIDTH="105" HEIGHT="31" CONTENT="prevails" WC="0.78" CC="11111039"/>
					</TextLine>
					<TextLine ID="P3_TL00295" HPOS="1947" VPOS="2972" WIDTH="537" HEIGHT="31">
						<String ID="P3_ST01837" HPOS="1947" VPOS="2973" WIDTH="27" HEIGHT="24" CONTENT="m" WC="0.98" CC="0"/>
						<SP ID="P3_SP01512" HPOS="1974" VPOS="2997" WIDTH="13"/>
						<String ID="P3_ST01838" HPOS="1987" VPOS="2973" WIDTH="160" HEIGHT="29" CONTENT="Queensland" WC="0.92" CC="1111121111"/>
						<SP ID="P3_SP01513" HPOS="2147" VPOS="3002" WIDTH="29"/>
						<String ID="P3_ST01839" HPOS="2176" VPOS="2975" WIDTH="26" HEIGHT="21" CONTENT="at" WC="0.94" CC="11"/>
						<SP ID="P3_SP01514" HPOS="2202" VPOS="3002" WIDTH="29"/>
						<String ID="P3_ST01840" HPOS="2231" VPOS="2973" WIDTH="42" HEIGHT="23" CONTENT="the" WC="0.93" CC="111"/>
						<SP ID="P3_SP01515" HPOS="2273" VPOS="3002" WIDTH="28"/>
						<String ID="P3_ST01841" HPOS="2301" VPOS="2974" WIDTH="101" HEIGHT="29" CONTENT="present" WC="0.80" CC="2151232"/>
						<SP ID="P3_SP01516" HPOS="2402" VPOS="3003" WIDTH="23"/>
						<String ID="P3_ST01842" HPOS="2425" VPOS="2972" WIDTH="59" HEIGHT="23" CONTENT="timo" WC="0.93" CC="1012"/>
					</TextLine>
					<TextLine ID="P3_TL00296" HPOS="1947" VPOS="3015" WIDTH="537" HEIGHT="32">
						<String ID="P3_ST01843" HPOS="1947" VPOS="3016" WIDTH="111" HEIGHT="31" CONTENT="through" WC="0.94" CC="1000311"/>
						<SP ID="P3_SP01517" HPOS="2058" VPOS="3047" WIDTH="12"/>
						<String ID="P3_ST01844" HPOS="2070" VPOS="3016" WIDTH="43" HEIGHT="24" CONTENT="the" WC="0.90" CC="112"/>
						<SP ID="P3_SP01518" HPOS="2113" VPOS="3047" WIDTH="28"/>
						<String ID="P3_ST01845" HPOS="2141" VPOS="3018" WIDTH="86" HEIGHT="22" CONTENT="recent" WC="0.94" CC="111110"/>
						<SP ID="P3_SP01519" HPOS="2227" VPOS="3047" WIDTH="20"/>
						<String ID="P3_ST01846" HPOS="2247" VPOS="3015" WIDTH="85" HEIGHT="28" CONTENT="floods," WC="0.86" CC="3000241"/>
						<SP ID="P3_SP01520" HPOS="2332" VPOS="3047" WIDTH="15"/>
						<String ID="P3_ST01847" HPOS="2347" VPOS="3015" WIDTH="41" HEIGHT="24" CONTENT="tho" WC="0.94" CC="011"/>
						<SP ID="P3_SP01521" HPOS="2388" VPOS="3047" WIDTH="26"/>
						<String ID="P3_ST01848" HPOS="2414" VPOS="3015" WIDTH="70" HEIGHT="24" CONTENT="Com" SUBS_TYPE="HypPart1" SUBS_CONTENT="Committee" WC="0.95" CC="1011"/>
						<HYP CONTENT="-"/>
					</TextLine>
					<TextLine ID="P3_TL00297" HPOS="1948" VPOS="3059" WIDTH="538" HEIGHT="31">
						<String ID="P3_ST01849" HPOS="1948" VPOS="3060" WIDTH="87" HEIGHT="25" CONTENT="mittee" SUBS_TYPE="HypPart2" SUBS_CONTENT="Committee" WC="0.94" CC="210101"/>
						<SP ID="P3_SP01522" HPOS="2035" VPOS="3085" WIDTH="10"/>
						<String ID="P3_ST01850" HPOS="2045" VPOS="3060" WIDTH="25" HEIGHT="25" CONTENT="of" WC="0.93" CC="02"/>
						<SP ID="P3_SP01523" HPOS="2070" VPOS="3085" WIDTH="12"/>
						<String ID="P3_ST01851" HPOS="2082" VPOS="3060" WIDTH="42" HEIGHT="25" CONTENT="the" WC="0.95" CC="110"/>
						<SP ID="P3_SP01524" HPOS="2124" VPOS="3085" WIDTH="14"/>
						<String ID="P3_ST01852" HPOS="2138" VPOS="3059" WIDTH="120" HEIGHT="31" CONTENT='"Working' WC="0.89" CC="41021111"/>
						<SP ID="P3_SP01525" HPOS="2258" VPOS="3090" WIDTH="11"/>
						<String ID="P3_ST01853" HPOS="2269" VPOS="3059" WIDTH="72" HEIGHT="24" CONTENT="Mens" WC="0.80" CC="0612"/>
						<SP ID="P3_SP01526" HPOS="2341" VPOS="3090" WIDTH="9"/>
						<String ID="P3_ST01854" HPOS="2350" VPOS="3059" WIDTH="63" HEIGHT="24" CONTENT="Club" WC="0.97" CC="0111"/>
						<SP ID="P3_SP01527" HPOS="2413" VPOS="3090" WIDTH="10"/>
						<String ID="P3_ST01855" HPOS="2423" VPOS="3059" WIDTH="63" HEIGHT="23" CONTENT="have" WC="0.86" CC="1203"/>
					</TextLine>
					<TextLine ID="P3_TL00298" HPOS="1952" VPOS="3102" WIDTH="532" HEIGHT="31">
						<String ID="P3_ST01856" HPOS="1952" VPOS="3104" WIDTH="155" HEIGHT="24" CONTENT="determined" WC="0.96" CC="1011011110"/>
						<SP ID="P3_SP01528" HPOS="2107" VPOS="3128" WIDTH="12"/>
						<String ID="P3_ST01857" HPOS="2119" VPOS="3105" WIDTH="26" HEIGHT="23" CONTENT="to" WC="1.00" CC="00"/>
						<SP ID="P3_SP01529" HPOS="2145" VPOS="3128" WIDTH="22"/>
						<String ID="P3_ST01858" HPOS="2167" VPOS="3111" WIDTH="64" HEIGHT="22" CONTENT="open" WC="0.97" CC="0110"/>
						<SP ID="P3_SP01530" HPOS="2231" VPOS="3133" WIDTH="29"/>
						<String ID="P3_ST01859" HPOS="2260" VPOS="3111" WIDTH="15" HEIGHT="15" CONTENT="a" WC="0.96" CC="1"/>
						<SP ID="P3_SP01531" HPOS="2275" VPOS="3133" WIDTH="25"/>
						<String ID="P3_ST01860" HPOS="2300" VPOS="3102" WIDTH="81" HEIGHT="24" CONTENT="Belief" WC="0.87" CC="410112"/>
						<SP ID="P3_SP01532" HPOS="2381" VPOS="3133" WIDTH="23"/>
						<String ID="P3_ST01861" HPOS="2404" VPOS="3102" WIDTH="80" HEIGHT="24" CONTENT="Fund." WC="0.86" CC="11411"/>
					</TextLine>
					<TextLine ID="P3_TL00299" HPOS="1948" VPOS="3145" WIDTH="538" HEIGHT="32">
						<String ID="P3_ST01862" HPOS="1948" VPOS="3147" WIDTH="143" HEIGHT="25" CONTENT="Donations" WC="0.94" CC="100100013"/>
						<SP ID="P3_SP01533" HPOS="2091" VPOS="3172" WIDTH="24"/>
						<String ID="P3_ST01863" HPOS="2115" VPOS="3147" WIDTH="80" HEIGHT="25" CONTENT="either" WC="0.96" CC="101100"/>
						<SP ID="P3_SP01534" HPOS="2195" VPOS="3172" WIDTH="19"/>
						<String ID="P3_ST01864" HPOS="2214" VPOS="3146" WIDTH="28" HEIGHT="24" CONTENT="m" WC="0.98" CC="1"/>
						<SP ID="P3_SP01535" HPOS="2242" VPOS="3172" WIDTH="19"/>
						<String ID="P3_ST01865" HPOS="2261" VPOS="3154" WIDTH="91" HEIGHT="23" CONTENT="money" WC="0.95" CC="20100"/>
						<SP ID="P3_SP01536" HPOS="2352" VPOS="3177" WIDTH="24"/>
						<String ID="P3_ST01866" HPOS="2376" VPOS="3154" WIDTH="27" HEIGHT="16" CONTENT="or" WC="0.98" CC="01"/>
						<SP ID="P3_SP01537" HPOS="2403" VPOS="3177" WIDTH="23"/>
						<String ID="P3_ST01867" HPOS="2426" VPOS="3145" WIDTH="60" HEIGHT="24" CONTENT="kind" WC="0.93" CC="1111"/>
					</TextLine>
					<TextLine ID="P3_TL00300" HPOS="1948" VPOS="3189" WIDTH="536" HEIGHT="31">
						<String ID="P3_ST01868" HPOS="1948" VPOS="3190" WIDTH="52" HEIGHT="25" CONTENT="will" WC="0.97" CC="1010"/>
						<SP ID="P3_SP01538" HPOS="2000" VPOS="3215" WIDTH="17"/>
						<String ID="P3_ST01869" HPOS="2017" VPOS="3191" WIDTH="30" HEIGHT="24" CONTENT="be" WC="1.00" CC="00"/>
						<SP ID="P3_SP01539" HPOS="2047" VPOS="3215" WIDTH="29"/>
						<String ID="P3_ST01870" HPOS="2076" VPOS="3190" WIDTH="145" HEIGHT="30" CONTENT="thankfuljy" WC="0.93" CC="0111111121"/>
						<SP ID="P3_SP01540" HPOS="2221" VPOS="3220" WIDTH="28"/>
						<String ID="P3_ST01871" HPOS="2249" VPOS="3189" WIDTH="110" HEIGHT="25" CONTENT="received" WC="0.94" CC="10011121"/>
						<SP ID="P3_SP01541" HPOS="2359" VPOS="3220" WIDTH="29"/>
						<String ID="P3_ST01872" HPOS="2388" VPOS="3189" WIDTH="30" HEIGHT="31" CONTENT="by" WC="0.98" CC="10"/>
						<SP ID="P3_SP01542" HPOS="2418" VPOS="3220" WIDTH="24"/>
						<String ID="P3_ST01873" HPOS="2442" VPOS="3189" WIDTH="42" HEIGHT="24" CONTENT="the" WC="0.99" CC="010"/>
					</TextLine>
					<TextLine ID="P3_TL00301" HPOS="1950" VPOS="3231" WIDTH="536" HEIGHT="30">
						<String ID="P3_ST01874" HPOS="1950" VPOS="3234" WIDTH="138" HEIGHT="27" CONTENT="custodian," WC="0.93" CC="1002011211"/>
						<SP ID="P3_SP01543" HPOS="2088" VPOS="3261" WIDTH="25"/>
						<String ID="P3_ST01875" HPOS="2113" VPOS="3234" WIDTH="50" HEIGHT="23" CONTENT="and" WC="0.96" CC="110"/>
						<SP ID="P3_SP01544" HPOS="2163" VPOS="3261" WIDTH="19"/>
						<String ID="P3_ST01876" HPOS="2182" VPOS="3241" WIDTH="34" HEIGHT="16" CONTENT="no" WC="0.98" CC="10"/>
						<SP ID="P3_SP01545" HPOS="2216" VPOS="3261" WIDTH="23"/>
						<String ID="P3_ST01877" HPOS="2239" VPOS="3233" WIDTH="120" HEIGHT="24" CONTENT="donation" WC="0.95" CC="10111101"/>
						<SP ID="P3_SP01546" HPOS="2359" VPOS="3261" WIDTH="23"/>
						<String ID="P3_ST01878" HPOS="2382" VPOS="3232" WIDTH="51" HEIGHT="25" CONTENT="will" WC="0.96" CC="1100"/>
						<SP ID="P3_SP01547" HPOS="2433" VPOS="3261" WIDTH="23"/>
						<String ID="P3_ST01879" HPOS="2456" VPOS="3231" WIDTH="30" HEIGHT="24" CONTENT="be?" WC="0.80" CC="024"/>
					</TextLine>
					<TextLine ID="P3_TL00302" HPOS="1950" VPOS="3275" WIDTH="533" HEIGHT="27">
						<String ID="P3_ST01880" HPOS="1950" VPOS="3278" WIDTH="144" HEIGHT="24" CONTENT="considered" WC="0.97" CC="0011011110"/>
						<SP ID="P3_SP01548" HPOS="2094" VPOS="3302" WIDTH="24"/>
						<String ID="P3_ST01881" HPOS="2118" VPOS="3279" WIDTH="48" HEIGHT="23" CONTENT="two" WC="0.79" CC="160"/>
						<SP ID="P3_SP01549" HPOS="2166" VPOS="3302" WIDTH="28"/>
						<String ID="P3_ST01882" HPOS="2194" VPOS="3277" WIDTH="81" HEIGHT="24" CONTENT="small." WC="0.94" CC="013000"/>
						<SP ID="P3_SP01550" HPOS="2275" VPOS="3302" WIDTH="36"/>
						<String ID="P3_ST01883" HPOS="2311" VPOS="3277" WIDTH="25" HEIGHT="23" CONTENT="It" WC="1.00" CC="00"/>
						<SP ID="P3_SP01551" HPOS="2336" VPOS="3302" WIDTH="16"/>
						<String ID="P3_ST01884" HPOS="2352" VPOS="3276" WIDTH="22" HEIGHT="24" CONTENT="is" WC="0.94" CC="01"/>
						<SP ID="P3_SP01552" HPOS="2374" VPOS="3302" WIDTH="35"/>
						<String ID="P3_ST01885" HPOS="2409" VPOS="3275" WIDTH="74" HEIGHT="24" CONTENT="confi" SUBS_TYPE="HypPart1" SUBS_CONTENT="confidently" WC="0.93" CC="011220"/>
						<HYP CONTENT="-"/>
					</TextLine>
					<TextLine ID="P3_TL00303" HPOS="1950" VPOS="3318" WIDTH="535" HEIGHT="34">
						<String ID="P3_ST01886" HPOS="1950" VPOS="3320" WIDTH="85" HEIGHT="32" CONTENT="dently" SUBS_TYPE="HypPart2" SUBS_CONTENT="confidently" WC="0.97" CC="100101"/>
						<SP ID="P3_SP01553" HPOS="2035" VPOS="3352" WIDTH="18"/>
						<String ID="P3_ST01887" HPOS="2053" VPOS="3320" WIDTH="81" HEIGHT="31" CONTENT="hoped" WC="0.97" CC="10101"/>
						<SP ID="P3_SP01554" HPOS="2134" VPOS="3352" WIDTH="18"/>
						<String ID="P3_ST01888" HPOS="2152" VPOS="3320" WIDTH="56" HEIGHT="24" CONTENT="that" WC="0.97" CC="1100"/>
						<SP ID="P3_SP01555" HPOS="2208" VPOS="3352" WIDTH="13"/>
						<String ID="P3_ST01889" HPOS="2221" VPOS="3320" WIDTH="42" HEIGHT="24" CONTENT="the" WC="0.94" CC="101"/>
						<SP ID="P3_SP01556" HPOS="2263" VPOS="3352" WIDTH="30"/>
						<String ID="P3_ST01890" HPOS="2293" VPOS="3319" WIDTH="95" HEIGHT="24" CONTENT="human" WC="0.92" CC="10211"/>
						<SP ID="P3_SP01557" HPOS="2388" VPOS="3352" WIDTH="17"/>
						<String ID="P3_ST01891" HPOS="2405" VPOS="3318" WIDTH="80" HEIGHT="31" CONTENT="object" WC="0.94" CC="001211"/>
					</TextLine>
					<TextLine ID="P3_TL00304" HPOS="1948" VPOS="3361" WIDTH="535" HEIGHT="33">
						<String ID="P3_ST01892" HPOS="1948" VPOS="3364" WIDTH="51" HEIGHT="25" CONTENT="will" WC="0.99" CC="1000"/>
						<SP ID="P3_SP01558" HPOS="1999" VPOS="3389" WIDTH="19"/>
						<String ID="P3_ST01893" HPOS="2018" VPOS="3364" WIDTH="95" HEIGHT="24" CONTENT="receive" WC="0.97" CC="1100001"/>
						<SP ID="P3_SP01559" HPOS="2113" VPOS="3389" WIDTH="21"/>
						<String ID="P3_ST01894" HPOS="2134" VPOS="3364" WIDTH="43" HEIGHT="23" CONTENT="the" WC="0.97" CC="101"/>
						<SP ID="P3_SP01560" HPOS="2177" VPOS="3389" WIDTH="13"/>
						<String ID="P3_ST01895" HPOS="2190" VPOS="3365" WIDTH="102" HEIGHT="29" CONTENT="support" WC="0.96" CC="0111011"/>
						<SP ID="P3_SP01561" HPOS="2292" VPOS="3394" WIDTH="25"/>
						<String ID="P3_ST01896" HPOS="2317" VPOS="3362" WIDTH="80" HEIGHT="24" CONTENT="which" WC="0.87" CC="22112"/>
						<SP ID="P3_SP01562" HPOS="2397" VPOS="3394" WIDTH="14"/>
						<String ID="P3_ST01897" HPOS="2411" VPOS="3361" WIDTH="20" HEIGHT="25" CONTENT="it" WC="0.91" CC="02"/>
						<SP ID="P3_SP01563" HPOS="2431" VPOS="3394" WIDTH="12"/>
						<String ID="P3_ST01898" HPOS="2443" VPOS="3361" WIDTH="40" HEIGHT="24" CONTENT="de" SUBS_TYPE="HypPart1" SUBS_CONTENT="deserves." WC="1.00" CC="000"/>
						<HYP CONTENT="-"/>
					</TextLine>
					<TextLine ID="P3_TL00305" HPOS="1948" VPOS="3405" WIDTH="534" HEIGHT="31">
						<String ID="P3_ST01899" HPOS="1948" VPOS="3416" WIDTH="91" HEIGHT="17" CONTENT="serves." SUBS_TYPE="HypPart2" SUBS_CONTENT="deserves." WC="0.95" CC="1010101"/>
						<SP ID="P3_SP01564" HPOS="2039" VPOS="3433" WIDTH="36"/>
						<String ID="P3_ST01900" HPOS="2075" VPOS="3407" WIDTH="54" HEIGHT="26" CONTENT="The" WC="0.97" CC="100"/>
						<SP ID="P3_SP01565" HPOS="2129" VPOS="3433" WIDTH="13"/>
						<String ID="P3_ST01901" HPOS="2142" VPOS="3407" WIDTH="62" HEIGHT="25" CONTENT="Club" WC="0.96" CC="1110"/>
						<SP ID="P3_SP01566" HPOS="2204" VPOS="3433" WIDTH="10"/>
						<String ID="P3_ST01902" HPOS="2214" VPOS="3408" WIDTH="25" HEIGHT="23" CONTENT="at" WC="0.93" CC="11"/>
						<SP ID="P3_SP01567" HPOS="2239" VPOS="3433" WIDTH="13"/>
						<String ID="P3_ST01903" HPOS="2252" VPOS="3406" WIDTH="65" HEIGHT="25" CONTENT="their" WC="0.97" CC="01001"/>
						<SP ID="P3_SP01568" HPOS="2317" VPOS="3433" WIDTH="12"/>
						<String ID="P3_ST01904" HPOS="2329" VPOS="3405" WIDTH="110" HEIGHT="31" CONTENT="meeting" WC="0.95" CC="2110001"/>
						<SP ID="P3_SP01569" HPOS="2439" VPOS="3436" WIDTH="12"/>
						<String ID="P3_ST01905" HPOS="2451" VPOS="3412" WIDTH="31" HEIGHT="16" CONTENT="on" WC="0.96" CC="01"/>
					</TextLine>
					<TextLine ID="P3_TL00306" HPOS="1950" VPOS="3448" WIDTH="534" HEIGHT="35">
						<String ID="P3_ST01906" HPOS="1950" VPOS="3450" WIDTH="157" HEIGHT="33" CONTENT="Wednesday" WC="0.85" CC="112214302"/>
						<SP ID="P3_SP01570" HPOS="2107" VPOS="3483" WIDTH="12"/>
						<String ID="P3_ST01907" HPOS="2119" VPOS="3450" WIDTH="49" HEIGHT="25" CONTENT="last" WC="0.93" CC="1211"/>
						<SP ID="P3_SP01571" HPOS="2168" VPOS="3483" WIDTH="12"/>
						<String ID="P3_ST01908" HPOS="2180" VPOS="3448" WIDTH="177" HEIGHT="33" CONTENT="manimoiisly" WC="0.92" CC="11112101112"/>
						<SP ID="P3_SP01572" HPOS="2357" VPOS="3483" WIDTH="12"/>
						<String ID="P3_ST01909" HPOS="2369" VPOS="3448" WIDTH="88" HEIGHT="31" CONTENT="passed" WC="0.88" CC="132111"/>
						<SP ID="P3_SP01573" HPOS="2457" VPOS="3483" WIDTH="13"/>
						<String ID="P3_ST01910" HPOS="2470" VPOS="3455" WIDTH="14" HEIGHT="16" CONTENT="a" WC="0.89" CC="1"/>
					</TextLine>
					<TextLine ID="P3_TL00307" HPOS="1947" VPOS="3490" WIDTH="536" HEIGHT="35">
						<String ID="P3_ST01911" HPOS="1947" VPOS="3495" WIDTH="119" HEIGHT="25" CONTENT="donation" WC="0.90" CC="10123101"/>
						<SP ID="P3_SP01574" HPOS="2066" VPOS="3520" WIDTH="14"/>
						<String ID="P3_ST01912" HPOS="2080" VPOS="3495" WIDTH="27" HEIGHT="24" CONTENT="of" WC="0.98" CC="01"/>
						<SP ID="P3_SP01575" HPOS="2107" VPOS="3520" WIDTH="9"/>
						<String ID="P3_ST01913" HPOS="2116" VPOS="3496" WIDTH="48" HEIGHT="22" CONTENT="two" WC="0.91" CC="120"/>
						<SP ID="P3_SP01576" HPOS="2164" VPOS="3520" WIDTH="12"/>
						<String ID="P3_ST01914" HPOS="2176" VPOS="3494" WIDTH="104" HEIGHT="31" CONTENT="guineas" WC="0.79" CC="2911012"/>
						<SP ID="P3_SP01577" HPOS="2280" VPOS="3525" WIDTH="16"/>
						<String ID="P3_ST01915" HPOS="2296" VPOS="3500" WIDTH="4" HEIGHT="4" CONTENT="•" WC="0.96" CC="1"/>
						<SP ID="P3_SP01578" HPOS="2300" VPOS="3525" WIDTH="8"/>
						<String ID="P3_ST01916" HPOS="2308" VPOS="3492" WIDTH="106" HEIGHT="24" CONTENT="towards" WC="0.94" CC="0011112"/>
						<SP ID="P3_SP01579" HPOS="2414" VPOS="3525" WIDTH="27"/>
						<String ID="P3_ST01917" HPOS="2441" VPOS="3490" WIDTH="42" HEIGHT="24" CONTENT="the" WC="0.93" CC="111"/>
					</TextLine>
					<TextLine ID="P3_TL00308" HPOS="1948" VPOS="3538" WIDTH="159" HEIGHT="24">
						<String ID="P3_ST01918" HPOS="1948" VPOS="3538" WIDTH="77" HEIGHT="24" CONTENT="above" WC="0.93" CC="21010"/>
						<SP ID="P3_SP01580" HPOS="2025" VPOS="3562" WIDTH="14"/>
						<String ID="P3_ST01919" HPOS="2039" VPOS="3538" WIDTH="68" HEIGHT="23" CONTENT="fund." WC="0.92" CC="12110"/>
					</TextLine>
					<TextLine ID="P3_TL00309" HPOS="1962" VPOS="3589" WIDTH="520" HEIGHT="30">
						<String ID="P3_ST01920" HPOS="1962" VPOS="3593" WIDTH="95" HEIGHT="26" CONTENT="v.West" WC="0.88" CC="213120"/>
						<SP ID="P3_SP01581" HPOS="2057" VPOS="3619" WIDTH="13"/>
						<String ID="P3_ST01921" HPOS="2070" VPOS="3591" WIDTH="100" HEIGHT="26" CONTENT="Oxford" WC="0.80" CC="135112"/>
						<SP ID="P3_SP01582" HPOS="2170" VPOS="3619" WIDTH="15"/>
						<String ID="P3_ST01922" HPOS="2185" VPOS="3590" WIDTH="96" HEIGHT="26" CONTENT="School" WC="0.81" CC="224004"/>
						<SP ID="P3_SP01583" HPOS="2281" VPOS="3619" WIDTH="13"/>
						<String ID="P3_ST01923" HPOS="2294" VPOS="3589" WIDTH="153" HEIGHT="27" CONTENT="Comjkttkk," WC="0.76" CC="0165412321"/>
						<String ID="P3_ST01924" HPOS="2453" VPOS="3603" WIDTH="29" HEIGHT="2" CONTENT="—" WC="1.00" CC="0"/>
					</TextLine>
					<TextLine ID="P3_TL00310" HPOS="1939" VPOS="3633" WIDTH="544" HEIGHT="32">
						<String ID="P3_ST01925" HPOS="1939" VPOS="3633" WIDTH="69" HEIGHT="29" CONTENT='"Tslis' WC="0.81" CC="214321"/>
						<SP ID="P3_SP01584" HPOS="2008" VPOS="3662" WIDTH="13"/>
						<String ID="P3_ST01926" HPOS="2021" VPOS="3636" WIDTH="149" HEIGHT="26" CONTENT="Committee" WC="0.95" CC="101011111"/>
						<SP ID="P3_SP01585" HPOS="2170" VPOS="3662" WIDTH="12"/>
						<String ID="P3_ST01927" HPOS="2182" VPOS="3634" WIDTH="55" HEIGHT="25" CONTENT="hold" WC="0.73" CC="1811"/>
						<SP ID="P3_SP01586" HPOS="2237" VPOS="3662" WIDTH="12"/>
						<String ID="P3_ST01928" HPOS="2249" VPOS="3643" WIDTH="14" HEIGHT="16" CONTENT="a" WC="0.93" CC="1"/>
						<SP ID="P3_SP01587" HPOS="2263" VPOS="3662" WIDTH="11"/>
						<String ID="P3_ST01929" HPOS="2274" VPOS="3633" WIDTH="90" HEIGHT="32" CONTENT="special" WC="0.76" CC="5191010"/>
						<SP ID="P3_SP01588" HPOS="2364" VPOS="3665" WIDTH="11"/>
						<String ID="P3_ST01930" HPOS="2375" VPOS="3633" WIDTH="108" HEIGHT="29" CONTENT="meeting" WC="0.76" CC="1411126"/>
					</TextLine>
					<TextLine ID="P3_TL00311" HPOS="1996" VPOS="3666" WIDTH="9" HEIGHT="15">
						<String ID="P3_ST01931" HPOS="1996" VPOS="3666" WIDTH="9" HEIGHT="15" CONTENT="V" WC="0.89" CC="1" STYLEREFS="TXT_5"/>
					</TextLine>
					<TextLine ID="P3_TL00312" HPOS="1947" VPOS="3676" WIDTH="535" HEIGHT="36">
						<String ID="P3_ST01932" HPOS="1947" VPOS="3689" WIDTH="33" HEIGHT="16" CONTENT="on" WC="0.96" CC="01"/>
						<SP ID="P3_SP01589" HPOS="1980" VPOS="3705" WIDTH="13"/>
						<String ID="P3_ST01933" HPOS="1993" VPOS="3681" WIDTH="114" HEIGHT="31" CONTENT="Tresday" WC="0.80" CC="2512131"/>
						<SP ID="P3_SP01590" HPOS="2107" VPOS="3712" WIDTH="10"/>
						<String ID="P3_ST01934" HPOS="2117" VPOS="3680" WIDTH="105" HEIGHT="29" CONTENT="evening" WC="0.90" CC="1122111"/>
						<SP ID="P3_SP01591" HPOS="2222" VPOS="3712" WIDTH="12"/>
						<String ID="P3_ST01935" HPOS="2234" VPOS="3678" WIDTH="59" HEIGHT="24" CONTENT="2Sfch" WC="0.75" CC="62113"/>
						<SP ID="P3_SP01592" HPOS="2293" VPOS="3712" WIDTH="14"/>
						<String ID="P3_ST01936" HPOS="2307" VPOS="3676" WIDTH="175" HEIGHT="28" CONTENT="mst,.l'«.escnt" WC="0.87" CC="21111221014212"/>
					</TextLine>
					<TextLine ID="P3_TL00313" HPOS="1949" VPOS="3720" WIDTH="532" HEIGHT="32">
						<String ID="P3_ST01937" HPOS="1949" VPOS="3724" WIDTH="93" HEIGHT="25" CONTENT="Messrs" WC="0.90" CC="111112"/>
						<SP ID="P3_SP01593" HPOS="2042" VPOS="3749" WIDTH="13"/>
						<String ID="P3_ST01938" HPOS="2055" VPOS="3723" WIDTH="95" HEIGHT="29" CONTENT="Ancall," WC="0.96" CC="0111001"/>
						<SP ID="P3_SP01594" HPOS="2150" VPOS="3752" WIDTH="25"/>
						<String ID="P3_ST01939" HPOS="2175" VPOS="3722" WIDTH="85" HEIGHT="28" CONTENT="Jones," WC="0.78" CC="201191"/>
						<SP ID="P3_SP01595" HPOS="2260" VPOS="3752" WIDTH="30"/>
						<String ID="P3_ST01940" HPOS="2290" VPOS="3720" WIDTH="119" HEIGHT="25" CONTENT="Prichard" WC="0.91" CC="02101211"/>
						<SP ID="P3_SP01596" HPOS="2409" VPOS="3752" WIDTH="24"/>
						<String ID="P3_ST01941" HPOS="2433" VPOS="3720" WIDTH="48" HEIGHT="23" CONTENT="and" WC="0.72" CC="242"/>
					</TextLine>
					<TextLine ID="P3_TL00314" HPOS="1948" VPOS="3761" WIDTH="534" HEIGHT="36">
						<String ID="P3_ST01942" HPOS="1948" VPOS="3768" WIDTH="92" HEIGHT="24" CONTENT="Wratt." WC="0.91" CC="211111"/>
						<SP ID="P3_SP01597" HPOS="2040" VPOS="3792" WIDTH="35"/>
						<String ID="P3_ST01943" HPOS="2075" VPOS="3768" WIDTH="50" HEIGHT="23" CONTENT="For" WC="0.91" CC="102"/>
						<SP ID="P3_SP01598" HPOS="2125" VPOS="3792" WIDTH="12"/>
						<String ID="P3_ST01944" HPOS="2137" VPOS="3767" WIDTH="42" HEIGHT="24" CONTENT="the" WC="0.95" CC="011"/>
						<SP ID="P3_SP01599" HPOS="2179" VPOS="3792" WIDTH="13"/>
						<String ID="P3_ST01945" HPOS="2192" VPOS="3773" WIDTH="104" HEIGHT="24" CONTENT="purpose" WC="0.82" CC="0111019"/>
						<SP ID="P3_SP01600" HPOS="2296" VPOS="3797" WIDTH="19"/>
						<String ID="P3_ST01946" HPOS="2315" VPOS="3763" WIDTH="26" HEIGHT="25" CONTENT="of" WC="0.83" CC="03"/>
						<SP ID="P3_SP01601" HPOS="2341" VPOS="3797" WIDTH="10"/>
						<String ID="P3_ST01947" HPOS="2351" VPOS="3761" WIDTH="105" HEIGHT="36" CONTENT="electing" WC="0.64" CC="30214396"/>
						<SP ID="P3_SP01602" HPOS="2456" VPOS="3797" WIDTH="12"/>
						<String ID="P3_ST01948" HPOS="2468" VPOS="3771" WIDTH="14" HEIGHT="15" CONTENT="a" WC="0.85" CC="2"/>
					</TextLine>
					<TextLine ID="P3_TL00315" HPOS="1949" VPOS="3805" WIDTH="533" HEIGHT="33">
						<String ID="P3_ST01949" HPOS="1949" VPOS="3812" WIDTH="136" HEIGHT="24" CONTENT="Chairman" WC="0.90" CC="11001511"/>
						<SP ID="P3_SP01603" HPOS="2085" VPOS="3836" WIDTH="13"/>
						<String ID="P3_ST01950" HPOS="2098" VPOS="3810" WIDTH="49" HEIGHT="25" CONTENT="and" WC="0.94" CC="110"/>
						<SP ID="P3_SP01604" HPOS="2147" VPOS="3836" WIDTH="12"/>
						<String ID="P3_ST01951" HPOS="2159" VPOS="3808" WIDTH="156" HEIGHT="30" CONTENT="considering" WC="0.93" CC="00110112112"/>
						<SP ID="P3_SP01605" HPOS="2315" VPOS="3838" WIDTH="18"/>
						<String ID="P3_ST01952" HPOS="2333" VPOS="3807" WIDTH="42" HEIGHT="24" CONTENT="tiro" WC="0.86" CC="1123"/>
						<SP ID="P3_SP01606" HPOS="2375" VPOS="3838" WIDTH="13"/>
						<String ID="P3_ST01953" HPOS="2388" VPOS="3805" WIDTH="94" HEIGHT="25" CONTENT="Boards-!" WC="0.79" CC="32112631"/>
					</TextLine>
					<TextLine ID="P3_TL00316" HPOS="1947" VPOS="3850" WIDTH="534" HEIGHT="37">
						<String ID="P3_ST01954" HPOS="1947" VPOS="3855" WIDTH="128" HEIGHT="32" CONTENT="proposals" WC="0.94" CC="110101102"/>
						<SP ID="P3_SP01607" HPOS="2075" VPOS="3887" WIDTH="13"/>
						<String ID="P3_ST01955" HPOS="2088" VPOS="3863" WIDTH="27" HEIGHT="17" CONTENT="as" WC="0.81" CC="13"/>
						<SP ID="P3_SP01608" HPOS="2115" VPOS="3887" WIDTH="24"/>
						<String ID="P3_ST01956" HPOS="2139" VPOS="3856" WIDTH="25" HEIGHT="22" CONTENT="to" WC="0.98" CC="10"/>
						<SP ID="P3_SP01609" HPOS="2164" VPOS="3887" WIDTH="24"/>
						<String ID="P3_ST01957" HPOS="2188" VPOS="3853" WIDTH="43" HEIGHT="25" CONTENT="the" WC="0.99" CC="010"/>
						<SP ID="P3_SP01610" HPOS="2231" VPOS="3887" WIDTH="12"/>
						<String ID="P3_ST01958" HPOS="2243" VPOS="3851" WIDTH="130" HEIGHT="25" CONTENT="alteration" WC="0.93" CC="1111122001"/>
						<SP ID="P3_SP01611" HPOS="2373" VPOS="3887" WIDTH="22"/>
						<String ID="P3_ST01959" HPOS="2395" VPOS="3850" WIDTH="27" HEIGHT="24" CONTENT="of" WC="0.98" CC="01"/>
						<SP ID="P3_SP01612" HPOS="2422" VPOS="3887" WIDTH="18"/>
						<String ID="P3_ST01960" HPOS="2440" VPOS="3850" WIDTH="41" HEIGHT="23" CONTENT="the" WC="0.93" CC="111"/>
					</TextLine>
					<TextLine ID="P3_TL00317" HPOS="1948" VPOS="3893" WIDTH="534" HEIGHT="31">
						<String ID="P3_ST01961" HPOS="1948" VPOS="3899" WIDTH="110" HEIGHT="25" CONTENT="District" WC="0.85" CC="41221120"/>
						<SP ID="P3_SP01613" HPOS="2058" VPOS="3924" WIDTH="19"/>
						<String ID="P3_ST01962" HPOS="2077" VPOS="3897" WIDTH="148" HEIGHT="26" CONTENT="boundaries" WC="0.87" CC="1030212214"/>
						<SP ID="P3_SP01614" HPOS="2225" VPOS="3924" WIDTH="32"/>
						<String ID="P3_ST01963" HPOS="2257" VPOS="3895" WIDTH="109" HEIGHT="25" CONTENT="between" WC="0.90" CC="0312111"/>
						<SP ID="P3_SP01615" HPOS="2366" VPOS="3924" WIDTH="25"/>
						<String ID="P3_ST01964" HPOS="2391" VPOS="3893" WIDTH="91" HEIGHT="25" CONTENT="Oxfoivl" WC="0.95" CC="0110111"/>
					</TextLine>
				</TextBlock>
				<TextBlock ID="P3_TB00017" HPOS="588" VPOS="75" WIDTH="1429" HEIGHT="38" STYLEREFS="TXT_2 PAR_RIGHT">
					<TextLine ID="P3_TL00318" HPOS="589" VPOS="76" WIDTH="1428" HEIGHT="37">
						<String ID="P3_ST01965" HPOS="589" VPOS="78" WIDTH="168" HEIGHT="34" CONTENT="OXFORD" WC="0.86" CC="031041"/>
						<SP ID="P3_SP01616" HPOS="757" VPOS="112" WIDTH="44"/>
						<String ID="P3_ST01966" HPOS="801" VPOS="80" WIDTH="90" HEIGHT="30" CONTENT="AND" WC="0.79" CC="114"/>
						<SP ID="P3_SP01617" HPOS="891" VPOS="112" WIDTH="46"/>
						<String ID="P3_ST01967" HPOS="937" VPOS="81" WIDTH="107" HEIGHT="31" CONTENT="OUST" WC="0.83" CC="1240"/>
						<SP ID="P3_SP01618" HPOS="1044" VPOS="112" WIDTH="45"/>
						<String ID="P3_ST01968" HPOS="1089" VPOS="76" WIDTH="227" HEIGHT="35" CONTENT="OBSERVER" WC="0.89" CC="02213012"/>
						<SP ID="P3_SP01619" HPOS="1316" VPOS="112" WIDTH="47"/>
						<String ID="P3_ST01969" HPOS="1363" VPOS="76" WIDTH="239" HEIGHT="37" CONTENT="SATURDAY," WC="0.85" CC="111342112"/>
						<SP ID="P3_SP01620" HPOS="1602" VPOS="113" WIDTH="44"/>
						<String ID="P3_ST01970" HPOS="1646" VPOS="77" WIDTH="151" HEIGHT="33" CONTENT="MARCH" WC="0.89" CC="01411"/>
						<SP ID="P3_SP01621" HPOS="1797" VPOS="113" WIDTH="44"/>
						<String ID="P3_ST01971" HPOS="1841" VPOS="78" WIDTH="29" HEIGHT="35" CONTENT="4," WC="0.78" CC="32"/>
						<SP ID="P3_SP01622" HPOS="1870" VPOS="113" WIDTH="58"/>
						<String ID="P3_ST01972" HPOS="1928" VPOS="79" WIDTH="89" HEIGHT="30" CONTENT="1893." WC="0.96" CC="00111"/>
					</TextLine>
				</TextBlock>
				<ComposedBlock ID="P3_CB00001" HPOS="1315" VPOS="1456" WIDTH="539" HEIGHT="1480" TYPE="Table">
					<TextBlock ID="P3_TB00018" HPOS="1315" VPOS="1456" WIDTH="539" HEIGHT="1480" STYLEREFS="TXT_7 PAR_LEFT">
						<TextLine ID="P3_TL00319" HPOS="1470" VPOS="1458" WIDTH="237" HEIGHT="24">
							<String ID="P3_ST01973" HPOS="1470" VPOS="1458" WIDTH="101" HEIGHT="24" CONTENT="Result" WC="0.16" CC="999955"/>
							<SP ID="P3_SP01623" HPOS="1571" VPOS="1482" WIDTH="12"/>
							<String ID="P3_ST01974" HPOS="1583" VPOS="1465" WIDTH="30" HEIGHT="17" CONTENT="of" WC="0.44" CC="19"/>
							<SP ID="P3_SP01624" HPOS="1613" VPOS="1482" WIDTH="17"/>
							<String ID="P3_ST01975" HPOS="1630" VPOS="1458" WIDTH="77" HEIGHT="24" CONTENT="Poll." WC="0.06" CC="99979"/>
						</TextLine>
						<TextLine ID="P3_TL00320" HPOS="1514" VPOS="1500" WIDTH="148" HEIGHT="26">
							<String ID="P3_ST01976" HPOS="1514" VPOS="1500" WIDTH="148" HEIGHT="26" CONTENT="OXFOED." WC="0.14" CC="5969899"/>
						</TextLine>
						<TextLine ID="P3_TL00321" HPOS="1322" VPOS="1543" WIDTH="434" HEIGHT="32">
							<String ID="P3_ST01977" HPOS="1322" VPOS="1543" WIDTH="49" HEIGHT="24" CONTENT="For" WC="0.11" CC="996"/>
							<SP ID="P3_SP01625" HPOS="1371" VPOS="1567" WIDTH="135"/>
							<String ID="P3_ST01978" HPOS="1506" VPOS="1546" WIDTH="55" HEIGHT="27" CONTENT="148," WC="0.08" CC="9969"/>
							<SP ID="P3_SP01626" HPOS="1561" VPOS="1573" WIDTH="54"/>
							<String ID="P3_ST01979" HPOS="1615" VPOS="1545" WIDTH="141" HEIGHT="30" CONTENT="£110,428." WC="0.15" CC="999999690"/>
						</TextLine>
						<TextLine ID="P3_TL00322" HPOS="1321" VPOS="1582" WIDTH="402" HEIGHT="32">
							<String ID="P3_ST01980" HPOS="1321" VPOS="1582" WIDTH="106" HEIGHT="32" CONTENT="Against" WC="0.11" CC="9999966"/>
							<SP ID="P3_SP01627" HPOS="1427" VPOS="1614" WIDTH="80"/>
							<String ID="P3_ST01981" HPOS="1507" VPOS="1587" WIDTH="14" HEIGHT="22" CONTENT="7" WC="0.01" CC="9"/>
							<SP ID="P3_SP01628" HPOS="1521" VPOS="1614" WIDTH="103"/>
							<String ID="P3_ST01982" HPOS="1624" VPOS="1586" WIDTH="99" HEIGHT="24" CONTENT="15,930." WC="0.04" CC="9997999"/>
						</TextLine>
						<TextLine ID="P3_TL00323" HPOS="1321" VPOS="1621" WIDTH="384" HEIGHT="31">
							<String ID="P3_ST01983" HPOS="1321" VPOS="1621" WIDTH="122" HEIGHT="25" CONTENT="Informal" WC="0.21" CC="94299799"/>
							<SP ID="P3_SP01629" HPOS="1443" VPOS="1646" WIDTH="62"/>
							<String ID="P3_ST01984" HPOS="1505" VPOS="1624" WIDTH="15" HEIGHT="23" CONTENT="3" WC="0.01" CC="9"/>
							<SP ID="P3_SP01630" HPOS="1520" VPOS="1647" WIDTH="102"/>
							<String ID="P3_ST01985" HPOS="1622" VPOS="1624" WIDTH="83" HEIGHT="28" CONTENT="1,130." WC="0.31" CC="199990"/>
						</TextLine>
						<TextLine ID="P3_TL00324" HPOS="1322" VPOS="1662" WIDTH="386" HEIGHT="30">
							<String ID="P3_ST01986" HPOS="1322" VPOS="1662" WIDTH="159" HEIGHT="25" CONTENT="Unrecorded" WC="0.01" CC="9999999999"/>
							<SP ID="P3_SP01631" HPOS="1481" VPOS="1687" WIDTH="26"/>
							<String ID="P3_ST01987" HPOS="1507" VPOS="1664" WIDTH="47" HEIGHT="23" CONTENT="110" WC="0.01" CC="999"/>
							<SP ID="P3_SP01632" HPOS="1554" VPOS="1687" WIDTH="64"/>
							<String ID="P3_ST01988" HPOS="1618" VPOS="1664" WIDTH="90" HEIGHT="28" CONTENT="09,809" WC="0.17" CC="993996"/>
						</TextLine>
						<TextLine ID="P3_TL00325" HPOS="1545" VPOS="1714" WIDTH="95" HEIGHT="26">
							<String ID="P3_ST01989" HPOS="1545" VPOS="1714" WIDTH="95" HEIGHT="26" CONTENT="OUST." WC="0.01" CC="99999"/>
						</TextLine>
						<TextLine ID="P3_TL00326" HPOS="1321" VPOS="1757" WIDTH="404" HEIGHT="30">
							<String ID="P3_ST01990" HPOS="1321" VPOS="1757" WIDTH="50" HEIGHT="25" CONTENT="For" WC="0.01" CC="999"/>
							<SP ID="P3_SP01633" HPOS="1371" VPOS="1782" WIDTH="134"/>
							<String ID="P3_ST01991" HPOS="1505" VPOS="1760" WIDTH="31" HEIGHT="22" CONTENT="57" WC="0.01" CC="99"/>
							<SP ID="P3_SP01634" HPOS="1536" VPOS="1782" WIDTH="76"/>
							<String ID="P3_ST01992" HPOS="1612" VPOS="1758" WIDTH="113" HEIGHT="29" CONTENT="£45,931" WC="0.09" CC="9999499"/>
						</TextLine>
						<TextLine ID="P3_TL00327" HPOS="1322" VPOS="1794" WIDTH="382" HEIGHT="32">
							<String ID="P3_ST01993" HPOS="1322" VPOS="1794" WIDTH="105" HEIGHT="32" CONTENT="Against" WC="0.16" CC="1999998"/>
							<SP ID="P3_SP01635" HPOS="1427" VPOS="1826" WIDTH="90"/>
							<String ID="P3_ST01994" HPOS="1517" VPOS="1797" WIDTH="16" HEIGHT="22" CONTENT="4" WC="0.01" CC="9"/>
							<SP ID="P3_SP01636" HPOS="1533" VPOS="1826" WIDTH="97"/>
							<String ID="P3_ST01995" HPOS="1630" VPOS="1797" WIDTH="74" HEIGHT="27" CONTENT="2,796" WC="0.13" CC="99769"/>
						</TextLine>
						<TextLine ID="P3_TL00328" HPOS="1323" VPOS="1829" WIDTH="398" HEIGHT="33">
							<String ID="P3_ST01996" HPOS="1323" VPOS="1833" WIDTH="161" HEIGHT="25" CONTENT="Unrecorked" WC="0.06" CC="9999999499"/>
							<SP ID="P3_SP01637" HPOS="1484" VPOS="1858" WIDTH="28"/>
							<String ID="P3_ST01997" HPOS="1512" VPOS="1829" WIDTH="44" HEIGHT="29" CONTENT="48'" WC="0.16" CC="995"/>
							<SP ID="P3_SP01638" HPOS="1556" VPOS="1858" WIDTH="75"/>
							<String ID="P3_ST01998" HPOS="1631" VPOS="1835" WIDTH="90" HEIGHT="27" CONTENT="23,441" WC="0.10" CC="999994"/>
						</TextLine>
						<TextLine ID="P3_TL00329" HPOS="1437" VPOS="1883" WIDTH="302" HEIGHT="26">
							<String ID="P3_ST01999" HPOS="1437" VPOS="1883" WIDTH="98" HEIGHT="26" CONTENT="WEST" WC="0.16" CC="9499"/>
							<SP ID="P3_SP01639" HPOS="1535" VPOS="1909" WIDTH="30"/>
							<String ID="P3_ST02000" HPOS="1565" VPOS="1884" WIDTH="174" HEIGHT="25" CONTENT="EYRETON." WC="0.02" CC="99999899"/>
						</TextLine>
						<TextLine ID="P3_TL00330" HPOS="1322" VPOS="1926" WIDTH="419" HEIGHT="30">
							<String ID="P3_ST02001" HPOS="1322" VPOS="1926" WIDTH="49" HEIGHT="25" CONTENT="For" WC="0.12" CC="699"/>
							<SP ID="P3_SP01640" HPOS="1371" VPOS="1951" WIDTH="126"/>
							<String ID="P3_ST02002" HPOS="1497" VPOS="1926" WIDTH="39" HEIGHT="26" CONTENT='"4(i' WC="0.06" CC="7999"/>
							<SP ID="P3_SP01641" HPOS="1536" VPOS="1952" WIDTH="74"/>
							<String ID="P3_ST02003" HPOS="1610" VPOS="1928" WIDTH="131" HEIGHT="28" CONTENT="£114,408" WC="0.10" CC="99999992"/>
						</TextLine>
						<TextLine ID="P3_TL00331" HPOS="1321" VPOS="1959" WIDTH="421" HEIGHT="39">
							<String ID="P3_ST02004" HPOS="1321" VPOS="1967" WIDTH="109" HEIGHT="31" CONTENT="Against" WC="0.03" CC="9999997"/>
							<SP ID="P3_SP01642" HPOS="1430" VPOS="1998" WIDTH="13"/>
							<String ID="P3_ST02005" HPOS="1443" VPOS="1959" WIDTH="8" HEIGHT="7" CONTENT="'" WC="0.01" CC="9"/>
							<SP ID="P3_SP01643" HPOS="1451" VPOS="1998" WIDTH="69"/>
							<String ID="P3_ST02006" HPOS="1520" VPOS="1968" WIDTH="15" HEIGHT="23" CONTENT="4" WC="0.01" CC="9"/>
							<SP ID="P3_SP01644" HPOS="1535" VPOS="1998" WIDTH="106"/>
							<String ID="P3_ST02007" HPOS="1641" VPOS="1965" WIDTH="101" HEIGHT="31" CONTENT="'8,720" WC="0.21" CC="699991"/>
						</TextLine>
						<TextLine ID="P3_TL00332" HPOS="1322" VPOS="2006" WIDTH="424" HEIGHT="30">
							<String ID="P3_ST02008" HPOS="1322" VPOS="2006" WIDTH="159" HEIGHT="25" CONTENT="Unrecorded" WC="0.06" CC="5999989999"/>
							<SP ID="P3_SP01645" HPOS="1481" VPOS="2031" WIDTH="24"/>
							<String ID="P3_ST02009" HPOS="1505" VPOS="2009" WIDTH="32" HEIGHT="22" CONTENT="24" WC="0.01" CC="99"/>
							<SP ID="P3_SP01646" HPOS="1537" VPOS="2031" WIDTH="120"/>
							<String ID="P3_ST02010" HPOS="1657" VPOS="2010" WIDTH="89" HEIGHT="26" CONTENT="00,462" WC="0.01" CC="999999"/>
						</TextLine>
						<TextLine ID="P3_TL00333" HPOS="1499" VPOS="2057" WIDTH="174" HEIGHT="25">
							<String ID="P3_ST02011" HPOS="1499" VPOS="2057" WIDTH="174" HEIGHT="25" CONTENT="EYRETON." WC="0.01" CC="99999999"/>
						</TextLine>
						<TextLine ID="P3_TL00334" HPOS="1320" VPOS="2100" WIDTH="403" HEIGHT="30">
							<String ID="P3_ST02012" HPOS="1320" VPOS="2100" WIDTH="50" HEIGHT="26" CONTENT="For" WC="0.01" CC="999"/>
							<SP ID="P3_SP01647" HPOS="1370" VPOS="2126" WIDTH="133"/>
							<String ID="P3_ST02013" HPOS="1503" VPOS="2102" WIDTH="30" HEIGHT="23" CONTENT="29" WC="0.01" CC="99"/>
							<SP ID="P3_SP01648" HPOS="1533" VPOS="2126" WIDTH="77"/>
							<String ID="P3_ST02014" HPOS="1610" VPOS="2101" WIDTH="113" HEIGHT="29" CONTENT="£80,848" WC="0.21" CC="9499991"/>
						</TextLine>
						<TextLine ID="P3_TL00335" HPOS="1321" VPOS="2142" WIDTH="380" HEIGHT="30">
							<String ID="P3_ST02015" HPOS="1321" VPOS="2142" WIDTH="105" HEIGHT="30" CONTENT="Against" WC="0.01" CC="9999999"/>
							<SP ID="P3_SP01649" HPOS="1426" VPOS="2172" WIDTH="89"/>
							<String ID="P3_ST02016" HPOS="1515" VPOS="2143" WIDTH="15" HEIGHT="22" CONTENT="4" WC="0.01" CC="9"/>
							<SP ID="P3_SP01650" HPOS="1530" VPOS="2172" WIDTH="97"/>
							<String ID="P3_ST02017" HPOS="1627" VPOS="2143" WIDTH="74" HEIGHT="27" CONTENT="3,878" WC="0.28" CC="99096"/>
						</TextLine>
						<TextLine ID="P3_TL00336" HPOS="1322" VPOS="2181" WIDTH="385" HEIGHT="29">
							<String ID="P3_ST02018" HPOS="1322" VPOS="2181" WIDTH="161" HEIGHT="25" CONTENT="Unrecorded" WC="0.01" CC="9999999999"/>
							<SP ID="P3_SP01651" HPOS="1483" VPOS="2206" WIDTH="34"/>
							<String ID="P3_ST02019" HPOS="1517" VPOS="2184" WIDTH="31" HEIGHT="21" CONTENT="33" WC="0.01" CC="99"/>
							<SP ID="P3_SP01652" HPOS="1548" VPOS="2206" WIDTH="68"/>
							<String ID="P3_ST02020" HPOS="1616" VPOS="2182" WIDTH="91" HEIGHT="28" CONTENT="43,894" WC="0.07" CC="999699"/>
						</TextLine>
						<TextLine ID="P3_TL00337" HPOS="1464" VPOS="2231" WIDTH="239" HEIGHT="24">
							<String ID="P3_ST02021" HPOS="1464" VPOS="2231" WIDTH="239" HEIGHT="24" CONTENT="MANDEVILLE." WC="0.29" CC="09946992969"/>
						</TextLine>
						<TextLine ID="P3_TL00338" HPOS="1320" VPOS="2274" WIDTH="401" HEIGHT="28">
							<String ID="P3_ST02022" HPOS="1320" VPOS="2274" WIDTH="49" HEIGHT="25" CONTENT="For" WC="0.32" CC="199"/>
							<SP ID="P3_SP01653" HPOS="1369" VPOS="2299" WIDTH="134"/>
							<String ID="P3_ST02023" HPOS="1503" VPOS="2275" WIDTH="31" HEIGHT="25" CONTENT="69" WC="0.28" CC="94"/>
							<SP ID="P3_SP01654" HPOS="1534" VPOS="2300" WIDTH="74"/>
							<String ID="P3_ST02024" HPOS="1608" VPOS="2274" WIDTH="113" HEIGHT="28" CONTENT="£92,145" WC="0.17" CC="9899099"/>
						</TextLine>
						<TextLine ID="P3_TL00339" HPOS="1319" VPOS="2313" WIDTH="369" HEIGHT="31">
							<String ID="P3_ST02025" HPOS="1319" VPOS="2313" WIDTH="105" HEIGHT="31" CONTENT="Against" WC="0.14" CC="9999991"/>
							<SP ID="P3_SP01655" HPOS="1424" VPOS="2344" WIDTH="90"/>
							<String ID="P3_ST02026" HPOS="1514" VPOS="2315" WIDTH="12" HEIGHT="22" CONTENT="1" WC="0.85" CC="2"/>
							<SP ID="P3_SP01656" HPOS="1526" VPOS="2344" WIDTH="98"/>
							<String ID="P3_ST02027" HPOS="1624" VPOS="2314" WIDTH="64" HEIGHT="23" CONTENT="2020" WC="0.04" CC="9899"/>
						</TextLine>
						<TextLine ID="P3_TL00340" HPOS="1319" VPOS="2353" WIDTH="401" HEIGHT="27">
							<String ID="P3_ST02028" HPOS="1319" VPOS="2353" WIDTH="158" HEIGHT="24" CONTENT="Unrecorded" WC="0.03" CC="9998999999"/>
							<SP ID="P3_SP01657" HPOS="1477" VPOS="2377" WIDTH="35"/>
							<String ID="P3_ST02029" HPOS="1512" VPOS="2355" WIDTH="31" HEIGHT="22" CONTENT="25" WC="0.01" CC="99" STYLEREFS="TXT_6"/>
							<SP ID="P3_SP01658" HPOS="1543" VPOS="2377" WIDTH="87"/>
							<String ID="P3_ST02030" HPOS="1630" VPOS="2354" WIDTH="90" HEIGHT="26" CONTENT="48,451" WC="0.12" CC="939999"/>
						</TextLine>
						<TextLine ID="P3_TL00341" HPOS="1428" VPOS="2406" WIDTH="314" HEIGHT="25">
							<String ID="P3_ST02031" HPOS="1428" VPOS="2406" WIDTH="126" HEIGHT="25" CONTENT="WHOLE" WC="0.21" CC="95949"/>
							<SP ID="P3_SP01659" HPOS="1554" VPOS="2431" WIDTH="19"/>
							<String ID="P3_ST02032" HPOS="1573" VPOS="2406" WIDTH="169" HEIGHT="25" CONTENT="DISTRICT." WC="0.05" CC="999999599"/>
						</TextLine>
						<TextLine ID="P3_TL00342" HPOS="1318" VPOS="2449" WIDTH="435" HEIGHT="28">
							<String ID="P3_ST02033" HPOS="1318" VPOS="2449" WIDTH="50" HEIGHT="25" CONTENT="For" WC="0.32" CC="199"/>
							<SP ID="P3_SP01660" HPOS="1368" VPOS="2474" WIDTH="134"/>
							<String ID="P3_ST02034" HPOS="1502" VPOS="2449" WIDTH="48" HEIGHT="25" CONTENT="849" WC="0.25" CC="795"/>
							<SP ID="P3_SP01661" HPOS="1550" VPOS="2474" WIDTH="75"/>
							<String ID="P3_ST02035" HPOS="1625" VPOS="2450" WIDTH="128" HEIGHT="27" CONTENT="£449,820" WC="0.17" CC="99929499"/>
						</TextLine>
						<TextLine ID="P3_TL00343" HPOS="1319" VPOS="2489" WIDTH="437" HEIGHT="31">
							<String ID="P3_ST02036" HPOS="1319" VPOS="2489" WIDTH="103" HEIGHT="31" CONTENT="Against" WC="0.01" CC="9999999"/>
							<SP ID="P3_SP01662" HPOS="1422" VPOS="2520" WIDTH="92"/>
							<String ID="P3_ST02037" HPOS="1514" VPOS="2491" WIDTH="31" HEIGHT="22" CONTENT="20" WC="0.01" CC="99"/>
							<SP ID="P3_SP01663" HPOS="1545" VPOS="2520" WIDTH="119"/>
							<String ID="P3_ST02038" HPOS="1664" VPOS="2491" WIDTH="92" HEIGHT="27" CONTENT="83,350" WC="0.17" CC="999199"/>
						</TextLine>
						<TextLine ID="P3_TL00344" HPOS="1317" VPOS="2528" WIDTH="438" HEIGHT="28">
							<String ID="P3_ST02039" HPOS="1317" VPOS="2528" WIDTH="122" HEIGHT="24" CONTENT="Informal" WC="0.02" CC="98999999"/>
							<SP ID="P3_SP01664" HPOS="1439" VPOS="2552" WIDTH="75"/>
							<String ID="P3_ST02040" HPOS="1514" VPOS="2529" WIDTH="15" HEIGHT="22" CONTENT="8" WC="0.01" CC="9"/>
							<SP ID="P3_SP01665" HPOS="1529" VPOS="2552" WIDTH="152"/>
							<String ID="P3_ST02041" HPOS="1681" VPOS="2529" WIDTH="74" HEIGHT="27" CONTENT="1,330" WC="0.01" CC="99999"/>
						</TextLine>
						<TextLine ID="P3_TL00345" HPOS="1319" VPOS="2567" WIDTH="416" HEIGHT="29">
							<String ID="P3_ST02042" HPOS="1319" VPOS="2567" WIDTH="158" HEIGHT="25" CONTENT="Unrecorded" WC="0.03" CC="9999999979"/>
							<SP ID="P3_SP01666" HPOS="1477" VPOS="2592" WIDTH="35"/>
							<String ID="P3_ST02043" HPOS="1512" VPOS="2568" WIDTH="49" HEIGHT="23" CONTENT="240" WC="0.07" CC="997"/>
							<SP ID="P3_SP01667" HPOS="1561" VPOS="2592" WIDTH="67"/>
							<String ID="P3_ST02044" HPOS="1628" VPOS="2568" WIDTH="107" HEIGHT="28" CONTENT="252,051" WC="0.02" CC="9999989"/>
						</TextLine>
						<TextLine ID="P3_TL00346" HPOS="1529" VPOS="2620" WIDTH="117" HEIGHT="25">
							<String ID="P3_ST02045" HPOS="1529" VPOS="2620" WIDTH="117" HEIGHT="25" CONTENT="TOTAL." WC="0.21" CC="997990"/>
						</TextLine>
						<TextLine ID="P3_TL00347" HPOS="1352" VPOS="2670" WIDTH="484" HEIGHT="29">
							<String ID="P3_ST02046" HPOS="1352" VPOS="2670" WIDTH="100" HEIGHT="28" CONTENT="Oxford," WC="0.23" CC="1999399"/>
							<SP ID="P3_SP01668" HPOS="1452" VPOS="2698" WIDTH="102"/>
							<String ID="P3_ST02047" HPOS="1554" VPOS="2671" WIDTH="49" HEIGHT="23" CONTENT="208" WC="0.01" CC="999"/>
							<SP ID="P3_SP01669" HPOS="1603" VPOS="2698" WIDTH="102"/>
							<String ID="P3_ST02048" HPOS="1705" VPOS="2671" WIDTH="131" HEIGHT="28" CONTENT="£197,297" WC="0.01" CC="99999999"/>
						</TextLine>
						<TextLine ID="P3_TL00348" HPOS="1352" VPOS="2711" WIDTH="485" HEIGHT="29">
							<String ID="P3_ST02049" HPOS="1352" VPOS="2711" WIDTH="83" HEIGHT="28" CONTENT="Gust,-" WC="0.02" CC="899999"/>
							<SP ID="P3_SP01670" HPOS="1435" VPOS="2739" WIDTH="124"/>
							<String ID="P3_ST02050" HPOS="1559" VPOS="2711" WIDTH="46" HEIGHT="23" CONTENT="109" WC="0.11" CC="969"/>
							<SP ID="P3_SP01671" HPOS="1605" VPOS="2739" WIDTH="140"/>
							<String ID="P3_ST02051" HPOS="1745" VPOS="2713" WIDTH="92" HEIGHT="27" CONTENT="72,108" WC="0.01" CC="999999"/>
						</TextLine>
						<TextLine ID="P3_TL00349" HPOS="1354" VPOS="2748" WIDTH="483" HEIGHT="32">
							<String ID="P3_ST02052" HPOS="1354" VPOS="2748" WIDTH="37" HEIGHT="26" CONTENT="W." WC="0.01" CC="99"/>
							<SP ID="P3_SP01672" HPOS="1391" VPOS="2774" WIDTH="13"/>
							<String ID="P3_ST02053" HPOS="1404" VPOS="2748" WIDTH="112" HEIGHT="32" CONTENT="Eyreton" WC="0.01" CC="9999999"/>
							<SP ID="P3_SP01673" HPOS="1516" VPOS="2780" WIDTH="62"/>
							<String ID="P3_ST02054" HPOS="1578" VPOS="2749" WIDTH="32" HEIGHT="25" CONTENT="74" WC="0.01" CC="99"/>
							<SP ID="P3_SP01674" HPOS="1610" VPOS="2780" WIDTH="120"/>
							<String ID="P3_ST02055" HPOS="1730" VPOS="2750" WIDTH="107" HEIGHT="29" CONTENT="189,050" WC="0.01" CC="9999999"/>
						</TextLine>
						<TextLine ID="P3_TL00350" HPOS="1350" VPOS="2787" WIDTH="485" HEIGHT="32">
							<String ID="P3_ST02056" HPOS="1350" VPOS="2787" WIDTH="119" HEIGHT="32" CONTENT="Eyreton," WC="0.13" CC="49996999"/>
							<SP ID="P3_SP01675" HPOS="1469" VPOS="2819" WIDTH="110"/>
							<String ID="P3_ST02057" HPOS="1579" VPOS="2789" WIDTH="29" HEIGHT="22" CONTENT="00" WC="0.01" CC="99"/>
							<SP ID="P3_SP01676" HPOS="1608" VPOS="2819" WIDTH="120"/>
							<String ID="P3_ST02058" HPOS="1728" VPOS="2789" WIDTH="107" HEIGHT="28" CONTENT="134,020" WC="0.01" CC="9999999"/>
						</TextLine>
						<TextLine ID="P3_TL00351" HPOS="1352" VPOS="2824" WIDTH="485" HEIGHT="32">
							<String ID="P3_ST02059" HPOS="1352" VPOS="2825" WIDTH="35" HEIGHT="23" CONTENT="M." WC="0.50" CC="90"/>
							<SP ID="P3_SP01677" HPOS="1387" VPOS="2848" WIDTH="14"/>
							<String ID="P3_ST02060" HPOS="1401" VPOS="2826" WIDTH="17" HEIGHT="22" CONTENT="&amp;" WC="0.01" CC="9"/>
							<SP ID="P3_SP01678" HPOS="1418" VPOS="2848" WIDTH="14"/>
							<String ID="P3_ST02061" HPOS="1432" VPOS="2824" WIDTH="133" HEIGHT="32" CONTENT="Rangiora," WC="0.15" CC="988919999"/>
							<SP ID="P3_SP01679" HPOS="1565" VPOS="2856" WIDTH="13"/>
							<String ID="P3_ST02062" HPOS="1578" VPOS="2826" WIDTH="32" HEIGHT="23" CONTENT="95" WC="0.01" CC="99"/>
							<SP ID="P3_SP01680" HPOS="1610" VPOS="2856" WIDTH="40"/>
							<String ID="P3_ST02063" HPOS="1650" VPOS="2847" WIDTH="2" HEIGHT="2" CONTENT="." WC="0.01" CC="9"/>
							<SP ID="P3_SP01681" HPOS="1652" VPOS="2856" WIDTH="78"/>
							<String ID="P3_ST02064" HPOS="1730" VPOS="2827" WIDTH="107" HEIGHT="28" CONTENT="142,022" WC="0.06" CC="9999959"/>
						</TextLine>
						<TextLine ID="P3_TL00352" HPOS="1416" VPOS="2906" WIDTH="437" HEIGHT="29">
							<String ID="P3_ST02065" HPOS="1416" VPOS="2906" WIDTH="74" HEIGHT="24" CONTENT="Total" WC="0.01" CC="99999"/>
							<SP ID="P3_SP01682" HPOS="1490" VPOS="2930" WIDTH="78"/>
							<String ID="P3_ST02066" HPOS="1568" VPOS="2907" WIDTH="48" HEIGHT="24" CONTENT="612" WC="0.01" CC="999"/>
							<SP ID="P3_SP01683" HPOS="1616" VPOS="2931" WIDTH="111"/>
							<String ID="P3_ST02067" HPOS="1727" VPOS="2907" WIDTH="126" HEIGHT="28" CONTENT="£736,357" WC="0.13" CC="99990999"/>
						</TextLine>
					</TextBlock>
				</ComposedBlock>
			</PrintSpace>
		</Page>
	</Layout>
</alto>
