2540 4010
63 183 48 24 and
136 183 41 25 the
201 193 53 16 now
289 185 86 25 Plains
407 185 111 25 District.
555 185 40 24 Mr

63 227 119 24 Prichnrd
209 237 49 16 was
292 228 176 31 unanimously
503 229 92 24 elected

64 270 134 25 Chairman
243 272 24 24 It
279 280 50 16 Avas
342 272 110 24 resolved
473 272 56 24 that
553 272 42 25 the

63 314 149 26 Committee
224 316 49 24 had
285 324 33 16 no
342 315 123 32 objection
490 318 25 23 to
538 317 60 24 offer

63 362 25 22 to
102 361 42 24 the
156 361 148 24 boundaries
317 369 27 16 as
368 362 121 30 proposed
500 362 32 30 by
557 361 41 26 the

64 405 89 27 Bonrd,
165 404 48 24 and
226 404 42 25 the
282 404 148 26 Committee
454 406 143 30 adjourned.

97 460 115 24 Harvest
253 460 194 24 Thanksgiving.
450 475 32 4 —
490 461 108 25 Harvest

64 503 187 31 Thanksgiving
277 503 109 25 Services
415 505 49 23 will
489 506 30 23 be
541 505 57 24 held

63 548 59 23 next
144 547 102 30 Sunday
258 551 25 20 at
297 547 29 25 St
351 548 121 24 Andrews
496 548 101 25 Church

65 593 38 22 11.
117 599 21 16 a.
159 600 32 15 m.
228 591 55 25 Carl
287 593 42 23 ton
350 592 160 25 Schoolroom
535 594 22 22 3.
572 601 23 22 p.

63 643 34 15 m.
129 635 48 23 and
208 635 29 25 St
266 635 94 30 Mary's
395 635 99 25 Church
527 635 70 25 West

64 677 89 25 Oxford
168 681 22 21 C.
202 680 39 23 30.
255 686 23 22 p.
292 686 34 16 m.

97 722 41 25 St.
153 722 121 25 Andrews
287 722 113 25 Church.
405 738 29 2 —
437 722 39 25 On
497 722 101 32 Sunday

63 766 49 24 last
125 767 41 23 the
179 767 60 24 Roy.
253 767 30 23 R.
309 766 105 24 Garbett
436 775 61 21 gave
517 766 81 25 notice

63 810 55 24 that
130 811 42 24 the
181 811 108 24 Harvest
299 810 188 31 Thanksgiving
499 810 98 25 Service

63 855 79 24 would
153 854 30 25 bo
196 854 56 25 held
264 855 61 24 next
339 854 110 30 Sunday,
461 854 59 25 .and
542 862 53 22 sug-

64 899 83 30 gested
176 900 64 28 that,
270 899 43 24 the
343 899 115 30 offertory
487 907 32 16 on
544 898 54 24 that

64 943 112 24 occasion
190 942 90 26 should
291 942 31 25 be
334 943 71 31 given
426 944 26 23 to
475 942 43 25 the
531 942 67 25 Bris-

64 985 63 25 bane
141 986 70 24 rel'ef
221 986 70 24 fund,

87 1116 122 30 NEWS
232 1116 52 30 OF
307 1115 87 30 THE
417 1114 151 31 WORLD.

207 1224 252 25 APPOINTMENT.

100 1281 53 23 The
165 1281 59 24 New
233 1279 70 24 York
315 1279 56 24 Life
378 1279 137 24 Insurance
528 1277 72 25 Com-

65 1326 66 23 pany
155 1318 45 24 has
224 1317 133 31 appointed
381 1317 41 23 Mr
445 1316 65 24 Fran
515 1316 22 23 ki
541 1316 59 27 and,

64 1357 118 31 formerly
205 1356 64 24 head
294 1356 26 23 of
341 1356 43 24 the
407 1356 61 23 New
491 1354 109 24 Zealand

66 1397 171 24 Government
262 1396 137 24 Insurance
428 1396 172 30 Department,

65 1437 247 30 Associate-Actuary
325 1436 25 23 m
364 1436 60 24 New
447 1435 67 24 York
537 1438 26 20 at
586 1443 14 15 a

64 1475 63 30 high
144 1476 90 29 salary.
268 1483 3 3 ■

148 1528 80 23 NEW
248 1527 115 24 SOUTH
386 1526 120 25 WALES.

99 1583 40 23 Mr
151 1582 105 26 Wilson,
270 1581 26 25 of
306 1581 42 34 flic
367 1582 124 24 Standard
512 1580 89 31 replies

64 1623 26 23 to
103 1621 41 24 the
157 1622 73 23 letter
243 1620 26 24 of
280 1620 40 24 Sir
335 1620 61 24 Saul
416 1620 102 24 Samuel
539 1618 61 32 pub-

63 1662 82 24 lished
157 1662 26 24 m
197 1662 41 24 the
257 1661 158 23 Westminster
426 1660 104 28 Gazette,
544 1667 56 17 con-

65 1704 170 31 temptuously
258 1702 121 31 adhering
402 1704 26 22 to
457 1701 144 32 everything

64 1744 32 24 he
108 1744 51 23 had
170 1742 140 32 previously
333 1743 106 23 written.
475 1742 40 23 He
538 1741 63 23 ridi-

64 1784 68 24 cules
144 1784 44 24 the
199 1783 72 25 value
291 1782 27 24 of
338 1782 60 24 land
420 1781 99 30 rearing
541 1781 59 30 only

65 1832 47 16 one
136 1823 74 31 sheep
236 1824 24 23 to
284 1824 42 22 ten
350 1829 76 21 acres,
451 1820 49 25 and
524 1822 76 23 states

66 1863 70 24 there
145 1871 41 15 are
210 1862 70 31 great
303 1860 120 25 stretches
447 1860 27 24 of
492 1859 60 25 land
574 1858 27 25 m

64 1903 63 24 New
141 1902 80 25 South
235 1902 84 23 Wales
331 1900 92 25 unable
433 1901 25 23 to
471 1900 30 24 be
518 1900 34 23 let
576 1901 25 22 at

65 1951 14 15 a
92 1951 82 22 penny
192 1950 43 22 per
247 1949 63 16 acre.
347 1941 53 23 The
412 1940 106 24 Funded
529 1939 71 24 Loan

66 1982 108 29 scheme,
188 1982 31 24 he
231 1989 65 23 says,
310 1980 21 24 is
344 1980 61 27 still,
419 1988 14 16 a
456 1980 84 28 fiasco,
564 1979 37 25 for

65 2020 20 25 it
97 2021 21 24 is
132 2020 115 31 probable
259 2019 56 24 that
327 2018 75 25 much
415 2018 27 24 of
452 2018 42 24 the
511 2025 90 23 money

65 2061 50 24 will
127 2060 29 25 bs
181 2057 142 27 subscribed
347 2058 32 32 by
402 2057 108 32 English
534 2066 65 15 com-

64 2100 94 32 panies,
170 2100 49 24 and
231 2099 101 31 coming
344 2098 72 32 again
430 2100 25 23 to
468 2098 42 25 the
533 2098 66 24 Lon-

65 2141 50 25 don
128 2140 96 25 market
236 2140 21 24 is
266 2139 125 31 probable.
417 2139 53 25 The
483 2139 118 25 colonists

65 2179 31 24 lie
117 2179 111 27 bolitve?,
242 2178 50 23 will
301 2179 43 23 not
358 2178 59 23 view
430 2177 39 25 his
482 2177 117 24 criticism

63 2217 49 24 liko
127 2217 39 24 Sir
180 2215 60 25 Saul
254 2215 110 29 Samuel,
377 2215 51 24 and
447 2216 84 23 unless
556 2215 42 25 the

64 2255 112 24 Prciiicr
184 2255 68 31 gives
264 2262 14 16 a
290 2253 87 33 pledge
390 2256 43 23 not
457 2256 25 23 to
505 2254 94 25 borrow

65 2304 32 15 on
111 2295 40 24 the
164 2295 105 24 London
283 2295 96 24 market
389 2295 63 24 until
478 2295 77 24 credit
578 2295 22 24 is

65 2333 116 27 restored,
195 2333 19 24 it
226 2333 21 23 is
259 2340 68 16 mere
339 2333 77 23 hocus
431 2340 84 22 poous.

101 2386 207 25 ATTEMPTED
327 2386 149 24 MURDER
495 2387 69 23 AND

258 2424 153 25 SUICIDE.

355 2477 49 25 San
423 2477 143 26 Fivancisco.

101 2523 18 23 A
136 2531 58 15 man
207 2521 90 25 named
310 2521 115 25 Ratcliffo
439 2522 83 32 to-day
541 2522 58 26 shot

66 2561 110 30 Maekay,
186 2561 42 23 tin;
242 2560 131 24 American
413 2561 80 24 Silver

63 2599 27 24 m
109 2601 42 22 the
165 2599 68 27 back,
247 2597 49 24 and
310 2597 58 25 then
383 2600 145 23 committed
548 2602 49 22 sui-

65 2637 61 24 cide.
161 2635 113 33 Mackay,
294 2635 55 26 who
372 2637 22 24 is
417 2636 59 32 only
495 2637 103 34 slightly

64 2675 128 28 wounded,
206 2674 108 26 declares
326 2675 54 24 that
392 2675 32 25 ho
437 2675 49 25 hud
500 2684 31 17 no
545 2685 51 22 pre-

65 2717 70 24 vious
148 2715 141 31 knowledge
301 2715 27 24 of
342 2715 123 25 Ratcliffo.

131 2770 70 25 THE
221 2769 82 25 ANTI
324 2770 209 26 HOMH-RULE

235 2810 198 26 AGITATION.

454 2855 113 24 London.

101 2896 40 24 Mr
153 2896 99 32 Hogan,
266 2906 14 15 a
293 2898 144 24 Melbourne
458 2899 141 30 journalist,

66 2934 46 25 has
122 2934 61 25 been
195 2936 117 24 returned
325 2937 142 31 unopposed
480 2938 37 24 for
538 2938 62 24 Mid-

66 2974 141 31 Tipperary.

100 3012 54 24 The
166 3013 111 30 Marquis
289 3013 27 24 of
326 3014 82 30 Bipon
420 3015 93 24 refuses
527 3017 23 22 to
563 3016 38 23 in-

67 3049 87 25 terfere
167 3051 25 23 m
213 3051 42 24 the
279 3051 158 30 Queensland
461 3055 140 29 separation

66 3089 98 33 dispute
176 3091 110 33 pending
298 3092 42 25 the
352 3093 99 32 general
470 3095 111 25 election.

100 3129 52 25 The
164 3130 85 25 result'
255 3131 26 24 of
292 3131 42 25 the
359 3133 155 26 Cirencester
537 3135 61 25 elec-

65 3169 53 23 tion
133 3176 96 17 was.—
232 3168 40 25 Mr
285 3169 37 25 W.
336 3171 31 23 L.
380 3171 115 30 Lawson,
518 3174 82 24 Home

65 3209 85 27 Kuler,
164 3210 64 25 4G87
240 3217 5 21 ;
265 3209 102 26 Coionel
380 3211 104 26 Chester
495 3213 102 29 Master,

65 3247 182 30 Conservative,
258 3249 73 24 4445.

96 3362 137 33 According
257 3366 25 22 to
306 3365 171 25 information-
488 3369 110 24 received

62 3399 64 25 from
138 3401 78 29 Paris,
235 3402 43 24 the
295 3402 110 25 Bussian
429 3405 171 26 Government

61 3438 50 24 will
120 3438 95 33 shortly
223 3440 93 24 receive
327 3441 188 27 half-a-million
530 3444 67 25 rifles

61 3485 57 17 now
130 3478 75 32 being
216 3480 189 26 manufactured
428 3482 38 24 for
490 3483 69 25 them
570 3485 28 24 m

62 3518 105 25 France.
203 3520 21 23 A
243 3520 97 25 further
362 3521 161 27 half-million
549 3525 49 24 will

62 3556 30 25 be
104 3558 75 31 ready
190 3560 60 23 next
262 3567 66 23 year,
343 3560 72 25 while
429 3560 42 26 the
489 3562 108 26 Kussian

61 3596 55 24 rifle
139 3596 49 24 and
212 3598 168 25 ammunition
411 3600 114 26 factories
558 3610 40 17 are

61 3634 111 32 working
195 3636 137 25 overtime.'
358 3638 35 24 As
417 3638 42 25 the
489 3640 109 26 Iluseian

63 3673 86 24 Grand
159 3674 73 24 Duke
246 3674 102 31 Sergui.s
361 3676 45 24 has
429 3676 60 26 been
513 3680 85 31 giving

62 3711 42 24 Mr
127 3712 146 29 Gladstone,
297 3713 67 24 Lord
388 3715 133 33 Kosebery,
549 3719 49 23 and

62 3751 72 24 other
146 3751 183 32 distinguished
341 3761 103 23 persons
467 3756 40 25 his
530 3759 70 30 royal

62 3790 68 24 word
153 3790 56 25 that
244 3790 113 26 Russia's
389 3793 140 26 intentions
558 3803 41 16 are

62 3828 98 31 strictly
182 3829 96 30 pacific,
302 3829 20 24 it
346 3838 81 17 seems
451 3840 27 16 as
502 3830 98 33 thou*jtt

62 3865 59 32 they
134 3868 67 22 want
213 3866 71 25 those
296 3867 67 25 rifles
384 3869 49 23 and
454 3868 85 33 things
562 3871 38 25 for

62 3904 44 26 the
115 3904 113 26 children
240 3906 25 24 to
276 3905 59 32 play
353 3907 69 29 with,
447 3908 85 27 unless
556 3910 42 26 the

687 180 86 24 Grand
786 181 72 25 Duke
873 182 100 31 Sergius
993 183 111 31 happens
1117 186 26 24 to
1155 185 29 24 be
1207 193 14 16 a

686 219 46 25 liar
745 222 26 23 to
783 230 68 16 some
863 224 93 23 extent.

720 274 53 24 One
786 275 26 23 of
823 275 42 25 the
877 275 53 25 best
954 276 104 25 tributes
1074 284 36 17 we
1124 277 98 31 (Mana-

686 313 66 23 watu
766 313 142 25 'Standard'
920 315 8 32 )
953 314 63 26 have
1028 315 77 25 heard
1117 315 57 32 paid
1198 317 25 24 to

685 349 43 25 the
739 352 187 25 retrenchment
935 354 80 31 policy
1025 354 27 24 of
1059 354 43 24 the
1113 355 109 23 Govern-

687 390 69 23 ment
768 388 21 25 is
802 389 56 25 that
870 399 75 23 many
974 392 122 24 residents
1108 392 27 24 of
1148 392 75 24 Well-

684 425 89 33 ington
797 435 41 16 are
862 428 161 33 abandoning
1054 430 43 24 the
1120 430 56 24 idea
1199 431 27 23 of

684 466 117 32 bringing
813 476 32 22 up
859 468 65 25 their
941 470 92 30 youths
1046 472 26 22 to
1095 479 15 16 a
1133 470 41 25 life
1198 471 27 24 of

684 504 82 30 giUed
779 513 54 16 ease
848 514 27 15 as
888 507 57 23 civil
962 510 121 25 servants,
1108 509 50 23 and
1181 517 42 16 are

684 542 132 31 enquiring
826 543 38 25 for
877 544 132 25 situations
1038 545 37 25 for
1102 548 68 23 them
1194 546 26 24 m

684 580 41 25 the
739 583 112 30 countr;-,
864 582 81 25 where
958 583 58 32 they
1029 592 48 16 can
1100 585 59 30 gain
1181 593 40 15 ex-

684 619 112 30 perience
809 620 24 23 m
853 621 116 31 fanning.
1006 623 49 23 For
1083 631 71 22 years
1179 622 42 26 the

684 656 120 25 ambition
818 658 26 23 of
851 659 81 30 proud
945 660 153 30 Wellington
1119 662 102 29 parents

683 694 46 25 has
739 695 61 24 been
814 698 24 22 to
852 705 39 16 see
905 697 66 24 their
981 698 120 31 offspring
1110 698 111 24 elevated

684 735 101 25 wooden
797 735 115 33 building
934 737 26 24 m
984 738 42 24 the
1050 738 83 29 world,
1157 738 64 24 from

684 775 101 25 whence
804 776 57 32 they
873 777 73 25 could
959 778 61 24 shed
1033 778 42 25 the
1098 778 123 32 refulgent

684 815 95 31 gleams
792 816 27 24 of
826 817 112 25 intellect
950 826 58 17 over
1020 819 43 24 the
1072 820 83 24 toilers
1165 819 56 25 who

684 856 116 30 provided
830 857 42 24 the
901 858 108 25 needful.
1073 858 51 25 But
1159 858 61 25 such

684 902 95 17 careers
792 895 58 31 only
867 896 64 24 exist
952 896 26 25 m
1001 897 145 25 dreamland
1168 898 53 31 just

683 939 64 20 now,
761 933 49 23 and
823 933 98 24 instead
933 935 27 23 of
968 935 98 31 joining
1080 936 42 24 the
1145 936 76 25 ranks

684 969 31 24 of.
722 970 70 24 those
805 971 54 25 who
898 971 44 25 toil
953 975 46 22 not
1011 973 98 25 neither
1121 973 31 25 do
1162 973 59 32 they

792 1011 41 25 the
846 1012 75 25 ranks
934 1012 26 25 of
972 1013 41 25 the
1025 1013 134 31 producers
1171 1013 51 26 will

685 1049 30 25 be
755 1051 157 31 augmented,
946 1053 43 24 the
1026 1055 148 30 aggregated
1197 1055 27 23 of

685 1091 143 30 population
852 1092 27 24 m
892 1093 42 24 the
947 1094 79 23 towns
1039 1094 180 28 discontinued,

686 1128 50 25 and
750 1128 41 26 the
802 1129 110 34 training
924 1131 26 25 of
960 1131 81 26 useful
1052 1131 124 26 members
1197 1132 27 24 of

687 1169 42 25 the
741 1171 155 32 community
914 1172 98 25 instead
1033 1173 27 24 of
1069 1173 90 24 drones
1171 1173 50 24 will

685 1206 30 25 be
727 1216 47 16 one
783 1209 78 24 result
873 1209 26 25 of
910 1209 42 25 the
964 1211 91 24 advent
1067 1213 25 23 to
1104 1211 70 25 office
1197 1211 27 24 of

685 1244 42 28 the
746 1248 112 32 People's
880 1250 125 33 Ministry.

721 1298 80 25 There
812 1299 23 24 is
846 1308 33 15 an
891 1300 42 24 old
945 1303 67 30 story
1025 1302 52 24 told
1089 1302 31 31 by
1133 1310 14 16 a
1159 1302 61 24 Nor-

685 1336 51 23 folk
755 1337 68 24 vicar
834 1338 27 23 of
870 1347 47 15 one
940 1340 27 22 of
993 1340 40 23 liis
1053 1340 168 30 parishioners

685 1376 56 25 who
753 1385 51 16 was
816 1378 107 24 married
936 1378 30 32 by
976 1379 169 25 instalments.
1181 1380 40 25 He

685 1416 49 24 had
743 1424 64 24 gone
820 1419 25 23 to
857 1418 93 25 church
963 1420 58 24 with
1032 1420 40 24 his
1084 1420 75 30 bride,
1170 1421 50 23 and

685 1454 51 25 had
748 1457 131 29 expressed
896 1457 40 24 his
948 1458 126 25 readiness
1087 1460 25 23 to
1124 1458 96 25 forsake

686 1492 34 25 all
732 1493 85 25 others
830 1495 49 26 and
891 1495 61 32 keep
964 1497 59 31 only
1031 1498 25 23 to
1066 1497 44 24 her
1122 1505 28 16 as
1161 1497 60 32 long

686 1538 27 18 as
743 1531 59 33 they
831 1531 60 26 both
910 1533 91 26 should
1012 1534 56 25 live.
1105 1535 85 24 When
1201 1535 20 26 it

685 1580 70 18 oarae
779 1575 25 23 to
827 1573 43 26 the
892 1582 84 24 young
1009 1578 120 23 woman's
1153 1578 67 28 turn,

687 1611 121 31 however,
822 1614 44 26 she
879 1622 50 17 was
941 1617 44 22 not
998 1623 27 17 so
1037 1615 109 26 minded.
1155 1634 5 3 -
1182 1616 39 26 No

685 1655 148 29 peasuasion
845 1656 72 26 could
936 1657 73 24 make
1032 1657 45 25 her
1100 1666 72 24 agree
1195 1660 26 24 to

686 1691 45 26 her
744 1692 72 25 share
839 1694 27 25 of
887 1694 43 25 the
953 1694 112 33 bargain.
1100 1697 121 33 Pleading

687 1737 49 23 and
746 1738 122 32 storming
880 1747 63 16 were
957 1739 66 25 alike
1034 1740 26 24 m
1080 1742 66 28 vain,
1172 1742 49 24 and

687 1776 26 23 at
725 1776 49 24 last
798 1776 42 25 the
865 1777 118 26 intended
1004 1778 86 32 couple
1113 1780 45 24 left
1178 1780 43 26 the

685 1814 94 26 church
792 1824 33 17 no
847 1825 69 18 more
934 1820 26 23 to
984 1819 60 25 each
1068 1820 71 25 other
1159 1822 63 24 than

687 1854 72 25 when
778 1854 59 32 they
862 1857 100 24 entered
991 1858 27 25 it.
1055 1858 53 26 The
1132 1860 90 32 village

687 1895 86 31 people
786 1897 82 24 stared
880 1899 26 23 to
917 1898 54 25 find
983 1898 56 25 that
1057 1899 43 25 the
1123 1901 98 24 would-

686 1934 30 25 be
729 1935 154 32 bridegroom
896 1944 50 18 was
956 1947 32 16 an
1012 1947 61 16 even
1093 1949 69 16 more
1183 1949 36 16 ar-

687 1972 59 26 dent
758 1973 68 26 lover
838 1974 62 25 after
912 1975 50 26 this
974 1977 112 26 incident
1094 1978 63 25 than
1180 1978 43 27 be-

687 2011 51 25 fore
750 2012 29 24 it.
815 2013 40 25 He
867 2014 50 24 laid
930 2016 86 31 steady
1040 2017 65 31 seige
1129 2019 25 23 to
1178 2018 43 25 the

687 2052 72 25 heart
771 2053 27 25 of
804 2053 41 26 the
855 2055 73 24 fickle
940 2055 47 26 fair
999 2064 53 22 one,
1066 2058 49 24 and
1128 2060 26 23 at
1173 2058 49 26 last

687 2092 106 26 induced
806 2094 44 25 her
863 2097 24 22 to
899 2104 32 23 go
944 2098 25 23 to
981 2097 94 25 church
1087 2098 61 25 with
1167 2099 54 26 him

688 2133 81 29 again.
805 2133 48 26 His
872 2134 98 27 scheme
994 2144 51 17 was
1068 2139 25 24 to
1113 2140 42 30 get
1179 2139 44 25 her

688 2172 69 25 there
770 2173 49 24 and
832 2175 68 23 leave
912 2175 46 24 her
978 2176 26 24 m
1029 2177 42 24 the
1094 2179 80 28 lurch,
1195 2187 28 18 as

688 2210 44 25 she
745 2211 47 24 had
806 2211 45 26 left
871 2212 62 26 him.
969 2214 137 34 Unluckily
1129 2217 38 25 for
1189 2217 33 26 its

687 2257 106 21 success,
807 2250 31 25 ho
851 2250 50 25 had
913 2251 74 26 taken
1000 2262 14 16 a
1034 2254 64 25 loose
1104 2257 119 31 -tongued

687 2290 115 24 comrade
825 2290 53 25 into
909 2291 40 25 his
983 2294 150 26 confidence.
1170 2297 53 26 The

687 2330 67 24 vicar
766 2330 49 24 had
827 2333 43 29 got
884 2332 64 24 wind
958 2334 27 24 of
993 2334 19 24 it
1026 2335 49 24 and
1094 2345 49 16 was
1167 2346 53 22 pre-

687 2368 83 30 pared.
807 2368 36 25 To
854 2370 42 24 the
908 2370 87 26 horror
1007 2373 28 24 of
1042 2372 42 26 the
1097 2375 124 32 conspira-

687 2410 60 27 tors,
761 2408 31 25 he
804 2411 120 30 proposed
936 2413 26 23 to
974 2412 57 25 take
1044 2422 32 23 up
1091 2415 43 25 the
1156 2424 65 18 mar-

688 2448 66 31 riage
764 2449 92 25 sorvico
869 2450 81 24 where
962 2452 19 24 it
994 2461 50 16 was
1067 2454 44 25 left
1131 2457 36 22 off
1188 2465 32 16 on

688 2488 43 25 the
751 2488 91 25 former
865 2491 123 25 occasion,
1013 2493 50 24 and
1082 2495 96 33 getting
1207 2506 18 16 a-

687 2529 73 31 ready
774 2532 85 23 assent
879 2531 63 25 from
956 2532 42 26 the
1018 2542 84 25 young
1124 2544 97 19 woman

687 2570 25 23 to
726 2568 66 26 fulfil'
803 2570 42 25 fcho
868 2572 140 26 conditions
1029 2574 44 25 she
1094 2576 49 25 had
1167 2586 53 23 pre-

687 2607 96 32 viously
795 2608 120 30 declined,
929 2619 64 17 went
1002 2620 32 16 on
1047 2613 105 27 without
1165 2616 54 25 hin-

681 2647 97 27 drance
788 2650 25 23 to
825 2649 41 25 the
879 2650 54 30 end,
947 2652 49 24 and
1009 2652 83 27 bound
1105 2655 43 26 the
1171 2657 48 26 dis-

686 2688 88 30 gusted
792 2687 153 33 bridegroom
959 2690 90 33 lightly
1062 2693 25 25 to
1111 2695 42 25 the
1178 2704 40 17 ex-

686 2727 85 29 pected
796 2727 80 31 object
899 2728 27 24 of
946 2728 40 25 his
1009 2739 113 24 revenge.
1159 2734 60 26 This

687 2772 50 17 was
749 2767 69 29 great
837 2768 67 29 sport
918 2768 23 23 to
963 2767 41 25 the
1025 2777 73 19 vicar,
1123 2770 45 26 but
1188 2781 33 18 no

687 2805 120 31 laughing
826 2808 91 23 matter
938 2809 23 24 to
981 2808 41 25 the
1046 2818 59 23 poor
1129 2814 90 25 wretch

686 2843 55 24 who
754 2843 77 24 found
855 2844 41 25 the
914 2845 58 31 joke
993 2848 89 24 turned
1106 2858 27 16 so
1153 2859 66 17 com-

687 2883 91 31 pletely
799 2885 98 29 against
920 2885 109 26 himself.
1066 2888 53 26 The
1153 2891 67 25 vicar

686 2928 76 17 novcr
775 2923 86 23 moved
874 2931 13 15 a
913 2925 101 28 muscle,
1039 2925 121 34 although
1183 2930 35 24 in-

686 2962 92 31 waivlly
792 2962 30 23 he
825 2965 1 2 '
836 2965 66 21 nnut
919 2963 62 25 have
994 2965 60 24 boon
1079 2969 139 32 exploding.

687 2998 47 25 His
747 2999 75 31 bvily
835 3001 85 23 leaned
934 3003 25 23 to
972 3002 100 26 virtue's
1093 3006 59 24 side.

719 3054 67 27 Rulo.
805 3053 37 24 for
866 3054 144 33 Measuring
1033 3057 131 26 Stacks.—
1167 3061 52 26 The

684 3091 126 32 following
823 3092 52 26 rule
889 3094 49 24 will
947 3095 55 32 give
1014 3103 27 17 as
1053 3104 60 18 near
1126 3106 32 17 an
1176 3108 41 24 ap-

684 3133 167 31 proximation
865 3135 24 24 to
903 3134 42 26 the
957 3136 92 32 weight
1061 3139 27 24 of
1097 3139 49 33 hay
1158 3141 27 24 m
1204 3151 14 16 a

683 3174 69 24 stack
776 3182 27 16 as
826 3182 47 24 you
898 3183 41 17 are
962 3176 75 32 likely
1065 3181 24 22 to
1122 3180 94 27 obtain.

684 3212 114 25 Measure
812 3212 41 26 the
865 3213 87 32 length
964 3215 50 25 and
1023 3215 102 28 breadth
1138 3220 28 24 of
1175 3221 42 26 the

684 3253 69 24 stiwk
764 3261 5 21 ;
790 3253 58 25 then
861 3254 56 24 take
929 3255 33 24 its
981 3255 87 32 height
1092 3259 64 24 from
1176 3261 42 25 the

682 3293 96 30 ground
792 3295 25 23 to
830 3302 80 20 eaves,
924 3295 48 23 and
985 3296 48 24 add
1046 3299 25 22 to
1096 3299 49 24 this
1168 3300 50 25 last

682 3341 47 17 one
742 3333 67 25 third
821 3334 26 24 of
857 3334 86 31 height
957 3335 61 26 from
1033 3336 41 26 the
1097 3347 72 18 eaves
1192 3342 26 25 to

684 3375 41 23 the
739 3377 40 28 top
796 3384 4 20 ;
821 3375 171 32 multiply-the
1009 3377 87 33 length
1120 3381 31 31 by
1174 3382 44 25 the

683 3414 103 24 breadth
800 3415 49 23 and
860 3415 41 24 the
915 3417 104 29 product
1032 3417 25 32 bj
1077 3419 42 24 the
1131 3420 87 32 height

683 3452 34 24 all
729 3453 130 30 expressed
873 3452 30 32 by
913 3453 49 25 feet
972 3462 6 21 ;
997 3454 82 26 divide
1097 3457 118 27 the*-am-

683 3493 62 22 ount
758 3493 30 29 by
801 3492 38 28 27,
859 3493 25 23 to
908 3492 52 24 find
985 3493 41 24 the
1049 3495 71 25 cubic
1143 3498 74 31 yards

684 3530 78 23 which
788 3530 115 31 multiply
924 3530 31 32 by
979 3531 42 25 the
1053 3535 106 25 Timber
1193 3538 28 24 of

682 3571 83 24 s'ones
778 3570 121 34 su£pq3ed
913 3572 24 23 to
950 3570 29 26 be
988 3572 26 24 m
1027 3581 14 16 a
1053 3574 71 26 cubic
1148 3577 66 32 (viz.,

682 3608 24 24 m
721 3617 15 16 a
748 3608 69 27 stack
830 3609 26 24 of
866 3617 53 17 n?w
932 3609 57 33 hay,
1004 3612 46 30 Dst,
1074 3614 49 24 and
1135 3614 21 24 if
1176 3616 41 24 old

681 3648 51 33 hay
744 3649 49 36 9,\t)
807 3649 49 25 and
868 3658 47 23 you
929 3650 62 26 have
1011 3652 41 24 the
1075 3655 92 31 weight
1190 3656 26 26 m

683 3690 84 29 stoqes
782 3689 39 23 141
826 3688 23 32 1))
863 3689 54 24 into
931 3694 55 20 tons
1000 3692 40 30 (22
1044 3692 41 33 10)
1098 3701 48 23 you
1168 3695 48 25 will

662 3739 4 3 -
682 3727 116 35 llayeike
810 3727 91 32 figures
914 3730 121 30 required.

662 3780 40 17 *•*
720 3784 84 21 Heath
834 3791 25 15 m
880 3791 48 15 the
950 3783 46 24 Tin
1025 3793 47 16 and
1095 3787 95 25 Kiss.—
1197 3790 21 24 A

682 3824 116 25 medical'
816 3826 82 24 officer
921 3826 27 24 of
976 3828 85 25 health
1086 3831 46 25 has
1155 3832 62 26 been

682 3869 113 30 warning
805 3868 42 26 the
857 3869 83 32 public
950 3872 98 31 against
1059 3875 9 22 t
1070 3873 5 14 T
1079 3882 21 17 ie
1112 3875 106 33 dangers

684 3911 27 26 of
721 3912 86 25 tinned
814 3915 89 24 meats.
939 3915 97 27 Tinned
1047 3920 79 25 meats
1138 3920 81 26 which

1317 191 92 23 appear
1428 191 82 24 pappy
1522 185 48 23 and
1583 187 61 24 emit
1656 195 15 17 a
1683 188 63 26 faint
1759 199 26 16 or
1798 193 56 29 put-

1319 223 43 28 rid*
1369 227 85 27 odour,
1480 227 88 25 should
1581 232 44 22 not
1637 230 30 25 be
1687 235 81 23 eaten.
1804 235 51 25 An-

1320 271 72 24 other
1420 272 104 24 medical
1554 273 82 25 officer
1665 284 80 17 warns
1768 280 86 29 people

1319 314 98 32 against
1429 314 95 31 kissing
1535 315 108 27 invalids
1653 318 53 32 just
1714 329 55 16 now
1781 322 73 25 when

1319 360 89 23 scarlet
1420 360 66 25 fever
1498 361 49 24 and
1571 362 141 32 diphtheria
1735 374 41 17 are
1799 375 53 23 pre-

1317 404 92 23 valent.
1448 404 36 25 All
1495 413 68 17 cases
1573 406 26 24 of
1607 415 54 17 sore
1672 407 82 27 throat
1762 409 90 27 should

1316 446 30 25 be
1364 447 95 25 treated
1472 448 58 25 with
1541 451 133 30 suspicion.
1711 453 34 25 Of
1754 454 34 24 all
1809 455 42 26 the

1315 498 66 23 ways
1394 491 27 24 of
1430 493 137 31 conveying
1580 494 126 29 infection,
1721 497 94 32 kissirg
1827 499 21 24 is

1315 534 26 23 to
1354 533 29 25 be
1395 534 42 25 the
1454 535 113 26 readiest.

1347 588 127 26 Hurrah!
1495 590 88 25 We're
1602 592 106 28 Safe,—
1710 594 53 25 The
1781 595 67 26 Hon.

1315 626 61 24 Carr
1385 627 66 31 Glyn
1465 628 26 25 of
1502 628 41 25 the
1566 630 73 25 Bank
1651 632 26 23 of
1698 632 60 25 New
1779 634 71 25 Zeal-

1315 667 58 28 and,
1386 667 56 24 who
1460 668 20 25 is
1493 677 31 16 on
1538 677 15 16 a
1570 670 58 25 visit
1641 673 24 22 to
1677 672 42 24 the
1731 674 117 29 colonies,

1314 703 22 25 is
1348 705 75 24 much
1435 706 138 29 impressed
1585 709 60 24 with
1658 710 60 24 New
1739 712 110 24 Zealand

1315 745 49 23 and
1376 745 47 24 has
1566 748 63 25 from
1642 752 113 28 personal
1769 752 82 24 obser-

1315 783 85 24 vation
1413 792 15 16 a
1440 783 144 33 knowledge
1595 787 82 25 which
1693 789 98 25 neither
1811 790 40 25 his

1314 823 104 32 reading
1429 832 46 17 nor
1487 825 39 25 his
1539 827 108 30 position
1670 837 27 16 as
1721 838 14 16 a
1756 830 95 26 banker

1314 862 50 26 had
1376 872 57 17 ever
1444 865 73 31 given
1530 866 53 25 him
1596 876 32 16 an
1641 868 56 26 idea
1708 870 32 25 of.
1776 871 40 24 Hp
1829 871 22 25 is

1309 901 134 32 .delighted
1456 905 59 24 with
1529 905 42 24 the
1584 914 91 24 energy
1686 908 28 24 of
1734 909 44 24 the
1801 910 48 24 col-

1314 942 80 25 onists
1407 943 50 24 and
1469 945 43 24 the
1524 953 125 18 resources
1662 948 50 24 and
1730 949 119 26 advance-

1315 983 70 23 ment
1397 982 26 25 of
1433 982 43 26 the
1488 985 97 31 colony,
1599 987 49 24 and
1660 987 22 24 is
1705 989 27 24 of
1749 990 102 31 opinion

1312 1021 64 31 that,
1389 1023 26 24 m
1428 1024 31 24 all
1473 1025 138 30 essentials,
1636 1027 43 25 the
1691 1030 108 29 position
1823 1031 26 24 of

1314 1060 43 25 the
1378 1061 88 32 colony
1477 1063 22 25 is
1515 1065 79 24 sound
1613 1066 49 23 and
1686 1067 163 34 satisfactory.

1352 1098 134 27 Standard.

1380 1201 71 25 THE
1479 1203 111 26 CURSE
1612 1205 44 25 OF
1683 1206 101 25 GOLD.

1348 1284 54 25 The
1421 1286 156 31 goldseekers
1600 1290 27 24 of
1647 1290 61 24 both
1738 1291 115 25 America

1313 1324 49 24 and
1373 1324 123 26 Australia
1507 1326 64 26 have
1583 1336 14 16 a
1605 1328 112 31 singular
1728 1330 45 25 but
1782 1331 68 25 well-

1312 1362 128 29 grounded
1463 1364 160 31 superstition
1647 1366 56 24 that
1726 1367 43 25 the

1314 1402 108 25 coveries
1434 1403 27 24 of
1470 1404 93 25 hidden
1587 1407 124 24 treasures
1731 1416 42 16 are
1797 1417 56 17 sure

1313 1440 26 23 to
1362 1443 66 22 meet
1450 1442 62 25 with
1534 1443 95 26 violent
1664 1444 97 26 deaths.
1799 1446 53 26 The

1313 1477 105 32 original
1430 1480 150 31 proprietors
1592 1482 27 25 of
1628 1482 112 27 between
1762 1484 89 32 thirty-

1312 1515 48 25 five
1373 1517 49 23 and
1433 1517 66 33 forty
1510 1519 28 24 of
1547 1519 43 25 the
1613 1523 66 22 most
1702 1530 148 24 prosperous

1313 1554 58 31 gold
1384 1555 48 25 and
1444 1556 75 26 silver
1530 1557 81 27 mines
1623 1559 27 25 m
1671 1559 51 26 this
1746 1563 105 31 country

1312 1600 42 17 are
1366 1593 90 25 known
1468 1597 26 23 to
1506 1596 63 25 have
1581 1605 71 17 come
1664 1599 25 24 to
1710 1599 54 32 just
1788 1600 61 25 such

1313 1633 69 25 ends.
1420 1634 50 26 Out
1482 1636 27 24 of
1519 1636 43 26 the
1573 1636 65 33 forty
1650 1647 28 16 or
1689 1639 59 30 less,
1762 1639 89 26 twelve

1313 1679 64 18 wore
1389 1672 57 26 shot
1453 1682 29 17 or
1490 1674 103 26 stabbed
1604 1678 26 24 to
1639 1677 74 25 death
1726 1678 26 25 m
1766 1679 85 25 saloon

1313 1711 50 24 and
1374 1711 73 25 other
1458 1712 77 26 broils
1545 1721 5 21 \
1570 1714 48 25 five
1630 1717 148 25 committed
1802 1718 49 24 sui-

1315 1748 68 30 cide;
1410 1749 70 26 three
1503 1759 63 17 were
1589 1754 116 31 engulfed
1727 1755 33 32 by
1782 1756 69 24 land-

1314 1787 75 26 slides
1400 1796 6 22 ;
1425 1789 47 26 five
1482 1791 90 25 turned
1584 1793 140 26 murderers
1747 1803 27 17 or
1797 1795 54 25 rob-

1313 1827 57 26 bers
1382 1829 50 24 and
1444 1839 63 17 were
1519 1832 93 32 caught
1625 1834 49 24 and
1687 1836 118 24 executed
1825 1836 27 25 m

1315 1868 99 25 various
1427 1877 66 23 ways
1503 1879 6 20 ;
1528 1879 48 16 one
1585 1872 42 24 fell
1639 1873 54 25 into
1706 1882 15 16 a
1743 1874 110 33 burning

1315 1908 85 31 spring
1411 1909 50 24 and
1468 1909 51 25 had
1531 1910 43 25 the
1583 1911 64 26 flesh
1660 1912 108 33 literally
1780 1916 73 24 stew-

1315 1947 31 24 ed
1357 1947 64 25 from
1433 1948 40 25 his
1496 1949 86 31 bones,
1608 1952 74 25 while
1705 1954 43 24 the
1768 1955 85 25 others

1315 1985 65 26 have
1392 1986 170 33 disappeared,
1575 1990 50 24 and
1642 1998 33 17 no
1699 1999 47 18 one
1769 1992 86 26 knows

1315 2024 68 25 A\hat
1395 2032 57 18 ever
1463 2026 103 26 became
1578 2029 28 24 of
1626 2028 79 26 them.
1741 2031 55 25 Geo
1820 2032 35 24 H.

1316 2062 85 32 Fryer,
1414 2071 62 18 once
1487 2064 44 26 the
1543 2065 151 27 millionaire
1717 2069 139 31 proprietor

1317 2102 28 24 of
1353 2102 44 26 the
1410 2107 6 11 '
1427 2103 78 34 Fryer
1522 2105 55 26 Hill
1600 2106 87 31 Mine,'
1711 2109 145 26 committed

1317 2142 92 26 suicide
1421 2143 28 24 m
1461 2144 101 26 Denver
1580 2145 64 26 after
1667 2147 123 33 spending
1813 2149 43 25 the

1316 2180 50 25 last
1378 2180 83 26 nickel
1472 2182 111 26 between
1595 2184 105 26 himself
1720 2186 51 24 and
1794 2188 62 24 star-

1315 2220 94 26 vation.
1446 2222 54 25 The
1520 2223 138 26 discoverer
1681 2225 27 25 of
1724 2226 44 25 the
1788 2228 68 31 great

1319 2258 125 27 Standard
1456 2260 70 26 Mine
1539 2262 75 33 (Cal.)
1627 2271 51 17 was
1690 2265 93 31 caught
1807 2266 49 24 and

1316 2297 142 26 swallowed
1470 2306 34 24 up
1524 2300 26 24 m
1570 2307 33 18 an
1627 2301 138 26 avalanche
1775 2311 6 21 ;
1802 2304 54 24 Col.

1318 2337 86 32 Strrey
1425 2345 52 19 was
1500 2339 74 26 killed
1595 2340 33 33 by
1662 2342 106 26 Indians
1778 2351 6 21 ;
1814 2344 41 25 W.

1317 2373 178 33 Fairweather,
1519 2378 28 25 of
1568 2378 43 26 tl:e
1635 2379 98 27 'amous
1763 2386 6 10 '
1781 2380 75 27 Alder

1317 2412 84 26 Gulch
1413 2413 87 31 Mine,'
1519 2415 54 26 died
1587 2417 62 25 with
1666 2418 44 25 the
1728 2424 6 10 '
1745 2419 110 26 frenzied

1314 2452 102 26 horrors
1428 2456 5 9 '
1452 2455 64 24 after
1527 2464 15 15 a
1550 2457 151 25 continuous
1712 2460 50 23 two
1774 2462 79 29 years'

1315 2491 121 27 debauch.
1473 2497 6 12 «
1487 2494 96 26 Farrell
1596 2497 25 24 of
1632 2497 113 27 Meadow
1769 2499 69 25 Lake
1848 2501 5 10 '

1315 2529 56 27 died
1382 2531 62 27 with
1456 2540 16 18 a
1480 2533 101 27 terrible
1594 2535 95 26 disease
1712 2537 27 25 m
1762 2546 16 16 a
1801 2537 52 26 San

1313 2570 134 27 Francisco
1470 2573 119 33 l:ospiti\
1625 2576 55 25 The
1708 2585 85 18 owner
1827 2579 29 24 of

1313 2608 58 26 that
1381 2612 71 30 great
1463 2612 77 29 mine,
1553 2612 43 26 the
1609 2618 6 10 '
1626 2614 172 31 Homestake,'
1811 2615 42 26 be^

1313 2655 70 20 came
1406 2659 15 17 a
1443 2650 179 35 highwayman
1645 2655 50 25 and
1717 2664 52 17 vsas
1794 2656 57 27 shot

1313 2689 75 26 while
1410 2691 106 33 robbing
1547 2701 15 17 a
1596 2695 151 32 stge-coach.
1783 2697 68 26 John

1313 2729 97 27 Homer
1419 2732 63 24 tried
1491 2733 42 25 the
1543 2742 68 18 same
1623 2737 71 23 route
1706 2737 56 24 that
1774 2737 78 32 Fryer

1312 2769 75 24 Went.
1423 2769 157 34 'Doughnut
1602 2772 69 31 Bill,'
1698 2774 153 27 'Nine-mile

1312 2805 107 31 Clarke,'
1438 2808 39 25 '0
1486 2809 16 24 d
1512 2810 101 26 Eureka
1625 2814 5 8 '
1649 2812 49 24 and
1710 2821 78 25 many
1813 2817 37 23 ot-

1311 2843 59 27 hers
1381 2854 64 17 were
1458 2847 76 25 kil'ed
1542 2848 27 24 m
1581 2849 109 26 saloons.
1719 2852 130 26 Plummet

1312 2881 91 27 known
1415 2892 28 17 as
1456 2889 6 10 '
1473 2885 140 32 Montana,'
1623 2888 42 25 the
1677 2888 138 27 discoverer
1826 2891 28 25 of

1312 2920 44 25 the
1365 2921 93 26 iichest
1470 2923 68 24 mine
1546 2924 28 23 m
1587 2925 42 24 the
1641 2927 86 28 world,
1752 2928 50 24 and
1825 2930 26 24 at

1311 2967 48 18 one
1367 2961 62 24 time
1442 2966 6 9 '
1461 2962 95 25 Sheriff
1565 2965 27 23 of
1598 2965 43 24 the
1653 2967 92 30 largest
1757 2970 93 30 county

1310 2996 28 25 m
1362 2998 42 24 the
1429 2998 95 26 United
1549 3000 102 31 States,'
1675 3011 51 18 was
1763 3005 88 33 finally

1311 3034 100 34 hanged
1423 3044 33 17 on
1475 3038 40 24 his
1533 3046 56 18 own
1610 3040 111 26 scaffold.
1724 3057 32 5 —
1757 3043 93 26 Ameri-

1310 3081 47 18 can
1383 3074 64 32 Life.

1387 3177 150 28 MURDER
1555 3182 44 25 OF
1615 3184 26 24 A
1658 3184 109 26 PRIME

1486 3219 179 31 MINISTER.

1342 3296 74 25 News
1427 3297 47 26 has
1486 3299 62 26 been
1560 3303 111 25 received
1684 3305 27 24 of
1721 3305 43 25 the
1777 3314 67 18 mur-

1307 3333 44 26 der
1363 3335 27 24 of
1401 3335 43 26 the
1455 3337 113 27 Premiar
1579 3341 27 25 of
1615 3341 44 25 the
1671 3342 90 28 Native
1775 3345 71 26 State

1309 3375 27 23 of
1352 3375 94 30 Ulwar,
1470 3378 27 24 m
1520 3379 82 26 North
1624 3382 119 26 Western
1766 3386 82 29 India,

1280 3424 12 13 \
1307 3413 83 26 which
1404 3423 52 17 was
1467 3420 158 30 perpetrated
1637 3422 81 25 under
1736 3424 112 32 singular

1307 3450 203 30 circumstances.
1547 3456 53 27 The
1646 3459 117 27 Minister
1796 3471 52 18 was

1307 3492 132 25 murdered
1451 3494 85 27 whilst
1547 3499 45 24 out
1603 3499 83 33 riding
1697 3500 33 33 by
1742 3510 15 16 a
1780 3511 67 25 gang

1307 3532 156 27 ofassasins.
1500 3535 54 26 The
1565 3537 100 34 inquiry
1688 3541 103 25 ordered
1815 3543 32 32 by

1307 3568 43 26 the
1362 3570 91 26 Indian
1472 3573 171 28 Government
1665 3577 47 26 has
1735 3582 111 24 resulted

1307 3611 46 23 not
1365 3610 59 33 only
1436 3612 26 24 m
1476 3613 43 25 the
1542 3616 141 25 conviction
1706 3619 26 24 of
1754 3628 48 17 one
1820 3622 28 24 of

1308 3648 44 27 the
1363 3650 123 34 principal
1498 3653 120 35 millitary
1636 3658 95 26 officers
1754 3660 28 26 of
1803 3661 44 27 the

1307 3687 85 26 Ulwar
1406 3689 78 31 State,
1498 3691 45 26 but
1554 3693 27 25 m
1604 3702 15 17 a
1642 3695 152 28 declaration
1814 3699 32 33 by

1307 3728 43 25 the
1363 3731 71 23 court
1446 3730 56 26 that
1525 3732 44 25 the
1592 3735 101 25 murder
1716 3746 50 17 was
1790 3747 53 17 exe-

1306 3767 74 24 cuted
1392 3767 32 33 by
1436 3768 72 26 order
1519 3770 28 24 of
1556 3770 43 26 the
1618 3772 52 27 late
1694 3774 150 35 Maharajah

1306 3806 27 25 of
1343 3807 93 26 Ulwar.
1472 3809 25 25 It
1509 3818 104 24 appears
1636 3813 56 27 that
1715 3815 51 26 this
1789 3825 55 24 per-

1309 3853 101 27 sonage,
1423 3848 108 34 desiring
1545 3851 39 25 for
1595 3854 95 33 sundry
1702 3864 102 18 reasons
1822 3860 26 24 to

1303 3885 63 28 have
1380 3888 44 25 the
1447 3889 117 27 Minister
1584 3895 123 30 removed,
1732 3898 114 27 confided

1302 3925 42 26 the
1357 3927 56 26 task
1420 3928 26 26 to
1459 3928 43 27 the
1513 3930 83 27 officer
1604 3935 179 33 commanding
1794 3937 45 26 the

1940 201 117 32 Imperial
2072 205 92 25 service
2187 208 114 31 troops—
2305 210 55 25 that
2383 212 30 29 is,
2435 212 43 35 thp

1941 242 65 25 force
2019 244 80 24 which
2121 246 43 24 the
2189 247 84 26 Uhvar
2298 250 70 26 State
2389 253 88 24 under>

1940 280 71 25 takes
2025 283 24 23 to
2062 285 44 27 put
2119 283 52 25 into
2185 284 42 26 the
2239 287 57 25 field
2321 289 89 26 should
2434 291 43 27 the

1941 318 92 25 Indian
2046 320 171 28 Government
2237 325 47 25 call
2309 327 37 25 for
2369 329 34 25 its
2426 320 53 36 ser^

1940 357 73 25 vices.
2051 359 61 26 This
2135 363 96 32 worthy
2253 367 43 28 got
2319 368 114 31 together
2462 360 17 35 i

1940 402 68 25 gang
2019 397 27 24 of
2061 405 67 23 men,
2152 400 131 34 including
2305 411 69 19 some
2392 407 28 24 of
2436 402 47 32 W

1938 441 54 17 own
2010 435 109 30 soldiers,
2145 440 115 30 way-laid
2284 443 43 24 the
2350 444 123 38 Minister,

1940 474 48 24 and
2001 475 73 25 while
2087 485 68 18 some
2168 479 26 24 of
2204 480 42 25 the
2258 484 72 29 party
2352 486 123 29 patrolled

1939 513 43 24 the
1994 516 66 27 road,
2074 517 117 25 others—
2194 528 27 16 as
2233 529 47 16 one
2292 522 27 24 of
2329 524 68 24 them
2418 526 56 26 who

1939 552 89 24 turned
2042 553 108 30 Queen's
2162 557 116 27 evidence
2299 563 131 29 expressed
2453 546 21 42 il

1938 592 92 23 —used
2054 592 65 26 their
2142 597 99 24 swords.
2278 599 69 31 They
2370 602 104 30 pleaded

1936 627 26 24 m
1976 628 99 26 defence
2089 632 55 24 that
2156 633 59 32 they
2239 644 63 17 were
2326 639 97 32 obliged
2448 642 26 23 to
2469 635 3 15 1

1936 675 70 24 carry
2018 672 44 22 out
2071 671 43 25 the
2126 673 84 25 orders
2222 676 27 24 of
2258 675 44 26 the
2323 677 149 35 Maharajah
2466 679 4 11 1

1936 706 25 25 m
1987 710 158 34 committing
2168 714 43 25 the
2235 719 48 22 act.
2319 718 53 26 The
2401 723 72 23 court)

1935 746 59 25 held
2006 749 56 25 that
2074 752 61 24 such
2148 754 84 26 orders
2244 765 63 17 were
2324 759 81 30 given,
2428 759 44 27 but

1936 786 102 27 decided
2050 790 59 32 they
2133 794 151 27 constituted
2307 806 34 17 no
2363 800 100 26 defence

1936 823 50 26 and
1998 828 133 25 sentenced
2159 833 49 23 two
2229 834 27 24 of
2279 835 43 25 the
2345 840 71 30 party
2445 840 27 25 to

1936 864 83 33 death,
2033 868 48 24 and
2095 870 85 26 others
2192 873 26 24 to
2230 875 99 26 various
2347 879 77 25 terms
2447 878 33 27 ofi

1935 907 74 27 penal
2022 909 132 25 servitude.

520 53 172 36 OXFORD
734 56 89 34 AND
868 58 108 34 OUST
1020 60 232 36 OBSERVER
1318 63 234 42 SATURDAY,
1597 70 150 36 MARCH
1790 53 34 52 X
1815 105 6 14 t
1866 75 91 33 1893.

1929 3725 101 29 rdntel
2054 3730 51 24 acl
2144 3732 139 28 Published
2295 3736 31 32 ly
2354 3738 116 26 Ricetaru

1964 3780 108 27 Holman
2095 3784 102 33 Pakish,
2223 3791 27 23 at
2267 3789 42 26 his
2330 3793 140 32 itegistered

1964 3834 117 37 Printing
2093 3839 85 31 Office,
2203 3842 68 33 Hi^b
2297 3845 92 29 Street,
2413 3848 57 28 Ea*t

1961 3889 102 29 Oxford.
2075 3893 156 28 Cauteburrv

2013 3945 136 33 Saturday,
2161 3950 90 27 March
2276 3956 24 24 4,
2321 3957 73 23 1893.

2022 1026 54 42 F.
2098 1026 58 45 B.
2187 1028 197 48 LANE.

2043 1096 90 39 (Late
2149 1100 36 30 E.
2203 1100 163 43 Butcher.)
2476 1114 3 18 ;

1948 1152 253 43 Watchmaker,
2216 1161 185 39 Jeweller,
2418 1164 45 31 &o

1938 1200 122 32 Importer
2088 1205 27 24 of
2152 1206 106 27 Musical
2297 1209 175 32 Instruments,

1937 1239 109 28 Victoria
2065 1243 38 30 Sfc,
2122 1246 135 32 Rangiora.

1938 1320 136 34 Speciality
2083 1326 67 24 :_in
2159 1328 108 30 superior
2278 1329 109 32 English
2394 1331 80 26 Lever

1938 1358 117 27 Watches
2067 1361 28 26 m
2106 1365 71 23 extra
2188 1366 86 31 strong
2284 1374 68 18 cases
2363 1368 73 25 made
2448 1370 26 24 to

1936 1404 44 24 my
1991 1398 71 25 order
2074 1401 26 24 to
2112 1401 51 26 suit
2181 1402 43 26 the
2246 1404 181 32 requirements
2450 1408 28 26 of

1935 1434 53 26 this
2004 1436 105 27 district.

1971 1494 30 25 F.
2013 1495 30 24 B.
2057 1496 70 26 Lane
2140 1498 68 25 visits
2233 1500 93 25 Oxford
2349 1501 123 34 monthly,

1938 1534 98 32 staying
2043 1537 26 23 at
2081 1536 136 28 Mitchell's
2233 1540 126 34 Boarding
2379 1541 95 27 House.

1936 1573 43 26 All
1990 1576 93 31 repairs
2095 1586 40 16 are
2147 1578 64 26 done
2220 1580 78 26 under
2308 1589 44 25 my
2359 1583 114 31 personal

1936 1616 162 31 supervision,
2124 1619 46 24 and
2195 1620 13 24 I
2231 1626 135 27 guarantee
2401 1622 71 26 satis-

1933 1654 102 28 faction.
2070 1658 46 25 All
2126 1659 103 34 jobbing
2237 1661 45 26 left
2300 1665 26 22 at
2349 1662 125 26 Weeber's

1935 1692 85 34 Fancy
2032 1695 154 34 Repository,
2211 1699 63 25 East
2297 1701 107 29 Oxford,,
2413 1702 59 24 .-trill

1934 1735 93 26 receive
2039 1744 44 24 my
2094 1737 55 26 best
2161 1740 124 24 attention
2303 1741 50 25 and
2372 1749 100 17 reason-

1934 1773 55 26 able
2001 1778 73 23 rates.
2380 1783 3 4 ■

1969 1832 118 28 Caution.
2123 1836 40 25 No
2174 1837 147 25 connection
2340 1839 61 25 with
2424 1847 49 26 any

1936 1874 73 24 other
2027 1875 61 32 shop
2102 1876 27 25 of
2139 1876 96 26 similar
2246 1878 110 27 address.

1936 2666 50 32 All
1996 2670 105 32 -Work
2110 2673 80 31 done
2204 2686 39 19 on
2257 2677 51 30 the
2321 2676 151 35 Premises

2058 2719 62 30 and
2144 2724 201 35 guaranteed.

2105 2813 135 28 NOTICE.

1933 2854 14 24 I
1957 2855 57 24 wish
2026 2859 25 20 to
2064 2857 85 24 in'orin
2163 2867 40 23 my
2215 2860 92 25 Oxford
2320 2862 89 26 friends
2426 2866 46 24 and

1937 2892 41 24 the
1996 2895 93 29 gancral
2112 2896 84 25 Public
2215 2898 52 25 that
2288 2908 38 23 my
2352 2901 122 32 Rangiora

1938 2930 105 25 business
2057 2933 41 24 has
2110 2934 120 27 increased
2244 2941 23 21 (o
2280 2939 57 24 such
2351 2948 30 17 an
2394 2945 80 21 extent

1937 2971 51 23 that
2001 2972 13 22 I
2022 2973 59 23 shall
2095 2975 26 23 be
2135 2976 85 25 uuablc
2230 2981 24 20 to
2265 2979 54 22 visit
2330 2980 92 25 Oxford
2432 2990 43 16 un-

1936 3008 38 24 lili
1985 3009 92 25 further
2088 3012 84 25 notice.
2212 3025 5 6 >
2241 3015 37 24 All
2303 3019 66 22 work
2382 3022 52 21 sent
2446 3019 29 32 by

1938 3047 112 27 Griffiths
2061 3050 67 29 Bro.,
2143 3052 109 31 Carriers,
2266 3055 46 24 will
2323 3058 87 25 receive
2422 3067 50 24 pro-

1936 3092 54 29 mpt
1997 3099 12 15 a
2013 3093 49 22 (ten
2066 3091 58 26 (ion.
2138 3093 21 24 A
2170 3093 64 33 large
2245 3095 74 27 Stock
2328 3099 26 24 of
2363 3099 111 27 Watches

1935 3130 48 23 and
2001 3130 123 33 Jewellery
2137 3141 31 16 on
2181 3134 72 25 hand.

2085 3176 68 26 GUS
2171 3178 117 32 JONES,
2307 3181 131 34 Rangiora.

1934 3291 157 48 MISSING
2107 3294 94 22 WORD
2225 3298 246 24 COMPETITION.

2095 3321 39 21 See
2147 3320 7 3 *
2163 3322 191 28 'JOBSERVEIt."

2116 3431 176 47 LOST.

1928 3549 28 31 A
1979 3553 118 31 Child's
2122 3556 65 31 Tan
2227 3559 90 32 Shoe.
2362 3563 104 42 Apply

2038 3602 95 32 Office
2149 3605 35 29 of
2194 3607 63 31 this
2278 3610 110 36 Papor.
