4260 5920
1894 3415 149 39 Mount
2087 3415 160 46 Benger
2291 3413 117 39 Mail.

2026 3518 60 19 JUST
2105 3518 55 20 AND
2179 3517 68 20 FEAR

1959 3596 116 27 FRIDAY,
2088 3594 130 23 OCTOBER
2237 3595 33 26 29,
2291 3594 55 22 1897.

1896 3681 34 22 Mr
1940 3682 62 26 Yule,
2009 3680 82 26 dentist,
2100 3687 44 19 may
2152 3680 25 20 be
2183 3680 108 21 consulted
2300 3681 23 20 at
2334 3678 87 23 Heron's

1871 3715 63 22 Hotel
1943 3715 53 21 from
2006 3713 88 27 Monday
2105 3713 32 21 till
2149 3713 130 26 Wednesday
2291 3715 57 20 next.

1896 3759 19 21 A
1924 3757 81 27 general
2016 3757 87 26 meeting
2122 3755 21 22 of
2161 3755 36 21 the
2213 3755 113 26 Roxburgh
2343 3755 79 27 Jockey

1870 3793 54 23 Club
1933 3793 15 21 is
1957 3793 63 21 called
2030 3793 31 20 for
2071 3795 118 17 to-morrow
2198 3792 86 24 evening
2293 3793 22 18 at
2321 3792 12 20 8
2343 3798 52 20 p.m.

1895 3837 30 19 At
1934 3842 11 13 a
1963 3835 87 24 meeting
2065 3833 21 20 of
2104 3833 35 20 the
2159 3832 50 21 locd
2227 3832 78 26 cycling
2323 3832 47 20 club
2384 3833 38 19 last

1869 3871 60 24 night
1941 3870 16 21 it
1967 3876 40 14 was
2018 3868 83 23 decided
2115 3870 21 19 to
2145 3868 43 26 join
2199 3868 35 20 the
2249 3868 52 21 N.Z.
2314 3867 77 27 League
2401 3868 21 21 of

1870 3903 129 23 Wheelmen.

1895 3945 47 20 You
1954 3944 50 20 have
2014 3943 70 21 ruined
2093 3949 51 20 your
2154 3943 133 20 constitution
2300 3943 121 26 sufficiently

1870 3981 26 25 by
1908 3980 96 25 drinking
2019 3978 81 21 inferior
2116 3979 39 19 tea.
2185 3978 84 20 Recruit
2284 3978 25 23 by
2327 3978 95 25 drinking

1868 4015 49 27 only
1927 4014 65 22 Kozie
2002 4016 38 20 tea.
2068 4013 20 21 It
2098 4012 16 22 is
2121 4019 50 20 pure
2178 4012 38 22 and
2225 4012 90 23 reliable.
2325 4012 82 22 -Advt.

1895 4062 29 20 At
1941 4060 36 21 the
1995 4059 65 22 Police
2078 4058 63 21 Court
2160 4066 25 12 on
2198 4058 96 26 Monday,
2304 4058 68 20 before
2395 4058 25 21 T.

1869 4095 97 26 Andrew,
1976 4095 55 26 Esq.,
2042 4093 56 24 J.P.,
2109 4093 23 20 L.
2143 4092 113 26 Campbell,
2265 4100 24 13 au
2300 4092 33 21 old
2343 4095 72 24 stager,

1869 4130 84 27 pleaded
1962 4129 66 27 guilty
2039 4131 22 18 to
2070 4128 147 25 drunkenness,
2235 4127 40 21 and
2286 4127 57 26 being
2353 4136 12 12 a
2378 4128 43 20 first

1868 4165 92 23 offender
1969 4165 54 25 here,
2032 4171 38 14 was
2081 4163 41 22 find
2133 4164 28 21 ss.

1893 4213 33 20 Mr
1936 4212 22 21 J.
1971 4212 28 21 H.
2009 4209 82 28 Waigth
2103 4209 35 21 has
2148 4209 51 21 been
2209 4209 110 27 appointed
2328 4216 94 16 manager

1867 4247 22 21 of
1907 4247 35 21 the
1956 4245 111 28 Roxburgh
2081 4245 154 25 Amalgamated
2244 4245 29 20 Co
2283 4245 15 20 's
2307 4245 62 25 mine,
2379 4245 39 21 ami

1868 4284 47 20 took
1938 4284 72 24 charge
2027 4285 22 17 at
2072 4282 35 19 the
2126 4280 109 26 beginning
2253 4282 21 19 of
2293 4282 41 19 this
2354 4283 66 19 wee'<.

1868 4319 59 20 Prom
1939 4317 32 20 Mr
1988 4315 98 25 Waigth's
2100 4315 46 25 long
2156 4315 95 26 practical
2263 4315 121 26 experience
2394 4315 26 21 he

1867 4351 17 21 is
1899 4349 112 27 eminently
2030 4348 59 22 fitted
2109 4348 32 21 for
2160 4348 35 22 the
2214 4349 94 27 position,
2333 4349 40 22 and
2392 4349 30 22 his

1867 4387 95 21 selection
1977 4385 73 22 should
2073 4392 62 19 prove
2154 4392 11 12 a
2187 4385 69 26 happy
2275 4392 39 14 one
2333 4386 32 20 for
2384 4386 35 20 the

1867 4419 147 21 shareholders.

1892 4462 44 21 The
1948 4460 74 22 annual
2040 4460 88 26 meeting
2148 4460 21 20 of
2190 4460 141 21 shareholders
2350 4461 21 21 of
2385 4461 35 21 the

1868 4496 112 27 Roxburgh
1990 4495 102 26 Dredging
2101 4496 35 20 Co.
2149 4502 39 13 was
2196 4495 46 21 held
2260 4497 22 18 at
2297 4497 31 20 St.
2339 4496 76 21 Jiimes'

1868 4533 125 23 schoolroom
2007 4539 27 14 on
2054 4530 88 27 Monday
2161 4531 95 26 evening.
2285 4533 17 20 A
2322 4531 97 28 telegram

1868 4569 75 25 haviug
1951 4568 49 20 been
2011 4567 90 21 received
2115 4567 52 19 from
2187 4567 32 19 Mr
2230 4567 75 25 Tlirop,
2317 4567 103 20 chairman

1868 4604 22 21 of
1898 4611 10 13 a
1919 4602 88 26 meeting
2013 4601 21 20 of
2040 4600 36 21 the
2087 4599 95 22 Duuedio
2188 4600 149 25 shareholders,
2347 4601 72 26 asking

1869 4636 46 22 that
1933 4635 36 21 the
1988 4633 89 26 meeting
2097 4633 72 21 should
2185 4633 24 21 be
2229 4633 114 27 adjourned
2360 4634 32 21 for
2411 4642 12 13 a

1869 4669 108 28 fortnight,
1985 4668 35 22 the
2029 4668 114 26 suggestion
2155 4675 39 14 was
2205 4668 86 22 acceded
2301 4670 28 21 to.

1895 4716 32 20 Mr
1935 4715 56 21 Wm.
2000 4714 75 24 Peters,
2085 4713 41 21 late
2134 4720 95 18 manager
2238 4713 22 20 of
2267 4713 34 21 the
2313 4713 108 27 Roxburgh

1870 4747 155 27 Amalgamated
2043 4746 54 22 Co.'s
2114 4747 62 26 mine,
2196 4753 40 14 was
2256 4747 129 20 entertained
2400 4749 23 17 at

1870 4783 108 23 Ormond's
1997 4782 63 22 Hotel
2076 4782 39 20 last
2128 4782 86 25 evening
2224 4781 25 26 by
2260 4781 36 21 the
2307 4781 116 26 employees

1870 4821 19 21 in
1901 4820 35 22 the
1946 4820 61 20 miue.
2034 4819 32 20 An
2077 4817 82 22 address
2169 4824 40 14 was
2227 4817 48 21 read
2294 4819 23 18 to
2336 4816 42 21 him
2397 4816 26 26 by

1871 4857 32 21 Mr
1912 4856 24 21 F.
1947 4856 50 20 Daw
2006 4861 25 13 on
2041 4853 69 21 behalf
2119 4853 21 20 of
2157 4853 37 20 the
2212 4853 124 24 employees,
2356 4851 40 21 and
2410 4859 13 13 a

1870 4889 138 28 presentation
2018 4893 40 14 was
2067 4886 66 21 made.
2160 4886 17 21 A
2197 4884 40 22 fall
2256 4887 69 23 report
2345 4884 23 20 of
2386 4884 35 19 the

1870 4923 130 27 proceedings
2011 4921 38 21 will
2059 4927 77 21 appear
2147 4921 52 20 next
2210 4919 60 21 issue.

1893 4967 43 20 The
1957 4966 80 21 contest
2059 4964 96 21 selection
2326 4961 40 21 and
2385 4961 36 20 the

1869 5002 79 21 contest
1957 5000 68 20 march
2063 4999 81 24 Mignon
2171 5004 34 14 are
2218 5004 46 14 now
2274 4997 20 20 in
2312 4997 35 19 the
2358 4996 65 20 hands

1868 5036 22 21 of
1907 5035 64 21 bands
1992 5034 108 27 preparing
2120 5034 32 20 tor
2174 5032 35 21 the
2234 5032 81 26 Naseby
2336 5034 85 19 contest.

1868 5071 43 21 The
1936 5070 80 26 Naseby
2035 5076 62 20 paper
2118 5068 112 26 saysWe
2254 5067 49 21 hear
2323 5067 46 20 that
2387 5067 35 20 the

1870 5105 147 23 Bannockburn
2040 5104 57 21 Band
2122 5103 40 21 will
2187 5103 60 20 make
2269 5109 25 13 an
2316 5103 62 19 effort
2401 5103 22 19 to

1868 5141 79 23 attend.
1974 5142 30 21 St.
2025 5140 90 22 Bathans
2140 5139 39 21 and
2199 5138 109 22 Cromwell
2328 5145 29 14 we
2375 5138 46 21 look

1869 5185 55 20 upon
1944 5183 22 14 as
1987 5176 76 21 certain
2084 5174 40 21 aud
2144 5173 111 26 Roxburgh
2277 5180 23 14 as
2321 5172 96 27 probable

1870 5213 139 24 competitors.
2039 5210 125 21 Palmerston
2176 5209 57 21 Band
2244 5211 74 18 cannot
2331 5215 63 14 come.

1893 5256 43 21 Tha
1976 5253 100 24 Standard
2121 5254 80 25 reports
2222 5259 12 13 a
2255 5258 79 14 narrow
2352 5258 69 20 escape

1868 5291 53 22 from
1930 5290 104 26 drowning
2046 5289 22 21 at
2077 5287 55 22 Gore
2141 5294 25 13 on
2176 5286 114 27 Thursday.
2320 5287 18 20 A
2347 5287 74 25 sewing

1869 5326 92 22 machine
1983 5326 59 25 agent
2070 5322 73 22 named
2162 5322 56 21 Dots
2234 5322 62 21 drove
2314 5322 44 21 into
2385 5321 36 21 the

1869 5363 100 24 Mataura,
1980 5359 64 22 which
2051 5364 37 15 wss
2097 5357 20 21 in
2131 5357 48 26 high
2198 5357 53 22 flood
2261 5364 26 14 on
2307 5357 36 21 the
2359 5355 62 22 north

1868 5396 44 22 side
1920 5394 22 22 of
1951 5395 36 21 the
1995 5393 65 21 traffic
2067 5391 68 26 bridge
2141 5391 21 21 in
2168 5391 59 22 order
2235 5393 22 19 to
2268 5392 45 24 give
2321 5390 32 21 his
2362 5390 59 21 horse

1868 5437 12 13 a
1889 5428 68 26 drink,
1970 5427 41 22 and
2023 5425 40 22 had
2077 5431 25 14 no
2117 5431 71 13 sooner
2201 5427 34 23 got
2249 5424 44 21 into
2307 5424 36 21 the
2361 5423 55 21 river

1868 5465 52 22 than
1934 5463 35 23 the
1983 5463 82 22 current
2078 5460 48 21 took
2139 5458 60 22 horse
2212 5459 41 22 and
2263 5467 82 20 express
2359 5458 59 22 down

1869 5501 35 21 the
1920 5501 76 19 stream
2009 5498 40 21 and
2063 5496 52 20 close
2128 5498 22 17 to
2164 5496 36 19 the
2214 5495 60 20 hank.
2303 5494 44 20 The
2361 5494 59 20 horse

1868 5533 59 22 made
1933 5538 25 15 an
1964 5533 61 21 effort
2034 5532 22 20 to
2061 5528 61 22 climb
2128 5527 36 21 the
2173 5527 54 21 bank
2234 5534 48 14 near
2288 5527 36 21 the
2334 5526 82 25 railway

1868 5569 76 26 bridge,
1955 5568 39 21 and
2009 5568 19 20 in
2039 5566 31 21 his
2083 5571 21 14 so
2117 5562 61 27 doing
2193 5562 36 21 the
2244 5563 83 21 current
2340 5560 76 25 caught

1868 5605 35 22 the
1914 5611 82 20 express
2004 5602 40 22 and
2054 5599 90 28 capsized
2160 5598 23 27 it,
2199 5599 101 24 throwing
2315 5597 32 21 Mr
2361 5597 57 20 Dove

1868 5639 40 22 and
1917 5639 36 21 the
1966 5638 92 22 contents
2070 5635 21 20 of
2105 5634 35 20 the
2154 5633 78 21 vehicle
2246 5633 43 20 into
2305 5632 35 21 the
2356 5631 60 20 river.

1869 5675 32 21 Mr
1911 5675 58 21 Dove
1979 5670 96 27 managed
2083 5671 21 18 to
2111 5674 57 15 swim
2178 5670 22 18 to
2210 5667 35 21 the
2255 5667 103 26 bank,and
2368 5665 49 21 thus

1868 5710 63 23 saved
1938 5709 31 22 his
1976 5708 44 23 life.
2045 5705 43 22 The
2093 5703 59 22 horse
2158 5702 39 22 and
2206 5709 82 20 express
2295 5708 52 14 were
2357 5701 64 26 swept

1870 5745 59 22 down
1938 5746 83 22 stream,
2028 5740 39 22 and
2075 5738 35 22 the
2116 5738 76 21 former
2200 5743 39 14 was
2247 5735 104 25 drowned,
2363 5734 58 21 while

1868 5780 37 27 the
1914 5778 76 22 vehicle
2002 5783 39 16 was
2051 5773 74 27 caught
2134 5778 25 15 on
2169 5779 11 13 a
2191 5771 55 22 bank
2259 5771 20 21 in
2287 5770 131 22 mid-stream.

2455 205 44 22 The
2530 205 74 22 Mount
2613 205 37 21 Ida
2657 205 108 21 Chronicle
2791 205 78 23 reports
2880 204 35 21 the
2924 209 39 15 mar-

2431 239 54 28 riage
2494 239 22 22 of
2531 240 34 21 Mr
2572 240 29 22 H.
2620 240 35 22 W.
2675 240 73 21 Hilton
2765 241 22 20 to
2807 239 48 20 Miss
2874 238 61 21 Amie
2954 237 24 22 C.

2432 274 117 26 Courtayne
2562 273 65 21 which
2636 280 38 14 was
2684 273 114 21 celebrated
2807 274 22 19 at
2838 273 31 25 St,
2888 271 94 26 George's

2432 308 84 27 church,
2523 308 90 26 Naseby,
2622 309 21 20 at
2660 308 13 21 8
2685 308 75 21 o'clock
2775 315 48 14 a.m.
2841 314 26 14 on
2886 306 93 25 Tuesday

2434 343 47 26 (last
2492 343 72 26 week),
2584 343 21 21 in
2624 343 36 21 the
2678 350 103 20 presence,
2798 341 184 26 notwithstanding

2434 379 36 21 the
2478 379 56 23 early
2542 379 60 25 hour,
2610 378 22 21 of
2639 386 11 13 a
2660 378 54 25 large
2723 379 107 26 gathering
2836 378 21 21 of
2865 378 35 20 the
2907 377 76 20 friends

2433 411 22 22 of
2464 412 36 21 the
2508 419 69 19 young
2585 412 78 25 couple.
2691 412 43 21 The
2751 412 63 23 bride,
2835 410 100 22 attended
2954 411 28 26 by

2434 447 37 21 her
2476 447 124 21 bridesmaid
2610 447 49 21 Miss
2669 448 124 21 Courtavne.
2804 447 84 21 entered
2898 454 24 13 on
2944 447 35 19 the

2435 490 42 15 arm
2487 482 22 23 of
2518 483 36 22 her
2560 483 67 25 uncle,
2638 483 33 21 Mr
2680 483 90 22 Warden
2780 482 112 27 Dulgliesh,
2904 482 40 21 and
2954 482 33 21 Mr

2435 520 45 20 Jas.
2499 519 64 21 Bevin
2577 520 59 20 acted
2650 527 22 13 as
2685 520 45 20 best
2749 527 52 13 man.
2829 520 44 19 The
2889 519 52 20 Rev.
2963 519 22 20 S.

2437 554 127 21 Hawthorne
2582 554 116 27 performed
2721 561 49 18 very
2798 554 137 27 expressively
2951 554 37 20 the

2436 590 102 21 beautiful
2545 590 99 25 marriage
2653 591 75 20 service
2735 591 23 20 of
2766 591 35 20 the
2810 590 84 26 English
2907 590 84 21 Church

2437 625 66 21 which
2513 632 40 14 was
2561 625 90 26 brought
2657 626 22 20 to
2684 633 11 13 a
2706 626 68 26 fitting
2782 626 116 21 conclusion
2914 625 28 26 by
2951 625 36 21 the

2436 661 83 27 playing
2527 661 22 21 of
2558 661 36 21 the
2604 661 102 26 Wedding
2714 661 70 22 March
2796 661 27 21 bv
2837 661 43 21 Mrs
2902 661 54 21 Moss
2970 668 21 14 as

2436 696 36 21 the
2490 696 93 26 wedding
2598 698 60 25 party
2676 696 48 21 filed
2742 699 37 19 out
2801 696 22 21 of
2847 696 36 21 the
2903 696 85 22 church.

2437 730 110 27 Repairing
2570 731 22 20 to
2609 730 37 21 the
2663 730 102 22 residence
2782 731 23 21 of
2824 731 31 21 Mr
2873 731 39 20 and
2942 731 42 20 Mrs

2438 764 111 25 Dalgliesh,
2560 763 36 20 the
2608 765 69 24 guests
2686 771 25 13 on
2721 764 36 20 the
2767 764 107 21 invitation
2894 764 22 19 of
2934 764 57 19 their

2438 799 47 21 host
2490 798 65 22 drank
2563 798 50 22 with
2620 798 134 22 enthusiastic
2763 798 85 22 musical
2860 798 93 22 honours
2969 799 22 20 to

2438 835 36 20 the
2483 834 71 22 health
2561 834 40 22 and
2608 834 109 28 happiness
2727 835 22 21 of
2758 836 33 20 Mr
2799 835 40 21 and
2847 835 41 21 Mrs
2904 835 82 25 Hilton,

2438 871 33 20 Mr
2493 870 129 21 Hawthorne
2647 870 75 27 adding
2747 878 12 13 a
2784 871 39 21 few
2848 870 143 26 appreciative

2439 906 89 21 remarks
2535 907 21 20 to
2566 905 35 22 the
2608 905 102 22 felicitous
2720 906 79 27 speech
2810 906 22 21 of
2841 907 33 20 Mr
2883 905 110 25 Dalgliesh.

2438 941 43 21 The
2499 942 55 20 toast
2576 948 41 14 was
2633 941 89 26 fittingly
2745 941 117 28 responded
2878 942 21 20 to
2917 941 25 26 by
2960 941 36 21 the

2445 977 127 26 bridegroom
2582 983 26 15 on
2627 976 70 23 whose
2714 977 111 22 invitation
2841 976 35 22 the
2894 983 102 18 company

2438 1013 66 21 drank
2521 1013 37 21 the
2575 1012 71 22 health
2664 1013 22 21 of
2700 1013 36 21 the
2754 1013 129 25 bridesmaid,
2904 1020 11 13 a
2932 1013 54 20 toast

2439 1048 113 27 responded
2561 1049 23 19 to
2593 1047 49 22 with
2652 1048 90 27 winning
2751 1047 81 23 brevity
2840 1047 27 24 by
2878 1047 32 21 Mr
2922 1047 73 28 Bevin.

2439 1083 43 22 The
2491 1083 54 21 toast
2560 1082 34 21 list
2604 1081 112 22 concluded
2731 1082 54 21 with
2836 1082 42 21 The
2893 1082 47 21 host
2957 1081 40 23 and

2542 1119 99 27 proposed
2652 1118 27 27 by
2688 1119 33 20 Mr
2747 1119 86 22 Cutten,
2857 1118 53 21 after
2929 1117 65 22 which

2440 1153 36 20 the
2493 1153 51 21 Rev.
2563 1152 33 21 Mr
2613 1151 68 22 Smith
2697 1151 67 22 added
2782 1158 12 14 a
2821 1151 40 22 few
2883 1151 65 21 words
2974 1151 21 20 of

2441 1187 161 27 congratulation
2608 1188 22 20 to
2640 1187 36 21 the
2687 1194 62 17 many
2772 1187 52 27 good
2835 1187 72 21 wishes
2916 1187 82 26 already

2440 1223 114 26 expressed.
2581 1223 44 21 The
2648 1229 68 20 young
2744 1222 77 27 couple
2838 1222 39 22 left
2898 1223 23 20 at
2948 1222 50 22 9.30

2440 1259 74 20 amidst
2521 1259 88 20 showers
2618 1258 22 21 of
2649 1258 41 21 rice
2704 1258 40 21 and
2751 1258 94 20 followed
2855 1258 27 25 by
2897 1265 12 13 a
2920 1258 74 20 wealth

2440 1294 22 21 of
2473 1293 52 28 good
2533 1293 81 23 wishes.

2466 1350 105 26 Certainly
2584 1350 35 20 the
2634 1350 54 20 most
2701 1349 95 21 effective
2808 1349 99 20 medicine
2920 1349 19 20 in
2952 1349 37 20 the

2440 1385 62 21 world
2521 1385 17 20 is
2554 1385 115 19 SANDER
2682 1384 40 20 and
2739 1383 76 21 SONS'
2831 1383 162 21 EUCALYPTI

2440 1417 137 22 EXTRACT.
2604 1416 48 21 Test
2660 1416 27 21 its
2693 1415 112 27 eminently
2813 1415 98 27 powerful
2920 1416 73 21 effects

2441 1453 21 21 in
2474 1452 82 25 coughs,
2567 1451 62 26 colds,
2640 1451 99 21 influenza
2747 1467 6 8 ,
2776 1451 36 20 the
2822 1451 58 20 relief
2889 1451 17 19 is
2917 1451 66 20 instan-

2441 1488 89 18 taneous.
2561 1485 25 20 In
2600 1484 76 21 serious
2687 1491 55 14 cases
2755 1483 41 21 and
2809 1484 103 21 accidents
2928 1484 22 21 of
2965 1484 28 21 all

2441 1519 66 23 kinds,
2517 1517 26 20 be
2552 1518 50 24 they
2612 1517 92 23 wounds,
2715 1517 69 20 burns,
2794 1517 105 21 scalding,
2917 1517 78 20 bruises

2452 1552 73 24 prains,
2535 1551 17 20 it
2561 1550 18 21 is
2588 1550 36 21 the
2633 1550 63 21 safest
2706 1550 135 25 remedyno
2852 1550 145 25 swellingno

2440 1585 158 22 inflammation.
2628 1585 52 21 Like
2688 1585 112 26 surprising
2810 1585 73 20 effects
2893 1584 104 26 produced

2442 1620 20 21 in
2478 1627 70 19 croup,
2559 1619 108 27 diptheria,
2681 1619 118 25 bronchitis,
2812 1619 148 20 inflammation
2974 1625 23 23 Of

2443 1656 37 21 the
2503 1655 67 27 lungs,
2584 1654 110 27 swellings,
2701 1656 39 20 etc.
2761 1654 108 26 diarrhoea,
2885 1655 108 27 dysentry,

2443 1691 88 20 diseases
2541 1689 22 21 of
2572 1689 36 21 the
2620 1689 87 25 kidneys
2716 1688 40 21 and
2770 1688 81 26 urinary
2861 1695 78 18 organs.
2969 1688 25 20 In

2457 1732 21 13 se
2485 1724 55 21 atall
2546 1724 100 25 hospitals
2652 1724 40 19 and
2699 1722 86 21 medical
2791 1723 75 22 clinics,
2881 1723 90 24 patroais
2984 1722 13 20 d

2443 1760 27 25 by
2479 1760 39 20 His
2528 1759 88 26 Majesty
2626 1758 36 22 the
2673 1758 56 26 King
2737 1757 22 21 of
2769 1757 63 26 Italy,
2843 1757 92 21 crowned
2953 1756 44 21 tfith

2446 1795 67 20 medal
2523 1795 40 20 and
2572 1794 90 26 diploma
2671 1794 23 19 at
2706 1792 148 21 International
2868 1792 118 20 Exhibition
2994 1792 3 28 ,

2446 1828 139 20 Amsterdam.
2612 1827 63 21 Trust
2683 1827 22 19 in
2714 1826 42 20 this
2766 1825 103 26 approved
2878 1825 70 20 article
2958 1825 39 20 and

2446 1864 63 25 reject
2517 1863 29 21 all
2556 1863 75 21 others.

2592 1948 126 50 Mining
2758 1948 113 41 Notes.

2471 2050 43 21 The
2529 2049 95 22 Pleasant
2640 2049 75 26 Valley
2726 2047 134 23 Goldmininc
2870 2047 38 21 Co.
2919 2046 81 21 washed

2446 2090 28 18 up
2492 2083 108 25 yesterday
2617 2082 32 21 for
2661 2084 42 19 two
2720 2082 70 20 weeks'
2807 2081 64 24 work,
2893 2080 107 25 obtaining

2446 2115 48 21 430z
2504 2115 55 21 3dwt
2569 2115 58 26 I2grs
2635 2114 68 27 (value
2713 2113 54 21 166
2776 2114 21 20 4s
2807 2113 41 25 6d).

2471 2151 43 21 The
2524 2150 103 27 following
2635 2157 35 14 are
2679 2150 36 21 the
2723 2149 98 27 dredging
2830 2150 83 20 returns
2924 2148 32 21 for
2967 2147 35 22 the

2447 2187 46 26 past
2499 2186 148 26 weekOtago
2657 2185 55 26 17oz,
2720 2184 80 22 Golden
2807 2184 54 21 Gate
2870 2184 49 20 12oz
2927 2183 74 26 lldwt,

2447 2220 79 21 Golden
2543 2220 99 21 Treasure
2656 2219 70 26 lOAoz,
2742 2218 118 27 Enterprise
2876 2219 25 20 25
2910 2225 16 14 >z
2945 2218 58 22 7dwt

2449 2254 64 26 Isgrs,
2528 2254 132 26 Bengerburn
2676 2253 29 24 (in
2724 2253 37 20 tail
2778 2258 53 21 race,
2841 2252 80 26 coming
2940 2258 27 17 up
2981 2253 23 19 to

2448 2289 36 21 the
2493 2289 67 27 claim)
2572 2289 56 22 lOoz.

2473 2325 44 22 The
2527 2326 82 21 Ettrick
2620 2325 76 27 dredge
2713 2324 37 21 has
2760 2324 51 21 been
2825 2324 75 21 unable
2917 2326 22 19 to
2952 2324 52 20 start

2451 2360 99 27 dredging
2560 2360 68 26 again,
2639 2360 36 21 the
2684 2360 54 20 river
2747 2359 60 26 being
2816 2360 35 19 too
2860 2358 56 25 high.

2474 2395 43 21 The
2534 2394 89 22 Electric
2642 2394 40 21 No.
2704 2394 11 20 1
2736 2394 75 26 dredge
2830 2393 17 21 is
2866 2392 42 21 still
2926 2392 78 26 getting

2450 2431 52 27 good
2529 2432 91 25 returns,
2641 2430 41 22 and
2700 2430 32 21 for
2750 2437 55 14 some
2821 2428 65 22 weeks
2907 2430 46 25 past
2971 2428 33 22 the

2450 2467 71 21 record
2533 2466 38 21 has
2580 2466 69 21 varied
2658 2465 52 21 fiom
2722 2465 48 21 80oz
2780 2467 21 19 to
2811 2465 66 21 150oz.

2476 2505 43 22 The
2531 2505 114 24 Molyneux
2660 2504 106 27 hydraulic
2784 2504 88 26 dredge's
2883 2505 69 19 return
2962 2503 41 21 last

2452 2540 57 21 week
2520 2546 42 15 was
2575 2539 49 22 19oz
2632 2538 57 22 3dwt
2697 2538 43 26 7gr.
2766 2538 43 21 The
2823 2537 103 22 Turakina
2934 2538 72 25 dredge

2451 2573 78 22 started
2546 2572 40 22 last
2604 2572 64 27 week,
2684 2571 41 22 and
2741 2571 35 21 the
2795 2571 117 26 machinery
2923 2570 82 22 worked

2451 2606 119 27 splendidly
2582 2606 51 21 with
2643 2605 41 22 full
2691 2605 92 22 buckets.
2811 2604 54 23 Gold
2872 2612 40 14 was
2917 2604 89 26 showing

2450 2648 27 13 on
2491 2641 36 20 the
2539 2641 54 20 mats
2602 2639 54 21 after
2665 2646 26 14 an
2700 2639 69 21 hour's
2778 2646 46 14 run.

2476 2677 25 19 In
2522 2681 139 20 consequence
2678 2674 22 20 of
2716 2674 38 20 the
2771 2673 118 21 favourable
2901 2674 72 20 nature
2983 2672 21 21 of

2451 2711 33 23 Mr
2496 2711 23 23 J.
2534 2709 91 24 Howard
2633 2709 107 23 Jackson's
2749 2711 69 25 report
2830 2709 103 27 (manager
2942 2708 22 22 of
2973 2708 34 22 the

2453 2747 52 21 Blue
2517 2746 55 26 Spur
2581 2744 62 27 mine)
2658 2752 27 13 on
2700 2744 36 21 the
2752 2743 119 22 Waimumu
2881 2744 66 25 claim,
2959 2750 48 14 near

2450 2782 64 24 Gore,
2531 2781 17 20 it
2565 2780 36 21 has
2613 2780 50 20 been
2673 2778 85 21 decided
2767 2780 21 19 to
2797 2780 52 19 start
2858 2778 97 26 dredging
2972 2778 35 21 the

2450 2815 86 29 ground.

2480 2905 321 55 Roxburgh-Heriot
2841 2905 141 53 Railway

2662 2972 146 51 League.

2489 3090 26 29 A
2543 3089 94 40 public
2673 3089 124 40 meeting
2831 3089 87 29 under
2955 3090 48 30 the

2452 3130 123 38 auspices
2596 3130 29 29 of
2649 3130 47 29 the
2721 3132 87 28 above
2831 3130 95 36 league
2949 3142 54 17 was

2453 3172 63 28 held
2537 3172 27 27 in
2579 3171 48 28 the
2647 3171 166 29 Athenaeum
2827 3181 34 19 on
2876 3171 127 36 Tuesday

2452 3212 116 37 evening
2568 3210 3 39 l
2573 3234 6 11 ,
2590 3211 78 27 when
2682 3211 77 27 there
2771 3221 56 17 was
2837 3221 17 17 a
2862 3210 76 35 large
2948 3210 53 29 and

2452 3250 215 38 representative
2678 3249 307 33 attendance,nothwith-

2453 3289 132 38 standing
2606 3298 67 28 very
2693 3289 56 28 bad
2771 3289 120 28 weather
2911 3289 54 29 and
2989 3299 15 18 a

2453 3330 117 28 number
2594 3329 30 29 of
2648 3332 114 26 counter
2794 3332 207 36 engagements.

2453 3370 46 31 Mr
2520 3370 74 30 John
2616 3369 98 40 Inglis,
2737 3369 142 39 president
2903 3370 30 29 of
2957 3369 47 30 the

2451 3412 106 38 league,
2571 3421 55 19 was
2637 3411 28 28 in
2678 3411 47 29 the
2738 3411 84 29 chair.
2860 3410 59 30 The
2928 3411 60 28 busi-

2453 3462 62 20 ness
2528 3451 29 29 of
2569 3452 47 28 the
2636 3450 123 40 meeting
2780 3461 54 19 was
2848 3456 28 24 to
2895 3451 108 29 receive

2452 3493 47 30 the
2507 3496 93 35 report
2609 3491 30 30 of
2649 3492 46 29 Mr
2700 3491 109 36 Dunne,
2816 3491 60 30 who
2882 3492 121 38 recently

2451 3533 79 29 acted
2540 3544 31 18 as
2580 3533 47 28 the
2639 3532 123 35 league's
2773 3532 126 39 delegate
2912 3536 28 25 to
2954 3532 48 29 the

2454 3574 114 31 Cabinet
2580 3577 29 25 at
2623 3572 181 40 Wellington.

2488 3628 45 29 Mr
2556 3626 109 34 Dunne,
2678 3625 29 27 in
2730 3625 99 38 giving
2853 3626 43 28 his
2919 3628 70 26 state-

2451 3672 84 29 ment,
2549 3666 58 29 said
2628 3665 36 29 he
2689 3665 91 29 would
2801 3664 156 30 endeavour
2975 3670 28 24 to

2451 3708 126 29 combine
2609 3704 110 39 brevity
2749 3705 55 29 and
2830 3705 173 29 consiceness

2450 3750 67 28 with
2531 3748 47 30 the
2590 3746 94 30 fullest
2696 3746 177 30 information
2900 3746 33 29 he
2947 3757 55 19 was

2451 3790 59 29 able
2524 3793 28 26 to
2576 3788 72 38 give.
2688 3787 99 29 Before
2813 3787 129 37 entering
2966 3798 35 18 on

2451 3831 47 28 the
2508 3830 107 38 subject
2628 3828 30 28 of
2670 3827 43 29 his
2733 3827 65 29 visit
2820 3828 35 28 he
2872 3828 129 28 hastened

2451 3875 28 25 to
2493 3870 80 30 make
2582 3867 50 31 full
2643 3868 260 37 acknowledgment
2915 3868 29 30 of
2957 3868 46 29 the

2451 3915 78 35 great
2543 3910 152 39 obligation
2722 3909 88 29 which
2837 3910 47 28 the
2907 3908 97 38 league

2451 3954 52 28 and
2519 3951 109 30 district
2649 3960 47 19 are
2717 3951 89 27 under
2818 3953 29 25 to
2868 3950 48 28 the
2933 3951 70 27 Hon.

2453 3994 44 28 Mr
2510 3991 125 31 Laruach
2649 3990 44 29 for
2701 3990 47 29 the
2762 3990 54 29 zeal
2833 3990 53 29 and
2900 4000 101 26 energy

2452 4035 66 29 with
2538 4032 88 31 which
2640 4032 35 29 he
2688 4035 158 35 prosecutes
2868 4031 71 29 their
2961 4032 28 28 iu-

2451 4079 107 26 terests.
2598 4073 109 37 During
2721 4072 47 28 the
2782 4072 139 35 speaker's
2941 4072 63 29 visit

2451 4117 35 28 he
2498 4115 53 29 had
2567 4114 53 29 had
2635 4124 34 18 an
2684 4112 178 39 opportunity
2872 4112 29 28 of
2911 4113 95 37 seeing

2451 4157 60 28 how
2534 4155 46 30 Mr
2592 4153 125 30 Larnach
2733 4152 111 29 worked
2863 4153 44 28 for
2921 4153 83 28 them.

2452 4198 43 27 He
2508 4197 54 28 had
2576 4195 84 29 taken
2675 4204 37 28 up
2735 4193 71 28 their
2832 4204 80 17 cause
2935 4197 71 24 most

2451 4237 122 37 warmly,
2587 4235 53 30 and
2656 4234 102 38 during
2771 4233 155 29 interviews
2941 4233 62 28 with

2452 4279 46 26 the
2514 4277 88 36 Right
2618 4276 73 27 Hon.
2705 4275 47 26 the
2764 4274 121 27 Premier
2895 4274 52 26 and
2960 4273 45 28 the

2452 4317 109 29 various
2575 4315 141 30 Ministers
2729 4313 35 29 he
2773 4312 150 29 advocated
2936 4313 70 28 their

2451 4357 159 30 reasonable
2620 4355 55 30 and
2684 4354 93 30 lawful
2792 4354 132 29 demands
2938 4354 66 28 with

2451 4399 47 27 the
2507 4400 121 33 greatest
2636 4395 170 29 enthusiasm
2818 4394 52 27 and
2883 4398 105 23 earnest-

2452 4449 62 17 ness
2538 4437 29 29 of
2589 4446 127 29 purpose.
2757 4433 81 30 From
2872 4433 39 29 his
2947 4434 58 31 (the

2451 4477 152 38 speaker's)
2629 4475 161 39 experience
2829 4474 102 38 during
2959 4474 46 28 the

2452 4518 137 39 fortnight
2611 4517 35 29 he
2672 4526 54 19 was
2740 4515 27 29 iu
2782 4514 172 36 Wellington
2969 4514 33 29 he

2452 4570 55 17 was
2524 4558 150 28 convinced
2689 4558 61 27 that
2763 4566 15 17 a
2799 4566 75 17 more
2888 4555 116 33 zealous,

2453 4597 236 40 painstakingand
2700 4594 152 38 outspoke))
2860 4593 143 38 champion

2452 4640 30 27 of
2495 4639 72 28 their
2580 4640 89 26 wants
2681 4636 67 29 than
2762 4634 45 30 Mr
2822 4634 121 29 Larnach
2959 4634 46 28 the

2453 4679 109 28 district
2574 4689 54 17 was
2642 4687 84 18 never
2738 4675 85 38 likely
2846 4679 28 23 to
2887 4685 116 25 possess.

2453 4718 212 37 (Applause.)
2705 4717 45 26 Mr
2767 4715 100 28 Dunne
2888 4714 115 28 reached

2453 4757 172 38 Wellington
2637 4767 16 16 a
2662 4755 97 38 couple
2772 4755 29 27 of
2812 4754 67 36 days
2889 4754 75 31 prior
2976 4758 28 23 to

2453 4798 72 28 their
2536 4795 148 30 member's
2693 4794 108 34 arrival,
2805 4794 102 31 during
2917 4794 86 28 which

2453 4837 66 28 time
2533 4836 34 28 he
2578 4834 176 29 interviewed
2765 4837 47 23 the
2824 4832 85 28 whole
2919 4834 30 25 of
2959 4832 45 28 the

2452 4875 135 28 members
2611 4874 42 27 for
2667 4871 151 29 Southland
2834 4874 110 33 (except
2958 4871 46 26 the

2453 4915 73 28 Hon.
2540 4914 28 29 J.
2580 4913 34 29 G.
2627 4910 98 35 Ward,
2735 4910 60 28 who
2804 4920 54 16 was
2868 4909 97 29 absent
2975 4908 27 29 in

2455 4955 45 29 the
2535 4954 106 36 south),
2667 4951 55 30 and
2747 4950 57 30 also
2830 4949 45 30 Sir
2898 4948 106 29 Robert

2453 4996 83 28 Stout
2560 4994 55 29 and
2640 5002 75 19 some
2745 4991 79 29 other
2857 4990 145 28 members.

2453 5035 82 30 From
2559 5034 66 30 each
2644 5032 56 30 and
2712 5031 36 30 all
2760 5032 35 28 he
2809 5033 48 34 got
2870 5030 132 38 promises

2454 5076 29 29 of
2496 5078 115 36 support
2626 5074 44 28 for
2681 5072 73 29 their
2765 5071 109 36 railway
2888 5069 113 39 project,

2454 5115 65 30 with
2533 5115 47 29 the
2593 5113 145 39 exception
2759 5111 29 30 of
2812 5111 47 29 the
2882 5119 37 20 me
2927 5109 76 30 rnber

2453 5158 42 28 for
2508 5155 131 35 Wallace,
2653 5154 61 28 who
2739 5152 54 28 had
2813 5162 16 17 a
2841 5150 78 28 small
2934 5150 66 28 local

2453 5197 109 38 railway
2576 5196 108 29 scheme
2696 5194 30 29 of
2742 5193 41 28 his
2797 5202 59 18 own
2871 5201 34 18 on
2920 5190 81 35 hand,

2452 5237 53 30 and
2519 5237 90 29 would
2620 5239 49 26 not
2682 5235 63 35 give
2754 5243 16 18 a
2783 5231 112 29 definite
2915 5230 84 37 reply.

2455 5278 43 29 Mr
2512 5275 124 31 Larnach
2647 5274 54 29 and
2714 5274 48 28 the
2774 5271 116 39 speaker
2903 5269 96 29 waited

2451 5329 36 18 on
2513 5317 48 29 the
2585 5315 131 33 Premier,
2742 5312 47 29 the
2826 5310 127 29 Minister
2973 5310 29 28 of

2453 5355 150 35 Lands.the
2615 5354 127 29 Minister
2750 5352 29 28 of
2785 5350 96 30 Public
2888 5349 111 35 Works,

2451 5399 47 27 the
2521 5397 128 30 Minister
2660 5394 30 29 of
2711 5392 146 37 Railways,
2880 5390 54 28 and
2954 5390 47 28 the

2453 5435 122 32 Colonial
2604 5435 153 37 Secretary,
2783 5431 54 31 and
2870 5430 28 29 in
2932 5430 69 29 their

2451 5478 154 28 interviews
2630 5475 66 27 with
2731 5474 47 28 the
2808 5476 84 24 Hons.
2926 5471 73 28 John

2453 5515 143 30 M'Kenzie
2622 5514 54 28 and
2703 5512 121 30 Cadman
2851 5511 44 27 Mr
2925 5510 72 28 John

2451 5554 235 39 Laffeyformerly
2697 5552 29 29 of
2735 5550 264 33 Lawrence.formed

2450 5607 51 18 one
2515 5596 28 28 of
2557 5596 48 28 the
2618 5592 171 40 deputation.
2828 5591 81 29 From
2923 5590 34 28 all
2971 5591 30 28 of

2450 5637 48 27 the
2511 5635 140 28 Ministers
2664 5633 66 37 they
2752 5635 49 34 got
2825 5636 49 24 not
2897 5630 66 37 only
2985 5642 16 16 a

2449 5679 143 26 courteous
2618 5673 52 30 but
2701 5684 17 19 a
2749 5682 67 28 very
2841 5670 158 31 favourable

2449 5716 122 36 hearing.
2623 5714 58 29 The
2716 5713 121 30 Premier
2862 5711 137 39 promised

2449 5756 103 30 careful
2566 5754 199 31 consideration
2785 5753 29 30 of
2826 5752 48 31 the
2900 5755 100 27 matter

3012 186 80 30 when
3116 185 48 31 the
3190 184 108 39 subject
3326 184 30 30 of
3380 184 111 38 railway
3516 194 32 19 ex-

3013 227 108 29 tension
3137 236 76 20 came
3227 236 46 28 up,
3284 226 51 28 but
3353 226 57 28 said
3424 224 47 30 the
3485 235 63 28 ques-

3014 268 58 29 tion
3085 268 30 27 of
3137 266 134 37 railways,
3293 276 30 17 as
3346 265 60 29 well
3431 275 29 18 as
3486 264 78 29 other

3015 306 93 42 public
3121 306 101 34 works,
3244 304 144 39 depended
3408 304 155 38 altogether

3016 358 35 21 on
3062 357 99 27 money
3174 346 86 38 being
3271 344 141 34 available,
3424 344 54 29 and
3491 344 76 28 there

3018 398 54 19 was
3085 396 71 20 none
3177 390 29 24 at
3227 389 120 34 proseut.
3386 384 45 29 Mr
3445 383 121 29 Larnach

3018 427 86 41 urged
3119 427 62 30 that
3194 426 43 30 for
3261 425 47 29 the
3332 424 77 30 short
3431 423 97 38 length
3541 423 29 29 of
3582 417 3 51 |

3017 470 56 29 line
3086 468 87 29 which
3189 468 46 28 the
3249 464 160 41 deputation
3431 463 82 31 askel
3528 463 43 29 for

3020 515 28 25 at
3060 513 113 36 present
3173 508 80 29 six.
3269 506 136 29 milesit
3427 504 95 30 should
3537 504 34 28 be
3585 504 1 45 i

3020 551 70 30 built
3102 553 49 26 out
3163 549 30 28 of
3206 557 126 25 revenue,
3347 546 53 28 and
3416 545 95 36 seeing
3525 544 46 28 the

3020 594 101 37 urgent
3135 590 70 29 need
3217 590 43 28 for
3271 588 47 29 the
3328 587 110 29 railwav
3448 584 122 34 IO.OOO

3021 631 98 31 should
3132 631 34 29 be
3180 628 96 42 placed
3300 638 36 18 on
3360 627 48 29 the
3433 626 138 29 estimates

3020 674 55 29 this
3103 671 103 30 session
3231 670 44 29 for
3295 669 62 28 that
3376 677 126 29 purpose,
3518 664 53 30 and

3021 715 46 28 the
3080 713 54 30 line
3150 722 72 28 gone
3234 722 35 17 on
3283 708 65 31 with
3360 713 27 24 at
3399 718 76 19 once.
3514 706 59 28 The

3012 740 1 46 I
3021 755 127 28 Minister
3162 753 43 28 for
3214 751 98 28 Public
3323 750 101 27 Works
3434 747 138 39 appeared

3021 798 28 27 to
3074 795 70 29 have
3169 804 16 18 a
3210 791 73 38 good
3307 788 163 40 knowledge
3483 788 29 29 of
3526 787 46 29 the

3022 835 135 40 proposed
3172 833 108 35 railway
3295 835 78 26 route
3387 830 54 29 and
3454 829 118 34 district,

3022 877 53 29 and
3081 874 101 41 agreed
3192 872 60 31 that
3261 873 46 29 the
3318 875 74 26 want
3401 870 29 31 of
3439 882 16 17 a
3464 869 109 38 railway

3022 918 28 28 in
3072 917 66 29 such
3161 926 16 18 a
3198 913 108 30 district
3328 924 54 17 was
3403 910 143 38 distinctly
3558 920 15 18 a

3012 952 1 45 i
3023 958 140 39 hardship.
3204 955 44 28 Mr
3260 953 121 31 Cadman
3391 952 58 29 said
3459 952 60 29 that
3528 960 44 19 ex-

3012 993 1 40 I
3025 1000 102 29 elusive
3140 997 29 30 of
3184 997 44 29 the
3238 993 269 40 Roxburgh-Heriot
3526 1002 46 18 ex-

3012 1033 1 42 I
3025 1040 106 28 tension
3141 1038 48 28 the
3199 1035 180 40 applications
3393 1034 43 29 for
3448 1033 126 37 railways

3012 1065 1 49 I
3025 1080 36 30 all
3089 1089 65 21 over
3178 1078 48 30 the
3264 1076 97 37 colony
3387 1077 29 26 at
3453 1076 121 36 present,

3025 1118 147 32 amounted
3198 1122 28 24 to
3252 1115 179 37 3,000,000,
3453 1113 54 29 and
3530 1113 44 28 the

3027 1160 158 38 deputation
3208 1158 80 36 again
3307 1155 86 39 urged
3405 1156 47 27 the
3465 1164 94 19 reason-

3027 1202 124 29 ableness
3164 1199 29 31 of
3212 1198 72 30 their
3306 1199 118 37 request,
3445 1195 55 29 and
3514 1195 59 28 that

3027 1243 45 27 the
3086 1252 59 17 sum
3158 1239 85 29 asked
3257 1239 43 27 for
3318 1237 97 28 should
3431 1237 32 27 be
3477 1242 50 31 put
3539 1245 35 17 on

3027 1282 46 29 the
3086 1280 148 30 Estimates
3257 1277 54 30 and
3329 1286 76 21 come
3427 1279 49 26 out
3486 1275 28 29 of
3528 1274 46 29 the

3027 1332 127 20 revenue.
3196 1320 75 28 With
3282 1318 139 30 reference
3431 1320 28 26 to
3471 1317 47 28 the
3530 1325 29 19 ac-

3027 1364 153 36 quirement
3194 1361 28 27 of
3244 1360 46 27 the
3310 1359 64 27 Moa
3399 1358 60 27 Flat
3477 1360 97 30 estate,

3027 1404 45 28 the
3086 1401 127 30 Minister
3226 1399 30 30 of
3269 1398 92 30 Lands
3375 1397 58 29 said
3443 1397 33 28 he
3485 1395 89 30 would

3027 1446 68 26 have
3105 1453 33 18 an
3153 1440 186 39 independent
3349 1442 93 34 report
3453 1438 77 28 made
3539 1447 34 19 on

3026 1485 31 34 it,
3071 1483 55 29 and
3140 1482 33 29 he
3186 1480 90 29 would
3290 1480 68 28 have
3370 1478 97 39 placed
3482 1477 93 29 before

3027 1524 47 27 the
3110 1522 73 27 Land
3227 1520 137 27 Purchase
3406 1517 89 28 Board
3528 1517 47 27 the

3027 1560 124 35 league's
3160 1558 165 39 application
3335 1557 43 29 for
3389 1557 34 28 its
3433 1556 142 39 purchase,

3029 1601 85 28 which
3129 1601 65 35 they
3219 1602 61 24 sent
3301 1598 29 27 in
3352 1597 27 28 in
3402 1596 173 37 conjunction

3030 1642 63 28 with
3108 1640 71 30 their
3191 1638 114 40 petition
3321 1641 28 26 to
3364 1637 164 29 Parliament
3542 1646 33 19 on

3029 1684 46 28 the
3086 1693 73 17 same
3171 1680 115 39 subject.
3313 1681 39 26 As
3363 1684 27 22 to
3400 1679 45 27 the
3456 1677 121 37 league's

3029 1722 130 39 petitions
3186 1731 26 17 re
3235 1720 46 28 the
3306 1719 109 35 railway
3440 1717 54 28 and
3516 1717 64 28 Moa

3032 1763 60 29 Flat
3117 1764 95 31 estate,
3240 1760 65 36 they
3328 1757 145 30 contained
3496 1757 84 28 about

3034 1804 22 34 1,
3077 1803 34 27 00
3136 1801 155 38 signatures
3304 1809 35 18 on
3354 1797 75 35 each,
3443 1796 54 29 and
3515 1797 64 36 they

3031 1842 53 29 had
3097 1842 69 28 been
3189 1838 145 40 presented
3349 1837 35 38 by
3400 1837 46 28 the
3460 1836 120 28 member

3031 1884 42 28 for
3081 1880 139 40 Tuapeka.
3262 1879 44 29 Mr
3320 1877 123 30 Larnach
3458 1877 52 28 had
3524 1876 56 29 also

3032 1922 124 39 strongly
3171 1919 150 30 advocated
3333 1919 119 36 starting
3461 1918 46 27 the
3520 1917 49 28 rail-

3032 1974 58 28 way
3105 1964 26 27 in
3146 1973 33 17 an
3203 1960 136 30 excellent
3364 1959 100 38 speech
3486 1958 27 27 in
3536 1958 46 28 the

3034 2006 101 30 House,
3149 2013 30 17 as
3193 2002 64 35 they
3273 1999 88 28 would
3383 1999 69 27 have
3466 2007 62 19 seen
3547 1998 35 35 by

3032 2044 46 28 the
3091 2042 93 38 public
3206 2049 86 30 press.
3332 2039 45 28 Mr
3400 2037 99 29 Dunne
3521 2047 48 19 con-

3032 2083 98 29 cluded
3156 2081 43 27 his
3225 2079 123 29 remarks
3370 2078 101 28 amidst
3490 2077 94 37 hearty

3032 2124 140 40 applause.

3069 2165 82 29 After
3164 2162 44 29 Mr
3222 2162 99 28 Dunne
3346 2159 54 29 had
3413 2159 138 29 answered
3570 2168 12 19 a

3032 2206 117 28 number
3169 2204 28 28 of
3213 2201 141 40 questions
3379 2200 112 29 relative
3505 2204 27 24 to
3545 2198 41 31 his

3032 2247 64 28 visit
3132 2249 28 25 to
3201 2242 182 37 Wellington,
3422 2245 46 24 Mr
3499 2240 87 39 Inglis

3203 2284 72 29 That
3285 2282 55 30 this
3353 2281 122 40 meeting
3485 2281 101 39 hereby

3033 2327 109 29 records
3157 2337 16 17 a
3189 2325 97 37 hearty
3307 2326 65 26 vote
3397 2323 29 29 of
3448 2322 101 29 thanks
3560 2328 26 24 to

3034 2369 46 27 the
3095 2366 73 28 Hon.
3184 2366 43 26 Mr
3239 2363 124 29 Larnach
3375 2362 43 30 for
3427 2363 42 27 his
3480 2366 106 24 earnest

3034 2407 54 30 and
3102 2406 61 29 able
3189 2404 137 39 advocacy
3350 2402 29 30 of
3397 2403 71 30 their
3490 2407 96 32 wants,

3034 2449 54 28 and
3102 2448 57 27 also
3170 2447 61 27 that
3245 2446 64 36 they
3324 2445 69 27 have
3407 2455 80 27 every
3503 2446 70 27 confi-

3034 2489 85 30 dence
3133 2488 34 27 he
3189 2485 54 29 will
3270 2495 48 19 use
3336 2484 43 30 his
3404 2485 63 29 best
3488 2484 82 30 endea-

3036 2538 80 20 vours
3142 2528 28 28 in
3196 2528 47 26 the
3269 2526 92 28 future
3386 2524 28 30 in
3443 2526 46 28 the
3513 2536 73 18 same

3242 2566 143 29 Seconded
3401 2567 36 38 by
3460 2567 45 28 Mr
3527 2567 59 28 Jos.

3036 2609 134 39 Tamblyn
3190 2608 54 29 and
3269 2607 104 29 carried
3394 2607 38 38 by
3456 2608 114 29 acclama-

3036 2653 66 26 tion.
3142 2651 26 26 A
3193 2650 96 34 hearty
3314 2651 64 24 vote
3401 2648 30 27 of
3444 2649 100 27 thanks
3558 2651 28 25 to

3037 2691 44 30 Mr
3095 2690 100 30 Dunne
3208 2688 44 30 for
3265 2687 41 30 his
3320 2686 94 31 efforts
3428 2691 28 27 to
3469 2688 117 30 forward

3036 2734 46 27 the
3095 2731 106 37 objects
3224 2731 28 28 of
3277 2729 46 29 the
3350 2729 96 37 league
3468 2730 67 29 both
3558 2730 28 28 in

3036 2773 170 35 Wellington
3242 2769 54 29 and
3335 2770 155 38 previously
3529 2780 55 17 was

3035 2813 107 31 enrried
3158 2811 189 38 unanimously
3362 2821 36 18 on
3419 2811 47 30 the
3484 2811 101 29 motiou

3035 2857 29 27 of
3080 2856 104 28 Messrs
3194 2853 135 36 Tamblyn
3340 2852 54 28 and
3406 2852 104 29 Harris.
3529 2853 57 28 The

3035 2895 120 36 meeting
3162 2895 57 28 also
3229 2892 97 39 passed
3337 2903 16 17 a
3366 2896 63 25 vote
3443 2893 28 28 of
3485 2892 100 30 thanks

3035 2943 28 24 to
3078 2936 45 30 Mr
3133 2936 75 29 John
3224 2935 94 36 Laffey
3328 2934 44 28 for
3381 2934 42 28 his
3434 2939 116 33 support
3558 2935 28 27 of

3035 2978 72 30 their
3120 2987 79 17 cause
3213 2987 33 16 on
3263 2975 46 28 the
3326 2975 103 27 motion
3444 2975 29 28 of
3484 2975 102 28 Messrs

3034 3016 141 40 Campbell
3196 3015 53 29 and
3271 3015 108 29 Dunne.
3419 3015 45 29 Mr
3491 3015 95 29 Dunne

3034 3059 102 34 having
3151 3057 121 27 thanked
3293 3056 75 27 them
3389 3055 44 28 for
3457 3057 46 26 the
3517 3057 67 36 high

3032 3098 178 37 compliment
3219 3096 64 40 paid
3293 3100 27 25 to
3332 3095 66 36 him,
3407 3096 48 29 the
3466 3097 120 38 meeting

3032 3138 160 38 adjourned.

3068 3216 93 41 Good
3189 3214 190 49 Templars'
3398 3213 154 42 Concert.

3068 3305 53 28 The
3159 3304 74 37 Hope
3254 3303 29 29 of
3314 3302 140 36 Roxburgh
3491 3302 95 37 Lodge,

3037 3344 11 27 I
3060 3343 106 29 0.G.T.,
3180 3341 138 28 celebrated
3332 3340 63 28 their
3405 3341 54 28 first
3472 3342 99 27 anniver-

3034 3391 56 27 sary
3102 3390 32 19 on
3145 3380 161 36 Wednesday
3316 3380 117 35 evening,
3440 3378 33 37 by
3482 3389 13 18 a
3505 3380 80 36 grand

3034 3421 95 34 variety
3143 3425 100 21 concert
3256 3418 73 36 given
3340 3418 25 26 in
3381 3417 40 27 tbe
3435 3418 150 26 Athenamm

3037 3456 66 30 Hall.
3119 3457 50 27 For
3181 3466 14 18 a
3207 3455 56 29 first
3284 3456 168 36 performance
3477 3455 19 28 it
3509 3455 22 28 is
3544 3462 42 21 not

3034 3502 42 22 too
3090 3495 74 28 much
3187 3500 25 21 to
3225 3504 44 26 say
3284 3494 53 27 that
3358 3493 42 27 the
3412 3500 109 26 concert,
3534 3503 27 18 as
3573 3503 13 18 a

3035 3533 89 31 whole,
3134 3542 51 17 was
3196 3542 13 17 a
3223 3531 88 37 highly
3325 3530 133 28 creditable
3471 3540 54 24 one,
3539 3531 47 27 and

3034 3572 41 28 the
3104 3576 137 32 promoters
3260 3580 40 17 are
3320 3575 26 22 to
3364 3568 29 29 be
3413 3568 110 29 thanked
3551 3569 35 28 for

3034 3610 94 33 having
3146 3608 146 26 introduced
3319 3616 69 18 some
3415 3607 107 27 hitherto
3540 3615 31 18 un-

3032 3648 93 26 known
3152 3644 80 29 talent
3258 3644 29 28 of
3310 3643 168 29 considerable
3505 3645 81 26 merit.

3033 3685 42 25 Mr
3086 3684 122 26 Bennetts
3219 3691 50 18 was
3280 3681 42 28 the
3332 3681 101 27 musical
3445 3681 141 33 conductor,

3033 3721 48 28 and
3094 3720 81 29 under
3197 3720 38 27 his
3257 3719 75 29 baton
3347 3728 14 19 a
3374 3718 70 28 small
3466 3728 120 26 company

3033 3770 63 26 gave
3131 3757 93 30 se/eral
3398 3757 54 27 The
3488 3756 98 35 Village

3231 3796 40 27 All
3291 3804 93 25 among
3412 3795 41 27 the

3032 3835 48 27 and
3122 3834 66 32 Hail,
3205 3833 108 33 Smiling
3459 3832 54 26 The
3524 3831 62 27 male

3033 3874 80 27 voices
3125 3882 61 17 were
3199 3870 136 29 somewhat
3343 3869 191 36 overweighted,
3542 3869 44 28 but

3033 3912 93 35 despite
3138 3912 48 26 this
3200 3911 49 26 fact
3263 3910 41 27 the
3329 3909 68 36 glees
3423 3919 61 17 were
3509 3909 74 35 given

3033 3950 60 26 with
3130 3948 170 27 considerable
3337 3949 78 34 spirit,
3444 3947 41 26 the
3520 3952 65 19 most

3033 3986 103 37 popular
3175 3986 75 35 being
3286 3984 41 29 the
3364 3984 219 28 first-mentioned.

3034 4026 63 26 MiBB
3108 4024 103 27 Manuel
3222 4032 49 19 was
3284 4022 73 29 heard
3370 4028 24 21 to
3405 4022 138 33 advantage
3557 4022 24 26 in

3037 4063 109 27 Pontet's
3159 4062 119 27 dramatic
3303 4070 73 23 song,
3428 4061 24 25 A

3035 4100 79 28 which
3128 4100 43 27 she
3184 4108 63 24 gave
3261 4098 59 28 with
3335 4098 72 27 much
3433 4098 149 34 expression.

3035 4138 48 28 She
3097 4147 49 17 was
3159 4135 112 28 followed
3295 4135 31 35 by
3351 4136 41 26 Mr
3404 4135 104 31 Turner,
3529 4135 55 27 who

3035 4175 89 28 recited
3165 4174 52 27 The
3231 4173 136 28 Fireman's
3388 4173 129 33 Wedding
3558 4173 25 27 in

3034 4223 14 18 a
3059 4222 102 18 manner
3172 4212 53 26 that
3237 4220 52 18 won
3303 4211 49 27 him
3364 4219 14 18 a
3389 4210 86 35 hearty
3489 4218 94 19 encore.

3035 4251 40 27 Mr
3088 4250 96 27 Turner
3197 4250 20 25 is
3231 4259 13 16 s
3269 4249 88 27 reciter
3381 4248 27 26 of
3431 4258 66 16 more
3522 4248 61 26 than

3035 4296 101 25 average
3152 4286 95 34 ability,
3261 4286 48 25 and
3336 4285 37 26 his
3395 4293 151 26 appearance
3560 4292 25 19 at

3035 4326 82 26 future
3129 4327 113 25 concerts
3257 4323 47 28 will
3320 4321 29 29 be
3360 4322 140 29 welcomed.
3522 4323 63 27 Mis*

3035 4363 80 27 Smith
3130 4372 49 17 was
3193 4361 84 29 loudly
3291 4361 106 26 encored
3416 4361 38 26 for
3468 4361 42 26 her
3523 4370 63 23 song

3063 4400 11 27 I
3269 4399 80 26 which
3376 4398 43 26 she
3441 4406 64 25 sang
3524 4398 59 26 with

3035 4445 70 27 great
3118 4441 69 23 taste.
3231 4435 183 37 Subsequently
3431 4436 53 26 that
3497 4444 88 25 young

3036 4475 56 27 ladv
3107 4483 50 18 was
3170 4473 136 27 associated
3322 4474 57 25 with
3405 4472 40 26 Mr
3464 4472 47 27 and
3531 4472 54 26 Mrs

3037 4513 106 28 Andrew
3157 4512 24 27 in
3197 4511 41 28 the
3256 4510 175 38 ever-popular
3451 4511 52 31 trio,
3518 4512 14 14 '
3547 4509 37 28 Ye

3035 4550 138 33 Shepherds
3188 4550 41 25 tell
3319 4550 24 25 in
3358 4548 79 26 which
3452 4548 41 25 the
3505 4548 79 25 voices

3035 4587 154 28 harmonised
3203 4585 62 28 well.
3303 4586 92 26 Messrs
3405 4584 120 27 Bennetts
3536 4584 47 27 and

3036 4625 119 27 Andrews
3169 4634 40 16 are
3231 4623 39 27 old
3291 4623 132 27 favourites
3438 4622 58 26 with
3518 4621 49 27 Rox-

3035 4662 80 33 burgh
3144 4668 189 27 concert-goers,
3353 4660 47 26 and
3432 4659 58 36 they
3521 4669 63 24 sang

3150 4701 76 32 Army
3258 4699 47 26 and
3432 4696 58 27 duet
3527 4697 24 26 in
3571 4706 14 16 a

3035 4746 103 17 manner
3151 4736 53 25 that
3219 4744 49 17 was
3282 4735 71 26 much
3365 4733 216 35 appreciated,and

3033 4775 64 26 later
3116 4783 30 16 on
3164 4773 41 26 Mr
3216 4774 120 25 Bennetts
3349 4780 62 26 gave
3451 4771 90 35 Happy
3555 4770 29 28 be

3035 4812 43 33 thy
3226 4820 13 16 a
3254 4810 79 26 ballad
3349 4808 52 26 well
3414 4808 78 26 suited
3508 4816 24 18 to
3546 4808 37 26 his

3034 4848 165 30 sympathetic
3214 4848 72 24 voice.
3325 4846 41 25 Mr
3378 4846 27 23 T.
3431 4843 101 29 Michell
3546 4853 24 17 re-

3033 4883 63 26 cited
3122 4885 15 12 *
3151 4882 75 34 Eefsy
3249 4881 48 27 and
3384 4881 78 25 which
3484 4889 49 17 was
3546 4889 24 17 re-

3033 4918 84 28 ceived
3150 4918 57 27 with
3249 4923 71 30 great
3362 4918 85 26 favour
3478 4916 30 35 by
3539 4916 44 27 the

3032 4956 126 28 audience,
3203 4954 168 29 considerable
3415 4954 167 34 elocutionary

3034 4994 77 26 talent
3125 4992 76 34 being
3223 4993 94 26 shown.
3355 4991 42 28 Mr
3421 4990 42 27 W.
3489 4989 94 36 JefFery

3033 5029 96 30 created
3143 5035 71 28 great
3228 5029 144 27 m-rriment
3397 5027 31 36 by
3455 5027 37 28 his
3505 5028 79 27 comic

3033 5067 123 37 speech,''
3167 5067 53 26 The
3231 5066 65 27 Irish
3532 5066 13 25 '1
3554 5065 31 27 be

3033 5113 158 29 programme
3205 5113 49 19 was
3269 5104 81 28 varied
3362 5104 31 36 by
3404 5111 49 20 two
3464 5102 119 35 sketches,

3063 5142 52 27 The
3157 5142 42 26 red
3417 5142 47 25 and
3507 5144 14 24 :
3532 5141 52 26 The

3208 5180 51 27 also
3283 5179 30 36 by
3335 5189 30 18 an
3380 5179 147 36 excellently
3546 5189 24 17 ar-

3033 5217 92 36 ranged
3161 5217 105 31 tableau,
3503 5217 80 26 which

3033 5265 50 17 was
3097 5264 46 17 one
3157 5255 27 26 of
3200 5255 40 26 the
3254 5255 106 26 features
3373 5255 24 25 of
3408 5255 42 26 the
3467 5255 115 34 evening.

3032 5294 51 26 The
3105 5294 86 34 acting
3214 5293 23 26 in
3253 5292 41 26 the
3319 5292 114 26 sketches
3454 5301 50 17 was
3524 5301 58 26 very

3032 5331 74 36 good,
3132 5330 116 34 showing
3269 5328 168 28 considerable
3459 5328 77 28 talent
3550 5338 31 18 on

3032 5369 42 27 the
3092 5374 56 31 part
3170 5368 28 26 of
3209 5368 68 26 those
3298 5366 122 35 engaged.
3459 5368 21 25 A
3495 5366 86 37 speech

3030 5415 33 18 on
3117 5408 167 33 Temperance
3339 5412 50 18 was
3411 5402 122 28 delivered
3550 5403 31 35 by

3032 5448 40 23 the
3086 5444 61 28 Rev.
3159 5443 25 28 J.
3196 5443 34 28 H.
3246 5441 100 36 Hooper
3369 5440 47 28 and
3428 5451 14 17 a
3455 5450 75 26 paper
3548 5451 31 17 on

3060 5481 141 27 Individual
3426 5478 56 26 read
3494 5478 31 35 by
3540 5478 41 25 Mr

3031 5518 108 33 Telford,
3158 5516 158 38 ofTapanui,
3341 5515 58 27 both
3426 5514 75 37 being
3525 5514 54 27 well

3031 5557 117 27 received.
3187 5556 100 32 During
3300 5553 40 28 the
3351 5552 104 27 interval
3475 5551 91 28 refresh-

3031 5600 80 21 ments
3126 5603 62 18 were
3201 5591 96 28 handed
3311 5590 77 27 round
3400 5589 31 37 by
3445 5589 41 26 the
3499 5586 76 29 ladies

3031 5631 49 26 and
3110 5631 73 26 much
3214 5627 160 39 appreciated.
3424 5626 154 36 Financially

3031 5668 48 28 and
3094 5668 129 28 otherwise
3237 5673 40 21 tue
3290 5665 192 28 entertainment
3496 5672 50 18 was
3564 5672 14 18 a

3031 5705 157 37 pronounced
3213 5713 104 25 success,
3342 5702 48 28 and
3414 5701 87 27 should
3515 5701 68 27 have'

3030 5744 42 28 the
3082 5744 73 28 effect
3167 5744 29 28 of
3201 5741 192 38 strengthening
3407 5740 40 27 the
3461 5739 80 36 lodge.
3576 5734 10 48 |

3738 195 123 51 Sports
3907 195 82 43 Club.

3632 322 57 29 The
3735 323 99 29 annual
3878 323 111 40 general
4026 323 123 38 meeting'

3596 362 28 28 of
3644 363 47 28 the
3716 363 154 37 Roxburgh
3898 364 122 28 Athletic
4053 363 98 39 Sports!

3598 402 69 28 Club
3706 413 54 18 was
3798 403 63 29 held
3895 403 28 29 in
3962 404 46 28 the
4044 403 90 28 Allien-

3598 452 69 19 seura
3678 452 34 19 en
3723 443 134 38 Saturday
3867 444 128 37 evening,
4010 443 67 29 23rd

3601 482 253 30 PresentMessrs
3884 483 147 30 Kirkwood
4048 483 87 35 (Presi-

3600 522 87 35 dent),
3709 522 92 39 Craig,
3821 522 87 37 bilder,
3932 523 166 37 Fitzgerald,
4116 523 32 29 R.

3601 562 115 36 George,
3734 562 43 29 W.
3798 563 114 39 George,
3926 563 30 28 T.
3981 563 119 35 Michell,
4116 564 33 27 B.

3649 602 97 38 Reilly,
3768 602 24 29 I.
3803 603 31 28 JB.
3850 603 119 39 Rooney,
3985 603 27 29 J.
4029 607 123 34 ttoouey,-

3602 642 34 29 H.
3652 642 134 39 Tamblyn
3803 644 55 28 and
3868 644 26 29 J.
3920 649 32 24 A.
3968 644 75 38 Boyd
4060 646 89 35 (sec).

3637 699 102 30 Messrs
3750 699 119 37 Michell,
3881 699 85 30 Elder
3974 700 53 29 and
4036 700 113 38 Rooney

3600 750 70 18 were
3692 740 136 40 proposed
3849 751 30 18 as
3902 741 133 28 members
4055 742 35 36 by
4104 740 45 28 Mr

3602 781 36 28 H.
3650 779 140 40 Tamblyn.

3815 831 115 20 MINUTES

3638 872 57 30 The
3709 873 117 30 minutes
3847 873 30 30 of
3898 873 46 30 the
3969 873 53 29 last
4047 873 101 30 annual

3602 914 121 39 meeting
3737 925 69 18 were
3818 914 63 29 read
3895 915 54 28 aud
3961 914 159 30 confirmed.

3764 979 224 20 BALANCE-SHEET.

3638 1023 57 28 The
3703 1023 204 29 balance-sheet
3916 1023 112 30 showed
4038 1034 16 18 a
4063 1023 86 30 credit

3601 1063 112 30 balance
3733 1063 29 30 of
3785 1064 84 29 about
3882 1064 114 30 9.lt
4015 1075 54 19 was
4083 1064 64 30 held

3601 1115 65 19 over
3678 1105 44 27 for
3734 1104 128 37 adoption
3876 1110 28 23 at
3916 1105 47 28 the
3977 1106 153 28 committee-

3603 1145 120 38 meeting
3732 1155 36 19 on
3777 1144 156 30 November
3944 1146 57 28 6th.

3725 1207 123 21 ELECTION
3862 1207 32 20 OF
3906 1207 132 21 OFFICERS.

3638 1251 58 29 The
3720 1251 114 29 election
3856 1251 29 29 of
3909 1252 105 30 officers
4028 1252 121 30 resulted

3602 1304 30 18 as
3652 1292 104 29 follows
3769 1305 5 17 :
3776 1292 191 37 President,
3995 1294 44 29 Mr
4064 1293 69 30 Kirk-

3602 1333 78 30 wood
3704 1333 189 38 (re-elected);
3913 1334 235 38 vice-presidents,

3605 1375 100 28 Messrs
3730 1373 77 35 Bain,
3823 1373 142 35 Bennetts,
3991 1374 101 35 fclliott,
4115 1373 34 29 R.

3603 1414 107 38 George
3730 1412 54 30 and
3804 1414 121 35 Haines;
3948 1418 144 34 secretary,
4105 1414 46 29 Mr

3604 1455 44 29 W.
3660 1454 124 38 George;
3796 1454 117 34 auditor,
3924 1454 45 29 Mr
3980 1454 44 29 W.
4036 1454 114 30 Burton.

3604 1493 377 39 HandicappersRunning
4002 1496 53 26 and
4077 1495 58 38 cycl-

3603 1535 58 36 ing,
3676 1533 101 28 Messrs
3803 1534 141 35 Bennetts,
3973 1534 32 28 R.
4033 1534 116 37 George,

3604 1574 53 28 and
3672 1573 90 35 Hart;
3783 1573 135 39 quoiting,
3935 1574 44 28 Mr
3991 1574 160 28 Kirkwood.

3606 1614 106 38 Judges
3774 1613 134 39 Running
3938 1613 54 30 and
4033 1614 117 37 cycling,

3608 1656 101 28 Messrs
3741 1654 158 39 Fitzgerald
3937 1655 54 29 and
4024 1656 109 29 Manuel

3608 1696 134 38 quoiting,
3781 1696 103 27 Messrs
3918 1695 137 30 Kinastou
4099 1697 55 27 and

3609 1735 138 38 O'Leary;
3768 1735 148 37 wrestling,
3944 1735 102 30 Messrs
4066 1736 87 38 Boyd,

3609 1775 88 29 Grave
3711 1775 54 28 and
3779 1774 149 30 Kirkwood
3939 1787 7 22 ;
3966 1776 122 29 hammer
4100 1776 55 29 and

3609 1820 87 29 stone,
3734 1815 102 28 Messrs
3868 1815 37 29 H.
3943 1815 134 39 Tamblyn
4102 1816 52 28 and
4175 1815 4 39 >

3612 1854 182 30 Woodhouse.

3648 1912 126 29 Grounds
3787 1912 155 28 committee
3955 1912 55 29 and
4034 1913 123 28 commit-
4175 1927 5 4 -

3612 1957 43 24 tee
3674 1953 29 28 of
3727 1956 190 35 management
3918 1953 139 29 Messrs
4071 1952 87 38 Boyd,
4175 1952 4 39 .

3614 1992 151 38 Campbell,
3781 1992 90 35 Craig,
3887 1993 91 34 Elder,
3993 1992 165 38 Fitzgerald,
4173 2014 5 4 .

3617 2032 41 29 W.
3685 2032 115 38 George,
3824 2031 33 29 R.
3878 2031 116 38 George,
4015 2032 96 35 Grave,
4126 2032 34 29 R.

3614 2072 160 35 Kirkwood,
3789 2072 31 28 B.
3834 2072 35 27 V.
3881 2072 98 38 Reilly,
3995 2072 31 29 T.
4041 2071 137 36 Michell,.

3616 2112 22 29 I.
3652 2112 33 29 B.
3707 2112 53 29 and
3782 2112 28 29 J.
3834 2111 43 30 W.
3904 2112 120 40 Rooney,
4048 2112 54 29 and
4123 2112 37 30 H.
4170 2133 7 4 -

3615 2153 144 39 Tamblyn.

3654 2205 175 39 Programme
3867 2205 296 30 committeeMessrs

3617 2245 87 39 Boyd,
3726 2246 164 38 Fitzgerald,
3905 2245 32 30 R.
3953 2245 115 40 George,
4082 2245 79 36 Hart,

3617 2286 120 36 Michell,
3756 2286 160 36 Kirkwood,
3939 2287 28 29 J.
3984 2286 42 31 W.
4040 2286 135 40 Rooney,,

3615 2328 56 27 and
3684 2328 48 28 the
3744 2331 146 34 secretary.

3654 2380 116 39 Cycling
3796 2380 263 39 supervisorsThe
4087 2390 75 19 man-
4179 2380 1 39 .

3614 2426 131 33 agement
3758 2422 156 28 committee
3928 2426 27 23 to
3968 2425 53 25 act.

3654 2477 57 30 The
3735 2477 110 38 general
3869 2477 156 29 committee
4046 2479 72 26 meet
4130 2487 35 18 on
4179 2477 1 38 ,

3617 2517 148 39 Saturday,
3781 2517 47 29 6th
3843 2517 164 29 November.

3790 2580 192 21 PRIZE-MONEY.

3653 2621 56 28 The
3724 2623 112 26 amount
3861 2620 29 28 of
3911 2620 47 28 the
3981 2620 182 37 prize-money

3615 2671 56 18 was
3684 2660 72 29 fixed
3770 2664 28 24 at
3812 2670 36 29 up
3862 2663 28 25 to
3903 2660 66 28 45.

3744 2724 119 21 CONCERT
3876 2724 54 20 AND
3944 2724 94 20 DANCE.

3652 2769 28 30 It
3699 2780 54 17 was
3773 2768 114 29 decided
3901 2771 29 26 to
3944 2768 63 29 hold
4028 2778 15 18 a
4055 2770 108 27 concert

3613 2811 54 30 and
3682 2812 85 28 dance
3781 2810 27 29 in
3831 2809 48 30 the
3901 2809 118 37 evening
4031 2809 71 30 after
4115 2809 46 29 the

3614 2855 99 34 sports,
3734 2851 88 28 which
3835 2850 53 28 will
3903 2851 33 28 be
3954 2850 63 29 held
4031 2860 35 19 on
4080 2849 75 29 Mon-
4169 2874 8 7 ,

3614 2892 62 39 day,
3688 2892 33 29 27
3727 2891 29 30 th
3770 2890 161 30 December.

3803 2954 51 20 THE
3878 2954 94 21 TRACK.

3651 3002 26 28 A
3689 2999 81 31 letter
3785 3010 54 19 was
3853 2998 63 31 read
3930 2999 69 30 from
4015 2998 46 29 the
4074 3009 105 24 secre-,

3614 3046 60 33 tary
3687 3042 29 27 of
3727 3041 45 27 the
3786 3040 152 37 Roxburgh
3950 3039 116 37 Cycling
4080 3039 78 33 Club,

3614 3081 99 39 asking
3727 3079 160 41 permission
3901 3084 28 24 to
3942 3079 170 38 experiment
4125 3089 34 19 on
4173 3079 2 41 .

3613 3123 84 27 about
3709 3133 16 16 a
3744 3121 78 28 chain
3843 3121 29 28 of
3895 3121 47 28 the
3965 3120 87 34 track,
4080 3119 81 38 using
4176 3119 4 38 .

3612 3162 59 28 coal
3696 3161 75 28 slack
3800 3160 53 28 and
3878 3159 136 38 chiy.lt
4039 3170 55 17 was
4119 3159 58 38 re-.

3613 3201 92 29 solved
3718 3204 29 25 to
3761 3200 77 28 allow
3850 3199 47 28 the
3913 3199 108 37 cycling
4042 3198 62 29 club
4132 3202 27 25 to
4174 3198 1 38 ,

3614 3251 77 26 carry
3704 3243 49 25 out
3765 3239 70 28 their
3858 3238 150 37 proposals,
4028 3237 134 37 provided

3614 3279 60 29 that
3687 3279 65 38 they
3765 3277 47 30 did
3826 3281 48 25 not
3895 3277 115 38 thereby
4032 3276 145 41 interfere,

3615 3319 65 30 with
3691 3319 46 30 the
3752 3319 95 37 racing
3859 3328 34 18 on
3904 3321 88 35 sports
4005 3317 63 39 day.

3770 3383 234 22 COMPLIMENTARY.

3651 3434 42 30 On
3707 3433 46 29 the
3767 3432 102 30 motion
3881 3431 29 29 of
3932 3431 45 29 Mr
3999 3429 160 36 Kirkwood,
4170 3461 5 11 (

3615 3475 44 30 Mr
3685 3473 85 39 Boyd,
3799 3473 60 29 who
3883 3472 49 29 has
3960 3471 128 38 resigned
4114 3471 62 31 the.

3615 3513 205 39 secretaryship,
3834 3523 54 18 was
3902 3511 131 29 accorded
4059 3521 16 18 a
4095 3521 65 28 very
4169 3533 6 4 -

3615 3556 94 38 hearty
3720 3557 61 27 vote
3791 3553 29 31 of
3829 3552 101 31 thanks
3941 3552 43 30 for
3993 3552 42 29 his
4043 3551 128 43 services.

3615 3606 28 19 to
3655 3597 47 28 the
3721 3595 61 28 club
3798 3595 100 35 during
3910 3594 42 27 his
3965 3597 53 23 two
4038 3602 78 27 years
4130 3603 30 17 or
4170 3594 4 36 .

3615 3647 30 18 so
3658 3636 29 29 of
3700 3634 84 30 office.
3823 3634 91 28 When
3927 3633 59 28 first
3998 3631 104 29 elected
4115 3631 58 34 Mr,

3617 3676 77 38 Boyd
3707 3676 85 28 found
3811 3674 46 28 the
3876 3673 62 28 club
3951 3672 27 28 in
3992 3672 66 28 debt
4073 3675 27 25 to
4113 3671 58 30 the.

3616 3719 94 27 extent
3723 3714 28 30 of
3764 3715 83 29 about
3860 3713 64 35 22,
3938 3712 50 30 but
4010 3712 35 28 ho
4066 3711 50 29 left

3615 3758 65 29 with
3694 3767 33 18 an
3741 3755 133 30 excellent
3897 3754 85 28 credit
4006 3752 112 29 balance
4131 3751 41 29 of*

3614 3799 84 28 about
3711 3798 46 27 9.

3652 3848 45 30 Mr
3707 3847 76 39 Boyd
3793 3847 27 29 in
3830 3845 74 40 reply
3915 3845 56 29 said
3981 3845 33 29 he
4028 3853 52 21 was
4092 3845 78 41 very.

3615 3901 75 27 sorry
3707 3894 28 24 at
3758 3888 83 37 beiug
3865 3885 149 40 compelled
4040 3885 129 34 through,

3615 3932 122 27 business
3752 3934 27 24 to
3793 3929 89 36 resign
3904 3928 40 27 his
3964 3926 127 38 position.
4116 3926 56 37 He,

3614 3972 51 27 felt
3678 3968 118 42 grateful
3810 3968 42 28 for
3871 3968 71 28 their
3963 3966 66 28 kind
4050 3975 119 30 expres-.

3614 4013 58 28 sion
3692 4012 29 28 of
3745 4009 110 35 thanks,
3884 4008 53 28 and
3963 4006 77 30 could
4069 4016 103 23 assure,

3615 4053 74 28 them
3703 4052 60 27 that
3775 4050 33 28 he
3822 4049 52 29 had
3888 4049 46 28 the
3946 4048 108 28 welfare
4067 4046 28 28 of
4109 4046 57 35 the.

3614 4093 63 28 club
3691 4095 29 24 at
3732 4092 85 33 heart,
3831 4089 51 29 and
3897 4086 88 30 would
4003 4086 107 34 further
4124 4086 45 39 its,

3614 4133 127 28 interests
3755 4135 27 25 to
3796 4130 45 29 the
3861 4129 61 29 best
3942 4128 30 30 of
3993 4127 42 29 his
4055 4125 105 40 ability.

3650 4187 56 27 The
3718 4185 75 28 usual
3807 4184 176 37 compliment
3993 4186 28 24 to
4030 4182 46 28 the
4085 4181 85 40 chair.

3615 4225 162 32 terminated
3791 4225 46 28 the
3850 4224 129 36 meeting.

3754 4278 28 17 =
3917 4274 106 21 =*

3670 4326 179 42 Lawrence
3878 4323 96 43 News
4002 4321 110 43 Notes.

3761 4445 53 20 OWN
3828 4443 196 22 COUR.RSPPND4JtNT,

3651 4488 57 31 The
3722 4488 120 30 weather
3866 4485 54 30 still
3941 4483 141 31 continues
4109 4486 58 27 wet

3614 4537 52 28 and
3687 4536 69 32 cold,
3771 4535 117 27 showers
3908 4532 28 27 of
3948 4532 56 27 rain
4018 4530 53 28 and
4086 4539 83 20 snow,

3614 4583 103 37 having
3729 4582 83 28 fallen
3826 4579 169 37 throughout;
4009 4577 46 28 the
4068 4576 90 38 night.

3614 4631 38 29 As
3666 4641 14 18 a
3694 4638 185 29 consequence
3894 4626 65 29 both
3979 4626 46 27 the
4051 4624 118 38 cycling,

3612 4679 54 28 and
3691 4677 102 32 cricket
3817 4676 77 28 clubs
3920 4684 53 22 are.
3991 4672 80 37 again
4097 4682 69 27 pre-,

3613 4725 99 29 vented
3734 4725 68 28 from
3821 4722 112 37 holding
3948 4720 69 29 their
4036 4720 128 38 opening,

3614 4773 141 38 meetings.

3651 4826 57 28 Tbe
3722 4824 57 37 rifle
3792 4823 62 35 cjlub
3869 4820 199 33 started;their.

3616 4866 51 27 last
3683 4863 182 36 Wednesday,
3880 4862 49 26 but
3945 4861 62 27 here
4020 4860 80 35 again
4114 4859 55 32 the,

3614 4906 81 26 effect
3720 4903 29 27 of
3781 4902 46 28 the
3859 4899 122 31 fyeathet*
4016 4909 52 17 was
4094 4909 75 27 very,

3615 4942 160 35 noticeable,
3813 4937 62 39 onty
3898 4938 5 14 :

3616 4993 117 28 courage
3743 4980 109 40 enough
3863 4984 28 24 to
3894 4979 61 29 face
3962 4977 46 33 the
4019 4977 146 31 elements*.'

3652 5036 135 37 Sergeant
3814 5033 110 38 M'K.iy,
3938 5031 60 33 w.ho
4017 5031 55 36 has.
4089 5031 77 37 been,

3615 5075 134 31 stationed
3764 5076 64 28 here
3840 5074 43 29 for
3896 5083 15 18 a
3930 5071 76 30 short
4028 5073 75 34 time,
4117 5082 27 18 re-

3614 5118 93 29 ceived
3722 5117 87 28 notice
3823 5126 33 17 on
3872 5114 118 35 Monday
4004 5113 29 27 of
4046 5123 14 16 a
4072 5117 83 23 trans-
4161 5144 6 7 <

3615 5153 81 36 fop'to
3720 5154 203 35 Uiristchurch,
3936 5153 52 29 and
4008 5152 53 32 will
4076 5152 90 40 likely,

3616 5200 32 28 be
3670 5210 35 17 on
3728 5198 46 28 the
3788 5206 77 19 move
3884 5195 26 28 in
3927 5195 44 28 the
3985 5203 94 19 course
4092 5194 28 27 of
4142 5207 24 16 u,

3612 5240 52 27 few
3678 5240 76 35 days.
3793 5236 107 35 During;
3910 5234 41 30 his
3965 5240 60 31 stay
4039 5234 26 26 in
4084 5233 54 32 Law-

3613 5290 78 18 rence
3706 5279 46 28 the
3774 5283 127 31 sergeant
3915 5274 47 28 has
3981 5274 78 28 made
4077 5285 80 28 many

3612 5320 113 35 friends,
3738 5318 54 29 and
3805 5318 48 27 has
3870 5316 99 37 always
3984 5316 68 28 been
4073 5315 91 29 noted.

3612 5361 42 28 for
3673 5360 46 28 the
3742 5358 63 29 bold
3828 5356 53 33 |,nd
3903 5354 120 39 fearless,
4049 5354 113 40 though,

3612 5406 150 28 courteous,
3793 5405 118 23 manner,
3938 5394 27 30 in
4004 5395 88 29 which
4125 5396 40 29 he.

3611 5441 102 29 carried
3737 5443 47 24 out
3809 5438 41 28 his
3876 5437 97 34 duties,
3995 5436 162 38 unpleasant

3612 5481 103 37 though
3726 5480 62 36 they
3800 5488 59 27 may
3872 5478 67 26 have
3950 5477 68 27 been
4030 5481 28 24 at
4068 5476 87 29 times.

3645 5533 58 28 The
3726 5530 127 40 Borough
3880 5530 110 30 Council
4012 5530 21 28 is
4054 5533 27 27 at
4096 5540 68 30 pre-.

3609 5578 61 25 sent
3680 5572 129 36 'making
3827 5572 53 27 'the
3915 5570 174 39 preliminary
4115 5583 42 18 ar-
4161 5570 4 40 (

3610 5622 175 30 rangeiuents
3798 5613 43 26 for
3857 5611 45 29 the
3929 5611 183 29 construction
4129 5613 36 27 of'

3608 5664 16 18 a
3642 5664 59 18 new
3725 5652 61 28 dawi
3812 5651 107 30 further
3944 5651 82 39 along
4051 5652 45 28 the
4109 5651 57 32 liilts

3607 5695 65 28 than
3688 5694 46 28 the
3746 5694 44 28 old
3806 5702 61 26 one,
3880 5693 27 29 in
3922 5692 101 29 Messrs
4037 5693 126 30 Herber*

3605 5734 53 29 and
3675 5734 72 29 Co.'s
3760 5732 135 42 paddock,

1752 101 200 46 MOUNT
2036 102 227 44 BENGER
2348 98 153 43 MAIL.

3483 94 164 48 Friday,
3672 95 165 39 October
3859 95 67 42 29,
3952 82 108 50 189?

297 211 40 39 [1
358 209 101 39 Card.]

245 363 30 29 H
313 364 28 29 U
379 362 25 30 B
443 361 23 29 E
497 360 28 30 N
558 359 23 30 E
612 359 47 36 R,

181 424 135 22 TEAC3ER
337 424 35 20 OF
393 422 59 22 THE
473 420 111 27 VIOLIN,

111 475 68 31 Will
192 476 63 29 visit
269 475 156 39 Roxburgh
438 473 105 39 weekly
569 473 92 37 (every

311 522 143 39 Monday.)

114 675 97 30 Terms
221 686 34 18 on
264 675 166 39 application
439 677 29 27 to
478 672 52 31 self
539 682 30 20 or
580 670 84 30 Office

290 724 28 28 of
332 724 55 28 this
400 723 98 39 Paper.

214 816 43 35 C.
298 815 36 36 J.
379 814 186 47 Coombs,

137 881 194 30 SURGICAL
351 880 24 28 &
393 874 255 34 MECHANICAL
678 860 1 51 |

308 924 166 31 DENTIST

327 972 38 26 (By
380 972 81 24 Exam.)

225 1030 152 30 COOMBS
394 1040 63 26 may
469 1028 36 29 be
519 1025 148 32 Consulted

273 1123 125 29 Heron's
421 1121 94 30 Hotel

137 1175 42 28 On
202 1175 157 35 FRIDAY..
374 1175 74 27 22nd
469 1169 180 33 OCTOBER.

157 1253 39 28 As
210 1253 15 28 I
238 1252 96 29 intend
348 1253 114 35 visiting
480 1251 56 28 this
554 1247 115 32 District

120 1293 186 37 periodically,
320 1294 21 26 it
350 1293 53 28 will
413 1301 63 19 save
490 1290 123 29 Patients
624 1288 46 27 the

120 1342 120 29 expense
252 1332 29 29 of
295 1333 86 38 going
395 1336 27 25 to
436 1336 73 25 town
522 1342 7 24 ;
549 1328 54 30 and
616 1337 29 19 as
656 1326 13 29 I

122 1378 150 33 guarantee
292 1373 35 28 all
351 1373 86 35 work,
464 1371 122 30 Patients
608 1378 62 28 may

120 1414 57 37 rely
192 1423 33 18 on
239 1413 112 36 getting
363 1424 16 17 a
393 1412 143 28 first-class
546 1410 115 27 denture

119 1493 92 21 TEETH
240 1493 80 20 MADE
349 1493 36 20 BY
416 1491 95 21 OTHER
537 1488 133 23 DENTTfTS

141 1519 130 23 PROVING
282 1517 252 25 UNSATISFACTORY
544 1516 60 22 MAY
617 1516 33 21 BE

176 1548 193 21 REMODELLED
385 1548 35 20 AT
433 1545 94 21 SMALL
541 1544 73 22 COST.

122 1615 122 28 Painless
274 1614 159 27 Extraction
463 1610 66 28 with
555 1609 113 28 Nitrous

156 1653 87 28 Oxide
265 1652 64 32 Gas,
353 1651 124 33 Cocaine,
491 1649 95 32 Ether,
601 1657 30 17 or

302 1691 181 28 Chloroform.

120 1767 130 29 Stopping
271 1774 69 18 with
361 1765 84 34 Gold,
467 1762 148 34 Amalgam,
635 1767 35 19 or

333 1806 122 29 Cement.

212 1883 30 30 C.
290 1883 28 28 J.
372 1877 205 37 COOMBS,

260 1932 126 27 Surgeon
410 1929 118 28 Dentist

163 1979 143 39 (Opposite
322 1975 127 41 Cargill's
462 1974 174 36 Monument)

328 2023 79 22 DUNE
412 2022 58 22 DIN.

238 2065 81 33 (Late
334 2063 74 28 Kidd
422 2062 54 27 and
491 2060 59 37 Co.)

126 2178 213 33 ROXBURGH
349 2177 159 30 BAKERY
519 2175 24 31 &
555 2174 119 31 STORE

121 2280 184 55 Bobt.
333 2278 342 67 Kiaaston,

144 2370 141 35 BAKER,
314 2365 295 33 CONFECTIONER
633 2364 24 29 &

259 2413 282 36 STOREKEEPER,

165 2474 147 24 SCOTLAND
335 2473 112 27 STREET,
470 2469 166 24 ROXBURGH.

166 2570 74 29 R.K.
250 2569 102 29 desires
365 2572 29 24 to
407 2566 88 30 thank
508 2566 47 29 the
567 2564 93 30 inhabi-

132 2615 73 25 tants
219 2610 28 29 of
261 2608 153 39 Roxburgh
426 2606 53 30 and
491 2605 182 38 surrounding

132 2651 120 30 districts
275 2651 43 28 for
338 2650 46 28 the
407 2650 115 37 support
543 2645 132 30 accorded

130 2693 57 27 him
200 2693 27 25 in
241 2692 46 27 the
300 2695 70 33 past,
384 2690 53 26 and
450 2693 28 23 to
487 2687 99 28 inform
600 2687 76 27 them

132 2732 59 28 that
204 2731 117 37 nothing
335 2729 53 28 will
402 2729 34 28 be
450 2726 122 40 wanting
585 2736 35 19 on
633 2725 43 29 his

133 2777 62 35 part
206 2773 27 27 in
245 2772 46 28 the
303 2772 91 28 future
405 2775 28 24 to
442 2769 82 30 merit
529 2779 16 18 a
553 2767 109 31 continu-

132 2822 66 19 ance
210 2812 30 29 of
252 2812 70 27 their
335 2813 122 35 support.

162 2902 139 22 WEDDING
320 2902 61 21 AND
399 2901 149 22 BIRTHDAY
565 2900 91 21 CAKES

281 2937 82 20 MADE
378 2935 35 21 TO
426 2934 104 22 ORDER.

135 2984 122 26 SOIREES,
281 2983 109 22 PICNICS
412 2982 16 22 k
447 2982 85 21 BALLS
549 2980 131 22 CATERED

177 3020 55 20 FOR
247 3019 36 22 ON
301 3019 56 21 THE
370 3017 144 22 SHORTEST
531 3015 112 23 NOTICE.

135 3062 127 40 Nothing
276 3062 49 29 but
340 3061 45 29 the
398 3060 61 30 best
469 3059 122 31 material
605 3058 75 30 used.

133 3158 77 22 GOOD
224 3156 184 23 ASSORTMENT
417 3155 35 22 OF
462 3154 164 27 GROCERIES,
636 3154 45 26 4c,

335 3191 38 20 ON
391 3189 93 21 HAND.

222 3281 117 28 Liberal
359 3280 138 29 Discount
508 3288 50 19 foe
578 3278 85 29 Cash.

267 3394 55 35 W.
396 3388 281 44 ROONEY,

165 3475 205 26 HAIRDRESSER,
382 3471 201 26 TOBACCONIST,
598 3471 46 23 &C,

135 3517 75 39 Begs
223 3520 29 25 to
265 3515 123 29 intimate
407 3516 29 27 to
453 3512 47 30 the
512 3511 94 40 public
618 3511 61 30 that

348 3556 34 26 he
407 3555 49 27 has

151 3596 152 32 OPENED
323 3597 24 28 A
367 3591 292 33 HAIRDRESSING

332 3635 149 30 SALOON

129 3679 28 28 in
179 3678 47 29 the
248 3677 46 29 old
316 3676 143 35 Premises,
481 3676 67 27 next
572 3673 104 39 Boyd's

360 3715 92 29 Hotel.

148 3790 177 38 Haircutting
327 3788 91 36 6d;
445 3787 139 37 Children,
610 3786 46 30 6d.

306 3830 131 38 Shaving,
452 3829 45 30 6d.

189 3909 105 28 Razors
316 3907 52 30 Set
591 3916 11 19 i

130 3982 94 22 large
234 3981 182 22 assortment
424 3980 143 22 tobaccos
574 3980 16 21 k
597 3979 78 21 pipes

165 4048 26 29 J.
217 4047 42 29 W.
281 4046 164 35 ROONEY,
459 4045 120 33 Painter,
597 4042 49 29 has
659 4052 16 18 a

128 4089 75 36 large
254 4091 163 26 assortment
466 4086 29 29 of
546 4083 129 37 Painting

130 4129 139 28 Materials
283 4140 33 16 on
330 4127 75 29 hand
417 4139 7 24 ;
447 4126 54 29 and
514 4125 27 29 in
555 4124 80 29 order
647 4127 28 25 to

128 4174 71 24 meet
212 4170 45 27 the
272 4170 79 27 times
363 4169 49 27 has

127 4221 214 22 CONSIDERABLY
364 4217 134 24 REDUCED
515 4217 57 21 THE
593 4215 82 22 PRICE

202 4254 34 21 OE
254 4253 141 21 PAINTING
408 4252 65 21 THIS
486 4249 114 22 SEASON.

247 4319 27 27 J.
315 4317 45 29 W.
400 4315 165 33 ROONEY,

148 4369 120 35 Painter,
295 4368 121 36 Grainer,
446 4366 69 39 Sign
547 4364 112 36 Writer,

266 4409 200 39 Pnperhanger,
486 4408 60 32 &c,

175 4459 152 23 SCOTLAND
340 4458 111 27 STREET,
465 4456 168 23 ROXBURGH.

286 4534 22 28 T
323 4557 6 7 .
398 4529 280 36 BOWDEN,

144 4574 9 15 T
170 4574 9 14 '
199 4588 9 10 .

205 4609 175 24 CARPENTER,
406 4606 114 25 JOINER,
547 4605 61 21 AND

303 4644 206 26 UNDERTAKER,

128 4701 99 27 Desires
254 4704 23 22 to
303 4697 78 28 thank
406 4695 41 28 the
477 4694 88 28 Public
589 4694 25 26 of
638 4692 41 28 the

130 4739 103 26 District
250 4739 36 23 tor
304 4741 55 30 past
376 4739 112 30 support,
507 4732 48 26 and
575 4731 60 34 begs
654 4736 25 21 to

116 4777 100 25 -inform
248 4774 65 25 them
349 4773 54 25 that
433 4771 30 26 be
492 4769 45 27 has
566 4767 111 28 resumed

130 4812 119 28 Business
262 4812 24 25 in
301 4807 149 37 Roxburgh.

128 4902 132 25 Estimates
271 4900 74 34 given
356 4898 48 27 and
415 4895 122 37 Building
546 4894 132 28 Contracts

226 4950 28 24 of
269 4947 32 27 all
320 4946 73 28 kinds
410 4943 161 29 undertaken.

163 5035 75 24 Plns
252 5033 47 25 and
319 5030 185 35 Specifications
518 5028 123 34 prepared.

433 5103 5 39 :
504 5100 37 41 n
607 5100 37 39 h
670 5131 7 12 ,

125 5179 137 25 PAINTER,
287 5175 130 26 GLAZIER,
440 5172 92 23 PAPER
551 5172 128 26 HANGER,

200 5212 69 23 SIGN
289 5209 115 23 WRITER
426 5207 62 22 AND
510 5206 95 21 HOUSE

314 5240 177 26 DECORATOR,

221 5286 70 28 Ross
310 5283 100 34 Place,
429 5280 161 29 Lawrence.

168 5369 41 28 On
226 5366 63 29 Sale
302 5375 16 18 a
327 5364 76 38 large
414 5360 54 30 and
476 5360 93 30 varied
579 5364 87 25 assort-

131 5413 76 26 ment
221 5407 27 27 of
262 5405 68 35 Oils,
344 5402 105 36 Paints,
471 5399 98 36 Scrim,
592 5400 88 35 Glass,

130 5446 229 42 Paperhangings
381 5442 55 30 and
455 5440 134 30 Painters'
609 5440 54 28 Sun-

127 5490 84 31 dries.

167 5531 69 27 New
245 5527 54 29 and
306 5523 172 31 fashionable
484 5521 74 29 Wall
569 5521 111 38 Paper?,

131 5571 72 28 from
217 5567 36 30 5d
275 5576 50 30 per
344 5564 77 40 piece
442 5561 135 40 upwards,
620 5566 45 23 rat-

131 5616 76 25 terns
221 5611 61 28 sent
294 5616 36 21 on
350 5603 176 41 application,
539 5607 62 33 post
614 5601 66 29 free.

168 5650 148 29 Estimates
329 5646 83 39 given
424 5644 44 29 for
489 5641 116 31 General
628 5641 35 29 Re-

128 5692 84 39 pairs,

170 5726 162 35 Celebrated
347 5726 131 29 Lustruss
496 5722 88 37 Paiut,
598 5722 84 39 ready

128 5771 102 35 mixed,
243 5769 35 30 all
293 5767 123 31 Colours.

686 203 139 30 TEVIOT
834 202 162 31 WESLEY
998 201 53 30 AN
1066 199 170 31 CHURCH.

689 286 75 47 (XN
785 286 115 38 Sunday
913 285 124 30 Services
1049 282 56 30 will
1126 282 35 29 be
1170 291 69 19 oon-

774 326 102 30 ducted
888 336 30 19 as
931 325 101 30 follow:

689 375 111 27 Roxburgh
809 375 21 25 (7
839 374 138 28 p.m.)-Rev.
987 373 59 25 J.JH.
1054 372 84 25 Hooper

955 402 52 26 Gra>

689 431 48 22 Co*l
748 431 64 21 Creek
821 430 21 26 (3
851 429 59 27 p.m.)
922 430 68 20 -Rev.
1000 428 21 21 J.
1037 428 27 21 H.
1076 427 84 26 Hooper

691 459 78 21 Ettrick
777 458 30 24 (11
818 458 81 25 a.m.)
901 457 52 22 Rev.
964 456 20 22 J.
997 456 28 21 H.
1035 456 84 25 Hooper

778 486 19 25 (7
807 486 82 26 p.m.)
892 485 79 27 Supply

728 551 213 32 ROXBURGH
971 550 99 30 GLEE
1093 548 110 31 CLUB.

694 637 141 43 GRAND
850 635 185 44 POPULAR
1051 632 191 45 CONCERT

732 744 202 23 PRELIMINARY
960 742 244 23 ANNOUNCEMENT.

774 811 152 28 Particulars
939 812 25 27 in
979 812 93 25 Future
1086 810 77 27 Issue.

927 903 28 26 F.
973 900 169 33 JEFFERY,

1076 944 66 28 Hon.
1158 945 51 26 Sec.

698 1058 44 54 R
748 1100 12 12 #
778 1059 34 39 J.
844 1058 43 38 B.
918 1055 161 43 YULE,
1102 1052 146 44 L.D.S.,

783 1142 191 43 Surgeon
1010 1136 161 43 Dentist,

825 1207 300 33 INVERCARGILL.

803 1361 46 29 Mr
871 1361 78 29 Yule
971 1359 55 29 will
1045 1358 102 29 visit

685 1408 1 57 I
711 1431 164 32 HERON'S
891 1426 361 39 HOTEL,ROXBURGH

736 1575 174 31 MONDAY,
936 1575 44 24 Ist
999 1569 222 33 NOVEMBER,

703 1727 256 36 WEDNESDAY,
973 1727 52 29 3rd
1038 1721 215 30 NOVEMBER

736 1864 46 29 Mr
794 1863 73 28 Yule
888 1871 62 27 may
972 1860 58 28 also
1051 1858 35 28 be
1109 1853 143 32 consulted

700 1919 28 26 at
742 1916 47 29 the
802 1915 179 38 Dispensary,
997 1909 169 35 Alexandra,
1182 1908 70 29 from

701 1969 112 37 Friday,
828 1967 66 29 29th
920 1964 128 35 October,
1070 1967 29 25 to
1122 1960 132 38 Monday,

703 2022 9 28 1
720 2025 25 25 st
757 2019 167 30 November.

703 2087 262 34 APPLICATION
994 2086 74 30 FOR
1094 2083 161 32 SPECIAL

914 2128 132 30 CLAIM.

805 2198 122 27 District:
947 2196 82 35 Otago
1042 2194 110 28 Mininjr.

835 2237 82 25 Date:
940 2234 60 28 13th
1014 2232 116 29 October,
1148 2231 71 26 1897.

736 2286 37 28 To
786 2286 42 27 the
842 2284 111 27 Warden
967 2289 24 21 at
1006 2280 146 32 Roxbnrj>b.

704 2334 25 24 T
761 2329 150 30 HEREBY
943 2328 73 37 apply
1049 2328 35 26 for
1115 2337 14 16 a
1161 2323 93 38 Special

705 2363 25 24 A
767 2370 79 22 Claim
879 2371 37 21 for
947 2366 154 26 e-oldrairiiti'.'
1140 2372 116 20 purposes

705 2375 25 14 *
767 2370 79 27 Claim
879 2371 37 23 for
947 2366 154 35 goldmiriiti<.>
1140 2372 116 24 purposes

705 2408 77 26 under
797 2408 40 24 the
851 2405 137 35 provisions
1011 2403 26 25 of
1156 2401 100 31 Mining

709 2452 52 26 act,
897 2443 24 26 of
947 2441 41 27 the
1013 2439 70 28 lands
1109 2438 147 27 hereinafter

703 2482 134 31 described,
849 2481 79 26 whicb
940 2479 60 26 have
1013 2479 57 25 been
1083 2477 57 25 dulv
1156 2474 99 28 marked

704 2521 24 26 in
743 2521 149 26 accordance
910 2516 60 27 with
991 2516 42 26 the
1047 2514 97 35 mining
1158 2512 84 36 regula-

704 2559 71 26 tions.

945 2593 29 27 A.
997 2591 27 27 B.
1047 2588 107 29 IMRIE

740 2633 50 36 (By
804 2632 38 27 his
861 2631 122 31 Solicitor,
1000 2629 27 28 F.
1042 2628 31 28 G.
1089 2624 168 36 DALZiEtf,)

740 2671 46 28 No.
799 2670 47 27 and
858 2670 56 25 date
924 2669 28 26 of
961 2667 97 27 miner's
1068 2664 119 36 rightl
1187 2664 70 27 27973

705 2707 165 35 l2/10/97.

742 2773 81 28 Name
835 2772 48 27 and
898 2771 99 27 address
1007 2771 25 25 in
1044 2768 43 28 full
1099 2768 28 27 of
1134 2766 125 37 applicant

710 2812 106 26 Andrew
832 2810 82 26 Burns
930 2808 83 30 Imrie,
1030 2806 60 27 Port
1104 2804 136 28 Chalmers.

743 2848 68 37 Style
825 2847 78 27 under
917 2845 80 28 which
1010 2845 20 28 it
1051 2845 21 27 is
1096 2841 118 30 intended
1235 2849 25 20 to

708 2888 108 27 conduct
830 2888 41 25 the
885 2884 224 28 businesslmrie
1120 2882 47 27 and
1179 2888 77 28 party.

744 2925 112 35 Locality
870 2923 80 26 where
963 2922 42 27 the
1027 2920 57 28 land
1107 2918 97 36 applied
1224 2918 36 26 for

709 2964 21 27 is
760 2960 242 29 situatedSection
1029 2960 41 31 71,
1106 2957 76 28 Block
1216 2954 44 35 11.,

711 3003 100 29 Bender
826 3000 110 27 District,
956 3008 27 16 as
1002 2997 128 30 surveyed.

745 3038 94 27 Extent
848 3037 28 26 of
884 3036 56 27 land
952 3034 96 37 applied
1063 3034 62 26 for-
1136 3033 30 27 51
1178 3041 66 18 acres

746 3079 110 24 Amount
868 3075 27 25 of
905 3074 89 33 capital
1009 3073 118 33 proposed
1142 3078 25 20 to
1183 3071 27 26 he
1224 3072 24 25 in-

711 3113 82 27 vested
802 3111 131 31 -4.000

746 3151 124 35 Proposed
885 3149 70 28 mode
969 3148 27 27 of
1007 3147 114 35 working
1145 3146 40 28 the
1204 3144 56 28 land

709 3189 174 33 Dredging.

745 3227 73 25 Term
845 3225 36 26 for
907 3223 79 27 which
1006 3222 90 28 license
1121 3231 26 17 or
1172 3220 90 36 special

711 3264 70 26 claim
793 3269 74 27 grant
882 3262 21 25 is
916 3260 177 37 required2l
1114 3267 72 27 years

744 3299 106 27 General
866 3298 122 26 Remarks
990 3296 103 35 Pegs
1106 3295 101 26 marked
1227 3294 32 25 V.

742 3374 81 27 Dated
838 3378 25 21 at
880 3372 136 36 Roxburgh
1031 3370 48 28 this
1100 3369 61 27 13th
1174 3368 49 37 day
1236 3368 29 27 of

708 3410 115 35 October,
837 3410 73 29 1897.

740 3450 53 26 The
807 3449 77 27 above
897 3448 149 37 application
1060 3446 48 27 and
1119 3454 48 26 any
1181 3444 65 35 objec-

708 3488 64 26 tions
786 3486 49 28 will
858 3486 29 27 be
912 3484 75 29 heard
1012 3490 25 22 at
1062 3484 42 27 the
1124 3482 134 27 Warden's

706 3525 79 28 Office
798 3531 25 22 at
834 3523 149 38 Roxburgh,
995 3532 32 19 on
1039 3521 58 29 Ilth
1109 3520 149 35 November,

708 3563 73 32 1897,
795 3568 26 21 at
835 3563 28 26 11
879 3571 55 18 am.

740 3602 58 35 Any
812 3609 88 28 person
919 3598 111 36 desiring
1043 3603 26 23 to
1080 3596 82 37 object
1175 3602 26 22 to
1215 3599 43 25 the

705 3647 121 27 granting
839 3640 24 24 of
876 3648 13 16 a
902 3637 90 36 special
1005 3637 72 26 claim
1100 3635 99 36 applied
1221 3636 37 25 for

705 3681 74 27 must,
802 3676 66 36 prior
893 3682 24 20 to
943 3674 41 27 the
1009 3673 112 35 hearing,
1134 3678 73 21 enter
1219 3671 38 28 his

705 3714 136 36 objections
865 3718 26 21 at
915 3712 42 27 the
983 3711 129 26 Warden's
1137 3709 76 28 Office
1231 3714 26 21 at

705 3750 146 37 Roxburgh.

758 3798 211 31 FREDERICK
981 3796 171 32 JEFFERY,

1035 3836 48 26 Pro
1102 3834 120 27 Warden.

738 3882 121 28 Received
873 3888 27 21 at
913 3881 133 27 Warden's
1059 3880 75 27 Office
1144 3884 26 22 at
1183 3880 53 26 Rox-

705 3921 79 38 burgh
803 3931 31 18 on
858 3922 60 27 14th
936 3920 115 33 October,
1067 3919 74 34 1897,
1156 3925 24 21 at
1195 3918 59 28 9.30

689 3967 2 21 I
703 3970 56 18 a.m.

706 4020 305 56 SHAMROCK
1042 4018 54 54 H
1100 4019 144 38 OTEL
1248 4050 6 11 >

888 4092 191 30 DCNEDIN.

705 4175 138 21 COGHLAN
858 4174 78 21 BROS.

1098 4173 157 22 Proprietors.

853 4253 134 15 lavuurue
1028 4238 94 35 Hotel,
1154 4238 102 38 having

789 4280 121 37 recently
933 4280 68 28 been
1026 4279 82 29 taken
1131 4289 66 19 over
1219 4279 37 37 by

706 4322 104 27 Messrs
837 4319 125 38 Coghla
1000 4318 87 34 Bros.,
1114 4318 48 27 has
1187 4318 69 28 been

707 4360 167 39 thoroughly
887 4358 150 30 renovated
1058 4358 149 40 improved.

744 4402 119 28 Visitors
873 4400 70 28 from
958 4400 46 28 the
1018 4405 115 30 country
1152 4400 64 33 will,
1228 4410 29 17 as

708 4441 162 34 heretofore,
900 4438 57 29 find
993 4438 117 39 nothing
1134 4439 124 38 wanting

708 4481 61 28 that
780 4480 79 29 tends
873 4485 28 23 to
913 4479 73 29 their
999 4479 116 28 comfort
1128 4478 54 28 and
1194 4489 48 18 con-

708 4520 139 30 venience.

720 4597 77 22 ONLY
893 4597 114 20 BRANDS
1028 4597 35 19 OF
1079 4596 90 20 WINES
1185 4595 60 21 AND

808 4624 106 21 SPIRITS
928 4624 74 21 KEPT
1016 4623 29 21 IN
1061 4623 96 21 STOCK.

753 4688 91 40 Night
870 4689 97 29 Porter
990 4689 27 29 in
1040 4687 173 31 attendance.

830 4766 130 30 Chabgks
987 4767 159 28 Moderatk.

706 4850 222 57 JONES'S
1017 4850 239 55 QOALPIT,

854 4937 98 31 COAL
974 4936 138 32 CREEK.

736 5030 94 28 )EST
849 5029 157 30 LIGNITE
1025 5030 27 28 in
1074 5031 47 28 the
1141 5030 116 29 District

797 5070 44 29 for
873 5070 141 39 Steaming
1039 5081 31 18 or
1095 5070 162 30 Household

710 5120 130 29 purposes
857 5110 137 29 delivered
1007 5114 27 26 at

965 5163 80 30 Cash.
1112 5162 125 31 Booked.

708 5202 153 42 Roxburgh
929 5228 30 7 ...
984 5204 46 30 10s
1089 5204 47 29 lis
1150 5214 49 30 per
1208 5207 48 26 ton

708 5244 56 29 The
779 5244 45 29 Pit
931 5268 29 7 ...
1002 5247 30 27 5s
1107 5246 31 29 6s

708 5283 152 39 Roxburgh
898 5284 66 29 East
985 5286 48 27 lis
1092 5287 46 26 12s

708 5324 56 29 The
778 5324 125 34 Dredges
932 5350 28 5 ...
985 5325 130 30 Contract
1136 5326 101 29 Prices.

746 5402 58 30 The
825 5402 156 39 Proprietor
993 5403 49 29 has
1055 5404 100 34 special
1169 5404 75 29 facili-

710 5442 50 28 ties
771 5443 43 28 for
826 5443 122 39 delivery
961 5444 27 27 in
1002 5454 53 27 any
1078 5448 62 34 part
1161 5445 29 28 of
1209 5445 48 28 the

711 5481 122 38 District,
860 5484 55 29 and
941 5483 158 30 Customers
1124 5495 62 27 may
1199 5485 58 38 rely

710 5533 33 17 on
759 5523 83 38 being
853 5524 137 38 promptly
1005 5524 133 38 supplied.

747 5571 100 31 Orders
861 5583 62 28 may
936 5573 35 29 be
984 5573 51 29 left
1048 5578 28 25 at
1096 5574 46 29 the
1157 5574 101 30 Mount

710 5612 114 29 Bkngek
839 5614 74 28 Mail
926 5613 92 30 Office.

749 5689 103 29 'OZIE
870 5690 85 28 TEA.
994 5690 64 28 This
1083 5691 88 29 brand
1196 5691 24 29 is
1242 5702 16 17 a

748 5727 15 16 L
787 5734 149 35 guarantee
944 5731 28 28 of
981 5731 89 38 purity
1080 5731 53 29 and
1143 5731 113 40 quality.

709 5771 56 39 Try
778 5771 46 29 the
837 5771 31 29 2s
879 5783 7 23 ;
907 5770 45 29 His
966 5771 99 39 superb
1078 5771 6 29 !

1270 227 177 45 DUNEDIN
1463 228 141 45 PRICES
1616 230 29 42 4
1659 228 162 45 VALUES

1468 322 254 65 fjTisf^

1270 446 76 30 NOT
1366 444 74 32 FOR
1460 447 76 30 ONE
1550 447 139 29 MONTH
1709 446 114 36 ONLY,

1294 599 77 45 ALL
1403 600 80 42 THE
1516 600 109 42 YEAR
1654 599 150 54 ROUND,

1278 731 89 56 W.
1393 730 56 56 T.
1473 729 355 66 TALBOYS,

1410 821 287 37 ROXBURGH,

1275 876 73 29 Who
1370 875 23 30 is
1416 886 61 18 dow
1499 874 125 39 Offering'
1644 875 47 28 the
1712 874 118 29 Ealance

1507 916 30 29 of
1556 916 42 28 his

1360 966 237 41 WINTER

1483 1030 263 39 DRAPERY

1277 1100 29 26 at
1330 1096 93 30 Prices
1442 1095 88 30 which
1550 1094 107 30 MUST
1679 1091 152 33 Command

1364 1138 47 28 the
1425 1136 146 30 Attention
1588 1136 28 29 of
1629 1136 115 33 Buyers.

1366 1295 105 43 Come
1496 1292 64 44 and
1588 1291 65 43 See
1678 1290 68 43 Our

1280 1367 47 30 All
1348 1365 83 31 Wool
1456 1364 174 37 Wellington
1656 1361 125 35 Flannel,
1804 1363 27 25 at

1357 1409 28 25 Is
1400 1406 34 28 Id
1444 1415 48 28 per
1504 1404 68 38 yard

1282 1458 95 30 White
1412 1456 132 36 Calicoes,
1569 1455 71 29 from
1667 1454 30 28 2s
1724 1452 35 30 6d
1784 1462 49 29 per

1355 1499 83 29 dozen

1285 1552 112 37 Striped
1410 1550 197 32 Flannelettes,
1618 1548 71 27 from
1699 1547 29 27 2s
1739 1545 37 28 9d
1784 1554 50 28 per

1355 1590 86 28 dozen

1282 1644 94 27 White
1412 1642 141 34 Shirtings
1584 1638 112 36 (double
1734 1636 98 35 width(

1354 1683 71 29 from
1527 1690 48 29 per
1588 1679 68 39 yard

1283 1735 97 28 White
1393 1733 122 28 Turkish
1525 1731 115 33 Towels,
1654 1730 71 27 from
1745 1729 31 27 4s
1799 1726 32 30 fld

1355 1784 48 29 per
1416 1773 87 29 dozen

1282 1821 88 28 Linen
1384 1817 221 39 Tablings,from
1619 1818 30 26 Is
1659 1816 35 28 3d
1709 1824 48 29 per
1767 1813 65 38 yard

1286 1865 91 30 Men's
1393 1864 103 29 Lambs
1510 1862 29 29 W
1539 1862 8 12 r
1549 1862 42 29 ool
1606 1862 95 35 Pants,
1725 1862 30 27 2s
1784 1861 49 28 lld

1357 1916 50 29 per
1421 1905 60 39 pair

1285 1948 89 29 Men's
1390 1947 100 29 Cotton
1506 1944 94 36 Pants,
1613 1944 70 28 from
1696 1945 28 26 Is
1739 1943 33 28 3d
1788 1953 48 29 per

1357 1988 60 39 pair

1286 2029 137 30 Coloured
1445 2027 59 28 Silk
1521 2025 232 34 Handkerchiefs,
1767 2025 70 28 from

1358 2080 5 13 I
1372 2077 12 16 S
1398 2077 65 16 PftPll

1286 2109 91 28 Men's
1393 2108 63 29 Soft
1470 2107 60 28 Felt
1544 2106 82 34 Hats,
1637 2105 71 28 from
1733 2105 27 27 Is
1786 2104 51 29 lid

1358 2149 65 29 each

1268 2185 3 46 |
1287 2191 64 28 Real
1364 2191 71 27 Bear
1450 2189 79 39 Long
1541 2188 56 29 Fur
1609 2187 82 35 Boas,
1704 2185 70 31 from
1792 2189 47 27 12s

1360 2231 33 28 (jd
1407 2231 66 28 each

1269 2302 1 43 1
1291 2311 118 31 DRESS
1445 2310 143 30 STUFFS
1621 2311 26 29 in
1685 2307 154 38 SERGES,

1332 2351 170 38 TWKKUS,
1523 2351 135 30 &cAll
1676 2351 126 29 reduced.

1495 2433 26 28 A
1542 2431 53 30 Lot
1609 2432 29 29 of

1269 2479 2 32 :
1289 2481 179 30 MANTLES
1498 2480 24 29 &
1544 2479 286 30 WATERPROOFS

1307 2534 39 28 At
1360 2533 88 39 prices
1463 2533 87 28 which
1564 2536 74 25 must
1652 2533 73 28 clear
1737 2532 85 28 them.

1362 2615 24 28 A
1403 2614 133 40 Splendid
1551 2615 176 28 Assortment
1739 2613 30 29 of

1289 2664 116 28 MEN'S
1438 2662 23 29 &
1495 2662 109 29 BOYS'
1636 2660 204 35 CLOTHING,

1372 2702 180 35 HOSIERY,
1577 2701 181 35 SCARVES,

1455 2743 147 36 SHiRTS,
1623 2742 49 32 &c.

1289 2824 117 30 MEN'S
1450 2824 140 30 TWEED
1638 2824 110 30 SUITS
1795 2823 47 31 TO

1353 2866 195 36 MEASURE,
1572 2866 50 29 60s
1644 2867 135 38 (special).

1359 2947 25 30 A
1411 2947 60 30 well
1497 2948 124 29 assorted
1649 2948 79 29 stock
1753 2949 30 29 of

1397 2989 119 29 BOOTS
1542 2998 55 19 and
1623 2989 121 28 SHOES

1448 3029 102 39 always
1563 3040 35 19 on
1612 3028 82 32 hand.

1318 3126 185 30 BOROUGH
1524 3125 48 31 OF
1592 3125 223 31 ROXBURGH.

1309 3229 25 39 rf
1341 3229 38 26 ST
1386 3229 8 25 I
1400 3229 128 26 MATED
1560 3227 125 35 Receipts
1712 3229 50 25 and
1793 3229 51 28 Ex-

1318 3262 19 18 J
1374 3267 141 33 penditure
1532 3266 42 25 for
1597 3264 46 26 the
1661 3274 63 26 year
1747 3266 99 34 ending

1290 3304 61 24 31st
1363 3302 101 32 March,
1481 3302 72 26 1898.

1496 3356 138 27 Receipts.

1288 3401 112 28 General
1413 3410 114 19 revenue
1624 3422 27 7 ...
1668 3399 72 32 477
1777 3403 16 25 0
1828 3403 16 25 6*

1288 3441 181 25 Government
1482 3439 111 34 subsidy
1626 3460 26 5 ...
1711 3440 29 24 15
1777 3440 16 24 0
1828 3440 16 25 0

1289 3477 82 27 Rates
1384 3480 28 23 at
1427 3477 27 26 Is
1468 3476 28 26 in
1517 3476 46 26 the
1620 3484 32 18 on

1357 3514 91 31 1479
1463 3514 45 27 10s
1625 3535 27 6 ...
1709 3514 31 28 73
1761 3515 30 26 19
1827 3515 15 26 6

1467 3665 194 26 Expenditure.

1285 3712 154 26 Charitable
1463 3710 52 26 Aid
1622 3730 27 5 ...
1682 3709 56 27 lB
1774 3709 16 25 0
1826 3709 16 26 0

1286 3749 79 27 Office
1379 3749 135 35 Expenses
1622 3768 27 5 ...
1690 3746 49 26 100
1774 3746 16 26 0
1826 3747 16 26 0

1285 3788 100 26 Streets
1399 3786 52 27 and
1472 3786 137 35 Footways
1623 3805 26 7 ...
1688 3784 50 26 250
1774 3785 16 25 0
1825 3785 17 26 0

1285 3826 202 26 Miscellaneous
1623 3843 27 6 ...
1691 3822 47 26 132
1774 3822 16 26 0
1825 3823 16 25 0

1454 3982 118 30 JABEZ
1600 3979 165 35 BURTON,

1400 4033 79 26 Town
1496 4031 79 26 Clerk
1589 4030 51 27 and
1654 4029 152 27 Treasurer.

1319 4110 175 29 BOROUGH
1520 4109 45 27 OF
1589 4108 213 28 ROXBURGH.

1315 4216 127 26 TOTICE
1463 4216 26 26 Is
1509 4216 108 33 Hereby
1639 4214 84 26 Given
1738 4214 59 24 that
1812 4213 25 25 in

1287 4253 40 17 '
1369 4254 163 34 compliance
1559 4252 62 26 with
1648 4251 117 27 Sections
1792 4250 46 26 135

1284 4293 51 24 and
1351 4292 47 25 136'
1410 4291 28 26 of
1482 4290 13 25 'I
1503 4290 33 27 he
1550 4290 147 33 Municipal
1711 4287 116 33 Corpora

1268 4315 3 42 I
1284 4329 70 24 tions
1369 4328 59 29 Act,
1544 4326 53 27 and
1622 4325 118 26 Sections
1765 4323 32 27 37
1812 4327 26 22 to

1285 4364 33 29 39
1394 4363 55 30 The
1464 4363 101 37 Rating
1589 4365 56 31 Act,
1782 4360 22 28 it
1817 4360 21 28 is

1286 4404 124 25 intended
1424 4405 28 24 to
1464 4403 77 25 make
1558 4402 52 26 and
1625 4402 60 33 levy
1699 4410 15 16 a
1727 4400 111 25 General

1287 4439 68 27 Rate
1379 4440 27 26 of
1428 4438 56 28 One
1508 4438 115 30 Shilling
1647 4437 26 27 in
1688 4437 45 27 the
1746 4435 92 27 Pound

1285 4486 70 25 npon
1369 4478 34 25 all
1418 4477 117 26 rateable
1549 4479 126 31 property
1689 4474 90 26 within
1794 4473 46 25 the

1270 4511 3 39 j
1289 4512 119 38 Borough
1429 4513 27 26 of
1479 4513 146 35 Roxburgh
1651 4511 41 27 for
1715 4511 47 26 the
1778 4518 63 27 year

1271 4546 2 42 |
1287 4546 99 39 ending'
1397 4551 60 28 31st
1471 4551 99 28 March,
1586 4550 71 27 1898.
1681 4549 112 35 payable
1813 4547 25 26 in

1288 4598 48 16 one
1346 4598 57 16 sum
1415 4598 32 16 on
1459 4589 44 25 the
1514 4588 62 26 20th
1584 4588 51 34 day
1645 4587 27 25 of
1682 4585 156 29 November,

1290 4624 63 27 1897
1366 4623 4 32 ;
1390 4626 52 25 and
1455 4625 60 26 that
1525 4624 45 27 the
1583 4623 147 28 Rate-book
1742 4623 21 25 is
1773 4630 67 25 open

1289 4661 41 26 for
1354 4663 147 34 inspection
1525 4664 28 25 at
1576 4662 47 26 the
1647 4660 192 28 Council-room

1289 4699 98 35 during
1399 4701 71 24 office
1483 4700 87 25 hours.

1459 4755 120 29 JABEZ
1599 4753 168 34 BURTON,

1623 4804 80 26 Town
1718 4800 85 29 Clerk.

1321 4858 155 36 Roxburgh,
1490 4858 63 28 28th
1568 4858 121 30 October,
1706 4855 72 27 1897.

1336 4942 127 30 COURT
1484 4939 306 31 APPOINTMENTS.

1310 5023 43 21 The
1374 5021 104 25 following
1497 5026 34 14 are
1549 5020 36 20 the
1599 5019 65 21 Court
1685 5018 155 26 appointments

1284 5057 109 27 (Wardens
1414 5055 42 22 ar-d
1475 5054 137 26 Magistrates)
1625 5053 32 22 for
1678 5053 36 21 the
1729 5052 109 21 Dunstan-

1289 5092 111 26 Wakatipu
1409 5091 81 21 district
1499 5090 32 22 for
1538 5089 35 22 the
1583 5089 71 21 month
1664 5089 22 21 of
1696 5087 141 23 November

1310 5136 160 26 Queenstown
1475 5132 96 28 Mouday,
1583 5132 38 27 Ist,
1632 5132 22 21 at
1664 5131 20 22 11
1698 5138 48 15 a.m.

1311 5169 193 26 ArrowTuesday
1522 5168 40 21 and
1581 5167 138 26 Wednesday,
1739 5165 41 22 2nd
1798 5165 40 22 and

1384 5198 44 27 3rd,
1438 5199 22 20 at
1470 5197 22 21 11
1503 5202 48 17 a.m.

1310 5231 241 26 Cromwell-Thursday
1563 5230 41 21 and
1614 5230 83 26 Friday,
1708 5228 36 22 4th
1753 5228 40 22 and
1803 5228 35 22 sth

1384 5262 23 19 at
1417 5260 23 20 11
1450 5266 49 14 a.m.

1309 5294 201 30 ClydeSaturday,
1521 5293 44 26 6th,
1576 5294 22 19 at
1610 5292 23 21 11
1642 5298 50 16 a.m.

1310 5329 242 26 AlexandraMonday,
1562 5328 45 27 Bth,
1617 5331 22 17 at
1649 5328 24 20 11
1682 5334 50 15 a.m.

1310 5364 246 29 RoxburghThursday
1574 5363 41 22 and
1633 5362 83 27 Friday,
1739 5361 47 22 llth
1798 5361 40 22 and

1385 5394 56 27 12th,
1450 5395 23 19 at
1483 5393 24 21 10
1515 5399 49 15 a.m.

1310 5426 238 26 PembrokeMonday,
1561 5424 55 25 15th,
1623 5425 23 20 at
1656 5423 23 21 11
1689 5430 48 14 a.m.

1310 5465 162 26 Queenstown
1474 5461 97 26 Monday,
1582 5459 61 27 22nd,
1653 5460 22 20 at
1684 5459 21 21 11
1718 5465 49 15 a.m.

1311 5507 174 22 Note.Where
1496 5505 57 21 there
1562 5510 35 14 are
1606 5505 41 19 two
1656 5501 120 26 succeeding
1788 5501 50 25 days

1285 5535 54 22 fixed
1357 5534 53 21 for*
1426 5533 71 26 sitting
1513 5531 22 21 of
1553 5531 37 21 the
1609 5530 75 21 Courts
1701 5529 21 21 in
1740 5535 41 19 any
1799 5534 38 14 one

1285 5562 82 26 month,
1389 5561 27 21 all
1438 5567 54 14 cases
1519 5559 41 21 and
1587 5557 135 28 applications
1740 5556 62 25 must,
1823 5555 15 20 if

1286 5590 95 28 possible,
1392 5589 24 22 be
1425 5590 32 19 set
1466 5588 60 21 down
1535 5586 32 21 for
1582 5585 37 22 the
1635 5585 45 21 first
1689 5585 22 20 of
1720 5583 49 22 such
1779 5583 58 26 days.

1287 5618 35 22 All
1332 5616 172 26 correspondence
1510 5614 31 21 for
1550 5613 35 22 the
1593 5613 117 26 Magistrate
1717 5618 23 14 or
1748 5610 89 21 Warden

1286 5644 74 23 should
1368 5644 24 21 be
1401 5643 72 27 posted
1483 5644 22 19 to
1514 5642 43 21 him
1574 5642 23 19 at
1614 5640 137 26 Queenstown
1769 5637 68 22 unless

1285 5679 23 14 so
1319 5672 71 26 posted
1400 5678 21 13 aa
1437 5673 22 18 to
1467 5671 57 19 meet
1532 5669 44 20 him
1584 5669 24 19 at
1616 5674 40 19 any
1664 5667 73 25 sitting
1746 5665 54 21 fixed
1816 5665 20 20 in

1285 5699 37 22 the
1330 5698 63 22 above
1402 5698 42 22 list.

1451 5722 165 25 FREDERICK
1628 5720 134 27 JEFFERY,

1486 5753 39 20 Pro
1535 5750 91 22 Warden
1635 5750 41 22 and
1685 5748 119 28 Magistrate

1310 5787 71 27 Clyde,
1392 5786 49 23 14th
1451 5785 96 26 October,
1558 5783 56 23 1897.

1869 199 212 34 ROXBURGH
2100 194 151 34 JOCKEY
2271 192 113 33 CLUB.

1930 287 175 33 MEETING-
2128 286 30 29 of
2182 283 141 30 Members
2348 279 57 30 and

1895 341 9 5 -
1944 329 151 35 Intending
2121 325 139 30 Members
2295 321 30 30 of
2356 320 49 29 the

1952 372 63 29 club
2027 369 57 30 will
2094 368 34 29 be
2142 365 64 30 held
2217 368 29 27 at
2259 364 47 29 the
2320 360 68 32 Gold-

1853 411 77 29 fields
1932 412 8 13 5
1955 411 84 29 Hotel
2052 409 170 29 To-morrow
2239 402 164 40 (Saturday)

1854 451 126 42 Evening
1999 455 28 25 at
2041 451 16 28 3
2078 447 115 32 o'clock.

1965 508 131 28 Business
2098 504 203 38 Important.

1892 564 26 29 A
1932 564 50 29 full
1992 562 164 31 attendance
2169 556 156 43 requested.

2073 621 26 28 P.
2120 620 22 28 J.
2166 617 139 34 DUNNE,

2239 666 68 27 Hon.
2321 664 52 27 Sec.

1958 743 110 30 FOR
2144 738 172 31 SALE.

1937 816 102 30 FOUR
2052 833 10 5 -
2078 812 160 31 ROOMED
2281 809 127 31 Wooden

1950 858 102 34 House,
2065 856 27 28 in
2107 854 144 30 first-class
2264 852 89 35 order,
2367 851 44 29 for

1860 898 126 30 removal.
1989 896 139 39 Apply,

2020 948 113 28 JABEZ
2153 945 155 33 BURTON,

2227 983 149 33 Roxburgh.

1949 1056 110 30 FOR
2145 1054 173 31 SALE.

1885 1132 116 29 iTONB
2033 1129 130 31 HOUSE
2198 1129 65 35 (five
2299 1128 113 35 rooms),

1937 1171 151 31 Residence
2109 1170 83 34 Area,
2213 1168 123 30 Orchard
2359 1168 53 28 and

1863 1213 117 36 Garden,
2005 1212 78 39 right
2114 1215 28 25 to
2172 1209 66 29 Two
2264 1208 94 29 Heads
2384 1208 30 30 of

1862 1255 97 27 Water
1970 1254 53 28 and
2036 1253 96 28 Claim.
2134 1250 203 29 Particulars
2347 1252 29 25 at

1963 1300 135 31 OFFICE
2111 1298 48 30 OF
2173 1297 90 31 THIS
2278 1296 133 31 PAPER.

1864 1367 212 30 ROXBURGH
2099 1364 312 31 WATER-WORKS

2019 1415 230 31 EXTENSION.

1863 1506 189 56 TENDERS
2077 1505 48 26 will
2151 1505 29 26 be
2205 1504 110 28 received
2346 1503 64 28 until
2423 1502 1 60 |

1945 1542 235 28 WEDNESDAY.
2195 1542 56 26 3hd
2273 1540 114 26 NOVEM-

1863 1582 80 31 BER,
1956 1581 72 28 1897,
2040 1579 36 27 for
2087 1581 41 24 tbe
2139 1575 269 30 CONSTRUCTION

1863 1619 27 25 of
1909 1627 13 17 a
1944 1617 110 34 SI'ONE
2074 1616 79 27 DAM
2173 1615 37 26 for
2229 1615 41 26 the
2291 1614 119 32 Borough
2423 1605 1 46 I

1864 1655 112 29 Council,
1995 1654 47 27 and
2065 1660 66 21 must
2156 1653 29 28 be
2210 1652 89 34 lodged
2325 1662 24 17 in
2372 1651 40 27 the

1851 1690 1 36 i
1864 1693 121 27 Oounc'l's
2000 1692 153 32 Letter-box,
2163 1691 150 28 Athenauim
2326 1690 70 27 Build-

1851 1729 1 36 i
1865 1731 44 28 inr
1971 1731 75 26 Plxns
2083 1730 47 26 and
2163 1729 188 36 Specification*
2381 1738 30 16 on

1851 1763 1 41 |
1865 1768 146 36 application
2028 1775 25 19 to

1984 1817 135 29 HENRY
2139 1815 165 35 BAILLIF,

2284 1860 96 33 Mayor.

1868 1943 127 28 notice
2020 1943 45 27 of
2085 1940 241 29 application
2347 1939 70 28 for

1928 1980 186 29 transfer
2133 1979 45 27 of
2198 1978 159 28 license.

1922 2058 95 27 JOHN
2048 2057 106 30 EADY,
2184 2056 26 27 of
2231 2055 97 28 Millers
2354 2053 63 33 Flat,

1886 2102 23 22 -1
1947 2096 74 32 being
2040 2096 41 25 the
2104 2095 85 26 holder
2208 2093 27 26 of
2245 2102 12 17 a
2279 2091 139 27 Publican's

1852 2128 3 38 |
1869 2134 102 27 Licence
1995 2133 24 26 in
2045 2138 94 28 respect
2158 2131 28 27 of
2201 2131 42 26 the
2265 2129 84 27 House
2369 2128 46 28 and

1853 2168 2 31 i
1869 2171 120 27 Premises
2003 2171 90 26 situate
2104 2177 24 19 at
2141 2170 95 26 Millers
2250 2168 63 28 Flat,
2325 2168 91 25 known

1853 2200 2 41 !
1870 2220 25 16 as
1909 2210 40 26 the
1964 2208 97 28 Fkhhy
2078 2208 102 31 Hotel,
2200 2207 31 25 do
2252 2206 89 33 hereby
2362 2206 57 33 give

1853 2242 2 31 !
1871 2248 80 25 notice
1965 2247 50 26 that
2031 2246 11 26 I
2056 2247 78 25 desire
2149 2251 23 20 to
2190 2245 83 25 obtain
2288 2243 48 26 and
2361 2242 57 30 will,

1870 2291 25 21 at
1917 2284 41 27 the
1980 2291 57 20 next
2063 2283 134 35 Licensing
2217 2282 122 30 Meeting,
2353 2287 24 20 to
2391 2279 28 27 be

1871 2323 87 26 holden
1981 2329 24 20 at
2032 2321 132 35 Roxburgh
2188 2330 31 17 on
2241 2321 44 26 the
2311 2318 108 27 Seventh

1854 2356 3 38 I
1871 2361 46 33 day
1940 2361 27 24 of
1986 2359 143 29 December,
2153 2359 73 31 1897,
2253 2357 74 34 apply
2352 2356 37 26 for
2407 2365 13 16 a

1869 2397 117 26 Transfer
1998 2396 27 26 of
2044 2397 40 25 the
2106 2396 51 26 said
2175 2394 100 27 License
2289 2393 60 27 from
2367 2401 35 26 my-

1871 2433 48 29 self
1928 2439 24 23 to
1965 2433 150 28 Jeremiah
2139 2432 123 33 Noonan,
2277 2431 26 27 of
2317 2430 103 34 Ettrick,

1874 2472 169 35 Hotelkeeper,
2059 2480 40 25 my
2113 2471 130 34 appointee

1907 2521 80 26 Dated
2010 2520 47 27 this
2081 2519 45 27 3rd
2149 2519 47 35 day
2219 2517 27 27 of
2267 2517 153 36 September,

1874 2559 71 28 1897.

2163 2594 95 26 JOHN
2280 2592 107 28 EADY.

1872 2666 131 27 NOTICE
2022 2665 44 27 OF
2092 2663 241 27 APPLICATION
2353 2663 68 25 FOR

1933 2700 187 31 TRANSFER
2139 2699 45 29 OF
2203 2699 159 29 LICENSE.

1873 2785 24 23 T
1915 2780 187 30 JEREMIAH
2118 2779 94 28 NOON
2218 2778 56 34 AN,
2280 2780 27 26 of
2313 2778 109 33 Ettrick,

1873 2824 40 28 *)
1950 2819 75 33 being
2037 2819 41 27 the
2092 2817 85 29 holder
2198 2817 29 28 of
2244 2827 13 17 a
2284 2817 138 28 Publican's

1875 2860 100 26 License
1988 2860 24 25 in
2038 2864 94 28 respect
2150 2855 29 29 of
2197 2857 41 26 the
2266 2856 85 27 House
2373 2857 48 26 and

1876 2897 120 26 Premises
2009 2896 88 25 situate
2111 2901 24 20 at
2160 2895 105 32 Ettrick,
2285 2894 90 27 known
2396 2904 26 16 as

1873 2935 41 27 the
1927 2935 64 26 Moa
2005 2932 74 29 Flat
2097 2932 105 33 Hotel,
2216 2932 32 28 do
2261 2932 90 36 hereby
2365 2932 57 36 give

1856 2966 3 39 I
1874 2974 79 25 notice
1973 2972 53 26 that
2041 2972 7 25 I
2064 2972 77 25 desire
2156 2977 24 20 to
2194 2971 84 27 odtain
2301 2970 48 27 and
2363 2971 58 33 will,

1873 3017 24 19 at
1912 3010 41 26 the
1967 3014 59 22 next
2043 3008 136 30 Licensing
2200 3009 120 31 Meeting,
2345 3013 23 21 to
2393 3007 29 28 be

1875 3048 88 28 holden
1987 3055 23 19 at
2034 3046 139 35 Roxburgh
2196 3057 31 16 on
2252 3047 40 26 the
2314 3046 108 27 Seventh

1874 3087 47 25 d*v
1945 3085 27 26 of
1992 3084 143 29 December,
2163 3084 73 31 1897,
2257 3083 73 36 apply
2356 3083 36 26 for
2410 3092 13 17 a

1874 3123 118 28 Transfer
2005 3123 23 27 ot
2040 3122 41 27 the
2102 3121 52 28 said
2178 3121 102 28 License
2293 3122 60 26 from
2369 3131 36 25 my-

1875 3162 48 26 self
1933 3168 24 20 to
1970 3161 92 27 James
2078 3161 28 26 B.
2121 3160 143 30 Crowley,
2278 3160 28 26 of
2316 3160 108 30 Ettrick,

1879 3198 167 35 Hotelkeepejc,
2064 3207 40 25 my
2118 3198 140 35 appointee.

1912 3244 79 27 Dated
2017 3244 47 27 this
2078 3242 44 29 3rd
2147 3243 49 36 day
2220 3243 29 26 of
2270 3241 154 38 September,

1876 3282 73 27 1897.

2015 3318 194 29 JEREMIAH
2229 3315 158 31 NOONAN.
