4260 5920
133 216 57 31 ask
197 216 47 29 the
252 215 128 30 Minister
387 218 29 26 to
428 214 36 29 do
471 212 65 39 only
545 211 43 30 six
597 211 99 29 miles.-

138 258 16 30 I
167 257 55 30 will
234 258 35 29 be
282 258 113 29 content
414 254 23 30 if
456 254 35 29 he
505 252 55 30 will
572 251 65 40 only
651 250 34 30 do

138 299 79 29 those
243 298 43 29 six
310 298 87 34 miles,
430 294 55 30 and
519 294 14 29 I
558 293 56 29 will
638 296 50 26 not

136 339 111 30 trouble
260 339 56 29 him
336 338 80 39 again
437 336 103 38 during
551 334 55 30 this
621 332 49 30 Par-

137 381 123 28 liament.
299 379 65 29 And
377 379 115 33 further,
507 377 14 28 I
535 374 153 31 undertake

136 425 32 26 to
181 431 49 28 say
242 421 62 28 that
324 421 78 28 those
415 419 43 28 six
481 418 78 28 miles
581 426 50 18 can
653 416 35 28 be

136 461 178 30 constructed
327 460 88 30 under
425 470 15 19 a
449 463 59 26 cost
517 458 29 29 of
556 456 131 37 £IO,OOO.

136 503 63 28 The
223 502 87 29 whole
335 512 43 18 six
402 501 77 28 miles
500 500 24 27 is
548 498 99 29 almost
660 508 28 17 as

139 542 70 29 level
223 553 30 18 as
267 542 59 29 that
338 542 76 34 floor,
437 551 30 18 so
488 539 60 29 that
568 538 78 29 there
665 537 23 28 is

139 594 37 18 no
196 583 180 39 impediment
394 582 27 29 in
441 581 47 28 the
510 590 69 27 way,
593 578 54 29 and
668 578 21 28 it

140 625 56 27 will
210 625 34 27 be
269 634 16 17 a
298 628 78 33 great
388 623 72 28 boon
474 626 29 23 to
526 621 46 26 the
597 624 77 32 strug-

138 665 83 38 gling
258 664 109 29 settlers
404 663 85 28 about
525 659 162 38 Roxburgh.

140 705 90 29 Those
250 704 118 34 settlers,
381 706 79 35 apart
472 703 69 28 from
560 701 47 28 the
620 700 51 28 min-

140 746 50 33 insf
203 745 166 37 community
384 745 60 27 who
465 752 45 19 are
534 742 84 33 there,
642 745 46 33 get

140 787 73 29 their
241 786 88 38 living
330 785 64 28 —in
420 784 73 29 what
514 793 56 28 way
581 781 11 30 ?
631 781 57 28 The

140 828 111 27 settlers
265 827 76 27 there
354 836 45 17 are
413 825 97 36 chiefly
523 823 125 37 engaged
660 821 25 28 in

138 866 229 38 fruit-growing;
399 865 76 29 there
499 873 46 19 are
575 873 16 18 a
611 866 76 35 great

143 908 118 29 number
268 907 30 29 of
308 907 84 34 them,
400 904 288 37 fruit-growersabout

144 948 164 36 Roxburgh.
347 946 76 38 They
437 946 69 27 have
524 945 68 28 been
615 943 75 28 there

145 989 43 29 for
221 998 80 27 many
334 997 88 28 years,
451 985 54 28 and
529 985 65 33 they
623 983 68 28 have

145 1028 166 30 established
324 1039 15 16 a
349 1027 124 28 valuable
484 1025 134 37 industry.
635 1024 58 27 The

146 1069 89 38 living
272 1068 29 28 of
337 1066 164 29 themselves
533 1064 53 29 and
623 1064 72 29 their

145 1110 117 29 families
271 1108 122 38 depends
406 1117 73 28 upon
488 1107 46 27 the
554 1105 67 28 fruit
630 1105 65 37 they

146 1159 86 29 grow.
272 1148 76 38 They
362 1148 75 28 often
450 1147 57 28 lose
517 1157 15 17 a
545 1145 77 37 large
632 1155 46 28 por-

145 1190 57 28 tion
217 1189 29 28 of
258 1189 47 28 the
319 1187 99 29 annual
439 1186 118 39 pioduct
570 1186 29 27 of
625 1186 71 27 their

143 1228 132 31 orchards
277 1228 81 28 —for
383 1227 72 28 what
485 1235 95 19 reason
592 1225 11 28 ?
643 1225 35 28 Be-

145 1279 92 24 cause,
250 1268 65 38 they
329 1268 70 28 have
411 1272 29 24 to
453 1272 57 23 cart
532 1266 72 28 their
627 1266 68 27 fruit

146 1310 75 38 forty
236 1308 76 29 miles
325 1318 66 19 over
402 1307 54 29 bad
479 1306 89 29 roads.
608 1305 86 31 Fruit,

138 1361 64 29 -you
214 1350 92 34 know,
315 1349 24 28 is
360 1360 15 16 a
394 1358 66 27 very
482 1347 115 29 delicate
622 1357 55 17 com-

144 1390 106 37 modity
260 1392 30 26 to
305 1388 109 36 handle,
438 1387 176 39 particularly
637 1387 59 38 ripe

148 1432 77 36 fruit,
233 1430 54 30 and
297 1430 78 30 these
388 1428 108 31 settlers
514 1428 69 30 have
597 1434 27 23 to
637 1432 57 24 cart

146 1475 25 28 it
183 1474 74 35 forty
270 1472 78 28 miles
361 1475 29 24 to
402 1481 16 17 a
436 1469 120 36 railway.
594 1469 69 28 Now
674 1467 22 29 if

150 1514 43 29 six
206 1512 78 29 miles
296 1511 30 29 of
346 1510 110 39 railway
482 1518 69 19 were
572 1508 78 28 made
674 1507 22 28 it

147 1554 92 29 would
253 1554 35 27 be
300 1563 17 17 a
329 1552 98 37 saving
453 1550 29 29 of
505 1549 149 29 thousands
667 1549 29 26 of

150 1593 107 39 pounds
281 1592 129 35 annually
420 1594 29 24 to
474 1589 48 27 the
543 1589 110 27 settlers
666 1588 29 25 of

148 1631 164 37 Roxburgh,
326 1631 36 36 by
387 1629 47 28 the
453 1627 97 37 saving
570 1627 31 28 of
624 1627 71 27 their

147 1672 68 30 fruit
226 1670 107 30 instead
353 1668 30 30 of
404 1667 103 36 having
522 1667 23 28 it
557 1666 134 36 damaged

147 1710 120 40 through
275 1707 181 40 beingcarted
463 1707 28 27 in
500 1715 134 29 waggons
639 1704 53 28 and

145 1753 83 36 drays
240 1761 65 20 over
315 1748 56 30 bad
382 1747 90 30 roads.
510 1746 14 29 I
548 1745 50 29 ask
611 1745 80 36 again

148 1795 60 28 that
228 1792 47 28 the
297 1790 127 28 Minister
456 1787 56 28 will
551 1786 65 28 take
638 1785 55 28 this

146 1836 101 27 matter
267 1830 59 30 into
342 1829 42 29 his
409 1831 72 26 most
505 1825 103 31 serious
628 1834 49 19 con-

148 1872 157 35 sideration,
317 1869 64 35 and,
388 1869 139 27 whatever
540 1877 75 18 sums
628 1866 34 27 be
670 1865 23 28 is

149 1913 113 40 putting
274 1911 80 31 down
367 1910 29 29 in
409 1908 47 31 the
469 1907 98 31 Public
587 1905 103 31 Works

149 1954 158 32 Estimates,
320 1952 14 27 I
349 1954 72 24 trust
430 1950 61 27 that
504 1949 46 27 the
563 1947 132 38 Tuapeka

148 1990 191 37 district,both
352 1990 28 28 in
394 1988 160 30 connection
568 1987 64 28 with
648 1987 46 28 the

147 2034 94 34 Otago
278 2030 112 32 Central
422 2029 54 30 and
509 2027 169 30 Heriot-Rox-

150 2074 89 38 burgh
253 2073 136 37 railways,
402 2070 53 29 will
469 2070 69 28 have
559 2069 54 29 fair
630 2079 49 18 con-

148 2114 150 30 sideration
319 2112 54 29 and
399 2109 129 41 practical
543 2109 137 29 considera-

148 2155 70 34 tion,
249 2152 55 30 and
330 2152 61 29 that
404 2162 17 18 a
446 2160 101 29 proper
573 2160 59 18 sum
668 2147 29 30 of

146 2205 103 28 money
287 2194 27 28 in
327 2193 67 29 each
422 2202 61 19 case
505 2190 55 29 will
585 2190 36 30 be
648 2192 49 36 put

150 2246 73 30 upon
237 2234 48 30 the
298 2234 148 29 estimates.

296 2323 247 46 Commercial.

184 2413 110 28 Tvfsssrs
308 2411 120 39 Dalgety
441 2410 53 28 and
509 2409 48 28 Co.
568 2411 92 35 report
670 2418 30 18 as

144 2453 131 31 -follows:
277 2469 37 5 —

191 2493 190 30 Rabbitskins.
383 2490 202 38 —Catalogues
601 2488 99 29 offered

155 2534 55 29 this
221 2533 75 30 week
314 2544 70 19 were
397 2531 86 35 small,
506 2530 53 29 and
573 2529 47 29 the
634 2528 66 29 bulk

146 2574 39 29 -of
198 2573 77 29 skins
294 2573 103 29 offered
421 2582 71 17 were
516 2569 100 38 mostly
641 2573 45 24 out-

155 2614 87 37 going
267 2614 52 27 and
343 2613 96 38 spring
457 2611 62 35 lots,
532 2610 65 27 with
611 2620 16 17 a
648 2610 53 27 few

155 2655 69 29 lines
238 2655 29 28 of
280 2654 96 29 winter
388 2653 87 35 skins,
488 2651 98 37 mostly
600 2650 98 29 station

149 2696 69 28 lots.
258 2694 181 38 Competition
454 2702 54 18 was
521 2691 78 37 fairly
614 2690 87 35 brisk,

155 2735 55 29 and
235 2744 89 31 pnees
349 2733 76 30 ruled
459 2732 60 29 firm
545 2734 28 26 at
573 2730 128 29 —Prime

155 2777 111 28 winters
293 2775 110 36 (mostly
428 2773 76 35 does)
529 2777 29 24 to
583 2771 63 35 15d,
665 2771 35 28 do

154 2817 91 28 mixed
264 2815 51 30 13d
330 2820 29 23 to
376 2813 46 37 14$
422 2813 32 37 d,
468 2812 98 29 second
581 2811 34 29 do
630 2811 26 39 11
666 2811 34 35 £d

151 2860 32 26 to
210 2856 48 35 12£
258 2856 33 35 d,
316 2855 110 39 springs
453 2851 50 43 10$
520 2851 17 43 d
554 2851 33 43 to
621 2851 79 36 Hid,

152 2901 130 26 autumns
296 2897 34 29 8d
344 2900 29 25 to
388 2898 8 27 1
404 2895 46 36 Od,
472 2893 96 30 blacks
594 2892 52 30 13d
672 2897 28 24 to

157 2938 63 36 I6d,
233 2937 82 31 silver
324 2946 81 30 greys
420 2935 52 30 15d
486 2939 28 26 to
529 2934 61 30 17d.

194 2978 176 39 Sheepskins.
432 2977 59 28 The
518 2974 116 31 demand
659 2974 43 29 for

153 3017 159 30 well-saved
327 3017 80 40 pelts,
428 3015 116 31 suitable
563 3015 43 29 for
628 3015 58 37 ship-

153 3064 88 30 ment,
265 3069 54 18 was
344 3057 150 38 extremely
517 3055 85 36 brisk,
625 3055 79 29 other

153 3100 80 35 lines,
256 3099 92 38 owing
381 3102 28 25 to
436 3097 46 29 the
507 3102 52 23 wet
585 3095 119 29 weather

155 3140 164 35 interfering
333 3139 64 27 with
410 3139 45 27 the
468 3138 102 37 drying
582 3137 29 28 of
627 3135 77 35 wool,

152 3190 50 19 -are
223 3190 15 18 a
258 3180 70 28 little
353 3179 87 29 easier
464 3178 27 28 in
516 3177 83 38 price.
640 3177 65 27 Best

148 3216 3 34 •
157 3220 142 30 crossbred
312 3220 54 28 and
380 3218 126 29 halfbred
527 3217 115 29 realised
669 3216 34 29 5d

156 3270 50 29 per
228 3259 37 28 lb.
280 3259 117 27 medium
420 3258 35 27 4d
481 3262 29 23 to
622 3256 82 28 fallen

155 3299 79 29 skins
247 3299 35 28 3d
297 3303 28 24 to
341 3297 64 36 3§d,
420 3297 116 28 merinos
550 3297 54 35 3fd
618 3300 28 24 to
658 3295 46 35 4d,

158 3339 117 29 medium
290 3339 52 28 and
357 3338 112 28 inferior
547 3341 27 24 to
589 3337 53 35 3£d

195 3379 186 29 Hides.—We
407 3378 68 28 have
500 3387 34 19 an
561 3375 142 30 unlimited

156 3420 116 30 demand
291 3424 29 25 at
333 3419 165 40 quotations.
537 3418 66 29 Best
616 3418 87 37 heavy

155 3471 37 20 ox
205 3460 77 29 hides
296 3460 36 28 4d
347 3464 27 24 to
388 3459 64 36 4£d,
474 3459 119 28 medium
608 3457 53 36 2£d
675 3461 28 25 to

157 3502 47 33 3d,
217 3501 72 38 light
301 3500 52 28 and
364 3499 112 29 inferior
491 3499 49 35 Ifd
553 3503 28 24 to
594 3499 64 34 2^d.

193 3539 206 30 Wool.—Sales
411 3539 90 29 closed
515 3539 59 28 firm
589 3538 116 29 without

153 3582 109 30 further
286 3581 114 38 change.
450 3580 77 28 Total
559 3579 144 34 available,

155 3622 145 38 including
315 3621 44 28 old
374 3620 102 35 stocks,
494 3620 114 35 174,000
621 3619 85 36 bales,

153 3667 53 26 out
218 3662 29 28 of
260 3662 87 28 which
362 3672 73 19 some
448 3661 99 36 97,000
558 3661 69 29 have
637 3660 69 29 bf»en

158 3703 59 28 sold
235 3702 40 28 for
290 3702 78 28 home
394 3701 198 38 consumption,
608 3701 99 34 63,000

159 3742 76 30 bales
262 3741 43 29 for
326 3742 47 28 the
399 3740 156 36 Continent,
584 3740 55 29 200
665 3740 42 28 for

160 3782 136 35 America,
310 3782 108 38 leaving
432 3782 79 35 2,000
525 3782 74 29 bales
621 3787 28 23 to
674 3780 33 30 be

158 3823 105 29 carried
291 3823 116 28 forward
445 3824 43 27 for
522 3826 66 25 next
613 3822 92 29 series.

160 3863 91 30 Prices
284 3864 42 28 for
360 3873 96 29 greasy
493 3863 102 29 merino
629 3862 78 34 wool,

160 3904 117 30 medium
291 3909 27 25 to
329 3904 71 38 good
414 3903 167 39 quality,and
592 3902 113 30 scoured

160 3945 103 29 merino
277 3955 44 18 are
334 3956 34 16 on
388 3956 33 16 an
442 3955 116 25 average
581 3945 16 27 5
618 3948 28 24 to
675 3944 32 27 10

159 3996 50 28 per
221 3991 63 23 cent
303 3985 96 37 higher
413 3984 63 29 than
494 3984 91 39 ruling
595 3989 71 24 rates
679 3984 28 28 of

159 4025 52 30 last
226 4026 91 35 series,
331 4026 42 27 for
397 4026 46 27 the
466 4025 66 28 bulk
559 4026 29 27 of
608 4034 97 28 greasy

157 4066 114 29 inferior
284 4066 52 28 and
360 4066 88 38 faulty
463 4065 77 36 wool,
553 4065 53 30 fine
620 4075 73 19 cross-

159 4106 83 29 breds
252 4106 51 28 and
320 4106 103 28 merino
444 4106 87 28 lambs
545 4106 15 28 5
574 4115 48 27 per
634 4109 70 25 cent,

158 4147 108 38 higher,
279 4157 92 18 coarse
381 4156 98 28 greasy
491 4145 157 29 crossbreds
658 4155 49 28 par

159 4190 29 25 to
202 4189 14 26 L
227 4198 48 27 per
285 4193 71 22 cent,
371 4186 106 38 higher,
489 4196 94 18 coarse
594 4185 111 29 scoured

159 4228 124 27 halfbred
298 4229 51 26 and
365 4227 140 28 crossbred
523 4237 45 17 are
581 4236 33 19 on
629 4236 15 18 a
659 4236 48 26 par

159 4268 66 27 with
246 4266 52 30 last
319 4267 81 28 series
426 4267 105 39 closing
557 4272 80 28 rates,
658 4266 49 28 but

159 4308 44 27 for
240 4307 140 28 crossbred
416 4307 87 27 lambs
539 4308 88 36 prices
662 4316 45 18 are

146 4346 3 37 .
160 4346 118 37 scarcely
294 4346 174 30 maintained.

196 4426 24 26 A
240 4422 132 30 LUCKY
393 4421 273 30 SPENDTHRIFT.

193 4506 30 26 'A
249 4515 62 17 man
336 4503 96 29 named
465 4503 170 38 Fitzgerald,
651 4513 38 18 em-

160 4544 98 39 ployed
273 4553 29 19 as
324 4554 16 17 a
362 4543 138 38 gardener
513 4542 25 29 in
569 4542 139 35 Adelaide,

160 4586 49 28 has
218 4584 121 30 received
354 4595 16 17 a
380 4583 76 29 cable
477 4584 176 35 announcing
667 4583 41 29 his

160 4625 154 29 succession
324 4629 29 23 to
367 4624 47 27 the
424 4624 148 36 baronetcy
584 4624 29 28 of
623 4623 85 28 Deros

161 4665 37 38 by
225 4665 46 28 the
296 4664 81 29 death
394 4663 29 29 of
441 4663 42 29 his
509 4663 104 29 cousin.
653 4662 56 30 The

161 4706 149 37 baronetcy
322 4705 24 28 is
359 4705 48 27 the
425 4704 89 28 oldest
527 4704 28 27 in
569 4703 138 39 England,

162 4746 107 38 though
301 4749 49 25 not
381 4755 16 17 a
434 4754 66 29 very
541 4743 58 29 rich
648 4754 60 19 one.

197 4786 157 39 Fitzgerald
365 4786 23 29 is
399 4796 15 18 a
424 4795 65 19 near
498 4784 111 31 relative
621 4784 29 30 of
661 4784 47 30 the

159 4828 83 31 Duke
255 4828 30 29 of
300 4827 123 30 l.einster
437 4826 52 29 and
515 4825 94 31 cousin
623 4825 30 31 of
663 4826 46 30 the

159 4869 123 39 Marquis
296 4868 134 29 Dufferin.
470 4867 92 29 When
585 4867 35 29 he
634 4877 74 19 came

157 4910 31 30 of
205 4921 53 26 age
268 4910 35 29 he
322 4908 137 31 inherited
474 4908 132 36 £35,000,
620 4908 88 29 which

157 4951 36 30 he
204 4950 112 40 quickly
326 4953 80 36 spent
415 4950 29 27 in
455 4948 189 38 horse-racing
654 4949 53 27 and

159 4992 80 27 other
252 4991 124 27 effective
387 4999 83 26 ways.
510 4990 39 26 As
557 4988 110 36 captain
679 4988 29 28 of

159 5031 48 26 the
220 5029 87 37 Royal
322 5028 72 28 Irish
420 5027 83 28 Rifles
516 5027 34 27 he
564 5027 96 27 served
681 5028 28 26 in

159 5067 212 30 Bechuanaland
412 5066 88 29 under
524 5065 46 29 Sir
597 5065 113 30 Charles

157 5108 127 34 Warren,
297 5108 55 27 and
372 5117 76 18 came
467 5110 29 24 to
519 5106 48 28 the
589 5105 119 29 colonies

155 5151 55 28 two
223 5158 78 29 years
309 5157 53 29 ago
373 5146 138 28 destitute.

3466 90 167 47 Friday,
3658 90 165 39 October
3845 82 182 48 29,1891

1645 107 196 43 MOUNT
1929 105 223 44 EEKG.EB
2239 102 154 40 MAIL.

3590 5558 3 41 I
3605 5574 81 22 Printed
3701 5573 39 21 and
3756 5571 108 22 Published
3884 5575 25 22 by
3931 5570 101 20 William
4047 5570 106 21 Pannkll

3657 5608 125 20 Matthews
3791 5605 32 20 for
3832 5604 35 22 the
3877 5603 130 28 propri»t*rt,
4017 5603 81 22 DVKVI
4106 5608 53 19 and?

3657 5643 132 23 MATTHEWS,
3810 5642 21 18 at
3855 5640 52 20 their
3925 5639 116 25 Registered
4059 5638 99 28 Printing

3658 5677 70 23 Office,
3748 5674 94 23 Scotland
3847 5676 76 23 utrtet,
3943 5673 118 25 Roxburgh,
4079 5674 73 26 Otag©,

3582 5695 11 47 ,|
3653 5711 52 22 New
3723 5709 196 26 Ze.Jand-Friday,
3925 5709 88 21 October
4020 5707 103 27 29,1897..

186 5232 57 27 The
292 5231 81 35 Daily
402 5230 87 26 Times
541 5229 165 35 Wellington

155 5269 204 34 correspondent
395 5275 76 27 says:
474 5265 155 36 —Meeting
664 5265 43 27 Mr

157 5306 120 28 Larnach
317 5306 29 25 in
382 5305 48 26 the
477 5304 62 34 city,
570 5303 13 25 I
625 5303 80 26 asked

155 5344 58 27 him
238 5343 21 26 if
271 5342 75 26 there
369 5350 51 17 was
433 5349 53 26 any
509 5340 77 26 truth
610 5340 27 25 in
661 5340 45 26 the

153 5382 144 27 gtatement
308 5378 61 27 that
382 5379 33 25 he
424 5377 129 27 intended
570 5377 137 34 resigning

153 5418 42 28 his
209 5419 57 25 seat
275 5416 42 27 for
337 5415 124 35 Tuapeka
473 5414 67 27 with
564 5423 15 17 a
591 5414 68 27 view
682 5413 28 27 of

155 5456 78 35 going
257 5454 57 27 into
326 5454 46 26 the
390 5452 94 34 Upper
508 5451 90 27 House
665 5450 41 28 Its

154 5493 48 28 the
226 5491 58 27 first
294 5490 54 28 I've
371 5488 83 28 heard
475 5488 28 27 of
587 5488 58 27 said
663 5487 45 27 Mr

155 5529 122 28 Larnach
287 5540 7 21 ;
343 5527 54 28 and
420 5526 48 26 I'm
481 5529 47 23 not
548 5526 47 26 the
606 5528 55 24 sort
680 5525 28 26 of

155 5577 69 20 man,
250 5576 28 16 as
289 5575 51 26 you
353 5565 84 29 know,
452 5565 26 24 to
501 5565 63 24 turn
580 5563 42 25 his
641 5562 65 26 back

153 5614 37 18 on
198 5604 44 26 his
250 5602 184 28 constituents.
457 5602 34 25 As
496 5602 28 23 to
532 5600 46 27 the
587 5608 120 17 rumours

155 5642 83 28 about
250 5639 161 29 dissensions
419 5637 30 28 in
457 5637 47 27 the
524 5635 111 30 Cabinet
656 5637 52 26 and

153 5688 47 27 my
223 5677 105 37 joining
345 5676 47 27 the
411 5675 133 34 Ministry,
571 5673 66 30 well,
660 5673 48 27 I'm

151 5718 49 24 not
209 5724 35 18 an
252 5712 177 28 office-seeker
438 5711 53 27 and
499 5710 14 27 I
522 5720 34 25 go
563 5719 63 25 very
638 5710 71 27 little

150 5752 68 28 with
230 5751 48 28 the
289 5750 146 31 Ministers,
448 5748 53 27 and
511 5747 77 28 know
597 5757 29 18 as
637 5747 72 28 little

153 5791 81 27 about
246 5788 73 28 their
327 5787 95 36 doings
435 5794 29 21 as

1329 793 485 87 AUTUMN

1951 1835 475 89 WINTER

1664 2353 424 91 GOODS

1796 3502 105 121 4/

1771 4380 66 94 t

1783 4617 3 21 :
1791 4617 77 19 r^-'T<Z
1869 4631 6 7 m

1628 5158 50 58 D
1707 5156 48 60 U
1786 5157 38 54 N
1858 5156 36 56 E
1923 5155 46 56 1)
2002 5155 18 54 I
2048 5155 74 54 N.

721 216 46 55 £)
851 215 45 37 A.
971 209 296 43 BUCHANAN,

797 289 72 22 BOOT
898 288 58 22 AND
982 286 74 23 SHOE
1082 282 110 26 MaKER,

763 335 140 31 Scotland
915 352 11 6 -
938 342 104 26 stbeet,
1062 331 161 29 Roxburgh.

828 433 91 38 Every
940 429 167 39 description
1129 426 29 29 of

720 488 86 28 Boots
819 495 56 20 and
889 485 89 28 Shoes
992 483 132 29 Supplied
1137 488 34 20 or
1185 477 83 29 Made

896 534 32 20 to
948 524 141 29 Measure.

720 581 43 28 Fit
774 577 181 32 Guaranteed.
1032 573 45 30 Fit
1085 568 182 33 Guaranteed.

1281 610 3 18 i

1281 629 3 17 i

770 669 122 24 REPAIRS
917 666 113 24 NEATLY
1061 661 155 24 EXECUTED.

838 749 23 27 A
885 746 84 28 Trial
992 743 150 29 Solicited.

1118 828 25 33 L
1169 826 26 33 E
1223 799 60 68 R,|

1281 869 2 15 i

719 909 131 26 BUILDER,
864 905 105 23 JOINER
983 904 61 20 AND
1064 898 203 26 UNDERTAKER,
1281 894 4 55 j

813 960 69 27 Ross
903 957 96 33 Place,
1020 954 162 28 Lawrence.

722 1059 124 31 PLANS
859 1056 79 30 AND
952 1047 317 37 SPECIFICATIONS

863 1112 24 27 A
908 1104 221 34 SPECIALTY.

723 1204 152 38 Quantities
891 1199 135 40 Prepared
1048 1198 55 28 and
1125 1196 148 28 Estimates

749 1245 88 29 Given
850 1244 43 28 for
905 1242 34 28 all
953 1240 100 29 classes
1065 1238 29 29 of
1108 1234 136 32 Builders'

953 1279 99 30 Work.

885 1367 30 40 ;.
1001 1365 34 40 B
1079 1364 36 38 L
1160 1361 113 44 OY,

749 1435 197 24 WHITEHAVEN
960 1433 110 27 STREET,
1084 1430 168 24 LAWRENCE.

725 1525 48 30 BO
778 1523 71 31 Air
877 1522 81 31 AND
987 1517 218 34 RESIDENCE
1225 1516 50 32 AT

769 1574 253 29 REASONABLE
1042 1570 188 29 CHARGES.

833 1661 93 27 Mkals
946 1668 32 19 at
997 1667 49 19 all
1065 1658 106 27 Hours.

740 1752 57 29 The
812 1752 59 27 best
889 1748 242 31 Accommodation
1152 1746 43 30 for
1208 1745 48 30 the

859 1792 49 26 Tin
915 1792 103 34 veiling
1032 1789 106 27 Public.

722 1878 102 30 GOOD
840 1875 199 30 STABLING.
1079 1872 96 30 OATS
1192 1871 82 30 AND

833 1916 127 32 CHAFF
981 1914 51 31 ON
1057 1913 105 31 SALE.

794 1989 210 33 ERBERT
1052 1987 100 30 AND
1200 1985 75 36 CO.,

915 2056 168 24 LAWRENCE.

881 2149 152 29 Importers
1053 2156 32 20 of

726 2207 200 37 Ironmongery

812 2249 188 41 Agricultural
1024 2248 180 39 Implements

985 2294 188 38 Agricultural
1192 2293 86 28 fceeds

898 2352 214 33 GROCERIES

745 2414 96 30 TEAS
953 2412 96 30 TEAS
1162 2407 96 30 TRAS

731 2460 125 40 (Ceylon)
946 2458 121 37 (Indian)
1156 2455 119 38 (China.)

727 2538 93 49 W.
893 2536 58 64 J.
1014 2531 266 61 Martin,

729 2614 285 32 WATCHMAKER
1032 2614 24 28 &
1070 2612 209 30 JEWELLER

820 2668 70 29 Ross
910 2668 96 35 Place,
1027 2667 161 28 Law-rence.

731 2750 139 36 Watches,
891 2748 98 30 Clocks
1009 2747 53 29 and
1084 2745 144 38 Jewellery
1250 2745 29 29 of

774 2792 35 27 all
822 2790 180 38 descriptions
1016 2788 68 38 kepi
1096 2788 28 27 in
1139 2787 95 29 Stock.

745 2842 70 29 Nice
829 2841 137 29 Selection
979 2840 28 28 of
1025 2839 78 35 Gem,
1117 2837 143 38 Wedding

859 2885 54 26 and
927 2881 108 39 Keeper
1048 2879 97 40 Rings.

729 2966 18 20 A
761 2964 105 21 CHOICE
887 2961 181 24 ASSORTMENT
1088 2961 35 21 OF
1143 2961 137 20 ARTICLES
1292 2947 1 39 I

751 2997 139 21 SUITABLE
900 2997 55 20 FOR
966 2995 138 21 WEDDING
1115 2994 148 21 PRESENTS.

788 3065 155 39 Spectacles
956 3068 29 25 to
999 3064 61 28 Suit
1072 3063 36 28 all
1123 3062 105 39 Sights.

752 3147 104 28 Watch
889 3154 54 21 and
976 3144 89 29 Clock
1101 3143 117 28 Repairs
1251 3151 16 18 a

934 3191 157 23 Specialty.

733 3267 113 38 Repairs
859 3276 30 17 or
903 3265 101 28 Orders
1021 3265 70 26 from
1107 3264 45 27 the
1167 3267 116 33 country

781 3307 37 38 by
840 3310 62 34 post
924 3305 53 27 will
1000 3304 105 29 receive
1127 3308 112 33 prompt

933 3345 144 28 attention.

747 3420 110 27 FANCY
883 3420 110 26 GOODS
1011 3418 71 26 A>D
1101 3418 166 26 DKAPSkY.

741 3526 101 54 FJ.
878 3524 136 26 WATKKa
1040 3524 89 25 desires
1155 3528 26 20 to
1206 3523 73 28 no.ify

780 3577 5 5 .
818 3559 53 24 that
886 3559 41 23 she
940 3557 70 30 keeps
1021 3557 23 24 in
1054 3561 64 21 stock
1136 3556 85 25 Ladies
1234 3564 43 16 and

732 3592 114 26 Children
856 3600 11 16 s
887 3591 193 30 Underclothing,
1098 3592 46 22 and
1157 3594 28 19 all
1207 3590 74 25 kinds

733 3627 23 23 ef
772 3627 114 30 Drapery.
1182 3636 7 12 1

764 3670 79 31 Fancy
857 3669 81 25 Good*
950 3678 12 15 a
978 3669 134 31 Specialty.
1218 3681 6 12 :

771 3714 132 23 Christmas
912 3714 47 23 and
973 3713 52 22 New
1040 3710 62 28 Year
1113 3716 136 26 present*—

856 3766 14 15 a
886 3763 64 25 grtat
964 3763 86 22 variety
1062 3763 24 17 to
1099 3756 60 24 hand

857 3792 133 23 Iti«L>ectinti
1003 3790 91 23 Invited

762 3824 110 30 Fainting
887 3827 44 20 and
944 3832 12 14 a
960 3832 7 7 r
971 3830 5 16 t
1006 3822 3 32 >
1020 3822 134 25 eediework
1168 3822 85 28 taught

828 3862 106 19 i-uromei
952 3858 80 22 'ioods
1049 3864 50 15 now
1113 3865 28 9 ••••
1161 3858 35 21 h&>
1209 3856 12 23 d

740 3913 263 25 Address—Ormoid's
1014 3911 46 24 Bui
1073 3913 54 30 ding
1141 3913 15 21 l<
1173 3914 95 28 Konrgh

885 4033 58 20 THE
956 4032 184 21 CELEBRATED

736 4072 169 31 CORNISH
926 4071 201 30 AMERICAN
1147 4072 139 30 PiANOS

877 4120 82 29 AND
985 4119 160 30 ORGANS.

760 4201 26 27 J
798 4199 117 30 ESSRS
943 4198 165 30 CORNISH
1133 4198 23 28 &
1172 4198 55 29 CO.
1241 4210 45 18 are

835 4240 47 28 the
894 4239 63 38 only
972 4239 60 28 firm
1047 4238 29 29 of
1089 4238 89 28 actual
1192 4249 76 18 manu-

737 4281 133 29 facturers
884 4280 29 29 of
932 4279 68 39 high
1023 4278 84 38 grade
1121 4278 97 29 Pianos
1232 4279 54 29 and

738 4321 107 37 Organs
870 4321 28 25 in
925 4320 46 26 the
1007 4319 102 27 United
1137 4322 90 23 states
1258 4320 29 27 of

738 4359 111 30 Ameria
880 4358 100 38 selling
1009 4357 165 40 exclusively
1200 4358 86 30 direct

738 4401 69 28 from
822 4402 46 27 the
882 4401 105 38 factory
999 4404 28 23 to
1038 4400 45 27 the
1093 4399 109 37 general
1216 4401 51 36 pub-

738 4441 43 35 lic,
791 4446 27 22 at
828 4440 168 39 guaranteed
1007 4439 141 28 wholesale
1160 4440 72 36 price
1244 4440 42 28 for

736 4492 17 17 a
766 4481 87 38 single
866 4481 176 28 instrument.
1080 4478 45 31 No
1139 4485 97 31 agents
1255 4490 31 19 or

737 4521 103 28 dealers
863 4531 45 18 are
929 4521 113 27 allowed
1067 4524 28 24 to
1117 4520 99 27 handle
1239 4521 47 28 the

739 4560 115 30 Cornish
864 4561 143 28 American
1021 4559 98 30 Pianos
1128 4571 30 18 or
1166 4559 116 40 Organs.

738 4601 27 28 It
778 4602 22 28 is
811 4602 59 37 just
884 4613 29 16 as
926 4612 63 27 easy
1002 4601 44 28 for
1060 4602 46 27 the
1129 4601 108 28 readers
1255 4603 30 26 of

738 4642 52 27 this
804 4651 84 29 paper
900 4645 28 24 to
941 4641 35 28 sit
990 4641 79 28 down
1094 4641 54 28 and
1171 4641 80 28 order
1269 4651 16 18 a

738 4682 84 29 Piano
835 4692 31 19 or
880 4682 92 38 Organ
985 4682 71 28 from
1070 4682 134 35 America,
1218 4693 29 18 as
1257 4688 27 23 to

738 4723 80 28 order
827 4732 51 20 one
891 4723 69 28 from
971 4723 71 28 their
1053 4723 85 28 music
1148 4726 81 32 store,
1239 4723 45 28 the

737 4763 63 39 only
814 4763 145 30 difference
974 4763 84 38 being
1072 4763 64 38 they
1150 4763 53 29 will
1221 4774 63 19 save

738 4805 69 28 from
821 4805 35 29 50
869 4809 28 25 to
915 4805 49 28 100
976 4815 50 29 per
1038 4809 72 25 cent.

776 4845 52 29 We
841 4846 67 29 have
924 4845 106 40 Organs
1044 4846 70 28 from
1127 4847 39 29 £6
1178 4850 28 25 to
1218 4846 68 35 £25,

739 4886 98 30 Pianos
849 4888 68 28 from
933 4888 56 28 £34
1002 4892 28 24 to
1044 4888 66 34 £oo,
1120 4887 54 29 and
1184 4897 40 19 we
1237 4887 49 29 sell

737 4928 43 28 for
793 4927 64 29 cash
872 4937 29 19 or
927 4937 71 28 npon
1019 4928 160 28 instalment
1197 4928 89 37 plans,

738 4972 29 24 to
780 4968 54 28 suit
856 4968 47 28 the
926 4968 181 28 convenience
1121 4968 28 29 of
1162 4968 46 28 the
1221 4979 49 28 pur-

738 5007 103 27 chaser.
880 5007 58 28 Our
967 5008 77 38 large
1072 5008 54 27 and
1152 5009 134 36 complete

738 5045 142 38 catalogue
903 5046 53 28 will
981 5047 34 29 be
1039 5047 153 29 forwarded
1212 5059 71 28 upon

738 5090 118 33 request.
894 5085 28 29 It
935 5087 22 27 is
971 5087 47 27 the
1030 5087 81 27 finest
1119 5088 165 38 description

737 5126 29 27 of
779 5125 98 29 Pianos
890 5125 55 29 and
959 5125 108 39 Organs
1079 5126 90 29 issued
1183 5128 36 37 by
1230 5138 52 28 any

737 5165 60 29 firm
819 5165 28 28 in
870 5166 47 28 the
943 5170 123 34 country,
1079 5167 53 27 and
1146 5167 77 38 gives
1237 5168 45 30 the

736 5205 89 29 actual
837 5205 104 38 factory
955 5206 78 28 value
1046 5206 28 28 of
1087 5216 81 27 every
1181 5207 87 30 instru-

736 5248 75 25 ment
823 5245 22 28 it
858 5244 145 29 describes.
1026 5245 75 29 With
1114 5257 81 28 every
1209 5253 57 23 cata-

736 5285 80 38 logue
828 5285 23 29 is
864 5285 145 38 presented
1023 5296 49 18 our
1084 5287 100 38 unique
1197 5288 70 29 refer-

734 5334 66 19 ence
813 5325 82 35 book,
911 5325 17 15 rt
937 5325 57 28 The
1010 5325 84 28 Heart
1107 5327 28 27 of
1148 5328 46 26 the
1213 5328 51 28 Peo-

830 5364 89 29 Write
927 5364 43 29 for
979 5365 150 37 catalogue.
1150 5367 130 36 Address,

856 5415 169 30 CORNISH
1046 5415 23 30 &
1093 5416 66 37 CO.,

748 5463 161 27 Washington,
922 5464 55 20 New
989 5463 91 26 Jebbey,
1089 5464 58 26 U.S.,
1159 5466 109 21 America.

776 5534 59 29 <HE
880 5533 135 30 WIFE'S
1065 5534 219 29 WELFARE—

822 5574 123 29 Treatise
963 5574 97 38 posted
1081 5574 67 29 free.
1187 5574 28 28 It
1232 5575 53 28 will

739 5615 79 29 teach
839 5624 55 27 you
920 5623 73 20 more
1006 5614 66 28 than
1085 5614 36 28 all
1143 5614 47 31 the
1207 5624 79 28 years

739 5655 100 39 you've
851 5654 82 29 lived.
971 5654 89 36 Every
1072 5664 105 18 woman
1189 5654 98 30 should

739 5694 65 29 read
835 5694 31 28 it.
905 5693 89 29 Write
1026 5693 74 29 Prof.
1134 5692 153 37 Hermann,

740 5734 107 29 French
862 5732 153 41 Specialist,
1030 5734 34 27 40
1084 5732 203 40 Collins-place,

740 5774 171 30 Melbourne.

3269 252 102 25 GEE

3749 279 60 12 --—
3821 299 6 2 .

3517 264 6 13 r
3539 264 5 15 \

2889 266 70 19 r^SOl

3896 272 56 72 S

3081 326 4 45 •
3151 329 95 42 THAT
3267 327 92 44 YOUR
3380 326 110 45 BOOTS

3076 401 60 43 ARE
3159 398 151 45 BRANDED
3329 396 44 44 ON
3394 400 67 42 THE
3483 398 88 44 HEEL

3806 339 11 19 I
3831 345 10 7 -

3909 359 55 18 «-,?•■■
4092 362 29 15 :--

3662 369 179 27 iss&>isr

3981 456 21 14 k
4015 456 3 14 •
4042 457 21 13 s

3891 465 11 17 i;
3911 465 42 14 v.i-
3980 465 24 11 «
4020 471 19 11 -..
4048 465 54 15 mss

3970 533 27 22 m

3566 644 29 12 y.

3876 677 57 20 mm

3626 696 250 19 m^s^=^s=^s.\

3390 701 29 29 *

3534 734 599 45 mmMmm^'mmm.

3897 767 35 26 <',
3957 764 169 29 Jiiasss^;

3878 829 71 24 .U'W'^

3882 843 96 20 grasai

3704 906 236 40 an»«

2877 1000 159 30 SECOND.

3575 997 163 30 FOURTH.

3940 998 120 29 FIFTH.

2549 1001 119 30 FIRST.
2778 1000 7 49 |
2877 1000 159 30 SECOND.
3244 998 130 29 THIRD.
3575 997 163 30 FOURTH.
3940 998 120 29 FIFTH.

2452 1042 119 30 BOOTS
2604 1043 66 28 with
2708 1042 56 29 this
2804 1042 40 29 On
2860 1043 54 27 this
2938 1040 92 30 Brnnd
3050 1040 64 37 only
3154 1039 72 37 Only
3247 1040 46 27 the
3316 1049 66 27 very
3405 1039 62 28 best
3505 1038 134 34 Fanners,
3697 1038 111 35 Miners,
3847 1038 57 29 The
4055 1037 92 30 Brand

2453 1083 90 29 Brand
2554 1094 33 19 on
2599 1084 46 29 the
2654 1083 60 30 heel
2721 1094 45 18 are
2805 1084 46 28 the
2884 1094 65 26 very
2987 1082 62 28 best
3088 1079 28 30 of
3154 1080 29 30 of
3192 1079 143 31 Materials
3344 1089 46 19 are
3398 1078 66 30 used
3504 1079 51 28 and
3571 1079 33 28 all
3621 1079 60 27 who
3695 1082 72 25 want,
3780 1084 28 23 to
3851 1078 79 30 Moots
3944 1078 51 30 and
4008 1078 86 30 Shoes
4102 1089 46 20 ar«j

2453 1124 167 40 guaranteed
2628 1129 27 24 to
2663 1124 43 28 Fit
2712 1124 55 28 and
2808 1124 151 28 Workmen
2989 1133 45 17 are
3060 1132 56 18 ein-
3154 1121 26 27 in
3218 1121 54 27 this
3313 1120 91 28 Brand
3438 1120 28 28 of
3594 1120 71 27 their
3679 1120 56 28 feet
3748 1119 60 38 dry,
3846 1119 99 29 known
3964 1120 68 28 from
4057 1121 17 26 A
4081 1120 65 27 nek-

2528 1165 83 27 Wear
2625 1165 68 27 well.
2909 1163 107 29 Dloved.
3082 1159 4 33 '
3182 1161 84 29 Boots
3279 1160 54 29 and
3349 1160 95 29 Shoes.
3540 1164 43 28 try
3597 1160 54 28 this
3671 1159 90 29 Brand
3848 1160 60 27 land
3924 1166 27 22 to
3965 1161 45 28 the
4025 1160 75 28 Bluff
4108 1160 41 30 for

2908 1163 108 39 ployed.

2528 1165 83 29 Wear
2625 1165 68 29 well.
2909 1163 107 39 ployed.
3082 1158 4 44 '
3182 1161 84 29 Boots
3279 1160 54 29 and
3349 1160 95 29 Shoes.
3540 1164 42 33 try
3597 1160 54 28 this
3671 1159 90 29 Brand
3827 1158 4 44 |
3848 1160 60 27 land
3924 1166 27 22 to
3965 1161 45 28 the
4025 1160 75 28 Bluff
4108 1160 41 30 for

3882 1200 113 36 sterling
4006 1200 110 37 quality.

2494 1246 72 28 ALL
2587 1245 118 30 BOOTS
2726 1244 169 30 BEARING
3223 1241 51 29 ON
3303 1242 7 11 r
3312 1241 69 29 !HE
3402 1241 102 28 HEHL
3535 1241 74 27 ARK
3638 1239 315 32 MANUFACTURED
3975 1240 38 29 IN
4036 1241 50 28 TH
4091 1233 13 23 l

2769 1284 251 31 CELEBRATED
3329 1281 131 29 BRAND
3482 1281 96 29 BOOI*
3599 1281 175 28 FAC'IOKY
3797 1280 45 28 BY

2736 1346 368 66 MVRGOnD,
3150 1346 129 56 SON
3317 1346 46 53 &
3404 1343 244 65 EWEN,
3701 1370 187 32 donedin.

2460 1525 52 53 ]\f
2519 1526 117 44 ILLS,
2657 1526 132 43 DICK,
2815 1524 36 38 8l
2878 1521 128 41 CO.'S

2698 1583 70 30 1897

2477 1636 187 30 ALMANAC
2686 1645 54 19 and
2762 1630 228 34 DIRECTORY.

2640 1683 84 34 Price,
2740 1683 29 27 Is
2784 1681 45 28 6d.

2460 1766 89 37 Every
2575 1764 124 34 Farmer,
2726 1763 105 34 Miner,

2705 1809 54 29 and
2787 1808 133 29 Business
2945 1805 67 28 Man

2536 1864 105 29 Should
2668 1864 120 27 Procure
2809 1872 17 18 a
2852 1862 85 36 Copy.

2489 1944 58 27 Can
2573 1943 35 27 be
2634 1942 55 28 had
2715 1942 71 27 from
2812 1940 48 27 the
2884 1938 85 27 under-

2639 1978 158 31 mentioned
2799 1995 36 4 —

2497 2041 118 30 Mackay
2630 2040 94 34 Bros.,
2738 2037 155 39 Roxburgh

2496 2082 28 28 J.
2538 2081 128 34 Noonan,
2682 2081 33 28 Et
2720 2079 70 28 trick

2496 2122 92 28 Johns
2604 2130 54 19 and
2672 2119 147 34 M'Combe,
2834 2117 104 28 Millers
2951 2115 62 29 Flat

2496 2163 28 28 J.
2540 2161 33 30 R.
2588 2161 93 35 Kemp,
2696 2160 68 29 Bald
2782 2158 54 29 Hill
2851 2158 73 47 Flat^

2498 2203 31 28 L.
2545 2203 89 33 Ryan,
2647 2201 72 35 Jnr.,
2735 2198 158 31 Alexandra
2907 2196 89 29 South

2498 2243 32 29 B.
2545 2242 122 35 Naylor,
2682 2241 88 38 Clyde

2524 2325 78 30 ANY
2624 2323 98 31 Ladies
2744 2321 136 40 complain
2895 2320 60 29 that
2969 2319 46 29 the

2559 2368 55 28 Tea
2627 2367 64 36 they
2706 2366 69 28 have
2786 2365 69 27 been
2870 2363 82 34 using
2965 2362 17 27 h
2985 2372 28 17 as

2462 2408 107 29 neither
2579 2406 128 38 strength
2719 2415 49 17 no-
2776 2404 113 28 flavour.
2912 2402 26 28 If
2949 2402 64 36 they

2462 2453 43 33 try
2520 2448 87 29 Kozie
2620 2446 55 29 Tea
2688 2446 65 37 they
2767 2444 54 28 will
2835 2443 34 29 be
2883 2441 129 30 satisfied.

2460 2490 93 28 Johns
2569 2488 25 29 &
2613 2486 149 35 M'Combe,
2777 2486 117 37 Agents,
2910 2482 104 29 Millers

2461 2530 70 28 Flat.
2978 2563 31 4 _

2461 2697 140 57 STOCK
2627 2697 35 27 all
2686 2696 47 27 the
2758 2693 111 35 leading
2899 2690 113 33 Hitrlish

2535 2738 53 30 and
2604 2737 118 29 German
2737 2733 98 31 Makes
2849 2732 29 29 of
2893 2731 99 29 Pianos
3006 2740 5 17 :

2511 2789 175 26 BRINSMEAD,
2704 2787 139 24 OOLLARD,
2863 2783 98 27 SAMES,

2654 2814 167 25 EAVESTOFF,

2460 2856 203 26 SCHWECHTEN,
2674 2855 70 25 LIPP,
2754 2853 73 20 rtORS
2837 2852 16 21 k
2865 2848 148 27 KALLMAN,

2587 2893 165 26 GERHARDT,
2768 2892 124 22 HANSEN.

2499 2969 120 38 Ghas.
2642 2967 110 46 Begg
2775 2963 83 39 and
2882 2961 98 39 Go.'s

2461 3036 232 33 EXHIBITION
2722 3034 133 31 MODEL
2886 3031 127 43 PIANO,

2662 3089 57 29 £3B
2739 3095 76 21 NETT.

2442 3148 1 53 !
2461 3170 120 31 STORY
2607 3170 23 29 &
2659 3166 161 32 CLARK'S
2850 3162 162 36 ORGANS,

2557 3220 178 30 KIMBALL
2754 3216 162 34 ORGANS,

2460 3273 80 29 From
2550 3272 58 29 £2O
2617 3274 28 25 to
2655 3264 78 38 £50..
2742 3269 90 28 .From
2842 3267 56 28 £2O
2907 3269 28 25 to
2945 3264 65 29 £SO.

2460 3351 146 31 BESSON
2634 3349 25 30 &
2689 3346 180 32 BOOSKY'S
2890 3343 121 31 BRASS

2595 3386 284 35 INSTRUMENTS.

2461 3475 98 29 Violin
2574 3473 67 29 Bow
2658 3471 152 29 Repairing
2823 3477 18 20 a
2855 3466 154 30 Specialty.

2498 3524 103 34 Violin,
2616 3523 65 28 Bow
2695 3520 53 29 and
2765 3519 100 30 Case...
2907 3515 68 38 30/-

2496 3564 184 33 Accordeons,
2694 3562 71 29 from
2837 3583 28 5 ...
2928 3555 45 40 7/6*

2529 3645 109 31 CHAS.
2660 3642 101 31 BRGG
2785 3640 78 29 AND
2884 3638 56 30 CO.

2460 3695 80 29 Have
2559 3694 48 28 the
2629 3693 104 37 largest
2757 3690 53 27 and
2831 3691 72 25 most
2915 3685 93 30 varied

2459 3735 78 30 stock
2552 3734 28 28 of
2594 3732 88 30 Music
2693 3731 26 27 in
2731 3730 47 28 the
2789 3729 111 36 Colony.
2940 3725 68 30 New

2557 3774 158 39 Shipments
2730 3768 186 40 Fortnightly.

2642 3825 70 29 New
2733 3823 97 29 Songs.

2495 3869 82 29 Morn
2609 3866 29 30 of
2677 3860 332 34 Sorrows—Snnwflakes

2460 3908 171 31 Fair—Gate
2644 3906 29 30 of
2691 3903 156 31 Life—For
2865 3901 47 29 the
2936 3899 59 31 Chil-

2444 3938 3 46 !
2460 3951 90 29 dren's
2566 3946 181 33 Sake—Wilt
2760 3945 76 27 Thou
2851 3944 33 27 be
2900 3941 110 29 Mine—

2444 3984 4 37 I
2462 3990 137 31 Sunshine
2632 3985 191 32 Above—She
2856 3984 101 35 Stoops
2982 3984 28 26 to

2446 4019 3 51 !
2462 4028 210 42 Conquer—No
2694 4028 43 28 for
2759 4036 34 18 an
2815 4021 196 32 Answer—No

2448 4070 2 31 :
2463 4073 88 28 Man's
2566 4070 87 30 Land.

2592 4122 99 30 Violin
2711 4128 55 21 and
2785 4118 96 28 Piano.

2499 4165 128 30 Andante
2649 4167 28 24 et
2701 4161 117 29 Scherzo
2841 4155 171 41 Capriccioso

2446 4190 2 52 !
2464 4206 112 36 (David)
2655 4201 101 30 Bach's
2799 4203 40 25 Ist
2879 4198 134 28 Concerto

2465 4244 237 38 (Alard)—Three
2738 4241 94 29 Pieces
2858 4236 155 39 Classiques

2464 4282 284 43 (Ragghianti)—Les
2754 4280 105 31 Echoes
2863 4275 146 40 (Leonard)

2461 4325 173 29 —Mazurka
2672 4324 34 27 de
2752 4322 117 27 Conceit
2915 4316 98 33 (Ovide

2463 4365 281 39 Musin)—Romance
2779 4358 164 40 (Jansen)—
2945 4357 51 29 Sou-

2461 4409 78 28 venir
2552 4407 34 28 de
2600 4405 103 39 Haydn
2720 4404 8 36 (
2755 4401 124 36 eonard).

2503 4490 121 39 Chas.
2647 4487 110 46 Begg
2783 4482 84 40 and
2891 4480 74 43 Co.,

2477 4551 31 28 21
2552 4549 118 29 Princes
2707 4545 111 34 Street,
2854 4542 138 32 Duneuin,

2442 4591 2 51 |
2461 4603 112 37 Having
2599 4612 16 17 a
2640 4600 75 28 Most
2742 4597 127 29 Efficient
2892 4593 71 28 Staff
2982 4591 29 28 of

2462 4642 159 35 Workmen,
2630 4651 51 18 can
2693 4638 99 39 Repair
2802 4635 54 30 and
2877 4640 7 21 1
2894 4644 51 18 une
2957 4642 53 28 any

2581 4680 116 31 Musical
2717 4679 171 29 Instrument

2514 4734 49 28 AT
2589 4730 210 32 MODERATE
2822 4724 142 47 RATES^

2442 4790 3 29 t
2510 4797 31 22 To
2558 4802 27 16 be
2599 4797 129 21 Published
2742 4799 24 16 in
2776 4794 113 23 January,
2905 4790 56 21 1898.

2664 4842 125 31 OTAGO
2820 4840 23 28 &
2870 4837 119 31 SOUTH-

2483 4870 15 30 -5
2703 4880 106 30 LAND

2510 4939 153 22 COMMEBCIAL,
2679 4936 134 23 MUNICIPAL,
2825 4932 16 20 k
2856 4932 106 20 GENERAL

2618 4978 240 42 DIRECTORY,

2712 5036 53 20 AND

2498 5082 90 31 NEW
2604 5079 183 33 ZEALAND
2802 5075 173 35 ANNUAL,

2685 5131 111 37 1898.

2482 5221 168 33 Fourteenth.
2667 5219 75 29 Year
2760 5217 30 29 of
2808 5214 182 31 Publication.

2461 5303 90 35 Demy
2576 5301 53 28 Bvo
2654 5298 65 34 size,
2743 5293 161 36 containing
2926 5292 83 27 about

2479 5336 283 44 900pages,together
2770 5334 64 29 with
2844 5340 146 20 numerous

2515 5381 81 38 Maps
2619 5376 140 32 corrected
2779 5378 29 26 to
2821 5374 72 33 date,
2907 5371 47 29 the

2541 5420 88 30 whole
2642 5415 178 38 handsomely
2833 5411 94 31 bound

2569 5461 28 28 in
2611 5458 84 36 cloth,
2705 5453 193 43 gilt-lettered.

2465 5543 76 28 Price
2554 5545 29 26 to
2596 5538 188 34 Subscribers,
2798 5536 49 28 12s
2861 5533 52 34 6d;
2934 5531 75 29 Non-

2610 5578 185 33 Subscribers,
2807 5576 56 27 15s.

2456 5651 4 53 ]
2510 5660 133 36 STOJNE,
2674 5658 83 35 SON,
2789 5654 81 31 AND
2900 5651 68 36 CO.,

2652 5703 178 32 Publishers,

2458 5734 3 51 !
2524 5750 142 31 Crawford
2691 5750 101 35 Street,
2814 5744 138 32 Dunedin.

3038 1500 476 73 Bffatthewa
3566 1515 51 53 &
3664 1497 485 90 Chalmers,

3236 1630 255 58 COACH
3554 1623 402 72 BUILDERS,

3272 1732 330 36 WHEELWRIGHTS,
3641 1731 283 35 BLACKSMITHS,

3130 1860 301 29 AGRICULTURAL
3469 1858 227 29 IMPLEMENT
3734 1857 349 35 MANUFACTURERS,

3401 1933 73 29 Ross
3513 1934 99 33 Place,
3650 1933 162 28 Lawrence.

3083 2027 74 29 ALL
3198 2025 122 30 KINDS
3359 2025 48 30 OF
3445 2023 145 32 MINING
3629 2022 233 31 MACHINERY
3899 2023 108 29 MADE
4045 2023 82 29 AND

3506 2075 203 30 REPAIRED.

3497 2169 110 28 Agents
3627 2177 49 20 for
3676 2184 36 6 —

3045 2239 229 39 Massey-Harris
3296 2238 120 39 Reapers
3438 2236 54 31 and
3521 2236 122 36 Hinders,
3664 2236 174 36 Cultivators,
3864 2236 136 36 bcufflers,
4027 2236 122 38 Ploughs

3504 2277 90 28 Horse
3607 2277 98 34 Rakes,

3348 2329 122 32 Peerless
3490 2328 52 38 Oil,
3563 2328 103 30 Binder
3685 2327 101 39 Twine,
3805 2327 48 32 &c.

3099 2413 47 29 All
3175 2412 89 29 Work
3294 2411 151 30 Entrusted
3467 2414 29 25 to
3521 2410 42 29 Us
3588 2410 53 28 will
3668 2410 114 29 Receive
3808 2409 112 38 Prompt
3946 2409 151 31 Attention,

3368 2491 132 23 CHARGES
3525 2490 133 21 STRICTLY
3685 2490 151 21 MODERATE

3300 2580 75 30 FOR
3414 2579 117 29 SALE!

3675 2577 72 29 FOR
3785 2577 114 29 SALE!

3059 2667 17 24 A
3126 2661 216 31 STAUNCH
3375 2660 91 30 AND
3503 2658 248 32 HANDSOME
3788 2656 374 31 THOROUGHBRED

3501 2814 141 30 Produced
3668 2814 34 37 by

3212 2868 161 31 YANKEE
3393 2865 238 32 ENTERPRISE
3651 2864 76 31 OUT
3746 2863 47 30 OF
3815 2861 183 31 AMERICA.

3311 2911 45 39 Up
3370 2914 28 25 to
3412 2920 53 28 any
3478 2909 111 38 weight,
3602 2907 53 29 and
3668 2906 98 30 carries
3779 2916 16 17 a
3808 2904 87 38 Lady.

3117 2963 174 31 Guaranteed
3302 2963 169 38 thoroughly
3480 2961 87 30 sound
3578 2961 53 28 and
3641 2960 83 38 quiet.
3767 2958 61 29 Will
3838 2967 62 29 pass
3911 2956 113 29 traction
4036 2955 123 37 engines,

3043 3008 94 32 trams,
3152 3005 94 34 trains,
3261 3006 170 31 motor-cars,
3446 3001 97 30 forked
3558 3001 150 38 lightning,
3721 3009 31 18 or
3770 2997 137 39 anything
3928 2997 64 35 else,
4013 2996 112 37 barring
4143 3005 19 17 a

3043 3045 63 39 lady
3121 3045 129 29 mounted
3264 3055 35 17 on
3313 3043 114 29 another
3452 3042 162 29 Newhaven
3634 3041 123 29 Bicycle.

3118 3124 181 30 FARMERS
3315 3124 142 38 requiring
3471 3123 82 28 Grain
3565 3122 94 34 Drills,
3671 3121 103 37 Turnip
3787 3119 53 28 and
3852 3121 113 27 Manure
3975 3118 93 34 Drills,
4079 3116 60 30 Com-

3044 3166 81 28 bined
3140 3165 94 35 Drills,
3248 3165 65 27 Disc
3327 3166 140 32 Harrows,
3481 3163 131 37 Ploughs,
3628 3161 69 29 Seed
3713 3160 137 36 Cleaners,
3860 3170 31 19 or
3902 3170 52 25 any
3969 3159 78 28 other
4059 3156 87 39 Imple-

3041 3210 89 24 ments
3144 3217 31 17 or
3189 3205 139 27 Machines
3342 3203 96 29 should
3450 3203 66 28 send
3530 3202 44 29 for
3586 3213 50 17 our
3648 3201 150 36 catalogue.

3065 3245 57 20 THE
3136 3243 145 21 COLONIAL
3294 3242 148 22 CuMBINED
3461 3241 100 20 DRILLS
3574 3241 61 19 AND
3649 3240 62 20 DISC
3725 3239 143 20 HARROWS
3882 3239 57 21 ARE
3952 3238 57 21 THE
4025 3237 64 21 BEST
4102 3234 33 23 IN

3487 3267 57 21 THE
3564 3267 124 20 MARKET.

3130 3339 306 59 Morrow,
3505 3335 260 50 Haetett
3835 3333 50 50 &
3945 3334 107 64 Co,

3290 3412 181 31 DUNfcJHN
3509 3420 54 20 and
3602 3408 311 35 CHRISTCHURCH,

3353 3464 64 29 Sole
3431 3465 106 35 Agents
3551 3464 28 27 in
3593 3462 68 29 New
3674 3461 119 29 Zealand
3806 3461 43 28 for

3169 3506 78 29 THE
3267 3504 218 31 M'CORMICK
3506 3502 250 30 HARVESTING
3775 3500 181 29 MACHINE
3977 3500 56 30 CO.

3087 3601 386 60 COSSENS
3541 3598 170 57 AND
3783 3595 326 66 BLACK,

3162 3689 232 36 ENGINEERS,
3415 3685 284 34 BLACKSMITHS,
3720 3684 275 29 MILLWRIGHTS
4017 3684 24 28 &

3444 3725 310 35 IRONFOUNDERS,

3311 3778 360 26 CRAWFORD-STREET,
3711 3777 172 21 DUNEDIN.

3351 3845 380 33 —MANUFACTURERS
3764 3845 84 28 OF

3041 3894 139 39 Pumping
3194 3892 54 29 and
3270 3890 137 38 Winding
3427 3889 168 38 Machinery,
3621 3885 227 31 HYDRAULIC
3872 3884 142 29 MINDsG
4036 3883 124 30 PLANT
4163 3883 4 50 1

3110 3934 156 39 (including
3281 3930 152 40 Hydraulic
3447 3930 119 35 Giants),
3581 3928 90 28 Sluice
3685 3927 108 34 Valves,
3808 3926 127 28 Elevator
3953 3925 138 38 Castings,

3345 3972 64 28 Iron
3424 3970 55 29 and
3494 3969 74 29 Steel
3583 3967 138 40 Fluming,
3735 3966 58 36 &c,
3808 3966 49 29 &c.

3151 4024 155 32 DREDGE
3332 4022 216 34 TUMBLERS,
3570 4019 183 35 BUCKETS,
3773 4017 126 36 LINKS,
3920 4017 59 35 Ac,
4000 4017 47 29 &c.

3045 4067 205 35 Waterwheels,
3262 4064 143 33 Turbines,
3420 4062 82 29 Brick
3516 4061 54 29 and
3585 4061 84 29 Drain
3684 4059 67 38 Pipe
3765 4059 117 37 Making
3892 4058 54 29 and
3956 4057 89 29 Wood
4058 4056 80 31 Work-

3126 4110 47 36 ing
3189 4106 169 36 Machinery.
3398 4103 90 29 Horse
3502 4103 117 34 Powers,
3634 4100 191 34 Chaffcuttcrs,
3839 4098 102 38 Turnip
3960 4097 123 38 Pulpers,

3288 4146 54 28 and
3356 4145 35 27 all
3406 4144 81 28 kinds
3500 4144 28 28 of
3541 4142 158 37 Machinery
3713 4140 54 28 and
3781 4140 127 37 bearing.

3158 4231 16 20 A
3203 4228 77 21 VERY
3309 4226 94 22 LARGE
3428 4224 88 21 STOCK
3542 4223 35 20 OF
3603 4221 142 22 PATTERNS
3770 4220 35 20 TO
3830 4219 102 21 SELECT
3958 4218 85 22 FROM.

3043 4295 212 35 ESTIMATES
3276 4294 129 30 GIVEN.

3575 4287 351 33 CORRESPONDENCE
3948 4286 210 31 SOLICITED.

3060 4380 114 39 Repairs
3187 4378 54 29 and
3256 4387 81 27 every
3351 4374 165 38 description
3532 4372 28 30 of
3574 4369 186 40 Engineering
3773 4368 54 28 and
3845 4367 193 29 Blacksmith's
4051 4367 89 29 Work

3443 4412 142 38 Promptly
3607 4410 146 30 Executed.

3237 4509 102 35 GROWN
3369 4509 37 34 ON
3437 4508 62 34 THE
3530 4507 86 34 HILLS
3645 4506 34 35 OF
3708 4505 102 34 SUNNY
3838 4504 124 35 CEYLON,

3539 4772 125 33 ;KoZ'tEi

3488 4896 61 39 IRE
3570 4893 190 46 BLENDED
3789 4893 32 57 g

3488 4951 332 42 GROWNCEYLON

3151 5058 63 36 THE
3229 5057 87 37 MOST
3328 5054 159 38 DELICIOUS
3501 5054 22 37 &
3537 5052 194 38 ECONOMICAL
3744 5051 61 36 TEA
3820 5049 28 37 IN
3862 5048 62 37 THE
3938 5048 111 36 WORLO.

3040 5138 128 67 W.
3214 5127 362 76 Scoular
3622 5124 65 70 &
3737 5123 171 84 ©©«>

3963 5141 184 32 DUNEDIN.

3470 5221 90 28 Local
3580 5219 143 28 Agents—

3377 5274 134 26 .xbunrh;
3530 5270 123 30 JOHNS
3673 5270 24 29 &
3716 5266 179 34 M'COMBE,
3915 5264 104 29 Millers
4037 5263 72 29 Flat.

3038 5376 41 54 JT
3175 5375 33 38 J.
3287 5366 296 42 WILLIAMS,

3062 5444 200 26 HAIRDRESSER
3281 5442 61 22 AND
3362 5437 198 25 TOBACCONIST,

3234 5495 161 29 Lawrence.

3076 5585 151 33 LADIES'
3258 5574 292 38 HAIRCOMBINGS

3122 5637 109 31 MADE
3251 5632 91 31 INTO
3361 5627 143 32 PLAITS.

3029 5717 5 45 [
3042 5724 101 31 Orders
3153 5722 36 38 by
3197 5721 62 38 post
3267 5712 136 43 promptly
3410 5708 129 32 attended
3549 5712 34 25 to.

3878 5346 25 28 A
3915 5344 174 39 stimulating
4097 5344 62 29 and'

3650 5401 5 4 ■
3693 5389 152 37 sustaining
3857 5396 52 29 cup
3921 5385 28 29 in
3962 5392 120 22 summe*
4097 5386 56 28 and

3605 5434 103 27 winter.
3745 5430 36 28 D.
3796 5428 140 33 Cokmack,
3950 5426 105 38 Agent,
4075 5425 57 31 Rox-

3605 5473 97 36 burgh.
