2559 4029
88 263 317 32 THE
510 263 316 32 NEW
931 263 738 32 ZEALAND
1774 263 738 32 GAZETTE

88 295 2424 86 AND

88 381 1212 86 WELLINGTON
1421 381 1091 86 SPECTATOR

621 480 221 39 PUBLISHED
887 483 134 38 EVERY
1066 484 259 39 WEDNESDAY
1367 487 91 36 AND
1503 488 231 39 SATURDAY
1779 490 199 40 MORNING.

583 595 130 33 PORT
741 597 287 41 NICHOLSON,
1050 601 262 32 SATURDAY
1332 602 241 42 MORNING,
1595 608 259 34 DECEMBER
1879 614 49 33 11,
1953 615 91 29 1841.

105 593 64 33 No.
191 595 66 40 97.]

2320 615 100 42 [Vol.
2442 616 49 32 11.

100 689 147 21 Auckland
262 690 54 19 and
331 688 174 27 Wellington
525 689 112 20 Packet.

82 724 98 27 sr^±%a
233 722 89 27 nPHE
333 722 122 22 Auckland
471 723 47 21 and
525 722 139 27 Wellington

87 760 3 4 •
106 751 97 26 #PS».
239 748 29 23 X
306 749 85 23 Packet
405 751 149 21 Aiercrombie
569 749 45 23 will
629 758 35 14 re-

75 801 3 8 |
82 772 201 39 Jm^^^^turn
299 777 78 22 within
395 784 69 16 seven
481 777 55 28 days
551 777 56 23 after
624 776 40 23 her

71 800 155 39 .WBltyfßfis
232 814 24 14 ar
276 803 35 23 va^
319 807 23 19 at
368 807 32 19 iat
409 812 14 20 P
426 809 33 18 ort
466 822 5 10 >
488 812 28 15 an
520 805 14 21 d
544 812 18 14 w
564 805 24 32 jU
598 803 65 28 again

71 826 188 40 SKj^gSbe
268 831 136 29 despatched
414 832 57 22 from
482 832 181 22 PortNichoison

231 859 77 23 within
316 866 68 15 seven
392 859 55 27 days
457 859 58 22 after
523 859 42 22 her
574 858 88 23 arrival.

99 888 45 23 For
153 889 83 27 freight
245 894 24 15 or
278 894 99 21 passage,
389 885 67 29 apply
466 890 23 18 to

315 921 76 27 Hort,
403 921 122 26 Mocatta,
542 920 45 22 and
597 920 38 22 Co.

71 966 54 22 For
139 967 164 27 Wanganui,
318 966 116 25 Nelson,
447 965 56 21 and
517 965 145 25 Taranaki,

170 1001 29 21 TO
212 1002 42 19 sail
263 1001 110 26 positively
388 1000 22 21 in
433 1001 67 20 Seven
514 1000 59 26 days.

78 1028 106 38 ■^S^gL
224 1034 91 22 fTiHE
331 1033 46 23 fine
393 1034 45 22 fast
454 1033 82 28 sailing
553 1033 110 23 schooner

91 1073 111 23 ifMnKn
319 1062 100 25 Look-in,
454 1061 31 22 H.
511 1061 22 22 J.
559 1061 104 26 Canning

236 1092 89 24 master,
348 1089 36 21 for
407 1088 135 27 Wanganui,
568 1087 93 28 Nelson,

69 1111 153 38 Kggßßgb
237 1116 45 22 and
295 1115 120 22 Taranaki.
444 1115 50 22 Has
504 1114 113 23 excellent
626 1122 36 14 ac-

69 1137 148 34 <CeSs__c§7
237 1143 165 22 commodation
412 1143 35 21 for
456 1148 138 22 passengers.
618 1141 45 21 For

68 1170 85 28 freight
161 1179 25 14 or
194 1177 99 22 passage,
304 1170 68 27 apply
383 1173 24 18 to

408 1195 23 22 J.
446 1195 47 22 and
508 1195 29 22 G.
551 1194 82 23 Wade.

95 1224 134 27 December,
242 1225 60 20 1841.

180 1270 55 20 For
248 1269 111 21 Akaroa
374 1268 55 21 and
443 1268 100 26 Otago,

242 1305 89 34 npHE
345 1306 46 23 fine
408 1306 111 23 schooner
539 1308 61 19 Anne
617 1307 45 22 will

101 1328 114 30 o39S©v
252 1328 24 25 -i-
312 1333 29 22 be
349 1333 48 22 laid
412 1341 30 14 on
459 1334 36 22 for
506 1333 94 23 Akaroa
616 1334 45 23 and

97 1359 138 32 iTFBR^g^
287 1360 80 28 Otago,
378 1360 46 23 and
433 1361 148 27 intervening
590 1364 69 25 ports,

75 1383 163 38 fSBE/nai^
257 1386 19 22 if
289 1387 83 27 freight
381 1388 74 22 offers.
485 1388 44 22 For
539 1388 84 28 freight
637 1396 24 14 or

255 1421 100 21 passage,
372 1415 69 28 apply
450 1418 23 19 to
491 1415 95 28 Captain
602 1416 57 28 Joss,

69 1447 26 16 or
105 1444 24 18 to

348 1468 45 23 Mr.
410 1469 24 22 C.
450 1469 36 23 W.
503 1470 129 22 Schultze.

69 1492 147 29 Wellington,
229 1494 67 23 Deer.
308 1497 33 25 10,
351 1497 63 21 1841.

68 1539 156 26 Important
251 1541 29 21 to
305 1541 160 21 Merchants
493 1542 55 21 and
581 1542 77 27 Ship-

306 1573 116 16 owners.

72 1602 107 42 •^h^&
221 1610 89 22 riIHE
319 1610 154 28 undersigned
490 1611 67 22 offers
567 1612 36 21 for
612 1612 46 22 sale

67 1681 30 46 _!
108 1681 109 43 gllfciglii
271 1699 12 14 c
301 1693 57 19 Kute
377 1692 25 21 of
473 1695 59 25 tonSj
551 1692 16 33 *?
569 1700 24 15 as
638 1701 9 14 s

223 1718 96 27 charged
336 1719 40 22 her
393 1726 67 20 cargo
481 1719 116 27 alongside
618 1720 39 23 the

68 1752 50 15 new
125 1745 66 28 jetty.
221 1746 43 23 For
273 1746 86 23 further
367 1746 139 28 particulars,
518 1747 68 27 apply
595 1750 23 19 to

435 1780 36 23 W.
483 1780 172 24 FITZHERBERT.

68 1806 33 22 Te
111 1806 56 28 Aro,
176 1807 62 22 Nov.
247 1808 33 26 26,
291 1808 61 22 1841.

214 1852 54 22 For
282 1853 109 26 Sydney
408 1852 96 27 direct,

222 1889 91 23 HHHE
344 1890 47 22 fine
414 1890 44 22 fast
477 1890 88 28 sailing,
590 1891 22 21 A
638 1892 10 21 1

89 1922 118 24 J/gggS^
228 1912 31 26 X
295 1917 84 26 barque
400 1918 110 25 Winwicb,
527 1917 36 22 W.
579 1918 74 28 Ware,

235 1943 151 28 commander,
393 1945 46 22 will
447 1945 42 22 sail
496 1946 34 21 for
537 1945 39 21 the
585 1945 71 22 above

65 1967 156 38 BMJgXHrjSKg
236 1971 53 21 Port
297 1971 23 22 in
336 1971 105 23 fourteen
457 1972 63 27 days.
548 1971 45 22 For
605 1979 51 20 pas-

66 1993 151 36 'C£_|gs£'
235 2004 51 21 sage
294 2005 28 15 on
323 1997 32 29 ly>
361 1997 87 29 having
456 1999 102 27 superior
567 2005 88 16 accom-

64 2025 124 27 modation,
198 2025 68 27 apply
276 2028 23 19 to

322 2051 36 21 W.
373 2050 26 22 B.
415 2051 96 22 Rhodes
526 2051 46 22 and
586 2052 39 21 Co.

218 2096 52 21 For
280 2096 110 26 Sydney
400 2096 96 21 direct.

83 2135 77 30 iJePk
177 2134 92 23 HPHE
282 2135 45 22 fine
343 2136 46 22 fast
405 2136 81 28 sailing
501 2136 51 28 brig
569 2138 83 26 Arrow,

74 2159 101 33 flflNNfr
189 2159 24 24 X
249 2162 119 22 Frederick
393 2164 81 26 Geare,
500 2165 152 27 commander,

63 2195 113 28 [gyrViX
224 2188 40 23 bas
274 2189 37 22 the
325 2193 89 24 greater
428 2193 50 25 part
494 2191 26 21 of
530 2191 42 22 her
587 2199 65 20 cargo

162 2212 13 16 r
193 2216 107 27 engaged,
319 2217 45 22 and
383 2217 46 23 will
447 2217 58 23 have
523 2218 130 23 immediate

61 2243 109 28 dispatch.
200 2243 45 22 For
253 2243 82 28 freight
344 2251 25 15 or
377 2251 101 21 passage,
492 2245 68 28 apply
570 2249 23 18 to

339 2271 77 28 Hort,
427 2272 122 27 Mocatta,
558 2272 46 22 and
614 2273 38 23 Co.

64 2298 58 21 Nov.
133 2299 34 25 26,
179 2298 62 21 1841.

216 2343 53 21 For
283 2343 108 27 Sydney
407 2343 96 26 direct,

171 2378 29 21 To
214 2378 41 19 sail
266 2378 23 20 in
302 2378 63 21 about
371 2378 104 26 fourteen
489 2379 59 27 days,

87 2410 77 31 l&
187 2415 89 24 TPHE
291 2416 46 23 fine
351 2418 45 22 fast
408 2418 81 28 sailing
504 2419 87 28 barque
603 2420 49 20 Ma-

80 2440 99 29 ■tqNfr
196 2440 26 24 JL
260 2444 58 27 tilda,
339 2445 96 27 Captain
457 2446 105 23 Roberts.
599 2447 54 22 This

66 2478 116 23 UHFrS-gflt
259 2471 71 22 vessel
339 2472 40 21 has
389 2476 59 18 most
457 2473 101 27 superior
565 2481 88 15 accom-

112 2513 22 4 —
132 2494 49 24 B^
200 2497 125 23 modations
343 2499 36 21 for
395 2507 141 20 passengers,
560 2501 19 21 is
602 2501 50 22 well

59 2522 79 28 found,
150 2522 45 23 and
209 2524 74 23 famed
292 2525 35 23 for
336 2526 93 27 making
438 2527 68 27 quick
518 2527 61 28 trips.
608 2528 44 22 For

60 2548 84 28 freight
163 2557 26 15 or
205 2558 101 22 passage,
322 2553 69 28 apply
409 2557 24 19 to
452 2553 38 23 the
510 2554 95 29 Captain
622 2563 28 15 on

60 2576 77 28 board,
149 2584 25 16 or
184 2580 23 20 to

381 2607 83 23 Waitt
479 2608 46 22 and
539 2609 85 23 Tyser.

90 2664 75 29 ag^.
174 2658 163 23 /CAPTAIN
351 2660 215 29 HOLDERNESS,
582 2661 26 22 of
614 2661 38 23 the

71 2683 145 38 OggS&V-/
243 2687 97 25 Eleanor,
351 2687 45 22 will
412 2691 41 19 not
466 2688 29 22 be
505 2689 146 22 accountable

57 2710 113 33 wjntem**
184 2712 37 22 for
229 2713 38 23 the
277 2714 63 22 debts
350 2714 27 22 of
383 2715 35 22 his
428 2722 66 16 crew.

71 2739 4 6 '
84 2746 146 28 Wellington,
242 2748 58 22 Nov.
309 2750 35 26 20,
356 2750 62 21 1841.

57 2792 75 48 ON
146 2792 85 28 SALE,
245 2793 31 28 by
291 2793 38 23 the
338 2794 161 28 undersigned,
511 2802 30 14 ex
550 2796 99 26 Eleanor,

135 2820 102 26 Matilda,
251 2820 45 22 and
305 2821 64 22 other
377 2821 46 23 late
433 2821 94 23 arrivals
534 2830 34 14 :—

84 2851 57 23 Fine
151 2853 58 22 flour
217 2854 59 22 fresh
285 2855 94 27 ground,
391 2855 96 22 seconds
503 2856 65 28 flour,
584 2857 67 22 moist

55 2886 75 26 sugarj
140 2879 49 23 loaf
200 2888 72 20 sugar,
283 2885 37 18 tea
332 2882 26 21 in
367 2882 75 22 chests
450 2882 47 23 and
505 2882 52 23 half
568 2883 80 27 chests,

54 2906 59 28 pork
122 2914 25 15 m
155 2907 87 28 tierces,
254 2908 59 28 Cape
321 2908 58 23 wine
395 2908 26 22 in
436 2908 53 23 half
499 2910 47 22 and
560 2914 90 24 quarter

55 2933 74 28 casks,
138 2937 51 25 port
198 2935 58 22 wine
265 2935 24 22 in
298 2935 69 28 pipes,
384 2934 103 24 Jamaica
496 2943 51 16 rum
555 2937 24 22 in
592 2945 57 19 pun-

55 2960 94 28 cheons,
159 2961 94 29 brandy,
263 2962 38 27 gin
311 2962 46 23 and
367 2962 79 22 arrack
455 2963 25 22 in
490 2963 73 28 hhds.,
575 2964 39 27 gin
623 2964 25 22 in

54 2987 67 22 small
130 2988 45 22 and
183 2988 62 28 large
255 2996 67 20 cases,
339 2993 58 24 port,
416 2989 78 29 sherry
509 2990 46 22 and
572 2992 77 21 cham-

53 3021 76 21 pagne
137 3016 25 21 in
170 3017 15 21 3
195 3016 49 22 doz.
256 3023 66 21 cases,
332 3016 89 23 bottled
433 3017 35 22 ale
485 3017 45 22 and
549 3021 60 19 stout
624 3019 23 22 in

53 3043 15 20 3
78 3042 72 23 dozen
160 3043 70 27 casks,
240 3043 75 23 lemon
325 3051 74 20 syrup,
416 3044 91 27 pickles,
519 3049 127 23 arrowroot,

52 3068 68 23 black
129 3077 89 21 pepper,
229 3071 85 27 ginger,
323 3074 72 19 castor
405 3071 38 27 oil,
453 3072 88 26 raisins,
557 3072 59 23 nails
625 3073 26 22 of

54 3095 31 22 all
95 3096 64 28 sizes,
169 3096 95 23 Manilla
271 3097 77 28 cigarsj
355 3098 56 23 boat
417 3098 104 28 anchors,
529 3099 118 23 bedsteads

53 3122 48 23 and
123 3128 135 24 mattrasses,
283 3125 101 27 couches,
413 3125 100 28 flushing
536 3129 109 25 trowsers,

53 3150 101 26 monkey
164 3152 94 27 jackets,
270 3152 59 25 duck
337 3152 76 23 frocks
424 3153 44 22 and
484 3156 111 24 trowsers,
610 3161 37 15 su-

52 3177 76 27 perior
137 3178 117 28 buckskin,
269 3179 117 27 moleskin,
404 3180 46 21 and
467 3180 55 22 cord
536 3183 109 26 trowsers,

52 3208 89 23 regatta
158 3205 74 28 shirts,
247 3206 96 23 woollen
365 3206 105 29 drawers,
492 3215 59 19 rugs,
570 3215 75 15 coarse

52 3231 82 28 sheets,
153 3231 96 29 shirting
272 3234 46 21 and
341 3233 104 27 sheeting
470 3234 78 28 calico,
565 3235 79 28 prints,

52 3258 244 24 mousseline-de-laine
306 3260 92 28 dresses,
415 3260 67 23 black
497 3262 84 22 beaver
595 3262 50 22 hats

53 3284 58 27 (first
128 3286 103 28 quality,)
253 3288 68 22 scarfs
339 3288 46 22 and
403 3287 88 28 shawls,
510 3288 72 22 ladies
600 3289 45 22 and

52 3312 148 28 gentlemen's
216 3314 76 27 gloves
306 3314 45 22 and
367 3315 62 27 hose,
444 3315 54 22 blue
513 3315 68 27 cloth,
596 3317 49 21 rich

52 3340 75 22 velvet
135 3348 59 20 caps,
205 3341 104 27 merinos,
320 3342 109 27 gingham
446 3342 46 22 and
507 3345 66 19 straw
588 3343 57 23 bon-

52 3369 57 25 nets,
118 3368 128 28 umbrellas,
257 3372 68 25 stays,
340 3376 57 20 spun
408 3368 42 23 silk
459 3369 183 29 handkerchiefs,

81 3394 120 24 American
211 3395 79 28 chairs,
299 3396 136 27 Negrohead
444 3397 93 22 tobacco
544 3397 26 22 in
579 3398 66 22 small

50 3419 61 29 kegs,
131 3422 58 22 Irish
207 3422 82 28 linens,
308 3423 69 28 drills,
395 3423 47 23 and
457 3423 108 23 coloured
574 3425 70 23 mole-

50 3447 70 29 skins,
129 3448 41 23 &c.
180 3449 41 23 &c.

320 3477 37 23 W.
371 3477 27 23 B.
413 3477 95 23 Rhodes
519 3478 46 22 and
576 3479 39 22 Co.

50 3518 167 51 S«TORAGE
231 3521 40 22 TO
285 3523 40 22 BE
339 3523 81 27 HAD,
436 3523 68 29 apply
513 3527 24 18 to

76 3545 10 11 *
413 3550 27 23 T.
452 3551 33 22 M.
497 3551 144 23 Partridge.

76 3573 32 23 Te
118 3575 48 21 Aro
175 3575 84 22 Beach.

48 3618 41 22 To
99 3620 47 21 the
156 3620 162 23 Mercantile
328 3623 55 21 and
398 3623 137 28 Shipping
550 3624 90 22 Inter-

172 3649 57 19 ests
241 3648 29 21 of
282 3649 66 20 Port
357 3650 163 22 Nicholson.

48 3679 158 38 HpHOMAS
223 3681 107 23 BEVAN
346 3683 47 21 and
410 3683 82 27 SONS,
504 3684 58 23 New
579 3686 60 22 Zea-

55 3704 30 25 X
108 3714 61 16 LAND
189 3714 57 16 ROPE
266 3716 44 14 AND
330 3716 75 16 TWINE
429 3717 208 23 MANUFACTURERS,

47 3734 43 27 beg
105 3737 23 19 to
137 3734 82 23 inform
230 3735 57 22 their
296 3736 84 22 friends
393 3737 45 22 and
447 3737 39 22 the
495 3739 82 28 public,
590 3740 49 23 that

46 3759 53 30 they
108 3761 59 23 have
181 3763 107 22 removed
303 3766 24 19 to
342 3763 58 22 their
417 3771 50 15 new
483 3766 107 26 premises
607 3775 29 14 on

44 3785 192 32 Lambton-quay,
251 3797 78 15 corner
344 3790 26 22 of
387 3790 159 30 Willis-street,
562 3794 74 23 where

43 3820 70 23 every
122 3816 77 22 article
209 3817 24 21 in
241 3816 37 22 the
287 3817 71 22 above
367 3817 76 23 trades
451 3825 53 21 may
514 3819 29 22 be
551 3819 46 24 had
606 3829 29 14 on

42 3839 39 25 thei
91 3843 97 22 shortest
196 3843 82 23 notice.

66 3869 98 29 Ifishing
172 3874 57 24 nets,
240 3874 63 24 mats,
315 3871 49 28 &c,
374 3870 68 24 made
451 3872 46 22 and
506 3874 110 27 repaired.

64 3902 31 24 QV.
104 3904 26 22 B.
141 3904 47 22 and
197 3905 58 22 Sons
264 3912 37 15 are
309 3905 70 28 ready
389 3908 23 20 to
422 3905 125 24 undertake
555 3911 80 25 export

38 3928 80 24 ordfers
129 3933 22 23 to
161 3938 44 21 any
216 3935 83 23 extent,
310 3939 29 16 on
350 3933 132 23 reasonable
493 3937 76 20 terms.

63 3957 248 29 lw>vember,3o,,lß4l.

2138 705 166 27 Wanganui.

1929 735 160 47 MESSRS.
2113 737 95 23 WADE
2237 739 57 23 have
2319 741 38 21 the
2380 741 90 23 honour
2497 746 29 19 tc-

2020 770 118 16 announce
2155 765 48 22 that
2220 765 52 28 they
2287 767 58 22 have
2361 769 105 22 received
2484 770 35 22 in-

1927 789 120 22 structions
2064 794 23 18 to
2101 792 83 21 submit
2194 796 23 18 to
2232 794 75 26 public
2322 796 152 26 competition,
2491 805 30 14 on

1930 815 109 28 Monday,
2051 817 38 21 the
2105 819 52 21 27th
2174 819 133 29 December,
2319 824 61 25 1841,
2392 826 23 18 at
2425 823 37 22 the
2478 824 46 22 Ex-

1927 843 86 26 change
2031 844 80 27 Room,
2122 846 32 21 Te
2171 847 55 26 Aro,
2238 850 23 18 at
2272 849 9 20 1
2300 849 85 22 o'clock
2402 851 117 25 precisely,

1927 869 54 22 Nos.
1992 871 26 19 45
2039 871 45 21 and
2100 873 26 20 39
2144 880 29 14 on
2191 873 37 22 the
2240 874 55 22 Plan
2307 876 27 21 of
2345 876 135 28 Wanganui,
2496 885 24 16 in

1926 896 43 21 lots
1980 897 26 21 of
2020 897 13 21 5
2051 905 63 15 acres
2129 899 62 23 each.
2221 901 53 22 This
2291 907 111 23 property,
2421 904 60 22 from
2493 905 28 22 its

1927 923 124 28 contiguity
2060 928 24 18 to
2099 925 37 23 the
2147 927 112 26 proposed
2270 932 66 24 town,
2349 930 78 28 (being
2443 931 77 24 within

1926 951 44 21 five
1987 951 106 23 minutes'
2103 953 58 22 walk
2178 955 26 20 of
2216 954 37 22 the
2263 955 50 27 site)
2326 957 45 22 and
2381 958 96 22 situated
2491 967 30 15 on

1926 979 38 19 the
1974 979 62 25 High
2047 979 65 22 Road
2122 983 23 19 to
2159 981 119 27 Taranaki,
2289 983 19 20 is
2319 984 49 22 well
2385 984 86 28 worthy
2482 986 40 22 the

1926 1005 109 21 attention
2047 1007 26 20 of
2079 1014 92 19 persons
2181 1008 26 21 of
2214 1008 30 21 all
2255 1009 88 28 classes,
2355 1019 25 14 as
2397 1012 49 21 well
2456 1012 69 23 those'

1924 1032 120 27 intending
2053 1036 22 18 to
2086 1034 71 22 reside
2167 1038 23 18 at
2200 1035 43 22 this
2258 1038 123 27 promising
2391 1038 129 24 settlement

1926 1065 24 15 as
1974 1058 64 23 those
2064 1060 99 29 desiring
2191 1063 117 26 profitable
2336 1065 138 24 investment
2496 1068 28 21 of

1926 1086 87 26 capital.

1952 1112 59 22 Both
2021 1113 37 22 the
2068 1113 55 23 land
2132 1115 46 22 and
2187 1115 93 29 locality
2288 1125 37 14 are
2331 1120 84 21 second
2425 1123 23 19 to
2458 1128 60 15 none

1924 1146 26 14 in
1960 1139 128 28 Wanganui
2096 1150 6 18 ;
2121 1142 38 21 the
2169 1144 140 22 auctioneers
2320 1146 54 27 only
2388 1146 39 22 ask
2437 1148 82 26 parties

1924 1169 24 18 to
1957 1166 88 28 inspect
2055 1168 38 22 the
2103 1169 56 22 Plan
2169 1174 23 17 to
2209 1170 63 23 learn
2289 1171 39 23 the
2345 1174 113 26 situation,
2474 1175 45 22 and

1924 1193 71 23 either
2005 1198 22 18 to
2035 1196 92 27 enquire
2138 1203 26 14 or
2173 1198 104 21 examine
2288 1198 37 23 the
2335 1199 61 27 land,
2408 1202 43 21 and
2461 1202 53 27 they

1924 1228 38 14 are
1971 1223 125 25 persuaded
2107 1223 36 22 the
2154 1224 81 22 results
2245 1225 44 22 will
2300 1226 28 22 be
2337 1228 149 27 satisfactory.

2190 1258 64 28 Also,

2034 1289 88 23 LAND
2137 1290 36 22 IN
2188 1291 221 26 WELLINGTON.

1924 1315 47 22 The
1981 1317 139 22 auctioneers
2129 1318 45 21 will
2190 1320 84 21 submit
2289 1320 70 23 Town
2377 1322 67 27 Acre,
2456 1322 60 22 Wel-

1924 1343 94 27 lington,
2031 1344 44 21 No.
2086 1346 40 21 GSS
2142 1353 30 14 on
2190 1346 38 22 the
2245 1347 63 27 Plan,
2317 1348 138 28 judiciously
2471 1350 46 22 laid

2183 1376 40 19 out
2236 1374 24 21 in

2051 1405 62 21 TEN
2127 1406 159 24 BUILDING
2301 1407 84 24 LOTS.

1922 1431 54 22 This
1990 1431 54 23 land
2055 1433 20 20 is
2089 1433 97 22 situated
2202 1438 24 18 at
2242 1435 38 21 the
2296 1440 100 18 extreme
2413 1437 66 22 north
2494 1439 30 21 of

1923 1459 144 27 Wellington,
2079 1466 29 15 on
2125 1460 38 22 the
2180 1461 55 28 only
2244 1463 61 21 main
2315 1464 57 21 road
2388 1464 27 21 of
2424 1465 92 27 import-

1922 1493 56 14 ance
1993 1490 38 23 yet
2043 1486 70 27 going
2129 1490 39 19 out
2185 1489 27 20 of
2227 1489 144 28 Wellington,
2384 1491 44 22 and
2444 1492 19 21 is
2478 1492 38 22 de-

1922 1513 88 27 cidedly
2029 1521 43 13 one
2092 1515 26 21 of
2134 1515 39 21 the
2191 1515 50 22 best
2259 1517 112 22 sheltered
2389 1519 46 21 and
2455 1524 59 17 most

1921 1540 109 22 beautiful
2039 1544 51 24 spot
2098 1541 23 22 in
2131 1541 31 22 all
2171 1542 38 22 the
2221 1543 49 28 City
2280 1544 25 21 of
2311 1544 147 28 Wellington.

2185 1576 64 28 Also,

1976 1607 235 24 LEASEHOLD
2241 1611 217 29 PROPERTY;

1921 1634 38 22 the
1969 1634 60 23 lease
2047 1636 45 22 and
2107 1636 113 28 buildings
2231 1638 25 21 of
2270 1639 49 22 half
2326 1647 29 14 an
2367 1647 50 15 acre
2428 1642 25 20 of
2459 1641 54 22 land

1921 1662 116 27 adjoining
2047 1663 38 21 the
2096 1664 70 21 above
2176 1664 70 23 Town
2255 1666 59 21 Acre
2326 1666 54 27 (No.
2391 1668 58 26 658),
2460 1668 58 22 with-

1921 1696 13 14 a
1945 1689 153 22 considerable
2115 1691 103 27 frontage
2234 1692 54 22 both
2305 1696 23 19 to
2343 1694 38 22 the
2396 1694 123 23 Tinakori-

1921 1717 53 21 road
1985 1717 45 21 and
2041 1717 47 22 also
2105 1720 22 19 to
2137 1718 38 22 the
2192 1720 78 26 beach,
2287 1720 54 22 with
2357 1729 14 14 a
2385 1721 61 28 large
2462 1723 55 22 sub-

1920 1744 91 21 stantial
2028 1744 49 27 clay
2094 1745 70 22 house
2181 1747 89 22 erected
2286 1755 29 14 on
2331 1748 25 27 it,
2375 1749 45 22 and
2435 1757 14 14 a
2464 1750 56 21 well-

1920 1770 81 22 fenced
2016 1772 85 26 garden
2119 1772 93 23 stocked
2227 1774 53 21 with
2296 1776 136 26 vegetables.
2461 1777 51 21 One

1920 1798 65 21 small
1999 1799 62 26 piece
2080 1799 26 21 of
2119 1799 43 22 this
2176 1800 19 21 is
2209 1801 85 22 sub-let
2313 1802 36 21 for
2363 1802 62 23 three
2439 1811 72 20 years,

1920 1825 72 22 which
2007 1825 75 22 leaves
2097 1826 38 22 the
2153 1830 80 19 tenant
2248 1828 26 22 of
2286 1828 38 23 the
2341 1829 51 22 half
2402 1838 51 14 acre
2468 1835 24 17 at
2500 1838 14 14 a

1919 1852 73 21 rental
2009 1852 26 21 of
2047 1853 53 28 only
2115 1854 35 21 £4
2166 1862 40 20 per
2221 1863 61 19 year.
2311 1856 45 26 Fpr
2368 1857 87 22 further
2464 1865 50 22 par-

1919 1879 97 27 ticulars,
2028 1880 67 28 apply
2105 1884 22 18 to
2137 1880 45 24 Mr.
2194 1882 106 28 Heaphy,
2311 1891 29 14 on
2350 1884 38 22 the
2399 1892 120 20 premises,-

2182 1916 64 28 Also,

1919 1948 22 21 A
1952 1948 97 22 LEASE
2063 1949 41 22 OF
2118 1949 89 23 LAND
2221 1952 69 20 AND
2305 1952 158 24 BUILDING
2476 1948 36 28 IN

2091 1976 111 23 WILLIS
2217 1978 124 23 STREET.

1919 2002 47 21 The
1976 2003 99 22 erection
2084 2004 19 21 is
2113 2011 13 14 a
2136 2004 134 24 substantial
2280 2006 183 28 wooden-house,
2474 2007 38 23 the

1918 2032 51 17 rent
1985 2037 54 19 very
2055 2030 122 22 moderate.
2207 2032 45 21 For
2268 2033 88 21 further

1919 2055 66 28 apply
1995 2060 23 17 to
2028 2057 44 22 Mr.
2083 2057 94 27 Branks-,
2189 2065 29 15 on
2228 2058 39 22 the
2277 2060 114 26 premises.

1946 2090 78 22 Terms
2033 2091 85 28 liberal,
2126 2092 24 21 in
2161 2092 74 23 future
2245 2094 182 23 advertisement.

2073 2138 134 21 Premises
2219 2140 29 19 at
2257 2140 98 27 Otago.

1920 2169 129 35 rpHOSE
2077 2171 153 23 PREMISES
2254 2172 69 28 lately
2348 2174 108 28 occupied
2479 2175 29 28 by

1926 2194 30 24 X
1981 2197 91 22 Messrs.
2084 2198 27 21 G.
2122 2199 45 21 and
2185 2199 25 21 E.
2222 2199 90 27 Weller,
2325 2204 23 18 at
2366 2202 78 27 Otago,
2457 2209 53 16 con-

1919 2224 78 27 sisting
2007 2225 26 21 of
2044 2232 13 14 a
2073 2225 105 28 dwelling
2194 2226 78 28 house,
2284 2231 43 18 two
2345 2232 58 18 store
2420 2230 88 27 houses,

1917 2258 14 14 a
1941 2251 59 27 large
2011 2254 136 25 carpenter's
2156 2253 135 29 work-shop,
2300 2255 45 22 and
2354 2256 82 27 capital
2441 2264 70 20 range

1917 2279 24 20 of
1955 2279 137 27 out-houses,
2103 2280 55 21 with
2173 2280 62 27 large
2249 2282 87 26 garden
2352 2283 49 22 well
2416 2284 93 22 stocked

1917 2305 54 22 with
1980 2306 54 21 fruit
2044 2310 57 18 trees
2111 2307 23 22 in
2145 2307 101 27 bearing.

1945 2333 62 27 Also,
2019 2341 13 14 a
2042 2333 62 28 large
2113 2334 155 23 blacksmith's
2278 2336 63 28 shop.

1945 2360 61 27 Also,
2027 2368 13 14 a
2058 2361 57 27 yard
2132 2362 35 21 for
2185 2362 170 29 ship-building,
2375 2364 53 22 with
2447 2366 62 26 large

1916 2387 135 27 work-shed,
2077 2389 93 27 saw-pit,
2192 2389 84 29 blocks,
2296 2391 125 28 launching
2442 2400 59 20 ways
2502 2409 13 11 r

1917 2418 70 17 steam
2002 2415 52 27 box,
2066 2416 40 21 &c.
2135 2416 73 22 There
2223 2417 19 21 is
2258 2425 14 14 a
2288 2418 62 27 large
2368 2420 102 27 quantity
2487 2421 25 21 of

1915 2442 110 21 seasoned
2035 2442 80 23 timber
2124 2443 78 27 laying
2212 2444 23 21 in
2246 2444 45 22 and
2301 2453 55 13 near
2366 2445 37 22 the
2414 2447 62 26 yard.

1943 2468 47 22 The
2000 2470 71 21 above
2081 2470 18 21 is
2110 2478 12 13 a
2133 2470 81 27 capital
2230 2473 144 27 opportunity
2384 2473 34 22 for
2428 2475 81 26 parties

1915 2496 95 27 wishing
2019 2500 23 19 to
2053 2497 106 22 establish
2176 2498 134 23 themselves
2327 2507 30 14 on
2373 2500 38 22 the
2421 2501 87 22 Middle

1916 2522 83 23 Island.

1943 2550 44 21 For
2003 2550 86 23 further
2105 2552 139 28 particulars,
2262 2553 137 28 application
2415 2562 52 21 may
2481 2555 28 23 be

1915 2577 66 22 made
1992 2581 22 18 to

2204 2606 50 22 Mr.
2267 2607 23 23 C.
2305 2607 34 23 W.
2350 2609 129 23 Schultze.

1915 2650 108 48 MRS.
2039 2651 34 21 M.
2089 2651 153 28 GREAVES,
2254 2660 115 15 milliner
2379 2662 46 14 and
2436 2663 70 14 dress

1992 2685 88 20 maker,
2096 2678 160 29 Willis-street,
2267 2680 33 21 Te
2318 2681 55 27 Aro,
2385 2686 56 17 next
2454 2682 56 23 door

1915 2707 23 18 to
1949 2705 41 21 Dr.
2002 2705 96 22 Butler's
2104 2713 5 19 ;
2126 2705 54 27 begs
2190 2707 144 27 respectfully
2345 2711 23 18 to
2377 2708 83 23 inform
2470 2709 40 22 the

1912 2731 140 23 inhabitants
2069 2733 26 21 of
2112 2733 146 28 Wellington,
2278 2734 48 22 that
2343 2735 40 22 she
2400 2736 41 22 has
2456 2744 52 15 now

1913 2759 146 22 commenced
2080 2759 102 22 business
2205 2761 23 21 in
2245 2761 38 22 the
2300 2762 71 22 above
2390 2763 117 23 branches.

1913 2785 54 22 Mrs.
1987 2787 27 20 G.
2025 2786 47 21 will
2087 2787 44 21 feel
2147 2787 89 27 obliged
2252 2792 22 18 to
2291 2788 64 23 those
2370 2789 71 24 ladies
2458 2791 50 22 who

1912 2820 52 21 may
1974 2813 80 22 favour
2064 2813 41 22 her
2115 2814 52 21 with
2178 2814 41 23 her
2234 2816 138 28 commands,
2383 2817 46 22 and
2439 2817 69 29 hopes

1912 2840 31 27 by
1962 2841 142 27 punctuality
2122 2841 25 22 in
2166 2842 109 28 business,
2296 2844 47 21 and
2366 2851 29 14 an
2420 2850 89 17 earnest

1912 2867 71 22 desire
2004 2871 22 18 to
2050 2867 81 28 please,
2153 2872 23 18 to
2195 2870 68 21 merit
2286 2877 14 14 a
2318 2870 65 23 share
2403 2872 27 21 of
2449 2872 58 22 their

1910 2894 71 23 favor.

1912 2940 73 48 ON
2002 2940 86 27 SALE,
2100 2943 24 19 at
2132 2940 39 22 the
2182 2940 72 22 Office
2266 2941 25 21 of
2300 2941 44 23 this
2355 2943 115 27 Paper:—

1994 2966 91 22 Double
2103 2968 113 27 elephant,
2231 2969 152 28 antiquarian,
2394 2970 111 29 imperial,

1911 2994 46 21 and
1966 2994 65 27 royal
2042 2994 101 27 drawing
2154 3002 76 20 paper,

1938 3020 71 22 Black
2029 3021 57 27 edge
2103 3021 46 22 and
2165 3022 112 22 bordered
2294 3023 69 23 letter
2386 3025 46 22 and
2450 3028 54 20 note

1910 3055 77 20 paper,

1938 3074 72 22 Black
2020 3075 52 21 lead
2081 3075 88 28 pencils
2181 3075 66 29 (very
2254 3077 119 28 superior),

1938 3102 142 27 Carpenters'
2091 3102 63 27 ditto,

1939 3129 90 26 Oblong
2039 3129 90 27 clasped
2138 3130 175 23 memorandum
2325 3131 79 28 books,

1938 3155 89 23 French
2037 3157 88 26 tracing
2133 3164 71 20 paper
2215 3157 76 26 (black
2300 3159 46 21 and
2357 3160 85 27 white),

1939 3183 88 22 Ladies'
2038 3183 46 21 and
2093 3184 151 26 gentlemen's
2254 3185 53 22 card
2322 3193 70 20 cases,

1937 3209 65 23 Ditto
2068 3211 36 21 do.
2161 3211 74 21 tinted
2245 3212 45 22 and
2300 3213 120 22 embossed
2430 3215 72 27 cards,

1937 3237 68 22 Sheet
2014 3237 131 22 almanacks
2152 3237 35 22 for
2192 3239 62 27 1841,

1938 3264 94 22 Invoice
2042 3265 78 26 books,
2131 3264 54 22 with
2194 3265 102 28 indexes,
2308 3267 92 22 various
2410 3268 64 28 sizes,

1938 3291 57 22 Casli
2006 3291 79 27 books,
2096 3291 65 22 ruled
2169 3292 91 28 double,
2272 3294 90 21 various
2372 3295 65 27 sizes,

1938 3318 127 28 Envelopes
2079 3319 69 26 (note,
2160 3318 75 29 letter,
2247 3320 46 22 and
2303 3321 85 22 official
2398 3322 76 28 sizes),

1938 3345 71 27 Large
2021 3350 85 23 pewter
2114 3346 127 27 inkstands,
2252 3347 54 22 with
2307 3346 3 8 1
2315 3348 80 28 plates,

1939 3372 80 27 Ebony
2030 3372 125 28 inkstands,
2167 3373 55 22 with
2233 3374 104 28 drawers,

1936 3399 74 23 Broad
2020 3399 45 22 and
2076 3407 88 15 narrow
2172 3407 72 20 green
2254 3401 44 22 silk
2308 3402 89 28 ribbon,

1936 3426 64 22 Ditto
2057 3427 56 21 ditto
2168 3427 42 22 red
2220 3431 60 25 tape,

1936 3454 65 22 Brief
2007 3453 46 23 and
2063 3453 58 23 deed
2130 3461 77 21 paper,

1936 3481 75 22 Ruled
2020 3488 69 21 paper
2098 3481 35 21 for
2142 3481 42 22 bill
2194 3481 78 29 heads,

1935 3508 107 21 Nautical
2053 3507 130 23 almanacks
2194 3509 34 22 for
2239 3511 61 26 1842,

1935 3535 74 27 Royal
2023 3535 69 27 hand,
2109 3535 82 22 double
2206 3536 62 23 hand
2282 3538 86 27 brown,
2383 3538 45 23 and
2437 3538 64 28 royal

1906 3561 62 22 hand
1979 3563 75 21 brown
2063 3563 118 27 wrapping
2188 3570 79 22 paper,

1934 3589 98 27 Ledgers
2042 3589 46 21 and
2095 3594 97 17 account
2199 3591 78 27 books,
2288 3592 90 21 various
2388 3592 63 28 sizes,

1934 3616 85 22 Pocket
2027 3616 88 27 ledgers
2124 3616 46 22 and
2180 3618 173 22 memorandum
2366 3619 77 27 books,

1932 3643 109 27 Foolscap
2052 3643 45 22 and
2106 3644 89 27 writing
2204 3653 77 19 paper,
2289 3646 89 21 various
2384 3647 115 27 qualitiey.

1933 3670 121 28 Engraved
2063 3677 58 21 copy
2130 3670 54 28 slips
2194 3674 47 19 and
2249 3672 78 27 books,

1931 3697 55 22 Best
1995 3697 81 22 Welch
2086 3698 73 27 slates,
2170 3698 64 28 large
2244 3699 45 22 and
2299 3699 73 27 small,

1932 3725 96 27 Sponge,
2040 3724 80 23 wafers
2127 3726 25 21 in
2162 3726 12 20 2
2186 3733 35 14 oz.
2235 3726 77 27 boxes,
2329 3726 68 22 India
2408 3728 90 27 rubber,

1905 3751 82 22 Albata
1997 3751 152 29 pen-holders,
2161 3759 55 21 very
2226 3754 102 27 superior
2339 3754 87 28 sealing
2441 3762 56 20 wax,

1903 3778 97 28 blotting
2010 3786 76 20 paper,
2096 3780 40 22 &c.
2147 3780 43 22 &c.

2046 3813 139 15 WHOLESALE
2205 3814 41 14 IND
2261 3814 93 15 RETAIL.

1997 3851 159 26 Stationery
2173 3851 61 27 just
2248 3853 154 26 unpacked.

1904 3884 72 49 ON
1991 3884 86 26 SALE,
2093 3888 23 18 at
2126 3884 38 22 the
2176 3885 87 21 Gazette
2279 3885 79 28 Office,
2376 3894 29 15 an
2417 3884 81 32 extend

1981 3912 47 21 sive
2037 3912 47 21 and
2093 3911 76 22 varied
2180 3916 135 19 assortment
2331 3914 28 21 of
2375 3910 120 32 stationery,

1903 3938 26 22 of
1940 3946 67 20 every
2018 3938 143 28 description.
2385 3942 3 7 '
2411 3956 4 3 .
2430 3940 28 22 ',"

1929 3966 129 21 November
2073 3967 32 25 20',
2119 3967 61 21 1841.
2370 3963 11 13 ''
2394 3964 3 9 '
2410 3964 28 25 ',".
2467 3964 5 5 '
2486 3965 5 10 '

1317 694 36 47 J
1385 695 120 23 HARRIS
1525 697 68 21 AND
1613 698 53 27 CO.,
1687 698 109 26 Builders,
1809 699 44 26 beg
1875 702 23 19 to

1356 732 11 10 •
1397 723 73 27 notify
1479 727 23 18 to
1512 723 38 23 the
1560 724 110 22 Colonists
1680 726 26 21 of
1713 725 54 22 Port
1773 725 123 28 Nicholson,

1317 747 47 22 that
1372 748 55 28 they
1437 757 37 14 are
1482 750 70 28 ready
1558 754 23 18 to
1591 751 125 23 undertake
1726 752 37 22 the
1774 753 90 21 erection
1875 754 26 21 of

1317 781 43 21 any
1370 775 136 29 description
1522 778 26 21 of
1558 778 114 27 Building.
1700 779 63 27 They
1774 786 31 14 are
1820 783 77 19 exten-

1317 801 68 28 sively
1402 804 101 26 engaged
1518 805 24 21 in
1559 805 38 21 the
1613 806 156 22 manufacture
1786 807 20 21 of
1815 807 80 26 bricks,

1316 828 54 28 tiles,
1382 830 49 27 &c,
1442 831 45 21 and
1496 831 53 28 they
1559 835 64 24 trust,
1634 833 30 26 by
1674 833 121 27 executing
1802 833 25 22 all
1837 834 60 21 work

1315 862 22 14 in
1348 862 12 15 a
1371 857 172 23 tradesmanlike
1559 866 102 21 manner,
1673 863 23 18 to
1713 861 86 21 receive
1809 868 15 14 a
1832 860 64 22 share

1316 882 25 21 of
1352 882 36 23 the
1400 887 92 24 support
1502 885 26 21 of
1538 885 38 22 the
1587 885 119 23 Colonists.

1341 916 188 30 Lambton-quay,
1542 920 130 26 September
1680 922 35 25 30,
1726 922 61 20 1841.

1536 964 31 22 H.
1583 965 96 28 READ,

1451 998 117 21 Tinman
1579 1000 56 21 and
1644 1000 119 26 Brazier,

1390 1030 62 22 Near
1461 1031 38 22 the
1511 1032 155 28 Court-house,
1678 1033 140 28 Wellington.

1501 1087 33 20 A.
1550 1087 80 26 Hort,
1645 1087 69 28 jun.,

1386 1119 281 25 CUSTOM-HOUSE
1695 1122 124 23 AGENT.

1339 1146 89 28 August
1437 1148 34 26 27,
1485 1149 61 21 1841.

1504 1193 25 21 J.
1546 1195 37 19 M.
1599 1195 111 25 Taylor,

1385 1226 284 24 CUSTOM-HOUSE
1697 1229 124 22 AGENT.

1312 1258 113 29 Courtney
1434 1261 73 26 Place,
1519 1261 32 22 Te
1560 1262 56 21 Aro.

1313 1304 136 25 T>UBLIC
1463 1306 153 23 NOTlCE.—
1616 1307 80 22 Notice
1704 1308 18 21 is
1733 1308 76 28 hereby
1817 1309 74 28 given,

1312 1329 28 23 X
1364 1331 50 22 that
1418 1332 83 28 freight
1510 1337 41 18 not
1559 1334 85 28 having
1649 1335 58 21 been
1718 1335 53 27 paid
1780 1336 21 21 in
1807 1340 86 23 respect

1312 1357 26 22 of
1356 1358 38 22 the
1414 1360 67 21 cattle
1497 1360 83 23 landed
1599 1362 59 21 from
1676 1362 38 21 the
1729 1364 92 24 Eleanor,
1838 1363 55 21 such

1312 1384 64 24 cattle
1386 1393 39 14 are
1435 1387 87 27 subject
1531 1391 22 18 to
1565 1395 13 15 a
1592 1388 47 22 lien
1656 1388 35 22 for
1706 1388 84 29 freight
1799 1390 38 22 and
1854 1398 39 14 ex-

1310 1419 80 19 pences
1397 1421 6 19 ;
1418 1414 46 21 and
1473 1421 46 21 any
1527 1422 82 20 person
1620 1423 25 14 or
1660 1423 93 19 persons
1767 1417 79 27 buying
1855 1417 36 22 the

1312 1445 59 16 same
1387 1447 25 14 or
1422 1447 45 23 any
1480 1445 51 22 part
1546 1442 25 21 of
1581 1442 70 27 them,
1661 1443 59 21 from
1737 1450 44 21 any
1795 1448 59 23 jarty
1868 1451 25 15 or

1310 1466 80 26 parties
1400 1470 42 19 not
1451 1464 52 31 duly
1515 1468 131 23 authorized
1654 1470 30 26 by
1694 1477 37 14 me
1746 1474 23 18 to
1780 1471 80 27 dispose
1870 1472 24 20 of
1900 1467 2 35 j

1310 1492 36 23 the
1356 1500 69 20 same,
1435 1495 45 22 will
1487 1496 45 26 buy
1538 1496 61 22 them
1606 1496 87 27 s,ubject
1701 1499 23 19 to
1731 1497 55 23 such
1792 1497 46 28 lien,
1847 1499 44 21 and

1312 1519 42 23 will
1363 1520 28 22 be
1401 1520 53 23 held
1463 1523 137 27 responsible
1610 1524 151 27 accordingly.

1336 1546 47 23 The
1394 1548 67 23 cattle
1470 1550 83 21 consist
1562 1551 26 21 of
1595 1552 28 20 36
1634 1558 64 20 cows,
1708 1553 14 19 3
1733 1552 64 27 bulls,
1802 1551 89 23 marked

1311 1574 48 22 GM
1381 1582 30 15 on
1430 1576 45 27 hip,
1496 1577 45 22 and
1560 1577 19 22 O
1600 1584 31 16 on
1653 1578 52 27 ribs,
1731 1579 45 22 and
1798 1579 62 22 about
1878 1581 13 21 6

1310 1601 74 23 calves
1393 1609 30 15 no
1433 1602 82 24 marks.

1554 1631 112 23 William
1681 1632 153 28 Holderness,

1459 1658 151 22 Commander
1620 1659 26 21 of
1656 1659 39 22 the
1705 1660 83 27 barque
1797 1661 92 21 Eleanor.

1362 1704 41 20 To
1415 1704 85 21 Stand
1515 1706 28 19 to
1557 1704 87 21 Cover
1659 1706 54 20 this
1731 1707 104 26 Season,

1471 1732 31 20 At
1512 1732 141 26 Berhampore
1661 1734 72 26 Farm,

1308 1757 57 23 That
1374 1757 52 24 well
1435 1758 82 23 known
1527 1758 66 23 horse
1602 1760 89 28 Figaro,
1708 1761 37 22 the
1759 1765 99 25 property
1868 1763 25 22 of

1490 1786 77 23 James
1578 1786 68 27 Watt,
1658 1787 52 28 Esq.

1309 1811 146 49 FIGARO
1465 1820 45 15 was
1519 1813 75 22 foaled
1602 1814 25 21 in
1638 1814 125 23 December
1781 1816 53 27 1837,
1852 1820 39 24 got

1379 1839 32 27 by
1421 1840 115 27 Operator,
1548 1840 52 23 dam
1610 1841 117 28 Adelaide,
1740 1842 29 27 by
1776 1842 113 24 Theorum.

1334 1866 110 28 Operator
1452 1874 44 15 was
1505 1867 74 22 foaled
1590 1868 24 21 in
1625 1870 60 26 1832,
1696 1873 39 23 got
1748 1870 30 26 by
1794 1870 94 28 Emilius,

1307 1892 184 23 dam>Worthless
1499 1894 30 28 by
1539 1895 99 28 Walton,
1650 1899 39 19 out
1698 1896 26 21 of
1738 1896 113 24 Altisidora
1860 1898 29 27 by

1306 1919 58 22 Dick
1373 1920 118 23 Andrews.

1332 1946 73 29 Every
1416 1948 110 22 attention
1535 1948 45 23 will
1590 1949 28 22 be
1628 1950 52 27 paid
1689 1953 24 19 to
1727 1957 72 15 mares
1806 1954 52 19 sent
1866 1955 22 19 to

1305 1972 52 26 hirft.

1317 2001 113 29 ./.'forges
1448 2001 35 22 for
1501 2002 55 21 each
1574 2010 68 20 mare,
1663 2003 53 22 with
1734 2011 15 15 a
1766 2008 122 23 guarantee.

1305 2030 66 18 s«W.a
1380 2028 106 26 guineas;
1503 2029 92 22 without
1603 2034 130 24 guarantee,
1744 2031 44 21 five
1794 2032 86 26 guineas

1305 2053 126 27 Groomage
1440 2051 112 26 included.
1885 2051 4 10 '

1497 2097 58 25 £20
1571 2101 126 21 Reward.

1306 2132 90 23 nnHE
1405 2133 151 28 undersigned
1566 2134 44 23 will
1620 2135 50 27 give
1681 2136 38 22 the
1731 2136 69 23 above
1805 2138 83 22 reward

1312 2157 29 24 X
1378 2164 24 17 to
1412 2167 44 21 any
1468 2169 82 19 person
1566 2169 25 14 or
1606 2170 93 20 persons
1715 2164 51 21 who
1783 2164 39 22 will
1837 2166 50 26 give

1305 2186 53 22 such
1367 2186 146 23 information
1524 2196 23 14 as
1557 2189 45 22 will
1612 2190 51 21 lead
1676 2193 23 18 to
1714 2190 38 22 the
1767 2192 120 22 conviction

1305 2214 26 21 of
1341 2221 44 21 any
1395 2222 80 20 person
1487 2223 25 14 or
1520 2223 93 20 persons
1623 2217 134 28 feloniously
1765 2218 71 29 taking
1843 2220 43 22 and

1304 2240 79 28 killing
1393 2249 45 20 any
1447 2242 39 28 pig
1495 2250 25 15 or
1529 2244 49 26 pigs
1588 2244 102 21 branded
1701 2244 21 22 G
1733 2245 28 21 D.

1668 2272 96 21 George
1776 2272 83 23 Duppa.

1515 2315 164 22 Education.

1305 2340 107 50 MRS.
1432 2341 45 22 and
1496 2342 71 22 MISS
1592 2343 191 23 WAKEFIELD
1803 2346 83 23 receive

1393 2369 75 27 pupils
1477 2376 29 14 on
1517 2369 38 22 the
1564 2369 116 29 following
1689 2374 68 19 terms
1763 2380 4 13 :
1769 2383 29 5 —

1331 2395 42 22 For
1390 2395 78 28 board,
1488 2396 54 22 with
1559 2397 102 27 washing
1675 2398 52 24 and,
1736 2399 35 21 in-

1356 2423 109 21 struction
1470 2423 23 21 in
1497 2424 93 26 general
1596 2424 94 28 English
1695 2425 76 22 litera-

1355 2453 57 24 ture,
1429 2450 95 27 writing,
1538 2451 46 22 and
1596 2452 118 28 aritmetic,
1731 2460 40 20 per

1355 2479 92 25 quarter
1770 2482 13 21 8
1805 2483 12 20 8
1844 2484 15 19 0

1329 2503 78 23 Under
1415 2505 14 21 7
1438 2512 64 19 years
1513 2505 25 22 of
1550 2513 41 20 age
1770 2508 13 22 7
1805 2509 12 22 7
1844 2512 14 19 0

1329 2531 50 28 Day
1388 2531 106 22 boarders
1769 2536 14 20 4
1804 2538 14 19 4
1844 2538 14 20 o

1329 2557 50 28 Day
1388 2559 74 27 pupils
1769 2564 14 19 2
1805 2564 12 20 2
1844 2566 14 19 0

1327 2585 82 22 Junior
1419 2585 55 22 ditto
1770 2591 10 20 1
1797 2591 17 20 H
1844 2592 13 20 6

1301 2611 94 29 French,
1411 2613 90 28 Italian,
1516 2613 45 23 and
1575 2614 116 28 Drawing,
1701 2615 33 22 £1
1750 2617 43 22 11s.
1802 2616 31 23 6d.
1844 2625 40 20 per

1545 2645 97 23 quarter.

1327 2667 89 22 Private
1426 2667 85 22 lessons
1520 2668 24 21 in
1555 2669 78 27 music,
1646 2676 24 14 or
1680 2677 45 19 any
1736 2669 26 22 of
1772 2670 32 22 the
1813 2671 70 23 above

1299 2693 109 22 branches
1419 2694 26 21 of
1456 2694 125 28 education,
1598 2703 43 14 one
1655 2696 77 22 hour's
1747 2697 133 29 instruction,

1299 2721 49 21 four
1356 2721 88 22 lessons
1461 2722 35 21 for
1506 2729 43 15 one
1558 2722 90 28 guinea.

1325 2748 136 22 References
1470 2752 22 18 to
1503 2748 37 23 the
1550 2749 115 28 following
1670 2750 129 28 gentlemen
1805 2751 77 29 kindly

1298 2775 121 27 permitted
1426 2783 6 14 :
1433 2787 29 3 —

1327 2802 61 28 Capt.
1399 2802 36 23 W.
1447 2802 33 23 M.
1491 2803 79 27 Smith,
1581 2804 69 28 R.A.,
1659 2804 222 28 Surveyor-General,

1326 2830 25 21 T.
1365 2830 31 22 IVL
1409 2830 121 28 Partridge,
1543 2830 52 28 Esq.

1326 2857 22 22 S.
1358 2857 98 27 Revans,
1468 2857 52 27 Esq.

1466 2903 66 21 Port
1547 2903 31 21 of
1595 2904 125 22 London.

1349 2936 90 23 Notice
1458 2944 28 15 to
1506 2945 46 14 the
1574 2937 93 23 Public.
1668 2950 29 4 —
1698 2939 118 23 Travellers
1836 2941 44 22 and

1298 2962 72 23 others
1379 2964 51 22 who
1441 2964 55 22 send
1505 2964 107 28 baggage,
1624 2966 72 21 works
1706 2967 27 21 of
1743 2971 40 23 art,
1792 2975 17 13 or
1818 2968 62 22 other

1298 2990 62 22 value
1370 2995 107 24 property
1486 2994 22 19 to
1519 2992 113 27 England,
1649 2992 82 23 should
1745 2994 86 27 consign
1842 2995 38 22 the

1297 3018 108 27 packages
1416 3021 23 19 to
1450 3018 37 22 the
1498 3026 50 15 care
1555 3019 25 21 of
1587 3026 13 15 a
1607 3019 101 22 licensed
1715 3021 165 23 Custom-house

1298 3049 71 23 agent,
1386 3053 25 14 as
1428 3046 88 21 articles
1530 3053 38 14 are
1583 3046 130 28 frequently
1726 3048 90 27 injured,
1834 3049 46 22 and

1297 3072 100 22 needless
1407 3079 98 21 expense
1520 3073 112 28 incurred,
1649 3074 35 21 for
1699 3074 38 22 the
1752 3079 55 18 want
1823 3077 26 21 of
1867 3084 13 14 a

1297 3106 78 20 proper
1384 3107 82 20 person
1477 3103 22 18 to
1510 3100 51 21 take
1572 3100 81 28 charge
1664 3101 25 21 of
1705 3101 62 22 them
1783 3110 23 14 on
1823 3103 57 22 their

1298 3126 84 27 arrival,
1393 3126 46 22 and
1449 3134 36 14 see
1500 3127 62 21 them
1579 3128 100 27 entered,
1698 3129 118 28 examined,
1835 3130 44 22 and

1297 3154 107 27 carefully
1417 3154 118 28 repacked.
1570 3154 49 22 The
1639 3154 81 28 charge
1736 3156 19 22 is
1771 3156 33 22 the
1819 3164 60 15 same

1296 3180 98 22 whether
1404 3188 24 14 so
1439 3181 121 27 consigned
1571 3188 25 14 or

1527 3208 119 27 Chamber,
1658 3208 102 29 London,

1297 3261 138 49 DEVOY
1445 3262 46 22 and
1500 3262 54 27 CO.,
1569 3263 45 20 who
1629 3270 37 13 are
1682 3264 36 20 the
1733 3265 146 21 LICENSED

1375 3290 126 20 AGENTS
1510 3290 26 25 of
1545 3291 48 19 Her
1599 3291 99 26 Majesty'
1701 3298 11 14 s
1720 3293 159 21 Commissioners

1296 3315 26 25 of
1334 3317 99 25 Customs,
1444 3317 42 21 and
1498 3317 67 21 under
1574 3319 65 25 heavy
1647 3319 64 20 bonds
1718 3320 42 25 for
1770 3322 32 18 the
1808 3322 69 25 safety

1296 3343 26 25 of
1327 3346 103 24 property
1447 3345 109 26 consigned
1571 3348 21 18 to
1607 3347 64 24 them,
1691 3347 45 27 beg
1754 3347 56 22 those
1827 3349 50 21 who

1296 3371 54 21 send
1358 3371 112 28 packages
1479 3375 23 19 to
1512 3372 59 22 their
1580 3380 58 20 care,
1654 3377 22 18 to
1687 3381 37 14 see
1734 3374 49 22 that
1792 3375 49 21 each
1850 3376 27 21 be

1295 3396 112 29 distinctly
1426 3399 94 21 marked
1668 3401 45 21 and
1733 3401 47 28 Co.,
1800 3401 77 23 Lower

1295 3423 199 30 Thames-street,
1636 3427 87 22 andthe
1730 3428 39 22 bill
1776 3429 24 20 of
1804 3429 74 28 lading

1295 3458 25 14 or
1332 3453 86 27 receipt
1431 3452 124 23 forwarded
1573 3457 24 19 to
1615 3454 62 22 them
1696 3455 70 22 direct
1781 3456 25 31 by
1820 3460 55 24 post,

1295 3478 51 22 with
1354 3479 145 23 instructions
1508 3480 50 22 how
1569 3481 56 22 such
1635 3481 69 28 goods
1714 3489 37 15 are
1762 3486 23 18 to
1797 3483 21 22 lie
1833 3483 44 22 dis-

1294 3506 67 26 posed
1370 3507 27 21 of
1408 3514 30 14 on
1447 3507 79 21 arrival
1535 3516 6 19 ;
1557 3508 45 21 and
1609 3516 26 13 as
1642 3516 68 20 every
1716 3509 93 27 package
1818 3514 59 18 must

1302 3540 20 14 >c
1338 3533 87 28 opened
1445 3536 23 19 at
1486 3533 38 23 the
1541 3534 181 29 Custom-house,
1741 3536 21 21 if
1781 3544 39 20 any
1839 3545 36 15 are

1293 3559 85 28 locked,
1390 3560 38 22 the
1439 3560 54 28 keys
1503 3561 80 22 should
1592 3562 29 21 be
1630 3563 132 22 forwarded.

1320 3587 76 23 Goods
1405 3587 46 22 and
1459 3588 110 27 packages
1579 3596 38 15 are
1627 3589 125 23 forwarded
1760 3590 32 27 by
1800 3590 75 28 Devoy

1293 3614 44 22 and
1346 3615 38 21 Co.
1395 3618 23 18 to
1429 3615 30 21 all
1472 3618 60 24 parts
1546 3616 26 21 of
1584 3616 39 21 the
1640 3616 129 28 Continent,
1781 3617 29 22 the
1822 3618 53 22 East

1292 3641 44 21 and
1346 3641 63 22 West
1416 3641 83 27 Indies,
1509 3642 110 28 Colonies,
1632 3644 39 21 &c.
1683 3644 41 21 &c.
1733 3652 5 19 ;
1751 3644 50 26 and,
1807 3645 20 22 if
1840 3652 34 15 re-

1292 3667 82 28 quired,
1386 3671 53 19 sent
1452 3672 23 18 to
1484 3665 38 25 the
1534 3676 51 15 care
1600 3670 28 21 of
1638 3671 138 27 responsible
1792 3670 81 30 Louses,

1291 3694 49 22 who
1353 3695 46 22 will
1416 3702 36 15 see
1470 3695 36 22 the
1522 3696 146 23 instructions
1684 3702 52 18 sent
1749 3698 51 23 with
1813 3698 60 23 them

1290 3722 131 27 punctually
1432 3723 105 22 attended
1548 3726 29 19 to.

1317 3749 38 22 All
1364 3749 70 27 goods
1444 3749 45 22 and
1498 3750 109 27 packages
1617 3751 36 22 for
1662 3751 114 28 shipment
1783 3756 52 19 must
1844 3753 28 22 be

1281 3788 2 9 <
1290 3776 159 27 accompanied
1458 3776 31 28 by
1504 3778 88 21 written
1606 3778 154 28 instructions,
1771 3779 47 22 with
1833 3780 39 22 the

1281 3823 2 3 .
1289 3809 65 16 name
1363 3803 47 22 and
1418 3803 91 22 address
1519 3805 26 20 of
1557 3804 38 23 the
1604 3805 83 27 parties
1696 3806 30 26 by
1737 3805 68 23 whom
1819 3806 53 28 they

1289 3836 36 15 are
1339 3834 56 24 sent,
1412 3830 46 21 and
1474 3830 38 22 the
1525 3834 105 19 contents
1642 3832 45 21 and
1702 3832 67 22 value
1786 3832 20 23 of
1818 3835 54 21 each

1288 3856 102 28 package
1395 3857 81 22 'stated.
1504 3858 48 22 The
1568 3858 56 28 duty
1634 3859 111 22 outwards
1758 3860 19 21 is
1788 3862 36 20 10s.
1832 3869 40 19 per

1289 3883 60 23 £100
1363 3884 74 22 value.
1463 3900 3 4 .
1474 3884 48 23 The
1538 3889 48 18 rate
1602 3886 28 21 of
1641 3886 121 22 insurance
1780 3887 92 28 depends

1288 3917 60 21 upon
1358 3910 181 25 circumstances.
1569 3912 45 23 For
1632 3913 85 22 further
1733 3914 137 23 information

1287 3937 66 28 apply
1378 3941 24 18 to
1425 3938 45 22 Mr.
1490 3939 92 23 Samuel
1609 3940 101 28 Revans,
1731 3941 138 29 Wellington,

1281 3975 2 16 i,
1288 3964 51 23 Port
1350 3964 130 23 Nicholson.

696 688 108 49 MRS.
816 690 137 23 EDWARD
968 691 112 23 YOUNG
1096 692 54 28 begs
1164 695 24 20 to
1201 693 84 22 inform

773 716 38 22 the
827 716 138 24 inhabitants
983 718 26 22 of
1020 719 53 22 Port
1089 719 131 27 Nicholson,
1237 720 50 22 that

694 742 39 22 she
743 743 90 22 intends
842 744 78 28 taking
927 745 155 28 immediately
1089 747 57 21 after
1153 746 38 22 the
1202 747 84 22 Christ-

694 777 48 14 mas
752 777 79 21 recess,
842 778 12 14 a
863 771 87 23 limited
959 773 97 22 number
1065 773 26 22 of
1103 773 61 27 daily
1172 774 80 27 pupils,
1262 777 23 19 to

694 796 97 23 instruct
798 798 25 21 in
833 798 35 21 the
878 798 65 23 usual
953 800 89 21 routine
1052 800 26 21 of
1085 807 28 14 an
1125 801 94 26 English
1228 801 56 22 edu-

694 824 82 21 cation,
787 824 53 23 with
853 825 95 28 French,
960 826 107 28 drawing,
1078 827 46 22 and
1138 827 105 28 dancing,
1255 835 29 14 on

697 850 38 23 the
746 849 111 29 following
868 856 68 19 terms
944 861 6 14 :
951 864 30 4 —

748 878 94 27 English
849 879 41 22 £6.
905 882 32 20 6s.
986 879 4 22 I
1045 880 108 28 Drawing
1168 881 40 22 £4.
1223 883 33 20 4s.

748 904 88 23 French
847 906 42 22 £4.
903 908 33 21 4s.
986 902 4 32 |
1045 908 106 28 Dancing
1172 908 41 22 £4.
1224 910 32 20 4s.

693 930 37 23 No
742 935 81 25 extras,
833 937 80 23 except
922 934 35 21 for
965 934 80 22 books.

757 965 175 30 Norton-house,
945 967 161 29 Willis-street,
1117 969 31 22 Te
1158 969 56 27 Aro,

896 995 68 21 Deer.
976 996 35 25 10,
1023 996 59 21 1841.

708 1038 19 21 A
754 1036 109 23 YOUNG
873 1038 73 22 MAN
955 1039 96 27 holding
1060 1047 13 14 a
1081 1040 138 27 responsible
1229 1041 55 22 situ-

692 1069 51 16 —A.
758 1064 68 27 ation,
837 1065 83 27 having
936 1066 45 21 had
997 1073 14 14 a
1026 1067 91 26 general
1128 1068 154 22 introduction

692 1094 23 17 to
727 1090 39 22 the
781 1092 63 21 usual
859 1092 90 22 routine
964 1093 26 22 of
1000 1094 132 22 mercantile
1146 1095 80 27 affairs,
1237 1094 46 22 and

692 1117 89 27 writing
797 1125 13 14 a
830 1118 40 22 fair
885 1118 70 29 hand,
971 1120 81 22 wishes
1071 1121 35 22 for
1128 1122 154 28 employment

692 1144 81 27 during
783 1144 34 23 his
828 1146 94 27 evening
931 1146 81 23 leisure
1022 1147 75 23 hours.

728 1171 77 27 Apply
815 1175 23 19 to
846 1172 64 28 E.L.,
920 1176 24 19 at
953 1174 39 22 the
1002 1174 65 22 office
1078 1175 25 21 of
1114 1175 45 22 this
1167 1183 78 20 paper.

691 1218 40 22 To
756 1219 44 21 the
823 1220 167 27 Merchants,
1012 1222 197 28 Ship-owners,
1226 1224 54 25 &c,

844 1247 31 21 of
887 1249 66 20 Port
967 1249 163 22 Nicholson.

690 1277 107 48 TD.
823 1278 100 23 PRATT
945 1280 55 28 begs
1016 1283 59 20 most
1092 1282 147 28 respectfully
1257 1285 23 19 to

739 1314 11 11 •
780 1308 74 19 return
872 1306 34 22 his
918 1306 82 23 thanks
1017 1308 35 22 for
1070 1308 38 22 the
1122 1310 90 21 favours
1228 1316 54 15 con-

753 1331 75 23 ferred
842 1340 29 15 on
887 1333 54 27 him,
953 1334 66 23 while
1035 1336 24 21 in
1077 1336 140 27 partnership
1226 1336 55 22 with

690 1358 44 22 Mr.
746 1358 26 23 T.
783 1359 82 28 Bevan,
877 1360 47 22 and
932 1361 54 27 begs
997 1365 23 18 to
1029 1362 82 22 inform
1122 1363 63 22 them
1193 1363 50 22 that
1251 1363 29 22 he

689 1392 20 15 is
718 1392 52 15 now
779 1388 180 28 manufacturing
967 1396 75 20 ropes,
1051 1389 64 28 lines,
1127 1390 73 27 twine,
1212 1391 28 21 of
1250 1390 30 22 all

691 1412 157 30 descriptions;
865 1417 59 19 mats
937 1415 27 22 of
977 1415 31 22 all
1024 1417 63 27 sizes,
1108 1417 40 22 &c.
1188 1417 93 28 Fishing

690 1442 50 19 nets
759 1440 66 23 made
841 1442 44 21 and
903 1442 111 28 repaired,
1033 1443 44 21 and
1096 1450 69 21 every
1183 1444 56 22 kind
1258 1445 26 21 of

690 1466 79 22 article
782 1467 25 22 in
823 1467 35 23 the
875 1468 71 23 above
962 1469 54 27 line,
1034 1470 30 22 all
1079 1470 58 22 from
1153 1471 58 22 New
1223 1471 57 23 Zea-

689 1492 55 23 land
760 1493 52 28 flax,
825 1495 43 22 and
882 1503 29 14 on
922 1496 38 22 the
970 1499 60 19 most
1038 1497 131 23 reasonable
1179 1498 99 28 charges.

689 1527 45 22 No.
753 1529 19 26 1,
797 1528 231 30 Molesworth-street,
1055 1531 146 29 Wellington,
1226 1533 54 22 Port

918 1557 133 23 Nicholson.

835 1602 172 26 Wellington
1023 1604 113 22 Tavern.

691 1634 165 36 T^DWARD
885 1635 98 23 DAVIS
1010 1637 55 27 begs
1089 1641 22 18 to
1134 1638 85 23 inform
1243 1640 35 22 his

690 1659 46 23 JL_
767 1661 82 23 friends
859 1663 45 21 and
915 1663 38 22 the
962 1664 76 27 public
1046 1665 24 21 in
1079 1666 100 28 general,
1191 1666 49 23 that
1249 1667 29 22 he

688 1687 41 23 has
744 1688 88 27 opened
845 1689 39 22 the
894 1689 140 28 Wellington
1047 1692 95 28 Tavern,
1155 1693 123 24 Lambton-

689 1722 66 21 quay,
767 1715 73 23 where
847 1715 54 29 they
911 1717 45 22 will
970 1718 49 22 find
1027 1726 14 14 a
1050 1718 77 23 choice
1137 1720 108 23 selection
1256 1722 26 21 of

687 1741 87 23 bottled
788 1742 34 22 ale
831 1743 44 22 and
884 1747 81 25 porter,
976 1745 75 28 spirits
1061 1746 45 22 and
1113 1748 70 22 wines
1198 1748 26 23 of
1230 1748 48 23 first

687 1772 49 19 rate
747 1769 94 28 quality.

715 1796 58 22 N.B.
774 1808 29 4 —
805 1797 63 22 Good
878 1797 86 23 Burton
975 1798 42 28 ale,
1030 1800 40 23 &c.
1080 1801 42 22 &c.

715 1823 22 21 A
745 1825 100 27 quantity
851 1825 27 21 of
883 1825 84 27 garden
975 1826 71 29 seeds,
1054 1827 38 22 the
1099 1828 101 28 produce
1206 1830 26 22 of
1239 1829 38 23 the

688 1850 94 28 Colony,
793 1851 35 22 for
837 1851 51 22 sale.

875 1897 98 23 JABEZ
988 1899 97 28 DEAN,

746 1931 136 26 Plumber,
897 1932 121 26 Glazier,
1033 1935 55 20 and
1101 1935 119 28 Painter,

711 1965 174 27 Lambton-quay,
901 1972 52 14 near
970 1967 36 21 the
1023 1968 68 26 Royal
1107 1969 79 26 George
1200 1971 47 25 Inn,

685 1998 43 25 T>
738 1999 118 22 ETURNS
871 1999 35 23 his
916 2000 88 23 sincere
1013 2000 83 24 thanks
1105 2002 34 23 for
1148 2003 40 22 the
1197 2003 79 23 liberal

685 2023 52 22 XV
770 2030 91 22 support
878 2026 30 21 he
925 2027 42 21 has
985 2028 110 26 received,
1096 2032 2 10 1
1115 2030 45 20 and
1179 2030 54 26 begs
1252 2034 23 18 to

683 2058 77 14 assure
776 2051 62 22 those
851 2051 132 28 gentlemen
997 2052 51 23 who
1064 2061 53 20 may
1132 2055 80 22 favour
1227 2056 48 23 him

683 2077 54 22 with
755 2077 58 22 their
829 2079 81 27 orders,
927 2079 49 22 that
993 2079 56 33 they
1066 2088 53 20 may
1138 2082 88 28 depend
1245 2091 29 14 on

683 2105 113 22 materials
806 2105 25 21 of
841 2105 36 22 the
887 2106 49 21 best
943 2106 134 28 description
1085 2108 46 22 and
1137 2109 60 27 good
1204 2110 71 22 work-

683 2131 111 28 manship,
802 2132 118 23 combined
926 2133 54 22 with
987 2134 131 23 reasonable
1128 2136 93 27 charges
1230 2138 45 21 and

682 2159 148 27 punctuality.

685 2204 166 22 /CHARLES
869 2204 140 29 HARVEY,
1020 2206 89 23 Tailor
1120 2208 20 22 &
1151 2209 122 23 Breeches

686 2235 41 17 V^
757 2231 93 28 Maker,
861 2239 57 15 near
926 2233 91 22 Messrs.
1028 2233 88 24 Waters
1126 2235 46 22 and
1182 2236 92 22 Smith's

684 2258 71 28 Store,
772 2258 143 28 Wellington,
931 2260 55 26 begs
1001 2263 24 19 to
1042 2261 83 23 inform
1139 2262 39 22 the
1192 2266 82 25 gentry

683 2285 46 21 and
738 2285 136 23 inhabitants
885 2287 26 21 of
924 2286 139 29 Wellington
1073 2289 46 21 and
1132 2289 29 23 its
1171 2290 101 28 vicinity,

683 2312 49 22 that
742 2312 30 22 he
781 2312 42 22 has
832 2313 144 23 commenced
984 2314 103 23 business
1096 2324 25 14 as
1134 2317 78 28 above,
1228 2318 46 21 and

684 2342 69 19 trusts
762 2339 48 22 that
820 2341 77 21 twelve
914 2341 72 27 years'
997 2343 134 26 experience
1141 2343 25 22 in
1176 2344 97 23 London

684 2373 24 15 as
732 2374 14 14 a
766 2367 105 27 practical
895 2371 79 24 cutter,
998 2369 120 23 combined
1136 2371 55 22 with
1213 2372 60 27 good

683 2393 114 22 materials
820 2395 43 21 and
886 2395 174 29 workmanship,
1085 2397 46 22 and
1157 2398 116 23 moderate

684 2420 100 27 charges,
795 2421 45 21 will
847 2422 80 22 enable
937 2422 49 22 him
995 2428 24 17 to
1035 2423 52 28 give
1097 2425 137 22 satisfaction
1249 2429 23 19 to

683 2447 30 22 all
723 2448 50 22 who
783 2455 52 20 may
843 2449 79 23 favour
931 2449 48 23 him
986 2450 54 22 with
1051 2451 57 22 their
1117 2456 130 24 patronage.

862 2484 86 27 Terms,
961 2484 54 23 cash
1026 2485 61 27 only.

890 2529 30 21 E.
935 2530 128 27 Stafford,

769 2562 75 26 Tailor,
857 2564 178 27 Lambton-quay,
1053 2566 135 26 Wellington,

682 2595 53 49 IN
748 2597 115 28 returning
873 2597 82 23 thanks
964 2601 24 19 to
997 2599 64 22 those
1075 2600 130 27 gentlemen
1220 2601 51 22 who

738 2622 59 23 have
806 2624 90 22 favored
905 2625 48 22 him
963 2626 55 21 with
1028 2627 57 22 their
1093 2627 83 28 orders,
1185 2635 86 16 assures

681 2649 62 23 them
752 2650 49 22 that
810 2651 56 22 from
875 2652 36 22 his
920 2652 65 22 stock
994 2660 31 15 on
1035 2653 67 28 hand,
1113 2655 46 22 and
1167 2656 58 21 from
1235 2663 35 14 re-

681 2681 52 19 cent
743 2678 91 22 arrivals
842 2679 57 22 from
910 2679 112 28 England,
1033 2680 28 23 he
1071 2682 46 21 will
1130 2682 27 22 be
1175 2682 96 23 enabled

680 2707 23 19 to
713 2705 66 21 make
790 2712 29 21 up
829 2706 86 22 articles
924 2707 24 21 in
957 2707 38 22 the
1005 2708 49 21 first
1063 2709 56 28 style
1130 2710 26 21 of
1166 2710 88 22 fashion
1263 2719 5 19 ;

680 2731 73 23 which
762 2732 45 22 will
817 2733 79 22 render
904 2734 19 21 it
931 2741 151 22 unnecessary
1091 2736 36 22 for
1139 2736 39 23 the
1195 2737 75 27 public

680 2761 22 19 to
713 2759 56 22 send
783 2762 22 19 to
822 2760 35 22 the
874 2761 166 29 neighbouring
1050 2763 103 23 Colonies
1162 2764 35 22 for
1212 2764 58 23 their

680 2787 99 26 wearing
790 2787 95 27 apparel.
953 2792 8 8 *

706 2813 59 22 N.B.
767 2825 28 4 —
795 2814 73 28 Every
882 2815 77 23 article
974 2818 126 21 warranted
1118 2818 27 21 of
1165 2818 38 22 the
1219 2818 51 23 best

680 2841 92 27 quality,
784 2844 44 24 cut,
839 2842 44 22 and
892 2842 173 30 workmanship,
1076 2845 46 22 and
1136 2853 30 14 on
1178 2853 91 15 reason-

679 2867 50 22 able
739 2870 76 19 terms.

679 2914 51 47 A
758 2913 131 28 HEWITT,
900 2915 163 28 Fishmonger,
1073 2917 113 23 Lambton
1194 2919 72 26 Quay,

734 2950 12 11 •
763 2940 143 29 Wellington,
913 2945 89 19 returns
1012 2943 35 22 his
1056 2944 86 23 sincere
1152 2945 83 22 thanks
1245 2949 23 18 to

679 2965 38 22 the
735 2966 136 23 inhabitants
891 2968 26 22 of
936 2969 45 22 this
1000 2969 87 29 Colony
1103 2972 35 22 for
1156 2971 39 23 the
1213 2980 55 20 very

683 2992 75 23 liberal
776 2998 90 23 support
880 2995 30 22 he
924 2995 41 23 has
980 2996 99 23 hitherto
1093 2999 111 28 received,
1222 2999 46 22 and

678 3020 54 27 begs
742 3024 24 18 to
774 3021 80 22 inform
864 3021 63 23 them
936 3023 50 21 that
999 3023 29 23 he
1037 3024 40 22 has
1086 3026 66 22 made
1162 3033 106 21 arrange-

678 3050 75 19 ments
767 3048 35 22 for
821 3056 14 14 a
846 3053 105 18 constant
966 3051 81 28 supply
1066 3053 26 20 of
1111 3053 38 22 the
1169 3053 99 22 choicest

677 3075 104 21 varieties
791 3075 26 21 of
827 3075 47 28 fish,
891 3076 74 22 which
981 3077 29 22 he
1027 3079 138 29 confidently
1181 3088 86 15 recom-

677 3102 81 21 mends
767 3105 23 18 to
798 3102 39 22 the
844 3103 76 26 public
929 3111 24 15 as
960 3104 70 27 being
1037 3105 26 22 of
1072 3106 38 22 the
1117 3107 50 22 best
1173 3108 93 27 quality.

704 3128 85 22 Orders
797 3129 35 22 for
841 3127 103 31 shipping
952 3132 111 28 received,
1078 3133 46 22 and
1133 3135 134 27 punctually

677 3155 108 23 attended
794 3159 30 20 to.

833 3191 96 15 OYSTERS
944 3192 74 15 FRESH
1033 3194 77 15 DAILY.

703 3216 65 28 Also,
779 3224 14 15 a
802 3218 78 28 supply
890 3219 27 21 of
931 3220 129 26 vegetables
1075 3222 61 22 fresh
1150 3223 59 22 from
1226 3223 40 23 the

675 3244 87 26 garden
772 3244 67 28 daily.

675 3289 199 49 WNEAL,
895 3291 89 22 Watch
1006 3292 46 22 and
1073 3293 77 23 Clock
1167 3295 97 27 Maker,

748 3327 12 11 •
803 3317 51 27 begs
874 3319 145 26 respectfully
1037 3323 22 18 to
1078 3321 84 22 inform
1178 3321 38 22 the
1230 3322 36 21 in-

675 3342 114 23 habitants
807 3345 26 20 of
846 3344 54 22 Port
907 3345 132 28 Nicholson,
1058 3347 48 28 &c,
1124 3348 50 23 that
1181 3348 30 22 he
1225 3349 41 22 has

675 3370 106 22 removed
794 3370 34 22 his
842 3371 100 23 business
958 3373 52 21 S.E.
1021 3373 26 22 of
1058 3374 92 23 Messrs.
1160 3375 105 22 Bethune

675 3397 45 22 and
730 3397 114 33 Hunter's,
855 3399 47 22 and
911 3399 77 28 hopes,
998 3400 32 27 by
1039 3402 63 21 strict
1111 3402 118 28 attention,
1241 3406 23 19 to

675 3424 66 22 merit
756 3432 13 14 a
786 3429 147 19 continuance
950 3427 26 21 of
991 3427 59 22 their
1065 3428 97 29 favours,
1180 3429 83 28 having

675 3451 43 22 had
727 3452 28 20 20
767 3452 70 27 years'
845 3453 134 27 experience
988 3453 25 23 in
1023 3454 104 23 London.

700 3477 41 23 All
760 3478 66 22 kinds
840 3479 25 21 of
877 3479 95 28 foreign,
990 3481 90 28 British,
1097 3483 101 27 musical,
1218 3483 46 23 and

673 3505 117 28 repeating
795 3505 95 23 watches
896 3507 45 22 and
951 3507 84 28 clocks,
1042 3509 46 22 and
1096 3510 167 23 chronometers

673 3531 96 23 cleaned
777 3533 46 22 and
831 3534 107 27 repaired.

782 3560 58 22 N.B.
841 3571 27 5 —
869 3561 98 22 Musical
976 3561 70 23 boxes
1056 3564 109 26 repaired.

781 3605 169 27 Wellington
964 3607 191 28 Observatory.

678 3637 131 35 JOSEPH
853 3639 175 28 M'GREGOR,
1076 3641 183 29 Chronometer,

670 3663 27 24 O
734 3665 85 28 Clock,
833 3665 44 23 and
891 3666 89 22 Watch
995 3668 97 27 Maker,
1107 3669 55 27 begs
1181 3672 23 19 to
1225 3677 36 15 re-

670 3695 51 19 turn
730 3692 37 22 his
776 3693 83 22 sincere
869 3693 82 22 thanks
960 3697 22 19 to
992 3693 39 23 the
1040 3698 81 25 gentry
1131 3695 45 22 and
1185 3696 75 28 public

669 3719 26 22 of
710 3719 55 23 Port
787 3719 122 23 Nicholson
932 3720 35 22 for
983 3721 39 22 the
1040 3721 77 22 liberal
1136 3726 123 24 patronage

669 3747 112 22 bestowed
793 3747 101 28 hitherto,
906 3748 46 24 and
967 3748 56 27 begs
1038 3749 145 28 respectfully
1191 3754 23 17 to
1223 3750 36 23 in-

668 3774 57 22 form
737 3774 61 22 them
814 3774 47 22 that
873 3775 29 21 he
919 3774 41 23 has
974 3778 106 19 removed
1096 3780 22 17 to
1136 3776 123 24 Lambton-

669 3808 65 21 quay,
746 3801 47 22 and
808 3804 73 25 trusts,
892 3802 31 27 by
932 3802 110 28 assiduity
1051 3803 45 22 and
1110 3804 118 21 attention',
1235 3808 23 19 to

666 3827 109 29 business,
786 3828 28 22 he
822 3836 51 21 may
882 3833 61 18 meet
953 3837 14 14 a
974 3830 89 22 further
1071 3830 65 22 share
1150 3831 26 22 of
1182 3831 76 27 public

666 3858 130 25 patronage.

694 3881 170 24 Chronometers
880 3883 94 22 cleaned
990 3884 31 27 by
1031 3891 13 15 a
1052 3884 110 28 prepared
1174 3884 83 24 instru-

666 3912 71 19 ment.

692 3935 148 28 Barometers,
855 3937 72 22 music
943 3937 79 27 boxes,
1041 3938 39 22 &c.
1098 3938 47 27 &c,
1162 3938 95 24 cleaned

665 3962 44 23 and
718 3963 110 26 repaired.
971 3970 2 5 ■
1226 3978 10 11 f
1236 3973 11 13 .:
1253 3979 5 10 ;
1259 3974 4 11 i
