2559 4029
1894 3899 73 17 Printed
1981 3899 37 17 and
2032 3899 95 20 published
2143 3902 56 18 every
2214 3899 113 23 Wedneiday
2343 3902 36 17 and
2390 3903 90 21 Saturday
2509 3906 4 18 |

1913 3920 90 20 morning,
2017 3920 24 19 by
2059 3920 85 16 Samuel
2156 3920 90 19 Revans,
2263 3923 19 14 at
2296 3921 31 18 the
2343 3923 57 17 Office-
2413 3925 21 17 of
2444 3924 34 19 toe
2506 3924 7 18 I

1913 3941 49 17 New
1976 3940 98 17 Zealand
2085 3940 92 18 Gazette
2188 3945 42 13 and
2242 3942 135 18 Weiiington
2393 3945 85 18 Skcta-
2504 3938 9 25 I

1913 3966 43 14 tor,
1967 3961 158 21 Manners-street,
2132 3961 116 23 Wellington,
2259 3962 44 19 Porl
2313 3964 107 21 ilicholioa,
2431 3966 47 18 Kew
2505 3958 8 24 I

1913 3982 85 19 Zealand.
2110 3998 6 3 .
2505 3979 8 24 1

546 35 100 29 THE
664 35 111 31 NEW
791 36 231 33 ZEALAND
1040 38 225 32 GAZETTE
1283 38 102 32 AND
1404 39 328 33 WELLINGTON
1755 42 295 33 SPECTATOR.

1546 122 105 25 Bricks,
1684 123 48 23 &&

1305 155 88 48 FOR
1409 154 86 28 SALE,
1506 158 24 19 at
1544 156 46 21 60s.
1607 163 42 19 per
1664 155 119 24 thousand.
1819 156 75 30 Apply

1364 184 23 19 to
1403 183 23 20 J.
1444 181 95 28 Pimble,
1550 185 24 18 at
1586 181 38 22 the
1642 182 172 28 Sydney-street
1830 184 66 21 Brick

1304 207 46 22 and
1357 207 57 28 Tile.
1423 207 89 27 Works,
1524 210 23 19 at
1555 208 38 22 the
1610 215 50 16 rear
1670 209 24 22 of
1706 208 94 24 Colonel
1816 210 80 23 Wake-

1455 256 4 3 .
1469 233 7 26 '.
1496 235 72 22 field's
1581 235 121 22 residence.

1370 261 81 21 Terms
1452 271 27 5 —
1480 261 52 22 cash
1543 268 29 15 on
1582 261 101 28 delivery
1692 265 23 18 at
1724 262 39 22 the
1772 263 58 22 kiln.

1473 309 4 9 1
1547 306 105 21 Bricks.

1304 330 142 50 BRICKS
1457 338 28 15 on
1496 332 45 22 sale
1550 332 31 28 by
1590 332 38 23 the
1637 333 158 27 undersigned,
1811 337 24 19 at
1848 336 44 21 60s.

1381 365 40 21 per
1431 359 64 22 1000.
1554 365 3 6 •
1727 351 15 11 °

1306 386 3 21 !
1323 384 87 25 .Terms
1410 396 29 5 —
1440 385 60 23 Cash
1508 392 30 16 on
1547 384 100 30 delivery
1656 389 24 20 at
1688 386 38 23 the
1736 386 55 23 kiln.

1581 428 3 7 /
1603 424 3 4 ■
1640 427 5 6 *
1681 422 4 4 '
1711 414 32 22 A.
1759 414 108 22 LUDLAM.

1331 437 160 28 Wulis-street,
1501 438 52 22 29th
1563 438 106 23 October.

1270 480 128 51 JM,
1416 483 134 28 TAYLOR,
1565 483 33 22 Te
1615 484 55 27 Aro,
1746 481 32 26 on'
1791 485 56 28 sale,
1865 493 28 15 ex

1344 520 11 11 •
1386 511 62 25 Lucy
1459 511 87 26 Sharp?,
1559 511 113 26 Clydeside,
1684 511 45 22 and
1736 513 94 20 Matilda
1838 521 7 13 :
1847 522 40 6 —
1891 523 4 5 ■

1332 536 109 23 Gunter's
1450 537 92 28 pickles,
1554 545 84 20 sauces,
1649 538 87 27 cheese,
1747 539 41 23 &c.

1329 562 116 29 Blankets,
1457 564 91 27 printed
1557 564 113 28 druggets,
1680 564 99 28 tweeds,'

1331 590 53 27 Slop
1402 590 108 27 clothing,
1528 591 90 28 printed
1635 591 103 28 muslins,
1762 592 66 22 boots
1848 593 43 23 and

1304 615 72 28 shoes,

1333 642 54 28 Ship
1396 643 131 28 chandlery,
1536 643 85 28 blocks,
1633 645 89 28 oakum,
1734 645 39 23 &c.

1331 670 112 27 Tobacco,
1454 671 92 21 tobacco
1555 671 69 27 pipes,

1329 696 87 28 Paints,
1426 698 134 27 turpentine,
1569 697 75 23 boiled
1654 698 36 28 oil,

1329 723 132 22 Stockholm
1470 727 41 24 tar,
1522 724 68 27 pitch,
1601 727 41 24 tar,
1652 725 101 28 brushes,

1329 750 135 28 Stationery,
1474 751 143 28 gunpowder,
1626 752 108 28 muskets,
1745 753 40 22 &c.

1321 776 147 28 .Perfumery,
1480 784 60 21 soap,
1548 777 123 28 jewellery,
1687 794 5 4 .
1716 795 4 7 ,

1329 804 67 22 Some
1405 804 47 22 fine
1462 804 53 22 East
1525 804 66 22 India
1599 805 108 28 Madeira,
1716 805 55 23 L.P.
1779 805 112 23 Teneriffe

1303 829 93 28 Sherry.
1414 833 3 8 '
1525 833 4 5 '
1722 839 4 3 -
1751 837 4 5 •

1362 874 22 22 R
1389 867 21 29 f
1409 874 49 23 M!S
1464 875 130 22 TONE'S
1609 876 207 26 .CELEBRATED
1821 894 2 8 ,
1830 877 61 26 EYE

1384 901 106 28 SNUFF,
1507 909 29 15 on
1546 903 46 22 sale
1601 904 27 21 af
1667 902 23 6 "'
1746 901 16 30 '[

1546 929 22 22 J.
1583 930 35 22 M.
1631 929 116 24 Taylor's
1763 931 71 27 Store,

1536 962 52 28 '__>_
1763 957 32 22 Te
1806 958 56 21 Aro.

1483 1004 4 3 '
1510 1001 54 20 Bill
1577 1001 103 22 Books.
1715 1019 2 4 .

1300 1026 72 48 ON
1388 1026 85 28 SALE,
1489 1030 23 19 at
1521 1027 44 22 this
1577 1028 74 28 office,'
1658 1028 70 23 blank
1737 1028 58 24 Bill
1805 1029 84 24 Books.

1532 1054 70 28 office,
1614 1055 47 22 Dec
1661 1055 48 22 4.'
1746 1072 4 3 .

1299 1104 3 6 '
1319 1103 4 3 *
1407 1099 71 20 New
1491 1099 123 22 Zealand
1628 1101 151 27 Company,

1299 1132 45 30 rp
1348 1131 43 22 HE
1408 1132 103 22 COURT
1525 1133 40 22 OF
1584 1134 176 23 DIRECTORS
1771 1136 40 22 OF
1824 1136 65 23 THE

1306 1153 30 27 JL
1372 1158 75 23 NEW
1466 1159 152 23 ZEALAND
1632 1161 154 24 COMPANY
1802 1162 87 29 hereby

1297 1185 53 26 give
1358 1186 83 26 notice,
1452 1185 113 29 thafthey
1573 1187 58 22 have
1640 1189 106 22 reserved
1754 1190 36 21 for
1804 1190 46 22 sale
1865 1193 23 19 to

1297 1219 93 19 persons
1398 1212 101 23 resident
1502 1213 29 24 .in
1540 1214 57 23 New
1614 1214 101 23 Zealand
1733 1223 30 14 or.
1771 1216 40 22 the
1827 1218 61 21 Aus-

1297 1238 107 23 tralasian
1414 1239 115 29 Colonies,-
1537 1244 44 19 two
1586 1241 105 22 hundred
1696 1242 28 22 of
1729 1242 38 23 the
1774 1242 114 24 thousand

1297 1265 129 23 allotments
1440 1267 131 22 mentioned
1586 1268 25 22 in
1624 1268 40 22 the
1680 1268 90 28 printed
1776 1267 26 13 '"
1809 1270 78 22 Terms

1297 1292 35 22 for
1355 1292 113 23 Purchase
1487 1294 28 21 of
1651 1296 26 21 in
1694 1296 40 22 the
1750 1296 137 28 Company's

1297 1319 85 22 second
1391 1320 136 28 settlement,
1540 1322 94 27 bearing
1644 1322 50 23 date
1709 1323 58 22 New
1783 1324 104 22 Zealand

1297 1344 86 29 House,
1388 1368 3 4 L
1398 1347 54 22 lsth
1467 1347 114 29 February
1597 1350 61 26 1841,
1673 1350 82 27 copies,
1767 1350 26 22 of
1812 1350 74 22 which

1297 1379 53 21 may
1364 1373 29 22 be
1412 1374 108 23 obtained
1542 1380 23 17 at
1583 1375 38 23 the
1640 1376 245 28 Surveyor-General's

1297 1399 70 28 office,
1379 1400 147 28 Wellington.

1323 1426 73 23 These
1405 1428 44 21 200
1457 1428 138 23 allottments
1602 1428 66 29 have,
1676 1430 60 22 been
1753 1432 94 21 entered
1859 1432 26 22 in

1296 1452 38 22 the
1343 1453 96 28 registry
1449 1455 26 21 of
1485 1455 146 32 applications
1640 1457 73 22 under
1721 1457 41 22 the
1776 1459 110 22 numbers

1296 1481 40 21 401
1348 1483 21 19 to
1386 1482 40 21 600
1445 1481 57 23 both
1513 1482 117 28 inclusive,
1649 1484 46 24 and
1713 1484 40 22 the
1770 1484 74 28 rights
1862 1486 27 22 of

1296 1506 76 23 choice
1380 1507 24 22 in
1412 1512 89 24 respect
1510 1509 26 22 of
1548 1510 39 22 the
1604 1510 49 22 said
1670 1512 106 21 numbers
1792 1512 47 22 will
1856 1513 29 22 be

1296 1533 141 24 determined
1445 1535 31 29 by
1484 1536 34 22 lot
1526 1537 25 22 in
1564 1537 106 28 England
1678 1545 25 15 as
1711 1538 25 22 in
1746 1538 40 22 the
1793 1546 52 16 case
1862 1540 27 22 of

1296 1560 29 22 all
1335 1560 37 23 the
1384 1561 65 23 other
1459 1562 134 24 allotments.
1825 1571 3 3 ■
1863 1566 3 6 '

1331 1588 128 28 Intending
1479 1590 133 27 purchasers
1630 1591 27 22 of
1673 1591 64 23 these
1755 1592 130 24 allotments

1295 1618 61 19 must
1365 1615 89 27 deposit
1462 1616 38 23 the
1510 1617 71 23 whole
1595 1618 205 29 purchase-money
1813 1621 72 26 (£3OO

1295 1641 34 22 for
1339 1640 64 28 each)
1413 1642 50 23 into
1473 1651 46 20 any
1529 1644 25 22 of
1565 1644 39 22 the
1613 1645 59 23 local
1680 1646 113 23 branches
1809 1648 27 22 of
1846 1647 38 23 the

1295 1668 76 23 Union
1382 1669 67 22 Bank
1459 1670 25 22 of
1501 1670 127 30 Australia;
1645 1673 46 21 and
1707 1680 30 15 on
1753 1674 132 28 presenting

1296 1703 24 14 or
1329 1697 154 26 transmitting
1491 1700 23 19 to
1528 1698 38 22 the
1581 1699 135 28 Company's
1731 1701 78 26 acting
1823 1701 62 28 prin-

1295 1722 58 28 cipal
1361 1727 70 23 agent
1438 1724 27 21 in'
1472 1724 58 22 New
1539 1725 106 28 Zealand,
1656 1730 25 18 at
1689 1727 54 22 Port
1751 1727 132 29 Nicholson,

1295 1756 28 15 an
1334 1750 195 28 acknowlegment
1535 1752 25 22 of
1567 1752 38 22 the
1613 1753 83 28 receipt
1701 1753 26 23 of
1734 1755 55 21 such
1797 1755 88 28 deposit

1294 1776 29 27 by
1333 1776 37 23 the
1381 1777 73 29 Bank,
1470 1778 40 22 the
1524 1778 118 29 depositor,
1658 1788 26 14 or
1696 1781 36 21 his
1746 1785 75 24 agent,
1838 1783 47 22 will

1293 1810 88 25 receiye
1391 1804 60 22 from
1461 1805 37 22 the
1503 1806 135 28 Company's
1644 1807 48 23 said
1699 1807 110 29 principal
1816 1813 69 24 agent

1294 1837 14 14 a
1324 1831 90 22 written
1435 1832 136 22 declaration
1590 1836 28 19 of
1633 1833 39 23 the
1688 1835 97 22 number
1800 1835 25 23 in
1845 1836 37 23 the

1293 1857 95 28 registry
1397 1858 31 23 of.
1436 1859 146 27 applications
1592 1861 103 23 awarded
1703 1865 24 19 to
1741 1862 57 23 such
1814 1863 70 28 depo-

1293 1884 60 27 sitor,
1364 1885 55 22 with
1428 1893 31 15 an
1464 1886 152 29 undertaking
1621 1891 24 19 to
1652 1888 84 23 deliver
1741 1889 38 23 the
1785 1891 99 22 sections

1293 1910 72 23 which
1374 1912 58 22 such
1442 1913 111 28 depositor
1562 1921 26 15 or
1596 1914 35 22 his
1640 1919 68 24 agent
1717 1924 53 20 may
1779 1917 70 23 select
1858 1918 26 22 in

1292 1941 89 23 respect
1389 1938 27 22 of
1427 1939 39 22 the
1474 1940 62 27 right
1544 1941 27 21 of
1581 1941 78 23 choice
1668 1943 80 27 falling
1763 1943 30 28 by
1809 1943 35 23 lot
1858 1948 24 19 to

1293 1963 55 24 such
1357 1966 97 22 number
1462 1966 24 22 in
1490 1967 44 22 'the
1542 1968 102 27 registry.

1318 1992 49 22 The
1376 1993 108 22 numbers
1492 1994 26 22 in
1526 1994 38 22 the
1573 1995 97 28 registry
1682 1996 45 23 will
1736 1996 29 22 be
1776 1997 106 23 awarded

1282 2041 3 6 >
1292 2019 88 31 strictly
1387 2020 26 20 in
1421 2020 41 21 the
1471 2021 67 22 order
1546 2021 27 22 of
1582 2021 39 23 the
1630 2024 153 25 presentation
1793 2025 28 21 of
1823 2025 59 23 .such

1293 2044 87 28 deposit
1387 2046 97 28 receipts
1494 2049 27 19 to'
1525 2046 40 23 the
1574 2047 135 29 Company's
1715 2049 50 22 said
1771 2049 112 29 principal

1292 2074 74 24 agent.

1318 2098 30 22 In
1358 2105 51 16 case
1418 2099 99 27 deposits
1525 2100 81 23 should
1614 2101 29 23 be
1652 2102 66 22 made
1727 2102 35 23 for
1771 2110 14 15 a
1793 2107 89 23 greater

1292 2126 96 21 number
1397 2126 27 21 of
1438 2126 129 23 allotments
1580 2128 55 22 than
1650 2129 39 23 the
1704 2131 43 21 200
1762 2130 82 27 placed
1858 2134 24 19 at

1292 2152 37 22 the
1340 2152 98 28 disposal
1454 2154 26 21 of
1497 2154 38 22 the
1551 2155 136 28 Company's
1702 2160 69 23 agent
1784 2157 25 21 in
1824 2157 57 23 New

1292 2179 107 28 Zealand,
1417 2180 40 22 the
1466 2180 87 28 deposit
1561 2182 97 27 receipts
1666 2183 25 22 in
1699 2187 89 24 respect
1798 2184 28 22 of
1836 2192 45 20 any

1292 2206 56 22 such
1357 2209 65 19 extra
1431 2207 128 23 allotments
1569 2209 45 22 will
1623 2213 42 19 not
1672 2210 28 22 be
1710 2211 115 28 accepted,
1836 2211 45 23 and

1292 2233 37 22 the
1339 2233 72 23 whole
1421 2238 96 18 amount
1525 2235 26 22 of
1561 2235 39 23 the
1608 2235 86 29 deposit
1702 2237 47 22 will
1755 2237 28 23 be
1792 2242 89 18 return-

1293 2260 27 22 ed
1329 2263 24 19 to
1362 2260 38 22 the
1410 2260 121 29 depositor,
1544 2263 54 21 with
1607 2263 93 23 interest
1709 2268 24 18 at
1741 2264 38 23 the
1790 2269 92 19 current

1290 2289 49 20 rate
1358 2288 26 21 of
1516 2296 29 15 on
1564 2289 98 28 deposits
1679 2291 95 23 allowed
1791 2292 32 28 by
1842 2292 39 23 the

1291 2314 76 22 Union
1377 2314 67 22 Bank
1454 2315 26 22 of
1490 2316 122 23 Australia.

1318 2341 37 22 No
1365 2341 89 28 deposit
1462 2343 95 28 receipts
1566 2344 46 22 will
1620 2344 28 23 be
1658 2345 106 28 accepted
1774 2346 59 23 after
1842 2347 38 22 the

1292 2368 136 28 Company's
1450 2370 109 28 principal
1577 2375 68 23 agent
1661 2372 26 22 in
1704 2373 58 22 New
1779 2373 102 23 Zealand

1292 2395 58 23 shall
1357 2395 57 23 have
1423 2395 95 24 learned
1526 2397 49 23 that
1584 2400 38 20 the
1631 2399 102 28 drawing
1750 2400 25 21 of
1785 2400 45 23 lots
1845 2401 37 24 fox-

1290 2423 93 28 priority
1393 2422 26 22 of
1427 2423 87 29 choice,
1524 2424 41 23 has
1574 2425 68 23 taken
1654 2427 64 27 place
1732 2427 24 22 in
1767 2427 113 28 England.

1318 2449 23 23 It
1350 2449 18 23 is
1386 2451 115 28 expressly
1519 2452 126 33 stipulated,
1666 2453 48 22 that
1732 2454 32 22 all
1781 2455 99 28 deposits

1290 2477 46 23 and
1345 2476 146 28 applications
1497 2475 58 26 shall
1563 2479 29 22 be
1600 2480 68 22 made
1684 2481 87 26 subject
1784 2484 25 20 to
1824 2482 56 23 such

1289 2503 138 28 regulations
1437 2511 24 15 as
1469 2505 58 22 have
1536 2506 65 29 been,
1616 2514 25 15 or
1654 2515 53 20 may
1719 2508 159 29 hereafterbe,

1291 2531 67 21 made
1365 2531 33 26 by
1406 2530 40 23 the
1466 2532 124 34 Company,
1609 2533 35 23 for
1661 2535 38 22 the
1718 2535 98 27 disposal
1834 2533 46 26 and

1289 2557 57 23 final
1353 2555 101 30 delivery
1462 2559 25 22 of
1492 2559 146 30 preliminary
1646 2561 66 23 lands
1716 2562 25 22 in
1748 2562 39 23 the
1794 2564 85 23 second

1288 2585 136 23 settlement.

1397 2612 36 27 By
1442 2613 66 22 order
1517 2614 26 21 of
1553 2614 39 22 the
1601 2615 76 28 Court,

1534 2641 25 22 F.
1574 2641 93 24 Dillon
1682 2643 70 28 Bell,

1360 2693 17 2 _
1404 2693 7 8 ,
1450 2693 9 8 ,
1619 2669 118 29 Secretary
1746 2678 40 21 pro
1795 2674 56 21 tern.

1288 2695 57 21 New
1358 2695 102 21 Zealand
1469 2695 87 27 House,

1342 2720 105 27 London,
1457 2721 61 22 22nd
1526 2722 72 27 April,
1611 2724 62 21 1841.

1382 2766 94 22 Union
1489 2767 81 22 Bank
1583 2768 31 21 of
1630 2769 150 22 Australia.

1288 2800 96 23 London
1402 2801 94 26 Office,
1511 2801 44 22 No.
1569 2802 36 27 33,
1623 2802 52 22 Old
1691 2803 186 26 Broad-street.

1342 2828 95 27 Capital,
1588 2829 53 27 paid
1649 2837 38 21 up,
1702 2830 121 30 £500,000.

1522 2860 120 14 DIRECTORS:
1707 2856 2 6 '

1393 2876 70 20 George
1469 2876 40 17 Fife
1515 2877 67 21 Angas,
1590 2878 50 20 Esq.,

1392 2896 70 18 Robert
1468 2897 75 20 Brooks,
1552 2898 49 21 Esq.,

1391 2918 64 17 James
1462 2918 48 17 John
1518 2919 100 21 Cummins,
1624 2919 51 22 Esq.,

1391 2939 71 17 Robert
1468 2940 96 20 Gardener,
1576 2941 48 21 Esq.,
1636 2942 123 21 Manchester,

1391 2960 49 16 John
1449 2961 46 15 Gore
1510 2961 49 21 Esq.,

1391 2981 49 16 John
1534 2982 76 20 Buckle,
1615 2983 49 21 Esq.,

1390 3002 98 20 Benjamin
1495 3003 22 16 E.
1523 3003 63 20 Lindo,
1594 3004 48 20 Esq.,

1391 3023 74 17 Charles
1472 3023 77 18 Edward
1556 3024 88 22 Mangles,
1652 3025 49 21 Esq.,

1390 3044 118 21 Christopher
1514 3044 83 21 Rawson,
1605 3046 49 21 Esq.,
1666 3046 82 22 Halifax,

1390 3065 80 16 Thomas
1477 3066 64 20 Sands,
1548 3066 49 21 Esq.,
1604 3067 101 21 Liverpool,

1390 3086 63 17 James
1461 3086 55 21 Bogle
1523 3087 65 20 Smith,
1593 3088 49 20 Esq.,

1390 3107 62 16 James
1461 3107 79 17 Ruddell
1546 3108 56 20 Todd,
1611 3109 42 20 Esq.

1284 3128 85 17 Trustees
1374 3133 6 11 :
1395 3128 83 17 George
1489 3129 57 16 Cake
1557 3130 61 19 Glykt,
1630 3130 49 20 Esq.,
1689 3131 54 17 John
1754 3131 62 21 Goue,
1825 3131 50 23 Esq.,

1431 3149 37 17 and
1474 3149 67 17 James
1548 3150 17 17 J.
1572 3150 102 20 Cummins,
1684 3152 42 20 Esq.
1874 3159 3 5 >

1311 3170 91 17 Bankers:
1414 3170 77 17 Messrs.
1497 3171 62 19 Gi,yn,
1570 3171 117 21 Hailifax;
1692 3173 72 20 Mills,
1772 3174 37 16 and
1817 3175 31 17 Co.

1404 3190 102 22 Secretary:
1518 3192 83 17 Samuel
1607 3193 94 20 Jackson,
1710 3194 43 21 Esq.

1373 3211 84 18 Colonial
1462 3213 103 21 Inspector:
1576 3213 19 17 J.
1602 3214 19 16 C.
1628 3214 104 21 M'Laben,
1740 3215 43 22 Esq.

1404 3260 70 21 New
1492 3260 124 23 Zealand
1633 3262 117 22 Branch.

1282 3293 54 18 Local
1342 3294 93 16 Directors
1440 3299 5 11 :
1461 3294 48 17 Geo.
1520 3295 17 16 S.
1548 3295 74 19 Evans,
1634 3296 50 21 Esq.,
1694 3297 72 21 D.C.L.,
1776 3298 39 18 and
1826 3299 47 17 Geo.

1504 3316 92 21 Hunter,
1607 3317 44 21 Esq.

1281 3336 97 21 Manager:
1390 3335 49 17 John
1447 3336 73 20 Smith,
1527 3337 49 20 Esq.,
1583 3337 38 17 late
1627 3338 21 16 of
1656 3338 31 17 the
1694 3339 120 18 Commercial
1819 3340 61 18 Bank'

1452 3357 19 16 of
1480 3357 89 21 England,
1579 3358 124 19 Manchester.
1841 3370 4 3 -
1877 3370 3 5 .

1391 3377 116 23 Branches
1517 3382 24 19 at
1555 3379 98 29 Sydney,

1555 3406 174 30 IlobartTown,

1555 3433 149 29 l<aunceston,
1716 3435 47 22 and

1555 3460 11 22 I
1574 3464 36 19 ort
1619 3461 80 29 Philip.
1741 3467 3 4 •

1280 3486 54 22 Port
1343 3485 132 29 Nicholson,
1486 3486 81 23 March
1576 3488 35 27 24,
1622 3489 63 22 1840.

1280 3540 91 49 THE
1388 3540 116 22 Directors
1521 3540 26 23 of
1560 3541 41 22 the
1618 3542 57 22 New
1690 3542 101 24 Zealand
1805 3544 67 23 Land

1355 3567 117 28 Company
1486 3567 83 29 hereby
1586 3568 51 28 give
1653 3570 83 26 notice,
1753 3570 49 23 that
1816 3571 56 29 they

1278 3593 58 23 have
1343 3601 115 15 EFFECTED
1467 3601 31 15 AN
1508 3602 172 16 ARRANGEMENT
1687 3597 98 23 withthe
1793 3598 77 22 UlUOn

1278 3620 65 23 Bank
1358 3621 26 21 of
1398 3621 123 27 Australia,
1538 3622 44 22 No.
1598 3624 34 26 38,
1648 3623 45 22 Old
1708 3624 160 28 Broad-street,
1880 3624 2 19 I

1278 3647 103 28 London,
1391 3648 36 21 for
1436 3647 37 22 the
1486 3649 170 23 establishment
1669 3650 26 25 of
1708 3658 13 14 a
1737 3651 133 23 BRANCH

1277 3674 89 22 BANK
1381 3674 35 22 IN
1431 3674 73 23 NEW
1518 3675 159 29 ZEALAND,
1689 3677 97 28 through
1795 3678 74 22 which

1277 3701 38 22 the
1323 3701 104 22 business
1440 3702 26 21 of
1478 3702 39 22 the
1534 3702 57 23 New
1607 3703 101 22 Zealand
1719 3704 67 22 Land
1802 3705 66 21 Com-

1276 3735 61 21 pany
1345 3728 47 22 will
1399 3728 30 22 be
1437 3729 136 22 transacted.
1600 3729 49 22 The
1664 3730 114 22 Directors
1794 3731 74 22 there-

1276 3754 47 23 fore
1332 3755 148 22 recommend
1488 3759 23 18 to
1528 3756 110 22 Colonists
1654 3756 38 22 the
1708 3757 77 22 Union
1802 3758 66 22 Bank

1276 3782 27 21 of
1320 3782 117 21 Australia
1454 3789 23 14 as
1496 3789 29 15 an
1550 3782 169 23 establishment
1741 3785 127 28 possessing

1276 3808 57 21 their
1350 3808 70 22 entire
1444 3809 137 27 confidence,
1600 3810 46 22 and
1665 3810 50 22 able
1733 3813 23 19 to
1773 3812 94 31 provide

1275 3835 127 27 effectually
1417 3835 37 22 for
1468 3835 38 22 the
1520 3836 106 22 financial
1640 3840 71 19 wants
1727 3838 27 22 of
1764 3838 38 22 the
1818 3839 50 23 first

1275 3862 135 23 settlement.

1443 3889 35 27 By
1489 3889 65 22 order
1562 3890 29 21 of
1599 3890 38 22 the
1647 3890 80 28 Board,

1521 3916 84 23 JOHN
1619 3916 105 29 WARD,
1740 3919 125 30 Secretary.

1275 3943 55 22 New
1341 3942 101 23 Zealand
1452 3942 65 23 Land
1526 3944 136 28 Company's
1671 3944 78 28 Office,

1301 3972 21 23 1,
1331 3970 163 27 Adam-street,
1504 3970 108 28 Adelphi,'
1620 3970 54 25 27th
1683 3972 68 27 Aug.,
1762 3975 62 21 1839.

1925 125 74 24 /~\N
2022 127 86 28 SALE,
2132 129 30 27 by
2186 129 40 23 the
2475 140 5 4 -
2517 140 5 4 •

1950 178 14 22 2
1981 178 85 29 hhds.,.
2073 182 131 28 containing
2214 189 35 20 _a.
2251 187 75 23 great.
2333 185 87 27 yariety
2438 186 27 23 of
2479 187 34 23 tin

1924 211 66 22 ware,
2043 222 3 4 .
2160 224 4 4 .
2357 225 5 3 .

1950 231 82 23 Brown
2042 235 66 27 stout,
2246 236 12 20 1
2302 236 90 24 Packed
2419 238 25 23 in
2471 240 41 22 red

1950 260 54 20 Pale
2014 260 43 26 ale,
2251 260 14 22 i.
2269 264 76 28 boxes;
2375 265 74 24 suited

1949 287 56 20 Men
2015 293 11 15 s
2034 287 64 22 boots
2110 287 44 23 and
2166 288 73 32 shoes,
2246 287 11 31 J
2268 290 83 24 Native
2359 292 69 23 trade.

1950 312 65 27 Soap,
2100 320 5 3 -
2126 315 8 8 *'
2262 329 3 4 .
2303 315 5 10 '
2328 322 12 5 -•
2362 315 18 12 •■'
2399 322 4 5 '

1948 336 204 27 Blankets—white
2160 341 47 24 and
2215 343 50 25 red.

1949 364 113 29 Clothing,
2524 364 5 27 ;

1949 391 85 23 Cotton-
2039 393 80 31 prints,
2302 408 3 5 .
2444 393 3 14 :
2472 395 4 4 '

1948 417 214 31 Sherivjn.quarter
2171 422 73 28 casks,
2332 434 2 6 -
2523 428 6 6 '

1948 443 212 27 Double-barrelled
2167 450 131 26 percussion
2306 459 67 19 guns,

1948 470 137 29 Negrohead
2094 471 99 27 tobacco.
2223 476 4 9 '
2515 476 3 5 '
2523 475 5 14 :

1922 529 151 12 ______^
2275 504 94 23 Samuel
2381 505 102 24 Reyans.
2519 518 5 12 >

1920 549 222 41 WHOLESALE
2170 553 135 30 PRICES'
2331 548 196 46 CURRENT...

1958 591 3 4 -
1992 593 134 17 CORRECTED
2139 595 30 15 UP
2182 595 30 16 TO
2226 597 86 15 FRIDAY
2326 587 111 30 BVEn'iNG,
2446 588 48 14 '"'"'■

1920 632 52 22 Ale
1979 640 6 15 :
2000 632 30 23 In
2038 633 78 29 bottle,
2129 643 41 21 per
2179 635 53 24 doz.
2239 651 7 8 .
2255 640 23 25 ,0
2287 638 32 22 ,10
2346 640 15 21 0
2377 654 20 7 ..
2414 642 23 20 0'
2455 642 57 24 oi,o
2522 654 4 4 -

1922 675 2 10 ,
1988 659 23 20 '-.
2014 659 95 24 -Elliot's
2116 670 39 20 pcr
2160 663 85 23 hhd...
2263 666 55 21 60
2345 667 15 20 0
2376 663 21 25 ..'
2413 664 69 27 6a,
2496 663 30 29 Q"'

1920 685 113 28 Arrack;
2049 687 43 23 Per
2100 689 45 26 gal.
2154 690 25 22 in
2188 690 67 23 bond.
2263 694 15 20 0
2303 693 16 21 2
2346 694 15 20 0
2376 686 52 32 ..^O
2454 695 15 21 0
2476 693 5 8 J
2495 688 31 30 0^

1919 712 80 22 Bread
2007 721 12 13 :■
2029 713 43 23 Per
2080 715 46 23 21b.'
2136 716 51 22 loaf
2200 732 6 6 .
2212 718 21 21 />.
2240 732 7 6 .
2265 720 14 21 0
2304 721 15 20 0
2346 719 14 23 7
2376 722 6 19 :
2388 734 7 8 .
2413 713 30 30 0'
2454 722 15 21 0
2496 721 15 22 0

1918 739 75 22 Beef:
2008 739 78 30 Fresh,
2105 749 89 16 carcase
2209 751 42 21 per
2293 755 4 5 -
2342 763 3 3 .
2404 745 28 12 ■'
2450 754 3 3 •

2030 767 38 23 .ib.
2087 765 156 28 ..:.........
2261 773 14 20 o
2301 774 92 21 oio..
2410 776 16 21 o
2454 775 11 21 i
2493 776 17 20 o

2028 795 54 26 Salt,
2092 802 40 20 per
2145 796 69 23 tierce
2226 812 7 6 .
2240 812 7 7 .
2264 798 16 26 7,
2304 801 15 20 0
2346 801 14 20 0
2368 820 2 4 ,
2376 814 6 7 .
2389 814 6 7 .
2413 803 16 20 0
2446 802 23 21 -0
2477 818 7 6 .
2496 803 16 20 0
2520 806 5 18 :

2028 819 44 24 Do.
2081 828 41 21 per
2134 822 75 23 barrel
2225 838 21 7 ..
2263 826 56 21 410
2346 828 14 19 0
2376 841 19 7 ..
2413 829 14 20 0
2449 825 5 8 !0!
2454 829 15 20 0
2480 830 31 21 ro
2519 830 5 5 '

1918 845 107 24 Butter:
2041 847 66 28 Irish,
2117 856 39 21 per
2164 849 32 24 lb.
2305 854 12 21 1
2346 854 15 20 9
2377 852 23 23 ..'
2414 856 15 20 0
2454 855 16 20 2
2489 850 4 17 JorJ
2498 856 14 20 0
2519 851 7 17 r

2040 873 71 24 Fresh
2265 881 54 20 o<3
2346 881 83 22 6..0
2455 883 15 20 0
2496 881 28 22 0^

1918 899 112 23 Brandy:
2034 901 70 23 -First
2108 903 94 28 quality,
2210 911 41 21 per
2285 918 11 13 
2395 906 110 26 .;,:.'
2520 918 5 14 r

2067 928 110 27 gallonin
2188 931 61 22 bond
2263 934 14 20 0
2303 934 14 21 6
2345 935 15 20 0
2376 948 19 7 ..
2413 936 26 21 0.
2453 936 15 20 9
2495 937 15 20 0

1917 953 88 23 Brown
2024 954 88 24 Stout:
2135 964 41 20 per
2189 957 55 23 hhd.
2250 959 22 21 's
2287 960 26 22 10
2340 962 16 20 0
2373 958 53 26 ..',O
2452 963 14 20 0
2494 961 28 23 0'

1918 980 100 24 Cigars:
2030 981 102 30 Manilla,
2140 991 40 20 per
2186 986 61 27 1000,
2262 988 55 21 310
2344 989 49 20 0..
2411 989 15 22 4
2453 985 19 25 0'
2521 987 3 13 :

2026 1008 98 24 Inferior
2261 1014 14 21 2
2301 1015 15 20 0
2343 1016 15 19 0
2374 1028 19 8 ..
2411 1017 14 20 0
2452 1017 15 20 0
2494 1018 15 20 0

2026 1035 136 29 Havannah,
2168 1038 79 28 perlb.
2261 1041 54 23 0,16
2343 1042 15 21 0
2373 1056 20 7 ..
2411 1044 14 20 0
2451 1044 26 23 Or
2493 1045 29 21 Ot

2026 1061 247 31 ChinsurahperlOOOl
2289 1069 38 22 15,
2343 1070 14 20 0
2373 1082 20 8 ..
2410 1070 15 21 0
2451 1071 57 21 0...0

2025 1089 156 25 Alexandrian
2193 1107 48 8 ....
2259 1094 13 21 1
2288 1096 27 20 10
2342 1096 15 21 0
2373 1109 19 8 ..
2409 1097 15 21 0
2451 1098 14 21 0
2492 1099 16 19 0
2520 1092 4 8 '

1917 1115 101 23 Coffee.:
2029 1116 64 29 Java,
2103 1118 72 32 gerlb
2261 1123 14 20 0
2301 1123 15 20 0
2343 1124 15 20 0
2373 1124 20 20 1.
2410 1124 15 21 0
2453 1124 15 21 1
2486 1120 22 25 '5
2519 1121 3 11 :

1916 1142 104 23 Cheese:
2035 1141 118 30 Cheshire.
2261 1150 51 20 O'l
2341 1150 51 21 6..
2411 1151 55 21 O-.-O
2474 1153 48 19 •0'

2033 1170 58 23 Pine
2099 1172 75 28 Apple
2188 1176 26 19 ■;.
2223 1188 19 8 ..
2260 1177 15 20 0
2301 1178 56 20 o'o
2373 1191 20 7 ..
2410 1179 15 19 0
2452 1178 12 20 1
2475 1196 4 4 .
2492 1179 15 21 3

2023 1197 109 27 iDutch;.
2261 1204 54 21 00
2341 1204 84 23 9..0
2451 1205 12 21 lf)0l
2465 1212 21 20 f)
2493 1207 15 21 0

1915 1225 107 20 Candles
2030 1231 5 14 :
2041 1225 95 27 English
2143 1234 57 21 wax,
2206 1235 42 21 per
2429 1244 4 3 -
2515 1246 4 9 ,

2112 1267 19 18 V
2223 1269 19 7 ••
2259 1258 15 19 0
2296 1258 17 22 .3
2341 1258 15 20 6
2372 1272 20 7 ..
2409 1252 15 28 6
2451 1260 15 20 0
2493 1261 26 22 0,

2045 1277 82 24 Mould
2258 1284 15 20 0
2299 1284 54 21 011
2360 1286 3 12 !
2372 1298 19 8 ..
2409 1286 14 20 0
2451 1287 11 20 1
2491 1289 16 19 0

1915 1329 18 9 „
2018 1332 10 9 ,
2046 1305 71 28 -Dips.
2258 1311 14 20 0
2298 1312 14 20 0
2327 1312 27 21 10
2371 1325 19 7 ..
2407 1314 15 20 0
2449 1314 15 20 0
2491 1312 29 24 o:

1915 1332 12 20 I1I
1924 1336 5 9 1
1934 1337 74 16 lour:
2018 1332 35 21 Ist
2058 1332 92 28 quality,
2160 1341 41 21 per
2205 1338 40 19 ton
2323 1351 4 6 ,
2359 1352 4 5 ,
2479 1352 4 5 ,
2507 1353 6 3 .

2037 1359 28 21 of
2072 1360 57 22 2000
2137 1360 34 23 lbs
2242 1364 28 20 32
2297 1365 13 20 0
2338 1365 15 21 0
2369 1367 52 21 ..34
2447 1367 16 21 0
2489 1369 16 21 0

2012 1385 115 29 2nddittq
2244 1390 38 22 25.
2298 1392 14 20 0
2339 1393 15 19 0
2370 1406 20 8 ..
2407 1395 15 20 0
2448 1395 15 19 0
2489 1390 28 26 0'

1914 1411 61 22 Gin:
1995 1411 55 24 Pale
2066 1413 25 22 in
2100 1414 60 23 bond
2257 1418 55 21 0-4
2339 1420 14 20 0
2369 1433 19 8 ..
2406 1421 15 21 0
2447 1420 16 21 5
2473 1419 2 7 '
2489 1423 16 21 6

1963 1439 63 26 Case,
2034 1440 16 21 4
2056 1440 40 27 gal,
2100 1442 38 21 4-5
2146 1442 25 21 in
2179 1442 63 23 bond
2257 1445 96 21 140
2369 1460 19 8 ..
2406 1448 15 21 o
2423 1448 38 24 <<,o
2484 1451 21 19 '0

1913 1465 83 22 Hams:
2011 1465 130 31 Yorkshire,
2154 1469 88 27 perlb.
2257 1473 15 19 0
2298 1473 14 20 0
2339 1473 15 21 0
2370 1487 20 8 ..
2407 1476 14 20 0
2448 1477 15 19 0
2489 1477 16 21 9

1913 1492 116 23 Mustard
2036 1501 6 14 :
2057 1494 43 23 Per
2108 1494 72 25 dozen
2193 1511 47 8 ....
2259 1499 51 21 11
2339 1501 84 22 0...0
2449 1503 14 21 0
2491 1505 15 19 0

1912 1518 117 24 Mutton:
2049 1521 94 24 Carcase
2151 1530 42 20 per
2201 1523 24 23 lb
2235 1527 37 20 .0
2298 1527 13 21 0
2338 1527 15 21 9
2370 1541 19 8 ..
2406 1520 25 30 0*
2448 1530 15 20 0
2477 1531 25 21 11

1912 1545 125 24 Muskets:
2052 1547 193 27 Walnutstocked
2257 1554 15 20 0
2298 1554 14 20 0
2338 1555 15 20 0
2369 1557 52 20 ..0
2436 1556 26 21 15
2490 1559 15 19 0

1912 1573 80 22 Milk:
2007 1573 44 23 Per
2056 1575 50 27 pint
2256 1581 16 20 0
2297 1581 14 20 0
2338 1581 51 22 4..
2407 1584 56 20 0-0
2489 1585 26 21 0'

1912 1600 45 23 Oil
1964 1608 6 15 :
1985 1600 105 28 Linseed,
2099 1610 41 20 per
2148 1604 77 27 gallon
2234 1607 154 24 .05.0..
2406 1609 100 24 0*7:0

1986 1627 286 32 Black,incask,pertonl7
2298 1635 14 20 0
2339 1636 15 20 0
2370 1649 19 9 ..
2406 1638 15 20 0
2448 1638 15 20 0
2489 1639 15 20 0

2023 1655 79 28 Sperm
2240 1660 28 22 75
2295 1661 12 21 0
2336 1662 14 21 0
2367 1664 51 20 ..0
2447 1664 13 20 0
2487 1655 26 31 o'

1911 1681 78 23 Pork:
2002 1681 79 29 Fresh,
2098 1691 90 16 carcase
2202 1693 43 20 per

1911 1734 18 14 v
2004 1710 59 38 t-\
2080 1725 157 10 ""'■'•"
2254 1715 133 23 004..
2404 1719 57 21 00
2487 1720 14 21 5

1911 1736 78 21 Pork:
2004 1736 67 28 Irish,
2081 1744 41 20 per
2130 1738 93 27 barrel..
2230 1755 7 6 .
2254 1743 56 22 4,10
2337 1745 15 20 0
2367 1758 20 8 ..
2404 1745 15 21 5
2446 1747 15 21 0
2487 1748 16 21 0

1911 1761 120 24 Potatoes
2037 1771 6 15 :
2063 1764 58 23 New
2132 1766 110 29 Zealand,

2087 1799 42 19 per
2136 1795 40 20 ton
2190 1808 46 8 ....
2254 1797 15 21 6
2295 1797 15 21 0
2336 1799 16 21 0
2367 1812 20 8 ..
2404 1800 20 21 8.
2446 1801 14 21 0

1911 1816 109 23 Porter:
2048 1816 103 31 Dunbar,
2161 1820 27 22 in
2193 1821 48 23 hot.
2326 1825 4 10 '
2384 1834 10 5 ~

2077 1853 43 20 per
2128 1846 50 24 d0z.
2189 1862 48 8 ....
2254 1851 16 20 0
2284 1851 24 21 13
2336 1843 83 32 6..0
2446 1855 15 20 0
2487 1856 15 21 0

2019 1872 87 27 Bryant
2115 1873 45 23 and
2169 1874 72 24 Davis
2254 1879 15 20 0
2283 1879 25 21 13
2336 1880 16 20 0
2367 1882 19 19 i.
2404 1881 16 22 0
2446 1882 14 21 0
2486 1883 15 20 0

1910 1897 116 23 Pickles:
2057 1900 116 29 Assbited,
2202 1909 54 21 per-
2459 1907 2 5 '
2508 1901 2 6 '

1910 1950 19 13 ■o
2034 1952 25 11 o.
2113 1934 19 16 Zt
2131 1931 10 32 >
2164 1936 15 20 l
2180 1933 62 19 uarts
2257 1932 11 20 1
2298 1933 10 21 1
2338 1933 83 23 0.;0
2420 1933 3 7 v
2447 1936 15 21 0

1910 1950 75 23 Pitch
1995 1959 7 15 :
2034 1950 152 32 Stockhoimi'-
2200 1963 44 21 per

2060 1980 72 23 barrel
2256 1986 14 20 0
2288 1987 22 21 .0
2337 1987 15 22 0
2368 2000 20 10 ..
2406 1989 12 22 1
2434 1989 26 22 15
2487 1991 16 21 0

1910 2005 82 23 Plank
1998 2013 13 15 r
2032 2006 55 23 Port
2108 2007 134 32 Nicholson,
2466 2018 3 7 •
2506 2016 4 9 '

1907 2040 32 19 _£
2059 2035 146 28 perlOOjfeet
2217 2046 20 13 ;.
2254 2040 15 21 0
2283 2040 26 21 19
2336 2042 15 20 0
2367 2043 90 21 ..11
2486 2046 15 19 0

1906 2061 73 19 Uice:
1992 2061 110 21 Common
2110 2068 42 20 per
2155 2066 52 19 cwt.
2218 2067 19 19 i.
2255 2067 15 19 0
2296 2068 14 19 0
2326 2064 25 24 '6
2367 2063 19 26 i.
2404 2070 15 20 0
2444 2071 16 20 0
2486 2072 15 20 0

1990 2085 68 23 Good
2253 2093 15 21 0
2294 2094 13 21 0
2335 2095 50 20 0..
2402 2097 15 18 0
2444 2098 14 17 0
2486 2099 14 16 o

1908 2110 68 24 Rum:
1993 2112 26 23 P.
2029 2112 27 22 B.
2066 2113 34 27 P.,
2114 2122 40 19 per
2162 2116 78 27 gallon
2455 2122 20 7 -

1909 2164 13 14 c
2040 2140 43 22 nb
2082 2148 33 25 .°?
2115 2138 15 26 a
2253 2147 15 20 0
2294 2147 12 20 5
2334 2148 16 21 6
2366 2161 19 9 ..
2403 2150 15 21 0
2444 2150 15 23 7
2486 2152 15 22 C

1908 2171 89 17 sugar:
2012 2169 122 21 Mauritius
2142 2176 41 21 per
2190 2175 50 19 cwt.
2254 2174 15 20 0
2294 2175 14 20 0
2335 2176 16 20 0
2367 2189 19 8 ..
2404 2178 14 20 0
2444 2179 15 20 0
2486 2180 15 20 0

2017 2194 20 41 ??
2038 2201 11 14 r
2054 2221 13 14 fi
2064 2201 35 15 wn
2100 2211 13 24 i
2120 2193 32 42 V
2160 2211 76 24 •;••••
2254 2201 54 22 117
2334 2203 16 21 °
2366 2217 19 7 ••
2403 2204 15 21 o
2444 2206 15 21 o
2486 2207 15 20 o

2018 2221 97 23 Refined
2129 2223 54 29 loaf,
2200 2232 42 21 per

2018 2275 26 5 ,.
2044 2248 23 22 lb
2068 2263 31 18 V*
2254 2256 14 20 0
2294 2256 14 21 0
2336 2255 15 23 7
2367 2271 19 7 ..
2404 2259 15 20 0
2446 2260 55 21 0,0

2018 2275 97 24 Manilla
2252 2282 15 21 0
2293 2283 13 20 0
2334 2284 15 21 0
2366 2298 19 8 ..
2401 2286 16 20 2
2444 2286 13 21 5
2473 2289 27 19 ,0

1908 2302 73 21 Salt:
1997 2302 128 30 Liverpool,
2134 2312 45 19 per-
2183 2309 55 21 ton.
2253 2309 14 21 3
2293 2310 13 21 0
2334 2312 15 20 0
2366 2325 19 8 ..
2402 2313 16 20 4
2444 2315 14 20 0
2486 2316 14 20 0

1908 2329 60 21 Soap
1977 2336 6 14 :
2009 2329 104 24 Hawes's
2134 2329 105 33 London,

2035 2361 87 27 P.erton
2238 2363 30 21 40
2293 2364 13 21 0
2334 2366 15 19 0
2366 2366 51 21 ..42
2444 2368 15 20 0
2486 2370 14 20 0

2026 2383 120 30 Liverpool
2238 2391 29 20 36
2293 2392 13 21 0
2334 2393 16 20 0
2365 2406 19 8 ..
2402 2395 15 20 0
2444 2395 12 20 0
2485 2397 15 20 0

1908 2410 104 22 Starch:
2028 2411 75 23 Perlb
2253 2418 15 20 0
2294 2420 14 19 0
2335 2420 15 20 9
2366 2433 19 8 ..
2403 2422 15 20 0
2446 2423 11 20 1
2486 2424 15 20 0

1908 2438 144 22 Scantling:
2068 2439 44 23 Per
2118 2441 39 22 100
2166 2442 69 23 feet..
2253 2446 15 19 0
2282 2444 26 23 17
2335 2448 15 20 0
2366 2461 19 7 ..
2403 2449 15 20 0
2432 2449 26 21 18
2485 2452 15 19 0

1908 2463 128 25 Shingles:
2052 2465 44 23 Per
2102 2468 60 28 1000,
2171 2469 66 24 N.Z.
2253 2472 12 21 1
2293 2472 13 23 7
2333 2475 15 20 0
2366 2488 18 7 ..
2402 2476 14 20 0
2444 2477 14 21 0
2484 2478 15 20 0

2037 2493 71 29 Ditto,
2130 2495 107 26 V.D.L.
2250 2499 16 21 2
2291 2500 14 20 5
2333 2502 15 20 0
2365 2515 18 7 ..
2401 2503 15 21 0
2438 2505 19 23 .0
2484 2506 15 20 0

1906 2518 64 24 Tar:
1985 2519 111 23 CoaK...
2171 2526 94 21 ..;..!
2292 2527 13 21 5
2334 2529 16 21 0
2366 2542 19 8 ..
2402 2531 16 20 0
2444 2532 31 20 0'
2486 2533 14 20 0

1988 2547 132 24 Stockholm
2253 2554 15 21 2
2294 2554 12 21 5
2334 2556 16 20 0
2366 2570 19 7 ..
2403 2558 15 20 0
2444 2559 15 20 0
2486 2560 17 20 0,

1908 2575 61 20 lea:
1986 2575 91 27 Hyson,
2085 2583 41 21 per
2135 2576 64 24 chest
2216 2582 52 20 ..0
2293 2583 15 20 0
2334 2583 16 21 0
2366 2584 92 25 ..12,12
2485 2587 15 21 0

1908 2603 14 19 1
1925 2608 28 14 ob
1955 2608 57 15 acco
2020 2609 6 15 :
2039 2602 144 31 Negrohead,
2199 2613 43 21 per
2413 2608 4 4 '
2435 2609 5 4 '

1905 2653 20 9 „
2065 2629 24 23 lb
2253 2635 15 21 0
2295 2636 10 20 1
2334 2637 15 21 3
2366 2651 19 8 ..
2402 2639 16 21 0
2444 2639 14 21 0
2486 2641 15 21 0

1905 2655 166 24 Turpentine:
2085 2657 45 23 Per
2133 2658 100 28 gallon..
2253 2663 15 20 0
2293 2664 13 20 8
2334 2665 16 20 0
2366 2678 19 8 ..
2402 2667 16 20 0
2444 2668 14 20 0
2484 2668 16 21 0

1907 2682 162 23 Whalebone:
2085 2684 181 26 Pert0n....95
2293 2691 14 20 0
2334 2692 15 20 0
2366 2705 19 9 ..
2402 2694 16 20 0
2444 2695 14 21 0
2484 2695 16 21 0

1910 2710 80 21 Wine:
2004 2710 90 28 Sherry,
2104 2719 42 20 per
2152 2713 69 28 pipe,.
2228 2717 39 20 .28
2293 2718 13 20 0
2334 2719 16 20 0
2366 2720 51 21 ..40
2443 2722 57 21 00

2014 2738 73 28 Ditto,'
2101 2746 41 20 per
2251 2743 12 21 1
2291 2745 14 20 4
2332 2746 16 20 0
2360 2740 106 33 '...^.'o.
2476 2740 24 31 'o

1906 2788 122 25 Poultry:
2042 2790 81 30 Fowls,
2129 2800 40 21 per
2175 2795 63 27 pair.
2252 2797 16 21 0
2293 2798 13 21 8
2334 2799 16 21 0
2365 2813 19 8 ..
2402 2801 14 21 0
2430 2801 27 21 16
2485 2804 15 19 0

2040 2818 87 30 Ducks,
2137 2820 56 23 ditto
2212 2824 51 21 ..1
2292 2826 14 20 0
2323 2827 26 22 ,0
2365 2840 19 8 ..
2402 2829 12 19 1
2430 2829 28 20 10
2472 2831 27 22 ;0

2043 2846 80 28 Geese,
2134 2847 57 23 ditto
2212 2851 54 21 ..2
2291 2853 14 20 0
2333 2854 15 20 0
2364 2867 19 8 ..
2400 2856 16 20 0
2442 2856 14 21 0
2482 2858 16 20 0

2040 2872 104 30 Turkeys
2239 2878 27 24 .2
2290 2880 16 25 .0
2311 2893 3 12 ,
2321 2896 5 10 1
2333 2881 15 21 0
2355 2891 4 17 ;
2364 2895 7 7 .
2376 2895 7 7 .
2394 2883 22 20 ,0
2432 2884 24 23 ,0
2482 2885 22 22 0-

2041 2899 105 30 Pigeons,
2155 2902 87 30 (wild,)'
2294 2910 4 3 •
2343 2898 16 14 -i
2376 2895 19 17 fl
2432 2900 9 13 ?

2068 2935 40 20 per
2117 2929 49 28 pair
2186 2933 80 21 ....0
2292 2933 14 21 2
2333 2935 16 21 0
2364 2949 19 8 ..
2401 2938 15 20 0
2442 2938 14 21 0
2482 2936 21 23 0'

2040 2955 130 28 Ducks,do.
2181 2957 11 23 d
2192 2957 48 23 0..,
2252 2961 14 20 0
2292 2961 91 24 50..
2400 2959 98 28 o'O'O

1905 2980 75 23 Eggs:
1995 2980 45 23 Per
2049 2981 73 24 dozen
2252 2988 14 20 0
2292 2989 14 21 3
2321 3006 3 6 ,
2333 2990 16 21 0
2364 2992 52 23 ..,0
2428 2992 29 22 .0
2469 2993 29 21 jO

1905 3033 82 25 Cows:
1987 3033 82 25 Milch
2236 3041 30 22 20
2291 3043 14 20 0
2331 3044 15 21 0
2362 3045 52 22 ..30
2439 3046 15 21 0
2480 3047 15 21 0

1904 3060 96 24 Mares:
2016 3062 76 24 Brood
2234 3069 29 21 50
2289 3070 22 21 0-
2329 3071 16 22 0
2361 3072 52 22 ..90
2439 3074 14 21 0
2479 3074 15 21 0

1904 3088 128 25 Working.
2037 3090 143 25 Bullocks:.
2192 3092 53 24 Per'
2277 3110 5 3 -
2354 3100 12 11 ■•
2385 3097 12 17 I-
2430 3102 3 9 <
2468 3104 3 6 >
2494 3102 5 3 •

1903 3123 76 27 nVM*
2115 3133 21 7 ••
2235 3123 30 21 40
2290 3124 79 23 0,0.
2374 3126 80 23 .60.0
2480 3128 14 20 0

1903 3144 64 21 Hire
1978 3150 26 15 of
2014 3151 70 16 ditto
2091 3152 5 15 :
2112 3145 42 23 Per
2160 3147 54 29 day,
2222 3156 14 15 a
2246 3166 9 4 ..
2265 3166 16 7 ,.
2421 3168 2 3 .

1929 3173 61 19 team
1999 3170 47 23 and
2052 3171 74 24 driver
2249 3177 54 22 10
2329 3179 16 20 0
2360 3192 20 9 ..
2397 3180 15 21 2
2438 3182 15 20 0
2479 3182 15 21 0

1903 3196 88 23 Sheep:
2005 3197 114 23 Each....
2246 3204 15 21 0
2274 3204 39 26 12.
2328 3206 15 21 0
2359 3220 19 9 ..
2395 3208 16 21 0
2424 3208 27 21 18
2477 3209 16 20 0

1901 3224 64 22 Boat
1975 3224 75 24 Hire:
2065 3226 43 22 Per
2113 3227 50 34 day,
2169 3229 65 22 with-
2267 3240 5 5 -

2092 3257 40 19 out
2140 3254 89 25 hands.
2244 3258 56 22 010
2326 3261 15 21 0
2358 3274 19 8 ..
2395 3261 56 23 10
2476 3263 16 21 0

1900 3304 88 24 Wages
1993 3313 6 15 :
2028 3306 139 31 Mechanics,
2192 3317 42 21 per

1915 3335 43 12 ''■'
2054 3335 93 22 week.J
2246 3339 15 20 2
2275 3339 26 22 14
2326 3342 16 19 0
2358 3354 19 7 ..
2393 3342 15 21 3
2435 3343 15 20 6
2476 3344 17 20 0

2036 3361 126 24 Labourers
2179 3378 47 8 ....
2245 3366 11 20 1
2272 3366 27 21 10
2325 3368 15 20 0
2356 3380 20 7 ..
2393 3368 12 21 1

1920 3415 39 17 The
1970 3415 49 17 New
2030 3415 98 17 Zealand
2138 3417 93 17 Gazette
2237 3418 37 17 and
2284 3418 136 20 Weilington
2432 3422 58 18 Spec-

1899 3440 64 13 tator
1968 3436 17 17 is
1992 3436 97 21 published
2095 3441 53 17 every
2154 3436 115 24 Wednesday
2278 3438 35 18 aiid
2325 3439 95 23 Satui'day.
2432 3441 2 5 '
2441 3443 46 17 Sub-

1895 3458 63 20 joined
1964 3462 31 12 are
2002 3457 32 17 the
2040 3459 65 15 terras:
2294 3465 15 14 -j,
2341 3465 7 4 -
2361 3455 50 20 •-.-'*
2433 3466 30 12 .-V!

1894 3479 2 5 1
1919 3479 64 16 Price
1990 3482 24 13 of
2021 3482 41 13 the
2066 3478 98 17 Papeb.—
2164 3478 57 22 Forty
2225 3479 83 22 shillings
2314 3485 34 17 per
2357 3486 77 15 annum,
2444 3489 45 15 pay-

1898 3500 40 17 able
1943 3499 108 17 in'advance
2055 3504 5 14 ;
2070 3503 22 13 or
2097 3503 34 12 one
2138 3498 77 22 shilling
2219 3500 30 16 for
2254 3500 58 22 single
2319 3504 98 18 numbers.-
2422 3511 5 3 -
2435 3509 4 4 ■
2451 3509 4 4 '

1918 3520 242 17 ArjVESTisEM£KTS^-Six
2169 3520 50 17 lines
2228 3521 38 17 and
2275 3523 65 21 under,
2351 3525 56 18 Ssv6d
2419 3526 28 17 for
2453 3525 33 19 the

1896 3539 45 19 first*
1946 3540 95 19 insertion,
2052 3540 37 17 and
2099 3542 34 14 ode
2143 3540 77 23 sWUing
2225 3542 29 17 for
2259 3543 44 17 each
2310 3545 112 21 subsequent
2426 3547 60 17 inser-

1896 3562 40 16 tion
1940 3566 5 15 ;
1956 3561 48 17 from
2009 3561 31 17 six
2046 3562 19 16 to
2072 3563 30 15 ten
2109 3561 53 20 lines,
2169 3562 37 18 five
2213 3563 85 22 shillings
2305 3565 33 17 for
2347 3566 31 17 the
2388 3565 49 21 first?
2439 3567 44 18 <iind
2489 3567 3 5 '

1896 3587 35 12 one
1941 3582 76 20 shilling
2026 3582 37 16 and
2073 3582 86 21 sixpence
2169 3583 29 17 for
2207 3584 47 17 each
2263 3586 113 20 subsequent
2383 3587 101 19 insertion:

1896 3604 57 16 above
1962 3605 32 14 ten
2003 3602 55 20 lines,
2068 3602 35 17 five
2115 3603 85 22 shillings
2207 3605 32 17 for
2249 3606 31 16 ths
2289 3606 40 18 first
2339 3608 32 16 ten
2380 3608 60 20 lines,'
2446 3610 37 16 and
2490 3603 2 3 '

1894 3624 98 21 fourpence
1997 3623 111 20 perlinefor
2114 3624 33 17 the
2152 3629 66 13 excess
2223 3626 22 17 of
2252 3627 41 16 that
2299 3629 85 19 number;
2394 3630 89 18 andttfo-
2489 3624 3 5 '

1894 3649 58 16 pence
1957 3648 33 17 per
1995 3643 38 17 line
2039 3644 28 16 for
2073 3645 46 17 each
2125 3645 113 22 subsequent
2242 3647 96 18 insertion.
2373 3658 12 12 
2399 3650 31 12 '•-
2448 3657 12 5 •-

1915 3663 202 26 Advertisements-will
2122 3674 32 16 not
2159 3678 69 19 appear
2236 3674 21 17 in
2268 3675 31 17 the
2307 3676 80 21 ensuing
2397 3678 84 19 number,

1894 3693 18 16 if
1919 3693 83 17 received
2007 3692 49 17 later
2061 3693 45 18 than
2119 3695 19 16 10
2144 3694 74 20 o'clock,
2225 3700 50 16 a.m.,
2281 3700 23 13 on
2310 3697 33 17 the
2350 3698 92 21 mornings
2449 3700 32 16 be-

1894 3714 38 16 fore
1945 3713 119 22 publication.
2085 3714 158 19 Advertisements
2256 3717 37 16 will
2303 3718 23 17 be
2336 3718 99 19 continued
2441 3720 38 17 and
2486 3732 5 5 ,

1894 3735 78 20 charged
1981 3734 51 17 until
2040 3736 166 21 counter-ordered-,
2218 3737 45 17 such
2270 3738 52 17 order
2327 3740 51 16 must
2382 3740 24 16 be
2412 3742 42 15 sent
2460 3742 20 17 to

1894 3756 31 16 the
1934 3756 56 16 Office
2002 3757 37 15 two
2057 3756 44 21 days
2119 3757 60 16 before
2190 3758 116 21 publication,
2317 3759 38 17 and
2365 3762 51 15 must
2424 3762 23 16 be
2456 3761 23 17 in

1893 3776 79 21 writing.
1995 3777 157 17 Advertisements
2164 3778 83 17 received
2266 3779 52 22 after
2334 3781 23 16 10
2371 3780 68 18 o'clock
2453 3787 25 12 on

1893 3798 84 20 Tuesday
1990 3798 37 17 and
2037 3798 66 21 Friday
2110 3799 97 21 mornings
2218 3799 38 18 will
2265 3800 23 17 be
2298 3801 78 21 charged
2386 3801 52 18 twice
2446 3803 33 17 the
2487 3807 4 5 '

1893 3818 54 17 usual
1952 3820 54 15 rates.
2171 3832 3 6 ,
2214 3832 27 6 .„,
2252 3831 3 5 ,
2275 3824 11 8 -■
2333 3834 2 5 ,
2364 3828 3 4 •
2411 3824 10 10 -i
2438 3824 32 12 ,•:.
2489 3833 2 6 ,

1907 3839 38 17 'All
1951 3839 67 20 orders,
2029 3839 162 21 advertisements,'
2197 3840 36 17 and
2244 3842 162 18 communications
2416 3842 21 19 'to
2447 3845 33 17 ths

1893 3860 69 19 Editor,
1969 3864 30 13 are
2004 3860 97 19 requested
2108 3862 18 15 to
2133 3861 21 16 be
2160 3860 101 18 addressed
2266 3863 19 15 to
2291 3862 37 17 this
2334 3864 62 15 Office.

690 116 138 49 HOUSE
843 118 40 22 TO
899 119 65 27 LET,
979 119 89 22 WELL
1082 119 191 28 FURNISHED,

774 144 24 22 in
819 151 44 16 one
878 146 27 21 of
924 146 39 22 the
979 149 59 20 most
1054 146 102 28 pleasant
1171 150 64 25 parts
1252 147 26 22 of

692 170 141 27 Wellington.
862 172 76 28 Apply
947 175 25 20 to

831 203 125 31 Wallace,
967 206 92 28 White,
1068 207 46 22 and
1124 207 125 23 Wallace.

715 236 58 22 Nor.
786 238 36 25 30,
834 239 62 21 1841.

837 283 40 20 To
892 283 33 21 be
940 285 67 20 Sold
1026 290 30 15 or
1069 285 57 21 Let.

687 312 14 13 rrWOr
703 312 76 22 rWo
792 313 102 23 Wooden
906 314 95 27 Houses,
1012 322 29 14 on
1048 315 38 22 the
1091 315 184 28 Tinakore-road,

696 336 25 23 ■L
763 340 37 22 the
820 341 83 21 second
922 348 50 14 acre
990 342 58 21 from
1067 342 94 27 Captain
1177 342 98 28 Smith's,

730 367 132 27 containing
875 367 51 22 four
934 375 75 14 rooms
1019 368 45 22 and
1078 376 13 14 a
1103 376 100 20 passage,
1219 371 58 20 each

686 391 53 23 with
756 393 53 22 zinc
827 393 69 26 roofs,
908 410 3 6 .
922 394 46 22 and
989 394 25 22 in
1037 402 67 20 every
1120 399 89 24 respect
1226 395 51 23 well

686 418 101 23 finished.
816 420 133 22 Terms—lf
956 421 56 27 sold,
1022 421 60 22 £150
1092 422 35 21 for
1132 422 131 22 each-house
1270 431 5 19 ;

686 445 20 21 if
715 445 38 28 let,
765 447 32 22 £1
808 454 42 20 per
858 447 65 22 week
931 447 36 23 for
976 447 55 23 each
1039 448 78 23 house.
1144 449 79 27 Apply
1231 452 23 19 to
1273 454 4 5 '

1015 490 13 13 ■:
1053 497 3 3 •
1077 482 76 22 James
1167 482 81 22 Watt.

711 506 146 28 Wellington,
865 507 60 22 Nov.
935 508 34 26 27,
979 509 62 21 1841;
1153 518 12 20 ,-
1212 527 4 5 >

685 549 80 23 PORT
786 550 184 23 NICHOLSON
1000 552 68 22 AND
1090 552 185 24 WANGANUI.

798 585 92 21 Lands
901 587 28 20 to
939 585 35 21 be
983 586 50 21 Let
1044 592 29 15 or
1085 587 73 21 Sold.

686 617 164 49 SEVERAL
870 618 71 22 Town
960 619 45 22 and
1019 619 99 28 Country
1136 621 98 21 sections
1240 635 2 5 .
1251 621 24 21 in

730 670 6 5 #
748 643 38 23 the
799 645 55 21 Port
863 645 125 22 Nicholson
1005 645 89 28 district,
1111 647 45 21 and
1176 648 101 27 Country

685 670 95 22 sections
786 671 24 21 in
820 671 38 22 the
868 671 128 28 Wanganui
1005 672 91 29 district,
1106 673 54 22 with
1169 673 38 22 the
1215 674 62 27 right

685 697 26 21 of
729 697 62 27 early
810 697 89 23 choices
918 698 82 27 (under
1016 700 34 26 14)
1069 706 24 16 or
1113 699 39 23 the
1167 700 109 23 intended

685 724 108 27 township
800 724 69 28 there,
879 729 23 17 to
908 725 27 22 be
941 725 50 22 sold
997 733 25 15 or
1028 725 38 23 let.
1094 726 45 22 For
1144 727 131 28 particulars

685 750 44 22 and
737 753 75 25 terms,
824 751 68 28 apply
901 755 24 19 to

857 791 4 6 •
869 779 96 22 Robert
979 779 28 22 R.
1022 779 98 28 Strang,
1136 779 109 24 Solicitor.

711 803 146 28 Wellington,
868 805 59 22 Nov.
936 807 35 26 25,
982 807 52 21 1841

936 851 85 21 Land.

687 882 64 49 TO
775 883 40 22 BE
838 884 66 27 LET,
929 883 38 22 the
985 884 114 29 following
1115 888 61 20 town
1201 893 69 20 acres,

748 910 55 22 Nos.
815 917 30 15 on
855 911 38 21 the
904 911 112 28 Surveyor
1031 911 117 23 General's
1158 913 65 26 Plan,
1238 915 34 24 84,

683 936 33 26 85,
727 937 47 27 264,
785 938 48 25 384,
844 939 49 26 385,
908 939 48 26 400,
974 939 48 26 640,
1031 939 48 28 516,
1096 939 48 28 747,
1159 940 48 27 790,
1224 941 47 26 863,

683 964 46 26 966,
739 965 49 26 967,
803 965 62 21 1056.
949 955 322 13 »»»»»»

711 990 53 22 Arid
787 998 13 14 a
823 991 85 22 section
930 995 23 18 at
974 992 133 27 Wanganui,
1132 993 84 23 chosen
1242 993 30 26 by

683 1016 42 22 Mr.
735 1017 57 28 Bell,
803 1018 46 21 No.
859 1025 30 15 on
899 1018 57 22 Plan
966 1020 47 20 158.

709 1043 32 21 To
757 1044 29 22 be
803 1044 56 28 sold,
871 1052 14 14 a
895 1046 84 22 section
989 1049 24 19 at
1022 1045 134 28 Wanganui.

711 1071 74 28 Apply
794 1074 24 19 to

790 1099 146 22 Alexander
949 1099 89 28 Perry,-
1050 1099 192 29 Lambton-quay.

891 1145 83 20 Cloth
983 1146 80 25 Caps.

683 1176 71 49 ON
769 1177 79 21 SALE
862 1179 23 20 at
895 1177 37 22 the
942 1181 71 19 stores
1023 1179 26 21 of
1061 1178 36 23 the
1107 1179 162 28 undersigned,

745 1211 13 14 a
767 1203 62 28 large
840 1207 135 19 assortment
984 1205 26 21 of
1020 1205 63 27 boys'
1093 1205 46 23 and
1149 1205 121 24 childrens'

681 1230 50 22 blue
742 1230 61 22 cloth
813 1231 46 21 and
873 1231 64 21 other
953 1232 68 27 fancy
1030 1240 60 20 caps,
1101 1233 96 28 varying
1211 1233 59 23 from

681 1258 31 20 ss.
723 1257 35 21 6d.
769 1260 23 19 to
802 1259 46 21 10s.
859 1258 63 22 each.

709 1283 48 23 One
767 1291 52 15 case
834 1284 79 22 ladies'
929 1285 64 22 boots
1003 1285 45 23 and
1064 1285 71 29 shoes,
1147 1287 124 28 consisting

682 1311 34 21 of:
718 1322 29 4 —

708 1338 92 27 Lasting
807 1338 73 27 boots,
890 1339 32 22 Bs.
932 1346 41 20 per
981 1339 55 32 pair,

708 1364 92 28 Lasting
810 1365 100 28 slippers,
921 1366 32 22 ss.
965 1365 62 28 ditto,

708 1391 92 28 Lasting
815 1392 66 22 shoes
897 1392 43 22 silk
956 1393 85 28 bound,
1056 1393 54 23 with
1126 1394 48 28 ties,
1186 1396 33 20 6s.
1229 1402 41 21 per

680 1418 53 27 pair,

708 1445 95 23 Leather
819 1445 73 29 shoes,
903 1445 41 23 silk
961 1447 83 27 bound,
1055 1447 53 23 with
1124 1448 48 27 ties,
1183 1449 33 22 6s.
1228 1456 42 20 per

666 1469 2 27 !
680 1472 54 27 pair,

936 1500 128 22 Anderson
1073 1501 45 22 and
1129 1501 111 24 Rowand.

706 1525 121 23 Thorndon
838 1527 73 26 Quay,
922 1527 59 22 Nov.
991 1529 33 25 26,
1036 1529 61 21 1841.

840 1572 53 21 For
903 1572 99 21 Native
1013 1573 94 22 Trade.

687 1604 85 22 TUST
786 1606 134 27 OPENED,
931 1613 13 14 a
955 1606 61 27 large
1034 1610 134 19 assortment
1183 1607 27 22 of
1220 1608 49 22 real

679 1628 27 25 O
729 1632 107 27 Whitney
846 1632 110 28 blankets,
967 1633 89 28 napped
1065 1641 28 15 on
1103 1634 55 22 both
1167 1635 66 27 sides,

706 1659 49 21 10-4
774 1666 53 20 rugs
846 1659 44 23 and
897 1686 5 5 a
910 1663 169 24 counterpanes,
1099 1661 68 27 fancy
1184 1661 80 28 prints,

680 1689 74 18 cotton
763 1686 181 27 handkerchiefs,
956 1687 101 26 calicoes,
1069 1688 40 22 &c.

706 1713 82 26 Square
810 1713 33 27 fig
865 1713 126 22 Cavendish
1014 1715 99 26 tobacco,
1134 1715 45 22 and
1203 1715 63 28 large

677 1739 87 22 bowled
783 1740 64 27 pipes
862 1740 163 27 uncommonly
1039 1741 76 28 cheap,
1131 1742 45 22 and
1193 1743 75 22 which

678 1766 51 27 they
740 1773 42 15 can
791 1767 56 21 with
861 1767 132 23 confidence
1007 1769 145 21 recommend
1167 1769 36 22 for
1219 1769 47 23 Na-

676 1793 46 21 tive
730 1793 72 22 trade.

704 1820 82 22 Orders
795 1820 59 22 from
863 1828 46 20 any
919 1821 25 21 of
955 1820 38 22 the
1005 1821 63 22 other
1082 1822 140 24 settlements
1232 1826 34 20 at-

677 1847 79 22 tenced
764 1850 24 19 to
798 1847 55 23 with
861 1847 142 28 punctuality
1012 1848 45 22 and
1066 1849 108 28 dispatch.

951 1882 126 23 Anderson
1092 1883 46 22 and
1153 1884 111 23 Rowand.

702 1914 122 23 Thorndon
835 1916 73 27 Quay,
918 1916 59 22 Nov.
988 1918 34 25 26,
1033 1919 60 21 1841.

675 1960 162 48 BARLEY,
855 1960 46 23 and
912 1961 78 28 barley
1000 1961 46 23 and
1061 1962 73 23 wheat
1150 1967 66 19 straw
1230 1964 36 22 for

750 1987 54 22 sale.

1065 2016 75 23 James
1155 2017 120 27 Watt.j^T

701 2039 151 29 Berhampore
864 2040 73 28 Farm,
951 2041 50 22 Oct.
1012 2043 34 25 28,
1057 2044 60 20 1841.

851 2086 129 21 Juvenile
990 2087 100 21 Books.

681 2118 85 22 TUST
775 2119 134 28 OPENED,
922 2120 45 21 and
977 2127 28 14 on
1016 2121 45 24 sale
1070 2124 23 18 at
1108 2121 40 22 the
1165 2122 65 22 office
1239 2123 26 22 of

673 2148 33 29 «/_
731 2145 45 23 this
793 2154 76 20 paper,
890 2154 14 14 a
922 2147 61 27 large
1000 2147 117 23 collection
1143 2149 27 22 of
1193 2149 71 22 books

673 2172 71 22 suited
758 2173 36 21 for
811 2173 39 22 the
864 2174 103 27 juvenile
983 2174 111 23 branches
1111 2176 27 21 of
1148 2183 14 15 a
1175 2176 87 28 family,

675 2199 122 28 consisting
812 2200 26 21 of
838 2211 26 5 —

700 2226 110 23 Coloured
819 2227 144 28 battledores,
974 2228 36 22 3d.
1021 2228 62 28 each,

701 2253 19 21 A
730 2254 104 28 quantity
850 2254 26 22 of
885 2258 40 24 toy
940 2255 78 27 books,
1029 2256 37 21 Id.
1083 2256 61 28 each,
1162 2257 46 22 and
1223 2257 39 23 the

671 2279 115 29 following
793 2281 81 27 works,
885 2286 39 22 got
932 2289 31 21 up
972 2282 24 21 in
1007 2289 14 15 a
1028 2289 55 21 very
1092 2287 54 18 neat
1155 2284 57 28 style
1218 2293 6 14 :
1226 2296 28 5 —

840 2316 45 14 ONE
901 2316 109 15 SHILLING
1023 2317 67 14 EACH.

699 2333 104 24 Children
819 2336 28 21 of
861 2334 40 23 the
917 2336 94 28 Abbey;
1033 2343 14 15 a
1064 2337 50 27 tale,
1132 2338 31 27 by
1172 2338 91 28 Regina

671 2360 73 23 Maria
753 2362 85 27 Roche,

698 2387 93 29 History
801 2389 27 22 of
838 2389 64 27 Lucy
912 2389 72 29 Clare,

697 2415 93 28 History
800 2416 27 22 of
838 2416 40 23 the
888 2416 83 28 Faries,

697 2441 108 24 Russell's
813 2451 69 14 seven
892 2451 108 21 sermons,
1012 2444 50 23 fifth
1071 2445 93 29 edition,

696 2469 88 28 JEsop's
793 2470 88 28 Fables,

697 2496 57 22 Irish
764 2497 63 25 tales,
838 2498 85 26 stories,
936 2498 45 21 and
990 2499 126 27 anecdotes,

697 2522 125 30 Elizabeth,
835 2532 25 14 or
869 2524 39 22 the
918 2525 70 22 exiles
998 2526 26 21 of
1034 2526 95 28 Siberia,

697 2549 55 23 Paul
763 2551 46 22 and
820 2551 110 28 Virginia,

695 2577 47 22 The
752 2578 55 22 Post
816 2578 95 28 Captain
916 2587 7 19 ;
934 2586 25 14 or
969 2578 38 23 the
1016 2579 102 23 Wooden
1128 2580 72 24 Walls
1209 2582 52 22 well

669 2605 104 27 manned,

695 2631 47 22 The
751 2632 57 22 lives
818 2632 46 23 and
878 2632 87 23 actions
981 2632 27 23 of
1019 2633 39 22 the
1071 2637 59 19 most
1144 2635 116 24 notorious

669 2658 172 29 Highwaymen,

695 2685 46 22 The
758 2686 109 23 Patriotic
884 2686 79 28 Sailor,
981 2694 26 15 or
1026 2687 104 23 sketches
1146 2689 26 21 of
1191 2690 66 23 naval

668 2711 47 29 life,

694 2738 50 23 Life
757 2740 27 22 of
795 2740 135 28 Bonaparte,
1254 2752 5 12 r

694 2766 94 29 History
798 2768 26 21 of
835 2768 75 22 Baron
920 2768 165 28 Munchausen,

694 2793 47 23 The
750 2794 65 22 Book
826 2795 26 21 of
862 2795 147 28 Knowledge,

695 2820 107 24 Memoirs
826 2822 27 21 of
872 2822 145 27 Amoranda;
1043 2830 25 15 or
1086 2823 39 23 the
1146 2825 113 23 reformed

671 2851 85 24 coquet,
1239 2869 11 9 s

694 2874 60 22 Lord
763 2875 166 23 Chesterfield's
938 2876 88 23 Letters
1035 2880 24 20 to
1068 2877 35 23 his
1113 2886 49 20 son,

694 2901 97 28 Elegant
801 2902 87 28 Poems,
908 2915 5 4 •

696 2928 49 22 Life
755 2929 27 22 of
792 2929 95 28 Captain
898 2929 69 23 Cook.

869 2964 110 16 SIXPENCE
989 2965 68 15 EACH.

692 2982 52 22 Two
753 2983 75 22 sisters
838 2983 46 22 and
892 2983 129 29 fisherman,

693 3009 105 23 Soloman
815 3011 136 22 Sobersides
962 3011 121 24 Christmas
1091 3013 57 23 tales
1157 3014 35 22 for
1201 3015 56 28 boys
1269 3011 1 26 i

666 3036 45 22 and
718 3037 61 27 girls,
1269 3039 1 17 I

692 3063 91 23 Mother
792 3064 100 22 Bunch's
901 3065 59 28 fairy
969 3065 62 29 tales,

692 3090 87 29 Beauty
789 3091 46 22 and
845 3091 38 23 the
893 3092 75 27 Beast,

692 3117 95 29 History
797 3119 27 21 of
833 3119 59 21 little
902 3119 66 27 Jack,
977 3135 3 3 .

692 3143 94 30 History
795 3145 27 22 of
832 3145 117 23 Robinson
960 3147 90 28 Crusoe,

691 3171 47 22 The
748 3172 135 23 valentine's
892 3173 49 28 gift,

691 3197 93 29 History
808 3199 27 23 of
858 3199 98 29 Tommy
979 3201 108 29 Playlove
1110 3203 46 22 and
1179 3204 75 28 Jacky

664 3225 127 28 Loveboolc,

689 3252 47 22 The
746 3253 102 28 triumph
856 3253 27 23 of
892 3254 60 27 good
960 3258 89 25 nature,

690 3279 65 28 Story
765 3280 26 22 of
801 3280 59 22 little
869 3281 61 22 Dick
939 3282 45 22 and
993 3282 35 22 his
1036 3283 140 29 playthings,-

689 3305 47 23 The
746 3307 135 23 adventures
891 3308 26 22 of
928 3309 96 28 Finetta,

689 3332 94 29 History
793 3334 26 22 of
826 3334 161 23 Graciosaand
995 3337 108 28 Percinet,
1113 3345 14 14 a
1135 3338 115 29 fairytale,

690 3360 84 22 Sinbad
782 3361 39 22 the
830 3361 76 26 sailor,
917 3361 4 4 '

688 3387 103 28 Tragedy
800 3388 27 22 of
836 3388 109 28 Douglas.

842 3423 151 16 THREEPENCE
1002 3425 67 15 EACH.

682 3458 3 4 .
688 3440 42 23 Obi
737 3449 5 19 ;
758 3448 26 15 or
793 3441 176 30 three-fingered
978 3444 64 28 Jack,
1168 3441 4 5 '
1193 3444 5 4 '

686 3467 56 23 Blue
751 3469 82 27 Beard,
951 3469 4 3 '
1052 3486 7 8 „
1076 3481 12 6 -

686 3494 55 23 Puss
749 3495 25 22 in
783 3495 77 29 Boots,
1031 3512 5 6 .
1050 3495 16 12 '■

686 3521 90 23 Mother
785 3522 118 29 Hubbard,
915 3524 45 22 and
969 3524 41 23 her
1019 3526 123 23 wonderful
1153 3530 41 25 cat,

687 3549 106 28 Aladdin,
804 3557 26 14 or
840 3550 38 22 the
888 3551 125 23 wonderful
1022 3552 67 29 lamp,

687 3575 106 23 Children
802 3577 24 21 in
836 3577 39 22 the
885 3578 72 27 wood,

657 3620 4 4 .
686 3602 57 22 Jack
753 3603 46 22 and
807 3603 40 22 the
856 3604 59 22 bean
926 3605 67 27 stalk,
1068 3601 8 9 *

654 3644 4 4 .
687 3629 120 22 Gulliver's
817 3631 89 27 travels,

684 3656 39 22 Ali
731 3657 64 21 Baba
802 3665 5 20 ;
824 3665 26 14 or
857 3658 39 21 the
908 3658 61 28 forty
977 3658 92 30 thieves,

685 3683 83 22 Sinbad
779 3683 37 22 the
826 3685 75 26 sailor.

685 3709 93 28 History
788 3711 27 21 of
826 3711 35 22 Sir
871 3711 99 22 William
979 3712 107 30 Wallace,

684 3737 143 22 Adventures
837 3738 27 24 of
874 3738 57 22 Tom
941 3738 97 24 Thumb.

921 3773 63 21 ALSO,

684 3789 79 28 Gray's
775 3791 142 28 Arithmetic,

683 3816 78 29 Ready
772 3817 137 29 Reckoners,

682 3842 121 25 Johnson's
812 3845 141 29 Dictionary,

682 3869 83 23 Pocket
773 3871 98 28 Reciter,

682 3897 116 22 Anecdote
815 3899 27 20 of
852 3899 49 27 wit;
922 3899 57 22 Irish
994 3900 44 28 wit,
1056 3902 85 28 budget
1157 3904 26 22 of
1200 3905 49 27 -wit,'

655 3923 45 21 and
709 3930 55 21 song
772 3925 71 21 books
852 3925 24 22 in
885 3930 64 22 great
957 3928 93 28 variety.

681 3956 128 24 November
817 3959 35 27 29,
863 3958 62 24 1841.

114 115 42 19 To
166 115 135 26 .Captains
312 116 55 20 and
379 116 90 21 Mates
485 115 31 21 of
527 117 109 20 vessels.
654 125 5 19 \

76 148 94 47 LOG
187 148 75 21 Books
280 149 36 21 for
330 149 51 21 Sale
397 153 22 17 at
438 148 37 22 the
490 149 70 23 Office
578 149 27 22 of
618 149 44 23 this

151 181 75 20 paper.

106 201 85 20 Gazette
205 201 78 25 Office,
294 201 59 22 Nov.
363 203 33 25 26,
407 203 61 21 1841.

201 247 54 20 For
268 247 70 24 Sale,
351 247 59 26 just
424 247 114 26 arrived,

83 294 97 20 r/\/\
324 281 25 21 of
371 281 107 26 PAPER,
498 281 121 27 consisting
638 281 24 22 of

76 302 105 39 t3«lll
194 307 101 27 printing
306 307 73 27 demy,
390 307 65 22 letter
468 308 45 21 and
527 311 51 18 note
592 315 69 21 paper

196 334 27 21 of
234 334 89 22 various
333 334 56 21 sizes
395 334 45 21 and
447 335 108 27 qualities,
564 334 97 27 blotting

74 368 75 20 paper,
160 360 66 22 white
237 361 44 20 and
291 360 111 27 coloured,
416 361 52 22 blue
478 362 118 26 wrapping,
608 362 49 26 bag,

74 387 69 27 Kent,
154 387 68 26 hand,
233 387 45 21 and
287 388 101 26 imperial
398 388 160 27 brown-paper.

74 431 66 34 rpO
156 431 37 22 BE
208 431 67 27 LET,
290 431 39 22 the
346 435 59 19 town
423 438 50 16 acre
488 431 46 23 No.
543 433 47 26 210,
602 440 29 14 on
645 440 14 15 a

80 454 29 26 JL
147 457 103 28 building
259 458 67 27 lease,
335 459 36 21 for
379 459 102 21 fourteen
492 466 70 21 years.

99 485 33 21 To
142 485 28 21 be
180 485 32 21 let
219 492 25 14 or
254 485 53 27 sold,
320 485 37 21 the
368 488 59 18 town
435 492 51 16 acre
495 485 43 22 No.
549 487 47 21 642.

99 511 33 21 To
142 511 28 21 be
186 511 55 25 sold,
254 511 36 21 the
306 512 151 27 preliminary
461 511 112 28 (country)
593 512 65 23 Land

73 538 72 21 Order
163 538 44 21 No.
226 539 45 25 153,
292 538 75 22 which
385 538 77 23 stands
480 540 83 20 seventh
577 539 25 22 in
619 539 38 22 the

72 565 64 21 order
147 565 25 21 of
177 564 77 22 choice
262 569 24 17 at
295 565 39 22 the
343 569 56 18 next
408 565 109 23 selection
525 566 26 22 of
563 570 94 23 country

73 591 103 23 sections.
205 591 76 28 Apply
292 595 22 18 to

344 618 23 22 J.
382 619 25 21 T.
422 618 145 28 Wicksteed,

407 645 222 28 Hawkstone-street,

147 689 131 28 Building
292 690 172 21 Allotments
477 692 29 20 to
522 692 57 22 Let,

72 722 91 48 THE
182 722 200 22 ADVERTISER
396 723 65 23 offers
475 731 60 20 upon
551 724 107 27 BuiLding

147 749 88 27 Leases,
247 757 13 13 a
269 750 96 21 number
375 750 25 22 of
409 750 70 22 Town
487 751 137 22 Allotments
632 752 24 22 in

70 775 38 22 the
117 779 60 18 most
186 776 108 22 desirable
302 779 63 24 parts
374 776 26 22 of
409 777 45 21 this
464 777 138 23 Settlement.

97 802 49 23 The
163 803 111 21 attention
290 804 28 20 of
334 803 39 22 the
388 804 76 27 public
479 805 19 21 is
515 805 142 28 particularly

70 829 72 22 called
160 833 24 18 to
202 830 39 21 the
259 830 125 27 advantage
402 830 27 22 of
445 830 106 29 Building
567 831 88 28 Leases,

68 856 74 22 which
151 856 37 22 the
198 856 152 28 undersigned
358 864 20 14 is
388 857 95 22 enabled
492 862 23 18 to
524 861 71 25 grant,
603 859 52 27 viz.,

67 883 59 21 from
136 891 68 13 seven
214 886 24 18 to
254 886 140 24 twenty-one
409 884 72 27 y6ars,
499 885 120 28 according
633 889 22 18 to

68 910 39 21 the
125 910 65 22 value
209 910 27 21 of
255 910 39 22 the
316 910 114 27 buildings
451 912 109 27 proposed
581 916 24 18 to
628 912 28 22 be

71 936 96 23 erected.
194 936 77 28 Apply
281 939 23 19 to

233 965 22 20 J.
270 964 27 22 T.
312 963 147 27 Wicksteed,
470 972 25 15 or

233 990 35 22 W.
283 991 30 22 V.
327 991 107 28 Brewer,
450 991 192 23 Manners-street.

71 1035 121 27 Country
207 1037 125 21 Sections
351 1037 43 21 for
412 1037 61 22 Sale
493 1044 37 15 on
548 1038 107 25 Liberal

314 1064 102 21 Terms.

73 1088 163 48 SEVERAL
270 1090 102 22 Sections
399 1091 47 22 0f..-
455 1091 100 29 Country
582 1092 71 30 Land,

135 1115 91 28 already
236 1115 82 23 chosen
327 1117 25 22 in
361 1117 38 22 the
412 1118 93 23 Porirua
520 1120 89 28 district,
621 1121 34 22 for

69 1141 58 28 Sale,
139 1150 74 14 terms
222 1150 106 15 liberal.
357 1145 77 27 Apply
443 1148 23 19 to
474 1147 2 4 '

163 1176 24 21 F.
203 1176 30 22 A.
247 1177 171 29 Molesworth,
435 1179 184 30 Murphy-street,
630 1190 24 14 or

161 1202 37 22 W.
214 1203 28 22 V.
257 1204 108 28 Brewer,
375 1205 193 25 Manners-street.

258 1249 77 21 Land
346 1249 42 22 for
398 1251 66 21 sale.

69 1280 91 49 THE
179 1281 90 22 TOWN
286 1282 84 23 ACRE
385 1284 123 23 numbered
525 1287 26 21 93
568 1293 29 15 on
615 1287 38 22 the

129 1308 241 28 Surveyor-General's
382 1318 59 20 map,
453 1312 45 22 and
507 1312 37 22 the
559 1317 95 24 country

66 1335 86 21 section
161 1336 124 21 numbered
293 1336 35 27 27,
337 1344 29 14 on
374 1337 36 22 the
421 1338 93 23 Porirua
520 1340 62 22 Road
590 1348 5 20 ;
607 1341 46 22 also

67 1360 39 23 the
115 1365 60 18 town
186 1369 50 15 acre
253 1363 124 23 numbered
386 1365 40 21 383
443 1372 30 15 on
483 1365 38 23 the
530 1374 58 20 map,
599 1368 54 22 with

67 1388 39 22 the
116 1392 95 24 country
221 1390 85 22 section
314 1392 25 20 in
349 1391 39 21 the
398 1392 65 22 order
472 1393 25 21 of
509 1393 75 23 choice
593 1396 49 21 434.

389 1418 86 23 Henry
485 1420 32 22 St.
528 1420 68 23 Hill.

148 1460 131 28 Building
288 1462 169 23 Allotments
468 1466 28 20 to
513 1466 55 21 Let.

65 1495 51 48 A
144 1494 132 23 NUMBER
291 1496 27 21 of
327 1496 70 23 Town
415 1498 70 22 Acres
505 1499 24 21 in
546 1499 37 23 the
593 1504 59 19 most

146 1521 46 22 desi
199 1522 62 21 rable
271 1522 119 23 situations
398 1524 23 22 in
423 1525 145 28 Wellington,
586 1530 23 18 to
624 1528 28 22 be

65 1548 33 21 let
107 1555 28 14 on
146 1548 59 23 lease
216 1557 25 14 or
251 1549 123 29 otherwise,
382 1552 45 21 and
435 1552 43 22 will
486 1552 29 22 be
521 1553 129 23 subdivided

67 1578 22 18 to
100 1576 43 21 suit
153 1579 96 19 tenants.
278 1576 67 23 Plans
357 1578 45 22 and
416 1579 130 27 particulars
561 1588 52 21 may
622 1581 28 23 be

64 1602 75 22 learnt
149 1610 29 15 on
187 1603 135 27 application
330 1607 23 19 to

401 1632 87 23 Henry
503 1633 36 23 St.
554 1634 70 23 Hill.

64 1674 144 48 LAND
233 1675 258 24 AGENCIES.—
490 1679 40 21 TO
553 1679 99 22 LAND-

141 1701 183 23 HOLDERS.—
323 1703 49 23 The
389 1704 156 28 Undersigned
562 1706 45 28 beg
628 1710 22 19 to

63 1727 55 22 offer
127 1727 134 23 themselves
269 1733 25 18 to
303 1729 59 23 their
370 1730 85 23 friends
465 1733 45 20 and
523 1733 38 22 the
575 1733 75 27 public

62 1761 26 15 as
97 1754 87 27 Agents
192 1755 36 22 for
238 1756 37 22 the
285 1756 96 32 disposal
389 1758 26 22 of
420 1759 70 22 Town
499 1759 45 22 and
552 1759 99 30 Country

62 1781 85 28 Lands,
158 1781 45 23 and
210 1785 59 19 trust
277 1783 59 22 their
346 1784 96 23 colonial
452 1786 132 27 experience
597 1795 53 21 may

62 1808 79 22 entitle
150 1809 62 22 them
221 1812 24 19 to
254 1817 14 15 a
279 1809 65 23 share
354 1811 27 22 of
391 1811 37 22 the
437 1813 76 26 public
521 1816 127 26 patronage.

61 1868 6 5 m
89 1841 64 29 They
161 1842 47 23 will
215 1843 29 22 be
252 1843 77 29 happy
337 1848 23 19 to
370 1853 94 20 arrange
476 1847 35 22 for
520 1848 44 22 and
574 1856 76 21 super-

59 1870 82 21 intend
149 1870 38 21 the
196 1877 93 21 surveys
296 1871 46 22 and
348 1872 159 24 sub-divisions
515 1875 25 21 of
545 1875 37 22 the
587 1875 61 23 land.

62 1894 91 23 Liberal
161 1896 112 23 advances
281 1898 47 22 will
339 1899 30 22 be
383 1900 65 22 made
459 1908 29 14 on
496 1901 65 23 lands
570 1902 79 29 placed

60 1929 24 14 in
95 1922 58 22 their
160 1923 73 22 hands
240 1924 34 22 for
281 1924 54 23 sale.
363 1926 65 28 They
433 1927 45 22 will
485 1928 47 22 also
539 1929 27 21 be
574 1930 74 27 happy

60 1952 24 19 to
95 1950 64 22 assist
167 1950 136 28 proprietors
311 1952 25 22 in
345 1952 87 29 leasing
442 1954 58 22 their
508 1955 71 23 lands.

341 1986 64 23 John
415 1988 46 22 and
471 1988 58 23 Geo.
539 1989 81 24 Wade.

161 2029 158 27 Wanganui
333 2031 77 21 Land
423 2033 123 27 Agency.

60 2060 100 38 rpHE
183 2062 153 28 undersigned
362 2064 85 29 having
471 2067 88 22 resided
585 2075 61 16 some

67 2087 31 22 _L
127 2089 91 21 months
232 2093 24 18 at
269 2090 134 29 Wanganui,
422 2092 41 23 has
476 2094 59 22 been
552 2095 95 22 enabled

59 2117 23 19 to
93 2114 71 22 make.
168 2115 92 23 himself
271 2119 135 26 acquainted
415 2120 54 21 with
482 2120 38 23 the
536 2121 48 22 best
593 2122 53 23 sites

57 2141 37 21 for
103 2141 37 22 the
149 2141 107 24 selection
265 2144 27 21 of
298 2148 96 25 country
401 2146 72 28 lands,
483 2148 45 21 and
536 2148 110 23 therefore

58 2168 53 22 with
126 2169 131 23 confidence
266 2171 90 23 tenders
365 2172 35 23 his
408 2174 96 22 services
516 2178 22 18 to
547 2177 99 27 proprie-

57 2197 53 24 tors,
128 2202 25 15 as
168 2203 29 15 an
212 2197 78 27 Agent
303 2198 35 22 for
353 2199 39 22 the
407 2200 113 28 selection,
532 2202 50 28 sale,
593 2211 52 20 pur-

59 2221 73 28 chase,
144 2223 44 21 and
197 2223 87 29 leasing
292 2229 106 24 property
405 2227 26 21 in
440 2227 48 22 that
498 2228 91 24 district.

86 2248 87 23 Letters
182 2250 35 22 for
226 2251 37 22 the
273 2252 126 23 subscriber
410 2257 23 18 to
447 2254 28 23 be
489 2256 119 23 addressed
621 2260 23 20 to

57 2276 40 22 the
107 2283 51 15 care
167 2277 26 22 of
203 2277 92 23 Messrs.
306 2279 78 29 Wade,
395 2281 144 28 Wellington.

302 2313 32 21 H.
353 2314 118 28 Churton,
483 2316 132 28 Wanganui.

269 2359 165 27 Wanganui.

56 2388 90 48 FOR
159 2390 86 23 SALE.
246 2403 28 4 —
274 2392 67 23 Land
357 2394 101 24 between
476 2404 44 14 one
538 2397 44 22 and
599 2401 44 19 two

129 2417 63 22 miles
209 2418 27 21 of
247 2418 36 23 the
299 2420 109 29 township
426 2426 24 18 at
468 2422 127 29 Wanganui
608 2425 35 22 for

55 2444 53 25 sale,
118 2449 24 16 in
153 2444 76 23 blocks
240 2446 26 21 of
276 2446 45 22 five
330 2455 63 15 acres
404 2449 44 22 and
463 2451 107 28 upwards,
581 2459 26 15 or
619 2455 23 19 to

54 2470 33 20 let
96 2477 29 14 on
137 2477 55 21 very
203 2472 79 22 liberal
292 2477 76 24 terms,
379 2475 52 22 with
441 2476 38 22 the
492 2477 59 26 right
560 2479 26 21 of
591 2486 52 17 pur-

55 2496 73 23 chase.
157 2498 77 28 Apply
243 2503 23 18 to
275 2500 29 22 R.
315 2501 66 28 Park,
392 2502 60 29 Esq.,
462 2511 25 15 or
495 2507 25 19 to

55 2552 5 2 .
394 2529 22 23 J.
431 2530 45 22 and
491 2532 29 22 G.
534 2532 81 23 Wade.

240 2571 78 22 Land
330 2574 123 27 Agency.

54 2602 84 48 DR.
161 2604 86 28 REES,
265 2606 86 28 having
368 2608 80 22 settled
466 2613 23 19 at
506 2610 134 30 Wanganui,

136 2632 46 21 will
208 2632 29 22 be
260 2632 76 29 happy
359 2637 23 19 to
409 2639 38 18 act
472 2644 24 15 as
524 2642 67 23 agent
616 2640 23 21 in

54 2660 108 24 selecting
184 2660 61 26 land,
264 2667 26 14 or
313 2663 23 19 to
358 2662 50 26 give
429 2670 46 21 any
496 2665 144 23 information

52 2685 97 26 relating
158 2685 93 29 thereto,
262 2690 23 19 to
295 2688 83 27 parties
386 2689 129 25 interested.

82 2710 133 28 Wanganui.

52 2754 33 48 I
102 2755 68 22 AND
189 2757 41 21 TO
255 2758 94 23 LET.—
349 2759 71 24 Town
443 2769 63 16 acres
528 2764 44 22 No.
591 2766 47 24 168,

53 2807 5 5 .
85 2782 15 20 J
129 2783 47 27 156,
186 2785 48 26 423,
252 2785 34 27 47,
297 2788 49 25 561,
358 2789 48 26 559,
424 2789 46 22 and
481 2797 70 21 many
565 2792 75 22 others

51 2814 25 15 in
85 2811 38 19 the
133 2813 58 19 most
200 2811 109 23 desirable
324 2814 123 23 situations.
476 2816 56 23 Also
545 2822 103 22 country

51 2836 55 20 land
113 2843 29 14 on
152 2837 37 22 the
199 2837 71 23 banks
281 2840 26 21 of
314 2840 38 22 the
362 2841 138 29 River^Hutt
509 2844 45 23 and
563 2853 29 15 on
601 2846 38 22 the

52 2863 95 21 Porirua
154 2864 62 23 road.
245 2866 77 28 Apply
333 2870 23 19 to

50 2918 9 5 .
385 2917 13 7 
440 2896 21 23 J.
476 2898 37 21 W.
528 2898 82 23 Child.

264 2938 40 21 To
320 2940 33 21 be
368 2941 58 25 Let,

52 2967 165 49 SEVEgAL
231 2971 94 23 TOWN
335 2973 105 29 ACRES,
448 2976 24 22 in
481 2978 88 22 various
576 2982 62 27 parts

116 2997 27 20 of
154 2997 146 28 Wellington.
329 3000 45 22 For
381 3003 138 28 particulars,
534 3006 68 27 apply
614 3009 23 20 to

52 3058 2 1 .
227 3032 27 22 E.
269 3034 143 29 Catchpool,
424 3037 107 23 Dickson.
536 3043 74 19 street.

214 3081 40 20 To
264 3079 35 21 be
308 3081 64 21 sold
382 3087 30 15 or
421 3084 49 25 let,

48 3111 52 49 A
123 3112 171 24 VALUABLE
317 3114 177 31 FREEHOLD,
518 3119 37 23 the
586 3127 50 20 pro-

135 3143 65 25 perty
222 3140 27 22 of
266 3141 22 22 J.
314 3142 126 29 Cockburn,
462 3145 54 23 with
532 3154 14 14 a
567 3147 69 23 treble

47 3165 110 29 frontage,
167 3167 87 27 having
261 3169 27 21 38
298 3168 47 22 feet
353 3170 24 21 in
387 3170 138 29 Wellington
534 3173 101 26 Terrace,

47 3198 100 22 running
156 3195 26 20 99
191 3194 47 22 feet
253 3194 57 23 back
319 3196 25 22 in
360 3197 101 27 Taylor's
475 3199 70 28 Lane,
556 3202 45 22 and
609 3204 26 20 40

48 3220 46 20 feet
102 3220 101 27 frontage
212 3222 26 21 in
247 3222 81 23 Watt's
337 3224 79 28 Street,
427 3225 54 23 with
490 3234 14 14 a
513 3227 57 28 piese
579 3229 58 22 built

48 3248 69 19 house
134 3248 26 20 of
177 3255 34 14 six
225 3255 81 21 rooms,
316 3250 64 22 three
396 3252 26 21 of
439 3252 62 22 them
516 3254 66 28 being
596 3263 40 19 pa-

47 3274 69 24 pered
133 3274 46 21 and
198 3276 104 27 properly
324 3277 102 30 finished,
436 3279 55 23 with
507 3281 128 24 out-houses

47 3300 118 23 complete.

75 3326 64 28 Also,
149 3326 38 22 the
203 3328 77 27 eighth
294 3330 27 22 of
331 3338 29 15 an
370 3339 58 21 acre,
438 3333 43 24 No.
492 3333 47 29 726,
551 3343 30 15 on
596 3337 39 22 the

47 3354 239 26 burveyoi-General's
294 3357 62 27 plan.

73 3380 63 28 Also,
147 3380 62 23 three
225 3386 135 25 carpenter's
375 3386 98 24 benches
487 3389 45 22 and
547 3397 86 20 screws,

41 3406 37 23 for
89 3412 14 21 $
109 3408 35 22 ile.
625 3408 8 11 '

74 3434 44 23 l<or
134 3434 87 23 further
236 3437 138 30 particulars,
389 3441 92 26 enquire
504 3443 26 21 of
547 3443 44 24 Mr.
609 3445 22 23 J.

49 3464 75 24 wade,
136 3469 25 14 or
172 3464 22 19 ot
208 3464 21 20 J.
242 3464 125 29 Cockburn,
378 3474 28 15 on
416 3469 39 21 the
464 3470 117 26 premises.-

64 3508 88 20 Town
167 3509 55 21 and
237 3510 122 28 Country
373 3514 77 21 Land
464 3516 30 20 to
509 3516 33 21 be
558 3518 56 22 Let.

45 3540 169 49 SECTIONS
231 3542 45 22 and
291 3545 101 25 portions
407 3547 27 21 of
447 3547 99 24 Sections
562 3551 24 21 in
601 3551 31 22 all

113 3571 63 25 parts
192 3569 27 21 of
233 3569 38 22 the
290 3570 70 23 Town
379 3573 25 21 of
418 3573 145 30 Wellington,
583 3578 47 22 also

43 3596 101 26 Country
154 3596 101 22 Sections
269 3603 24 14 in
304 3597 38 21 the
358 3598 96 24 districts
471 3602 25 22 of
509 3603 37 22 the
563 3604 66 26 Hutt,

42 3622 39 20 the
95 3622 86 27 Kaion,
191 3622 39 23 the
241 3622 77 28 Ohiro,
330 3625 45 21 and
387 3625 37 23 the
438 3627 99 24 Porirua.
565 3631 66 26 Long

41 3648 72 21 leases
124 3648 27 21 of
156 3648 37 23 the
211 3653 95 23 country
316 3650 54 23 land
386 3653 45 21 will
446 3654 28 22 be
480 3657 102 26 -granted
599 3666 30 15 on

41 3675 133 22 reasonable
184 3679 75 19 terms.
288 3676 46 22 For
342 3679 130 26 particulars
481 3683 66 28 apply
556 3687 23 19 to

236 3710 99 23 Hanson
346 3712 47 21 and
405 3713 111 24 Alzdost

268 3737 125 24 Thorndon
401 3740 72 28 Quay.
484 3741 144 28 Wellington.

182 3782 40 20 To
237 3782 251 27 Agriculturalists.

42 3813 90 47 FOR
141 3813 85 28 SALE,
235 3822 14 14 a
256 3815 66 23 small
328 3817 105 28 quantity
438 3819 26 21 of
469 3825 55 22 very
530 3823 99 26 superior

114 3840 54 22 seed
177 3841 80 28 wheat,
267 3842 48 22 also
326 3850 13 14 a
348 3844 66 21 small
428 3847 102 27 quantity
540 3849 27 20 of
575 3851 53 21 seed

42 3866 74 27 barley
127 3867 94 23 without
229 3868 65 28 husk,
305 3869 55 22 both
370 3878 77 19 grown
462 3872 25 22 in
503 3874 37 21 the
555 3876 73 26 valley

41 3894 25 20 of
79 3894 36 20 the
125 3894 66 26 Hutt,
203 3895 46 21 and
257 3897 127 22 warranted
393 3899 25 20 of
428 3899 39 22 the
476 3899 49 23 first
535 3902 84 25 quality

43 3922 44 19 £or
96 3919 138 30 particulars,
247 3922 67 28 apply
323 3926 24 19 to

204 3949 25 21 C.
240 3949 26 22 E.
278 3951 51 21 Yon
339 3951 118 29 Alzdorf,
472 3952 86 25 Petoni.
