3082 4314
145 68 29 60 We
174 68 29 60 insert
203 68 7 60 the
210 68 6 60 following
216 68 1 60 communication
217 68 1239 60 by

143 152 211 50 partic
369 162 75 28 ula
461 150 29 38 r
490 150 60 38 re
567 160 98 46 ques
672 167 159 25 t-

141 257 16 15 The
391 252 49 21 arti
472 236 49 39 cle
521 236 241 39 in
782 246 50 40 the
832 246 50 40 Gazette,
896 242 101 40 respecting
997 242 20 40 the
1017 242 19 40 Whale
1036 242 493 40 factory

267 304 219 37 is
236 304 359 37 not
267 304 219 37 founded
517 304 73 37 on
609 301 115 40 facts
781 301 40 32 To
853 305 55 26 those
908 305 22 26 who
930 305 14 26 are
944 305 15 26 interested
959 305 15 26 in

175 356 166 41 the
175 356 166 41 subject
376 358 38 30 it
443 358 158 39 may,perhaps,afford
601 358 47 39 pleasure
648 358 10 39 to
658 358 17 39 hear
675 358 872 39 something

85 424 34 24 of
136 424 117 24 their
273 414 57 32 real
330 414 27 32 habits.
352 414 8 32 The
350 414 2 32 cow
351 414 2 32 whale
351 414 2 32 must
351 414 2 32 certainly
357 414 199 32 comes

88 480 36 28 into
124 480 18 28 the
142 480 14 28 bays
156 480 10 28 about
166 480 4 28 the
170 480 3 28 month
173 480 1 28 of
174 480 1 28 May
175 480 1 28 for
175 480 2 28 the
176 480 1 28 purpose
177 480 1 28 cal

93 543 59 23 ving,
152 543 22 23 and
174 543 10 23 is
184 543 12 23 then
196 543 4 23 in
200 543 4 23 the
204 543 4 23 finest
208 543 1 23 and
209 543 1 23 fattest
210 543 174 23 condition

94 591 95 35 lean.
189 591 15 35 She
204 591 3 35 is
207 591 1 35 also
207 591 2 35 more
207 591 2 35 easily
207 591 2 35 destroyed
207 591 2 35 at
207 591 2 35 that
208 591 1 35 period

94 652 58 35 being
152 652 28 35 more
180 652 24 35 unwieldy
204 652 6 35 and
210 652 5 35 less
215 652 5 35 dangerous,
220 652 1 35 than
220 652 2 35 at
221 652 1244 35 the

103 704 56 35 latter
159 704 15 35 end
174 704 6 35 of
180 704 4 35 the
184 704 3 35 season
187 704 1 35 when
187 704 2 35 the
187 704 2 35 cows,
187 704 2 35 like
187 704 2 35 all
187 704 2 35 other
188 704 1200 35 cows

91 772 84 32 become
175 772 29 32 lean
204 772 17 32 from
225 772 42 32 suck
274 776 71 25 ling,their
345 776 30 25 calves.
375 776 8 25 They
383 776 3 25 are
386 776 132 25 then

102 853 8 17 even
110 853 1 17 from
110 853 2 17 the
110 853 2 17 bays
110 853 2 17 by
110 853 2 17 the
110 853 2 17 males
110 853 2 17 and
110 853 2 17 becomes
111 853 1 17 wilder.

99 886 110 33 cow.
237 886 138 33 Whale
403 886 55 33 be
486 886 165 33 killed
679 886 55 33 at
762 886 82 33 the
872 886 165 33 latter
1065 886 82 33 end
1175 886 55 33 of
1258 886 82 33 the
1368 886 166 33 season

104 945 201 34 dangerous
327 945 134 34 matter
483 945 45 34 of
550 945 224 34 couree,for
796 945 45 34 it
863 945 201 34 generally
1086 945 90 34 suck
1198 945 45 34 les
1265 945 90 34 till
1377 945 67 34 the
1466 945 67 34 fol

100 1003 147 32 lowing
272 1003 147 32 season
444 1003 98 32 when
567 1003 73 32 the
665 1003 73 32 Cow
763 1003 122 32 Whale
910 1003 122 32 again
1057 1003 147 32 visits
1229 1003 73 32 the
1327 1003 98 32 bays
1450 1003 74 32 and

90 1060 130 33 after
246 1060 182 33 calving
454 1060 156 33 drives
636 1060 78 33 her
740 1060 156 33 former
922 1060 104 33 calf
1052 1060 78 33 off
1156 1060 130 33 which
1312 1060 52 33 is
1390 1060 104 33 then

169 1143 7 10 •
183 1137 56 22 'C/
307 1133 3 4 ■
323 1141 23 18 ri
355 1130 124 29 a.nated
496 1130 59 29 a
581 1124 181 41 "Scrap"

358 1212 320 68 Wellington
710 1212 288 68 September
1030 1212 128 68 16th

93 1317 156 51 Fellow
275 1317 233 51 Colonists
534 1317 52 51 of
612 1317 285 51 Wellington:
923 1317 52 51 to
1001 1317 78 51 you
1105 1317 52 51 we
1183 1317 207 51 dedicate
1416 1317 78 51 the

100 1402 193 31 Columns
320 1402 55 31 of
403 1402 82 31 our
513 1402 165 31 humble
705 1402 440 31 publication.Your
1172 1402 248 31 interests
1447 1402 82 31 are

98 1470 107 33 dear
232 1470 54 33 to
313 1470 53 33 us
393 1470 27 33 a
447 1470 54 33 nd
528 1470 54 33 we
609 1470 134 33 shall
770 1470 107 33 ever
904 1470 54 33 be
985 1470 107 33 most
1119 1470 188 33 anxious
1334 1470 54 33 to
1415 1470 81 33 meet

110 1527 77 46 the
213 1527 281 46 approbation
520 1527 51 46 of
597 1527 76 46 you
699 1527 77 46 all
802 1527 51 46 by
879 1527 281 46 discharging
1186 1527 76 46 the
1288 1527 256 46 important

104 1584 1427 1 duties,
1530 1584 1 1 which
1530 1584 1 1 devolve
1530 1584 1 1 on
1530 1584 1 1 us,
1530 1584 1 1 conscientiously
1530 1584 1 1 and
1530 1584 1 1 honest

95 1650 79 51 ly.
200 1650 105 51 Some
331 1650 52 51 of
409 1650 79 51 our
514 1650 157 51 Fellow
697 1650 210 51 Citizens
933 1650 79 51 may
1038 1650 131 51 haply
1195 1650 105 51 feel
1326 1650 209 51 suprised

99 1727 55 45 at
182 1727 82 45 the
292 1727 275 45 appearance
594 1727 55 45 of
677 1727 27 45 a
732 1727 330 45 lithographed
1089 1727 248 45 newspaper
1364 1727 83 45 and
1474 1727 55 45 be

106 1790 181 39 anxious
313 1790 52 39 to
391 1790 233 39 ascertain
650 1790 103 39 what
779 1790 78 39 may
883 1790 104 39 have
1013 1790 103 39 been
1142 1790 103 39 the
1271 1790 26 39 in
1323 1790 104 39 duce
1453 1790 26 39 -

97 1857 107 47 ment
231 1857 80 47 for
338 1857 107 47 such
472 1857 295 47 procedure-
794 1857 214 47 However,
1035 1857 53 47 it
1115 1857 107 47 must
1249 1857 53 47 be
1329 1857 188 47 obviousr

100 1930 53 41 to
180 1930 79 41 all
286 1930 105 41 that
418 1930 80 41 the
524 1930 186 41 present
736 1930 345 41 circumstances
1107 1930 53 41 of
1186 1930 80 41 the
1292 1930 238 41 Colony

105 1993 78 37 render
209 1993 105 37 such
340 1993 26 37 a
392 1993 105 37 step
523 1993 313 37 imperatively
862 1993 261 37 necessary.
1149 1993 104 37 Some
1279 1993 156 37 public

100 2058 128 30 organ
253 2058 51 30 is
330 2058 204 30 required
560 2058 51 30 to
637 2058 229 30 represent
892 2058 76 30 the
994 2058 230 30 interests
1250 2058 51 30 of
1327 2058 76 30 the
1429 2058 77 30 pub

112 2116 84 25 Lic
224 2116 195 25 without
447 2116 112 25 that
587 2116 252 25 exaggeration
867 2116 84 25 and
979 2116 447 25 misrepresentation

115 2164 134 47 which
276 2164 188 47 papers,
491 2164 80 47 got
598 2164 54 47 up
679 2164 81 47 for
787 2164 134 47 party
948 2164 322 47 purposes,are
1297 2164 54 47 so
1378 2164 107 47 wont

130 2235 63 30 to
224 2235 218 30 indulge
473 2235 31 30 in

110 2287 283 51 Accordingly
419 2287 51 51 we
496 2287 102 51 hope
624 2287 51 51 to
701 2287 77 51 lay
804 2287 154 51 before
984 2287 77 51 the
1087 2287 154 51 public
1267 2287 25 51 a
1318 2287 103 51 fair
1447 2287 77 51 and

141 2363 260 40 Impartial
430 2363 115 40 view
574 2363 57 40 of
660 2363 86 40 the
775 2363 317 40 proceedings
1121 2363 86 40 and
1236 2363 259 40 prospects

147 2425 85 39 The
260 2425 170 39 Colony
458 2425 57 39 so
543 2425 113 39 that
684 2425 142 39 every
854 2425 283 39 individual
1165 2425 85 39 may
1278 2425 57 39 be
1363 2425 113 39 ena-

132 2490 88 43 bled
249 2490 58 43 to
336 2490 233 43 transmit
598 2490 58 43 to
685 2490 87 43 his
801 2490 204 43 friends
1034 2490 58 43 at
1121 2490 116 43 home
1266 2490 29 43 a
1324 2490 174 43 faith-

130 2556 90 40 ful
250 2556 89 40 and
369 2556 238 40 accurate
637 2556 239 40 account.
906 2556 59 40 It
995 2556 59 40 is
1084 2556 209 40 painful
1323 2556 59 40 to
1412 2556 89 40 con

134 2614 251 40 Template
416 2614 125 40 that
572 2614 157 40 among
760 2614 94 40 the
885 2614 126 40 many
1042 2614 219 40 volumes
1292 2614 156 40 which

108 2673 114 48 Have
251 2673 114 48 been
394 2673 257 48 presented
680 2673 57 48 to
766 2673 85 48 the
880 2673 171 48 public
1080 2673 57 48 on
1166 2673 85 48 New
1280 2673 200 48 Zealand

121 2743 139 40 there
288 2743 55 40 is
371 2743 83 40 not
482 2743 28 40 a
538 2743 167 40 single
733 2743 111 40 work
872 2743 167 40 worthy
1067 2743 55 40 of
1150 2743 195 40 perusal
1373 2743 83 40 the

125 2808 138 41 Whole
290 2808 138 41 being
455 2808 193 41 written
675 2808 55 41 by
758 2808 192 41 persons
978 2808 82 41 who
1088 2808 110 41 were
1226 2808 137 41 ether
1391 2808 83 41 unac

121 2876 225 35 quainted
374 2876 113 35 with
515 2876 85 35 the
628 2876 197 35 subject
853 2876 57 35 or
938 2876 85 35 who
1051 2876 113 35 were
1192 2876 198 35 anxious
1418 2876 56 35 to

131 2938 211 40 Support
372 2938 91 40 the
493 2938 151 40 views
674 2938 60 40 or
764 2938 181 40 wishes
975 2938 60 40 of
1065 2938 30 40 a
1125 2938 362 40 particular

134 2991 72 1 party.

141 3049 58 49 It
228 3049 57 49 is
314 3049 115 49 then
458 3049 86 49 our
573 3049 173 49 object
775 3049 57 49 to
861 3049 173 49 supply
1063 3049 115 49 this
1207 3049 288 49 deficiency

106 3119 60 42 As
196 3119 89 42 far
315 3119 60 42 as
405 3119 90 42 the
525 3119 209 42 columns
764 3119 60 42 of
854 3119 90 42 our
974 3119 179 42 little
1183 3119 149 42 paper
1362 3119 149 42 admit

119 3178 94 47 of.

225 3227 65 60 We
323 3227 163 60 shall
519 3227 130 60 from
682 3227 130 60 time
845 3227 65 60 to
943 3227 130 60 time
1106 3227 65 60 as
1204 3227 261 60 occasion

106 3311 91 44 May
227 3311 211 44 require
468 3311 211 44 present
709 3311 91 44 our
830 3311 211 44 readers
1071 3311 121 44 with
1222 3311 91 44 all
1343 3311 121 44 the

104 3370 263 41 necessary
396 3370 322 41 information
747 3370 59 41 on
835 3370 146 41 other
1010 3370 234 41 subjects

77 3429 77 48 Our
180 3429 154 48 paper
360 3429 51 48 is
437 3429 77 48 not
540 3429 205 48 intended
771 3429 102 48 then
899 3429 51 48 to
976 3429 231 48 represent
1233 3429 77 48 the
1336 3429 154 48 inter-

79 3495 107 49 ests
213 3495 54 49 of
294 3495 80 49 any
401 3495 268 49 particular
696 3495 134 49 party
857 3495 53 49 or
937 3495 188 49 Company
1152 3495 54 49 it
1233 3495 107 49 does
1367 3495 80 49 not

84 3555 214 45 embrace
328 3555 488 45 enthusiastically
847 3555 91 45 any
969 3555 183 45 tenets
1182 3555 61 45 as
1274 3555 213 45 indispu

79 3604 154 52 table.
259 3604 77 52 Our
362 3604 128 52 motto
516 3604 51 52 is
593 3604 206 52 “pro bono
825 3604 205 52 publico”
1056 3604 77 52 and
1159 3604 77 52 our
1262 3604 180 52 highest

87 3665 229 35 ambition
345 3665 57 35 to
431 3665 200 35 benefit
660 3665 86 35 out
775 3665 172 35 Fellow
976 3665 201 35 Citizen

93 3721 83 51 The
204 3721 83 51 New
315 3721 193 51 Zealand
536 3721 221 51 Gazette
785 3721 166 51 hither
979 3721 83 51 to,
1090 3721 110 51 been
1228 3721 277 51 considered

104 3782 295 53 Infallible
429 3782 59 53 as
517 3782 89 53 the
635 3782 207 53 Delphic
871 3782 177 53 Oracle
1077 3782 59 53 of
1165 3782 89 53 old
1283 3782 59 53 if
1371 3782 59 53 he

125 3844 183 54 Turned
338 3844 152 54 Forth
520 3844 91 54 its
641 3844 243 54 thunders
914 3844 213 54 against
1157 3844 91 54 the
1278 3844 152 54 Colonial

70 3913 314 38 Government
415 3913 95 38 and
541 3913 251 38 attacked
823 3913 95 38 the
949 3913 314 38 characters

71 3959 124 1 Pute
226 3959 62 1 m
319 3959 340 1 individuals
690 3959 124 1 with
845 3959 93 1 the
969 3959 124 1 most
1124 3959 341 1 unnecessary

81 4035 96 42 and
209 4035 160 42 cruel
401 4035 287 42 spirit-In
720 4035 32 42 a
784 4035 128 42 recent
944 4035 192 42 number
1168 4035 64 42 of
1264 4035 128 42 that

86 4087 153 41 Mortal
265 4087 178 41 journal
469 4087 127 41 added
622 4087 76 41 set
724 4087 51 41 is
800 4087 102 41 made
927 4087 52 41 at
1004 4087 77 41 the
1106 4087 102 41 poor
1233 4087 179 41 weather

77 4145 219 39 Legs,and
323 4145 83 39 the
433 4145 165 39 public
625 4145 82 39 are
734 4145 192 39 edified
953 4145 110 39 with
1090 4145 28 39 a
1145 4145 110 39 land
1282 4145 164 39 second

207 4212 43 39 ff*
262 4221 10 14 /
272 4212 27 29 '■>.-
308 4218 157 33 .*jfcrf.rfV
506 4212 91 39 £**f
614 4220 18 31 f
644 4221 29 30 *f
675 4213 31 27 '

1597 105 77 53 The
1700 105 154 53 Author
1880 105 51 53 of
1957 105 102 53 that
2085 105 282 53 interesting
2393 105 179 53 article
2598 105 179 53 perhaps
2803 105 205 53 thoughts

1609 215 3 2 is
1611 215 2 2 a
1612 215 1 2 very
1612 215 2 2 clever
1612 215 2 2 production,
1612 215 2 2 and
1612 215 2 2 we
1612 215 2 2 would
1613 215 1 2 willing

1602 227 31 37 ly
1633 227 12 37 have
1645 227 4 37 left
1649 227 1 37 the
1650 227 1 37 Hero
1650 227 2 37 alone
1650 227 2 37 to
1650 227 2 37 his
1650 227 2 37 glory,
1650 227 2 37 but
1651 227 1302 37 several

1600 282 128 56 Parties
1728 282 77 56 having
1805 282 70 56 requested
1875 282 13 56 us
1888 282 12 56 to
1900 282 25 56 insert
1925 282 4 56 a
1929 282 1019 56 commu-

1602 344 119 31 nication
1721 344 23 31 on
1744 344 26 31 the
1770 344 718 31 subject we
2510 344 111 31 could
2643 344 67 31 not
2732 344 22 31 in
2776 344 155 31 justice

1610 403 91 37 refuse.
1701 403 29 37 The
1730 403 44 37 gentleman
1774 403 13 37 must
1787 403 9 37 have
1796 403 7 37 known
1803 403 4 37 just
1807 403 11 37 as

1612 462 118 1 much
1760 462 59 1 of
1848 462 89 1 the
1966 462 207 1 whales,
2202 462 59 1 as
2291 462 88 1 the
2409 462 177 1 whales
2616 462 118 1 knew
2764 462 59 1 of
2853 462 89 1 him

2085 533 33 24 and
2118 533 8 24 if
2126 533 3 24 obliged
2128 533 2 24 to
2128 533 2 24 rely
2128 533 2 24 on
2128 533 2 24 his
2128 533 2 24 own
2128 533 2 24 resources,
2129 533 129 24 might

1615 581 70 40 fish
1685 581 15 40 a
1700 581 36 40 long
1736 581 22 40 time
1758 581 18 40 without
1776 581 9 40 obtaining
1785 581 1 40 a
1786 581 1196 40 suffici-

1618 651 36 30 ent
1654 651 35 30 quantity
1689 651 6 30 of
1695 651 5 30 oil
1700 651 4 30 wherewith
1704 651 1 30 if
1704 651 2 30 to
1705 651 1 30 grease
1706 651 1229 30 his

1613 708 50 20 own
1663 708 51 20 whiskers.

1603 774 61 45 The
1664 774 220 45 effusion
2010 780 13 23 may
2023 780 38 23 ha
2082 774 60 60 ply
2142 774 27 60 be
2169 774 55 60 the
2335 789 59 34 darling
2394 789 566 34 offspring

1611 844 47 41 of
1658 844 78 41 some
1736 844 86 41 genius
1822 844 30 41 who
1852 844 60 41 contemplates
1912 844 22 41 setting
1934 844 5 41 up
1939 844 2 41 a
1941 844 1056 41 Dai

1613 916 44 29 ry,
1657 916 22 29 or
1679 916 30 29 something
1709 916 4 29 of
1713 916 5 29 the
1718 916 2 29 sort,
1778 916 176 29 and
2012 916 176 29 has
2246 916 234 29 been
2538 916 467 29 dreaming

2309 991 313 47 of
2278 991 500 47 nothing
2207 991 71 47 but,
2278 991 17 47 cows,
2274 991 4 47 and
2278 991 1 47 calves,
2309 991 72 47 and
2381 991 90 47 butter
2471 991 516 47 milk

1622 1043 93 41 Or
1715 1043 96 41 perhaps,
1811 1043 22 41 the
1833 1043 22 41 learned
1855 1043 9 41 Editor
1864 1043 3 41 may
1867 1043 2 41 have
1869 1043 1119 41 associated

1621 1102 80 45 with
1701 1102 31 45 himself
1732 1102 6 45 (two
1738 1102 2 45 heads
1740 1102 1 45 being
1740 1102 2 45 better
1740 1102 2 45 than
1740 1102 2 45 one)
1741 1102 1 45 a

1623 1171 108 1 sort
1758 1171 54 1 of
1839 1171 242 1 unfledged
2108 1171 188 1 Editor,
2323 1171 134 1 alias
2484 1171 215 1 printers
2726 1171 161 1 devil,

1610 1249 66 22 from
1676 1249 37 22 whose
1713 1249 15 22 love
1728 1249 7 22 sick
1735 1249 4 22 brain
1739 1249 2 22 emanated
1741 1249 1 22 this
1742 1249 1 22 glo

1622 1312 105 40 rious
1727 1312 75 40 piece
1802 1312 25 40 of
1827 1312 74 40 composition.
1901 1312 16 40 But
1917 1312 23 40 "arcades
1940 1312 42 40 ambo,"

1632 1370 51 55 it
1683 1370 42 55 is
1725 1370 80 55 worthy
1805 1370 22 55 of
1827 1370 46 55 either.
1873 1370 15 55 The
1888 1370 17 55 afore
1905 1370 16 55 mentioned
1921 1370 990 55 sub

1629 1446 65 57 may
1694 1446 72 57 been
1766 1446 84 57 making
1850 1446 72 57 himself
1922 1446 9 57 a
1931 1446 40 57 great
1971 1446 32 57 calf,
2003 1446 892 57 and,

1613 1511 82 43 feeling
1695 1511 61 43 displeased
1756 1511 10 43 at
1766 1511 12 43 the
1778 1511 18 43 indignant
1796 1511 6 43 fair
1802 1511 1113 43 one's

1622 1567 198 45 refusal,
1820 1567 18 45 may
1838 1567 5 45 have
1843 1567 1 45 compared
1843 1567 2 45 her
1843 1567 2 45 to
1843 1567 2 45 a
1843 1567 2 45 cow
1843 1567 2 45 with

1632 1629 161 51 crumpled
1793 1629 82 51 horns
1875 1629 55 51 (vich
1930 1629 20 51 is
1950 1629 51 51 verry
2001 1629 710 51 poetical)

1631 1689 90 54 Now,
1721 1689 56 54 the
1777 1689 90 54 Editor,
1867 1689 22 54 do
1889 1689 36 54 take
1925 1689 22 54 the
1947 1689 32 54 advice
1979 1689 9 54 of
1988 1689 4 54 a
1992 1689 14 54 well

1640 1756 134 39 wisher,
1774 1756 113 39 consider
1887 1756 37 39 the
1924 1756 81 39 character
2005 1756 43 39 which
2048 1756 19 39 the
2067 1756 844 39 Ga-

1626 1821 119 44 zette
1745 1821 22 44 has
1767 1821 5 44 to
1772 1821 2 44 support.
1773 1821 2 44 In
1773 1821 2 44 mercy
1773 1821 2 44 spare
1773 1821 2 44 us;
1774 1821 1169 44 ano-

1654 1881 59 28 ther
1713 1881 30 28 such
1743 1881 10 28 an
1753 1881 14 28 infliction
1767 1881 3 28 were
1770 1881 1 28 too
1771 1881 1 28 much
1772 1881 154 28 for

1657 1946 36 35 the
1693 1946 30 35 public.
1723 1946 6 35 If
1729 1946 6 35 this
1735 1946 3 35 Adonis
1738 1946 1 35 will
1739 1946 1 35 still
1740 1946 1 35 worship

1899 2016 51 43 at
1950 2016 68 43 the
2018 2016 109 43 shrine
2127 2016 33 43 of
2160 2016 80 43 beauty,
2240 2016 71 43 present
2311 2016 27 43 him
2338 2016 30 43 with
2368 2016 553 43 Ovid's

2632 2090 49 39 Art
2681 2090 26 39 of
2707 2090 37 39 Love,
2744 2090 16 39 and
2760 2090 11 39 get
2771 2090 13 39 another
2784 2090 5 39 sub.
2789 2090 2 39 We
2791 2090 2 39 have
2793 2090 50 39 spo

1623 2198 27 24 a
1664 2196 78 48 quiet
1742 2196 34 48 sort
1776 2196 12 48 of
1788 2196 17 48 beast,
1805 2196 4 48 we
1809 2196 5 48 leave
1814 2196 1 48 to
1813 2196 2 48 the

1622 2258 102 52 Editor
1724 2258 33 52 who
1757 2258 21 52 may
1778 2258 16 52 take
1794 2258 7 52 him
1801 2258 3 52 by
1804 2258 3 52 the
1807 2258 3 52 horns
1810 2258 1 52 if
1811 2258 1074 52 he

1628 2324 136 43 likes
1764 2324 88 43 such
1852 2324 138 43 amusement.
1990 2324 24 43 He
2014 2324 55 43 cannot
2069 2324 41 43 follow
2110 2324 806 43 this

1633 2394 111 52 zenis
1744 2394 89 52 fatuus
1833 2394 65 52 through
1898 2394 22 52 the
1920 2394 26 52 mazes
1946 2394 13 52 and
1959 2394 963 52 wan-

1606 2451 118 43 derings
1724 2451 33 43 of
1757 2451 51 43 error
1808 2451 22 43 and
1830 2451 20 43 have
1850 2451 13 43 only
1863 2451 5 43 to
1868 2451 6 43 say
1874 2451 1057 43 further,

1623 2511 51 32 that
1674 2511 21 32 is
1695 2511 26 32 very
1721 2511 15 32 like
1736 2511 3 32 a
1739 2511 781 32 Whale."

1629 2625 54 41 And
1683 2625 29 41 now
1712 2625 12 41 my
1724 2625 13 41 Friends,
1737 2625 2 41 what
1739 2625 1 41 think
1740 2625 1 41 you
1740 2625 2 41 of
1741 2625 1144 41 His

1625 2700 124 33 Excellency
1749 2700 30 33 the
1779 2700 56 33 Governor?
1835 2700 15 33 The
1850 2700 16 33 very
1866 2700 12 33 head
1878 2700 447 33 and

1632 2826 11 6 front
1643 2826 2 6 of
1644 2826 2 6 his
1644 2826 2 6 offending
1644 2826 2 6 appears
1644 2826 2 6 to
1644 2826 2 6 be,
1644 2826 2 6 his
1645 2826 36 6 allow-

1627 2839 76 52 ing
1703 2839 20 52 this
1723 2839 5 52 colony
1727 2839 2 52 so
1727 2839 2 52 long
1727 2839 2 52 to
1727 2839 2 52 continue
1727 2839 2 52 in
1727 2839 2 52 an
1728 2839 1170 52 un-

1616 2903 141 28 protected
1757 2903 72 28 situation.
1829 2903 19 28 This
1848 2903 17 28 charge
1865 2903 399 28 cannot

1616 2960 150 35 however
1766 2960 53 35 be
1819 2960 152 35 considered
1971 2960 26 35 of
1997 2960 12 35 a
2009 2960 56 35 serious
2065 2960 33 35 nature
2098 2960 16 35 for,
2114 2960 779 35 the

1933 3020 36 34 particular
1969 3020 3 34 position
1971 3020 2 34 in
1971 3020 2 34 which
1971 3020 2 34 His
1971 3020 2 34 Excellency
1971 3020 2 34 has

1612 3080 111 1 been
1751 3080 195 1 placed,
1974 3080 84 1 not
2086 3080 139 1 being
2253 3080 250 1 empowered
2531 3080 55 1 to
2614 3080 83 1 act
2725 3080 250 1 according

1615 3141 47 22 to
1662 3141 47 22 this
1709 3141 34 22 discretion,
1743 3141 4 22 is
1747 3141 3 22 we
1750 3141 3 22 think
1752 3141 2 22 a
1753 3141 3 22 sufficient

1628 3186 360 34 explanation

1658 3242 77 42 Where
1735 3242 37 42 now
1772 3242 30 42 are
1802 3242 25 42 the
1827 3242 34 42 choice
1861 3242 26 42 spirits
1887 3242 11 42 who,
1898 3242 9 42 "seca
1907 3242 1071 42 sa

1621 3307 129 49 necte
1750 3307 171 49 rudentes."
1921 3307 30 49 were
1951 3307 50 49 wont
2001 3307 22 49 to
2023 3307 63 49 assemble
2086 3307 14 49 at
2100 3307 879 49 Ba

1630 3378 76 22 rretts
1706 3378 37 22 Hotel?
1743 3378 13 22 There
1756 3378 5 22 led
1761 3378 2 22 on
1763 3378 1 22 by
1764 3378 1 22 the
1765 3378 2 22 illustrious
1767 3378 186 22 D.C.I.

1623 3429 72 30 whose
1695 3429 60 30 stentorian
1755 3429 17 30 voice
1772 3429 7 30 was
1779 3429 10 30 reverenced
1789 3429 2 30 by
1791 3429 1156 30 all

1630 3482 125 1 were
1786 3482 93 1 met
1910 3482 94 1 the
2035 3482 156 1 grand
2222 3482 343 1 aristocracy
2596 3482 62 1 of
2689 3482 249 1 Welling-

1613 3552 42 18 ton.
1655 3552 20 18 There
1675 3552 3 18 a
1678 3552 4 18 wed
1682 3552 2 18 into
1684 3552 2 18 insignificance
1685 3552 2 18 by
1685 3552 2 18 the
1686 3552 1 18 burst

1597 3596 57 63 of
1654 3596 70 63 his
1724 3596 142 63 eloquence
1866 3596 33 63 they
1899 3596 56 63 listened
1955 3596 22 63 with
1977 3596 965 63 rapture

1605 3663 61 47 like
1666 3663 65 47 boys,
1731 3663 59 47 obedient
1790 3663 10 47 to
1800 3663 12 47 the
1812 3663 11 47 will
1823 3663 4 47 of
1827 3663 6 47 some
1833 3663 446 47 imperious

1617 3732 312 1 pedagogue.
1960 3732 62 1 To
2053 3732 94 1 use
2178 3732 250 1 language
2459 3732 62 1 of
2552 3732 62 1 the
2645 3732 156 1 poet,

1621 3794 136 1 still
1784 3794 108 1 they
1919 3794 163 1 talked
2109 3794 109 1 and,
2245 3794 136 1 still
2408 3794 81 1 the
2516 3794 163 1 wonder
2706 3794 163 1 grew

1740 3855 121 1 There
1885 3855 72 1 one
1981 3855 121 1 small
2126 3855 96 1 head
2246 3855 144 1 should
2414 3855 121 1 carry
2559 3855 72 1 all
2655 3855 48 1 he
2727 3855 168 1 knew.

1580 3909 87 1 The
1696 3909 175 1 mighty
1900 3909 29 1 -
1958 3909 29 1 A
2016 3909 87 1 too
2132 3909 116 1 hath
2277 3909 174 1 passed
2480 3909 145 1 away.
2654 3909 87 1 The
2770 3909 145 1 place

1575 3969 80 17 that
1655 3969 49 17 once
1704 3969 34 17 knew
1738 3969 19 17 him
1757 3969 21 17 shall
1778 3969 11 17 know
1789 3969 6 17 him
1797 3969 2 17 but
1799 3969 167 17 no

1580 4024 90 25 more
1670 4024 35 25 forever.
1700 4024 9 25 How
1697 4024 3 25 are
1700 4024 1 25 the
1699 4024 2 25 mighty
1700 4024 524 25 fallen.

1586 4086 27 19 In
1613 4086 18 19 very
1631 4086 7 19 truth,
1638 4086 1 19 the
1639 4086 1 19 mountains
1639 4086 2 19 were
1639 4086 2 19 m
1640 4086 1 19 la

1578 4145 75 25 bour,
1653 4145 30 25 and
1683 4145 24 25 have
1707 4145 20 25 brought
1727 4145 6 25 forth
1733 4145 1 25 a
1881 4145 885 25 mouse.
