2460 4440
181 182 92 36 THE
295 181 232 36 NOVELIST.

113 292 74 29 THE
203 291 119 30 BTOBY
340 293 46 27 OF
405 295 24 26 A
450 290 150 30 BROKEN

283 337 136 29 HFART.

137 431 81 34 Clara,
238 432 15 28 I
273 441 40 18 am
334 432 38 28 off
391 431 243 29 to-morrowand

76 469 92 29 Albert
193 469 130 29 Cushman
342 469 91 27 looked
457 471 28 24 at
507 467 41 27 his
572 476 48 19 com-

76 507 100 35 panion,
205 515 15 18 a
250 505 85 36 lovely
364 505 49 37 girl
443 505 29 27 of
509 504 125 36 eighteen,

76 544 125 36 watching
212 542 45 29 the
276 543 69 28 color
365 543 58 28 fade
442 545 46 25 out
509 542 29 28 of
555 542 79 28 cheek

75 582 50 28 and
137 581 43 38 lip,
192 581 49 27 and
254 591 16 17 a
282 581 60 27 wild
354 581 60 28 look
431 580 29 28 of
478 580 99 36 despair
598 580 36 27 fill

75 619 44 27 the
130 618 122 28 beautiful
264 627 73 26 eyes;
356 619 51 26 and
418 627 28 18 as
458 619 32 26 he
502 618 44 27 did
558 627 28 18 so
595 618 40 27 his

74 656 141 29 conscience
227 656 152 36 reproached
391 655 54 28 him
457 655 112 37 bitterly,
594 655 40 28 for

74 695 32 26 he
123 695 75 26 knew
217 694 63 32 that,
302 698 47 23 not
368 694 129 35 unsought
518 694 35 34 by
571 693 62 35 him,

72 732 32 26 he
115 732 50 26 had
177 740 57 18 won
247 731 43 27 the
301 730 121 28 innocent
433 732 72 26 heart
516 731 29 27 of
556 731 76 28 Clara

74 769 96 29 Moore.

129 807 59 27 You
201 806 51 27 will
275 806 78 28 think
372 806 29 28 of
420 815 41 19 me
480 806 151 34 sometimes,

73 845 104 33 dearest,
208 844 52 28 will
279 853 53 27 yon
447 845 51 27 and
521 845 40 26 his
578 853 53 18 arm

73 891 51 19 was
135 882 99 28 thrown
245 883 83 26 round
352 883 44 26 the
418 882 138 35 trembling
575 881 56 35 girl,

72 919 50 28 and
133 919 32 28 he
175 919 70 28 drew
257 919 45 28 her
313 919 94 35 closely
419 923 27 23 to
458 918 60 28 him.

132 956 48 33 Ob,
193 956 109 29 Albert!
321 956 32 28 do
365 960 45 24 not
422 956 72 27 leave
515 964 46 18 me.
617 955 15 27 I

71 996 92 24 cannot
176 993 51 27 live
239 994 108 26 without
354 1002 51 25 you
458 993 44 26 she
516 992 113 32 moaned,

71 1039 28 18 as
109 1030 47 27 her
166 1029 64 28 head
243 1030 64 27 sank
320 1039 33 18 on
365 1030 40 27 his
416 1029 90 28 breast.

104 1066 94 28 Albert
210 1067 129 28 Cushman
351 1076 50 17 was
413 1071 46 22 not
471 1076 15 17 a
499 1067 48 26 bad
562 1076 66 23 man,

71 1104 61 36 only
142 1114 16 18 a
170 1104 78 35 weak,
262 1104 198 36 self-indulgent
477 1113 55 24 one,
554 1104 76 34 given

71 1146 27 22 to
108 1142 137 35 gratifying
258 1152 51 25 any
322 1142 76 26 whim
423 1142 55 26 that
502 1142 125 35 promised

71 1179 111 36 pleasure
205 1179 40 26 for
265 1179 43 26 the
328 1179 63 26 time
411 1179 82 34 being,
523 1179 108 25 without

70 1215 88 37 giving
168 1225 15 17 a
196 1216 108 37 thought
316 1219 27 24 to
365 1216 43 27 the
428 1224 183 28 consequences
624 1227 5 23 ;

73 1255 45 25 but
129 1262 57 18 now
205 1254 31 26 he
258 1254 83 27 would
363 1255 64 25 have
446 1254 77 34 given
546 1254 35 26 all
600 1254 30 26 he

71 1290 125 37 possessed
208 1294 26 23 to
247 1291 64 27 have
324 1291 101 27 undone
446 1291 41 27 his
508 1292 49 25 last
579 1294 51 23 two

69 1328 108 29 months'
189 1337 45 20 wo>
241 1328 25 30 k.

103 1367 33 27 In
149 1367 42 26 the
203 1367 136 34 beginning
351 1367 27 26 of
398 1367 43 26 the
462 1375 110 18 summer
597 1367 31 26 he

71 1402 49 27 had
148 1412 75 25 come,
245 1412 33 19 an
313 1403 106 35 invalid,
459 1407 26 23 to
527 1403 101 28 Farmer

71 1440 111 29 Moore's
191 1441 73 34 little,
278 1441 93 34 brown,
382 1441 149 28 one-storied
543 1442 84 33 house,

69 1479 110 37 nestling
209 1480 79 27 under
318 1480 43 27 the
382 1480 125 27 oak-trees
529 1480 39 27 far
592 1489 36 27 up

70 1526 90 27 among
184 1518 42 28 the
245 1518 134 34 Catskids;
396 1518 51 28 and
476 1518 65 36 good
572 1518 57 28 Mrs

70 1555 89 26 Moore
180 1556 51 25 aod
260 1559 85 32 pretty
367 1556 75 27 Clara
463 1556 50 26 had
535 1556 93 26 nursed

69 1591 52 28 him
134 1591 136 38 faithfully,
283 1593 50 29 and
347 1593 43 28 the
401 1603 86 26 young
501 1593 56 36 girl,
571 1593 56 28 who

69 1629 50 26 had
131 1631 61 26 been
205 1632 122 26 educated
338 1632 39 25 far
387 1633 80 25 above
480 1632 45 26 her
533 1631 95 27 station

67 1666 30 28 in
107 1666 51 36 life,
171 1668 49 28 had
233 1669 57 27 read
304 1669 49 28 and
365 1669 101 28 chatted
481 1669 61 27 with
565 1669 61 34 him,

69 1705 50 26 and
131 1715 27 16 as
170 1706 31 26 he
212 1716 67 25 grew
298 1715 114 26 stionger
433 1707 51 25 had
505 1708 62 24 been
588 1708 40 24 his

69 1741 68 38 daily
149 1743 147 38 companion
309 1743 26 29 in
348 1743 34 29 all
395 1744 40 28 his
447 1744 115 29 rambles.
583 1743 43 29 He

70 1780 49 27 had
129 1789 89 26 grown
231 1791 61 26 very
303 1782 61 27 fond
376 1784 29 25 of
414 1783 43 26 the
469 1783 84 35 lovely
570 1783 57 34 girl,

70 1817 50 25 and
131 1817 48 26 had
190 1818 37 26 let
238 1819 45 25 her
297 1827 42 17 see
359 1819 21 25 it
401 1828 27 17 so
448 1819 98 34 plainly
571 1819 56 24 that

73 1852 92 29 Clara's
176 1853 120 30 innocent
314 1855 72 28 heart
405 1855 49 28 had
466 1864 64 27 gone
543 1859 45 23 out
600 1858 26 24 to

71 1889 54 28 him
147 1893 195 36 unresistingly;
370 1894 50 27 and
442 1894 92 35 during
555 1894 71 26 these

73 1932 76 23 sweet
169 1939 109 19 summer
290 1931 100 27 months
410 1931 43 28 the
471 1941 85 26 young
577 1932 48 35 girl

73 1964 50 28 had
134 1965 66 30 lived
211 1969 27 26 in
250 1978 14 17 a
280 1969 83 26 dream
376 1969 28 27 of
422 1969 93 36 perfect
539 1969 73 36 happi-

73 2011 65 25 ness,
149 2009 44 22 not
205 2006 118 34 thinking
332 2007 28 25 of
377 2006 44 27 the
441 2007 92 26 future.
572 2007 54 25 But

74 2038 109 35 the*idyl
194 2050 49 20 was
253 2051 77 27 over;
347 2043 43 28 the
402 2042 83 30 leaves
508 2052 64 19 were
584 2043 41 28 be.

74 2078 106 35 ginning
203 2083 24 24 to
255 2085 47 31 put
331 2090 33 18 on
382 2082 66 27 their
469 2082 89 27 scarlet
575 2082 51 27 and

74 2115 88 28 brown
181 2116 100 35 dresses,
306 2120 50 26 and
380 2120 93 26 Albert
496 2119 129 28 Cushman

73 2151 76 30 knew
161 2153 56 28 that
228 2155 31 30 he.
269 2155 73 28 could
355 2164 32 18 no
399 2156 86 35 longer
497 2155 80 36 linger
600 2156 27 27 in

29 2195 184 33 -cnat-rpnefc
222 2196 115 32 eoftfetry
488 2192 140 29 before^lie

74 2229 91 27 winter
177 2239 68 18 snow
262 2231 90 26 should
365 2231 45 26 fall
429 2231 31 26 he
481 2240 49 17 was
554 2235 25 22 to
599 2232 30 26 be

74 2265 44 27 the
130 2265 111 29 husband
252 2267 29 27 of
290 2267 71 28 Eliza
373 2267 133 36 Vaughan,
528 2268 50 26 and
597 2268 31 27 he

71 2301 53 29 also
135 2303 49 27 had
207 2304 137 28 awakened
362 2308 27 24 to
412 2315 14 17 a
445 2314 71 18 sense
536 2305 28 27 of
583 2306 44 26 the

73 2339 76 28 bitter
168 2350 85 27 wrong
264 2342 33 27 he
308 2342 48 27 bad
378 2343 65 27 done
466 2353 60 26 poor
545 2343 79 33 Clara,

70 2377 27 26 in
108 2378 112 36 winning
233 2380 43 27 the
288 2381 62 34 deep
361 2380 58 27 love
438 2381 28 26 of
482 2381 45 26 her
546 2383 66 24 trust-

68 2414 45 35 ing
122 2414 78 34 heart,
215 2417 70 26 when
298 2417 32 27 all
344 2417 29 26 of
397 2417 39 27 his
457 2417 120 36 belonged
599 2421 26 23 to

68 2452 113 28 another.

130 2491 68 27 Dear
211 2491 74 28 Clara
334 2492 30 27 he
387 2492 61 33 said,
473 2493 150 36 soothingly,

69 2530 25 22 to
108 2527 42 25 the
164 2528 111 36 weeping
286 2528 48 36 girl
372 2529 60 27 dear
451 2529 67 26 little
530 2537 55 25 one,
609 2531 10 25 1

66 2572 40 19 am
120 2572 61 28 very
193 2574 71 27 sorry
277 2569 26 24 to
312 2567 64 27 have
388 2569 28 25 to
426 2576 48 26 go;
487 2567 53 32 but,
554 2567 69 29 dear,

66 2609 52 28 you
130 2605 68 25 must
210 2603 64 28 have
285 2604 96 28 known
393 2604 57 27 that
462 2604 14 28 I
489 2604 73 28 could
581 2609 44 23 not

68 2644 57 31 stay
136 2640 94 36 always
242 2649 7 16 :
270 2642 203 28 besidesthere
486 2642 22 27 is
520 2643 106 27 another

66 2685 56 23 one,
136 2678 74 25 Clara
269 2679 49 26 and
332 2679 42 27 the
386 2687 85 26 young
484 2688 59 17 man
556 2679 56 26 hesi-

68 2713 69 28 tated
166 2714 50 28 and
235 2714 40 28 his
296 2715 69 28 voice
393 2715 113 35 faltered,
531 2714 38 29 for
595 2716 31 28 he

67 2751 76 28 knew
156 2753 56 27 that
231 2753 69 28 what
318 2755 32 27 he
371 2764 50 17 was
440 2755 76 35 going
535 2758 27 23 to
581 2765 44 25 say

68 2789 84 26 would
165 2790 30 26 be
207 2790 52 26 like
271 2799 16 17 a
299 2790 92 36 dagger
414 2791 84 27 thrust
512 2791 55 27 into
581 2792 43 26 the

68 2826 84 35 gentle
164 2826 73 28 heart
248 2828 103 35 beating
363 2837 27 17 so
402 2838 61 17 near
483 2828 40 27 his
534 2838 92 17 own

93 2864 107 26 another
210 2872 55 26 one,
290 2865 83 34 Clara,
397 2865 55 27 who
477 2865 21 26 is
522 2865 105 36 looking

67 2900 163 38 impatiently
241 2902 39 28 for
303 2912 40 19 me
365 2912 76 27 every
464 2903 49 36 day
536 2912 91 19 now

67 2939 50 27 and
129 2940 143 28 andwho
284 2941 26 26 in
323 2951 15 17 a
350 2942 48 26 few
416 2942 83 27 weeks
520 2942 53 26 will
597 2942 30 26 be

67 2985 123 27 mymy
202 2978 65 34 wife,

103 3015 25 27 A
139 3014 50 28 low
207 3015 143 37 despairing
361 3025 44 26 cry
417 3016 28 26 of
454 3025 81 26 agony
549 3016 77 28 broke

68 3051 63 28 from
145 3052 44 28 the
202 3052 75 28 white
290 3053 49 36 lips
350 3053 26 28 of
388 3053 43 27 the
442 3053 56 36 girl,
512 3054 50 26 and
575 3054 38 27 dis-

66 3089 113 36 tngaged
208 3091 95 26 herself
329 3091 66 27 from
424 3091 40 26 his
487 3092 140 35 encircling

66 3135 61 24 arm,
140 3127 44 27 she
197 3127 92 28 turned
303 3131 26 24 to
343 3128 70 27 leave
437 3128 52 27 him
500 3138 7 24 ;
526 3129 46 27 but
595 3129 31 26 he

66 3164 94 35 caught
172 3165 44 27 her
228 3166 75 26 hand.

128 3202 69 27 Dear
209 3202 81 34 Clara,
304 3202 15 29 I
338 3213 41 19 am
400 3212 61 26 very
483 3213 71 26 sorry
574 3213 51 26 you

66 3237 48 28 feel
126 3239 22 26 it
160 3249 27 17 so
208 3240 83 28 mnch.
327 3240 64 28 Il
415 3241 79 36 ought
515 3245 26 23 to
561 3242 64 26 have

67 3275 52 28 told
149 3276 90 36 before,
262 3278 14 28 I
299 3287 113 28 suppose,
429 3279 46 26 but
500 3288 37 18 we
561 3279 64 28 have

66 3314 63 26 been
148 3324 28 17 so
197 3315 102 36 happy;
315 3317 49 26 and
386 3317 61 26 then
469 3317 15 26 I
513 3317 44 27 did
580 3320 45 23 not

65 3351 77 27 think
160 3352 56 28 that
236 3362 51 25 you
305 3353 74 27 cared
400 3362 28 18 so
451 3362 61 26 very
535 3353 90 37 deeply

63 3388 40 26 for
115 3397 47 19 me.
197 3390 16 26 I
224 3390 45 26 did
280 3393 47 23 not
339 3390 80 35 really
438 3399 73 17 mean
536 3393 27 24 to
581 3391 28 26 de-

63 3425 69 28 ceive
143 3434 59 28 you,
216 3426 93 36 Clara;
320 3435 51 29 you
384 3426 53 29 will
459 3426 96 39 forgive
577 3436 47 26 me,

64 3463 53 28 will
128 3473 52 27 you
197 3468 53 31 not,
269 3465 60 28 dear
336 3467 27 26 V
381 3466 51 27 and
456 3466 33 27 he
513 3466 66 27 tried
597 3470 27 24 to

63 3501 71 27 draw
144 3501 46 29 her
201 3503 109 28 towards
321 3502 54 28 him
393 3503 82 36 again.

97 3540 18 15 11
122 3538 88 36 Don't,
239 3540 83 36 please
362 3540 92 34 don't,"
492 3541 44 28 she
566 3541 53 28 said

63 3576 100 33 faintly,
177 3577 86 35 trying
274 3581 27 23 to
312 3578 52 26 free
381 3578 110 32 herself;
534 3578 36 27 let
583 3587 39 17 me

63 3620 32 29 go

198 3663 56 26 that
283 3672 51 26 you
357 3665 96 34 forgive
482 3673 40 18 me
551 3665 70 31 then,

65 3697 82 36 Clara,
161 3698 31 28 he
203 3699 76 29 asked
291 3700 152 37 pleadingly,
491 3701 51 28 and
564 3702 57 36 give

65 3743 40 18 me
117 3743 47 19 one
176 3736 108 28 farewell

100 3778 27 28 A
150 3778 45 31 hot
213 3780 65 28 flush
299 3781 66 37 dyed
386 3781 42 28 the
449 3791 85 28 young
553 3782 68 37 girl's

66 3815 87 29 cheek.

125 3862 15 29 I
151 3863 65 29 shall
228 3865 96 35 forgive
345 3874 57 27 you,
425 3867 99 34 Albert,
545 3868 75 27 much

66 3908 89 21 sooner
167 3901 63 27 than
240 3910 49 26 you
305 3903 49 26 will
380 3903 96 35 forgive
494 3905 129 33 yourself;

67 3936 48 29 but
134 3945 51 28 you
206 3943 67 24 must
292 3943 46 25 not
358 3940 45 28 ask
425 3949 40 20 me
484 3942 40 28 for
544 3942 79 29 kisses

103 4022 17 14 *'
129 4019 83 36 Clara,
223 4020 98 37 darling
333 4022 80 33 Clara,
435 4032 49 26 you
506 4023 52 27 will
579 4028 45 23 not

66 4058 73 28 leave
159 4067 40 18 me
219 4060 46 26 so?
299 4060 61 28 Just
380 4069 48 18 one
447 4061 67 27 little

67 4096 106 35 pleaded
185 4096 40 34 he,
237 4096 50 27 and
299 4096 31 27 he
347 4097 98 36 clasped
467 4098 45 26 her
531 4099 92 36 closely

66 4134 29 29 in
106 4133 42 30 his
158 4142 74 20 arms.

127 4181 25 29 0
166 4189 45 27 my
221 4181 131 34 lovemy
364 4180 55 26 love
458 4182 104 26 moaned
582 4182 43 26 the

66 4226 63 33 poor
139 4217 56 38 girl,
234 4217 57 27 how
303 4225 47 19 can
368 4216 15 27 I
394 4217 57 34 give
462 4225 51 25 you
524 4225 35 27 up

66 4254 94 31 Albert
171 4256 74 29 made
257 4265 34 18 no
302 4264 106 23 answer,
421 4253 58 36 onlj
500 4254 58 28 held
581 4255 44 28 her

66 4295 87 34 closer,
166 4295 101 35 raining
279 4302 73 27 eager
362 4293 79 28 kisses
451 4300 31 17 on
492 4291 44 28 her
552 4293 73 26 white

652 174 4 39 '
726 179 15 26 I
754 183 68 22 must
833 188 31 25 go
899 179 43 25 she
952 177 66 27 cried
1029 174 82 33 wildly
1122 177 80 28 strugg-

667 216 54 35 ling
732 219 27 23 to
771 217 51 25 free
835 216 107 32 herself;
981 215 33 25 let
1038 221 37 17 me
1165 208 50 25 and

666 253 32 26 he
710 253 43 26 did
767 262 33 24 so,
815 253 49 26 and
887 253 73 25 Clara
978 251 48 25 tied
1038 255 75 26 away,

652 279 2 46 j
727 291 67 26 Poor
805 290 67 26 little
977 286 84 28 mused
1071 284 94 29 Albert,
1202 279 11 27 I

652 326 54 41 jam
727 337 62 26 very
806 336 72 26 sorry
895 327 39 26 for
956 326 52 32 her,
1026 325 45 26 but
1094 321 13 26 I
1139 326 76 19 never

652 356 1 35 1
665 365 116 26 dreamed
800 365 45 26 she
864 363 82 27 would
965 362 57 27 take
1030 370 15 17 a
1057 358 65 28 little
1139 356 66 25 flirta-

652 392 1 45 i
666 403 54 27 tion
733 412 27 18 so
778 401 130 36 seriously.
945 399 50 30 She
1007 399 22 27 is
1040 408 15 17 a
1071 396 73 27 sweet
1158 392 56 36 girl,

652 432 1 45 j
664 441 51 26 and
724 441 15 26 I
751 450 40 17 am
806 450 60 24 very
876 439 58 27 fond
948 438 83 31 ofher,
1043 437 44 25 but
1094 432 25 28 of
1129 439 86 19 courte

652 469 26 44 JI
701 487 46 18 can
777 479 32 25 do
833 477 108 34 nothing
963 484 65 17 now.
1061 472 14 26 I
1104 469 60 26 wish
1189 471 25 22 to

664 514 97 28 heaven
774 514 14 28 I
800 514 49 27 had
862 523 77 17 never
956 520 68 19 come
1036 509 62 26 here.
1135 504 80 29 What

664 553 84 27 would
760 552 73 28 Eliza
845 561 43 26 say
899 551 11 28 ?
929 551 40 34 By
983 550 71 35 jingo
1094 542 98 28 wouldn
1205 545 9 23 &

663 591 44 26 she
720 600 59 17 rave
789 591 12 26 ?
819 590 42 27 Ah
873 580 3 42 !
892 588 63 32 well,
982 595 60 27 poor
1064 583 89 30 Clara;
1170 580 44 26 she

662 628 23 27 is
697 638 61 26 very
770 636 87 27 young
868 629 60 33 yet)
947 625 43 27 she
1017 621 49 27 will
1079 622 41 33 get
1145 627 68 23 over,

662 666 51 27 and
728 666 107 36 perhaps
858 666 28 25 in
910 673 15 17 a
948 662 81 36 year's
1052 659 58 27 time
1134 656 80 36 forget

663 704 57 26 that
732 705 14 25 I
758 712 59 18 ever
829 702 105 27 existed.
971 700 15 27 I
1003 697 75 36 ought
1102 699 25 22 to
1151 694 63 34 hope

662 750 34 25 so,
722 741 14 27 I
760 749 106 27 suppose
878 748 7 25 j
895 739 53 33 but,
967 737 30 26 ah
1097 732 50 26 and
1171 731 43 26 the

663 780 62 34 deep
737 779 56 34 sigh
805 778 62 27 with
882 776 80 27 which
974 775 90 26 Albert
1086 770 128 29 Cushman

662 816 80 29 ended
756 815 39 28 his
813 815 125 35 soliloquy
949 821 49 18 was
1007 809 86 34 hardly
1106 816 33 18 an
1151 807 51 26 indi-

662 855 83 26 cation
758 854 57 27 that
826 853 62 28 such
896 862 15 17 a
922 853 63 33 hope
995 859 49 18 was
1054 856 57 25 very
1125 845 89 35 deeply

661 892 94 26 rooted.

696 928 74 28 Clara
783 927 43 27 did
839 930 46 23 not
896 932 94 30 appear
998 926 26 24 at
1036 922 42 31 the
1087 919 128 32 tea-table;

687 966 44 27 she
744 975 50 17 was
807 969 45 22 not
872 964 80 32 well/'
965 963 48 26 her
1034 959 95 29 mother
1152 957 60 31 said,

660 1003 49 26 and
723 1003 44 26 the
779 1002 42 27 old
831 1001 78 35 lady's
922 1000 53 26 face
988 1006 64 18 wore
1065 1005 30 17 an
1106 994 108 26 anxious

660 1040 60 26 look
732 1041 57 25 that
802 1043 66 22 went
881 1038 51 26 like
944 1047 14 16 a
977 1036 69 26 kuife
1063 1038 24 22 to
1099 1031 115 27 Albert's

661 1077 78 27 heart.

700 1115 59 26 Will
773 1114 43 27 she
835 1117 47 23 not
895 1123 39 17 see
948 1121 38 18 me
998 1120 59 19 once
1075 1116 73 24 more,
1159 1109 54 32 just

659 1155 27 23 to
708 1161 43 25 say
963 1151 42 24 the
1039 1154 82 28 young
1156 1153 57 16 man

661 1189 133 26 wondered
819 1188 42 26 the
886 1190 62 24 next
971 1186 118 31 morning,
1120 1190 26 17 as
1171 1180 42 26 the

660 1227 61 27 time
734 1226 38 28 for
789 1226 39 27 his
846 1225 133 36 departure
992 1219 150 40 approached
1164 1218 48 27 and

660 1265 74 26 Clara
746 1264 54 26 still
810 1263 125 35 appeared
947 1266 51 22 not.
1045 1261 35 25 At
1097 1258 43 25 the
1153 1265 60 25 very

659 1301 47 27 last
721 1308 112 20 moment
845 1301 43 26 she
901 1308 76 26 came,
990 1297 49 28 and
1051 1294 116 34 standing
1181 1294 32 34 by

660 1341 44 26 her
720 1340 118 27 mother's
850 1339 52 26 side
915 1339 26 25 in
954 1339 42 25 the
1019 1337 43 26 low
1085 1334 128 32 door-way

658 1378 44 25 she
715 1377 59 26 held
786 1381 46 21 out
851 1377 44 24 her
907 1375 74 26 hand.

692 1416 16 13 '
718 1414 125 36 Good-by,
857 1414 80 26 Clara.
977 1411 57 28 God
1047 1409 62 27 bless
1131 1415 50 28 you

657 1453 54 27 said
726 1454 97 32 Albert,
852 1452 94 36 tightly
966 1449 107 36 clasping
1094 1447 43 26 her
1157 1445 55 26 cold

658 1492 74 27 hand.

869 1528 44 26 Mr
1104 1523 43 26 she
1168 1531 29 17 au-

657 1567 96 26 swered
766 1566 100 35 simply,
880 1573 76 18 never
980 1563 90 35 raising
1092 1561 43 25 her
1156 1568 58 26 eyes

658 1608 25 23 to
697 1605 39 26 his
754 1605 60 32 face,
841 1603 49 28 and
914 1603 61 26 then
996 1601 65 27 drew
1084 1598 62 28 back
1170 1597 44 27 the

657 1641 67 28 little
736 1641 76 34 hand,
825 1641 49 27 and
888 1640 92 27 Albert
993 1647 88 27 sprang
1104 1636 54 26 into
1171 1635 43 26 the

657 1689 96 26 wagon.
791 1679 116 35 Looking
921 1678 68 33 back,
1003 1678 29 24 he
1055 1674 89 35 caught
1167 1682 46 18 one

655 1717 51 25 last
735 1716 59 26 look
824 1717 63 25 from
913 1716 41 25 the
974 1714 43 27 sad
1038 1713 57 26 blue
1113 1720 57 25 eyes
1188 1710 27 25 of

656 1755 76 28 Clara
763 1754 89 28 Moore
883 1754 54 27 that
965 1751 109 30 haunted
1098 1749 51 28 him
1174 1748 38 27 for

657 1802 76 24 many
746 1802 73 24 years
831 1791 155 26 afterwards.

690 1878 80 27 Grace
794 1876 101 28 Church
926 1876 21 26 is
977 1873 119 36 thronged
1119 1872 60 27 with
1199 1881 13 17 a

655 1925 47 27 gay
713 1915 48 27 and
768 1913 155 28 fashionable
931 1909 281 37 assemblage,'gathered

655 1956 26 24 to
695 1953 101 26 witness
809 1953 43 26 the
866 1951 122 35 marriage
996 1950 28 26 of
1033 1949 90 28 Albert
1135 1948 63 28 Cush-

655 2000 59 17 man
727 1991 50 25 and
791 1989 70 26 Eliza
873 1989 135 34 Vaughan.

689 2028 25 27 A
728 2028 60 25 hum
802 2027 27 25 of
840 2026 166 35 expectation,
1025 2023 48 27 and
1096 2022 67 33 then,
1186 2030 27 17 as

655 2066 43 28 the
710 2075 78 26 organ
798 2064 118 37 joyously
930 2063 67 36 peals
1009 2062 65 27 forth
1093 2061 43 28 the
1148 2059 48 28 wed-

655 2104 61 35 ding
727 2104 93 32 march,
834 2103 44 26 the
891 2101 81 27 bridal
984 2101 64 26 train
1066 2108 94 26 sweeps
1179 2108 34 25 up

656 2141 42 26 the
711 2141 76 26 broad
807 2140 61 25 aisle
888 2140 51 25 and
960 2138 84 27 stands
1064 2137 84 26 before
1171 2136 42 25 the

655 2178 72 27 altar.
765 2179 24 30 A
801 2176 257 41 *enir^-ent.Qj^ftt
1058 2173 3 44 1
1073 2175 43 26 the
1128 2173 85 36 bright

658 2216 137 26 December
807 2224 47 17 sun
868 2216 93 24 throws
974 2214 37 24 his
1028 2212 89 35 golden
1131 2210 82 26 beafoa

657 2261 67 26 upon
738 2252 42 26 the
793 2251 120 34 kneeling
925 2249 96 35 couple,
1034 2257 27 18 as
1073 2248 42 26 the
1129 2255 70 18 vener-

656 2289 62 34 able,
742 2289 75 26 white
828 2288 76 27 robed
923 2287 89 35 bishop
1032 2286 121 33 solemnly
1174 2285 24 26 in

655 2327 77 29 vokes
744 2325 77 28 God's
834 2325 108 35 blessing
955 2333 67 27 upon
1035 2323 67 27 them
1115 2332 26 18 as
1155 2331 56 18 man

653 2365 51 26 and
719 2364 63 26 wife.

687 2401 54 27 The
774 2409 68 19 same
863 2400 89 35 golden
974 2399 85 27 beams
1078 2397 41 26 fell
1145 2406 66 24 upon

653 2438 106 28 another
789 2438 48 26 and
861 2438 37 25 far
913 2436 118 27 different
1049 2444 77 18 scene.
1164 2434 48 26 Far

655 2486 33 26 up
717 2485 92 26 among
842 2475 43 27 the
915 2474 128 32 Catskills,
1075 2473 78 26 under
1180 2481 32 17 no

654 2514 92 25 fretted
759 2513 57 26 roof
831 2513 50 24 and
895 2517 25 20 to
932 2521 33 16 no
978 2511 80 25 sound
1075 2510 29 25 of
1113 2510 99 33 pealing

654 2560 84 27 organ,
753 2551 46 26 but
813 2550 62 26 with
889 2550 42 26 the
941 2548 80 27 winds
1032 2547 99 36 sighing
1143 2555 14 17 a
1169 2546 42 26 sad

655 2589 110 35 requiem
790 2588 110 35 through
922 2588 43 24 the
988 2586 98 26 leafless
1106 2588 73 28 trees,
1199 2593 13 16 a

655 2626 65 28 little
734 2626 66 28 band
812 2625 28 28 of
851 2634 137 25 mourners,
1002 2624 62 27 with
1084 2626 64 24 tears
1162 2621 50 28 and

654 2665 64 29 sobs,
733 2664 57 26 bear
805 2664 74 25 Clara
902 2663 88 25 Moore
1006 2665 27 23 to'
1054 2662 44 24 her
1118 2660 94 33 resting

655 2700 69 36 place
736 2699 80 26 under
830 2699 42 26 the
884 2699 41 26 old
938 2698 49 27 oak
1000 2701 61 29 tree,
1083 2696 88 32 where,
1185 2696 26 24 in

656 2738 42 28 the
710 2738 65 36 long,
792 2737 83 37 bright
887 2746 107 19 summer
1008 2737 62 35 days
1087 2744 27 19 so
1135 2733 77 37 lately

654 2785 70 25 gone,
738 2777 43 24 she
794 2776 49 24 had
857 2778 74 31 spent
943 2775 60 25 such
1018 2774 83 33 happy
1127 2772 84 31 hours,

655 2812 50 27 and
717 2812 71 27 there
800 2811 115 35 tenderly
939 2811 60 34 they
1012 2810 40 36 lay
1075 2810 44 26 her
1139 2809 73 26 down

655 2850 50 25 and
723 2850 69 25 leave
805 2849 44 25 her
866 2852 25 22 to
903 2849 135 24 dreamless
1050 2847 76 34 sleep.

717 2887 53 33 See,
785 2885 76 35 Eliza,
875 2885 70 28 there
958 2886 21 27 is
990 2885 43 28 the
1045 2884 67 28 little
1134 2884 58 27 farm-

656 2926 76 27 house
758 2925 81 27 where
865 2924 12 28 I
907 2928 74 32 spent
1011 2925 46 27 last
1093 2932 116 18 summer.

658 2963 95 27 Would
765 2972 48 26 you
826 2963 53 25 like
891 2965 26 23 to
926 2971 32 26 go
970 2965 44 23 out
1026 2962 50 24 and
1091 2961 59 25 visit
1162 2960 20 25 it

778 3000 98 31 Albert,
891 3000 13 26 I
915 3000 73 26 think
999 3003 43 23 not
1056 3011 6 22 ;
1073 2999 45 25 but
1131 2997 22 26 if
1162 3006 49 26 you

656 3038 52 27 like
726 3041 27 24 to
765 3038 32 26 do
809 3046 33 25 so,
856 3046 61 27 pray
931 3039 31 24 do
981 3040 44 23 not

694 3075 56 28 A.nd
765 3075 103 35 waiting
880 3075 38 27 for
930 3084 32 17 no
989 3075 97 27 further
1110 3072 87 36 permis-

656 3113 64 33 sion,
750 3113 92 27 Albert
869 3112 130 27 Cushman
1033 3119 92 27 sprang
1148 3110 63 26 from

656 3150 42 27 the
711 3150 117 35 carriage,
841 3150 50 26 and
905 3149 137 36 promising
1055 3153 26 21 to
1105 3148 29 25 be
1148 3146 63 27 back

656 3187 27 27 in
696 3197 15 17 a
724 3188 46 26 few
783 3191 132 29 moments,
941 3186 119 28 hastened
1084 3193 61 19 over
1170 3185 42 26 the

656 3225 238 26 well-remembered
907 3224 105 35 ground.

714 3263 15 27 I
744 3262 101 27 wonder
856 3262 23 27 if
889 3261 66 28 little
965 3262 74 28 Clara
1052 3260 44 27 has
1116 3259 79 36 forgot-

655 3303 43 24 ten
717 3310 38 17 me
808 3301 31 26 he
852 3300 126 26 muttered
992 3303 26 23 to
1030 3298 102 27 himself
1141 3307 26 17 as
1180 3298 31 25 he

653 3338 156 36 approached
833 3338 44 26 the
901 3338 84 31 house,
1009 3336 80 26 which
1113 3335 97 26 seemed

654 3384 69 18 more
735 3376 70 34 quiet
824 3374 61 26 than
898 3374 33 26 he
943 3373 167 27 remembered
1133 3373 21 24 it
1166 3372 28 25 be-

652 3411 59 28 fore.
750 3411 51 28 His
818 3411 85 27 knock
912 3419 51 18 was
971 3409 128 27 answered
1112 3408 32 36 by
1155 3407 55 27 Mrs

652 3450 98 35 Moore,
762 3449 77 37 paler,
861 3450 51 27 and
925 3448 62 27 with
1018 3447 61 36 deep
1102 3446 63 27 lines
1185 3447 27 26 of

652 3496 94 19 sorrow
760 3496 33 19 on
805 3487 45 26 her
864 3486 93 35 kindly
965 3486 61 27 face.

765 3533 51 27 you
828 3524 140 28 remember
992 3521 69 29 me?'
1073 3522 68 27 cried
1166 3521 30 28 Al-

652 3562 56 26 bart
720 3562 91 34 taking
822 3562 46 25 her
880 3561 68 26 hand
960 3560 50 28 and
1028 3559 103 34 looking
1156 3559 55 25 into

651 3599 46 28 her
709 3607 65 28 eyes,

770 3646 137 33 Cushman,
924 3654 49 26 you
988 3643 64 27 have
1065 3652 69 17 come
1158 3646 27 23 to
1197 3652 15 16 a

652 3692 61 27 very
737 3683 113 36 changed
999 3680 60 27 with
1079 3680 133 35 quivering

651 3721 55 35 lips.
771 3722 65 26 Poor
969 3719 50 26 and
1030 3718 42 25 the
1095 3717 116 27 mother's

652 3758 71 27 voice
736 3766 50 19 was
805 3757 49 27 lost
866 3757 27 26 in
912 3760 75 22 tears.

686 3808 92 28 Albert
790 3805 151 30 Cushman's
967 3805 71 27 heart
1063 3803 70 29 stood
1159 3804 50 28 still

652 3846 62 28 with
726 3856 15 17 a
753 3846 83 37 guilty
848 3846 60 26 fear.

713 3895 94 28 Where
840 3895 21 26 is
894 3894 44 26 she
1005 3893 31 26 he
1069 3892 140 35 whispered

654 3932 122 35 hoarsely.

714 3982 80 26 There
849 3981 51 26 and
925 3980 42 26 the
993 3980 119 26 withered
1144 3980 65 26 hand

653 4018 100 37 pointed
773 4022 26 24 to
812 4018 43 28 the
872 4027 83 28 grove.

689 4069 75 28 With
773 4068 126 35 unsteady
922 4070 56 32 step
1002 4067 33 26 he
1056 4066 91 35 sought
1168 4067 43 26 the

654 4106 109 27 familiar
774 4109 64 33 spot,
851 4105 50 28 and
915 4105 80 27 under
1008 4105 43 26 the
1064 4110 51 20 tree
1129 4104 82 27 where

655 4144 31 27 he
711 4144 47 28 had
783 4145 100 27 uttered
907 4143 44 28 the
978 4142 82 28 words
1082 4142 56 28 that
1162 4142 49 28 had

656 4182 96 26 broken
764 4183 45 25 her
825 4191 87 26 young
929 4182 80 31 heart,
1023 4180 91 28 Albert
1133 4181 62 27 Cush-

656 4227 57 17 man
726 4218 78 27 found
818 4219 49 26 and
880 4218 117 27 bedewed
1017 4217 61 26 with
1102 4221 67 23 tears
1187 4218 26 26 of

658 4257 147 35 unavailing
826 4266 108 18 remorse
959 4256 42 27 the
1025 4255 69 35 daisy
1107 4257 103 26 covered

658 4294 91 25 mound
773 4295 80 24 under
870 4294 80 25 which
971 4294 41 33 lay
1030 4292 33 27 all
1081 4293 56 26 that
1161 4302 50 17 was

658 4329 45 28 left
717 4330 28 28 of
754 4333 76 26 sweet
844 4330 72 30 Clara
931 4330 96 29 Moore.

1325 168 19 25 A
1366 166 153 27 TRAMP'S
1540 162 184 28 ROMANCE.

1279 255 95 27 Robert
1393 254 106 26 Preston
1517 251 50 26 and
1592 249 64 32 wife,
1682 257 15 17 a
1715 248 88 34 couple

1245 293 62 33 who,
1334 291 103 36 happily
1456 289 96 33 united,
1572 298 14 16 a
1604 287 48 26 few
1670 286 61 34 days
1756 294 46 26 ago

1244 330 98 27 arrived
1357 330 26 25 in
1397 329 50 26 this
1458 328 52 34 city
1522 336 31 16 en
1566 329 72 23 route
1656 324 39 26 for
1713 324 88 25 Texas.

1244 368 52 27 The
1309 371 69 30 story
1390 366 28 26 of
1428 365 66 26 their
1512 363 121 34 marriage
1652 362 21 25 is
1691 360 85 27 rather
1788 369 14 17 a

1244 404 122 28 romantic
1378 412 64 25 one)
1462 406 43 22 not
1531 401 55 27 that
1604 400 21 27 it
1643 399 113 27 abounds
1774 397 26 27 in

1244 442 160 28 hairbreadth
1418 449 97 26 escapes
1526 449 27 16 or
1567 438 73 26 blood
1654 438 26 25 in
1694 437 67 35 large
1774 446 28 16 or

1243 481 70 26 small
1333 479 144 35 quantities,
1498 478 47 24 but
1564 475 155 32 thatwell,
1746 474 55 25 that

1242 518 21 26 it
1275 518 22 26 is
1310 516 129 27 romantic.
1476 514 87 27 About
1581 513 57 26 four
1656 521 71 26 years
1746 521 53 26 ago,

1243 557 65 26 Miss
1338 555 90 27 Emma
1458 552 107 33 Roland,
1594 552 29 25 of
1652 550 147 34 Galveston,

1242 594 92 26 visited
1359 602 32 16 an
1416 594 62 24 aunt
1502 591 25 25 in
1558 590 110 27 Warren
1694 591 103 31 county,

1244 630 149 35 Kentucky*
1430 630 26 26 It
1470 637 49 17 was
1531 635 119 25 summer,
1660 625 43 26 the
1713 634 86 17 season

1244 679 57 24 was,
1315 669 49 26 and
1373 677 47 17 one
1432 667 109 34 evening
1555 665 41 26 the
1606 665 48 35 girl
1667 667 38 23 sat
1718 664 26 25 in
1757 663 43 26 the

1242 707 70 36 yard,
1322 707 55 25 half
1384 705 103 34 reading
1496 704 49 25 and
1555 703 55 25 half
1616 701 132 37 regarding
1759 702 41 25 the

1243 753 132 20 enormous
1388 742 101 28 bumble
1503 742 57 26 bees
1573 740 103 35 buzzing
1694 739 104 27 around.

1243 785 26 25 A
1294 783 109 26 Warren
1432 784 93 31 county
1552 779 102 26 bumble
1679 778 44 26 bee
1748 778 51 24 will

1244 824 92 25 attract
1350 820 123 26 attention
1497 817 141 35 anywhere.
1693 815 41 27 He
1754 824 45 17 can

1244 860 73 26 make
1330 867 49 26 you
1390 858 73 26 think
1476 857 55 25 that
1544 856 30 25 he
1585 856 19 25 is
1615 854 114 35 tangling
1739 854 46 25 him-

1242 897 50 25 self
1301 898 26 23 in
1338 905 64 24 your
1414 895 61 32 hair,
1487 894 47 25 aud
1547 893 103 33 looking
1659 892 81 25 round
1751 900 48 24 you

1244 935 51 26 will
1308 942 39 20 see
1360 933 53 26 him
1426 935 43 22 ten
1484 931 49 27 feet
1546 939 71 25 away
1629 929 111 35 clinging
1751 932 25 22 to
1787 938 13 16 a

1243 970 194 28 thistle-bloom.
1491 969 86 26 That's
1599 968 99 33 enough
1723 968 77 24 about

1244 1009 41 27 the
1298 1009 50 26 bee.
1404 1008 24 26 A
1448 1007 108 32 footstep
1574 1003 80 27 didn't
1673 1012 72 18 rouse
1758 1003 42 26 the

1242 1055 85 26 young
1339 1045 64 34 lady.
1442 1045 24 25 It
1487 1052 49 17 was
1548 1051 14 16 a
1576 1043 69 24 voice
1665 1041 55 25 that
1738 1041 61 33 said,

1269 1084 53 26 Can
1336 1084 12 26 I
1366 1086 41 31 get
1426 1091 14 16 a
1458 1080 76 27 drink
1559 1079 27 26 of
1604 1082 76 23 water
1689 1078 21 27 V
1740 1079 59 27 Two

1242 1131 66 17 arms
1320 1121 48 26 and
1383 1130 14 16 a
1411 1120 58 27 chin
1480 1119 26 26 of
1517 1128 14 15 a
1543 1121 83 30 tramp
1639 1116 87 26 leaned
1740 1125 59 17 over

1242 1159 42 26 the
1298 1159 76 26 fence.
1411 1157 42 26 He
1469 1164 48 18 was
1526 1154 99 26 dressed
1633 1154 28 25 in
1671 1162 13 16 a
1696 1154 100 33 tramp',

1241 1196 68 35 garb,
1323 1204 15 16 a
1355 1194 126 26 wardrobe
1494 1196 26 22 at
1530 1201 60 17 once
1599 1199 26 18 so
1633 1190 167 26 describeable

1242 1234 49 26 and
1303 1232 188 28 indescribable.
1566 1230 14 26 I
1602 1239 51 25 say,
1673 1238 45 17 can
1732 1229 14 27 I
1759 1233 41 30 get

1242 1281 67 26 sqme
1336 1270 110 25 waterV'
1599 1267 53 26 said
1677 1267 42 24 the
1742 1267 55 34 girl.

1268 1309 71 27 Must
1352 1308 14 27 I
1376 1317 31 27 go
1420 1306 96 28 around
1529 1310 26 22 to
1566 1305 41 27 the
1620 1308 57 32 gate
1686 1314 27 17 or
1724 1304 76 27 climb

1242 1357 59 17 over
1314 1348 43 25 the
1369 1347 70 25 fence
1512 1345 75 31 Both,
1601 1343 20 25 if
1630 1352 50 24 you

1267 1385 86 27 That's
1366 1384 43 26 the
1425 1392 52 25 way
1493 1383 13 26 I
1520 1382 52 25 like
1585 1385 26 21 to
1630 1382 59 24 hear
1713 1380 87 35 people

1329 1422 52 26 said
1396 1422 43 26 the
1449 1424 90 31 tramp,
1551 1419 120 34 climbing
1680 1427 60 17 over
1751 1418 48 26 and

1242 1460 175 37 approaching.
1519 1458 73 32 Now,
1630 1457 103 26 wheie's
1759 1456 41 27 the

1369 1497 67 27 "I'll
1450 1497 73 36 bring
1619 1495 81 27 You'd
1720 1496 80 26 better

1242 1538 74 33 briug
1335 1537 43 26 the
1397 1537 62 31 well,
1480 1536 39 25 for
1538 1535 48 25 I'm
1607 1534 75 34 dryer
1702 1534 60 25 than
1787 1543 13 15 a

1483 1572 52 27 The
1560 1571 47 36 giil
1634 1574 66 23 went
1719 1574 26 23 to
1759 1571 41 26 the

1243 1614 77 25 house
1333 1613 50 26 and
1403 1611 118 27 returned
1542 1610 60 25 with
1622 1620 14 15 a
1661 1610 94 25 bucket
1776 1610 24 24 of

1244 1655 84 24 water.
1365 1650 84 26 When
1469 1648 43 27 the
1536 1657 58 17 man
1620 1647 49 27 had
1694 1646 105 27 finished

1242 1690 122 32 drinking
1376 1689 43 25 she
1430 1688 42 24 did
1486 1690 45 22 not
1540 1686 73 25 think
1625 1687 29 24 he
1667 1686 46 24 had
1726 1695 59 23 exag-

1241 1726 102 37 gerated
1357 1725 39 27 his
1408 1724 83 28 thirst.
1535 1723 31 26 In
1579 1723 51 26 fact
1642 1723 43 26 she
1698 1722 42 27 did
1756 1725 43 24 not

1242 1765 76 26 think
1338 1765 55 26 that
1418 1764 39 25 his
1480 1763 157 33 comparison
1665 1762 48 25 had
1739 1763 61 24 been

1241 1803 129 32 adequate.
1536 1799 64 25 book
1614 1808 42 15 are
1667 1807 49 24 you
1731 1799 56 23 read-

1242 1838 42 36 ing
1383 1836 59 28 Mill
1456 1844 32 18 on
1508 1836 42 26 the
1721 1836 60 24 Over-

1242 1876 77 33 rated,
1329 1876 13 26 I
1353 1884 76 18 never
1442 1874 68 26 liked
1523 1874 28 26 it.
1588 1873 43 27 All
1641 1873 74 34 depth
1730 1882 28 16 or
1767 1882 33 16 no

1242 1914 84 35 depth,
1340 1914 13 26 I
1371 1912 70 27 don't
1454 1912 75 26 know
1543 1911 88 26 which.
1684 1911 115 26 Str&ined

1242 1952 147 31 characters,
1414 1959 28 18 or
1468 1959 33 17 no
1531 1949 147 33 characters,
1698 1949 14 24 I
1732 1947 68 28 don't

1244 1989 75 26 know
1351 1988 88 27 which.
1484 1987 52 26 The
1556 1987 90 24 author
1665 1986 45 25 has
1734 1986 66 25 tried

1242 2030 26 23 to
1283 2027 72 25 write
1367 2036 14 15 a
1392 2029 69 31 story
1480 2024 109 26 without
1601 2033 13 17 a
1634 2024 165 27 well-defined

1244 2065 58 35 plot,
1329 2064 49 27 and
1416 2064 43 26 has
1498 2062 83 27 failed.
1633 2062 165 28 Goldsmith's

1242 2112 95 17 success
1367 2111 26 17 as
1418 2111 15 17 a
1463 2101 102 37 plotless
1591 2100 49 26 and
1669 2100 130 35 charming

1242 2140 85 26 writer
1352 2148 50 17 was
1426 2149 14 16 a
1462 2139 47 26 bad
1531 2137 135 35 example."'
1740 2138 58 26 You

1242 2177 126 28 shouldn't
1393 2181 53 22 tear
1472 2186 40 25 my
1538 2176 107 29 favorite
1676 2177 65 25 book
1773 2180 25 22 to

1244 2217 85 32 pieces.
1366 2217 15 24 I
1395 2215 50 24 iike
1459 2215 98 31 Gcoin's
1569 2215 70 22 iSiioc
1761 2214 39 28 I\Vr

1476 2248 69 28 don't
1559 2248 51 26 like
1623 2250 7 13 '
1641 2248 58 26 Mill
1713 2257 31 17 on
1757 2248 41 26 the

1244 2287 85 29 Floss.'
1364 2288 60 26 You
1437 2288 63 26 have
1526 2286 62 26 been
1609 2285 111 35 nodding
1739 2295 60 17 over

1242 2326 21 26 it
1275 2326 38 27 for
1326 2326 43 26 the
1388 2328 55 33 past
1468 2325 54 26 half
1538 2324 70 28 hour.
1657 2323 59 27 You
1738 2323 59 35 only

1242 2364 104 34 pretend
1364 2367 25 22 to
1403 2363 58 26 read
1479 2363 21 24 it
1511 2363 102 25 because
1625 2370 50 24 you
1689 2361 108 34 imagine

1242 2401 55 26 that
1315 2401 26 25 in
1360 2400 76 34 doing
1453 2409 27 17 so
1492 2408 50 26 yon
1567 2398 105 34 develop
1691 2399 104 33 literary

1375 2439 15 16 ''
1400 2438 14 27 I
1440 2437 81 32 think,
1541 2436 42 33 sir,
1607 2435 56 27 that
1681 2445 50 25 you
1755 2445 42 17 are

1432 2476 74 26 'But
1517 2474 118 27 truthful.
1683 2474 88 26 Here's
1783 2484 14 16 a

1242 2514 64 25 book
1332 2513 55 24 that
1413 2521 48 25 you
1475 2512 89 25 should
1689 2512 48 25 and
1753 2511 41 26 the

1242 2553 82 32 tramp
1346 2549 60 27 took
1436 2549 64 26 from
1522 2549 38 26 his
1590 2549 89 35 ragged
1703 2553 56 22 coat
1783 2558 13 17 a

1242 2588 107 26 tattered
1379 2596 61 26 copy
1459 2587 28 25 of
1509 2586 118 26 Burton's
1670 2589 126 33 Anatomy

1241 2626 27 27 of
1294 2624 181 36 Melancholy.'
1605 2626 116 26 Johnson
1740 2626 53 27 said

1242 2664 55 25 that
1310 2664 51 24 this
1379 2664 65 24 book
1458 2671 50 17 was
1526 2664 42 24 the
1586 2663 60 33 only
1658 2664 69 24 work
1742 2664 55 24 that

1242 2699 73 27 could
1327 2699 90 26 induce
1442 2699 51 26 him
1521 2702 25 23 to
1560 2702 42 32 get
1615 2702 44 24 out
1671 2699 27 27 of
1710 2699 44 27 bed
1769 2700 26 26 in

1242 2738 42 28 the
1299 2737 114 36 morning
1440 2747 87 18 sooner
1546 2737 63 28 than
1634 2738 38 27 his
1696 2739 100 36 regular

1241 2777 61 24 time
1314 2776 26 25 of
1511 2777 60 24 And
1590 2776 75 25 that's
1677 2777 56 34 why
1747 2786 48 24 you

1242 2813 50 27 like
1362 2812 131 28 remarked
1505 2813 43 27 the
1571 2813 55 35 girl,
1646 2813 90 36 taking
1755 2814 42 26 the

1243 2850 72 26 book.

1299 2902 27 27 If
1337 2902 44 28 Dr.
1402 2902 114 29 Johnson
1540 2903 86 27 hadn't
1652 2903 70 28 made
1742 2903 55 28 that

1242 2941 99 26 remark
1359 2949 50 26 you
1426 2942 81 25 would
1533 2945 44 22 not
1596 2943 51 25 find
1667 2942 41 26 the
1728 2943 68 25 work

1242 2986 26 18 so
1493 2978 85 28 That's
1585 2978 32 27 all
1631 2979 74 36 right.
1732 2980 65 26 Give

1243 3025 38 16 me
1293 3025 66 17 some
1378 3025 68 17 more
1606 3018 52 26 The
1670 3027 113 17 conversa-

1243 3053 53 27 tion
1308 3063 51 17 was
1371 3054 109 35 pursued
1501 3051 65 30 until
1592 3055 41 26 the
1652 3058 82 33 tramp
1753 3065 29 18 ac-

1242 3092 86 34 cepted
1348 3101 32 15 an
1404 3092 136 25 invitation
1559 3096 26 22 to
1609 3102 98 25 supper.
1747 3095 50 24 His

1242 3128 54 26 idea
1317 3128 27 26 of
1355 3129 98 27 Burton
1472 3129 49 27 and
1540 3130 116 27 Johnson
1670 3140 48 17 was
1737 3140 60 17 soon

1242 3166 104 27 covered
1369 3176 34 25 up
1423 3167 61 26 with
1509 3168 83 26 batter
1616 3168 80 27 cakes.
1745 3169 53 26 The

1242 3207 89 32 tramp,
1346 3204 44 26 Mr
1404 3204 113 34 Preston,
1529 3206 128 26 remained
1670 3206 33 26 all
1713 3206 82 35 night.

1245 3241 70 26 Next
1327 3241 122 36 morning,
1470 3243 72 26 when
1555 3243 31 26 he
1599 3244 147 26 announced
1759 3244 39 26 his

1241 3279 127 27 intention
1393 3280 26 26 of
1442 3280 106 36 leaving,
1570 3282 42 26 the
1631 3282 46 34 girl
1703 3291 80 18 accom-

1241 3317 90 33 panied
1354 3317 52 25 him
1420 3321 26 22 to
1460 3317 41 26 the
1527 3323 56 29 spot
1596 3319 83 26 where
1703 3319 43 26 she
1759 3323 39 22 sat

1242 3354 71 26 when
1337 3354 32 26 he
1393 3354 82 27 hailed
1503 3356 50 26 hex*.
1594 3355 68 35 Why
1687 3356 31 26 do
1748 3366 49 24 you

1240 3393 82 31 tramp
1341 3391 96 25 around
1448 3390 11 27 ?
1495 3392 75 26 Have
1583 3401 50 26 you
1646 3401 33 17 no
1692 3392 72 26 home
1774 3393 23 25 V'

1266 3427 59 34 Yes,
1339 3437 27 18 as
1379 3431 25 24 to
1417 3428 43 28 the
1473 3428 79 29 home.
1590 3430 78 28 Don't
1684 3430 75 27 know
1772 3440 26 18 as

1239 3469 27 22 to
1318 3466 43 26 the
1649 3469 111 34 Whisky

1265 3502 54 28 Yes
1505 3505 71 33 Why
1584 3504 69 26 don't
1658 3514 49 26 you

1241 3542 14 14 11
1265 3540 14 26 1
1421 3541 75 33 Now,
1526 3550 33 17 on
1588 3550 47 18 one
1660 3543 137 28 condition.

1240 3576 66 26 That
1326 3585 51 24 you
1399 3577 51 26 will
1472 3580 102 23 consent
1593 3581 27 22 to
1633 3578 30 25 be
1676 3587 43 26 ray
1732 3579 63 26 wife.

1242 3612 70 29 Meet
1336 3622 40 19 me
1399 3613 80 30 under
1506 3614 52 29 this
1579 3618 53 25 tree
1655 3615 55 29 four
1724 3625 73 27 years

1240 3651 64 26 from
1473 3653 15 26 I
1641 3655 69 25 Good

1240 3688 51 28 and
1303 3688 31 28 he
1346 3688 106 29 climbed
1465 3690 42 27 the
1519 3690 71 28 fence
1602 3691 49 27 and
1667 3700 48 19 was
1725 3701 70 26 gone.

1242 3726 41 26 No
1304 3728 208 32 correspondence
1533 3737 51 16 was
1602 3728 94 26 carried
1709 3738 32 16 on
1754 3730 28 25 be-

1242 3765 80 25 tween
1347 3762 75 29 them.
1460 3763 52 29 The
1534 3764 93 36 manly,
1661 3764 136 30 handsome

1240 3800 53 28 face
1314 3800 29 29 of
1362 3801 42 28 the
1416 3804 83 35 tramp
1508 3802 71 37 hung
1592 3803 83 28 before
1687 3804 44 27 the
1748 3805 48 36 girl

1240 3839 53 28 like
1316 3849 15 18 a
1354 3841 116 35 portrait.
1506 3841 82 37 Deep,
1608 3846 99 23 earnest
1731 3853 64 26 eyes,

1240 3878 49 26 and
1313 3887 16 17 a
1353 3887 84 25 merry
1462 3879 76 35 laugh
1562 3881 175 35 accompanied
1754 3881 43 27 the

1241 3918 90 33 tramp.
1369 3916 101 27 Several
1491 3918 82 26 weeks
1591 3927 46 27 ago
1656 3918 42 27 the
1711 3928 85 28 young

1240 3954 59 36 lady
1323 3954 93 27 visited
1440 3955 44 27 her
1507 3960 68 24 aunt.
1614 3958 56 26 One
1688 3958 108 34 evening

1240 3992 49 26 last
1310 3992 71 25 week
1393 3992 44 26 she
1450 3996 38 23 sat
1501 3994 80 26 under
1590 3994 43 26 the
1647 3998 53 23 tree
1712 3995 27 25 in
1752 3995 43 25 the

1240 4029 63 35 yard
1325 4029 88 34 where,
1429 4031 56 26 four
1496 4040 73 26 years
1583 4041 47 26 ago
1642 4033 44 26 she
1698 4032 97 27 nodded

1240 4076 60 17 over
1323 4076 15 17 a
1362 4067 71 28 book.
1472 4069 64 27 Bees
1560 4070 91 27 buzzed
1665 4070 131 27 around

1241 4104 43 26 the
1313 4112 68 19 same
1418 4105 57 28 bees
1501 4107 146 37 seemingly.
1685 4107 41 26 On
1754 4107 44 26 her

1241 4142 41 37 lap
1305 4143 41 36 lay
1385 4144 58 27 Mill
1462 4154 32 18 on
1508 4145 42 28 the
1564 4145 175 28 Flossnear
1752 4145 45 27 her

1240 4191 14 15 a
1273 4182 108 25 tattered
1395 4191 63 25 copy
1472 4183 28 25 of
1510 4183 119 26 Burton's
1668 4185 129 31 Anatomy

1240 4218 27 27 of
1505 4220 22 26 A
1553 4220 84 35 buggy
1661 4220 76 26 drove
1756 4228 40 27 up.

1240 4259 26 24 A
1285 4267 56 17 man
1362 4259 110 33 alighted
1483 4259 48 25 and
1545 4258 107 26 climbed
1665 4259 42 24 the
1719 4258 78 27 fence.

1240 4330 80 29 There
1342 4340 50 19 was
1414 4340 32 18 no
1460 4330 137 31 indication
1609 4330 28 28 of
1647 4340 14 17 a
1674 4333 83 35 trauip
1770 4331 26 27 iu

1837 158 41 26 the
1914 151 282 37 handsomely-dressed
2239 148 150 38 gentleman.

1836 195 52 27 The
1921 193 73 32 clear,
2024 193 99 25 earnest
2156 197 58 26 eyes
2235 188 100 26 showed
2356 197 34 16 no

1837 232 65 26 lurid
1915 230 72 34 light,
2001 228 104 26 kindled
2124 227 33 34 by
2176 225 98 27 Satan's
2293 224 94 27 breath.

1836 268 106 35 Clasped
1957 266 86 32 hands,
2057 265 88 33 kisses,
2158 263 108 26 renewal
2278 261 28 27 of
2312 270 75 18 vows.

1833 306 65 27 That
1910 304 108 35 evening
2031 303 42 26 the
2091 302 87 36 buggy
2192 303 67 24 went
2273 308 24 19 10
2310 299 65 27 Bowl-

1832 345 43 35 ing
1900 344 89 25 Green.
2028 341 71 25 Next
2124 339 117 34 morning
2271 347 15 17 a
2306 338 83 34 happy

1832 381 87 37 couple
1941 380 44 26 left
2010 387 32 18 on
2052 388 14 16 a
2079 374 220 30 southerns-bound
2314 375 73 27 train.

1832 421 70 34 They
1924 428 40 19 are
1981 426 57 18 now
2060 416 27 26 in
2106 416 51 26 this
2169 416 51 34 city
2234 413 116 36 stopping
2363 416 26 24 at

1832 458 42 26 the
1900 456 86 28 Grand
2011 456 110 25 Central.
2159 454 150 26 To-morrow
2329 451 60 35 they

1833 495 51 26 will
1899 495 69 25 leave
1978 493 38 26 for
2025 493 87 26 Texas.

1831 587 150 28 SUICIDE
1995 585 47 28 OF
2055 585 26 25 A
2094 583 180 26 SEAMAN'S
2284 582 102 29 WIFE.

2018 675 18 18 A
2050 672 49 21 SAD
2118 672 81 20 STORY

1865 724 43 25 An
1938 722 102 37 inquest
2070 729 52 18 was
2150 719 59 26 held
2230 719 28 26 in
2282 719 105 27 London

1830 762 105 26 relative
1947 764 26 23 to
1987 760 42 26 the
2042 759 75 26 death
2130 757 28 27 of
2170 757 130 35 Margaret
2310 758 63 29 Kins-

1831 799 63 33 well,
1914 799 41 32 32,
1975 798 28 26 of
2020 796 119 36 Regent's
2150 796 114 32 Terrace,
2274 795 114 27 Victoiia

1831 837 92 33 Docks,
1962 836 56 26 who
2048 834 147 27 committed
2231 833 93 27 suicide
2356 843 32 17 on

1832 875 158 33 Wednesday
2023 874 33 33 by
2086 872 100 34 cutting
2216 872 43 25 her
2295 872 92 26 throat.

1830 913 52 26 The
1906 912 118 26 evidence
2047 908 101 28 showed
2173 909 43 25 the
2234 908 116 26 husband
2363 908 27 27 of

1831 951 41 26 the
1909 948 123 32 deceased,
2070 948 109 26 Thomas
2215 946 132 34 Kinswell,
2373 957 14 16 a

1831 987 144 33 boatswain,
1987 986 46 25 left
2048 985 38 26 for
2104 985 65 26 New
2188 983 74 26 York
2279 983 77 26 about
2374 993 14 16 a

1830 1025 124 34 fortnight
1989 1023 74 32 since,
2105 1021 100 33 leaving
2243 1020 45 26 her
2320 1030 67 16 some

1831 1072 88 25 money
1939 1068 25 19 to
1980 1060 103 36 provide
2102 1067 66 17 some
2183 1058 105 26 woollen
2300 1058 75 26 under-

1830 1101 112 34 clothing
1961 1100 33 34 by
2014 1099 39 25 his
2072 1101 94 28 return,
2186 1096 50 26 and
2249 1096 50 33 she,
2314 1096 74 35 being

1831 1139 78 26 under
1939 1138 43 24 the
2011 1136 77 25 belief
2109 1135 55 25 that
2186 1134 43 25 she
2251 1134 49 25 had
2326 1135 62 24 been

1830 1175 92 26 rcbbsd
1935 1174 28 25 of
1973 1182 66 17 some
2053 1173 27 25 of
2091 1172 28 32 it,
2131 1172 99 25 became
2239 1179 62 25 very
2314 1171 73 25 much

1830 1211 138 37 depressed,
1995 1210 49 27 and
2069 1212 43 25 cut
2134 1209 45 26 her
2193 1208 84 27 throat
2290 1208 97 35 shortly

1831 1251 83 26 before
1932 1250 69 34 eight
2019 1248 95 27 o'clock
2132 1256 34 17 on
2178 1246 44 26 the
2234 1246 116 35 morning
2364 1246 24 27 of

1834 1287 155 35 Wednesday
2003 1286 55 28 last.
2096 1286 25 25 A
2135 1284 74 26 letter
2222 1292 50 18 was
2291 1284 58 26 read
2363 1287 25 23 to

1832 1327 40 26 the
1882 1328 69 33 jury,
1966 1326 102 25 written
2080 1324 28 26 in
2123 1323 42 26 red
2184 1322 47 27 ink
2244 1322 33 35 by
2290 1322 43 27 the
2345 1322 29 27 de-

1829 1365 93 31 ceased,
1942 1364 55 33 just
2018 1362 84 25 before
2124 1361 43 26 the
2189 1360 101 31 suicide,
2304 1363 25 22 to
2342 1360 44 25 her

1830 1402 73 26 sister
1930 1401 26 26 in
1983 1399 125 36 Glasgow,
2132 1397 95 36 stating
2258 1396 56 27 that
2345 1397 41 26 the

1832 1440 84 26 writer
1930 1439 48 26 had
1992 1439 61 25 been
2067 1436 92 27 robbed
2173 1436 27 26 of
2211 1444 68 18 some
2298 1444 89 26 money

1830 1479 49 26 and
1901 1478 42 26 did
1966 1481 44 22 not
2031 1476 74 26 know
2119 1475 57 26 how
2190 1474 44 27 she
2247 1474 74 27 could
2333 1474 53 27 face

1830 1518 44 25 her
1898 1516 122 32 husband,
2041 1515 50 26 and
2110 1514 90 34 asking
2221 1513 44 26 her
2277 1513 72 26 sister
2363 1518 24 21 to

1830 1554 58 26 lend
1902 1554 43 25 her
1959 1554 38 26 2
2037 1556 26 21 to
2076 1560 58 17 save
2147 1551 57 25 ruin
2218 1553 26 23 to
2258 1550 44 26 her
2321 1550 66 35 body

1830 1592 49 27 aud
2007 1590 102 35 adding,
2135 1589 27 27 in
2186 1588 201 27 unmistakeable

1831 1631 128 34 language,
1978 1629 56 26 that
2052 1628 22 25 if
2090 1628 44 26 she
2149 1626 73 27 could
2234 1630 45 22 not
2290 1629 41 32 get
2344 1626 41 26 the

1831 1677 90 26 money
1940 1668 43 26 she
2004 1666 83 27 would
2100 1665 74 27 make
2188 1674 55 25 way
2258 1664 61 27 with
2331 1664 45 26 her
2385 1664 3 39 -

1830 1706 52 25 self.
1920 1705 23 26 It
1957 1705 55 31 had,
2027 1704 123 29 however,
2163 1705 45 23 not
2218 1703 62 24 been
2294 1702 93 34 posted,

1830 1743 48 28 and
1895 1752 50 18 was
1958 1742 78 28 found
2049 1751 32 18 on
2094 1751 14 17 a
2123 1740 78 28 trunk
2213 1740 27 27 in
2259 1740 43 27 the
2320 1749 69 18 room

1830 1782 117 33 occupied
1967 1782 33 31 by
2018 1781 43 24 the
2081 1789 104 15 woman.
2223 1779 27 24 A
2262 1778 63 25 slate
2338 1786 52 17 was

1830 1818 51 25 also
1904 1817 52 25 laid
1978 1816 83 26 before
2083 1815 42 26 the
2135 1816 69 34 jury,
2225 1822 68 26 upon
2310 1813 79 26 which

1832 1865 48 17 was
1900 1855 101 26 written
2022 1853 41 27 ihe
2083 1853 101 27 address
2197 1852 28 26 of
2234 1851 45 28 her
2291 1851 99 27 mother

1830 1895 26 25 in
1883 1893 125 35 Glasgow,
2035 1892 49 25 and
2109 1900 33 17 an
2163 1891 89 35 appeal
2266 1893 25 23 to
2305 1890 45 26 her
2363 1893 26 23 to

1830 1931 59 26 take
1923 1940 56 17 care
2011 1930 28 26 of
2070 1930 44 25 her
2136 1929 91 32 infant,
2253 1928 60 35 only
2338 1931 50 23 two

1830 1969 101 26 months
1961 1968 49 27 old.
2047 1967 62 27 This
2138 1975 52 17 was
2210 1965 100 27 written
2323 1965 65 26 after

1830 2006 42 26 the
1900 2005 116 27 deceased
2036 2004 50 26 had
2104 2007 43 23 cut
2166 2004 45 25 her
2229 2003 91 31 throat,
2340 2002 49 26 and

1830 2043 92 36 during
1947 2042 43 28 the
2015 2041 102 36 writing
2141 2041 27 27 of
2191 2040 43 28 the
2252 2040 81 27 words
2347 2039 42 28 the

1831 2083 72 26 blood
1926 2085 68 24 must
2015 2081 64 26 have
2101 2081 60 33 kept
2183 2079 124 35 dropping
2320 2087 68 26 upon

1830 2120 42 26 the
1892 2119 70 28 slate.
2001 2119 52 27 The
2070 2126 45 18 son
2132 2117 27 27 of
2179 2117 42 27 the
2233 2116 116 27 husband
2361 2116 28 26 of

1830 2158 42 26 the
1895 2156 116 27 deceased
2034 2165 50 17 was
2104 2154 155 35 questioned,
2282 2154 51 27 and
2356 2153 31 27 he

1829 2195 52 25 said
1902 2195 55 25 that
1970 2194 39 26 his
2021 2194 82 25 father
2117 2193 52 26 told
2180 2192 52 26 him
2246 2192 57 26 that
2315 2191 21 26 if
2347 2191 39 26 his

1829 2231 98 24 mother
1945 2230 90 25 should
2054 2238 40 25 say
2110 2230 125 32 anything
2248 2230 76 23 about
2338 2236 49 27 any

1830 2276 89 26 money
1933 2270 26 23 to
1972 2267 44 25 tell
2029 2267 45 25 her
2086 2269 45 22 not
2144 2269 26 22 to
2180 2274 82 26 worry
2271 2265 77 26 about
2358 2265 28 33 it,

1828 2314 27 17 as
1874 2305 30 26 he
1924 2305 82 26 would
2025 2304 72 27 make
2109 2304 22 26 it
2143 2304 34 25 all
2191 2303 68 35 right
2272 2302 71 27 when
2357 2303 30 25 he

1828 2352 68 17 came
1922 2344 79 31 home,
2027 2342 99 34 leaving
2140 2342 42 26 the
2195 2341 146 34 impression
2354 2350 33 16 on

1828 2380 42 26 the
1884 2380 83 26 minds
1980 2380 27 25 of
2017 2379 43 26 the
2069 2379 61 34 jury
2144 2378 56 27 that
2209 2378 22 25 if
2238 2387 49 25 any
2296 2386 91 26 money

1828 2417 49 26 had
1896 2418 61 25 been
1976 2417 50 26 lost
2044 2417 22 25 it
2086 2424 49 17 was
2148 2416 42 25 the
2202 2415 115 26 husband
2332 2415 55 26 who

1828 2455 48 26 had
1901 2455 77 26 taken
2003 2455 26 26 it.
2068 2453 53 28 The
2142 2454 61 35 jury
2228 2452 120 27 returned
2373 2462 14 17 a

1828 2493 95 25 verdict
1936 2493 56 25 that
2005 2492 117 25 deceased
2135 2491 146 26 committed
2290 2490 94 26 suicide

1828 2530 73 26 while
1915 2529 28 27 of
1953 2528 117 28 unsound
2088 2528 78 26 mind.

1861 2614 221 29 GAMBETTA'S
2224 2614 45 29 LOVE
2280 2614 65 29 STORY.

1862 2707 137 28 Gambetta
2018 2708 21 27 is
2058 2716 15 18 a
2096 2706 122 36 bachelor,
2239 2706 46 27 but
2298 2705 31 28 he
2342 2706 44 27 has

1827 2757 45 17 not
1893 2748 66 25 lived
1982 2755 27 19 so
2030 2748 59 32 long
2112 2747 107 25 without
2241 2746 94 33 having
2360 2750 26 21 at

1828 2785 61 25 least
1897 2784 184 35 contemplated
2092 2783 130 35 marriage.
2259 2782 127 35 Thestory

1827 2823 26 25 of
1881 2822 40 26 his
1952 2824 164 32 engagement
2147 2826 26 21 to
2203 2829 32 17 an
2253 2820 94 26 heiress
2359 2820 27 25 in

1827 2859 120 29 Western
1959 2859 105 33 Frat.ce,
2078 2858 48 27 and
2140 2858 35 26 its
2187 2857 96 26 sudden
2296 2857 75 26 break-

1826 2898 43 36 ing
1888 2898 40 34 off,
1947 2898 70 36 gives
2036 2907 28 17 us
2083 2907 14 16 a
2107 2897 67 26 fresh
2187 2895 106 37 glimpse
2305 2895 28 28 of
2344 2895 40 28 his

1825 2937 136 27 character.
1998 2937 77 26 From
2095 2935 42 26 the
2156 2935 61 26 time
2229 2935 29 25 of
2265 2934 39 26 his
2317 2935 54 25 leav-

1826 2975 43 35 ing
1882 2974 39 26 his
1934 2973 102 27 humble
2048 2972 73 27 home
2133 2975 26 23 at
2172 2972 101 32 Cahors,
2293 2971 40 26 till
2346 2970 40 28 his

1827 3013 48 25 rise
1894 3015 26 23 to
1939 3012 43 25 the
2001 3011 100 34 highest
2119 3010 65 26 rank
2198 3010 27 26 of
2236 3009 84 35 public
2333 3018 39 25 per-

1826 3059 112 26 sonages,
1957 3049 139 28 Gambetta
2114 3047 68 28 lived
2201 3047 62 26 with
2282 3057 14 16 a
2308 3047 64 26 faith-

1826 3089 45 31 ful,
1885 3088 93 33 loving,
1996 3087 107 25 devoted
2115 3089 70 28 aunt,
2200 3086 56 24 who
2269 3085 116 25 followed

1826 3125 51 26 him
1909 3128 26 23 to
1954 3124 80 32 Paris,
2066 3123 50 26 and
2135 3123 56 25 who
2204 3122 79 33 made,
2297 3131 71 25 every-

1827 3163 82 26 where
1935 3162 31 26 he
1992 3165 73 29 went,
2090 3170 15 16 a
2130 3160 114 35 pleasant
2262 3160 72 25 home
2347 3160 39 25 for

1826 3200 59 27 him.
1924 3200 49 26 She
1986 3208 52 16 was
2050 3202 27 22 at
2089 3207 60 17 once
2163 3198 39 25 his
2220 3196 151 27 maid-of-all-

1826 3238 68 26 work
1908 3237 50 25 and
1971 3238 39 24 his
2024 3236 129 35 congenial
2166 3235 155 34 companion,
2335 3233 49 27 and

1826 3276 31 27 he
1871 3285 50 17 was
1933 3275 89 34 deeply
2036 3273 116 28 attached
2166 3276 25 23 to
2204 3273 44 26 her
2260 3282 27 17 as
2303 3272 43 27 she
2359 3275 26 23 to

1826 3313 60 26 him.
1924 3313 49 25 His
1994 3314 165 32 engagement
2182 3314 26 22 to
2221 3319 15 17 a
2248 3310 136 26 handsome

1826 3351 50 25 and
1896 3349 183 34 accomplished
2100 3347 55 36 girl,
2177 3347 62 25 with
2257 3356 14 16 a
2285 3346 99 35 portion

1826 3388 27 25 of
1878 3394 76 17 seven
1973 3386 117 30 millions,
2111 3393 50 17 was
2178 3393 14 16 a
2211 3384 77 25 shock
2301 3386 27 22 to
2342 3383 42 24 the

1825 3423 65 37 good
1912 3426 70 30 aunt,
2003 3423 46 26 but
2069 3422 43 27 she
2133 3420 99 37 yielded
2245 3419 136 37 gracefully

1827 3467 24 21 to
1865 3462 42 26 the
1920 3461 144 26 inevitable.
2104 3460 84 26 When
2208 3459 42 26 the
2267 3466 102 26 arrange-

1825 3503 83 22 ments
1923 3504 38 20 tor
1973 3499 44 25 the
2027 3497 121 34 marriage
2163 3505 64 17 were
2241 3496 75 34 being
2328 3496 42 24 dis-

1825 3536 95 31 cussed,
1934 3536 123 32 however,
2072 3536 42 25 the
2127 3543 86 26 young
2221 3533 58 34 lady
2290 3532 61 26 took
2363 3532 21 25 it

1826 3574 54 25 into
1893 3574 45 24 her
1951 3573 62 24 head
2028 3576 25 21 to
2067 3572 73 24 make
2152 3572 21 23 it
2185 3580 14 15 a
2212 3570 129 25 condition
2359 3569 27 24 of

1826 3610 43 29 the
1890 3610 78 28 union
1991 3609 55 28 that
2059 3608 43 29 the
2114 3610 64 26 aunt
2190 3606 90 29 should
2293 3606 30 29 be
2339 3614 29 19 ex-

1825 3650 90 25 cluded
1946 3649 64 25 from
2044 3648 43 25 the
2108 3656 55 16 new
2185 3645 197 26 establishment.

1827 3686 49 28 She
1900 3694 51 18 was
1970 3685 110 35 scarcely
2113 3684 100 35 elegant
2240 3681 99 36 enough
2358 3684 26 24 to

1825 3725 79 25 adorn
1937 3724 83 33 gilded
2043 3723 91 25 salons.
2180 3720 137 27 Gambetta
2340 3727 29 17 ex-

1825 3759 100 37 plained
1939 3760 57 26 how
2010 3758 73 28 much
2097 3758 39 26 his
2148 3759 63 25 aunt
2224 3756 49 27 had
2283 3756 63 26 been
2356 3757 26 24 to

1825 3798 70 36 him;
1916 3798 43 27 the
1983 3797 53 27 rich
2060 3797 92 34 beauty
2177 3804 50 17 was
2251 3793 61 37 only
2342 3792 42 27 the

1826 3847 68 17 more
1907 3837 129 26 obdurate.
2076 3835 138 28 Gambetta
2227 3833 59 28 took
2300 3841 33 26 up
2345 3831 39 26 his

1825 3875 44 26 hat
1874 3875 50 26 and
1932 3874 72 25 made
2010 3884 12 15 a
2029 3872 124 36 profound
2159 3872 61 26 bow.

1825 3913 31 26 he
1869 3912 52 27 said
1933 3920 7 25 ;
1985 3920 37 17 we
2035 3919 65 17 were
2114 3913 44 23 not
2171 3908 72 27 made
2261 3911 26 23 to
2297 3906 73 27 under-

1825 3950 73 28 stand
1920 3950 60 26 each
2137 3947 60 27 And
2210 3946 42 27 the
2262 3944 122 35 marriage

1827 3997 49 17 was
1890 3991 45 31 put
1948 3988 36 24 off
1994 3987 39 25 for
2046 3994 65 18 ever.

1905 75 169 34 Wednesday,
2090 73 89 28 March
2199 74 22 32 2,
2248 72 71 29 1881,

146 105 22 28 2

939 96 73 30 THE
1029 93 131 31 MOUNT
1178 89 148 30 BENGER
1345 86 101 29 MAIL.

1858 4075 31 23 An
1901 4074 114 29 excbii'ige
2026 4081 15 15 a;

1829 4112 87 24 settleis
1934 4119 38 15 are
1989 4119 25 15 eo
2032 4119 9 15 c

1829 4154 72 22 wheat
1920 4151 99 30 growing
2030 4159 11 14 r

1829 4189 54 22 have
1902 4188 139 28 telcgrapliec

1829 4227 35 29 ing
1878 4226 52 23 that
1949 4225 19 23 it
1987 4224 54 31 migl

1829 4265 102 22 facilities
1949 4266 24 20 to
1983 4270 56 22 expe

1829 4301 36 29 ing
1883 4300 61 22 them
1956 4307 11 15 a
1978 4300 46 22 fieo
2034 4306 7 22 ]

1829 4338 38 24 her
1877 4339 54 23 next
1947 4337 53 25 visit
2011 4338 23 24 to

2196 4072 56 22 New
2262 4071 53 27 Plyr

2198 4108 16 24 h
2224 4116 13 16 a
2248 4108 43 23 fine
2301 4114 14 16 c:

2196 4148 33 28 ka,
2253 4147 51 24 that

2198 4185 67 25 ment,
2278 4190 37 14 su<s

2196 4230 5 14 l
2217 4220 66 24 while
2290 4221 24 21 to

2196 4261 27 21 he
2234 4267 52 21 crop
2297 4259 18 29 b;

2196 4303 19 15 ie
2231 4296 82 23 Hincm

2196 4336 45 23 fast.
