2460 4440
102 107 162 32 Wednesday,
282 107 83 24 March
394 107 20 26 2,
434 104 57 24 1861

940 95 89 26 THE
1065 91 153 26 MOUNT
1254 88 179 24 BENGEiI
1465 89 105 25 MATL

2305 86 13 23 3

194 186 51 25 £SO
289 181 207 28 REWARD.

435 264 5 6 .

75 267 95 27 milE
188 269 74 23 above
288 267 100 24 Reward
412 264 49 26 will
476 264 28 25 be
530 263 56 32 paid
607 265 25 22 to
645 263 1 38 j

155 321 46 25 any
211 321 86 23 person
311 311 52 25 who
375 310 58 25 shall
453 310 52 31 give
523 308 56 26 such
595 308 36 25 in*

76 356 130 23 formation
223 363 27 16 as
269 356 48 23 will
337 355 53 23 lead
407 358 24 19 to
447 352 40 25 tbe
499 351 134 24 conviction

76 399 26 23 of
117 399 41 24 the
174 406 86 24 person
284 407 25 17 or
325 404 98 27 persons
447 395 123 31 removing
594 392 40 27 the
645 392 1 39 ;

79 441 55 24 wire
147 442 60 23 from
221 442 40 24 the
282 441 123 31 boundary
421 441 68 23 fence
504 446 29 16 on
548 442 42 29 top
611 438 27 24 of
645 431 1 41 J

80 483 41 26 tbe
135 484 48 25 Old
198 485 61 26 Man
275 485 88 30 Range.

217 537 145 25 CARGILL
379 537 20 25 &
416 535 190 28 ANDERSON.

111 588 87 24 Teviot
216 588 102 29 Station,

173 626 108 31 January
294 628 61 26 3ls\
374 628 66 22 1831.

211 799 296 25 NOTICE.

87 882 249 24 OUBSCRIRERd
353 883 54 23 who
430 883 31 23 do
482 885 43 21 not
548 883 92 24 receive

151 927 63 26 their
228 927 87 31 Papers
327 927 122 32 regularly
461 934 39 18 are
513 927 127 31 requestod

84 970 25 21 to
122 970 175 25 oommunicate
309 970 57 25 with
383 970 41 25 tho
439 970 119 31 Manager,
572 970 68 25 when

85 1020 73 23 every
174 1021 52 17 caro
242 1012 47 26 will
301 1012 28 25 be
342 1017 23 20 at
377 1021 58 17 once
452 1014 72 24 taken
537 1017 26 20 to
580 1014 60 24 have

84 1055 43 25 th*
139 1059 85 21 matter
236 1056 115 26 rectified.

118 1124 23 24 It
168 1125 19 25 is
214 1127 127 31 requested
367 1128 54 25 that
434 1126 206 27 Advertisements

87 1168 38 23 for
138 1169 116 24 insertion
271 1170 25 23 in
313 1170 50 25 this
383 1170 102 25 Journal
498 1172 29 23 be
547 1170 93 25 hauded

87 1210 24 25 in
125 1214 24 21 to
161 1212 40 25 the
214 1212 70 26 Office
301 1217 42 21 not
358 1214 61 24 later
434 1214 56 25 than
504 1214 67 31 eight
583 1222 50 24 p.m

87 1261 33 16 on
132 1254 162 24 TUESDAY
311 1256 164 24 EVENING.

120 1303 216 31 Advertisements,
356 1304 54 32 &c.,
433 1304 94 32 coming
552 1304 61 27 from
629 1313 13 17 a

86 1346 105 26 distance
203 1348 86 24 should
302 1350 29 23 be
341 1348 82 33 posted
439 1358 25 14 so
478 1358 24 15 as
522 1354 24 20 to
563 1350 79 24 arrive

87 1389 31 31 by
130 1390 40 24 the
191 1392 55 23 mail
260 1400 31 15 on
318 1390 141 26 MONDAY
476 1392 166 27 EVENING,

85 1435 25 24 in
127 1435 68 23 order
209 1436 52 23 that
284 1436 56 32 they
365 1444 54 25 may
435 1444 89 25 appear
546 1445 32 17 on
601 1437 41 26 tbe

87 1477 121 32 following
221 1478 156 32 Wednesday.

118 1526 70 25 Mail
204 1527 80 30 Office,
304 1529 138 31 Roxburgh,

224 1769 94 25 fUll
382 1771 143 25 SAIL

90 1849 101 59 QVS
201 1849 106 27 CHEST
320 1852 163 27 DRAWERS
494 1854 25 30 (5
530 1852 114 32 drawers)

134 1926 51 26 One
198 1929 73 24 Cheat
283 1929 75 24 Cedar
372 1931 110 24 Drawers
496 1931 23 31 (7
530 1931 113 31 drawers)

207 1967 40 23 £6.

134 2010 52 25 One
198 2011 73 25 Chest
283 2012 76 24 Cedar
372 2013 110 25 Drawers
494 2015 24 29 (8
527 2014 114 30 drawers)

178 2050 73 26 —£7.

132 2095 50 24 Ous
198 2096 127 30 Cupboard
334 2098 57 24 —£2
411 2100 32 21 ss.

389 2146 46 25 All
463 2146 86 33 SING,

345 2183 102 26 Chinese
465 2186 116 31 Gardens,

455 2225 161 29 --KrAynrgh;
617 2227 29 7 —

274 2279 20 18 o
327 2276 21 22 T
382 2276 137 24 ICE.

88 2341 47 45 rp
153 2341 108 25 nOM
280 2345 19 20 A
318 2343 16 23 S
416 2345 123 22 MAII
567 2345 18 23 E
612 2346 21 23 R

95 2367 32 34 i-
176 2385 122 24 TAILOR
324 2386 69 23 AND
410 2387 174 27 CLOTHIER.

266 2424 199 29 ROXBURGH,

90 2461 96 25 Desires
201 2465 25 21 to
238 2462 110 25 intimate
360 2467 24 20 to
405 2465 40 23 tho
459 2463 150 25 inhabitants
621 2465 25 24 of

92 2500 134 33 Roxburgh
240 2501 44 24 and
297 2502 160 29 surrounding
470 2502 105 26 districts
593 2505 53 23 that

90 2541 31 22 La
144 2540 40 22 has
214 2541 151 22 commenced
393 2541 106 23 business
529 2542 24 22 in
579 2542 66 24 those

92 2578 114 29 premises
219 2581 56 20 next
289 2578 58 23 door
358 2580 24 21 to
396 2578 39 24 Mr
449 2579 113 23 Burton's
570 2579 73 28 office,

149 2616 19 23 is
178 2615 115 32 prepared
310 2618 25 22 to
347 2620 98 21 execute
465 2617 64 24 work
550 2625 24 16 in
588 2625 43 16 con-

92 2655 92 23 ueotion
198 2654 57 23 with
269 2655 40 22 tho
326 2656 67 23 traie
402 2656 24 22 in
443 2654 120 26 first-class
577 2657 68 30 style.

90 2694 21 20 A
124 2693 60 28 good
198 2693 27 24 lit
241 2693 20 22 is
274 2694 156 25 guaranteed.

101 2757 19 42 jl
132 2756 16 43 |
160 2755 20 23 R
211 2755 172 25 GEORGE
423 2755 223 25 HIOHAKDS

188 2798 186 27 PRACTICAL
397 2799 186 33 MECHANIC,

271 2844 198 31 LAV.'RENCK,

91 2893 60 26 liegs
173 2893 24 21 to
219 2889 110 24 intimate
355 2893 24 20 to
398 2889 40 24 the
453 2889 148 25 inhabitants
623 2891 23 23 of

90 2928 134 31 Roxburgh
250 2928 46 23 and
313 2927 101 26 District
429 2928 53 24 that
504 2928 30 25 he
556 2929 20 23 is
592 2936 41 25 pre-

89 2968 74 30 pared
188 2971 24 20 to
233 2966 90 32 Fit»iip,
340 2966 95 32 Adjust,
451 2967 82 29 Clean,
550 2968 96 31 Repair,

90 3004 118 25 Re-black
224 3012 25 15 or
261 3004 104 25 Varnish
378 3004 31 25 all
429 3005 71 24 kinds
516 3006 26 23 of

193 3048 132 27 SEWING
357 3048 184 27 MACHINES.

120 3127 73 29 GR.,
216 3126 69 33 being
304 3135 13 15 a
343 3126 115 27 Practical
490 3126 156 30 Tradesman,

91 3166 90 23 desires
195 3169 24 21 to
240 3169 61 21 state
320 3165 53 24 that
385 3164 32 25 all
437 3164 65 25 work
522 3167 123 25 entrusted

90 3208 25 18 to
138 3204 36 23 his
196 3211 52 16 care
264 3203 48 24 will
339 3203 29 24 be
383 3203 113 24 executed
509 3203 25 24 in
556 3212 14 15 a
590 3211 42 17 con-

88 3241 128 24 scientious
227 3241 46 24 and
287 3239 168 25 workmanlike
466 3248 107 17 manner.

87 3456 96 60 THE
195 3455 123 30 following
329 3463 40 15 are
385 3455 41 22 the
439 3455 57 31 days
518 3455 124 31 appointed

158 3495 37 24 for
204 3492 97 33 holding
312 3493 39 24 the
359 3493 116 25 Resident
483 3493 160 34 Magistrate's

87 3542 46 24 and
154 3541 124 25 Warden's
294 3542 86 25 Courts
397 3542 37 25 for
459 3543 40 21 the
521 3542 121 24 combined

86 3586 133 27 Goldfields
236 3586 111 25 Dintricts
369 3585 27 25 of
421 3585 111 25 Durstan
555 3585 88 33 during

86 3631 41 25 thfc
140 3629 83 25 mouth
238 3630 24 25 of
276 3629 131 31 February,
421 3627 101 26 1881:

147 3682 97 30 Friday,
258 3679 214 26 11th—Cromwell

146 3726 117 32 Monday,
273 3724 163 33 14th—Clyde
447 3725 46 24 and
505 3725 138 25 Alexandra

145 3772 160 30 Wednesday,
320 3770 226 32 16th—Roxburgh

147 3817 98 32 Friday,
259 3815 217 26 25th—Cromwell

146 3861 114 31 Monday,
274 3859 164 32 28th—Clyde
447 3860 47 24 and
505 3860 138 25 Alexandra

219 3909 150 28 JACKSON
386 3908 164 26 KEDDELL.

358 3952 105 26 Warden
478 3951 47 26 and
541 3952 61 25 R.M

113 3999 135 28 Cromwell,
262 3998 128 29 February
406 3996 58 26 2nd,
480 3996 66 23 1831.

113 4069 80 25 Note.
197 4068 112 25 —March
324 4075 62 18 same
399 4067 58 31 days
471 4065 48 25 and
531 4065 76 25 dates-

74 4146 114 60 WA
197 4145 45 24 NT
250 4144 21 24 K
282 4144 20 23 D
335 4141 124 25 KNOW
467 4141 118 24 N—That
598 4141 42 24 the

197 4177 158 30 undersigned
367 4176 19 23 is
396 4184 15 15 a
428 4174 61 24 Cash
508 4173 133 25 Purchaser

85 4212 23 21 oi
119 4210 89 23 Rabbit
219 4210 71 23 Siuna
306 4208 46 23 aud
373 4207 62 23 Guat
447 4205 193 24 Skins.—Jabez

86 4242 109 30 Bphtok,
226 4240 144 24 Auctioneer
404 4236 47 26 and
480 4237 162 25 Commission

81 4278 88 28 Agent,
176 4274 140 31 Roxburgh.

661 174 113 26 LABOR
801 172 201 27 EXCHANGE,
1027 167 187 28 LAWRENCE

661 246 104 41 rjIBIS
797 245 129 31 Exchange
955 244 20 24 is
1006 250 53 17 now
1084 248 61 24 open
1180 239 36 24 for

740 290 164 32 Engagement
913 288 23 24 of
942 287 31 25 all
983 286 71 24 kinds
1064 284 27 25 of
1098 285 118 26 Servants,

662 330 142 26 Domestics,
835 326 86 30 Cooks,
959 324 169 26 Housemaids,
1157 321 59 27 &c.;

663 367 49 25 also
726 366 156 31 Ploughmen,
895 361 195 28 Station-hands,
1101 358 61 25 Pick
1171 358 45 24 and

663 406 89 26 Shovel
766 404 66 31 Men,
844 404 51 30 &c.,
910 400 165 28 &c.—Orderß
1085 400 31 31 by
1128 400 52 30 post
1192 404 26 17 or

664 445 114 32 telegram
791 444 47 25 will
849 442 92 26 receive
954 439 114 35 punctual
1080 438 127 25 attention*

881 487 25 24 J.
924 487 26 23 C.
966 482 162 30 LORIMER,

903 529 77 25 Labor
992 526 138 31 Exchange,

1067 564 137 24 Lawrence.

802 603 282 72 CKAK^S

667 691 318 29 COMMERCIAL
1053 687 167 32 HOTEL,

771 742 69 26 Peel
851 748 98 23 3TBEET,
962 740 153 26 Lawrence.

668 822 136 68 Hugh
831 822 102 26 CRAIG
959 820 38 33 (of
1016 818 67 28 Cobb
1100 818 47 26 and
1167 817 55 33 Co.)

764 863 55 31 begs
845 867 24 19 to
884 868 123 18 announce
1032 860 89 29 having
1143 858 80 24 leased

668 902 40 23 the
718 902 75 24 above
809 900 52 25 well
877 900 88 24 known
979 899 79 30 Hotel,
1070 898 46 24 and
1129 895 94 26 intends

668 940 113 31 devoting
793 938 37 24 his
844 939 77 25 entire
932 938 120 25 attention
1064 936 93 25 thereto

698 984 51 25 Tbe
761 982 154 26 Commercial
926 982 75 25 Hotel
1014 988 20 18 u
1047 988 57 19 now,
1122 987 28 17 eo
1171 977 54 26 well

670 1023 46 24 and
727 1022 122 31 favorably
862 1020 86 26 known
974 1020 54 24 that
1049 1025 47 25 any
1119 1016 104 27 detailed

670 1060 142 31 description
825 1060 17 24 is
852 1058 155 33 superfluous.
1041 1056 24 26 It
1089 1056 19 24 is
1130 1063 13 17 a
1157 1055 65 25 brick

670 1098 115 30 building,
804 1097 67 25 fitted
893 1096 56 25 with
974 1103 73 24 every
1061 1093 162 26 convenience

660 1131 1 44 j
670 1139 36 23 for
740 1136 97 26 Private
866 1135 111 26 Families
1004 1135 47 25 and
1078 1132 145 27 Travellers,

660 1172 1 34 i
670 1176 49 24 The
744 1176 180 30 Sitting-rooms
948 1181 39 17 are
1009 1173 61 30 lofty
1091 1172 47 25 and
1162 1178 47 17 com-

671 1215 116 29 modious,
808 1213 47 26 and
879 1213 40 24 the
935 1213 143 25 Bed-rooms
1099 1220 39 16 are
1159 1210 63 32 large

672 1253 44 23 and
730 1251 202 26 well-ventilated.

701 1293 48 26 For
775 1292 41 25 the
840 1291 156 26 convenience
1023 1289 28 26 of
1070 1287 156 28 Commercial

670 1332 132 25 Travellers
817 1331 66 24 there
896 1330 18 25 is
926 1338 13 17 a
950 1331 65 30 large
1034 1329 45 25 and
1089 1327 137 27 welMitted

671 1371 183 32 Sample-room.

702 1446 53 25 The
765 1445 178 27 Billiard-room
952 1446 21 23 ia
981 1443 115 34 provided
1111 1443 57 24 with
1181 1450 46 17 one

671 1486 24 23 of
712 1485 108 24 Alcock's
834 1485 50 24 best
896 1484 44 24 full
952 1483 62 24 sized
1027 1483 93 23 Tables.

718 1566 63 34 llot,
800 1566 77 31 Cold,
898 1571 49 18 and
962 1564 110 26 Shower
1088 1564 92 24 Baths.

660 1617 1 26 i
997 1617 11 1 ~

660 1648 1 33 |
675 1653 141 23 Permanent
839 1651 118 23 Boarders
978 1648 190 26 accommodated
1198 1655 29 16 on

835 1689 136 25 reasonable
983 1691 78 22 terms.

660 1716 1 25 j

660 1734 1 23 j
914 1747 5 5 .

703 1777 29 24 In
744 1775 140 26 connection
897 1775 57 25 with
967 1774 41 26 the
1027 1773 73 26 Hotel
1123 1773 67 25 there
1209 1771 20 25 is

672 1823 30 16 an
714 1816 123 25 extensive
849 1823 72 24 range
934 1815 25 24 of
966 1812 115 31 Stabling,
1093 1812 69 25 fitted
1170 1811 57 26 with

673 1853 65 26 loose
751 1855 77 29 boxes,
841 1854 46 25 and
900 1853 71 33 being
987 1852 76 26 under
1077 1851 41 26 Mr
1138 1850 90 33 Grain's

673 1897 108 27 personal
820 1892 157 32 supervision,
1013 1891 19 25 is
1066 1900 15 16 a
1111 1890 117 26 sufficient

671 1937 129 26 guarantee
828 1931 53 25 that
903 1932 81 24 horses
1004 1930 48 25 will
1074 1928 90 26 receive
1188 1930 40 24 the

673 1973 50 22 best
738 1971 127 24 attention.

660 2013 1 31 !
703 2015 87 24 Lidies
819 2015 46 24 and
893 2014 84 25 Gents'
1010 2013 88 26 Saddle
1128 2013 97 31 Horses,

660 2048 1 39 |
674 2054 109 32 Buggies,
805 2054 85 33 Trap*,
903 2054 46 25 and
966 2053 111 31 Coaches,
1105 2053 26 26 of
1154 2060 72 25 every

660 2092 1 33 |
672 2095 152 29 description,
838 2095 36 22 for
886 2093 144 28 Travellers,
1043 2092 184 29 Excursionists,

660 2129 1 39 |
673 2132 100 31 Picnics,
802 2137 49 24 &c.,
875 2130 108 34 supplied
1016 2139 31 17 on
1062 2132 41 23 the
1122 2131 105 24 shortest

660 2175 1 28 ,
672 2175 84 21 notice.

660 2205 7 28 L
679 2228 6 3 -
783 2214 47 20 and
856 2209 42 25 Co.
907 2220 10 13 b
944 2214 77 26 Iwyai
1046 2213 59 19 IY1&U
1124 2209 104 23 Coaches

660 2248 1 30 1
673 2251 65 21 leave
751 2249 41 23 the
802 2250 72 21 Hotel
887 2248 121 30 regularly
1020 2248 38 22 for
1067 2248 161 27 Queenstown

660 2284 1 39 j
675 2286 45 25 and
732 2286 33 25 all
779 2285 165 26 intermediate
957 2284 84 33 places.

917 2328 97 25 HUGH
1028 2329 111 29 CRAIG,

1053 2371 146 33 Proprietor.

660 2435 1 53 j
705 2442 240 30 N.B.—Passengers
974 2449 43 17 can
1044 2440 93 33 depend
1164 2448 64 25 upon

660 2480 1 49 I
675 2482 71 30 being
757 2481 73 25 called
842 2482 37 24 for
892 2482 40 24 tbe
945 2480 63 31 eatly
1019 2481 73 25 train.

774 2622 79 63 W
889 2622 134 61 00
1056 2622 82 61 L.

675 2727 145 64 OTAGO
873 2726 89 27 CORN
1012 2725 71 26 AND
1135 2725 95 28 WCOL

759 2761 200 26 EXCHANGE,
991 2760 166 26 DUNEDIN.

736 2826 37 24 To
785 2826 40 24 tho
839 2824 69 25 Wool
922 2824 111 26 Growers
1045 2824 27 24 of
1081 2823 88 32 Otago.

660 2865 4 25 f
675 2866 190 24 Gbnslkmbn—

707 2905 42 23 We
764 2905 45 30 beg
832 2906 24 21 to
879 2903 109 24 iutimate
1009 2901 54 26 that
1084 2909 44 17 our
1145 2901 68 25 Ware-

675 2938 85 25 houses
769 2946 40 15 are
820 2943 54 18 now
894 2937 73 28 ready
988 2935 37 25 for
1046 2937 42 23 the
1108 2935 121 32 reception

675 2973 46 22 and
733 2972 47 23 sale
792 2971 24 23 of
838 2970 60 23 wool
912 2970 88 30 during
1013 2970 40 23 the
1075 2976 93 22 season,
1182 2969 47 24 and

674 3006 53 21 that
754 3010 34 17 we
814 3009 39 17 are
880 3005 117 28 prepared
1023 3005 25 19 to
1078 3000 70 26 make
1174 3001 54 24 cash

674 3038 115 22 advances
800 3035 93 32 against
915 3035 186 30 consignments,
1122 3033 107 26 whether

674 3069 36 25 for
724 3071 47 22 sale
781 3069 54 24 here
847 3076 27 16 or
886 3067 36 25 for
934 3067 126 31 shipment.

705 3107 44 26 We
761 3107 56 25 hold
828 3107 103 25 Auction
943 3106 66 24 Sales
1019 3106 25 23 of
1057 3105 76 30 Wool,
1142 3106 86 32 Sheep,

673 3140 80 30 Skins,
775 3139 83 29 Hides,
879 3141 47 22 and
949 3139 96 29 Tallow,
1060 3146 72 26 every
1155 3142 73 21 week.

675 3175 108 23 Account
809 3173 65 23 Sales
898 3172 125 29 rendered,
1045 3171 48 25 and
1115 3173 113 30 proceeds

673 3207 54 29 paid
741 3213 56 16 over
809 3205 85 24 within
905 3205 36 25 six
957 3205 60 29 days
1028 3205 25 22 of
1064 3203 56 24 sale-

700 3243 43 25 We
767 3247 38 21 act
818 3243 90 31 strictly
923 3251 25 16 as
971 3243 110 25 Selling
1107 3242 121 26 Brokbbs

673 3274 80 31 Only,
778 3276 47 23 and
839 3275 68 24 make
936 3276 90 22 careful
1049 3275 135 23 valuations
1203 3275 28 24 of

660 3306 1 34 j
672 3315 72 24 every
756 3307 78 32 parcel
851 3308 64 31 prior
927 3309 24 21 to
970 3306 55 29 sale,
1037 3307 47 24 and
1107 3314 25 17 as
1154 3314 73 26 every

660 3340 1 32 <
672 3342 151 30 department
837 3341 27 22 ot'
874 3341 40 23 the
926 3340 108 23 business
1058 3341 21 22 is
1094 3340 133 24 conducted

660 3363 1 44 |
673 3374 76 24 under
773 3381 44 17 our
843 3372 131 26 Personal
999 3372 157 33 supervision,
1186 3374 41 25 the

673 3410 51 21 best
736 3410 129 28 guarantee
878 3407 20 24 is
919 3407 106 24 afforded
1046 3409 25 20 to
1091 3407 136 30 consignors

673 3440 51 22 that

672 3477 43 24 NO
728 3476 121 25 PARCEL
866 3475 81 24 WILL
964 3475 38 23 BE
1020 3475 80 23 SOLD
1116 3475 110 25 BELOW

736 3508 48 24 ITS
802 3508 82 24 EULL
898 3506 132 24 MARKET
1046 3506 113 29 VALUE,

671 3547 46 24 and
729 3547 54 24 that
798 3548 64 22 their
874 3548 112 22 interests
1000 3547 122 32 generally
1136 3547 49 24 will
1197 3548 29 23 be

660 3579 1 37 |
670 3579 116 31 carefully
799 3581 129 29 protected.

660 3617 1 33 j
701 3617 38 25 All
752 3618 58 24 wool
825 3617 47 24 and
898 3617 70 24 other
993 3617 105 32 produce
1124 3618 21 24 is
1164 3618 61 32 fully

670 3650 97 25 covered
793 3650 32 33 by
843 3652 124 23 insurance
986 3650 62 26 from
1070 3652 39 24 the
1131 3653 59 24 time
1206 3657 19 20 it

670 3687 79 21 enters
759 3692 44 16 our
816 3684 89 24 Stores.

700 3721 50 25 The
759 3722 95 33 charges
864 3729 30 17 on
906 3722 65 25 Wool
981 3722 89 27 offered
1082 3723 36 26 for
1124 3723 48 27 sale
1178 3724 45 27 and

660 3756 1 32 !
670 3760 42 21 not
722 3756 50 25 sold
785 3763 39 18 are
836 3756 112 29 nominal,
961 3757 71 31 being

691 3795 66 23 ONE
773 3796 151 22 SHILLING
940 3796 60 22 PER
1015 3797 80 23 BALE
1110 3797 92 29 ONLY,

671 3826 76 25 which
771 3825 108 25 inoludes
905 3826 127 31 receiving,
1048 3828 175 31 warehousing,

670 3858 113 32 delivery,
796 3859 48 24 and
858 3858 124 25 insurance
994 3859 80 24 whilst
1092 3859 25 24 in
1129 3859 77 26 Store.

700 3897 133 30 Returning
844 3904 44 16 our
898 3897 52 24 best
960 3897 87 24 thanks
1060 3898 38 25 for
1109 3898 42 25 the
1166 3907 42 25 sup-

668 3933 55 27 port
734 3937 26 16 so
774 3929 109 31 liberally
894 3930 114 23 accorded
1018 3933 24 20 to
1060 3937 27 16 us
1108 3931 115 31 hitherto,

668 3962 47 24 and
738 3962 109 29 assuring
861 3969 48 22 you
925 3962 24 26 of
971 3969 44 18 our
1026 3962 78 25 desire
1117 3967 24 21 to
1153 3965 70 24 merit

668 3995 32 22 its
710 3993 164 28 continuance,

811 4031 43 25 We
868 4032 99 32 remain,
980 4033 151 32 Gentlemen,

879 4064 77 26 Yours
970 4066 130 31 faithfully,

820 4101 141 28 DONALD
977 4104 83 25 REID
1072 4106 47 24 and
1140 4106 52 31 Co.,

672 4145 68 25 Wool
777 4144 112 31 Brokers,
924 4146 80 31 Stock,
1042 4148 101 32 Station,
1174 4151 48 26 and

683 4178 108 25 Produce
802 4178 99 32 Agents,
915 4178 65 32 High
990 4183 82 28 street,
1086 4181 120 28 Dunedin.

1291 172 107 25 BLACK
1432 172 111 28 HORSE
1576 174 173 33 BREWERY,

1419 219 194 27 MILTON.

1332 292 134 28 KOFOED
1496 296 71 25 AND
1599 296 109 28 CLIVF,

1248 338 36 31 (J,
1295 336 27 25 T.
1335 336 102 33 Kofoed,
1449 340 47 24 late
1508 341 24 23 of
1544 340 81 31 Hayes
1635 341 48 23 and
1693 339 104 30 Kofeed,

1467 378 123 32 Tuapeka)

1251 421 127 62 HAVE
1395 423 72 24 much
1488 424 108 30 pler.sure
1612 425 25 24 in
1661 424 138 30 intimating

1340 468 24 21 to
1385 466 41 25 the
1453 466 147 25 inhabitants
1622 466 26 26 of
1665 467 133 32 Roxburgh

1250 509 45 25 and
1303 508 160 32 surrounding
1475 509 121 30 Districts,
1608 512 52 22 that
1671 510 56 33 they
1740 510 59 24 have

1250 553 147 27 commenced
1406 554 104 32 brewing
1521 555 24 24 in
1555 554 41 25 the
1605 555 73 24 above
1687 555 112 32 premises

1281 605 37 25 All
1327 604 81 25 orders
1420 612 27 18 or
1456 604 82 26 letters
1546 608 53 22 sent
1607 609 25 21 to
1641 606 41 24 the
1695 606 106 32 brewer)'

1253 650 46 25 will
1312 649 91 24 receive
1414 648 136 26 immediate
1566 649 126 26 attention.

1281 719 84 27 Notice
1378 722 24 22 to
1422 720 139 26 Customers
1571 730 5 16 :
1599 720 86 26 Please
1707 723 25 23 to
1745 720 56 26 cork
1809 717 1 47 |

1253 765 88 27 barrels
1357 765 66 25 when
1437 770 92 27 empty.

1303 834 73 27 Yeast
1392 835 46 25 and
1451 834 88 26 Grains
1551 835 88 33 always
1651 844 30 18 on
1693 836 56 27 sale*

1282 907 92 32 igeats
1401 905 38 25 {or
1475 906 114 26 Feraud's
1618 906 74 26 Tonic
1724 906 79 25 Bitter

1254 950 79 27 Wfeet
1343 949 47 26 &nd
1401 950 118 26 Cordials.

1253 968 247 43 ■;y;rT:—

1284 1003 14 22 4.
1317 1014 5 13 •.
1339 1014 13 6 -
1366 1009 15 16 T-
1399 1003 3 24 '
1427 1016 13 4 -

1253 1086 84 61 M.
1423 1083 120 61 FR
1571 1086 53 58 A
1652 1086 46 58 E
1726 1083 73 69 it,

1404 1183 291 32 LAWRENCE,-

1390 1254 25 25 Is
1434 1261 52 16 now
1502 1253 105 32 showing
1625 1253 38 26 bis

1295 1324 133 27 FIRST
1478 1323 298 27 INSTALMENT

1519 1400 30 16 OF

1257 1464 155 58 NEW
1486 1461 318 61 AUTUMN

1326 1559 410 70 DRAPERY.

1258 1741 132 27 Aberdeen.
1419 1741 76 31 Super
1527 1740 48 24 and
1601 1740 68 32 Crisp
1698 1739 109 32 V/incies,

1377 1785 38 30 6d,
1429 1784 38 31 9d,
1480 1784 47 25 and
1540 1786 25 23 Is
1576 1792 42 24 per
1632 1783 68 32 yard.

1256 1855 111 28 Checked
1378 1856 46 26 and
1436 1855 68 26 Plain
1516 1854 163 34 Homespuns,
1690 1854 61 25 from
1763 1855 30 24 Is.

1256 1928 77 33 Large
1352 1928 151 25 Assortment
1518 1926 27 26 of
1561 1925 94 26 Ladies'
1676 1924 45 26 and
1738 1924 72 25 Girls'

1279 1975 76 25 Straw
1366 1973 60 25 Hats
1438 1971 43 33 (.all
1492 1971 103 33 shapes),
1607 1971 62 25 from
1680 1971 25 23 Is
1713 1969 66 26 each.

1256 2046 72 26 Satla.
1350 2043 91 34 Cloths,
1467 2043 95 26 Russell
1589 2041 85 31 Cords,
1701 2040 109 31 Lustres,

1264 2116 161 32 Merinos,and
1434 2114 127 26 Cashmere
1571 2112 157 31 Cloths,from
1739 2112 25 24 Is
1773 2110 37 25 3d.

1272 2255 177 24 MILLINERY
1469 2253 66 23 AND
1561 2251 238 25 DRESSMAKING.

1394 2398 21 24 A
1443 2395 77 34 Large
1549 2393 71 28 Stock
1649 2393 25 25 of

1273 2467 98 28 MEN'S
1399 2467 70 25 AND
1497 2465 91 26 BOYS'
1617 2461 182 29 CLOTHING.

1276 2613 71 25 NEW
1381 2611 82 25 lIATS
1476 2613 5 21 I
1525 2609 71 25 NEW
1626 2606 165 26 MERCERY!

1261 2756 122 26 CHOICE
1398 2752 220 28 ASSORTMENT
1642 2751 42 26 OF
1699 2749 111 31 BOOTS,

1446 2826 30 24 Of
1493 2824 30 24 all
1540 2823 80 25 kinds.

1258 2975 64 23 THE
1346 2972 171 26 CHEAPEST,
1542 2970 76 22 BEST
1641 2967 169 27 SELECTED,

1315 3041 66 26 AND
1416 3038 141 26 LARGEST
1589 3034 100 26 STOCK
1719 3034 35 24 IN

1443 3104 183 25 LAWRENCE.

1373 3266 146 26 DAVID
1550 3263 72 25 FIN
1637 3262 104 25 LAYS
1751 3261 55 30 ON,

1279 3344 164 29 SOLICITOR
1458 3342 66 23 AND
1540 3339 243 28 CONVEYANCER,

1357 3415 63 24 Koss
1434 3412 92 28 Placb,
1544 3409 151 24 Laweencb.

1317 3561 207 30 OrncEß-Town
1540 3559 56 25 Hall
1610 3558 135 32 Buildings.

1314 3708 132 32 Boxburgh
1462 3705 86 26 visited
1562 3704 65 26 when
1641 3702 101 27 desired.

1363 3834 121 28 MONEY
1515 3832 43 27 TO
1589 3829 101 28 LEND.

1439 3939 40 24 TO
1508 3936 91 27 LEND
1627 3943 31 17 on
1685 3934 118 26 Freehold

1253 4018 115 32 Security,
1390 4016 26 26 in
1438 4021 64 18 suras
1517 4015 25 22 to
1558 4011 48 25 suit
1628 4011 176 30 Borrowers.—;

1253 4089 88 34 Apply,
1357 4087 42 27 Mr
1420 4085 152 28 Flnlatson,
1591 4082 120 29 Solicitor,
1735 4081 51 25 Law-

1250 4165 79 19 rence.

1309 4238 104 27 Orncsfl
1417 4236 100 26 —Town
1531 4232 58 28 Hall
1611 4230 131 34 Buildings.

1955 155 294 27 NOTICE,

1826 255 94 63 THE
1938 255 161 32 undersigned
2109 255 89 25 desires
2212 256 25 24 to
2255 259 125 21 announce

1903 302 26 22 to
1941 299 40 24 the
1994 298 149 26 Inhabitant*
2155 299 24 24 of
2188 296 134 33 Roxburgh
2333 296 48 26 and

1826 343 163 30 surrounding
1999 342 115 31 districts,
2133 341 51 26 that
2198 341 31 25 he
2244 341 43 24 has
2301 339 80 26 leased

1828 393 40 27 the
1879 391 148 29 Blacksmith
2045 390 65 34 Shop
2129 390 24 27 in
2174 390 79 26 which
2271 389 111 27 business

1827 445 41 26 has
1894 444 106 25 hitherto
2023 443 61 26 been
2113 442 93 27 carried
2228 449 32 19 sa
2283 441 33 32 by
2336 439 45 27 Mr

1827 495 102 23 Thomas
1952 494 124 24 Cameron,
2101 492 47 26 end
2173 493 75 23 trusts
2271 493 24 23 to
2317 491 64 22 meet

1829 544 56 25 with
1902 543 53 26 that
1971 547 100 27 support
2096 542 75 25 which
2187 542 43 25 has
2244 539 138 26 heretofore

2275 572 6 9 ;
2326 578 5 8 \

1829 596 58 24 been
1898 593 111 26 accorded
2022 593 37 26 his
2072 593 156 33 predecessor.

2051 646 99 27 HIfGH
2164 644 182 27 CHISHOLM.

1912 756 62 21 Lives
1983 755 22 21 of
2019 758 58 25 great
2092 761 49 15 men
2151 753 28 23 all
2194 751 83 23 remind
2292 758 32 19 us,

1909 784 41 22 We
1960 791 39 15 can
2009 784 62 21 make
2082 790 37 15 our
2129 783 53 21 lives
2192 782 90 21 sublime
2293 788 7 19 ;

1909 813 57 27 And,
1976 812 117 30 departing,
2104 812 60 23 leave
2174 810 80 23 behind
2265 816 25 16 us

1910 844 121 29 Footprints
2041 850 27 16 on
2079 842 36 24 the
2124 842 64 23 sands
2202 840 23 24 of

1831 910 92 59 THE
1939 910 73 25 above
2033 910 21 24 is
2075 909 57 26 read
2157 906 56 27 with
2239 906 99 26 interest
2352 905 32 33 by

1908 943 133 25 thousands
2077 942 25 24 of
2135 948 83 25 young
2249 946 63 18 men.
2359 938 27 26 It

1831 975 100 32 inspires
1955 976 64 23 them
2046 974 57 24 with
2133 974 79 28 Hope,
2240 971 37 26 for
2291 971 25 24 in
2343 971 42 24 the

1832 1007 80 33 bright
1927 1007 90 29 lexicon
2030 1007 28 25 of
2070 1006 77 34 youth
2163 1005 68 25 there
2246 1005 20 25 is
2282 1011 31 17 no
2324 1002 61 26 such

1832 1041 64 24 word
1907 1049 25 15 as
1952 1040 48 24 fail.
2033 1040 72 25 Alas!
2133 1045 42 24 say
2198 1044 81 24 many,
2293 1037 48 23 this
2362 1036 23 23 is

1832 1077 95 26 correct,
1928 1073 51 24 —is
1991 1077 53 20 true
2055 1071 56 26 with
2127 1070 83 31 regard
2219 1073 25 21 to
2254 1070 41 24 the
2306 1066 79 33 youtU

1833 1106 51 24 who
1894 1105 42 25 has
1950 1112 73 18 never
2035 1104 86 25 abused
2138 1103 37 24 his
2197 1100 188 33 strength—and

1833 1143 24 19 to
1870 1139 40 25 the
1924 1146 54 18 man
1993 1138 53 26 who
2059 1139 42 24 has
2115 1140 43 20 not
2179 1134 59 27 been
2272 1131 115 34 passion's

1863 1204 48 26 But
1920 1207 24 23 to
1961 1204 53 25 that
2028 1202 132 33 youth—to
2183 1200 53 25 that
2246 1207 64 23 man,
2329 1197 56 27 trho

1834 1237 41 24 has
1891 1238 88 23 wasted
1999 1237 36 23 his
2063 1236 74 30 vigor,
2166 1233 51 25 who
2237 1233 41 23 has
2291 1230 96 32 yielded

1833 1269 96 25 himself
1955 1277 31 24 up
2018 1273 24 20 to
2072 1269 40 23 the
2145 1268 134 28 temporary
2314 1266 74 22 sweet

1834 1303 154 24 allurements
2004 1303 24 24 of
2052 1301 60 30 vice,
2133 1299 52 25 who
2199 1298 42 24 has
2256 1296 70 31 given
2345 1303 29 17 un-

1835 1334 90 26 bridled
1938 1334 85 25 license
2037 1338 25 20 to
2076 1332 36 25 his
2126 1331 105 33 passions
2241 1334 24 19 to
2281 1329 52 24 him
2345 1329 42 25 the

1835 1367 73 26 above
1919 1367 59 25 lines
1986 1375 37 17 are
2039 1367 42 24 but
2089 1373 24 17 as
2124 1373 14 17 a
2157 1361 120 34 reproach'.
2312 1360 76 25 What

1838 1400 70 25 Hope
1929 1407 42 18 can
1997 1400 29 25 he
2041 1397 79 26 have?
2136 1395 71 26 What
2230 1392 158 34 aspirations?

1837 1432 70 26 Whut
1920 1433 87 25 chance
2025 1429 168 32 ofieavinghis
2208 1426 129 33 footprints
2355 1433 33 18 on

1835 1466 40 25 the
1886 1465 70 26 sands
1965 1465 27 24 of
2002 1465 56 25 time
2066 1465 11 25 ?
2091 1463 47 25 For
2146 1461 58 30 him,
2212 1461 48 24 alas
2271 1460 6 26 !
2291 1459 66 25 there
2367 1459 21 25 is

1835 1498 92 32 nought
1959 1497 41 25 but
2026 1497 60 25 dark
2123 1494 95 32 despair
2247 1491 48 28 and
2332 1489 45 28 self-

1835 1531 111 31 reproach
1957 1531 45 31 for
2011 1538 14 15 a
2042 1529 42 24 lost
2108 1527 49 32 life.

1864 1563 48 26 For
1927 1571 14 18 a
1957 1571 52 17 man
2019 1565 25 23 to
2069 1562 65 26 leave
2155 1559 37 26 his
2207 1557 129 34 footprints
2356 1564 33 18 on

1835 1598 39 27 the
1885 1598 70 26 sands
1967 1597 24 26 of
2002 1597 65 29 time,
2082 1595 30 26 he
2136 1597 64 22 must
2219 1593 31 25 be
2273 1590 116 27 endowed

1836 1632 56 22 with
1905 1639 13 15 a
1929 1634 83 26 strong
2023 1629 68 24 brain
2107 1628 46 23 and
2174 1633 104 16 nervous
2301 1631 89 25 power,

1836 1663 29 24 lie
1874 1665 62 23 must
1946 1668 92 26 possess
2047 1668 13 17 a
2068 1659 83 29 sound,
2161 1658 118 31 vigorous,
2290 1655 99 32 healthy

1836 1696 74 28 mind,
1925 1696 26 23 in
1972 1702 13 16 a
1997 1693 97 31 healthy
2115 1691 134 31 body—the
2260 1696 80 25 power
2364 1692 25 20 to

1836 1727 182 25 conceive—the
2040 1732 88 23 energy
2156 1727 24 21 to
2207 1721 113 25 execute!
2345 1720 45 25 but

1836 1760 55 26 look
1914 1763 23 22 at
1949 1767 60 23 your
2029 1757 138 26 Australian
2183 1755 76 33 youth
2269 1754 5 27 J
2294 1754 44 25 See
2349 1752 42 27 the

1836 1793 129 25 emaciated
1986 1792 70 29 form,
2083 1790 40 25 the
2150 1791 86 22 vacant
2258 1786 63 31 look,
2348 1786 44 25 the

1836 1826 88 25 listless
1945 1825 129 29 hesitating
2096 1829 108 22 manner,
2225 1820 41 25 the
2287 1825 104 20 nervous

1837 1860 106 30 distrust,
1957 1859 40 25 the
2011 1856 121 30 senseless,
2157 1855 85 25 almost
2254 1853 82 26 idiotic
2349 1860 43 17 ex*

1837 1893 117 33 pression.
1986 1891 65 24 Note
2066 1890 35 23 his
2113 1889 144 24 demeanour
2270 1886 47 26 and
2333 1893 45 17 con-

1839 1925 125 29 versation,
1978 1923 48 25 and
2039 1922 58 26 then
2111 1929 49 23 ssy,
2179 1920 21 26 is
2212 1920 53 25 that
2276 1926 13 17 a
2300 1926 55 17 man
2366 1920 26 23 to

1837 1958 66 25 leave
1915 1957 37 25 his
1960 1955 131 33 footprints
2106 1962 30 17 on
2148 1954 42 25 the
2204 1952 72 26 sauds
2287 1952 28 24 of
2324 1951 68 25 time*

1869 1991 38 24 Do
1916 1992 107 30 parents,
2033 1988 99 25 medical
2144 1994 54 17 men
2209 1985 49 26 and
2269 1985 125 24 educators

1838 2024 26 25 of
1877 2022 78 32 youth
1972 2030 47 24 pay
2030 2021 118 25 sufficient
2170 2018 119 26 attention
2309 2020 25 22 to
2345 2016 50 25 this

1838 2055 111 34 subject?
1981 2056 37 24 Do
2046 2054 58 32 they
2134 2061 55 18 ever
2209 2051 118 27 ascertain
2352 2049 43 27 the

1839 2098 69 18 cause
1919 2090 25 24 of
1957 2088 48 25 this
2026 2087 90 32 decay;
2132 2087 47 24 and
2198 2085 87 31 having
2298 2084 62 25 done
2371 2091 27 16 bo

1840 2123 32 25 do
1898 2121 57 31 they
1981 2120 35 31 (as
2047 2128 14 16 a
2090 2119 69 25 strict
2188 2124 68 19 sense
2280 2116 26 26 of
2334 2116 63 30 duty

1841 2154 126 31 demands)
1983 2152 54 26 seek
2053 2152 40 25 the
2105 2150 87 27 skilled
2214 2148 83 27 advice
2318 2148 25 26 of
2355 2147 42 26 the

1842 2187 99 28 nuvjical
1950 2195 38 18 itsj
1989 2180 1 40 1
1991 2194 14 16 ri
2006 2204 5 8 t
2016 2185 125 35 yvbi't,-ha3
2156 2183 68 25 made
2246 2182 54 25 this
2306 2180 134 28 b?artch—

1842 2218 24 25 of
1877 2216 38 26 his
1926 2215 131 33 profession
2075 2216 36 23 his
2124 2214 130 34 particular
2265 2215 132 31 speciality,

1842 2250 79 25 whose
1934 2249 42 25 life
1990 2249 42 23 has
2048 2248 57 24 been
2120 2247 102 24 devoted
2235 2251 25 21 to
2272 2247 40 25 the
2324 2249 61 22 treat-

1842 2285 66 23 ment
1930 2281 28 26 of
1976 2281 66 24 these
2058 2279 80 26 cases?
2168 2279 103 30 Reader,
2292 2279 63 26 what
2376 2280 21 25 ia

1842 2323 61 22 your
1917 2321 90 17 answer
2018 2314 8 23 ?
2056 2314 44 22 Let
2113 2312 56 24 each
2189 2320 45 16 one
2255 2319 92 17 answer
2359 2312 38 23 for

1842 2345 103 26 himself.
1986 2345 101 24 Parents
2117 2352 37 16 see
2190 2343 63 25 their
2288 2350 108 26 progeny

1842 2379 81 31 fading
1939 2376 123 34 gradually
2079 2376 78 26 before
2178 2376 64 25 their
2262 2376 71 32 sight,
2356 2384 39 17 see

1842 2413 66 23 them
1922 2412 93 23 become
2030 2409 129 25 emaciated
2178 2409 40 25 old
2228 2416 81 24 young
2331 2416 61 20 meD,

1843 2444 89 24 broken
1939 2442 70 25 down
2018 2442 25 25 in
2054 2441 87 31 health,
2150 2441 129 31 enfeebled,
2290 2441 103 24 unfitted

1842 2477 36 26 for
1889 2477 41 25 the
1941 2475 73 26 battle
2022 2476 24 24 of
2054 2475 40 26 life
2105 2484 7 23 ;
2128 2477 41 30 yet
2181 2482 44 18 one
2240 2474 64 26 word
2317 2474 76 31 might

1842 2518 53 17 save
1922 2509 71 29 them,
2023 2516 45 17 one
2098 2508 76 25 sound
2204 2508 46 24 and
2282 2507 110 31 vigorous

1842 2541 193 30 healthy-giving
2043 2540 70 24 letter
2122 2540 59 24 from
2194 2548 10 16 a
2218 2539 97 25 medical
2326 2547 64 20 man,

1842 2572 139 26 habituated
2012 2576 25 21 to
2051 2572 40 25 the
2115 2574 127 22 treatment
2268 2571 48 24 and
2333 2578 44 17 con-

1841 2606 98 25 tinuous
1951 2604 149 33 supervision
2116 2604 26 24 of
2153 2604 58 25 such
2223 2611 63 17 cases
2312 2602 76 26 would

1840 2640 25 23 in
1877 2641 61 22 most
1949 2639 124 28 instances,
2085 2637 98 25 succeed
2206 2637 24 25 in
2242 2636 104 31 warding
2357 2635 36 25 off

1840 2672 40 24 the
1892 2670 138 32 impending
2038 2670 70 24 doom
2127 2669 27 25 of
2164 2677 13 16 a
2199 2668 122 26 miserable
2343 2668 48 24 and

1840 2704 95 32 gloomy
1948 2702 88 31 future,
2047 2702 47 26 and
2107 2703 32 32 by
2153 2701 151 34 appropriate
2314 2703 78 23 treat*

1839 2742 64 21 ment
1915 2740 91 22 restore
2016 2736 41 25 the
2066 2736 129 25 enervated
2218 2738 88 30 system
2322 2738 24 22 to
2360 2734 32 25 its

1838 2769 96 26 natural
1947 2769 75 32 vigor,
2035 2769 47 25 and
2105 2776 87 18 ensure
2206 2776 12 18 a
2236 2768 89 33 joyous
2342 2767 48 25 and

1838 2803 78 33 happy
1927 2803 49 26 life.

1866 2837 36 25 Dr
1913 2835 28 25 L.
1962 2835 29 26 L.
2016 2834 115 31 SMITH,
2145 2835 24 25 of
2182 2835 150 30 Melbourne,
2346 2834 45 26 has

1838 2869 67 26 made
1928 2869 40 24 the
1999 2869 100 25 diseases
2120 2869 25 23 of
2159 2868 76 31 youth
2258 2869 47 24 and
2322 2868 70 25 those

1838 2902 87 32 arising
1962 2901 130 25 therefrom
2117 2901 36 23 his
2178 2900 102 33 peculiar
2308 2899 80 32 study.

1838 2935 46 26 His
1908 2934 77 27 whole
2010 2934 154 34 pro'essional
2195 2933 40 26 life
2261 2932 43 26 has
2331 2932 60 26 been

1837 2968 125 33 especially
1984 2967 101 25 devoted
2105 2971 25 20 to
2145 2966 40 25 the
2209 2968 130 22 treatment
2364 2966 26 24 of

1837 3001 110 24 Nervous
1974 2999 131 24 Affections
2138 2999 46 24 and
2209 2998 41 25 the
2281 2997 109 25 Diseases

1837 3032 128 26 incidental
1983 3036 25 22 to
2030 3032 108 25 Married
2165 3031 59 26 Life.
2266 3030 46 26 His
2333 3029 57 27 skill

1837 3068 19 22 is
1872 3066 116 25 available
2002 3069 24 20 to
2041 3065 93 24 all—no
2155 3068 87 23 matter
2253 3064 52 25 how
2318 3070 72 25 many

1838 3099 122 24 hundreds
1972 3100 25 23 of
2018 3098 66 24 miles
2099 3098 94 23 distaut.
2228 3096 47 25 His
2298 3100 91 28 system

1836 3131 29 24 of
1873 3131 198 31 correspondence
2079 3130 31 32 by
2124 3130 69 25 letter
2205 3130 20 24 is
2236 3137 51 17 now
2298 3135 28 17 so
2338 3128 51 24 well

1836 3163 124 33 organised
1992 3163 46 24 aud
2063 3162 95 30 known,
2193 3163 52 24 that
2270 3163 119 23 comment

1837 3197 78 23 would
1935 3196 29 24 be
1980 3195 227 32 superfluous—(by
2235 3194 47 24 this
2305 3201 82 16 means

1837 3237 71 23 many
1931 3227 131 25 thousands
2078 3227 25 24 of
2120 3227 105 32 patients
2246 3226 60 24 have
2325 3225 61 24 been

1835 3261 79 29 cured,
1925 3261 77 22 whom
2013 3259 29 24 he
2054 3259 42 24 has
2109 3267 72 16 never
2192 3266 55 17 seen
2258 3258 47 23 and
2314 3264 73 17 never

1836 3292 112 31 known);
1967 3291 47 25 and
2025 3291 19 25 it
2058 3291 21 25 is
2091 3290 89 25 carried
2196 3298 32 16 on
2246 3288 56 26 with
2328 3287 59 25 such

1835 3326 118 31 judicious
1968 3324 150 31 supervision
2131 3323 52 25 that
2193 3322 91 30 though
2300 3321 28 24 he
2343 3321 44 24 has

1837 3362 57 22 beeu
1917 3357 126 32 practising
2056 3356 47 25 this
2124 3354 88 28 branch
2228 3354 25 26 of
2273 3353 37 26 his
2329 3360 44 25 pro-

1836 3392 88 25 fession
1947 3392 37 25 for
2007 3390 145 30 twenty-six
2174 3397 70 23 years
2266 3387 26 25 in
2317 3387 69 24 these

1834 3424 110 27 colonies,
1959 3430 30 16 no
2000 3422 73 31 single
2086 3422 103 22 instance
2209 3420 28 24 of
2254 3418 132 26 accidental

1834 3455 124 30 discovery
1969 3453 42 24 has
2018 3460 55 17 ever
2087 3455 42 29 yet
2139 3450 131 33 happened.
2303 3448 82 27 Whan

1835 3487 125 27 medicines
1984 3493 39 19 are
2047 3484 117 33 required,
2189 3484 67 25 these
2279 3488 39 21 are
2337 3481 38 26 for-

1834 3521 95 24 warded
1955 3521 26 23 in
2012 3519 41 25 the
2083 3526 64 18 same
2174 3517 89 26 careful
2286 3523 99 18 manner

1835 3553 101 25 without
1947 3560 13 16 a
1973 3551 134 33 possibility
2120 3551 25 24 of
2167 3550 40 25 the
2228 3551 108 23 contents
2358 3549 27 23 of

1834 3586 40 24 the
1887 3584 89 31 parcels
1991 3584 69 29 being
2072 3583 144 24 discovered.
2253 3580 70 26 Plain
2336 3582 49 22 and

1833 3618 63 24 clear
1907 3616 126 24 directions
2049 3622 144 24 accompany
2217 3613 67 26 these
2303 3613 84 28 latter,

1833 3651 45 25 aud
1888 3650 40 24 the
1939 3657 55 17 cure
2004 3648 18 24 is
2033 3648 100 25 effected
2153 3646 100 26 without
2270 3653 59 18 even
2342 3644 43 27 the

1833 3683 122 33 physician
1969 3682 111 30 knowing
2091 3681 52 23 who
2155 3680 20 24 is
2190 3679 36 25 his
2240 3679 100 32 patient.

1861 3716 35 24 To
1924 3714 57 26 Men
2005 3714 47 24 and
2075 3713 98 25 Womeu
2195 3711 56 26 with
2273 3709 111 27 Broken*

1832 3750 70 24 down
1927 3747 183 29 Constitutions,
2136 3745 41 26 the
2200 3745 117 28 Nervous,
2340 3744 43 24 the

1833 3781 153 27 Debilitated,
2001 3782 46 22 and
2070 3779 31 24 all
2127 3778 113 31 suffering
2259 3777 60 24 from
2335 3784 48 22 any

1832 3814 89 25 disease
1936 3813 127 28 whatever,
2087 3811 37 25 Dr
2143 3811 28 24 L.
2200 3810 26 25 L.
2249 3808 135 26 SMITH'S

1832 3847 53 31 plan
1920 3845 26 25 of
1983 3846 129 23 treatment
2146 3842 135 25 commends
2310 3841 75 28 itself*

1831 3879 120 31 avoiding,
1962 3885 25 17 as
2011 3877 20 25 it
2048 3876 65 30 does,
2138 3875 42 25 the
2202 3873 183 26 inconvenience

1831 3912 46 24 and
1889 3918 103 24 expense
2003 3909 25 26 of
2039 3918 13 16 a
2070 3907 108 33 personal
2189 3907 64 26 visit.

1861 3961 102 26 Address

1965 4008 54 26 DR.
2035 4008 27 25 L.
2081 4008 28 24 L.
2132 4005 114 31 SMITH,

1861 4051 45 26 182,
1943 4048 132 24 COLLINS
2105 4044 118 25 STREET
2254 4043 88 28 EAST,

2006 4081 201 28 MELBOURNE,

1830 4129 69 32 (Late
1916 4127 40 25 the
1978 4125 130 24 Pvesideuee
2128 4123 25 24 of
2178 4123 41 24 the
2243 4121 145 31 Governor.)

1892 4195 165 27 -Consultation
2068 4194 47 28 Ifee
2127 4193 32 30 by
2178 4191 91 29 Letter,
2279 4191 30 25 £l-
