2460 4440
1304 2983 404 62 Commercial.

1312 3122 64 27 XIIE
1399 3121 148 23 DUXEDIN
1573 3122 157 24 MARKETS.

1270 3166 83 22 Grain:
1383 3166 78 21 Wheat
1463 3165 76 22 —The
1562 3172 47 15 new
1633 3173 52 21 crop
1710 3167 17 21 is
1752 3175 46 14 now

1242 3196 85 27 coming
1343 3200 22 17 to
1375 3195 65 21 hand.
1472 3196 20 20 It
1503 3196 17 19 is
1538 3196 23 20 of
1576 3196 56 28 good
1653 3197 88 28 quality,
1762 3198 36 21 but

1242 3231 37 17 not
1290 3225 62 22 much
1369 3225 95 22 business
1471 3225 37 21 has
1515 3225 54 22 been
1577 3226 56 22 done
1639 3234 23 14 as
1668 3231 42 23 yet.
1729 3227 69 23 Prime

1242 3257 75 28 miling
1328 3262 23 23 3s
1361 3256 35 26 Bd,
1409 3260 22 18 to
1440 3263 25 20 4s
1476 3264 5 18 ;
1497 3256 95 22 medium
1602 3262 23 23 3s
1635 3257 35 28 41!,
1684 3262 21 17 to
1757 3259 40 27 yd;

1242 3288 86 21 inferior
1337 3288 43 21 and
1395 3286 50 22 fowl
1465 3286 47 22 feed
1533 3292 23 16 2s
1567 3291 22 18 to
1611 3293 22 22 3s
1653 3288 32 24 id.
1689 3289 109 22 —Oals—

1241 3318 71 22 There
1322 3318 17 22 is
1350 3325 12 15 a
1373 3317 38 22 fair
1425 3316 92 22 demand
1527 3316 32 22 for
1566 3321 75 26 export
1652 3322 21 19 at
1696 3325 21 16 is
1732 3319 66 24 Gd.—

1242 3347 198 30 Barley—Malting
1450 3352 23 16 2s
1484 3347 28 22 6d
1524 3352 22 17 to
1567 3354 23 21 3s
1611 3349 26 27 3d
1649 3356 5 19 ;
1671 3350 84 28 milling
1777 3357 20 16 is

1244 3379 38 21 iod
1294 3383 21 17 to
1326 3385 22 15 2s
1357 3378 34 27 4cl.
1393 3377 244 30 —Potatoes—Kidney
1644 3380 43 26 £2,
1698 3380 59 28 \.o£z
1767 3386 23 24 5s

1241 3410 112 21 Derwents
1360 3406 42 28 £2,
1412 3411 22 18 to
1444 3405 35 28 £2
1493 3412 41 23 15s.

1268 3439 41 23 Fat
1320 3440 69 22 Cattle
1400 3445 35 14 are
1447 3438 79 27 quoted
1544 3442 21 18 at
1583 3445 38 15 20s
1639 3447 38 20 per
1697 3446 37 17 100
1755 3442 39 23 lbs.

1241 3470 69 21 Prime
1322 3472 84 18 mutton
1420 3467 40 29 l£.d
1469 3476 37 20 ptr
1517 3469 28 21 lb.
1578 3470 80 21 Lambs
1670 3471 52 21 from
1736 3477 21 21 7s
1768 3473 27 20 Gd

1239 3504 21 17 to
1270 3505 24 21 9s
1302 3499 34 27 3d.

1238 3562 154 65 Mount
1423 3562 184 65 Benger
1638 3562 154 65 Mail.

1411 3683 59 17 JUST
1481 3685 50 14 AND
1543 3684 65 17 FEAR

1277 3739 222 27 WEDNESDAY,
1514 3740 120 23 MARCH
1646 3743 20 23 2,
1680 3743 67 22 1881.

1225 3799 1 34 1
1241 3805 19 23 A
1281 3809 116 19 ptTiTiox
1413 3809 46 16 was
1481 3800 73 32 lately
1569 3803 125 30 presented
1715 3807 24 20 to
1753 3805 40 24 the

1241 3837 65 24 Land
1333 3835 78 25 Board
1428 3835 24 24 of
1467 3835 85 30 Otago,
1567 3835 30 31 by
1612 3844 13 15 a
1644 3836 102 25 number
1769 3839 24 24 of

1238 3870 96 24 settlers
1357 3870 24 23 in
1397 3869 40 23 the
1459 3867 118 25 Dunback
1597 3869 47 23 and
1666 3869 126 27 Waihemo

1225 3900 1 32 ;
1238 3903 112 29 districts,
1367 3901 139 31 requesting
1519 3900 53 25 that
1587 3902 91 25 certain
1689 3904 101 25 sections

1225 3934 1 38 j
1238 3936 23 24 in
1277 3936 67 24 those
1365 3935 106 24 districts
1487 3934 85 24 should
1597 3934 28 25 be
1647 3937 93 30 opened
1755 3937 36 25 for

1225 3967 1 34 ,
1237 3969 138 26 settlement
1400 3976 65 24 upon
1482 3967 41 24 the
1547 3967 109 27 deferred
1677 3975 113 26 payment

1225 4000 1 34 j
1237 4007 96 24 system.
1364 4002 63 22 That
1438 4000 100 31 petition
1552 4009 47 16 was
1616 4002 131 26 forwarded
1764 4007 25 21 to

1225 4033 1 37 j
1238 4035 164 25 Government
1412 4033 164 31 accompanied
1590 4033 31 33 by
1633 4042 13 17 a
1658 4035 129 26 resolution

1225 4066 1 35 |
1236 4069 25 24 of
1274 4068 41 24 the
1329 4067 68 25 Land
1408 4066 88 30 Board,
1524 4068 190 33 recommending
1726 4070 61 31 that,

1225 4099 1 39 j
1235 4101 25 24 in
1280 4101 145 30 compliance
1439 4099 60 24 with
1517 4099 31 25 its
1563 4108 94 24 prayer,
1677 4102 41 24 the
1739 4103 49 24 Go-

1225 4130 1 37 J
1236 4136 125 22 vernment
1380 4132 86 24 should
1482 4136 35 20 set
1538 4137 68 27 apart
1626 4134 101 25 sections
1750 4137 25 22 11

1234 4167 37 30 12,
1286 4167 37 28 13,
1346 4165 47 25 and
1414 4166 37 28 14,
1465 4164 36 25 for
1522 4165 129 26 alienation
1666 4175 65 23 upon
1745 4158 41 35 de'

1232 4200 79 23 ferred
1337 4201 133 28 payments.
1510 4198 50 25 The
1586 4200 68 30 reply
1677 4202 107 24 received

1231 4232 45 25 last
1299 4230 65 26 week
1379 4231 61 24 from
1463 4230 41 25 the
1529 4231 113 26 Minister
1665 4234 25 23 of
1703 4234 80 25 Lands

1228 4265 42 24 has
1282 4265 83 25 struck
1378 4264 93 31 dismay
1482 4265 51 22 into
1546 4266 40 23 the
1605 4266 81 25 hearts
1698 4268 28 23 of
1742 4268 39 24 the

1225 4299 139 28 applicants,
1374 4296 46 26 and
1432 4297 65 23 filled
1507 4296 40 25 the
1557 4298 67 24 Land
1634 4299 79 23 Board
1725 4300 53 24 with

1831 168 182 25 astonishment.
2058 171 23 24 It
2104 171 20 24 is
2139 175 24 20 to
2180 171 41 24 the
2241 171 71 25 effect
2337 174 57 24 that

1854 202 62 23 after
1930 203 90 24 careful
2041 204 178 24 consideration
2243 204 29 25 of
2292 205 33 25 ail
2352 206 41 24 the

1831 235 161 31 surrounding
2008 237 183 25 circumstances
2205 238 26 23 of
2243 237 40 26 the
2296 247 62 21 caso,
2375 240 23 23 it

1832 269 42 21 has
1886 268 60 23 been
1958 270 138 23 considered
2109 270 50 22 that
2170 270 40 24 the
2218 270 82 24 fairest
2309 279 89 17 course

1834 303 24 19 to
1879 306 89 23 pursue
1992 303 77 22 would
2083 302 28 23 be
2132 305 25 20 to
2182 302 74 23 throw
2272 303 40 23 the
2336 305 57 21 land

1834 339 60 23 open
1918 334 36 22 for
1968 334 46 24 sale
2039 335 31 30 by
2092 333 97 26 auction
2212 343 30 16 on
2257 335 137 24 immediate

2075 367 98 30 Reeves,
2191 367 51 24 who
2256 376 99 23 appears
2369 372 25 20 to

1835 398 61 23 have
1914 398 73 25 taken
2003 408 31 23 up
2052 400 40 24 the
2106 400 50 23 role
2177 400 27 23 of
2223 409 13 14 a
2249 401 107 24 Tnbuno
2370 400 35 25 of

1830 430 46 24 'the
1890 430 94 31 People,
1996 433 47 23 and
2055 436 24 20 to
2092 433 28 23 be
2130 433 213 28 determined.that
2354 433 41 26 the

1836 463 102 26 settlers'
1962 465 112 24 interests
2097 466 47 23 and
2176 465 86 25 wishes
2289 474 41 17 are
2352 470 43 21 not

1837 498 194 31 unwarrantably
2057 498 119 31 trampled
2202 506 37 22 on,
2266 499 129 32 expressed

1837 538 35 15 sin
1880 530 60 31 prise
1954 532 51 23 that
2020 531 39 25 the
2081 532 113 24 Minister
2210 532 86 25 should
2313 533 82 29 ignore

1838 564 41 22 the
1891 565 217 23 recommendation
2122 566 24 22 of
2166 566 41 23 the
2224 566 67 22 Land
2305 565 89 29 Board,

1838 595 112 31 knowing
1964 606 25 15 as
2001 597 41 24 the
2054 597 79 24 Board
2149 597 41 24 did
2210 598 54 24 that
2276 597 39 26 the
2331 597 64 29 hud,

1838 627 22 25 if
1868 629 103 31 exposed
1982 638 31 16 on
2024 630 137 24 immediate
2179 635 122 26 payment,
2317 631 78 24 would

1839 661 106 32 possibly
1973 670 54 23 pass
2054 662 52 25 into
2130 663 40 24 the
2203 663 76 24 bunds
2302 664 24 23 of
2349 672 44 15 one

1839 702 92 23 person.
1965 696 22 24 It
1999 703 47 17 was
2062 696 85 25 moved
2160 696 31 31 by
2205 696 100 25 another
2318 703 60 17 mem-

1840 729 41 22 ber
1893 728 50 31 (Mr
1954 729 101 30 Green),
2067 730 52 22 that
2160 730 40 23 the
2213 729 79 26 Board
2304 734 92 27 regrets

1839 760 52 25 that
1905 761 40 24 the
1961 761 64 25 Eon.
2041 762 40 25 tho
2097 762 113 25 Minister
2222 764 25 23 of
2262 762 76 25 Lands
2354 762 42 24 has

1840 797 41 21 not
1893 802 55 15 Been
1969 795 37 22 his
2027 803 52 22 way
2094 798 24 20 to
2135 796 54 29 give
2205 795 71 24 effect
2295 799 26 21 to
2333 795 63 24 their

1839 827 217 24 recommenda'ion
2118 827 47 25 and
2190 827 41 24 Mr
2252 828 100 28 Reevea,
2372 827 25 24 in

1839 860 141 30 supporting
1994 860 40 25 the
2050 861 97 29 motion,
2166 861 51 24 said
2231 861 19 25 if
2261 861 39 25 the
2316 860 80 24 Board

1841 900 61 17 were
1914 896 24 21 to
1950 894 58 23 alter
2029 893 63 25 their
2107 894 117 25 decisions
2239 899 25 20 at
2277 901 41 18 tuo
2340 901 41 24 sug-

1840 926 92 26 gestion
1943 928 25 22 of
1982 928 42 23 the
2038 927 120 28 Minister,
2170 928 66 24 thero
2252 936 47 15 was
2312 936 32 15 no
2355 935 42 17 use

1840 959 36 23 for
1890 959 36 24 hia
1937 960 140 30 continuing
2085 968 13 15 a
2110 961 112 27 member,
2233 961 46 22 and
2288 961 93 22 Govern-

1841 995 64 20 ment
1921 992 69 24 could
2002 994 100 29 appoint
2114 1000 111 16 someone
2237 992 25 24 in
2274 992 37 23 his
2323 992 72 31 place,

1840 1025 18 26 if
1871 1025 52 26 that
1940 1029 50 22 sort
2005 1025 28 26 of
2048 1026 69 34 thing
2133 1035 61 18 were
2206 1032 24 21 to
2249 1028 93 24 become
2356 1025 44 27 the

1841 1060 108 28 practice.
1983 1060 50 22 The
2049 1061 90 23 motion
2151 1068 48 16 was
2211 1061 84 30 passed
2311 1062 72 22 unani-

1841 1092 101 32 mously.
1977 1092 68 30 Now,
2064 1101 33 16 we
2120 1094 30 23 do
2170 1096 43 21 not
2236 1094 86 30 expect
2343 1091 57 25 that

1841 1126 40 23 the
1896 1126 112 24 Minister
2023 1126 47 24 will
2085 1126 60 24 alter
2157 1127 37 23 his
2211 1125 190 25 determination

1841 1166 25 15 as
1878 1160 24 21 to
1918 1158 47 25 this
1984 1158 128 30 particular
2128 1158 135 26 case—that
2276 1157 76 25 would
2368 1158 29 24 be

1841 1195 40 20 too
1898 1192 70 23 much
1982 1190 48 26 like
2044 1192 79 31 eating
2166 1191 98 25 humble
2354 1191 44 24 but

1830 1220 1 36 I
1842 1233 34 16 we
1891 1225 30 24 do
1937 1226 60 30 hope
2014 1226 53 24 that
2082 1226 41 25 the
2145 1225 107 26 incident
2264 1223 49 27 will
2327 1224 72 26 m?ke

1830 1258 17 23 I
1847 1258 35 23 Mr
1899 1258 124 24 Rolleston
2046 1267 71 22 pause
2136 1260 48 22 and
2205 1258 100 31 ponder.
2337 1258 28 24 In
2383 1267 14 15 a

1842 1290 115 32 question,
1980 1292 51 24 who
2048 1293 19 24 is
2084 1300 65 17 more
2165 1291 73 30 likely
2261 1294 24 21 to
2307 1291 62 24 form
2384 1299 12 16 a

1830 1324 1 37 j
1842 1324 75 24 sound
1929 1324 96 31 opinion
2038 1333 24 15 as
2075 1328 23 21 to
2112 1326 40 24 the
2165 1325 52 24 best
2233 1332 50 23 way
2297 1324 24 24 of
2332 1324 52 24 deal-

1830 1357 1 33 !
1842 1357 41 31 ing
1896 1357 57 24 with
1966 1366 13 15 a
1998 1359 127 25 particular
2144 1358 65 32 piece
2224 1357 26 24 of
2264 1360 133 27 country—

1843 1390 40 25 the
1896 1390 65 25 Land
1978 1391 87 31 Board,
2081 1392 73 30 living
2166 1392 25 23 in
2209 1391 39 24 the
2260 1390 136 25 immediate

1830 1423 1 32 j
1842 1423 190 32 neighborhood,
2056 1425 46 24 and
2119 1423 135 32 personally
2271 1423 125 30 cognisant

1830 1455 1 34 |
1842 1456 24 23 of
1907 1456 40 24 the
1962 1457 163 31 surrounding
2368 1463 28 16 or

1830 1486 1 36 |
1844 1489 39 25 the
1894 1489 118 28 Minister,
2030 1490 74 32 living
2117 1490 24 25 in
2158 1489 157 32 Wellington,
2329 1489 51 24 hun-

1842 1522 71 24 dreds
1936 1523 25 24 of
1987 1523 66 24 milea
2080 1532 72 22 away,
2172 1523 47 24 and
2244 1524 93 30 getting
2359 1521 38 24 bis

1830 1553 1 29 I
1843 1555 185 25 circumstantial
2063 1556 154 24 information
2255 1558 24 21 at
2309 1555 94 25 second

1830 1585 1 36 !
1843 1589 61 23 hand
1913 1589 12 23 ?
1956 1589 29 23 In
1998 1590 56 23 such
2065 1597 11 16 a
2088 1590 111 31 question
2208 1597 35 16 we
2253 1588 79 23 would
2342 1587 55 32 give

1843 1621 40 24 the
1904 1621 67 25 Land
1990 1622 78 24 Board
2089 1631 14 15 a
2128 1621 97 25 decided
2250 1622 143 30 preference.

1830 1654 1 31 1
1842 1654 65 30 They
1925 1663 38 16 are
1977 1656 70 23 much
2058 1663 66 16 more
2136 1656 74 29 likely
2225 1657 25 21 to
2262 1655 28 22 be
2302 1654 52 24 able
2372 1657 32 20 to*

1843 1687 61 22 foim
1919 1695 12 14 a
1942 1688 77 22 sound
2039 1688 46 22 and
2098 1688 110 28 practical
2222 1686 107 31 opinion;
2347 1688 47 21 and

1843 1718 18 23 if
1878 1718 62 24 their
1962 1719 77 23 action
2062 1719 19 23 is
2103 1723 25 20 to
2154 1720 28 23 be
2205 1718 130 24 controlled
2348 1719 48 22 and

1843 1753 143 23 overturned
1999 1752 32 30 by
2041 1752 40 25 the
2091 1751 215 27 Minister.icithout
2317 1759 86 16 reason'

1830 1785 1 31 I
1842 1785 113 30 assigned,
1969 1785 28 23 of
2012 1786 62 23 what
2089 1787 102 29 possible
2200 1785 4 31 •
2213 1794 44 14 use
2275 1794 41 14 are
2328 1785 66 24 Land

1830 1816 1 37 I
1843 1816 97 29 Boards,
1952 1821 82 29 except
2048 1822 23 20 fo
2090 1820 99 30 register
2205 1818 40 24 the
2262 1818 94 23 decrees
2372 1816 28 25 of

1830 1850 1 32 ,
1843 1850 40 24 the
1895 1855 107 20 autocrat
2014 1855 24 20 at
2050 1851 188 31 headquarters?
2266 1851 49 23 But
2329 1851 72 23 /.and*

1830 1883 1 30 ;
1844 1883 90 23 Boards
1945 1883 60 24 have
2027 1884 61 24 their
2102 1883 82 30 rights,
2199 1884 47 23 and
2262 1883 17 24 it
2294 1883 20 23 is
2335 1883 60 22 their

1830 1916 1 32 i
1843 1916 61 32 duly
1930 1920 25 20 to
1980 1924 115 17 conserve
2122 1917 67 25 those
2203 1916 85 30 rights,
2300 1916 46 24 and
2372 1916 23 23 ill-

1830 1949 1 37 !
1842 1949 72 29 doing
1927 1958 26 15 so
1968 1953 24 20 to
2004 1958 108 22 preserve
2125 1951 40 22 the
2180 1950 126 30 privileges
2318 1949 27 23 uf
2356 1949 40 24 tho

1830 1982 1 31 !
1843 1982 92 31 people.
1968 1982 23 24 It
2009 1983 18 23 is
2043 1983 50 23 sdd
2105 1983 53 24 that
2170 1982 76 24 under
2258 1984 41 22 the
2311 1982 67 24 imme-

1842 2015 64 23 diate
1921 2020 111 24 payment
2054 2019 97 26 system,
2165 2016 40 23 the
2217 2016 57 23 land
2297 2015 48 23 will
2368 2016 28 21 lm

1841 2047 130 25 swallowed
1984 2056 31 23 up
2027 2048 31 31 by
2070 2057 13 15 a
2093 2056 85 23 person
2189 2048 50 24 who
2250 2047 42 25 has
2299 2046 97 34 already

1830 2080 1 30 !
1840 2083 40 27 got
1892 2089 29 14 an
1933 2081 79 29 ample
2024 2081 68 23 share
2104 2082 24 22 of
2142 2081 41 24 the
2194 2081 88 23 earth's
2294 2080 94 25 surface-

1830 2112 41 25 !Uf
1894 2113 48 24 this
1962 2121 34 16 we
2019 2113 69 24 know
2100 2113 110 31 nothing.
2243 2113 38 24 All
2295 2112 52 25 that
2361 2121 34 16 we

1840 2153 51 17 care
1909 2147 35 23 for
1961 2146 26 29 is,
2003 2146 52 24 that
2078 2146 40 24 the
2134 2146 66 24 Laud
2217 2146 75 24 Board
2307 2144 86 26 should

1832 2182 51 27 J&t
1904 2179 27 25 be
1954 2182 37 21 sr>t
2193 2178 161 32 endaavoring
2370 2185 26 18 to

1839 2207 139 25 administer
1991 2207 64 26 ?neir
2069 2210 66 24 office
2156 2213 54 21 Witb
2225 2219 11 13 h
2251 2211 47 23 d.it*
2311 2215 83 26 regaul

1840 2244 24 20 to
1878 2240 41 24 tbo
1931 2248 85 23 poorer
2032 2250 13 15 a
2053 2243 26 23 id
2093 2243 118 24 therefore
2223 2250 63 17 more
2303 2251 76 21 power-

1841 2274 45 23 less
1908 2274 89 23 section
2017 2275 28 22 of
2066 2276 39 22 the
2121 2276 101 23 settlers*
2268 2276 127 31 Anyfhivg

1840 2306 111 27 savoring
1973 2308 24 22 of
2012 2307 41 23 the
2071 2308 104 23 exercise
2190 2309 24 22 of
2231 2307 161 31 high-handed

1840 2338 123 30 authority
1973 2338 19 23 is
2003 2339 91 29 foreign
2108 2344 24 19 to
2145 2347 44 16 our
2201 2340 56 24 mild
2271 2344 86 26 system
2368 2340 29 23 of

1839 2370 69 31 equal
1920 2371 83 29 rights,
2018 2375 25 19 to
2061 2371 74 25 which
2147 2373 40 24 the
2199 2376 93 28 poorest
2307 2380 91 24 persoiv

1841 2404 23 23 in
1885 2404 40 23 the
1937 2404 55 24 land
2006 2404 21 23 is
2039 2404 179 27 entitled—and
2237 2407 39 23 Mr
2291 2406 100 28 Reeves,

1839 2436 48 24 and
1909 2437 68 23 those
1992 2437 57 23 who
2060 2446 41 14 are
2118 2439 22 23 of
2157 2446 13 15 a
2184 2439 90 23 similar
2296 2447 53 22 way
2366 2440 26 22 of

1842 2469 116 30 thinking,
1973 2469 95 24 deserve
2084 2470 40 24 the
2144 2475 109 21 warmest
2268 2471 86 24 thanks
2367 2472 28 25 of

1840 2501 40 25 the
1901 2502 155 31 community.
2087 2503 41 23 Mr
2151 2504 92 24 Reeves
2259 2507 64 21 must
2347 2510 43 18 not

1838 2535 70 24 think
1923 2535 24 23 of
1968 2535 124 31 resigning
2112 2536 37 23 his
2170 2537 129 24 honorable
2316 2538 73 28 ofliee,

1838 2568 41 22 but
1893 2567 75 30 ought
1989 2576 29 14 on
2034 2576 71 22 every
2125 2569 101 29 possible
2241 2569 107 23 occasion
2365 2574 24 18 to

1836 2599 68 25 resist
1927 2600 31 24 all
1984 2603 114 28 attempts
2118 2604 24 21 at
2156 2601 180 24 encroachment
2358 2610 31 16 on

1834 2633 31 24 its
1883 2633 133 31 privileges,
2030 2634 46 24 and
2092 2634 39 24 the
2148 2635 69 24 other
2231 2636 116 24 members
2363 2636 31 24 op

1834 2665 40 25 the
1888 2667 77 23 Board
1981 2666 46 24 will
2045 2675 30 16 no
2088 2667 76 25 doubt
2174 2671 107 27 support
2300 2669 49 23 him
2364 2669 24 23 iu

1832 2707 26 16 so
1867 2699 80 31 doing.

1832 2768 121 62 Local
1977 2768 73 62 and
2074 2768 170 62 General
2268 2768 122 62 News.

1812 2885 2 29 j
1856 2885 48 21 Tlie
1926 2885 138 29 re-ignations
2085 2888 25 21 of
2125 2886 134 23 Councillors
2281 2888 104 22 Cameron

1813 2915 1 30 ;
1828 2915 42 22 and
1883 2916 71 28 Iliggs
1964 2917 78 28 having
2053 2919 77 21 caused
2142 2922 41 17 two
2195 2918 109 22 vacancies
2318 2919 20 21 in
2350 2919 35 21 the

1813 2946 1 31 :
1830 2946 99 29 Borough
1941 2946 89 22 Council
2041 2949 21 20 of
2085 2947 122 29 Roxburgh,
2230 2948 36 21 the
2278 2949 107 28 returning

1813 2975 1 35 j
1828 2976 72 22 officer
1915 2976 107 22 intimates
2041 2977 46 23 that
2107 2978 132 22 nomination
2255 2982 22 17 to
2298 2976 33 23 fill'
2348 2979 37 21 the

1813 3002 1 39 j
1830 3009 74 20 vacant
1915 3008 70 20 oltices
1995 3006 41 22 will
2048 3008 26 21 be
2095 3008 95 22 receivel
2202 3008 27 27 by
2251 3008 42 21 him
2312 3011 21 19 at
2348 3009 37 21 the

1813 3034 1 33 1
1829 3035 69 23 Town
1908 3035 84 23 Clerk's
2016 3037 61 22 office
2087 3046 29 21 up
2125 3042 22 18 to
2163 3044 57 16 noon
2237 3045 29 15 on
2284 3038 100 29 Tuesday

1829 3068 57 25 next,
1900 3067 42 21 and
1953 3074 12 14 a
1976 3067 44 28 poll
2034 3067 26 28 (if
2073 3068 119 28 necessary)
2216 3069 43 20 will
2278 3069 26 21 be
2317 3069 65 21 taken

1813 3096 1 29 i
1828 3103 27 13 on
1875 3097 35 21 the
1926 3096 109 28 following
2053 3098 105 26 Tuesday,
2180 3098 36 21 the
2236 3098 48 26 14th
2300 3098 41 27 day
2361 3098 24 21 of

1811 3122 5 36 |
1829 3125 81 24 March.
1940 3126 41 22 We
1992 3126 55 30 hope
2058 3128 35 21 the
2106 3127 112 29 Burgesses
2230 3128 42 21 will
2289 3131 35 18 not
2347 3128 36 21 fail

1811 3156 3 29 .
1828 3160 22 18 to
1860 3156 53 23 have
1924 3161 21 17 at
1956 3157 52 21 least
2025 3162 43 18 two
2082 3158 123 22 candidates
2225 3159 21 20 in
2267 3159 114 26 readiness,

1827 3194 29 14 on
1881 3187 99 27 Tuesday
2009 3192 50 17 next
2081 3196 24 13 so
2136 3189 45 20 that
2206 3188 36 21 the
2267 3189 117 26 important

1827 3216 114 30 municipal
1952 3216 95 23 business
2058 3225 47 15 now
2116 3218 21 21 in
2148 3217 58 22 haad
2217 3225 48 21 may
2285 3223 20 17 at
2328 3226 53 15 on.e

1827 3249 26 22 be
1864 3246 117 31 proceeded
1995 3246 58 24 with,

1810 3278 3 32 j
1840 3278 47 23 The
1893 3278 44 22 first
1946 3278 93 27 meeting
2045 3279 22 21 of
2073 3279 35 22 the
2117 3279 67 28 newly
2194 3278 80 23 formed
2282 3280 98 22 Runstan

1810 3302 3 36 j
1828 3309 124 28 Presbytery
1962 3307 43 22 will
2025 3309 49 22 take
2094 3309 60 29 place
2173 3312 21 19 at
2211 3309 122 24 Alexandra
2353 3318 28 15 on

1810 3338 2 29 i
1825 3339 113 28 Thursday
1948 3338 36 22 the
1999 3339 50 26 24th
2058 3340 85 24 instant,
2150 3343 23 19 at
2181 3347 63 17 noon.
2278 3341 52 23 Rev.
2346 3342 35 21 Mr

1825 3369 88 22 Telford
1926 3368 144 29 (Roxburgh),
2087 3370 43 21 will
2141 3370 53 21 have
2216 3371 36 20 the
2271 3371 68 21 honor
2358 3371 27 21 of

1809 3396 3 31 !
1825 3399 65 28 being
1898 3399 36 21 the
1943 3397 43 22 first
1997 3398 129 24 Moderator.
2131 3399 54 22 —In
2196 3401 124 21 connection
2329 3401 51 22 with

1825 3430 42 21 this
1885 3429 115 28 important
2018 3432 61 19 event
2100 3429 20 22 in
2134 3429 35 22 the
2187 3429 54 22 local
2261 3429 80 29 history
2358 3431 25 22 of

1826 3460 35 21 the
1886 3458 146 28 Presbyterian
2058 3460 86 21 Clrarch
2165 3467 32 14 we
2221 3460 127 23 understand
2367 3470 13 13 a

1825 3489 66 21 soiree
1900 3488 17 21 is
1932 3491 21 18 to
1965 3488 25 21 be
2000 3488 49 22 held
2061 3496 28 14 on
2101 3488 44 22 that
2155 3489 40 28 day
2215 3493 21 18 at
2257 3490 123 23 Alexandra

1825 3519 41 22 and
1877 3517 45 24 that
1933 3523 96 24 amongst
2040 3519 61 23 those
2111 3519 102 30 expected
2231 3523 22 19 to
2269 3520 49 23 take
2332 3526 47 24 part

1809 3549 2 31 !
1825 3550 21 22 in
1856 3550 35 23 the
1902 3549 140 29 proceedings
2061 3557 35 16 are
2113 3550 55 23 Rev.
2185 3550 31 23 Dr
2237 3551 77 29 Stuart,
2336 3553 44 22 and

1826 3581 63 22 Revs.
1904 3580 93 25 Blackie,
2013 3581 77 25 Smi.h,
2105 3581 42 21 and
2155 3581 95 23 Telford.

1853 3610 48 21 The
1909 3611 51 20 Rev.
1971 3610 35 20 Mr
2014 3611 61 27 Byr.g
2086 3610 40 27 (St.
2137 3611 112 25 Mathews,
2260 3611 118 28 Dunedin),

1824 3639 108 22 delivered
1945 3647 12 13 a
1969 3639 78 23 lecture
2057 3645 20 17 at
2089 3640 97 29 Tapanui
2195 3648 27 14 on
2234 3641 95 28 Monday
2340 3643 36 21 the

1809 3670 2 30 ;
1825 3674 23 16 21
1853 3674 17 17 st
1881 3670 116 27 February,
2009 3670 37 22 the
2062 3670 81 28 subject
2166 3670 64 28 being
2278 3672 100 22 Personal

1809 3697 2 31 j
1825 3699 171 24 Reminiscences
2011 3700 21 21 of
2158 3701 29 22 At
2202 3700 36 23 the
2254 3701 123 23 conclusion

1807 3730 3 33 j
1824 3730 24 21 of
1856 3730 35 21 the
1902 3730 92 26 address,
2005 3731 36 21 the
2059 3738 42 14 rev.
2112 3731 121 27 gentleman
2253 3732 123 22 mentioned

1808 3759 1 32 '
1824 3759 32 21 his
1868 3759 102 22 intention
1982 3763 22 19 to
2014 3760 48 22 visit
2082 3761 98 28 Tapanui
2200 3760 81 29 shortly
2300 3761 82 30 during-

1807 3790 2 34 I
1823 3797 12 14 a
1846 3793 48 19 tour
1905 3797 27 14 on
1944 3790 71 22 behalf
2025 3791 23 21 of
2061 3791 32 22 his
2111 3798 48 15 own
2179 3791 88 28 Sunday
2287 3791 87 24 School,

1806 3820 58 23 rWe
1879 3820 81 23 believe
1978 3821 59 22 there
2054 3822 18 21 is
2089 3829 59 15 some
2163 3822 128 29 probability
2302 3822 25 22 of
2342 3823 33 22 his

1806 3851 1 29 |
1821 3851 80 29 paying
1910 3859 12 13 a
1933 3851 47 22 visit
1992 3856 21 17 to
2023 3851 41 22 this
2073 3852 88 26 district,
2182 3853 42 21 and
2242 3853 16 21 if
2278 3853 25 21 he
2323 3853 52 23 does

1805 3882 42 29 ■he
1861 3882 43 22 will
1914 3882 27 22 be
1951 3889 46 15 sure
2007 3882 25 22 of
2039 3889 12 14 a
2072 3882 106 23 favorable
2193 3883 115 28 reception.
2340 3884 36 21 Mr

1821 3912 61 28 Byng
1897 3912 16 21 is
1924 3920 12 13 a
1950 3912 85 28 general
2054 3912 87 22 favorite
2152 3913 21 21 in
2192 3913 108 27 Dunedin,
2322 3914 51 22 with

1805 3942 1 31 '
1819 3942 28 22 all
1858 3942 35 23 the
1901 3942 108 28 churches,
2022 3942 42 22 and
2075 3942 18 23 h
2103 3949 13 16 a
2127 3951 49 21 very
2187 3942 95 24 effective
2300 3945 73 28 public

1805 3973 1 34 |
1819 3973 96 30 speaker.

2120 4004 21 21 in
2180 4004 36 22 the

1805 4031 1 27 !
1936 4033 81 22 notices
2038 4033 46 23 that
2104 4037 22 19 at
2147 4033 95 24 Oamaru
2261 4034 37 23 the
2317 4035 54 23 Rev.

1818 4064 35 22 Mr
1871 4064 76 28 Barley
1972 4064 119 28 (Primitive
2109 4065 138 27 Methodist))
2267 4065 17 22 is
2305 4069 21 19 to
2345 4067 27 21 be

1805 4087 1 36 [
1816 4094 128 29 superseded
1968 4095 29 27 by
2018 4095 36 21 the
2080 4095 53 27 Rev,
2157 4095 35 21 Mr
2218 4095 83 24 Clover,
2329 4096 43 22 and

1815 4124 108 23 considers
1933 4124 36 21 the
1980 4131 72 14 names
2062 4124 74 28 highly
2147 4126 134 28 appropriate
2293 4126 31 21 for
2335 4127 37 20 the

1815 4153 93 29 pastoral
1920 4153 77 30 charge
2014 4154 25 22 of
2049 4154 52 23 such
2122 4163 12 13 a
2154 4155 57 28 large
2232 4156 136 28 agricultural

1814 4184 89 22 district.
1934 4184 47 22 The
2001 4191 59 15 same
2085 4185 70 21 writer
2178 4191 118 16 comments
2314 4194 61 21 uporv

1814 4214 36 22 the
1875 4219 169 18 announcement
2070 4215 45 22 that
2141 4215 79 23 Messrs
2242 4216 61 22 More
2327 4217 44 21 and

1814 4246 52 22 Beer
1877 4253 36 15 are
1934 4250 21 18 to
1976 4253 55 21 open
2051 4253 12 14 a
2085 4246 87 28 Sunday
2194 4246 77 23 School
2294 4247 20 22 in
2334 4248 35 21 the

1812 4276 147 28 Temperance
1975 4276 52 22 Hall
2043 4281 20 17 at
2075 4276 110 27 Riverion,
2199 4278 42 21 and
2252 4277 72 22 thinks
2334 4278 37 22 ike

1811 4312 74 20 wrong
1897 4306 61 26 place
1968 4307 38 21 has
2014 4307 54 21 been
2080 4306 98 22 selected.

127 103 16 20 4

815 95 82 24 THE
930 97 27 22 M
966 97 112 23 OUNT
1112 96 80 24 BEN
1203 94 49 25 GE
1264 94 21 23 R
1356 95 43 24 AI
1409 96 18 23 L

2018 98 140 30 VenoseVy,
2180 98 84 25 March
2279 101 23 27 C,
2319 101 42 23 135

217 172 75 26 LIST
309 172 43 25 OF
372 171 113 25 PRIZES

329 219 46 16 FOR

76 252 63 59 JJ
156 252 175 25 ANCOX
379 249 100 25 AND
520 249 19 24 C
556 245 72 33 O,'S
642 238 1 73 j

289 313 130 26 SECOND

116 358 120 25 GRAND
253 356 130 27 COUPON
402 355 64 26 ART
484 352 114 26 UiNION.

170 430 14 23 2
187 423 3 35 ;
193 429 45 23 000
248 426 149 26 Subscribers
406 426 23 23 at
440 426 26 22 5s
475 423 53 25 each-

259 498 45 23 -250
320 494 122 25 PRIZES.

81 568 37 25 Ist
129 569 70 31 prize,
211 568 95 24 Section
320 566 24 23 of
358 565 75 29 Land,
443 564 72 24 value
529 582 24 7 ...
568 562 67 27 £IOO

80 602 48 23 2nd
144 602 71 30 prizc\
226 600 101 30 Elegant
341 597 82 28 Piano,
433 597 70 24 value
531 614 24 7 ...
607 597 29 22 50

80 634 43 24 3rd
129 634 71 31 prize,
205 632 66 24 Suite
279 630 189 32 Drawing-room
477 628 72 26 Furui-

141 668 60 26 ture,
217 665 68 23 value
605 662 32 23 40

80 698 123 33 4thpriz3,
214 698 66 24 Suite
292 696 166 31 Dining-room
472 694 74 26 Furni-

141 735 60 24 ture,
220 733 68 21 value
351 746 26 7 ...
441 746 27 7 ...
532 746 26 7 ...
608 729 30 23 30

80 764 43 24 sih
214 763 67 23 Suite
292 762 174 31 Dining-room
475 761 73 25 Furni-

141 801 60 24 ture,
219 797 70 22 value
533 813 26 6 ...
609 796 28 21 25

80 828 43 25 6tb
132 829 70 31 prize,
212 827 66 26 Suite
292 826 117 25 Bedroom
421 825 141 30 Furniture,

143 861 67 26 value
610 860 27 23 15

81 894 42 25 7th
135 894 69 33 prize,
217 893 65 26 Suite
294 893 117 24 Bedroom
422 892 141 31 Furniture,

142 927 69 25 value
351 945 25 7 ...
611 926 28 23 10

82 960 41 25 Bth
146 960 70 28 prize.
231 959 84 24 Gent's
335 959 138 23 Handsome
496 958 64 23 G.dJ

144 991 85 25 Watch
534 1007 25 6 ...
611 992 27 21 15

82 1025 41 28 Olli
139 1025 71 34 prize,
234 1023 87 35 Lady's
337 1023 139 28 Handsome
499 1023 64 26 Gold

146 1060 82 24 Watch
534 1075 26 6 ...
610 1060 30 21 10

83 1092 56 25 10th
155 1094 70 28 prize,
240 1090 83 27 Gent's
335 1089 139 26 Handsome
485 1089 78 26 Silver

142 1124 84 26 Watch
612 1125 27 22 10

83 1158 58 24 11th
152 1158 72 30 prize,
238 1157 85 25 Gent's
335 1156 138 25 Handsome
486 1156 79 25 Silver

146 1190 83 26 Watch
534 1208 27 6 ...
626 1192 13 21 8

87 1223 54 28 12th
156 1225 72 31 prize,
238 1223 89 33 Lady's
338 1222 137 27 Handsome
487 1222 76 27 Silver

148 1258 81 24 Watch
536 1275 26 7 ...
626 1258 14 22 6

87 1289 55 26 13th
152 1291 70 30 prize,
237 1289 88 32 Lady's
337 1288 139 26 Handsome
487 1288 78 26 Silver

146 1322 84 26 Watch
627 1324 13 21 3

84 1355 58 27 14th
153 1356 71 31 prize,
234 1354 88 34 Lady's
331 1354 140 26 Handsome
485 1355 79 25 Silver

128 1414 6 6 v
146 1388 85 26 Watch
537 1408 25 6 ...
627 1390 13 22 3

85 1424 31 23 20
129 1423 74 31 prizes
215 1423 24 24 of
252 1429 14 17 a
278 1421 70 25 value
361 1421 25 25 oi'
400 1421 34 25 £2
447 1422 56 24 each
536 1441 26 5 ...
612 1424 29 21 40

86 1456 32 23 30
129 1455 74 31 prizes
216 1454 25 25 of
253 1462 13 15 a
287 1454 70 23 value
380 1454 25 23 of
418 1454 31 25 £1
465 1456 39 22 10a
516 1454 56 25 each
612 1456 30 21 45

86 1490 30 22 40
129 1488 74 32 prizes
215 1487 28 25 of
253 1495 13 16 a
276 1487 68 24 value
356 1488 24 22 of
391 1489 32 23 £1
440 1488 57 24 each
537 1507 25 8 ...
612 1488 30 23 40

85 1522 31 23 50
129 1522 75 31 prizes
218 1521 24 23 of
253 1528 13 16 a
279 1521 67 23 value
358 1521 23 22 of
395 1521 39 22 10a
449 1522 57 23 each
538 1540 25 6 ...
612 1523 30 20 25

87 1554 29 24 96
125 1554 75 32 prizes
211 1554 24 24 of
245 1561 12 16 a
267 1553 69 25 value
349 1554 24 22 of
381 1555 25 23 5a
416 1554 57 23 each
537 1572 26 6 ...
612 1555 30 23 25

207 1620 45 24 250
262 1620 74 31 prizes
578 1621 65 24 £SOO

191 1680 6 4 •
221 1663 141 25 SPECIAL
388 1663 131 25 NOTICE.

119 1707 62 24 That
193 1707 31 24 all
236 1707 156 31 prize-takers
403 1715 53 21 can,
471 1707 23 24 if
507 1707 56 31 they
584 1708 57 25 wish

89 1740 27 31 it,
129 1740 90 24 receive
236 1741 57 23 cash
312 1739 93 25 instead
419 1739 28 25 of
456 1740 42 25 the
513 1741 83 32 goods,
616 1745 24 22 to

88 1778 98 21 amount
202 1773 28 24 of
239 1773 166 32 prize-money.

202 1878 57 24 This
277 1886 92 23 coupon
381 1878 48 24 will
442 1879 84 24 entitle
539 1879 40 24 the

162 1910 85 26 seuder
264 1913 26 23 to
313 1917 45 19 one
379 1910 87 26 chance
482 1911 23 25 in
522 1920 45 18 our

164 1945 90 24 Second
282 1945 81 24 Grand
389 1945 100 31 Coupon
520 1947 45 24 Art

163 1976 132 32 Union„by
305 1977 99 31 sending
416 1978 58 24 with
490 1978 19 24 it
523 1978 42 25 the

163 2017 51 15 sum
225 2009 27 24 of
260 2018 26 17 us
297 2011 26 23 in
335 2010 58 24 Post
407 2011 75 24 Office
494 2011 71 25 order

164 2049 27 18 or
198 2042 140 32 stamps,and
343 2043 109 31 stamped
458 2043 106 26 directed

164 2074 115 32 envelope
291 2076 37 23 for
339 2076 75 29 reply.

211 2107 89 24 Messrs
309 2107 107 24 llanvox
424 2115 51 18 akd
485 2109 52 29 Co.,

255 2140 84 32 Morey
353 2140 210 38 Pkcj^Diugdiu.

175 2206 110 24 Sender's
295 2212 68 17 name

174 2273 110 24 Address,

207 2388 21 25 N
260 2387 26 27 O
314 2387 22 25 T
368 2386 12 26 I
411 2387 19 25 C
461 2386 21 26 E
498 2406 7 7 .

112 2437 40 22 Ist.
171 2435 50 23 The
242 2434 75 25 above
341 2433 100 29 Coupon
465 2434 63 23 mint
545 2433 30 24 be
591 2434 41 25 ci*t

77 2471 43 22 out
141 2467 27 26 of
188 2467 39 25 the
244 2473 80 24 paper,
353 2465 56 31 and,
429 2466 62 24 after
508 2466 76 30 filling
606 2466 24 24 iu

77 2501 104 25 Bender'B
194 2508 67 17 uamo
273 2500 48 24 and
333 2499 104 29 address,
449 2502 54 22 sent
522 2499 57 24 with
592 2499 40 25 the

77 2541 125 23 necessary
219 2535 100 23 amount
336 2531 47 27 and
395 2532 111 31 stamped
524 2532 107 25 directed

76 2567 116 31 envelope
201 2571 25 18 to
239 2565 151 24 advertisars'
400 2564 108 24 address.

106 2600 58 24 2nd.
183 2597 63 26 That
258 2596 98 26 Tickets
364 2597 47 25 aud
423 2596 112 32 Coupons
547 2603 43 18 can
603 2596 28 25 be

77 2631 115 28 obtained
206 2633 31 32 by
249 2640 13 17 a
272 2630 110 34 personal
395 2629 145 34 application
552 2633 25 24 al
588 2640 44 17 our

75 2667 72 23 office.

107 2699 52 24 3rd.
177 2698 62 25 That
257 2697 32 26 all
299 2696 96 26 articles
407 2704 39 18 are
455 2699 43 22 not
509 2695 85 26 valued
607 2699 25 22 at

77 2739 14 18 a
103 2731 114 26 fictitious
229 2732 76 27 va'ue,
320 2730 44 24 but
382 2733 25 20 at
429 2729 57 25 sueb
498 2737 14 16 a
527 2729 64 30 price
606 2737 25 17 as

77 2765 47 24 will
136 2765 56 30 defy
203 2763 155 32 competition
371 2762 31 31 by
414 2770 47 23 any
474 2762 70 25 retail
557 2761 74 26 bouse

77 2798 26 24 in
115 2798 42 24 the
176 2796 120 30 Colonies,
310 2796 46 25 and
380 2795 120 25 therefore
513 2794 41 25 tbe
573 2796 43 23 sub-

77 2830 100 24 scribers
198 2829 91 25 receive
309 2828 42 24 the
375 2827 46 25 full
443 2827 100 31 benefit,
564 2827 66 25 there

77 2862 71 30 being
165 2869 31 16 no
214 2863 139 29 percentage
367 2860 112 31 charged.

107 2894 52 25 itb.
179 2894 62 24 That
252 2894 40 24 the
307 2892 106 33 drawing
429 2892 50 25 will
491 2893 55 25 take
566 2892 64 32 place

77 2931 26 21 at
115 2928 43 25 the
171 2927 97 24 earliest
293 2925 106 33 possible
411 2925 55 25 date
487 2934 25 15 as
535 2934 57 16 soon
607 2935 24 15 as

77 2960 44 25 tbe
148 2960 46 24 full
214 2960 101 24 number
341 2958 28 24 of
393 2958 174 31 subscriptions
592 2967 39 16 are

77 2992 116 30 received,
213 2992 46 24 and
286 2991 47 24 will
355 2989 56 26 take
430 2991 66 30 place
518 2991 25 24 in
566 2999 65 16 some

77 3024 81 31 public
182 3032 74 16 room.
299 3023 72 25 Time
395 3024 47 23 and
464 3023 66 31 place
552 3027 25 20 to
604 3024 26 24 be

77 3056 134 26 advertised
223 3056 26 25 in
259 3055 42 26 tbe
312 3055 138 26 meantime.

129 3105 126 25 MESSRS
272 3103 142 25 HANCOX
432 3104 73 24 AND
520 3105 60 29 CO.,

145 3147 194 27 Manufacturers
351 3147 47 26 and
415 3146 140 34 Importers,

197 3198 87 30 Moray
294 3196 78 29 Place,
389 3196 122 25 Dunedin.

106 3259 182 28 P.S.—Tickets
308 3267 42 18 can
369 3259 29 26 be
412 3259 112 26 obtained
539 3263 26 23 at
589 3262 41 25 the

75 3299 71 26 Office
157 3299 25 24 of
191 3298 48 25 this
254 3299 84 31 Paper.

105 3362 224 27 APPLICATION
346 3362 41 25 TO

73 3447 37 58 I
127 3443 143 29 HEREBY
291 3443 62 26 Give
376 3443 87 26 Notice
485 3444 55 27 that
554 3446 13 25 I
589 3446 24 25 in-

141 3479 59 24 tend
228 3481 26 20 to
279 3476 71 25 make
377 3477 142 31 application
536 3481 26 21 to
586 3479 40 25 the

73 3513 85 25 Waste
178 3509 81 26 Lands
279 3508 85 32 Board,
379 3513 24 21 at
418 3509 31 25 its
467 3510 52 26 first
533 3511 92 33 sitting,

73 3548 64 24 after
158 3545 42 25 the
218 3546 34 23 Ist
275 3543 84 26 March
383 3546 65 26 next,
463 3546 26 23 to
510 3546 115 31 purchase

73 3583 18 21 7
101 3587 65 17 aeres
177 3578 25 25 of
212 3577 56 25 land
282 3577 105 25 situated
402 3578 75 24 about
489 3578 45 25 five
545 3579 80 25 chains

73 3612 72 24 south
168 3611 25 24 of
222 3610 91 24 section
338 3610 38 28 41,
393 3609 70 25 block
486 3610 35 31 11,
540 3611 85 25 Teviot

72 3644 113 26 District.

103 3676 40 25 All
156 3675 131 31 objections
300 3676 27 22 to
341 3673 49 24 this
401 3674 143 32 application
559 3680 66 22 must

72 3710 31 24 be
116 3708 87 33 lodged
223 3710 26 22 at
271 3706 41 25 tbe
332 3706 101 26 District
454 3707 70 26 Land
546 3709 80 31 Office,

72 3742 83 32 Clyde,
165 3748 31 16 on
209 3748 27 15 or
247 3740 81 23 before
342 3741 37 22 Ist
390 3739 94 27 March,
496 3742 69 23 1881.

117 3777 135 27 ALFRED
270 3776 118 26 HENRY
404 3777 181 33 WILLIAMS,

203 3811 37 32 By
254 3811 38 25 his
305 3814 78 23 a?ent.
402 3810 79 25 Jabf.x
497 3812 114 26 Bdrton.

103 3868 223 27 APPLICATION
346 3868 42 24 TO
405 3868 190 28 PURCHASE.

70 3941 36 61 I
119 3938 139 27 HEREBY
273 3939 62 25 Give
343 3938 86 26 Notice
439 3939 54 25 that
515 3941 10 24 J
540 3941 84 26 intend

134 3976 26 23 to
181 3972 70 26 make
271 3972 144 32 application
437 3976 24 22 to
478 3973 42 26 the
543 3974 81 27 Waste

71 4007 82 24 Lands
164 4005 87 30 Board,
274 4007 25 22 at
315 4005 32 24 its
368 4005 52 24 first
442 4006 93 32 sitting,
560 4008 62 24 after

72 4040 42 24 the
129 4038 38 25 Ist
180 4037 85 26 March
277 4039 66 28 next,
353 4039 26 24 to
393 4037 117 33 purchase
529 4040 14 24 5
557 4048 65 18 acres

72 4072 25 24 of
107 4071 57 25 land
178 4070 102 25 situated
294 4070 105 26 between
413 4072 90 24 (section
516 4073 22 28 3,
551 4072 70 27 block

69 4103 74 30 XIV,
168 4103 93 31 Benger
282 4102 109 32 District,
407 4104 47 24 and
471 4104 41 25 the
534 4104 87 27 Clutha

66 4136 84 26 River.

98 4169 43 26 All
152 4167 131 32 objections
295 4169 25 23 to
336 4167 49 24 this
401 4169 142 31 application
557 4176 63 21 must
631 4165 1 42 J

68 4205 31 23 be
122 4200 87 32 lodged
231 4204 25 20 at
276 4200 41 24 tbe
333 4200 99 24 District
454 4201 66 24 Land
536 4204 80 31 Office,
631 4200 1 37 j

66 4235 85 35 Clydet
164 4240 31 19 od
207 4240 27 16 or
246 4233 78 24 before
338 4234 37 22 Ist
388 4232 92 31 March,
495 4237 67 23 1881,

171 4270 186 28 CORNELIUS
385 4271 141 31 O'BRIEN,

200 4304 38 29 By
250 4302 38 25 his
298 4306 80 27 agent,
389 4303 81 25 Jabez
486 4304 113 27 Burton.

703 171 162 27 BOROUGH
893 174 41 23 OF
966 173 202 29 ROXBURGH.
1223 167 6 37 !

674 242 303 28 EXTRAORDINARY
1004 245 196 26 VACANCIES.
1213 217 19 52 /

712 313 73 26 XTR
787 315 130 24 AORDIN
922 316 43 23 AR
969 315 23 24 Y
1029 315 189 25 VACANCIES

752 357 89 32 having
855 358 101 25 occured
976 358 26 25 in
1016 358 42 25 tho
1084 358 68 26 office
1169 357 26 26 of
1207 366 11 16 a
1231 357 1 33 j

662 399 137 25 Councillor
813 400 36 24 for
865 400 40 26 tha
917 401 124 25 Northern
1055 402 81 30 Ward,
1149 401 47 25 and
1208 408 10 16 a

662 443 139 24 Councillor
812 444 37 24 for
862 444 40 24 the
917 445 122 25 Southern
1048 444 83 31 Ward,
1143 445 78 30 owing

663 489 25 21 to
702 486 41 24 the
766 487 159 31 resignations
940 489 24 23 of
986 489 104 26 Thomas
1103 489 115 24 Cameron
1231 485 1 33 j

663 532 46 24 and
721 532 103 25 Thomas
839 532 85 33 Higgs,
940 534 80 32 public
1032 534 78 24 notice
1124 534 18 24 is
1154 533 65 25 here-
1231 532 1 34 1

665 576 31 31 by
710 577 72 30 given
802 577 54 23 that
871 586 29 15 an
918 577 111 25 Election
1044 578 49 23 will
1117 577 30 24 be
1168 576 51 24 held
1231 576 1 31 j

665 619 37 24 for
717 620 40 24 the
770 623 83 21 return
868 621 25 24 of
905 629 45 16 one
965 621 113 32 qualified
1096 628 85 25 person
1197 623 22 22 to

665 670 67 17 serve
747 670 24 17 as
788 664 137 25 Councillor
940 665 38 24 for
995 664 57 25 each
1067 664 24 25 of
1113 664 41 24 the
1168 662 49 27 said

668 707 101 32 Wards;
795 709 47 25 and
871 710 53 25 that
949 710 41 25 the
1015 710 156 25 Nomination
1199 708 25 25 of

666 752 147 26 Candidates
829 754 45 24 v.ill
892 755 27 23 be
934 755 109 24 received
1055 755 31 31 by
1098 763 37 16 mo
1147 756 24 22 at
1183 753 38 24 the

667 797 74 24 Town
759 797 92 24 Clerk's
867 798 83 30 Office,
977 798 145 32 Roxburgh,
1147 806 33 23 up
1199 800 23 21 to
1231 797 1 33 ;

667 838 29 24 12
708 837 90 26 o'clock
815 846 64 18 noon
898 847 32 17 on
945 840 165 33 TUESDAY,
1124 840 43 26 til*
1231 832 1 41 !

667 882 46 32 day
725 883 25 23 of
762 883 129 32 MARCH,
909 885 65 25 ISSI.
1006 874 217 44 ShottlffifeSfifr
1231 874 1 44 1

667 929 102 24 number
781 929 25 24 of
822 930 139 25 candidates
974 931 29 24 be
1016 919 140 39 nominal

668 971 41 23 tha
723 973 104 24 number
840 973 28 23 of
881 974 78 23 offices
974 978 25 20 to
1013 974 29 24 be
1059 973 75 32 filled,
1149 978 14 22 ft
1175 971 48 34 pell

669 1016 45 27 will
727 1017 30 27 be
770 1017 71 27 taken
856 1018 31 34 by
901 1027 37 18 me
954 1021 26 24 at
992 1019 41 27 the
1044 1018 76 29 Town
1133 1014 90 34 Clerlf's

654 1061 1 33 |
668 1061 81 30 Office,
771 1063 144 31 Roxburgh,
943 1072 30 15 on
997 1064 162 28 TUESDAY,
1185 1064 38 23 the

654 1106 1 34 |
670 1106 55 24 loth
738 1106 46 32 day
800 1108 25 23 of
839 1107 130 31 MARCH,
982 1108 107 26 between
1102 1108 40 26 the
1154 1108 69 25 hours

654 1149 1 33 :
668 1149 26 25 of
704 1150 14 22 9
732 1157 54 18 a.m.
801 1151 48 24 and
865 1151 14 23 G
895 1159 56 23 p.m.

698 1198 81 26 Dated
793 1199 48 26 this
853 1200 58 25 28th
924 1201 47 34 day
983 1202 25 26 of
1017 1201 130 34 February,
1161 1202 64 25 1881.

867 1251 106 24 JABEZ
992 1252 146 30 BURTON,

954 1296 137 32 Returning
1103 1296 93 26 Officer.

654 1357 2 40 |
715 1357 168 26 BOROUGH
907 1359 45 25 OF
981 1359 204 25 ROXBURGH.

654 1426 3 56 |
672 1428 149 54 pUBLIC
837 1429 126 27 NOTICE
981 1432 25 23 Is
1031 1431 99 32 Hereby
1152 1430 74 26 Given

749 1473 53 25 that
818 1477 24 21 at
858 1482 13 16 a
883 1476 105 30 meeting
1003 1477 25 24 of
1040 1476 41 25 the
1093 1473 134 33 Roxburgh

655 1517 2 35 !
670 1517 108 31 Council,
798 1519 55 25 held
869 1527 29 17 on
918 1520 41 25 the
975 1521 64 24 22nd
1058 1521 48 31 day
1126 1521 25 24 of
1167 1520 45 26 Feb-

671 1570 82 25 ruary,
768 1564 69 29 1881,
856 1564 20 25 it
892 1572 48 18 was
956 1565 203 26 resolved—That
1179 1564 18 26 it
1208 1565 19 25 is

670 1607 128 31 expedient
813 1611 24 21 to
860 1609 87 31 supply
972 1609 40 24 the
1034 1609 150 25 inhabitants
1204 1609 25 24 of

655 1651 3 45 |
671 1651 41 24 the
722 1651 51 24 said
784 1652 114 33 Borough
909 1653 59 25 with
976 1662 29 16 an
1015 1654 117 32 adequate
1144 1653 83 33 supply

655 1694 3 36 |
671 1694 27 25 of
716 1703 60 23 pure
799 1700 80 26 water,
896 1698 30 30 by
944 1699 164 30 constructing
1131 1706 14 16 a
1161 1697 66 24 small

655 1738 3 42 j
671 1738 105 35 filtering
792 1740 139 33 Reservoir,
952 1745 25 22 to
989 1742 104 25 conduct
1105 1741 41 26 the
1159 1744 70 23 water

655 1785 2 36 i
671 1785 130 26 therefrom
821 1786 31 32 by
867 1795 82 17 means
965 1789 25 22 of
1005 1789 159 32 water-pipe*
1182 1789 45 24 laid

655 1829 1 38 j
670 1829 71 34 along
753 1831 215 27 Scotland-street.

654 1877 3 56 |
694 1881 49 24 For
769 1882 49 25 this
841 1890 103 24 purpose
966 1883 19 24 it
1015 1883 19 24 is
1056 1884 115 24 infended
1204 1887 23 21 to

654 1929 39 28 ito
711 1926 93 26 borrow
830 1927 40 25 the
888 1936 53 16 sum
969 1928 27 25 of
1022 1929 59 26 Five
1112 1929 114 26 Hundred

654 1970 1 36 |
671 1970 97 25 Founds
787 1971 101 31 (£500),
906 1981 30 16 on
954 1973 40 24 the
1017 1974 106 32 security
1145 1974 25 24 of
1186 1974 41 24 the

654 2014 1 33 ■
668 2014 65 25 Rent
749 2015 26 24 of
790 2016 168 31 Endowment,
983 2017 65 25 Rent
1062 2018 28 24 of
1102 2018 122 29 Reserves,

654 2058 1 36 :
669 2058 118 32 Licenses,
811 2060 82 31 Rates,
918 2061 58 30 (and
1003 2062 92 32 Special
1110 2063 73 24 Rates
1209 2064 16 22 if

654 2096 1 42 j
668 2104 131 33 required),
825 2105 46 25 and
898 2105 49 26 also
983 2106 42 24 the
1055 2106 170 31 Waterworks,

668 2147 67 26 whan
762 2150 146 26 AjLuideted.--
1085 2176 22 5 _

696 2193 78 25 Dated
789 2194 47 24 this
853 2194 35 24 Ist
898 2193 45 32 day
956 2194 24 24 of
992 2194 93 29 March,
1099 2195 64 23 18S1.

846 2244 111 26 JAMES
973 2244 190 31 BEIGIITON,

1095 2284 95 30 Mayor.

709 2346 161 24 BOROUGH
902 2347 42 23 OF
974 2346 204 25 ROXBURGH.

841 2439 123 25 NOTICE
987 2440 24 23 Is
1027 2439 101 32 Hereby
1142 2440 79 23 Given

746 2485 53 23 that
821 2484 94 25 Frank
945 2484 115 25 lliscock
1082 2484 31 25 ha
1128 2484 16 25 3
1159 2484 61 25 been

661 2528 60 33 duly
736 2529 131 32 appointed
883 2537 14 17 a
908 2529 124 32 Registrar
1046 2530 24 24 of
1084 2529 68 32 Dogs
1163 2529 58 32 (eice

662 2573 131 23 Constable
812 2573 100 24 William
931 2574 68 29 Pool,
1022 2574 128 30 resigned),
1169 2575 48 22 and

662 2618 41 26 the
725 2618 161 33 Registration
900 2618 73 26 Office
986 2619 20 25 is
1022 2618 106 26 situated
1140 2621 25 23 at
1178 2619 40 25 the

1231 2655 1 7 1

662 2664 141 31 Registrar's
826 2665 142 30 Residence,
1000 2665 114 24 Scotland
1136 2668 82 26 street,

662 2707 147 33 Roxburgh;
832 2709 50 24 also
909 2709 53 24 that
989 2709 40 25 the
1054 2709 51 25 said
1128 2709 89 24 Fhank

662 2752 111 25 Hiscocc
798 2754 43 24 has
857 2754 60 24 been
941 2754 60 32 duly
1024 2754 132 32 appointed
1175 2754 42 24 Iu-
1230 2752 1 34 ;

660 2802 94 28 spector
779 2799 25 24 of
829 2799 132 24 Nuisances
976 2801 39 24 for
1036 2800 41 24 the
1094 2799 121 32 Borough,
1229 2799 1 32 '

658 2842 127 30 aforesaid,
801 2844 76 23 under
889 2844 40 24 tho
946 2844 133 31 Municipal
1097 2845 116 30 Corpora-
1226 2837 4 38 j

672 2886 5 5 .

659 2889 64 22 turns
742 2888 52 30 Act,
812 2888 67 25 1870.

689 2943 80 25 I>ated
781 2946 24 22 at
826 2944 134 32 Roxburgh
983 2945 49 24 tins
1051 2946 57 25 28th
1130 2947 46 31 day
1190 2946 23 24 of

661 2987 130 31 February,
805 2988 66 24 1881.

826 3038 112 25 JAMES
953 3039 186 34 BEIGHTON,

1089 3086 90 30 Mayor.

699 3141 165 28 BOROUGH
898 3145 41 24 uJ\f
970 3145 195 26 ROXBURGH-

660 3211 163 48 IyrOTICE
892 3214 99 33 Hereby
1016 3215 79 26 Given
1111 3215 51 26 that
1182 3224 31 16 on

757 3258 48 25 and
816 3259 62 24 after
898 3259 42 24 the
960 3261 37 23 Ist
1010 3260 94 30 March,
1123 3269 90 16 owners

659 3298 24 23 of
699 3298 164 31 unregistered
877 3298 59 32 doga
958 3299 49 25 will
1032 3300 28 24 be
1083 3300 130 31 proceeded

658 3338 93 32 against
764 3338 101 25 without
881 3338 95 25 further
988 3340 87 23 notice.

839 3383 109 27 JAMES
968 3383 183 32 BEIGHTON,

1087 3423 95 30 Mayor.

717 3479 165 24 BOROUGH
897 3479 42 23 OF
952 3479 198 25 ROXBURGH.

658 3557 51 46 'VJ
716 3556 100 27 OTICE
840 3558 24 25 la
889 3558 98 34 llerel&y
1010 3559 78 25 Given
1105 3561 52 24 that
1179 3568 30 17 on

745 3603 48 24 and
817 3603 63 25 after
901 3604 49 24 tb-is
976 3605 63 29 date,
1061 3604 88 25 Poison
1172 3605 38 23 for

654 3646 102 26 Rabbits
769 3646 46 25 will
826 3646 28 25 be
865 3646 47 26 laid
932 3655 30 16 on
986 3648 33 24 all
1040 3648 70 24 lands
1125 3648 83 24 within

653 3691 41 25 the
709 3691 114 32 Borough
835 3691 26 26 of
872 3691 141 33 Roxburgh,
1030 3692 123 32 including
1168 3691 41 26 the

654 3737 141 26 Recreation
811 3736 111 25 Reserve.

811 3781 109 27 JAMES
937 3782 182 31 BEIGHTON,

897 3821 88 32 Mayor
1000 3822 26 25 of
1039 3821 140 33 Roxburgh.

685 3865 141 32 Roxburgh,
843 3865 41 26 Bth
898 3865 130 33 February,
1042 3868 66 23 1881-

700 3928 189 26 ROXBURGH
911 3929 134 25 JOCKEY
1066 3929 94 25 CLUB.

670 4019 18 26 A
727 4019 160 27 MEETING
902 4023 24 23 of
943 4022 144 24 Committee
1110 4020 47 25 will
1181 4021 29 25 be

739 4065 56 25 held
808 4073 25 17 at
844 4066 127 25 Ormond's
985 4066 85 29 Hotel,
1086 4067 24 24 at
1126 4068 15 21 8
1150 4074 59 23 p.m.

651 4116 31 16 on
696 4108 193 33 SATURDAY,
909 4109 42 26 sth
961 4109 132 25 MARCH.

680 4162 135 25 Business:
833 4163 37 26 To
889 4165 56 25 take
967 4166 63 30 steps
1051 4164 37 25 for
1099 4164 107 32 securing

651 4206 111 32 fteservo,
774 4208 43 28 &c,

928 4252 26 26 C.
975 4252 25 26 L.
1021 4252 103 31 WEBB,

960 4296 210 25 Vice-President.

1247 177 30 42 J?
1342 175 71 24 MOA
1447 174 83 25 FLAT
1562 173 134 25 SCHOOL.

1247 269 163 63 Churcii
1428 269 41 24 of
1480 267 166 25 England
1660 268 143 24 service

1322 312 56 24 Will
1399 312 28 24 be
1451 312 56 23 held
1522 312 25 22 in
1569 312 41 22 the
1628 312 74 24 above
1718 311 86 24 School

1247 364 70 24 every
1331 354 133 27 SECOND
1476 354 139 26 SUNDAY
1625 355 24 23 in
1659 355 40 24 the
1709 355 92 25 month.

1570 408 29 24 C.
1632 408 140 24 COOPER.

1351 468 137 25 WESLEY
1491 469 42 24 AN
1562 468 152 25 CIRTtCif.

1265 572 18 23 A
1335 571 65 24 TEA
1432 573 17 21 &
1476 571 144 24 SERVICE
1647 572 41 23 OF
1719 572 87 25 SONG

1365 615 145 30 ("Jessica's
1523 615 64 25 First

1401 659 57 24 Will
1471 660 27 23 be
1510 660 72 31 given
1592 660 24 23 in
1629 660 41 24 the

1248 710 261 31 ATHENAEUM,
1542 711 264 33 ROXBURGH,

1517 766 32 15 ON

1271 802 194 30 THURSDAY,
1489 803 64 24 17m
1573 803 130 30 MARCH,
1721 805 68 23 3881.

1340 896 48 26 Tea
1399 905 31 17 on
1441 896 41 26 the
1497 896 76 26 Table
1585 900 24 22 at
1622 899 12 23 G
1645 907 58 24 p.m.

1281 988 95 25 Tickets

1677 993 25 22 3j
1715 991 65 25 each.

1381 1055 25 23 N
1438 1056 20 23 O
1491 1056 21 23 T
1545 1056 13 23 I
1590 1058 19 23 C
1641 1059 20 22 E
1674 1074 6 5 .

1274 1126 17 23 A
1339 1126 154 25 MEETING
1509 1128 47 24 will
1585 1129 30 23 be
1639 1129 55 24 held
1721 1131 26 22 at
1771 1129 35 25 the

1345 1169 92 25 Robert
1451 1170 79 25 Burns
1541 1171 81 30 Hotel,
1638 1172 57 24 Moa
1707 1173 62 30 Flat,
1782 1181 24 16 on

1253 1213 185 26 SATURDAY
1451 1214 101 33 NEXT,
1569 1215 121 27 MARCH
1707 1217 56 32 stb,
1777 1216 29 27 for

1254 1258 40 23 the
1307 1266 103 23 purpose
1422 1259 25 24 of
1460 1259 83 30 taking
1555 1262 63 29 steps
1634 1263 24 21 to
1673 1265 39 26 get
1726 1269 31 22 up
1771 1262 35 23 the

1255 1301 93 25 Ettrick
1362 1302 100 24 Annual
1473 1303 83 24 Races.

1283 1352 50 24 The
1345 1352 122 25 Members
1479 1353 27 25 of
1515 1353 41 25 the
1573 1354 135 31 Roxburgh
1721 1355 85 32 Jockey

1255 1397 60 25 Club
1329 1405 39 17 are
1378 1398 155 31 respectfully
1544 1399 126 31 requested
1683 1404 24 19 to
1719 1401 87 24 attend.

1296 1463 110 25 OTAGO
1423 1463 205 26 EDUCATION
1646 1464 122 25 BOARD.

1254 1541 28 27 ft
1289 1540 147 27 TENDERS
1448 1542 49 24 will
1508 1542 28 24 be
1547 1542 108 25 received
1665 1542 36 24 till
1714 1542 92 24 TUES-

1261 1570 33 31 J-
1327 1585 78 30 DAY,
1442 1587 50 23 Bth
1531 1586 130 30 MARCH,
1699 1587 36 24 for
1773 1585 33 25 the

1255 1629 113 25 Erection
1392 1629 29 24 of
1441 1629 86 26 School
1552 1629 127 33 Buildiuga
1704 1632 25 21 at
1752 1629 54 25 Bald

1256 1674 51 24 Hill
1324 1675 62 23 Flat.
1418 1675 73 24 Plans
1515 1676 48 22 and
1587 1676 179 30 Specifications
1788 1679 18 19 to

1256 1717 28 25 be
1300 1726 55 16 seen
1375 1720 24 21 at
1421 1717 42 24 the
1479 1717 169 32 Schoolhouae,
1665 1719 141 33 Roxburgh,

1255 1763 47 26 and
1314 1763 40 25 Mr
1367 1763 100 32 Fraer'a,
1481 1763 137 26 Lawrence.

1517 1814 28 24 P.
1564 1814 30 24 G.
1610 1814 126 32 PRYDE,

1649 1858 134 28 Socretary.

1338 1918 176 26 POSTAL
1556 1917 179 26 NOTICE.

1396 1982 95 23 MAILS
1522 1980 127 25 CLOSE—

1286 2023 49 23 For
1361 2022 95 25 Millers
1484 2022 63 28 Flat,
1580 2022 139 24 Horseshoe
1745 2022 61 24 Bend

1254 2055 63 25 Raes
1344 2055 125 30 Junction,
1503 2055 142 30 Beaumont,
1679 2055 127 28 Lawrence,

1254 2088 124 30 Dunedin,
1392 2089 54 28 &c.,
1458 2095 73 22 every
1548 2087 119 31 Tuesday,
1683 2088 123 31 Thursday

1252 2121 45 25 and
1315 2121 126 31 Saturday,
1455 2123 24 22 at
1490 2119 14 26 7
1513 2128 44 16 a^m

1286 2154 47 21 Fap
1355 2154 56 24 Coal
1437 2154 85 26 Creek.
1550 2154 61 24 BaM
1638 2154 60 30 HID,
1727 2154 64 24 Manu-

1253 2181 99 30 herikia,
1378 2187 83 26 Clyde,
1489 2189 46 16 wj
1545 2190 77 19 uwui,
1648 2184 73 22 Ar.-o.
1736 2204 6 8 ,
1757 2193 36 22 j*-.
1804 2181 2 34 \

1253 2215 169 30 Queen3town,
1435 2221 73 24 every
1525 2214 116 31 Monday,
1655 2215 151 32 Wednesday,

1251 2248 45 24 aud
1309 2246 97 30 Friday,
1420 2253 24 18 at
1456 2247 13 24 7
1479 2254 56 22 p.m.

1393 2297 96 21 MAILS
1524 2297 149 21 ARRIVE—

1283 2333 70 24 From
1364 2332 113 24 Dunedin
1491 2333 47 23 and
1552 2333 169 23 intermediate
1734 2334 72 22 offices

1253 2374 71 22 every
1339 2365 114 31 Monday,
1467 2365 161 32 Wednesday,
1648 2365 47 24 and
1713 2365 93 32 Friday,

1253 2409 22 20 at
1286 2406 52 22 f>.3o
1348 2413 54 23 p.m.

1284 2437 73 25 From
1384 2438 162 28 Qaeenstown
1573 2437 44 23 and
1644 2436 162 26 intermediate

1252 2470 78 24 olllces
1348 2478 73 22 every
1442 2470 117 32 Monday,
1589 2469 156 31 Wednesday,
1764 2471 42 23 and

1254 2510 94 32 Friday,
1361 2514 24 19 at
1397 2511 54 22 7.45
1463 2518 58 22 p.m.

1363 2553 171 24 EUROPEAN
1563 2554 125 21 MAILS—

1281 2590 52 24 The
1348 2594 59 21 next
1419 2590 100 32 English
1536 2591 46 22 aud
1604 2590 124 30 European
1742 2591 54 22 mail

1250 2624 38 25 via
1313 2625 45 24 San
1379 2624 133 29 Francisco,
1533 2624 74 24 closes
1626 2633 30 15 on
1681 2624 123 32 Thursday

1248 2659 57 22 •24th
1328 2658 91 28 March,
1446 2660 25 21 at
1495 2659 12 22 7
1537 2666 53 15 a.m.
1592 2658 120 30 —Money
1735 2659 69 22 order

1248 2691 110 31 previous
1368 2690 57 31 days
1432 2692 25 21 at
1468 2692 15 21 4
1491 2697 68 24 p.m.,
1572 2690 46 24 aud
1627 2690 128 31 registered
1764 2690 39 24 the

1247 2725 81 22 letters
1341 2726 25 21 at
1387 2726 17 20 G.
1420 2723 151 30 p.m.—Suez
1595 2724 57 23 Mail
1676 2723 74 23 closes
1771 2732 30 15 on

1247 2757 119 29 Tuesday,
1387 2757 42 23 bth
1448 2756 93 30 March,
1558 2759 24 20 at
1599 2756 14 26 7
1625 2764 57 16 a.m.

1472 2800 139 26 THOMAS
1632 2800 92 30 COOP,

1613 2838 155 26 Postmaster.

1274 2872 58 24 Post
1349 2872 81 28 Office,
1447 2871 141 31 Roxburgh,

1306 2906 34 24 Ist
1352 2906 90 30 March,
1461 2907 9 23 J
1477 2906 51 23 881.
