2540 4050
104 90 2399 177 THE

104 267 379 69 NEW
609 267 884 69 ZEALAND
1619 267 884 69 GAZETTE

104 336 2399 69 AND

104 405 1143 69 WELLINGTON
1361 405 1142 69 SPECTATOR.

2303 644 92 41 [Vol.
2416 649 35 30 V.

829 497 221 39 PUBLISHED
1094 501 133 40 EVERY
1271 506 254 39 WEDNESDAY
1572 512 205 40 MORNING.

711 612 109 31 PORT
841 614 257 41 NICHOLSON,
1115 617 263 36 WEDNESDAY
1399 624 211 40 MORNING,
1631 630 110 31 JUNE
1767 637 46 33 12,
1841 638 88 32 1844,

132 603 64 30 No.
218 605 90 36 348.)

1911 730 1 25 I
2163 734 104 22 Notice.

1915 762 146 46 A^a\
2077 763 94 25 FILLY
2191 767 39 22 has
2244 769 57 23 been
2320 779 28 14 on
2367 780 37 21 my
2421 781 41 14 run
2483 779 25 17 at

2004 792 151 25 iJerhampore
2172 793 33 22 for
2224 802 61 17 some
2303 798 53 23 time
2372 803 54 21 past.
2459 801 49 23 The

2077 824 26 34 ?J
2105 824 11 14 6
2311 831 14 14 a
2342 825 131 29 description
2484 828 29 22 of

1924 844 38 18 the
1979 849 68 15 same.
2076 844 24 21 If
2111 849 40 17 not
2168 846 93 24 claimed
2278 850 77 23 within
2368 859 41 15 one
2425 854 78 22 month

1922 867 57 22 from
1990 868 43 22 this
2042 870 58 26 date,
2111 871 40 22 she
2166 873 44 21 will
2225 874 27 22 be
2268 876 50 22 sold
2332 881 23 18 to
2370 886 41 18 pay
2421 887 80 17 expen-

1923 899 42 16 ces.
1995 895 76 28 Apply
2082 900 22 18 to
2449 895 14 12 *

2238 927 96 25 George
2345 930 74 29 Duke,

1950 979 55 28 May
2014 983 33 25 23,
2059 983 60 22 1844.
2320 962 154 30 Berhampore.

1920 1031 300 49 HWOOULDOM,
2237 1038 208 32 chimney-sweeper
2456 1045 46 21 and

1984 1061 139 28 •nightman,
2127 1063 58 22 Abel
2195 1065 70 22 Smith
2276 1067 159 27 Street,TeAro
2442 1070 50 22 Flat

1948 1088 84 20 Orders
2042 1089 130 28 punctually
2181 1092 104 22 attended
2296 1096 30 19 to.

1950 1115 143 30 Wellington,
2105 1120 60 22 June
2175 1123 20 25 4,
2206 1124 60 21 1844.

2129 1178 160 28 Stationery.

1920 1206 72 48 C^N
2007 1208 85 28 SALE,
2108 1210 42 22 AT
2163 1212 73 23 THIS
2252 1213 139 25 OFFICE-

1945 1235 20 19 J
1983 1235 111 35 Foolscap,
2106 1237 87 23 various
2203 1239 110 29 qualities,

1945 1261 72 26 Large
2028 1261 61 23 thick
2097 1268 56 23 post,
2165 1271 60 16 wove
2236 1267 44 22 and
2290 1268 52 26 laid,

1944 1286 60 22 Thin
2012 1292 55 23 post,
2204 1292 63 28 ditto,

1944 1312 56 23 Fine
2011 1314 58 22 Bath
2077 1320 55 23 post,
2144 1317 46 27 gilt,

1944 1340 154 29 Antiquarian,
2107 1343 107 29 imperial,
2221 1346 70 30 royal,
2301 1348 46 22 and
2354 1349 62 27 demy
2426 1352 70 24 draw-

1916 1372 39 20 ing
1964 1374 75 21 paper,
2285 1364 6 14 '
2396 1364 6 16 f
2404 1364 12 14 *

1944 1392 71 24 Quills
2024 1395 44 22 and
2077 1403 62 20 pens.

1944 1419 69 23 Small
2023 1421 58 23 hand
2091 1423 46 22 and
2146 1423 53 29 shop
2209 1433 75 21 paper,

1941 1445 73 28 Royal
2028 1447 67 28 hand,
2108 1450 79 23 double
2202 1452 59 25 hand
2278 1454 80 26 brown,
2370 1458 43 22 and
2430 1460 63 20 royal

1914 1473 76 22 brown
2001 1476 112 27 wrapping
2122 1484 75 21 paper,
2454 1473 14 14 J
2487 1485 2 6 •

1941 1499 97 28 Ledgers
2048 1503 44 21 and
2103 1509 94 18 account
2206 1506 76 28 books,
2293 1509 88 23 various
2390 1511 61 25 sizes.

1940 1525 105 30 Message
2056 1529 71 26 cards,
2409 1535 5 6 '
2445 1528 6 15 '

1940 1552 109 24 Coloured
2059 1563 84 21 papers,

1939 1579 72 27 Sugar
2021 1588 83 21 papers,

1939 1605 58 23 Note
2005 1614 86 22 papers,

1939 1632 172 26 Memorandum
2122 1637 76 26 books,

1939 1659 125 30 Portfolios,

1938 1685 142 31 Penholders,

1938 1713 132 29 Envelopes,

1939 1739 130 30 Inkstands,

1937 1766 67 23 Brief
2014 1769 43 21 and
2068 1769 57 24 deed
2134 1779 73 23 paper,

1937 1793 75 23 Ruled
2020 1803 68 20 paper
2095 1797 35 22 for
2141 1799 38 22 bill
2188 1800 74 28 heads,

1937 1821 81 28 Ebony
2027 1823 77 28 rulers,

1936 1847 78 23 Letter
2024 1850 44 21 and
2077 1851 39 22 bill
2125 1852 56 28 files,

1937 1874 44 22 Ink
1993 1876 45 22 and
2047 1877 40 22 ink
2095 1879 107 29 powders,

1936 1901 71 23 Black
2016 1903 50 22 lead
2077 1906 91 26 pencils,

1934 1928 68 22 India
2011 1931 86 28 rubber,
2110 1932 76 28 bottle,
2197 1935 43 22 and
2249 1941 85 23 patent,

1934 1955 70 28 Ivory
2012 1957 81 23 folders
2104 1960 44 21 and
2158 1960 87 29 knives,

1934 1982 90 22 Invoice
2034 1984 71 23 books
2115 1986 54 23 with
2178 1988 97 30 indexes,
2287 1992 87 22 various
2384 1995 61 25 sizes,

1934 2011 57 19 Cash
2000 2011 70 22 books
2079 2012 64 23 ruled
2152 2014 87 28 double,
2251 2018 88 24 various
2350 2019 55 24 sizes

1934 2037 89 26 Sponge
2031 2037 44 22 and
2085 2039 85 28 wafers,
2405 2038 9 10 *

1933 2061 76 23 Wafer
2019 2066 90 26 stamps,

1933 2088 71 23 Black
2012 2089 57 23 lines
2078 2092 34 21 for
2120 2093 66 22 letter
2202 2095 93 29 writing,

1932 2115 90 28 Oblong
2030 2117 90 29 clasped
2129 2122 169 23 memorandum
2308 2125 78 27 books,

1931 2145 81 19 Ladies
2031 2145 44 21 and
2084 2146 147 26 gentlemen's
2246 2151 52 22 card
2313 2160 67 15 cases.

1904 2195 61 22 cards
2089 2180 12 13 °
2236 2176 70 26 tJnted
2315 2180 45 21 and
2369 2181 106 24 eniboaße<
2475 2183 8 23 *

1930 2223 102 27 Message
2042 2225 69 28 cards,

2154 2293 90 21 Seeds.

1919 2322 18 22 A
1969 2322 84 23 VERY
2069 2324 154 24 SUPERIOR
2237 2329 45 21 and
2292 2331 99 22 valuable
2401 2338 79 18 assort.

1902 2352 51 17 U.X.
1981 2353 62 19 ment
2059 2352 26 21 of
2099 2352 61 22 fresh
2177 2353 67 23 Seeds
2258 2356 47 26 just
2319 2360 107 26 received,
2443 2361 37 23 the

1901 2377 47 18 first
1965 2377 26 20 of
2006 2383 14 14 a
2034 2378 89 26 regular
2137 2380 86 27 supply,
2233 2388 49 16 now
2299 2390 29 16 on
2345 2386 45 21 sale
2404 2390 23 18 at
2444 2387 37 24 the

1903 2404 68 19 Omce
1991 2404 26 19 of
2033 2404 43 21 this
2095 2405 70 27 Paper
2185 2407 28 27 by
2228 2408 38 22 the
2287 2411 153 27 undersigned,
2456 2414 24 23 in

1901 2432 120 23 quantities
2030 2434 22 18 to
2062 2435 43 18 suit
2113 2433 131 26 purchasers
2251 2443 6 14 :

1928 2460 124 29 Carraway,
2063 2462 46 23 Dill
2118 2464 46 22 and
2173 2465 90 29 Burnet,

1927 2487 43 21 Sea
1981 2487 53 28 cale,
2046 2496 126 22 asparagus,
2182 2497 78 24 carrot,
2271 2496 46 21 and
2330 2498 93 26 parsnip,

1927 2514 95 27 English
2031 2515 50 23 leek
2090 2518 46 21 and
2145 2519 72 26 onion,
2230 2521 94 28 Spanish
2336 2524 34 22 do.

1929 2542 121 25 Vegetable
2066 2550 94 16 marrow
2174 2546 42 22 and
2225 2547 54 28 long
2292 2550 86 28 prickly
2387 2559 89 16 cucum-

1926 2594 145 29 Cauliflower,
2081 2597 86 29 endive,
2178 2600 44 21 and
2235 2601 80 29 celery,

1926 2621 118 27 Virginnia
2060 2624 98 28 tobacco,
2173 2627 151 29 mignionette,
2343 2631 45 22 and
2411 2636 66 20 sweet

1899 2654 59 19 peas,

1925 2674 39 24 All
1974 2681 56 20 sort?
2040 2677 25 21 of
2071 2678 84 26 garden
2165 2680 45 21 and
2219 2681 53 22 field
2281 2682 104 29 cabbage,

2050 2731 24 8 *,
2078 2704 35 22 do#
2195 2707 28 22 do
2225 2723 6 6 -
2288 2711 79 27 turnip,

1924 2728 39 22 All
1972 2732 55 20 sorts
2036 2731 26 21 of
2068 2731 89 28 lettuce,
2168 2733 69 29 salad,
2248 2736 44 21 and
2304 2736 90 30 brocoli,

1924 2758 39 18 All
1972 2759 57 19 sorts
2038 2758 26 21 of
2067 2758 76 28 lupins
2153 2761 44 21 and
2205 2763 150 27 nasturtiums,

1923 2783 40 21 AH
1972 2787 58 18 sorts
2039 2784 25 22 of
2071 2790 67 18 sweet
2150 2786 70 28 herbs,

1925 2809 49 22 One
1984 2809 102 24 hundred
2095 2812 77 23 choice
2182 2815 87 22 varities
2281 2816 28 21 of
2322 2817 73 24 flower
2407 2820 64 23 seeds

1923 2838 22 20 A
1955 2843 54 21 very
2024 2838 101 23 valuable
2141 2845 129 18 assortment
2285 2843 26 21 of
2324 2844 58 23 fresh
2397 2846 77 24 choice

1896 2868 84 20 grasses
1988 2863 36 23 for
2031 2865 146 26 gentlemen's
2190 2867 69 24 lawns
2275 2870 43 21 and
2334 2872 140 26 agricultural

1896 2896 110 21 purposes,
2037 2905 3 7 .

1923 2927 110 28 Cabbage,
2062 2928 91 29 brocoli,
2181 2931 104 29 rhubard,
2315 2935 71 27 onion,
2414 2936 59 26 leek,

1894 2955 82 21 lettuce
1995 2955 80 27 plants,
2092 2957 49 26 &c,
2161 2964 50 16 now
2228 2960 70 27 ready
2317 2965 22 18 to
2357 2961 28 23 be
2402 2966 71 21 trans-

1892 2983 99 25 planted,
2002 2983 72 21 raised
2084 2983 56 23 from
2150 2985 94 28 samples
2255 2987 26 21 of
2289 2987 62 23 these
2362 2989 68 24 seeds.

1979 3035 6 5 .
2298 3014 34 23 W.
2348 3015 92 25 Moody.

1920 3034 99 22 October
2028 3037 19 26 6,
2060 3037 62 21 1843.

1890 3089 43 21 nn
1936 3089 45 22 HE
2003 3091 79 26 Nfilson
2103 3093 116 21 Examiner
2242 3096 42 20 and
2304 3097 53 20 New
2378 3099 93 22 Zealand

1896 3115 28 22 X
1962 3117 110 21 Chronicle
2087 3119 124 30 (published
2220 3124 24 19 at
2252 3115 101 35 Nelson,)
2368 3124 19 23 is
2404 3132 66 18 rejyu-

1886 3142 57 28 lariy
1961 3145 138 22 transmitted
2115 3149 24 18 to
2155 3146 143 30 Wellington,
2317 3150 45 22 and
2376 3159 50 19 may
2440 3154 29 22 be

1887 3172 42 19 had
1939 3173 24 19 at
1970 3172 39 21 the
2020 3176 62 18 office
2092 3172 26 22 of
2128 3173 44 22 this
2180 3181 74 21 paper.

1911 3201 49 22 The
1969 3203 79 23 Nelson
2056 3204 116 21 Examiner
2186 3206 44 22 will
2240 3207 26 22 be
2276 3208 70 23 found
2355 3217 28 15 an
2394 3213 74 21 excel-

1885 3228 47 25 lent
1940 3229 99 23 medium
2049 3230 35 22 for
2092 3231 138 25 advertisers.

1911 3256 79 22 Terms
2000 3256 33 23 for
2043 3257 37 22 the
2089 3265 75 21 paper,
2219 3260 101 29 shillings
2334 3270 39 20 per
2381 3269 77 21 quarte

1884 3284 93 26 payable
1986 3290 24 15 m
2021 3284 106 23 advance.

1912 3309 82 23 Orders
2016 3310 34 22 for
2068 3310 38 24 the
2129 3319 68 22 paper
2219 3314 44 22 and
2287 3316 182 26 advertisements

1884 3336 102 23 received
1996 3340 23 21 at
2028 3338 37 21 the
2077 3338 71 23 Office
2159 3340 24 21 of
2196 3341 43 22 this
2249 3349 76 21 paper.

2052 3399 77 23 Meat
2139 3406 5 19 ;
2150 3402 148 27 Company.

1885 3430 91 50 THE
1997 3432 233 30 UNDERSIGNED,
2250 3435 83 29 having
2350 3437 55 23 been
2425 3446 38 19 ap-

1957 3458 94 28 pointed:
2062 3458 145 35 Mahajjer'of
2219 3462 37 21 the
2268 3460 64 24 Meat
2340 3464 121 28 Company,

1883 3484 54 28 begs
1946 3488 22 19 to
1978 3493 118 16 announce
2104 3486 51 25 that
2167 3495 14 15 a
2189 3488 88 28 regular
2285 3490 77 27 supply
2371 3491 24 21 of
2404 3491 57 28 neef,

1883 3514 94 25 mutton,
1998 3512 45 23 and
2059 3512 57 30 p6rk
2117 3515 4 8 t
2125 3519 4 12 Ifcnay1
2129 3518 54 24 fcnay
2201 3516 81 27 always
2294 3519 5 9 :
2299 3516 28 22 be
2346 3516 117 29 depended

1883 3545 60 21 upon
1953 3542 24 19 at
1986 3538 47 23 this,
2040 3540 172 24 establishment.

1911 3570 33 22 As
1966 3570 44 23 this
2033 3572 115 29 Company
2163 3578 107 28 purposes
2288 3574 78 27 selling
2384 3579 22 18 at
2424 3577 37 22 the

1882 3596 78 23 lowest
1967 3597 71 29 prices
2049 3603 29 21 at.
2085 3599 73 23 which
2165 3601 19 21 it
2191 3599 24 24 is
2223 3600 71 22 found
2303 3600 36 24 the
2349 3605 58 19 meat
2421 3611 40 16 cau

1882 3624 29 22 be
1921 3624 107 29 afforded,
2038 3624 38 24 the
2261 3630 7 18 '.
2267 3625 6 11 !
2272 3625 54 30 6nly
2334 3626 126 27 authorized

1883 3654 23 18 to
1915 3651 50 27 give
1970 3659 55 21 very
2031 3651 91 23 limited'
2125 3653 75 26 credit,
2207 3652 46 23 and
2259 3653 40 23 has
2303 3658 58 19 been
2370 3656 92 23 ordered

1882 3681 24 18 to
1920 3682 49 24 stop
1984 3678 37 22 all-
2028 3679 109 22 accounts'
2141 3679 75 22 -which
2230 3686 37 16 are
2275 3686 3 7 l
2282 3679 106 26 nt>tf6afd
2402 3690 58 17 upon

1882 3704 102 23 demand.

1880 3757 3 6 s
1880 3738 76 30 v<|The
1965 3738 100 24 bufline»s
2075 3739 25 22 of
2108 3738 36 23 the
2154 3738 113 30 Company
2275 3740 20 23 is
2305 3742 84 23 carried
2397 3751 29 15 on
2435 3745 25 21 in

1880 3763 59 26 tfteii
1953 3772 51 15 new
2018 3765 113 28 building,.
2136 3768 86 21 erected
2240 3767 100 24 between
2350 3769 110 26 .France's

1967 3791 45 22 and
2031 3791 37 22 the
2080 3791 64 22 'head
2161 3792 25 22 of
2199 3793 38 22 the
2252 3794 56 28 Bay,
2326 3796 44 22 and
2385 3797 78 28 nearly

1880 3818 99 27 opposite
1989 3822 23 18 to
2023 3818 43 25 Mr,.
2077 3818 161 27 LyonVStore.

2151 3853 39 28 W'
2200 3853 101 28 Flyser,
2318 3855 115 28 Manager.

1893 3878 187 27 Nov«rnber.23,l
2091 3879 73 28 S42.,
2244 3879 37 28 X,.

1917 3921 139 36 XANS^pf
2076 3925 38 24 the
2137 3926 69 25 Town
2223 3921 212 35 jo£-W*!uwtam.

1951 3951 66 25 Kan'
2031 3953 26 22 of
2063 3955 36 21 th«
2110 3953 106 24 H»bour
2224 3954 28 24 of
2376 3956 77 29 hi»la.on
2455 3975 6 15 :

758 706 54 21 Por
826 708 58 20 sale
898 709 39 25 by
951 709 109 21 Private
1076 711 139 27 Contract,

701 732 113 24 {Freehold
826 737 103 24 property
945 737 114 26 possessing
1078 738 75 20 almost
1174 740 34 20 the
1231 742 49 25 only

723 760 99 21 available
839 762 42 20 and
894 763 107 25 decidedly
1019 765 35 19 the
1068 765 43 20 best
1126 768 66 18 water
1206 774 72 19 power

722 787 22 20 in
754 788 35 19 the
798 789 86 26 vicinity
897 789 29 27 of
939 791 134 25 Wellington.

696 817 101 49 SUCH
810 824 49 23 part
874 828 24 15 as
918 829 52 20 may
984 823 28 21 be
1030 824 80 31 agreed
1126 832 61 20 upon
1203 826 26 21 of
1241 828 36 21 the

758 847 45 21 Kai
820 847 76 22 Warra
911 849 85 21 section
1014 849 113 32 adjoining
1143 852 39 21 the
1201 853 76 23 Water

694 872 55 25 Fall,
759 879 23 14 so
793 873 47 21 well
852 874 95 27 adapted
958 876 33 21 for
1004 883 15 14 a
1034 872 56 26 flour
1104 885 26 14 or
1148 886 52 15 corn
1221 881 47 22 mill

692 899 125 27 possessirig
834 907 13 15 a
867 901 50 21 shot
935 902 27 21 of
982 904 26 20 18
1029 906 22 18 to
1068 905 27 20 20
1114 905 72 22 feet—
1188 907 52 22 with
1264 916 12 13 a

692 925 88 26 regular
789 927 45 21 and
840 927 102 27 plentiful
951 929 81 27 supply
1041 930 27 21 of
1078 936 73 18 water.

720 956 45 22 The
774 957 73 28 valley
857 959 17 22 is
886 959 134 24 intersected
1029 962 28 26 by
1071 963 57 26 good
1143 965 71 28 roads,
1229 967 46 22 and

693 985 43 19 Kai
747 985 77 21 Warra
835 985 65 22 Point
911 988 130 21 commands
1057 988 37 22 the
1110 990 90 27 deepest
1210 997 65 19 water

691 1016 25 15 in
724 1010 36 22 the
771 1011 109 23 Harbour.

719 1042 42 22 Mr.
774 1042 66 28 Park,
852 1051 112 21 surveyor,
974 1045 45 23 will
1029 1046 62 27 point
1096 1052 39 18 out
1141 1049 38 22 the
1187 1050 86 23 bounds

690 1079 29 4 —
720 1070 43 21 and
774 1070 34 21 for
817 1070 85 23 further
911 1073 137 28 particulars,
1059 1075 65 26 apply
1134 1078 23 19 to

946 1104 114 24 Bethune
1075 1114 46 14 and
1138 1108 107 24 Hunter.

720 1132 142 29 Wellington,
874 1134 60 23 June
942 1137 23 26 4,
975 1138 62 22 1844.

909 1186 145 22 Taranaki.

690 1216 66 48 TO
770 1216 40 23 BE
827 1218 60 22 LET
900 1219 36 22 for
951 1228 14 14 a
979 1224 57 18 term
1051 1230 26 14 or
1086 1223 122 29 otherwise,
1226 1226 44 23 and

749 1245 91 21 entered
850 1252 58 21 upon
918 1247 38 21 the
969 1249 31 19 Ist
1011 1249 26 20 of
1047 1249 54 29 July
1113 1255 53 17 next
1174 1259 5 14 :
1181 1263 27 5 —

714 1269 22 22 A
746 1271 78 26 capital
836 1271 66 23 house
914 1274 46 22 and
974 1275 112 27 premises,
1100 1277 52 22 with
1167 1279 103 25 spacious

689 1299 148 26 store-rooms,
847 1299 80 22 situate
936 1301 25 21 in
970 1301 38 21 the
1018 1301 50 23 best
1075 1308 49 25 part
1132 1304 26 21 of
1169 1304 36 23 the
1212 1310 57 19 town

687 1325 23 19 of
725 1325 54 20 New
794 1325 127 28 Plymouth,
933 1327 42 21 and
991 1328 124 30 admirably
1123 1331 96 28 adapted
1235 1334 34 22 for

687 1357 13 14 a
710 1351 116 21 wholesale
838 1352 43 22 and
892 1353 63 22 retail
969 1353 107 25 business.

670 1382 1 26 |
713 1376 47 22 The
783 1378 62 22 stock
869 1379 26 21 of
915 1380 38 22 the
975 1386 91 22 present
1088 1390 115 22 occupant,
1229 1387 39 22 the

685 1407 87 22 greater
783 1409 51 22 part
843 1405 25 21 of
881 1405 71 23 which
962 1407 39 23 has
1017 1409 68 28 lately
1094 1411 57 22 been
1165 1414 103 22 received

685 1431 55 20 from
751 1431 111 28 England,
874 1433 44 22 and
928 1433 19 23 is
961 1438 40 18 not
1010 1435 68 29 large,
1095 1441 23 18 to
1126 1438 29 23 be
1164 1439 67 22 taken
1245 1445 23 18 at

684 1463 14 14 a
708 1458 119 22 valuation.

711 1483 75 28 Apply
808 1485 58 28 (post
881 1487 62 26 paid)
967 1491 21 19 to
1004 1489 90 23 Messrs.
1117 1492 90 23 Charles
1223 1494 44 22 and

683 1512 77 20 .bdwm
771 1512 72 27 Davy,
855 1512 63 24 Land
929 1515 128 29 Surveyors,
1067 1517 55 23 New
1136 1519 121 26 Plymouth

709 1537 117 28 Taranaki,
838 1539 54 26 May
902 1542 19 25 1,
934 1543 60 21 1844.

861 1593 41 21 Eac

681 1625 157 47 BLACK'S
852 1627 80 27 spades
942 1629 46 22 and
998 1630 94 28 shovels,

757 1652 84 28 Riding
851 1654 86 23 saddles
947 1656 46 21 and
1011 1656 88 29 bridles,
1109 1659 46 27 gig,
1166 1664 47 19 cart
1221 1661 45 23 and

681 1680 80 26 plough
772 1680 98 23 harness.

1020 1710 25 22 P.
1055 1712 33 21 M.
1102 1713 106 28 Hervey,

977 1738 90 23 Custom
1078 1739 77 24 House
1165 1741 75 23 Court.

886 1769 102 16 TERMS—
990 1772 65 17 CASH.

706 1786 141 28 Wellington,
860 1789 54 27 May
923 1791 35 27 21,
970 1792 60 21 1844.

824 1839 40 21 To
878 1840 33 21 be
926 1841 50 21 Let
992 1848 30 15 or
1037 1844 74 24 Sold,

676 1871 51 48 A
739 1871 85 23 GOOD
835 1873 130 23 substantial
972 1876 207 23 weather-boarded
1189 1879 70 27 Store,

741 1899 95 22 situated
845 1899 22 23 in
878 1900 38 22 the
926 1909 68 20 upper
1005 1907 50 24 part
1068 1905 25 21 of
1102 1905 157 23 Willis-street.

676 1925 48 21 The
735 1932 59 15 same
805 1934 50 20 may
866 1927 27 21 be
902 1935 56 21 very
969 1929 70 28 easily
1048 1932 120 21 converted
1185 1933 47 21 into
1247 1941 14 14 a

676 1953 192 26 dwelling-house.
896 1955 45 21 For
956 1957 136 27 particulars,
1109 1959 67 27 apply
1186 1964 22 17 at
1222 1959 38 23 the

675 1978 73 21 Stores
758 1979 26 21 of
791 1979 73 23 Levin
878 1981 21 27 £t
913 1982 48 26 Co.,
972 1982 111 24 Lambton
1095 1985 73 27 Quay.

906 2028 41 20 On
963 2029 70 21 Sale.

673 2055 115 50 FIRST
803 2057 109 28 FLOUR,
927 2066 77 20 grown
1015 2061 45 22 and
1074 2063 86 26 ground
1181 2064 22 22 in
1219 2064 38 22 the

747 2084 93 28 Colony.

849 2119 138 28 Rrdgways,
1005 2122 50 22 Guy
1060 2130 51 20 ton,
1127 2132 48 14 and
1191 2125 38 21 Co.

684 2167 43 21 On
742 2168 69 26 Sale,
827 2175 36 15 ex
1073 2176 54 19 and
1142 2176 100 23 others.

671 2199 110 48 PORK
792 2202 46 21 and
850 2203 82 27 BEEF,
948 2204 60 22 Irish
1019 2206 44 22 and
1073 2207 117 29 Hambro',

743 2227 77 23 Porter
830 2230 44 21 and
884 2230 34 22 ale
928 2231 25 22 in
964 2232 79 28 dozen,

697 2253 97 29 Brandy,
805 2256 45 26 gin,
861 2263 57 21 ruin,
930 2258 44 22 and
984 2260 105 28 whiskey,

697 2280 81 28 Barley
789 2283 45 21 and
843 2284 62 27 bran,

697 2307 73 28 Flour,
782 2308 51 23 Van
842 2310 117 23 Diemen's
972 2312 71 29 Land,
1054 2315 137 29 Valparaiso,
1203 2319 49 25 &c,

696 2334 97 23 Linseed
803 2336 30 22 oil
843 2337 45 22 and
896 2338 65 22 salad
970 2340 37 27 oil,

697 2360 61 23 Pitch
769 2363 46 22 and
824 2367 41 25 tar,
876 2365 93 27 vinegar
977 2367 47 22 and
1034 2369 57 26 zinc,

695 2388 103 32 Candles,
810 2397 49 16 wax
869 2392 43 21 and
921 2393 82 27 tallow,

695 2415 87 27 Covers,
794 2417 69 28 drills,
873 2418 140 29 huckaback,
1026 2423 51 26 tick,

694 2442 86 23 Roman
791 2450 96 21 cement,
897 2453 89 20 canvas,
998 2448 89 29 dowlas,

694 2469 116 28 Carraway
819 2472 58 27 seed,
889 2473 57 22 nails
956 2475 26 20 of
989 2475 30 21 all
1030 2476 151 28 descriptions,

692 2498 165 27 -barthenware,
864 2500 67 22 slates
941 2501 45 21 and
996 2503 54 21 nail.

693 2522 57 23 Pilot
760 2524 66 28 cloth,
838 2526 103 28 flushing,
953 2528 116 29 moleskin,

692 2550 127 28 Chocolate,
829 2554 125 30 yermeceli,
963 2558 122 27 macaroni,

691 2576 124 24 Leather—
817 2579 37 28 kip
864 2581 45 21 and
918 2581 54 27 sole,
984 2583 67 23 white
1061 2585 59 28 lead,

692 2604 79 28 Claret,
781 2610 57 24 port,
852 2608 42 20 and
906 2608 78 28 sherry
993 2610 65 26 wine.

691 2630 142 30 Champagne
842 2634 44 22 and
895 2635 81 28 cherry
989 2636 93 30 brandy,

690 2657 84 29 Butter,
785 2660 69 28 pipes,
865 2663 130 28 carpetting,

690 2684 71 29 Glass,
773 2692 68 22 paper
852 2688 116 29 hangings,
979 2692 129 29 stationery,
1116 2697 23 20 at

891 2716 22 24 J.
929 2717 123 26 B,ouecott
1068 2721 20 20 &
1102 2721 63 22 Co.'s

688 2766 29 9 Trr
730 2766 23 9 ii.
1025 2746 112 24 Lambton
1148 2749 73 26 Quay.

688 2766 143 28 Wellington,
842 2769 53 27 May
906 2772 34 25 28,
953 2773 61 21 1844.
1198 2761 15 17 y

834 2821 79 23 Land
928 2825 30 20 to
974 2826 95 22 Lease.

662 2851 120 49 TOWN
798 2860 45 14 and
859 2853 147 26 COUNTRY
1021 2857 104 24 LANDS
1136 2860 41 22 TO
1187 2862 60 23 LET

737 2885 28 15 on
775 2880 167 27 advantageous
952 2886 68 20 terms
1027 2884 25 22 in
1064 2886 31 21 all
1104 2891 61 23 parts
1176 2889 26 21 of
1208 2889 37 23 the

658 2905 116 28 Company
782 2913 10 15 s
803 2907 144 24 settlements.

683 2957 30 7 ,
726 2958 22 11 „.
783 2962 8 7 ,
847 2961 5 2 .
890 2935 116 24 Clifford
1021 2945 45 16 and
1081 2940 134 26 Vavasour.

683 2957 144 30 Wellington,
839 2961 62 28 April
911 2964 35 26 24,
959 2965 60 21 1844.

683 3015 144 29 Wellington,
839 3017 55 29 May
903 3020 34 26 20,
951 3021 61 21 1844.

883 3053 42 21 On
939 3054 71 24 Sale,

655 3081 92 48 THE
776 3082 74 22 NEW
873 3083 153 24 ZEALAND
1054 3087 178 26 PORTFOLIO

655 3109 247 39 M-irf^Wfr
920 3111 32 32 ?'
969 3112 14 22 S
985 3128 6 7 '
1011 3114 82 22 Chapm
1094 3123 38 20 an,
1154 3117 37 26 (of
1201 3118 39 23 the

655 3135 85 22 Middle
748 3136 110 28 Temple,)
868 3137 215 27 Bamster-at-Law.

681 3167 43 22 No.
737 3168 47 21 L—
785 3168 23 22 A
823 3168 76 23 Letter
914 3173 23 19 to
956 3170 37 23 the
1012 3171 69 28 Right
1097 3174 63 23 Hon.
1179 3176 61 24 Lord

653 3194 98 28 Stanley,
770 3196 117 27 Secretary
905 3197 28 22 of
948 3198 61 22 State
1029 3199 34 22 for
1081 3200 38 22 the
1139 3202 100 25 Colonial

653 3222 154 26 Department,
819 3222 14 11 '•
840 3223 34 22 On
883 3223 38 23 the
927 3224 189 25 Administration
1121 3229 27 21 of
1151 3229 87 25 Justice

652 3255 23 14 in
685 3247 56 23 New

652 3281 54 36 1.A
703 3289 13 14 0
718 3297 5 6 '
734 3281 13 36 /,
749 3281 12 22 IA~I
799 3282 76 23 Letter
890 3286 23 19 to
926 3284 62 23 John
1003 3286 63 22 Abel
1079 3288 22 21 Sl
1101 3288 57 29 «ith,
1174 3290 62 27 Esq.,

652 3308 69 28 M.P.,
754 3309 35 21 On
798 3309 39 22 the
843 3310 145 28 Advantages
995 3312 72 23 which
1074 3316 73 21 would
1154 3324 82 17 accrue

650 3338 23 19 to
684 3335 92 27 English
787 3336 124 28 Capitalists
920 3338 57 25 from
989 3339 39 22 the
1038 3342 168 25 establishment
1214 3347 25 21 of

650 3370 14 13 a
672 3363 60 20 Loan
742 3364 103 26 Company
854 3364 34 22 for
895 3366 54 20 New
959 3367 99 28 Zealand,
1070 3369 85 23 similar
1165 3375 24 18 to
1198 3372 38 23 the

649 3388 128 25 Australian
787 3390 67 23 Trust

650 3447 13 9 ■r
677 3420 44 24 No.
831 3423 36 22 An
880 3423 97 24 Address
987 3429 24 19 to
1021 3426 38 24 the
1069 3427 56 24 New
1134 3430 101 24 Zealand

649 3449 69 23 Land
725 3449 137 28 Proprietors
871 3451 98 23 resident
981 3453 26 22 in
1015 3453 39 24 the
1064 3455 85 24 United
1163 3458 80 26 King-,

648 3476 61 26 dom,
720 3483 29 14 on
763 3477 85 22 several
862 3481 93 20 matter*
965 3480 26 22 of
996 3481 139 26 importance
1144 3488 24 18 to
1178 3485 57 22 their

645 3559 24 12 xt
673 3533 14 21 I*o^'""^..^1
688 3533 10 22 *
699 3534 171 37 o^'""^..^
887 3537 26 34 #
915 3543 12 16 c
945 3538 22 33 £
967 3538 37 23 ina
1004 3540 60 22 ncial
1081 3542 114 24 condition
1212 3544 25 22 of

645 3559 59 23 New
845 3563 31 29 by
886 3563 91 24 Charles
986 3564 77 30 Terry,
1074 3568 60 28 Esq.,
1144 3570 88 26 F.R.S.,

647 3589 81 20 f.S.Ai

674 3618 44 23 No.
734 3619 57 22 V.—
792 3622 20 21 l.
1046 3633 29 15 on
1099 3627 141 30 facilitating!

644 3648 142 25 Jb-migration
791 3661 2 10 ,
809 3650 24 20 to
855 3648 56 23 New
935 3650 109 29 Zealand,
1062 3653 30 28 by
1113 3662 78 15 means
1209 3650 33 33 off

642 3672 119 23 Moderate
782 3674 98 28 Charges
894 3676 35 22 for
948 3677 68 23 Chief
1032 3679 44 22 and
1091 3680 151 25 Fore-Gabiu?

645 3700 122 27 Passages.'
804 3701 29 22 In
842 3709 14 14 a
866 3702 77 23 Letter
952 3707 23 19 to
985 3704 90 29 Joseph'
1080 3707 78 23 Somes
1177 3708 52 25 Esq.
1235 3710 3 21 i

643 3724 93 25 &e:&<!.
762 3727 38 27 By
810 3728 34 21 H:
852 3729 21 22 S.
885 3729 123 28 Chapman.
1158 3738 3 5 •
1234 3746 4 5 ,

670 3761 22 21 2.
732 3759 109 23 ALetter
848 3768 29 14 on
888 3756 139 34 BaniSng'in
1037 3764 56 23 New
1103 3757 134 33 Zealand."'

643 3786 35 28 By
688 3785 86 23 Arthur
782 3786 212 31 T.Hobroydit'Esii.
1233 3786 3 18 !

669 3818 45 22 No.
730 3818 70 22 Vl.—
995 3829 31 15 on
1036 3823 37 22 the
1082 3824 155 29 Advantages}

641 3845 27 21 of
680 3852 14 15 a
711 3845 183 28 Representative
908 3845 124 31 Afes&rably
1045 3848 62 26 For'
1107 3848 48 26 New
1170 3853 66 23 Zea-5

640 3871 62 24 land.
704 3871 7 10 1
715 3872 5 9 '
819 3884 151 8 --,_..
985 3887 43 6 —
1028 3888 2 7 ,
1229 3877 7 21 j

668 3898 98 24 General
776 3899 48 24 title
834 3899 46 23 and
889 3900 153 24 introduction
1051 3906 32 19 to,
1081 3904 40 22 the
1130 3905 82 24 Series.
1230 3903 5 20 '<

823 3946 72 16 TRICE
913 3944 121 20 SIXPENCE.
1114 3938 11 20 ',
1188 3938 3 3 '

221 696 55 21 For
290 697 116 23 London
425 700 94 23 direct.

102 731 38 21 The
142 730 54 26 first
206 730 30 19 oil
243 730 54 26 ship,
308 732 42 19 and
356 733 47 20 will
412 736 52 19 meet
473 736 53 19 with
535 736 100 26 dispatch.

231 767 45 32 HP
280 767 43 22 HE
348 769 45 22 fine
417 770 43 22 fast
482 771 81 28 sailing
579 772 83 27 barque

105 791 110 36 M3E&.
236 800 31 15 -*-
382 798 177 26 TUSCAN,

90 819 137 38 /*ffig2»
243 819 95 29 Captaia
357 822 115 30 Blackett;
502 826 44 21 and
571 825 43 22 will
633 826 29 22 be

89 846 139 33 eBSBBM
243 847 69 28 rea^y
330 850 23 20 to
372 856 132 17 commence
522 852 91 27 loading
636 860 25 15 as

89 871 138 28 QS9SF
241 880 55 15 soon
312 882 23 14 as
352 875 37 22 the
404 876 85 23 inward
504 885 64 20 cargo
581 879 19 21 is
617 880 45 22 dis-

86 899 93 26 charged.
199 926 7 5 __
223 900 34 22 As
276 905 49 19 part
344 902 26 21 of
389 902 42 23 her
449 911 66 21 cargo
533 906 19 21 is
570 906 92 28 already

86 926 94 27 engaged,
198 926 130 24 immediate
347 929 133 27 application
498 932 18 21 is
535 939 125 21 necessary.

86 954 35 22 For
129 952 82 27 freight
222 960 26 15 or
256 961 92 21 passage
358 956 67 28 apply
435 961 22 18 to

104 1005 25 9 „.
142 1005 23 6 ...
260 1007 11 7 ,
397 983 83 24 Waitt
491 993 46 14 and
547 986 84 23 Tyseb.

104 1005 140 28 Wellington,
256 1007 60 24 June
325 1009 21 27 5,
358 1010 61 22 1844.

215 1060 55 22 For
283 1061 116 22 London
415 1064 94 22 direct.

246 1094 91 34 npHE
353 1096 44 21 fast
412 1097 79 28 sailing
506 1099 80 26 frigate
601 1100 58 22 built

106 1119 109 31 aKCSRv
251 1125 30 17 -*-
319 1122 49 31 ship
384 1124 100 21 BELLA
500 1127 128 24 MARINA,

103 1159 121 25 %MJMmp
257 1147 26 22 ™*
301 1148 119 29 Asbridge,
438 1153 155 27 commander;
616 1154 41 22 has

87 1175 146 27 j&EsIEMLm.
256 1177 58 19 most
332 1176 25 21 °f
373 1176 42 22 her
435 1178 29 22 oil
484 1181 108 26 engaged,
610 1181 46 22 and

85 1199 152 31 IVhrtffcW
255 1201 45 22 will
315 1201 28 22 be
360 1202 132 29 dispatched
509 1207 61 28 early
585 1208 22 21 in
617 1208 38 22 the

79 1235 73 16 season.
183 1229 49 21 Her
250 1230 203 24 accommodations
471 1233 35 21 for
521 1241 132 21 passengers

80 1262 28 15 are
125 1254 24 21 of
165 1254 40 23 the
217 1258 59 19 most
294 1255 88 28 elegant
401 1257 140 29 description,
558 1261 42 22 and
613 1261 43 22 her

79 1281 68 27 sailing
163 1282 104 27 qualities
277 1289 37 15 are
332 1283 48 22 well
395 1284 90 24 known.
514 1287 44 21 For
573 1288 83 28 freight

79 1316 19 14 or
104 1315 90 21 passage
204 1308 67 28 apply
280 1311 23 19 to
314 1310 61 27 Capt.
387 1312 118 28 Asbridge,
516 1321 25 15 or
548 1319 25 17 to

265 1336 124 24 RIDOWAYS
391 1353 5 11 »
411 1339 107 28 GUYTON,
529 1348 46 16 AND
585 1342 40 22 Co.

98 1361 140 29 Wellington,
250 1362 60 22 June
319 1365 21 25 4,
353 1365 60 21 1844.

243 1422 54 20 For
318 1423 157 25 Auckland,

151 1454 29 19 To
189 1454 41 20 sail
238 1459 28 15 on
276 1455 85 25 Sunday
377 1456 36 19 the
423 1456 51 21 16th
483 1457 28 24 of
519 1458 63 20 June.

81 1480 96 43 '*jS&
217 1487 94 36 HpHE
361 1486 51 24 shA
466 1491 184 24 SYDNEY,

90 1511 106 39 JaKJgfo
224 1511 29 25 -I-
279 1515 93 28 Captain
382 1516 80 23 White.
492 1518 48 22 Has
547 1519 103 27 splendid

230 1543 204 22 accommodations
454 1544 35 22 for
512 1553 137 20 passengers.

72 1565 141 37 PPWPHfc
250 1576 25 14 cr
284 1569 82 28 freight
376 1577 24 14 or
409 1578 93 20 passage
513 1572 66 28 apply
589 1577 21 18 to

40 1593 172 129 ImHHRF
400 1597 81 23 Waitt
492 1606 47 15 and
548 1600 85 22 Tyser.

93 1634 141 27 Wellington,
246 1635 61 23 June
316 1637 20 26 5,
349 1638 60 21 1844.

261 1687 55 21 For
333 1688 114 22 Nelson.

78 1718 99 36 -^^S&
215 1723 93 31 npHE
343 1724 43 22 fast
423 1725 79 28 sailing
539 1727 109 23 schooner

79 1745 117 40 jSk
220 1747 31 24 J-
323 1752 104 21 LADY
449 1754 131 25 LEIGH,

227 1777 95 28 Captain
339 1779 65 27 Reid,
425 1783 23 19 to
467 1781 42 22 sail
528 1782 25 21 in
572 1789 14 15 a
603 1781 44 24 few

69 1801 143 38 flgpJpßfe
227 1806 62 25 days.
334 1805 43 24 For
399 1806 84 28 freight
506 1815 24 15 or
553 1816 92 21 passage

89 1883 25 2 __
128 1883 22 8 „.
381 1859 84 24 Waitt
476 1869 47 15 and
532 1862 84 23 Tyser.

89 1885 140 27 Wellington,
241 1885 61 22 June
311 1887 19 25 5,
346 1888 60 22 1844.

229 1936 45 21 TO
288 1936 181 24 WHALERS.

82 1966 55 25 Boyd
147 1967 70 25 Town,
231 1968 95 25 Twofold
335 1969 53 26 Bay,
399 1971 54 19 New
464 1971 68 21 South
544 1972 76 22 Wales.

67 1997 162 23 Ml?S'i.au
243 1999 83 21 i'efi^cL
341 2000 88 22 or.refifc
444 2004 23 18 at
476 2000 45 23 jiliis
535 2002 108 23 Harbour

65 2028 28 16 kj
121 2023 45 21 free
183 2023 27 21 of
226 2024 29 21 all
272 2025 53 21 Port
346 2025 99 28 charges,
460 2028 105 28 pilotage,
590 2030 49 26 &c,

64 2048 37 22 and
119 2056 40 14 can
176 2050 75 22 obtain
271 2051 69 28 wood,
360 2056 76 23 water,
455 2054 60 22 fresh
535 2055 44 24 and
597 2056 44 22 salt

64 2076 118 25 provisions,
198 2077 135 28 vegetables,
353 2079 49 27 ship
417 2080 128 28 chandlery,
561 2086 77 19 stores,

65 2102 37 22 and
112 2103 56 27 slops
179 2103 26 21 of
216 2112 67 20 every
298 2105 56 22 kind
370 2106 43 22 and
425 2107 143 29 description;
594 2112 46 19 and

62 2129 17 20 if
93 2130 98 27 required
207 2131 39 22 the
263 2133 95 22 services
373 2133 27 22 of
414 2136 149 25 experienced
579 2136 61 28 ship-

64 2156 79 27 wrights
152 2157 46 22 and
206 2158 55 22 boat
276 2158 104 29 builders,
391 2167 61 21 upqn
469 2162 37 26 tlje
517 2166 57 19 most
589 2170 50 15 rea-

62 2183 80 21 jonable
152 2186 75 20 terms.

108 2215 55 22 N.B.
165 2227 27 4 —
194 2217 37 22 Oil
240 2225 27 14 or
275 2218 57 22 bone
348 2220 67 24 taken
424 2221 23 21 in
459 2221 121 28 exchange.

86 2246 139 29 Wellington,
238 2249 66 28 April
312 2253 21 24 9,
346 2253 60 20 1844.

131 2306 53 21 For
199 2308 70 26 Sale,
279 2314 37 16 ex
333 2311 17 15 '♦
356 2310 79 27 Lady

66 2343 13 30 1
90 2343 29 30 A
144 2340 108 33 TONS
262 2341 14 21 fe
278 2345 33 18 est
320 2343 98 22 colonial
427 2343 63 28 flour,
502 2345 61 22 fresh
578 2346 56 24 from

65 2365 54 25 IV
150 2365 29 23 -L
205 2367 38 22 the
253 2368 54 28 mill,
318 2369 24 22 in
354 2371 62 24 10036
427 2371 61 28 bags.

372 2414 85 22 Waitt
467 2422 46 15 and
523 2416 83 23 Tyser.

79 2437 135 28 Wellington.
226 2439 68 26 June,
306 2440 20 27 5,
339 2441 62 22 1844.

153 2496 54 21 For
226 2497 70 25 Sale,
309 2503 35 15 ex

63 2525 53 48 10
136 2540 109 36 npONS
255 2541 59 22 table
325 2541 47 26 salt,

142 2563 29 26 JL
211 2569 26 20 10
247 2571 50 18 tons
307 2569 119 28 Liverpool
436 2569 49 28 salt,

79 2592 34 22 100
122 2601 59 14 cases
196 2594 99 28 Geneva,

79 2620 23 21 12
110 2627 29 20 qr.
151 2621 62 22 casks
222 2621 117 28 Teneriffe,

79 2647 33 21 100
122 2647 70 23 dozen
201 2648 84 22 bottled
295 2653 66 23 stout,

78 2673 24 21 50
110 2674 74 22 tierces
194 2675 72 26 prime
274 2675 58 23 Irish
342 2677 55 22 beef

78 2701 22 20 30
109 2701 60 22 casks
179 2701 118 23 Williams'
309 2704 97 27 superior
415 2704 71 29 liquid
493 2705 110 28 blacking,

75 2727 24 21 20
107 2732 68 19 crates
184 2729 99 22 assorted
295 2730 113 28 crockery,

76 2754 12 20 4
111 2754 26 22 do
173 2760 65 18 stone
248 2756 86 28 bottles,

76 2781 24 20 30
107 2784 45 20 tons
161 2783 99 22 assorted
270 2783 56 28 iron,

78 2808 33 20 100
119 2816 60 15 cases
191 2809 108 23 Oilman's
309 2815 76 24 stores,

78 2835 10 19 6
96 2834 58 24 lihds.
165 2837 85 22 refined
257 2844 73 21 sugar,

76 2862 23 20 30
107 2862 68 23 dozen
185 2863 81 29 chairs,

76 2888 12 20 6
96 2888 72 29 dining
177 2890 77 28 tables,

76 2915 22 20 12
106 2915 69 24 chests
185 2917 102 26 drawers,

76 2942 22 20 12
105 2943 130 24 wash-hand
245 2945 83 28 stands,

76 2968 21 21 12
105 2969 52 23 beds
166 2971 46 22 and
220 2973 99 28 bedding
329 2974 117 29 complete,

73 2995 24 20 35
105 2995 80 25 barrels
194 2999 124 23 Stockholm
328 3004 40 24 tar,

73 3023 22 19 25
121 3024 32 22 do.
181 3025 69 28 pitch,

72 3049 23 20 25
119 3051 33 22 do.
180 3053 87 22 refined
276 3055 49 22 coal
334 3058 41 24 tar,

73 3076 67 24 Dutch
150 3079 86 28 cheese,
247 3081 77 28 coffee,
336 3086 107 24 currants,
454 3084 45 22 and
511 3084 44 23 fine
566 3088 54 19 teas.

72 3128 23 12 nr
108 3129 22 7 ...
358 3109 83 23 Waitt
452 3119 47 14 and
509 3112 83 22 Tyser.

75 3129 132 31 Wellington,
219 3134 59 22 June
287 3136 21 26 5,
321 3137 59 22 1844.

52 3192 142 77 RFor
208 3194 72 26 Sale,
296 3201 37 15 ex

92 3222 186 27 UTHERFORD
287 3227 117 29 DRURY,
413 3237 46 14 and
466 3230 66 28 Cos.,
539 3231 79 28 brand,

115 3251 50 23 Port
175 3253 85 28 sherry,
271 3254 46 22 and
327 3255 110 28 Maderia,
455 3256 25 22 in
492 3258 70 26 wood,

70 3278 53 25 ■Port,
133 3278 275 30 Bhewy,andMaderia,'in
421 3290 69 15 cases.

69 3326 17 13 xi
86 3328 7 11 T
105 3329 20 7 ...
354 3309 84 22 Waitt
448 3317 47 15 and
504 3311 85 23 Tyser.

52 3329 149 35 __Wellington,
212 3334 61 23 June
283 3335 21 27 5,
316 3336 61 21 1844.

51 3382 132 74 FOn
192 3385 58 21 sale
266 3386 38 26 by
317 3386 55 22 late
382 3387 125 22 arrivals.

86 3409 83 32 LOUR,
184 3422 14 15 a
206 3423 54 20 very
271 3417 99 28 superior
379 3418 86 28 article,

109 3441 148 28 Champagne,
267 3443 24 24 in
301 3452 44 15 one
354 3445 49 23 doz.
413 3453 70 21 cases,

88 3467 85 28 theese.
187 3467 60 25 West
257 3470 66 24 India
332 3479 57 21 rum,
400 3473 95 28 brandy,

89 3494 109 23 Jrortwme
208 3497 24 21 in
242 3497 66 23 hhds.
318 3499 45 22 and
373 3507 35 21 qr.
419 3500 71 28 casks,

87 3545 25 12 on
118 3526 27 31 V
147 3528 14 14 n
172 3523 73 22 chests
241 3540 11 14 j
262 3524 52 23 half
324 3526 44 23 and
378 3530 96 25 quarter,

86 3550 26 16 *}
123 3549 88 22 bushels
222 3553 126 26 Wanganui
363 3561 42 20 rye
414 3561 62 21 grass
485 3555 59 25 seed,.

119 3577 74 26 Apply
203 3580 23 19 at
236 3577 38 23 the
283 3582 70 20 stores
361 3581 27 22 of
399 3581 38 22 the
446 3582 165 28 Undersigned,

65 3631 21 9 >„
280 3608 37 27 W.
332 3613 26 23 B.
373 3614 97 23 Rhodes
485 3609 100 36 and^|o.

46 3636 149 38 J^ellington,
206 3642 60 23 June
274 3644 48 28 sth,
334 3646 60 22 1844.
466 3661 17 16 „
525 3640 45 41 jj|

208 3693 37 22 W.
260 3694 34 22 M.
311 3693 107 30 SMITH,
489 3690 25 20 ■*

45 3724 8 15 I*TEl
55 3727 32 18 *TE
96 3733 233 21 SURVEYOR-GENERAL
339 3740 27 15 TO
378 3742 46 15 THE
440 3743 50 16 NEW
506 3744 104 15 ZEALAND

254 3762 118 25 'COMPANY,

61 3785 130 35 Surveyor,
205 3796 212 29 Draughtsman,
433 3801 55 21 and
502 3802 77 22 Land

46 3839 9 18 r
56 3841 4 5 -
83 3845 5 12 ,
119 3849 6 5 .
264 3825 100 27 Agent.

207 3854 102 29 Jannary
319 3858 22 26 4,
354 3858 63 23 1843.

45 3890 20 47 J
67 3892 17 23 U
85 3895 32 42 ?v
128 3898 183 39 <JPENEl>,'and
320 3912 29 16 on
359 3906 53 23 Sale
420 3911 25 19 at
453 3907 39 23 the
502 3905 107 28 tiffibJrtf

89 3930 39 17 ww
137 3927 214 31 Paper,inK'»t«nd«
358 3931 125 34 oi)variou*
490 3941 67 20 91205;
565 3937 38 24 -^

1339 715 40 21 On
1402 716 60 22 Sal©
1482 718 37 26 l^y
1540 720 45 20 the
1608 721 199 30 Undersigned,
1832 730 36 16 ex

1409 743 16 12 «•
1436 743 107 25 Tuscan
1584 748 54 20 and

1313 776 106 36 YY
1435 777 113 30 jSTOUT
1562 779 36 23 IN
1613 781 198 30 HOGSHEADS,

1311 805 112 23 -t*--tV.
1452 805 108 23 Simouds'
1568 807 83 22 bottled
1661 813 74 22 porter
1744 811 44 22 and
1798 811 42 27 ale,

1335 830 18 22 £
1354 829 28 22 ha
1384 837 21 24 B?
1403 857 7 6 v
1407 837 14 20 P
1422 837 11 15 a
1435 836 42 27 £n!?
1494 832 23 22 in
1534 839 43 15 °ne
1596 834 43 22 and
1659 835 62 22 three
1738 836 71 23 dozen
1831 845 61 16 cases

1311 856 108 27 (Sillery),
1448 854 26 27 $
1496 866 5 3 ■

1334 882 184 29 Sparkiling^ack
1528 885 35 22 do.
1673 889 37 21 do.

1335 910 117 27 Sparkling
1462 911 89 23 moselle
1563 913 36 23 do.
1669 915 37 22 do.

1335 936 47 23 Still
1393 937 57 21 hock
1447 951 15 12 x
1469 960 5 3 .

1335 962 60 22 Loaf
1402 970 71 20 sugar,

1334 990 21 21 A
1364 990 43 22 few
1418 991 71 22 chests
1497 993 100 26 superior
1605 995 92 28 Congou
1709 1000 44 23 tea,

1334 1016 54 22 Fine
1398 1017 127 23 Havannah
1535 1021 75 27 coffee,

1297 1055 5 10 >
1333 1042 101 24 Lucerne
1442 1044 59 28 seed,

1333 1069 87 23 Roman
1431 1075 94 24 cement,

1331 1097 22 21 A
1363 1097 61 22 small
1436 1099 101 28 quantity
1550 1101 26 21 of
1582 1101 67 23 onion
1659 1103 60 24 seed,

1332 1123 118 28 Deptford,
1481 1127 13 19 1

1332 1150 122 33 Strasburjt;
1488 1146 6 30 I
1507 1172 2 5 ,

1330 1176 108 29 Reading,
1487 1183 6 27 |
1530 1183 124 21 warranted
1664 1186 23 18 to
1696 1191 69 19 grow.

1330 1203 70 23 Blood
1409 1205 55 28 Red,
1478 1202 13 30 J

1442 1245 12 11 y
1476 1245 8 7 '
1499 1234 103 23 Simonps
1617 1236 44 21 and
1676 1237 126 29 Hoogard,

1285 1270 1 22 i
1327 1284 29 10 *%r
1369 1284 23 10 iv
1435 1277 20 15 *a
1488 1287 10 5 .
1758 1265 33 22 Te
1801 1265 57 23 Aro.

1284 1293 2 14 i
1331 1284 140 29 Wellington,
1484 1287 60 23 June
1555 1290 33 25 10,
1600 1291 60 20 1844.

1406 1324 138 34 Fd^Sale,
1560 1339 36 16 ex

1301 1360 192 49 SUPERFINE
1507 1364 74 22 Broad
1592 1365 76 23 Cloths
1683 1367 75 27 black,
1771 1368 59 27 blue,
1841 1369 44 22 and

1363 1388 101 23 invisible
1473 1397 68 20 green
1550 1399 5 19 ;
1570 1393 99 26 superior
1677 1393 55 28 pilot
1739 1395 77 26 cloths,
1825 1395 58 28 blue,

1299 1416 44 19 and
1349 1416 75 21 brown
1544 1425 56 19 yarn
1608 1426 6 19 ;
1623 1419 81 28 hosery
1709 1428 6 17 ;
1723 1421 147 23 table-covers
1877 1431 5 18 ;

1299 1441 85 27 shingle
1394 1441 69 24 naik,
1473 1444 56 22 slate
1543 1445 70 28 nails;
1628 1446 50 22 best
1694 1447 99 23 Flemish
1807 1449 74 22 tacks:

1282 1471 1 32 j
1298 1475 128 21 saucepans,
1436 1470 41 22 &c.

1298 1521 24 10 „
1346 1521 7 8 ,
1492 1524 10 7 T
1608 1499 35 22 W.
1659 1500 103 24 Waring
1776 1502 106 23 Taylor.

1282 1531 1 22 (
1298 1522 178 27 Herbert-street,
1489 1524 60 22 June
1558 1525 21 27 5,
1588 1527 61 21 1844.

1281 1555 1 36 !
1422 1561 54 22 For
1490 1563 70 25 Sale,
1570 1569 37 16 ex

1298 1591 120 49 FRUIT
1430 1592 102 28 TREES,
1546 1595 47 27 &c,
1609 1596 24 22 in
1643 1597 113 22 excellent
1767 1605 114 20 preserva-

1371 1622 53 24 tion,
1436 1620 40 22 viz.
1485 1628 35 14 :—
1521 1621 83 28 apples,
1621 1630 69 20 pears,
1709 1625 96 27 quinces,
1817 1626 63 21 cher-

1296 1651 50 19 ries,
1372 1647 79 26 plums,
1475 1649 157 28 gooseberries,
1657 1656 106 22 currants,
1786 1652 91 28 filberts,

1296 1675 99 27 apricots,
1422 1677 100 24 peaches,
1548 1677 116 26 nectrines,
1689 1678 119 28 mulberry,
1829 1679 48 27 figs,

1295 1705 68 19 vines,
1371 1699 114 28 raspberry
1493 1701 99 23 Siberian
1603 1703 71 28 crabs,
1685 1704 109 23 almonds,
1804 1708 76 20 straw-

1295 1724 88 27 berries,
1395 1727 62 26 2,000
1464 1729 154 27 transplanted
1627 1730 85 23 thorns.

1323 1751 91 23 Garden
1422 1753 62 23 seeds
1496 1755 24 23 of
1532 1763 68 20 every
1610 1757 92 27 variety.

1420 1799 10 9 +
1603 1783 35 22 W.
1654 1784 101 22 Waring
1769 1786 103 22 Taylor.

1421 1816 10 39 \
1532 1828 104 24 Books,

1295 1851 72 48 ON
1381 1847 83 32 SAtE,
1482 1854 40 21 AT
1536 1854 74 23 THIS
1627 1855 142 24 OFFICE—

1357 1878 47 22 The
1410 1877 106 35 'poetical
1538 1882 72 21 works
1628 1883 26 21 of
1675 1884 94 28 Milton,
1790 1885 54 21 with
1864 1892 13 15 a

1292 1905 94 22 memoir
1394 1908 42 19 and
1448 1908 200 28 embellishments,

1321 1932 50 22 Life
1386 1933 26 21 of
1421 1933 36 22 the
1473 1934 66 23 Duke
1556 1936 26 21 of
1600 1936 145 29 Wellington,
1763 1938 112 28 compiled

1291 1958 58 22 from
1359 1959 36 22 his
1407 1960 90 26 Grace's
1506 1961 137 29 despatches,

1319 1985 48 23 The
1377 1986 60 21 Hohr
1447 1987 71 27 Bible,
1527 1990 129 27 containing
1663 1990 39 22 the
1711 1991 43 22 Old
1765 1992 44 21 and
1819 1992 56 22 New

1290 2011 207 28 T«H>t»meiWt,'witli
1504 2018 70 23 notes,
1585 2016 73 26 Ityihe
1668 2017 57 21 Rev.
1732 2018 61 21 John
1800 2019 75 21 Gaun-

1290 2040 42 23 ter,
1344 2039 59 26 8.C.,
1417 2040 47 21 four
1473 2047 63 21 maps
1548 2041 43 22 and
1601 2044 40 19 144
1649 2043 78 27 plates,

1318 2065 141 22 Montacute:
1476 2074 24 15 or
1508 2075 15 14 a
1532 2068 58 23 New
1600 2069 93 22 home—
1694 2070 76 23 who'll
1783 2071 92 23 follow?

1289 2091 31 28 by
1335 2092 54 21 Mrs.
1402 2093 66 27 Mary
1477 2094 97 28 Clavers,

1317 2119 112 27 Scripturt
1442 2120 132 29 Biography,
1585 2122 34 22 for
1634 2122 39 23 the
1690 2124 89 28 Young,
1790 2125 84 22 embel-

1288 2146 73 21 lished
1372 2146 50 21 with
1433 2147 76 27 plates,

1316 2172 103 27 Voyages
1428 2174 26 21 of
1465 2174 94 28 Capfain
1569 2176 97 24 Richard
1678 2177 118 29 Falconer,

1316 2198 95 23 Fisher's
1421 2200 104 23 Juvenile
1536 2203 68 26 Scrap
1612 2204 68 26 Book,

1315 2226 50 22 Life
1375 2226 44 22 and
1429 2228 134 28 Campaigns
1572 2231 26 21 of
1606 2230 37 22 the
1652 2231 68 23 Duke
1731 2232 26 22 of
1765 2232 107 26 Welling-

1288 2255 45 25 ton,

1313 2280 50 21 Life
1373 2280 45 22 and
1426 2281 63 28 reign
1498 2282 27 22 of
1536 2282 98 23 William
1645 2284 38 22 the
1694 2285 93 27 Fourth,

1313 2307 155 27 Shakspeare's
1478 2309 117 23 Dramatic
1607 2311 85 27 Works,
1704 2312 54 22 with
1768 2313 78 27 plates,

1313 2333 141 24 Buchanan's
1463 2335 86 29 history
1560 2337 26 22 of
1597 2338 112 28 Scotland,

1313 2360 91 27 History
1420 2362 25 23 of
1461 2362 112 29 England,
1597 2369 23 18 to
1642 2365 38 22 the
1701 2367 131 22 coronation
1848 2367 27 21 of

1285 2388 80 23 Queen
1375 2388 106 28 Victoria,

1311 2414 108 28 Wesley's
1427 2416 109 26 sermons,'
1546 2418 52 21 with
1609 2426 13 14 a
1631 2420 103 27 memoir,

1312 2442 97 22 Memoir
1419 2441 26 24 bf
1455 2443 56 22 Rev.
1522 2444 111 24 Rowland
1648 2446 57 27 Hill,

1311 2468 104 23 Barton's
1424 2470 82 26 Gospel
1516 2470 86 29 history
1613 2473 26 21 of
1650 2474 82 25 Christ,

1310 2496 48 21 The
1367 2496 78 23 Easter
1459 2497 54 27 Gift,
1525 2498 31 26 by
1566 2499 27 22 L.
1604 2499 27 22 E.
1642 2500 34 26 L.,

1309 2522 49 22 The
1380 2522 100 23 Parents'
1502 2524 91 29 Friend,
1612 2527 30 27 by
1661 2527 62 22 John
1746 2528 121 27 Morrison,

1309 2576 112 28 Scripture
1431 2577 82 27 history
1522 2578 37 23 for
1569 2579 80 28 Youth,
1661 2581 54 21 with
1725 2581 77 27 plates,

1309 2603 103 23 Summer
1420 2604 44 22 and
1476 2604 86 24 Winter
1571 2606 24 22 in
1607 2607 37 21 the
1656 2608 121 28 Pyrenees,
1788 2609 31 28 by
1830 2609 38 23 the

1280 2637 62 15 same
1353 2631 84 27 author,

1309 2657 144 23 Goldsmith's
1462 2658 87 29 history
1558 2660 26 21 of
1594 2661 41 21 the
1642 2661 80 28 Earth,

1309 2684 102 23 Burder's
1420 2684 86 29 Village
1517 2687 114 28 Sermons,

1307 2711 92 24 Wood's
1407 2712 132 28 Dictionary
1546 2714 26 22 of
1584 2714 39 23 the
1633 2715 73 28 Bible,

1307 2738 92 23 Smith's
1412 2739 125 29 Mechanic,

1306 2766 50 22 The
1365 2766 61 22 Book
1435 2766 28 22 of
1472 2766 110 24 Common
1593 2768 89 27 Prayer,
1693 2769 135 26 illustrated,

1308 2792 190 24 FleetwooflVlife
1506 2794 28 22 of
1544 2787 103 36 Christ,/

1299 2820 195 23 'Fox'sChristian
1498 2828 3 4 1
1508 2821 165 30 Martyrolbgy,

1305 2846 50 23 The
1365 2846 69 24 whole
1444 2848 54 27 duty
1506 2849 28 21 of
1545 2849 63 28 Man,
1617 2850 30 28 by
1657 2851 39 22 the
1707 2851 55 23 Rev.
1774 2851 93 24 Charles

1277 2874 100 27 Atmore,

1305 2901 115 28 Bunyan's
1433 2901 113 28 Pilgrim's
1562 2903 113 29 Progress,
1685 2905 132 29 beautifully
1835 2907 29 22 il-

1275 2928 115 27 lustrated,

1303 2954 132 24 Morrison's
1443 2955 88 29 Family
1541 2956 101 28 Prayers,

1302 2983 105 21 Sermons
1415 2982 28 27 by
1454 2983 61 22 Blair
1523 2983 47 23 and
1579 2985 139 28 Whitefield,

1301 3009 113 23 Buohan's
1422 3009 117 23 Domestic
1549 3011 122 28 Medicine,

1301 3036 110 22 Walker's
1420 3037 159 28 Pronouncing
1588 3039 39 22 Die
1633 3039 95 28 tionary,

1300 3063 134 23 Jamieson's
1440 3063 133 29 Dictionary
1578 3066 25 22 of
1607 3066 143 23 Mechanical
1755 3067 102 28 Science,

1271 3091 63 26 Arts,
1349 3091 173 27 Manufactures,
1534 3092 50 27 &c,

1268 3122 1 5 1
1294 3117 175 28 'Encyclopaedia
1483 3118 126 28 Edinensis,

1298 3144 110 23 Matthew
1416 3144 73 27 Wald,

1295 3171 87 23 .Close's
1388 3171 89 28 Paitrily
1487 3171 91 28 Prayer,

1297 3198 92 22 Parlour
1397 3199 70 27 Book,
1477 3199 29 26 by
1516 3199 101 23 William
1628 3199 94 30 Martin,

1297 3225 123 26 Perennial,

1296 3252 48 22 The
1354 3252 72 22 Monk
1435 3251 26 23 of
1471 3251 89 29 Cimies,
1572 3253 31 28 by
1613 3253 55 23 Mrs.
1680 3255 129 29 Sherwood,

1292 3279 71 23 •Prose
1372 3279 188 32 Forget-me-pot,

1296 3306 110 22 Counsels'
1412 3306 43 22 and
1465 3306 86 28 advice,
1562 3307 31 32 by
1603 3307 35 22 Sir
1647 3309 109 22 Matthew
1766 3309 63 28 Hall,

1295 3333 84 23 Pocket
1386 3333 83 27 Lacon,
1480 3334 137 29 comprising
1632 3342 43 15 one
1690 3336 112 23 thousand
1812 3344 41 15 ex-

1267 3363 75 24 tracts,

1294 3387 87 28 Popery
1388 3387 24 23 in
1421 3386 101 28 Ireland,

1295 3413 118 28 Thoughts
1421 3413 39 25 for'
1465 3411 37 25 the
1513 3421 46 21 sea,

1294 3441 69 22 Hand
1373 3440 56 23 book
1440 3441 26 22 of
1476 3440 64 23 trade
1551 3441 44 23 and
1604 3449 133 21 commerce,

1294 3467 48 23 The
1351 3466 82 25 heart's
1442 3474 60 21 ease,
1545 3477 4 5 *
1589 3465 95 11 .•>.•.,

1293 3494 70 23 Hints
1372 3502 28 16 pn
1410 3493 85 29 health,

1290 3521 67 22 Birds
1366 3521 46 22 and
1523 3522 30 29 by
1563 3523 68 27 Mary
1642 3523 90 27 Howet,

1291 3548 58 22 Pure
1359 3546 53 32 gbjd
1419 3545 58 30 from
1487 3549 39 21 the
1534 3549 71 22 rivers
1616 3550 26 22 of
1653 3550 100 28 wisdom,

1292 3575 74 22 Hall's
1373 3580 58 16 vows
1441 3575 44 22 and
1495 3576 151 28 meditations,

1290 3601 284 29 Poeticaliforgetvmernot,
1584 3605 3 6 '

1289 3629 49 24 The
1348 3628 67 30 toilet,
1426 3636 15 15 a
1450 3629 169 28 dressing-table
1629 3632 140 27 companion,

1255 3669 2 3 ■
1255 3672 10 16 t
1272 3671 3 3 .
1279 3655 4 4 '
1288 3655 112 22 Christian
1409 3655 104 22 mother's
1522 3657 125 30 text-book',

1254 3677 28 39 |b,
1287 3682 132 23 Wonderful
1429 3681 143 29 Characters,'

1365 3709 25 22 of
1402 3709 100 22 eminent
1509 3710 101 29 military
1619 3710 89 28 heroes,

1264 3742 14 17 ;i
1288 3735 92 23 Pamela
1390 3743 25 14 or
1422 3737 107 31 yirtuere
1530 3737 98 28 warded,
1823 3747 5 10 <

1265 3775 16 14 (i
1290 3763 69 23 Lives
1367 3763 26 22 of
1404 3763 92 28 Pirates,
1522 3770 28 21 ;.,
1845 3765 18 17 '.

1291 3789 198 26 Lawson'scattle.
1492 3789 98 29 doctor^,
1844 3785 19 32 J

1290 3814 94 30 History
1395 3816 30 21 of
1429 3816 40 22 the
1478 3817 53 22 Earl
1547 3817 165 29 ot'Moreland,

1285 3843 81 22 Park's
1374 3843 81 22 travels
1466 3843 25 22 in
1501 3842 93 29 Africa,'
1675 3844 5 4 '
1709 3850 6 7 '

1258 3885 3 6 ,
1280 3869 148 23 .Adventures
1438 3869 30 22 of:
1475 3869 86 24 British
1571 3878 98 21 B»am;en,
1789 3884 7 6 >

1284 3896 214 34 Literary^geoof^)..
1545 3907 6 17 :
1555 3895 51 33 :^-
1616 3901 56 24 '■'■"'?
1679 3911 3 8 '

1278 3923 237 29 Jiifeof.Bflaaparte,
1573 3929 113 23 ',,.,
1756 3947 2 1 .
