3490 5590
85 183 229 59 Shipping
343 183 371 59 Intelligence.

154 314 92 30 i'u:rr
268 313 47 30 or
337 312 260 30 ciiaklrston.

286 421 28 23 111
327 429 23 13 .'.
371 421 24 21 W
407 429 5 11 >
423 428 9 16 r
452 428 21 16 ir.

67 474 5 23 1
84 474 33 23 !'is
132 472 50 25 !):iv
228 472 2 26 .
258 492 22 3 ...
320 474 62 21 I'Vjn
393 477 46 17 a.in
650 474 14 24 p

65 512 8 19 >
83 508 44 24 ;»i.il
136 519 5 12 i
144 516 13 24 y
557 506 5 21 1
652 508 51 26 p.m.

65 543 99 30 Monday
520 559 12 3 ..
653 544 52 25 p.m.

65 578 106 31 Tu-.-d;y
392 583 43 14 ;i.i:i
571 574 15 35 I.
654 578 6 26 J
664 574 4 35 l
670 578 35 21 ,'"-

327 672 11 14 a
351 670 100 17 ;;:iv.\!.s.

97 714 52 25 Mav
165 717 20 22 2.
199 721 38 25 p.s.
254 712 119 33 Dispatch,
387 713 57 23 from
459 711 43 23 We
516 711 24 35 11»
550 711 4 35 5
557 711 27 35 r:.

101 747 166 34 Halcyon,ss.,
280 748 59 24 from
353 748 58 28 (irc>
419 754 20 16 in
451 745 54 24 »ntli.

98 784 9 24 1
115 785 13 22 it
132 791 42 21 tin*,
185 787 84 21 Ciiiirr.
281 785 6 20 1
293 790 47 16 rxjTii
357 782 5 23 1
369 781 108 24 li'kiti.v.i.

100 821 21 26 3,
134 816 106 27 Emerald
256 816 49 30 Islo,
317 817 119 24 schooner.
449 815 59 25 fr-r.:
524 813 91 26 Nckm.

101 855 122 27 Constant,
237 853 76 28 ketch,
327 851 59 24 from
400 850 63 23 West
468 855 56 25 port.

312 905 164 18 I»i:i'.VUTLUIB.

105 935 54 25 Mav
173 938 20 27 2,
202 934 122 34 Dispatch,
336 941 40 26 p.s.
390 933 36 23 for
438 931 156 32 Greymouth.

108 962 111 39 Halcyon,
233 977 46 22 s.s.,
291 969 36 23 for
338 967 154 32 Greymouth.

280 1025 64 17 V!ISM
355 1025 24 16 :>
399 1023 21 17 IN
440 1023 67 16 I'D!:!.

108 1053 107 26 Emerald
227 1052 52 30 Isle,
291 1054 117 24 schooner.

109 1091 71 33 Hope,
192 1093 83 22 cutter.

108 1126 123 27 Constant,
244 1124 75 24 ketch,

112 1161 54 23 lonu
179 1159 111 24 schooner
304 1157 105 33 (wreck).

331 1244 64 25 IMi'i
403 1243 76 25 )I!TS.
732 1243 1 38 |

113 1296 44 24 Per
167 1295 115 31 Halcyon,
301 1302 44 20 s.s.,
359 1294 59 23 from
660 1298 64 18 cases
732 1292 1 34 i

82 1337 97 24 gentva,
202 1332 26 22 15
247 1328 30 24 do
299 1327 103 27 moselle,
421 1331 28 20 2.»
465 1327 30 25 do
506 1326 79 29 claivt,
609 1326 4 35 1
631 1326 28 23 i'o
671 1333 40 17 sun-

82 1364 67 30 dries,
160 1367 12 21 2
185 1364 29 25 do
235 1371 62 21 axes,
313 1366 6 20 1
343 1361 77 34 parcel
440 1361 76 34 plush,
529 1366 11 19 4
551 1369 65 18 cases
629 1361 71 33 pipes,
712 1362 12 21 3

84 1402 64 21 nests
171 1399 60 28 tubs,
253 1402 12 20 2
287 1395 97 27 bundles
404 1397 74 32 jacks,
501 1400 12 20 .*>
535 1404 65 17 cases
621 1395 105 34 drapery,

84 1434 8 24 1
98 1432 102 34 lennclly
212 1432 45 26 and
269 1430 81 27 Millen
364 1429 4 37 ;
379 1434 28 21 35
414 1430 88 32 gallons
514 1430 95 33 brandy,
623 1434 5 21 1
644 1429 82 26 bundle

85 1478 91 21 screws,
193 1467 128 33 Flanigan;
339 1472 12 18 »>
371 1467 57 31 kegs
446 1467 84 29 butter,
548 1470 11 21 2
573 1467 60 25 bales
645 1465 81 28 calico,

88 1505 50 25 Ido
148 1511 77 27 paper,
235 1507 13 21 4
259 1510 65 18 eases
346 1502 89 27 bitters,
457 1501 69 25 Allen
552 1502 78 31 ISros.;
653 1503 73 21 lease

84 1540 104 25 Thomas
199 1537 46 26 and
257 1538 22 24 M
286 1537 82 25 'Heath
381 1547 5 18 ;
405 1540 11 20 2
428 1543 65 18 eases
503 1536 83 29 chairs,
598 1536 128 25 .lonnston;

89 1578 7 21 1
112 1575 28 25 do
150 1575 73 27 boots,
241 1571 137 26 Ainsworth
390 1582 5 17 ;
419 1575 11 19 4
449 1570 29 26 d.)
496 1571 85 30 butter,
592 1570 78 31 Ching
681 1568 45 26 and

87 1607 108 31 Husscll;
214 1606 51 26 Ido
276 1606 77 31 drugs
369 1603 124 27 Williams.

118 1646 45 26 l'cr
194 1643 123 27 Constant,
348 1641 61 25 from
442 1641 65 25 West
510 1645 50 29 port
566 1656 26 4 —
595 1639 1 35 I
596 1644 57 21 IOOO
680 1639 48 26 feet

88 1681 91 27 timber,
191 1677 84 32 Gough
287 1688 5 17 ;
310 1680 12 21 2
334 1681 53 19 tons
399 1676 167 27 merchandise,
581 1677 102 24 Corbett.

117 1716 47 24 Per
175 1710 109 28 Emerald
296 1710 52 29 isle,
368 1710 60 25 from
449 1709 85 26 Nelson
548 1716 32 19 -4
592 1709 59 26 hhfls
661 1708 43 31 ale,
715 1712 13 21 9

87 1749 108 33 qr-casks
205 1747 35 27 do,
255 1747 29 24 11.
307 1745 36 25 W.
366 1745 113 32 Stebbing
489 1756 5 19 ;
515 1748 6 21 1
542 1752 53 19 case
607 1742 98 31 shovds
716 1747 13 21 2

88 1785 29 26 do
128 1783 73 35 picks,
212 1786 13 20 4
246 1780 56 27 coils
324 1789 15 16 r<
351 1783 68 31 p5
441 1788 65 18 case<
524 1780 98 27 salmon,
633 1782 14 21 3
665 1787 64 16 cases

89 1816 135 36 galvanised
236 1818 56 25 iron,
308 1820 7 20 1
329 1825 29 16 uo
374 1815 78 29 coflee,
475 1819 5 20 1
496 1815 28 26 do
536 1815 167 26 earthenware.
717 1821 11 16 2

91 1853 59 26 hhds
166 1851 130 27 holbware.
319 1854 12 20 0
354 1858 65 18 cases
440 1849 98 30 salmon,
554 1853 6 22 1
582 1849 50 25 bale
643 1850 62 31 bags,
722 1849 4 32 I

91 1897 53 18 case
165 1888 54 34 pick
240 1886 103 30 hanilks
371 1890 5 21 1
395 1886 29 26 do
446 1884 132 33 glassware,
598 1889 5 20 1
625 1885 14 24 d
649 1897 5 11 »
672 1885 48 24 iron-

93 1931 119 25 mongery.
230 1925 12 20 3
261 1921 58 33 pkgs
331 1922 104 26 buckets,
460 1924 26 21 10
496 1921 78 24 chests
586 1925 45 23 tea,
643 1924 13 19 3
667 1928 64 16 cases

92 1960 89 26 c'.ecso,
232 1956 28 24 do
271 1956 98 26 colonial
387 1957 88 27 cheese,
493 1959 6 19 1
521 1956 29 23 do
564 1963 56 16 corn
632 1954 66 26 flour,
720 1957 12 20 2

92 1995 28 24 do
133 1992 71 35 picks,
221 1995 5 20 l
242 1991 56 26 cask
314 1991 53 26 rice.
386 1995 12 20 2
420 1997 64 18 eases
501 1988 137 34 galvanised
649 1989 58 27 iron,

94 2030 56 31 kegs
162 2026 66 29 naiis,
244 2029 38 22 129
301 2027 55 30 bags
372 2033 77 25 sugar,
466 2030 28 20 20
511 2029 52 21 tons
580 2029 114 27 potatoes,
705 2026 28 22 20

94 2065 56 30 kogs
171 2062 85 27 butter,
279 2065 27 21 2U
331 2061 66 25 s..eks
424 2066 58 24 oats,
558 2067 65 17 cases
649 2057 84 35 apples,

95 2098 86 25 Alcorn
193 2097 44 25 and
249 2097 40 26 Co.

124 2187 50 26 The
195 2189 78 24 recent
296 2184 103 27 collision
422 2185 104 26 between
553 2184 42 25 the
622 2186 113 24 steamers

94 2224 117 26 Huntress
221 2221 44 25 and
280 2222 103 31 Murray,
391 2220 103 35 pending
500 2229 14 17 a
522 2218 97 33 judicial
631 2219 105 33 enquiry,

97 2260 5 11 :
136 2257 82 33 giving
239 2256 43 25 ri«e
301 2262 23 18 io
342 2255 146 26 antithetical
500 2257 141 24 statements
653 2255 29 31 by
693 2255 40 25 the

95 2291 127 35 respective
234 2296 86 20 uiaskr
380 2291 39 25 the
432 2289 91 26 \esseh.
557 2290 59 31 Cu|<t
634 2288 112 38 Holmes,!

96 2330 26 24 of
143 2328 39 25 the
204 2325 104 33 Murray,
331 2325 94 32 writing
446 2328 23 22 to
496 2326 39 25 the
667 2324 71 26 Ruer

222 2361 124 25 attributes
363 2360 30 25 all
411 2359 4 37 I
425 2360 60 25 lame
505 2361 22 24 in
547 2359 40 26 the
613 2363 85 22 matter
714 2364 24 20 to

99 2398 99 33 Captain
219 2396 111 32 Murphy,
352 2396 40 23 the
411 2394 78 29 latter,
510 2394 125 31 according
658 2399 23 20 to

98 2432 101 30 version,
219 2431 89 32 having
325 2429 124 34 expressed
470 2429 36 26 his
527 2433 77 29 regret
625 2428 52 26 that
698 2429 48 29 the.

99 2468 98 28 Murray
215 2472 47 18 was
284 2469 40 21 not
345 2468 40 21 cut
402 2464 68 25 down
482 2469 24 20 to
518 2464 40 25 the
571 2465 92 24 water's
675 2464 62 32 edge.

99 2502 101 32 Captain
223 2500 111 32 Murphv,
353 2499 23 24 in
404 2507 14 16 a
449 2507 64 16 more
533 2502 128 28 temperate
671 2497 70 26 letter

99 2540 25 22 to
135 2535 40 24 the
214 2534 65 25 West
291 2533 70 25 Coast
494 2532 79 25 denies
585 2532 88 30 having
684 2531 57 26 lifted

99 2571 40 27 the
151 2567 51 30 foul
212 2567 141 36 expression.
386 2566 20 26 It
424 2574 97 27 appears
541 2565 87 28 Ihnl^Tli
632 2565 2 38 1
686 2566 33 32 btj
740 2565 2 38 1

99 2606 81 33 ported
192 2605 38 25 the
241 2601 105 27 collision
357 2607 24 20 at
393 2602 123 31 liokitika,
524 2603 216 31 andre;jut-st«4jiu

99 2640 107 32 enquiry.

128 2674 78 28 Never
215 2673 99 37 perhaps
324 2671 64 28 since
400 2672 39 27 the
451 2671 85 27 Pakihi

100 2712 43 25 has
154 2712 40 25 the
214 2714 110 23 entrance
345 2714 24 21 to
383 2711 117 26 Constant
522 2709 51 30 Bay
585 2702 158 42 renja/jßuq

99 2745 56 30 long
166 2743 125 26 favorable,
303 2746 37 20 not
353 2741 70 24 alone
432 2742 38 23 for
480 2739 87 25 vessels
578 2735 163 36 arrivingYnd

99 2777 133 35 departing,
252 2776 40 25 hut
318 2774 49 25 ulso
388 2775 37 24 for
446 2773 40 25 the
506 2773 52 25 safe
578 2773 99 33 ingresai
692 2772 51 27 And

99 2821 78 25 egress
195 2813 26 24 of
232 2820 29 16 an
280 2809 108 33 ordinary
411 2808 149 26 whale-boat.
593 2808 46 25 For
649 2817 14 17 a
675 2808 66 26 week

101 2852 51 30 past
162 2855 137 26 passt-jigin
312 2846 29 24 mi
345 2845 41 26 Jit
404 2844 61 26 have
474 2843 59 26 been
546 2842 83 28 landed
642 2844 22 25 in
678 2845 63 23 hunts

99 2886 25 22 at
136 2890 45 24 any
192 2882 58 25 time
263 2883 59 23 froni
334 2888 21 15 v.
364 2878 56 27 s3th
431 2878 91 26 outside
533 2878 41 26 the
585 2879 78 29 heads,
675 2878 54 26 wi;h-

101 2922 40 22 out
153 2926 46 25 any
211 2914 167 37 apprehension
395 2913 70 33 being
486 2914 145 26 entertained
643 2918 87 31 respect-

101 2955 41 32 ing
153 2954 39 26 the
203 2951 78 27 result.
313 2950 64 27 Such
398 2958 13 17 a
433 2953 61 23 state
505 2951 26 24 of
550 2950 79 26 affairs
649 2951 20 26 is
680 2954 61 22 most

103 2988 109 32 unusual,
223 2988 63 26 since
296 2995 25 18 as
333 2994 13 18 a
358 2986 49 27 rub
425 2986 38 25 for
486 2986 77 26 wjeks
575 2986 107 33 together
694 2987 16 25 it
723 2986 20 26 is

102 3024 83 33 highly
204 3024 138 31 dangerous,
361 3022 21 23 if
404 3024 40 21 not
462 3020 87 33 utterly
560 3020 181 34 impracticable,

102 3060 37 25 for
148 3066 138 27 passengers
296 3061 25 22 to
331 3055 64 27 land.
429 3055 35 25 As
474 3055 19 25 is
503 3055 66 26 often
583 3057 39 24 the
632 3064 61 22 ease,
705 3056 38 25 the

101 3095 151 34 opportunity
270 3092 89 32 having
376 3090 122 35 presented
515 3090 73 31 itself,
604 3091 66 27 there
686 3092 57 25 have

101 3131 58 25 been
170 3130 41 25 but
222 3137 13 17 a
246 3128 89 32 trilling
348 3126 96 26 number
456 3130 23 22 to
489 3127 63 24 avail
563 3126 145 27 themselves
718 3128 27 24 of

104 3167 25 27 it,
151 3167 39 23 the
211 3163 112 33 majority
345 3170 55 24 very
423 3161 118 33 naturally
552 3161 45 26 and
611 3162 78 33 wisely
701 3169 38 19 too

103 3200 77 26 scared
193 3200 28 32 by
235 3200 38 24 the
285 3205 89 18 narrow
386 3203 94 27 escapes
494 3196 46 26 and
552 3197 40 25 the
602 3196 129 36 disappoint-

103 3240 63 22 ment
179 3234 107 26 incurred
304 3234 28 33 by
352 3232 79 26 others
442 3235 40 23 not
500 3233 69 31 being
580 3232 50 26 able
642 3238 23 21 to
677 3234 66 25 effect

102 3281 13 14 a
127 3271 103 29 landing,
246 3271 58 23 have
320 3272 40 28 got
378 3273 40 20 out
431 3272 22 21 at
475 3267 72 26 Fox's
557 3268 47 26 and
620 3269 125 33 proceeded

101 3304 110 27 overlaid
223 3309 24 19 to
258 3303 145 27 Charleston.

134 3344 37 23 Ull
183 3339 123 33 Thursday
324 3339 40 26 the
385 3346 40 26 p.s.
447 3339 113 35 Dispatch
581 3347 65 20 came
663 3340 35 25 oft'
706 3340 38 27 the

104 3380 58 29 port,
173 3375 45 25 and
230 3384 12 15 a
265 3375 45 25 few
332 3383 138 25 passengers
491 3383 60 18 were
572 3375 82 25 landed
672 3375 22 25 in
706 3376 38 24 the

102 3410 166 26 harl¥>r-l)oats.
309 3410 51 25 The
376 3410 73 26 above
471 3410 19 25 is
507 3410 40 25 the
567 3407 56 34 only
646 3415 98 20 steamer

102 3446 53 25 thtwL
167 3445 42 24 has
221 3443 125 26 succeeded
359 3446 22 23 in
393 3444 96 32 landing
499 3451 138 27 passengers
647 3448 25 22 at
684 3445 45 25 Con-

101 3482 64 24 stant
176 3480 50 33 Bay
240 3480 35 26 for
287 3478 89 28 several
388 3479 77 27 weeks
475 3483 59 31 past.

132 3516 51 25 The
194 3523 37 17 s.s.
246 3514 105 32 Halcyon
362 3521 66 19 caine
438 3515 79 26 ofl'the
527 3518 51 31 port
591 3516 70 25 about
674 3520 12 20 (i
698 3525 45 25 p.m

101 3558 31 17 on
146 3549 130 33 Thursday,
289 3549 40 25 she
348 3557 47 17 was
412 3547 113 34 signalled
536 3554 24 21 to
575 3554 74 25 enter,
660 3551 44 25 and
715 3560 28 17 on

103 3586 40 24 the
154 3586 49 24 tiist
216 3588 94 28 quarter
326 3584 59 25 flood
397 3585 90 24 crossed
507 3586 40 24 the
559 3586 40 24 bar
610 3585 83 31 safely,
704 3588 40 23 the

104 3619 65 34 Hope
180 3624 77 21 cutter
268 3618 121 34 following
400 3619 21 24 i:i
434 3619 41 25 her
487 3619 74 31 wake,
575 3620 51 26 The
639 3619 104 35 Halcyon

101 3654 138 33 discharged
249 3654 71 26 about
341 3658 23 20 14
383 3658 53 21 tons
454 3654 162 27 merchandise
635 3655 45 26 and
693 3664 38 25 pas-

103 3697 95 24 sengers
209 3689 43 25 and
264 3687 72 28 sailed
345 3690 40 25 the
397 3697 63 16 same
472 3688 47 27 tide
534 3690 70 25 about
616 3693 12 22 9
640 3699 45 25 p.m
707 3692 36 24 for

101 3724 155 25 Grevmouth.

136 3760 45 25 I'iie
194 3759 120 32 following
333 3759 94 35 opinion
451 3768 47 18 was
515 3763 123 32 expressed
657 3765 28 29 by
703 3763 39 26 the

103 3794 101 26 nautical
216 3802 113 18 assessors
339 3795 125 33 appointed
475 3801 24 19 to
517 3798 69 25 make
597 3800 99 29 enquiry
709 3799 22 24 in-

102 3834 23 21 to
147 3829 39 25 the
203 3828 48 26 loss
268 3829 26 26 of
310 3829 40 26 the
367 3838 30 17 s.s
417 3831 54 24 Star
487 3831 26 26 of
531 3831 40 27 the
590 3833 106 32 Evening

184 3868 87 21 master
282 3864 125 25 attributes
418 3866 39 24 the
468 3865 46 25 loss
525 3867 26 23 of
567 3867 40 25 the
625 3869 52 31 ship
689 3872 24 20 to
728 3876 14 16 a

101 3898 71 32 slight
190 3906 62 17 error
273 3899 24 23 in
319 3899 40 24 the
379 3906 114 25 compass,
514 3900 88 31 arising
619 3903 61 24 from
703 3902 39 25 the

101 3933 123 33 dampness
233 3933 26 23 of
270 3932 39 25 tke
320 3932 102 26 weather
428 3933 46 25 and
486 3933 53 26 leak
548 3935 21 24 in
580 3935 41 26 the
628 3935 113 30 binnacle,

100 3968 100 32 causing
210 3976 13 17 a
233 3966 54 27 card
299 3966 65 27 made
374 3969 26 24 of
412 3967 53 31 talc,
476 3970 96 25 covered
592 3972 55 24 with
664 3980 77 26 paper,

101 4008 25 19 to
136 4002 82 27 absorb
231 4003 120 30 moisture,
361 4003 46 25 and
425 4009 38 19 act
479 4003 132 35 sluggishly
628 4007 63 25 after
702 4007 39 26 the

100 4037 75 27 vessel
186 4046 47 17 was
252 4041 40 29 put
305 4038 78 25 before
400 4039 40 25 the
452 4038 70 31 wind,
539 4040 76 26 which
633 4041 94 34 explana-

99 4074 49 25 tion
160 4081 54 24 may
226 4071 109 36 probably
346 4073 28 26 be
381 4078 104 26 correct;
503 4074 40 26 but
551 4076 41 25 the
600 4077 108 32 question
722 4080 18 25 is

100 4116 48 18 was
159 4109 39 26 the
210 4112 93 23 master,
311 4114 22 19 at
343 4111 54 24 9.30
405 4118 54 24 p.m,
469 4109 106 32 justified
581 4112 23 26 in
613 4112 85 34 taking
702 4114 38 26 the

99 4143 75 26 inside
185 4152 97 25 passage
291 4144 10 24 ?
336 4144 36 24 lie
383 4149 71 21 'tates
464 4145 50 25 that
522 4145 31 26 all
561 4146 86 27 vessels
654 4147 86 33 always

99 4179 57 25 take
166 4178 51 25 that
228 4185 104 27 passage,
343 4178 47 25 and
402 4179 23 24 in
437 4180 47 24 this
495 4180 29 25 be
536 4180 19 25 is
572 4181 72 26 borne
654 4188 40 20 out
711 4185 28 25 br

99 4213 42 25 the
151 4213 111 25 evidence
270 4213 27 24 of
306 4216 49 22 two
365 4213 43 32 shi;
423 4219 99 21 masters
528 4215 57 32 long
591 4218 149 32 experienced

99 4255 30 16 on
140 4248 41 25 the
202 4251 71 22 coast.
322 4248 96 32 Taking
439 4249 51 25 into
512 4251 170 26 consideration
701 4254 38 24 the

98 4282 112 25 darkness
221 4283 26 24 of
258 4281 40 26 the
309 4283 75 31 night,
397 4292 34 17 we
441 4292 39 18 are
491 4286 27 24 of
528 4285 94 34 opinion
635 4295 14 16 a
659 4295 80 19 course

99 4316 91 26 outside
201 4317 40 26 the
251 4317 66 26 Ariel
330 4317 81 26 should
423 4319 60 26 have
494 4320 56 26 been
563 4321 97 32 steered,
677 4331 50 25 pass-

97 4353 42 31 ing
150 4359 69 18 seven
230 4361 26 16 or
266 4353 64 31 eight
343 4352 67 25 miles
423 4358 24 20 to
459 4356 39 23 the
510 4356 114 24 eastward
640 4357 60 25 until
712 4358 18 24 In-

96 4391 40 28 got
149 4386 51 27 into
210 4388 63 34 forty
286 4387 104 27 fathoms
400 4389 26 25 of
438 4394 79 25 water,
525 4391 66 26 when
599 4400 15 17 a
621 4393 118 32 northerly

99 4429 80 18 course
190 4423 73 30 might
283 4422 61 25 have
360 4423 58 24 been
435 4424 71 24 taken
520 4425 56 24 with
594 4426 85 31 safety.
713 4429 25 23 In

98 4454 145 32 conclusion,
253 4457 18 26 it
283 4457 20 26 is
314 4456 41 27 but
367 4456 49 32 just
430 4461 22 24 to
463 4459 97 26 observe
571 4460 51 27 that
631 4461 40 26 the
680 4471 45 17 mas-

99 4497 36 21 ter
145 4491 44 26 had
205 4492 66 26 made
282 4494 69 24 about
363 4494 63 32 sixty
438 4502 105 25 voyages
558 4504 30 16 on
598 4496 53 25 that
668 4502 71 22 corict,

96 4527 46 26 and
153 4526 44 26 had
209 4535 71 18 never
289 4527 80 26 before
380 4532 48 22 met
440 4528 55 27 with
508 4538 46 25 any
561 4530 121 30 accident;
694 4533 45 25 and

98 4563 52 25 that
160 4562 31 27 all
202 4571 29 17 on
242 4562 69 26 board
322 4563 30 25 do
370 4563 89 31 readily
470 4568 71 22 attest
562 4570 22 21 to
596 4567 36 24 his
651 4572 88 21 utmost

97 4596 106 35 personal
214 4598 118 25 attention
351 4599 86 31 during
447 4599 40 25 the
499 4601 73 25 whole
583 4602 26 24 of
621 4602 40 26 the
673 4603 65 31 night

97 4640 61 25 upon
172 4633 75 24 which
259 4632 28 26 lie
299 4633 118 26 sustained
430 4634 38 25 the
480 4634 45 25 loss
536 4636 27 23 of
574 4636 36 24 his
621 4636 58 33 ship.

97 4750 287 61 Commercial
426 4753 311 62 Intelligence.

426 4886 87 26 Akgi'S
531 4887 77 31 Ofiic?,

435 4930 91 33 Friday,
541 4931 54 33 May
646 4936 60 23 isf.7.

124 4974 113 26 Business
258 4973 85 33 during
368 4974 39 25 the
434 4980 49 26 past
513 4976 64 24 week
611 4976 42 25 has
680 4979 55 25 been

91 5016 120 35 generally
221 5017 68 33 goo.l.
322 5017 51 25 The
384 5016 98 26 arrival*
494 5018 26 24 of
532 5018 133 35 shipments
677 5021 59 27 have

91 5061 57 25 b?on
168 5060 100 34 entirely
289 5061 106 25 coifml
414 5066 23 20 to
456 5061 40 25 the
508 5067 35 19 tr.i
552 5061 28 30 le,
592 5064 45 24 and
650 5072 68 19 conse-

90 5103 98 35 quently
200 5105 46 24 fair
256 5105 88 33 paying
354 5105 73 33 prices
438 5105 61 25 have
511 5106 13 22 1>
534 5113 35 18 *oa
590 5107 144 27 maintained

89 5151 39 24 for
138 5147 31 26 all
186 5147 85 26 classes
287 5150 26 23 of
328 5147 137 34 provisions,
486 5149 78 29 wines,
585 5152 86 31 spirits,
694 5152 31 25 oil-

90 5192 74 26 men's
185 5195 81 24 stores,
291 5192 115 31 groceries
433 5192 45 24 and
505 5192 69 26 bread
578 5194 74 25 stu!R
703 5197 24 24 in

87 5235 133 28 liorsc-feed
231 5235 66 26 there
308 5236 17 25 is
339 5244 64 17 some
414 5236 108 32 scarcity.
534 5237 45 25 and
593 5238 91 27 holdtr*
695 5249 39 17 are

86 5278 93 33 already
201 5279 86 31 asking
308 5287 29 16 an
359 5279 109 25 advance.
512 5280 50 25 The
583 5278 99 33 arrival;
704 5284 26 23 <,f

85 5322 86 26 timber
179 5321 46 26 and
241 5320 107 34 building
370 5327 55 20 in.tri
433 5322 41 25 rl.il
480 5337 7 6 -
507 5322 60 26 have
585 5324 55 24 been
657 5333 60 17 some-

87 5366 61 27 what
171 5373 133 23 numerous,
325 5366 41 26 but
388 5366 60 25 have
475 5370 48 22 met
543 5367 57 25 with
621 5376 13 17 a
660 5369 71 32 ready
743 5366 1 35 j

84 5409 99 31 market,
199 5413 48 22 two
256 5418 95 23 cargoes
361 5409 128 32 avenging
569 5419 19 15 n»
598 5420 9 15 r
626 5412 103 27 hundred
743 5409 1 32 '

85 5453 129 38 superficial
230 5454 53 24 i'evt.

763 2294 404 51 CHARLESTON
1197 2293 200 49 ARGUS.

884 2398 193 33 SATURDAY,
1094 2401 76 26 MAY
1187 2406 20 25 4,
1227 2405 62 22 1867.

766 2487 48 29 We
829 2496 60 27 may
900 2485 123 31 consider
1035 2489 27 27 at
1076 2486 52 30 last
1141 2486 60 30 that
1215 2487 46 29 the
1276 2488 135 40 Westport

764 2529 53 30 and
844 2527 94 31 Pakihi
961 2533 127 33 tramway
1109 2528 29 36 is,
1164 2529 68 29 after
1246 2530 105 29 various
1370 2535 26 26 at-

765 2574 105 37 tempts,
898 2569 79 41 fairly
999 2570 87 32 under
1112 2582 66 31 way,
1205 2573 54 30 and
1286 2573 73 32 there
1389 2576 25 43 isj

765 2624 79 28 every
858 2612 153 31 reasonable
1025 2614 161 45 probability
1199 2615 67 35 that,
1282 2616 26 27 in
1324 2627 15 18 a
1358 2605 56 40 few!

766 2655 107 32 months
890 2655 23 30 it
927 2653 54 31 will
994 2654 33 30 be
1039 2653 155 40 completed.
1234 2655 56 30 The
1298 2657 116 40 original

766 2703 158 37 prospectus
943 2696 101 34 issued,
1066 2697 42 31 for
1121 2707 107 21 reasons
1250 2699 85 31 which
1350 2702 19 28 it
1390 2690 24 40 iJ

769 2747 175 28 unnecessary
959 2743 28 23 to
1000 2738 70 29 refer
1081 2742 37 26 to,
1143 2739 46 27 has
1213 2740 68 30 been
1303 2731 111 48 ignored?

768 2783 24 30 in
818 2782 54 30 fact
895 2780 34 39 by
944 2779 44 31 the
1002 2779 99 40 public,
1126 2791 42 19 air
1173 2779 5 21 1
1193 2792 15 18 a
1221 2782 119 41 meeting
1360 2773 54 49 was)

767 2822 82 35 called
863 2828 27 26 at
903 2823 137 41 Westport
1053 2834 72 20 some
1139 2824 63 30 time
1218 2826 65 29 back
1298 2831 29 26 to
1350 2827 62 30 take

768 2868 108 31 further
901 2867 53 29 and
982 2876 71 21 more
1076 2867 122 39 vigorous
1219 2869 89 30 action
1325 2870 26 29 in
1366 2872 45 28 the

767 2915 102 27 matter.
912 2911 21 30 A
948 2921 60 20 now
1022 2911 153 32 committee
1195 2923 52 19 was
1261 2913 63 30 then
1347 2914 53 30 elec-

768 2956 45 32 ted
828 2955 168 42 comprising,
1020 2966 28 20 as
1063 2966 53 21 was
1139 2961 69 26 most
1221 2966 103 33 proper,
1347 2958 66 33 both

771 3001 136 37 Westport
931 3000 54 29 and
1009 2999 96 30 Pakihi
1121 3001 139 32 residents,
1284 3002 52 29 and
1350 3013 28 19 as
1398 3013 15 18 a

769 3042 78 41 proof
865 3043 31 30 of
917 3041 70 32 their
999 3043 113 42 activity
1135 3044 52 29 and
1201 3048 176 33 earnestness,
1399 3056 15 18 a

769 3086 78 30 letter
870 3097 53 19 was
947 3086 106 30 written
1067 3086 52 31 and
1142 3086 163 40 despatched
1321 3092 27 25 to
1369 3090 45 30 the

769 3129 228 40 Superintendent
1011 3129 93 31 within
1125 3132 177 39 twenty-four
1325 3131 88 41 hours,

768 3173 95 40 asking
877 3172 141 38 definitely
1028 3173 68 29 what
1107 3178 109 35 support
1229 3173 44 30 the
1284 3184 130 31 company

769 3216 85 40 might
878 3220 95 37 expect
998 3216 68 30 from
1081 3216 45 31 the
1151 3217 189 40 Government,
1362 3219 51 31 and

769 3261 101 38 stating
884 3259 57 30 that
955 3260 45 28 the
1024 3260 98 40 publi*,
1150 3272 33 18 0:1
1203 3261 79 41 being
1303 3264 111 31 assured

769 3314 32 19 on
820 3302 54 32 this
898 3301 74 31 head,
999 3313 68 21 were
1093 3304 128 40 prepared
1242 3309 30 26 at
1294 3316 65 21 once
1385 3312 29 27 to

769 3354 151 23 commence
940 3347 78 28 work.
1058 3347 54 30 The
1136 3346 126 42 meeting,
1285 3360 37 20 we
1342 3351 71 31 hear,

770 3400 53 21 was
837 3400 12 19 a
866 3389 71 40 large
952 3400 59 23 one,
1033 3390 51 31 and
1105 3391 45 30 the
1164 3391 100 41 feeling
1278 3403 52 21 was
1346 3401 68 24 most

769 3433 120 33 strongv
917 3434 25 28 in
969 3434 75 30 favor
1072 3435 28 29 of
1132 3434 45 32 the
1204 3436 106 30 scheme
1336 3437 68 29 b-jin<
1408 3449 6 10 r

756 3477 2 48 j
769 3478 101 32 floated
883 3480 27 27 at
924 3487 75 22 oiu*e.
1040 3477 58 33 The
1112 3478 142 33 cr»ni!iiitto«
1258 3491 5 9 j
1265 3504 6 12 ,
1287 3481 53 30 :ui.l
1353 3493 60 28 very

756 3516 2 48 !
770 3522 88 39 wisely
876 3526 34 30 to,
926 3521 26 30 in
967 3533 49 19 our
1038 3523 119 38 opinion,
1173 3523 121 30 declined
1318 3529 27 25 to
1367 3531 47 33 put

756 3566 2 45 j
769 3568 49 26 out
831 3575 53 30 any
899 3575 158 29 prospectus
1071 3567 39 28 till
1125 3568 63 38 they
1200 3566 51 30 li:id
1263 3570 150 38 something

768 3608 111 30 definite
894 3612 28 24 to
937 3613 48 34 put
1000 3608 111 31 forward
1126 3615 26 24 to
1171 3610 74 29 those
1259 3611 114 40 wishing
1386 3617 27 24 to

769 3650 62 31 take
845 3650 95 31 shares.
986 3652 24 29 It
1024 3651 21 30 is
1059 3653 35 30 all
1118 3663 62 28 very
1197 3653 59 30 well
1277 3657 137 38 assuming

769 3694 59 29 that
843 3693 44 30 tlie
903 3698 5 23 (
920 3700 167 25 rnverninent
1104 3696 89 30 would
1216 3697 34 29 do
1265 3697 59 36 tliis,
1346 3699 65 34 that,

756 3730 1 52 j
767 3747 29 19 or
809 3737 44 29 the
868 3738 93 37 other;
982 3739 115 40 possibly
1113 3740 61 39 they
1190 3751 66 29 may,
1270 3740 47 31 but
1329 3742 84 30 words

756 3780 1 49 j
768 3780 105 30 written
898 3792 44 19 are
965 3792 72 21 more
1063 3784 113 39 binding
1199 3787 64 26 than
1280 3786 86 29 words
1386 3787 28 28 of

756 3815 1 59 j
767 3824 101 34 mouth,
884 3824 52 31 and
950 3824 76 31 those
1040 3825 136 41 investing
1199 3827 95 40 capital
1316 3828 96 31 should

756 3867 1 37 j
767 3867 33 28 be
813 3867 99 37 clearly
926 3868 131 29 informed
1071 3879 28 18 as
1118 3874 27 24 to
1159 3870 45 29 the
1219 3871 83 29 whole
1317 3872 96 29 details

756 3909 1 43 j
766 3909 31 28 of
807 3918 33 19 an
855 3909 181 40 undertaking
1051 3911 25 28 in
1089 3911 86 30 which
1190 3911 65 40 they
1268 3923 45 20 are
1331 3913 80 30 about

756 3951 1 44 j
767 3956 28 25 to
809 3951 116 31 embark.
969 3952 91 32 When
1076 3953 46 32 the
1136 3955 76 40 reply
1229 3956 46 30 h.ts
1290 3956 67 30 been
1373 3968 25 18 re-

766 3994 100 34 ceived,
881 3995 53 31 and
948 4007 14 19 a
976 3996 73 29 short
1070 3997 64 30 time
1157 3999 98 30 should
1269 4000 88 29 suffice
1372 4003 40 28 for

756 4029 72 58 jthis.
844 4038 45 29 the
903 4040 154 30 committee
1072 4040 53 30 will
1150 4052 108 31 prepare
1273 4043 43 30 the
1339 4053 56 30 pros-

766 4085 99 36 pectus,
880 4082 52 30 and
946 4083 75 30 when
1032 4083 130 32 sufficient
1173 4086 91 31 shares
1273 4099 44 19 are
1330 4088 80 32 taken

756 4123 1 46 j
765 4135 46 32 up,
825 4137 14 18 a
854 4131 157 34 permanent
1025 4129 153 31 commit,ee
1195 4130 52 30 will
1267 4131 31 29 be
1313 4132 97 31 chosen

756 4164 1 47 j
765 4168 35 40 by
813 4168 46 30 the
872 4168 182 32 shareholders
1068 4176 28 24 to
1112 4181 74 30 carry
1197 4176 48 27 out
1257 4173 48 32 the
1316 4174 91 31 works.

756 4211 86 45 I.since
858 4212 45 30 the
929 4213 103 38 project
1058 4224 54 20 was
1138 4216 107 29 mooted
1273 4216 136 40 Westport

766 4253 45 30 has
838 4255 67 29 risen
932 4255 58 30 into
1018 4256 102 31 sudden
1155 4259 172 38 importance,
1357 4261 52 29 and

756 4296 1 46 |
764 4296 102 41 though
878 4297 76 31 there
969 4299 21 29 is
1005 4309 61 28 very
1082 4300 68 30 little
1172 4301 84 31 doubt
1270 4302 59 30 that
1350 4304 59 31 that

764 4340 105 30 district
895 4340 47 30 has
966 4342 63 28 been
1051 4353 62 19 over
1126 4344 104 36 rushed,
1256 4346 55 29 still
1335 4346 74 31 there

764 4388 97 25 c.mnot
875 4383 31 30 be
920 4395 15 19 a
948 4390 122 33 question
1086 4387 28 27 of
1134 4388 70 38 good
1217 4389 111 37 payable
1341 4392 55 28 auri-

756 4427 1 46 ;
765 4427 87 27 ferous
877 4427 104 37 ground
1004 4427 117 40 existing
1146 4429 26 30 in
1196 4431 44 29 the
1265 4431 127 42 neighbor-

756 4469 86 45 hood,
858 4469 85 30 which
957 4470 55 30 will
1035 4481 58 20 now
1110 4473 30 29 be
1162 4474 103 37 opened
1290 4485 43 29 up,
1353 4478 54 29 and

765 4512 53 29 will
831 4512 128 41 probably
973 4514 85 31 retain
1072 4527 15 18 a
1101 4516 50 30 fair
1165 4517 75 30 share
1254 4518 30 28 of
1299 4520 93 38 popula-

764 4555 65 29 tion.
889 4556 43 29 No
955 4568 50 19 one
1020 4558 53 28 will
1099 4559 30 29 be
1152 4561 83 38 hardy
1257 4574 30 17 or
1311 4562 93 31 foolish

756 4590 1 51 1
764 4598 108 39 enough
887 4603 28 25 to
929 4599 106 41 dispute
1047 4600 58 31 that
1120 4602 35 39 by
1170 4603 43 30 the
1225 4604 146 32 formation
1379 4607 30 30 of

756 4641 1 44 i
764 4650 15 20 a
793 4641 52 30 line
860 4642 30 29 of
910 4641 43 30 the
970 4642 65 31 kind
1049 4648 74 34 great
1138 4646 161 39 advantages
1319 4649 87 29 would

763 4693 39 20 acv
811 4694 43 19 rn_*
870 4690 26 23 to
920 4683 65 31 both
999 4685 94 38 places,
1115 4688 52 28 and
1190 4690 57 28 that
1270 4701 28 19 as
1312 4702 32 18 an
1366 4692 26 29 in-

756 4726 1 44 !
764 4730 132 25 vestment
910 4726 21 29 it
945 4727 89 30 would
1049 4738 78 30 prove
1152 4730 94 40 highly
1268 4732 136 32 lucrative.

756 4768 1 42 ;
765 4768 23 28 A
813 4768 50 29 few
887 4768 87 30 weeks
995 4779 50 30 ago
1059 4769 46 33 the
1122 4772 90 31 Pakihi
1237 4784 53 21 was
1310 4775 96 33 looked

756 4811 1 47 j
763 4821 71 29 upon
849 4822 28 21 as
891 4811 46 31 the
954 4812 72 41 only,
1052 4825 35 25 or,
1116 4821 28 24 at
1167 4816 74 37 least,
1270 4818 43 30 the
1335 4820 74 30 chief

762 4864 90 19 source
866 4855 66 28 from
954 4855 85 29 which
1061 4858 96 38 capital
1181 4860 77 29 could
1272 4860 33 31 be
1319 4863 86 31 raised

762 4902 28 25 to
803 4908 75 29 carry
902 4898 20 29 it
936 4903 56 30 out,
1016 4898 48 31 but
1079 4911 57 19 now
1160 4903 131 30 first-class
1312 4906 93 31 houses

762 4950 43 20 are
830 4941 82 40 being
937 4941 161 32 established
1124 4949 27 25 at
1181 4946 144 42 Westport,
1352 4953 52 28 and

762 4983 63 30 such
839 4985 23 28 is
875 4984 45 28 the
934 4986 153 30 confidence
1101 4987 28 29 in
1143 4988 45 29 the
1202 4998 103 23 success
1319 4993 27 29 of
1360 4993 44 29 the
1413 4983 1 48 |

762 5036 35 20 un
807 5026 134 41 lertaking
953 5026 59 31 that
1027 5038 38 21 we
1077 5029 48 30 feel
1137 5033 109 29 assured
1259 5034 44 28 the
1314 5035 90 32 shares
1413 5018 1 49 !

762 5069 52 29 will
828 5070 102 38 readily
947 5069 32 29 be
1002 5070 153 32 subscribed
1170 5075 40 27 for
1233 5076 26 28 in
1273 5076 35 29 all
1328 5088 60 28 quar-

760 5116 61 26 ters.
863 5112 49 30 We
927 5123 60 29 may
998 5124 47 29 say
1060 5114 59 30 that
1134 5116 44 30 the
1194 5117 96 31 Pakihi
1299 5122 101 40 people,

761 5154 122 30 business
901 5165 60 19 men
982 5156 51 28 and
1049 5157 104 36 miners,
1176 5169 42 20 are
1232 5162 94 29 almost
1341 5172 27 20 to
1388 5176 14 17 a

758 5206 61 21 m.ui
828 5197 112 31 anxious
951 5196 42 32 for
1003 5197 44 31 the
1061 5203 145 38 tramway;
1227 5202 46 31 but

758 5240 40 29 for
812 5252 15 18 a
835 5240 78 40 thing
924 5240 64 30 does
1009 5244 49 27 not
1072 5242 78 41 bring
1171 5245 29 29 it.
1243 5248 48 29 Let
1317 5260 29 18 us
1366 5252 34 28 all

758 5288 46 32 put
819 5294 48 17 our
880 5283 141 31 shoulders
1035 5289 28 24 to
1077 5285 44 30 the
1135 5287 92 37 wheel,
1242 5290 52 29 and
1310 5293 63 29 with
1386 5304 14 18 a

758 5323 61 40 long
833 5325 65 39 pull,
920 5325 51 30 and
990 5337 14 18 a
1028 5332 91 36 strong
1141 5330 63 38 pull,
1227 5333 52 29 and
1303 5344 14 19 a
1344 5336 55 38 pull

756 5368 156 39 altogether,
936 5368 61 41 help
1022 5370 19 29 it
1063 5370 80 40 along
1166 5373 33 39 by
1214 5379 186 40 co-operating

756 5410 113 39 lioirtily
883 5412 63 28 with
1028 5414 200 31 U'estMnrtian*.
1289 5420 63 32 Two
1372 5423 28 29 of

771 5464 16 20 u
812 5459 50 24 tow
877 5457 3 38 i
900 5464 57 19 mo-.;
976 5465 66 20 w.'te
1057 5457 100 31 cii'cted
1173 5469 41 22 iae
1228 5461 75 33 nbers
1314 5464 28 30 of
1353 5464 45 31 the
1411 5457 1 38 !

1393 176 162 34 <-omiiiittee,
1570 175 53 31 and
1648 175 149 32 undertook
1811 178 28 27 to
1860 185 109 20 canvass
1990 175 44 29 the
2046 170 3 40 I

1393 218 110 32 district.
1544 218 73 40 They
1632 218 52 31 will
1704 219 31 30 be
1749 219 89 37 round,
1854 229 37 19 we
1906 228 128 31 presume,

1394 274 28 17 as
1435 272 65 20 soon
1514 274 28 18 as
1557 263 45 29 the
1617 268 151 33 prospectus
1778 263 22 28 is
1810 262 95 29 issued.
1949 263 7 27 1
1963 274 17 17 u
1991 263 43 28 the

1397 304 165 34 meanwhile,
1577 304 36 30 let
1628 315 79 28 every
1721 315 47 19 one
1779 304 73 30 make
1864 315 34 28 up
1910 304 41 30 his
1963 304 74 30 mind

1396 353 27 23 to
1437 347 61 29 take
1512 359 27 16 as
1554 357 79 29 many
1647 348 88 28 shares
1749 358 26 19 as
1797 348 122 40 possible,
1933 347 52 30 and
2000 348 36 29 let

1399 390 19 29 it
1434 390 31 28 be
1480 389 176 30 remembered
1670 385 129 38 thesis
1823 395 46 24 not
1882 393 27 26 to
1923 390 32 29 be
1979 389 60 39 paid

1400 433 38 28 for
1451 439 26 23 at
1492 443 72 20 once,
1580 433 45 29 but
1647 440 125 23 mvmont
1787 432 50 29 will
1863 433 32 28 be
1910 432 129 31 extended

1403 487 58 19 over
1484 486 71 19 some
1578 478 116 32 mouths,
1716 489 28 17 so
1766 477 55 30 that
1841 477 73 29 there
1929 487 42 19 are
1992 477 49 29 few

1404 522 45 26 but
1483 530 47 19 can
1564 523 66 25 meet
1658 520 61 28 calls
1744 530 27 18 so
1802 519 82 32 made.
1947 519 96 29 Whilst

1403 562 98 39 largely
1524 561 145 40 benefiting
1690 562 46 30 the
1750 561 96 32 Bullcr,
1868 562 44 29 the
1927 563 74 29 work
2021 561 22 29 is

1404 605 54 30 also
1472 604 30 29 of
1514 604 43 29 the
1572 611 68 24 moot
1655 609 114 26 moment
1774 615 42 19 ;ms
1830 604 166 42 importance
2018 609 25 24 to

1405 648 46 29 the
1477 647 99 29 Pakihi.
1638 651 36 26 At
1698 649 55 28 first
1777 648 27 27 W
1809 652 97 34 estport
1921 660 52 18 wis
1992 642 65 34 am-1

1407 690 98 30 bitious
1518 690 107 39 enough
1639 695 29 24 to
1692 691 65 36 hope
1771 690 56 30 that
1843 691 33 38 by
1890 700 89 20 means
1993 689 29 30 of
2033 699 11 19 a

1411 740 124 33 tramway
1550 734 45 29 she
1611 733 85 30 would
1711 734 31 29 be
1755 733 222 40 advantageously
1990 731 59 31 able

1413 785 26 21 10
1453 776 97 40 supply
1562 776 53 29 tliis
1630 777 108 36 market,
1750 776 51 29 and
1808 776 125 40 although
1946 773 105 41 obliged

1403 825 36 35 jto
1452 818 133 31 moderate
1604 820 70 28 their
1695 820 186 38 expectations,
1907 820 72 28 there
2003 828 48 18 can

1403 859 1 41 1
1414 862 30 28 be
1459 872 33 17 110
1506 861 124 38 question
1644 861 59 30 that
1716 863 44 26 the
1776 861 98 39 facility
1890 862 62 28 with
1967 859 85 30 which

1415 914 153 29 passengers
1594 904 52 29 and
1672 904 82 38 goods
1776 914 57 29 may
1860 905 30 28 be
1913 901 141 40 conveyed,

1414 947 53 29 and
1481 947 45 28 the
1547 945 151 42 increasing
1721 947 80 29 traffic
1814 947 29 28 of
1861 947 45 29 the
1929 946 125 34 districts,

1415 990 44 30 the
1473 990 82 38 cheap
1569 992 57 27 cost
1640 988 30 31 of
1681 990 177 40 constructing
1869 990 44 29 the
1928 990 61 35 line,
2004 987 51 31 and

1403 1032 2 40 1
1416 1034 45 29 the
1474 1034 111 29 absence
1599 1033 29 29 of
1646 1044 50 28 any
1712 1033 131 30 extensive
1868 1034 84 29 works
1966 1033 26 30 in
2012 1032 45 28 the

1404 1073 2 48 I
1416 1079 83 37 shape
1521 1077 28 29 of
1571 1076 114 41 bridges,
1702 1079 52 31 &c.,
1776 1077 46 30 but
1837 1076 59 31 that
1909 1076 47 31 the
1977 1080 65 26 trani-

1405 1119 1 39 -1
1420 1131 55 27 way
1498 1121 52 27 will
1576 1130 80 28 prove
1677 1131 14 17 a
1712 1121 100 37 perfect
1835 1129 110 27 success,
1968 1119 52 29 and
2041 1128 14 18 a

1405 1159 3 42 I
1418 1173 89 20 source
1525 1164 28 28 of
1578 1162 177 31 considerable
1776 1162 86 39 profit,
1884 1162 24 30 if
1931 1159 126 40 carefully

1420 1206 136 38 managed,
1572 1211 27 23 to
1614 1206 45 29 the
1675 1211 149 34 promoters.

1460 1332 53 32 We
1522 1333 95 35 notice,
1627 1332 33 39 by
1670 1333 129 30 reference
1811 1338 25 24 to
1844 1332 216 36 advertisement,

1421 1376 58 28 that
1494 1376 45 30 the
1553 1376 112 39 spirited
1679 1376 159 40 proprietary
1850 1376 29 29 of
1891 1375 172 29 Johnstone's

1424 1418 161 31 Melbourne
1615 1419 77 29 Hotel
1719 1429 108 29 purpose
1853 1419 120 39 opening
2002 1418 59 30 that

1422 1462 201 31 establishment
1648 1462 53 31 this
1723 1463 125 40 morning.
1897 1462 75 30 With
1994 1462 70 30 their

1424 1511 152 33 customary
1590 1505 137 39 liberality
1740 1507 59 37 they
1811 1507 53 28 will
1878 1505 132 30 entertain
2029 1506 35 29 all

1423 1559 103 21 coiners
1540 1549 52 29 free
1606 1549 28 29 of
1647 1549 93 39 charge
1755 1550 117 29 between
1886 1549 46 29 the
1948 1549 78 29 hours
2037 1549 30 29 of

1428 1592 78 30 10*30
1519 1590 53 32 and
1590 1592 79 29 12*3U
1690 1602 77 26 noon,
1791 1592 74 30 when
1887 1591 37 31 all
1950 1602 43 19 are
2014 1602 39 19 cor-

1426 1635 80 38 dially
1520 1634 110 31 invited.
1670 1635 98 31 Messrs
1781 1635 110 30 Somner
1902 1646 35 19 an
1947 1635 9 30 i
1977 1636 69 30 John-

1425 1684 75 23 stone
1514 1678 99 39 having
1636 1679 64 29 been
1715 1688 95 28 among
1822 1679 44 29 the
1881 1679 58 28 first
1953 1683 27 26 to
2001 1689 46 28 sup-

1427 1722 43 38 ply
1498 1721 82 39 really
1609 1721 137 31 tirst-cla*.
1768 1722 229 30 accommodation
2027 1723 40 28 for

1428 1763 99 42 parties
1540 1764 120 31 resident
1681 1766 26 28 in
1726 1775 28 19 or
1768 1765 108 39 visiting
1900 1765 167 31 Charleston,

1428 1810 20 26 it
1462 1808 22 28 is
1498 1813 26 23 to
1538 1808 32 28 be
1585 1808 86 40 hoped
1684 1809 59 28 that
1756 1808 67 30 their
1844 1809 77 39 spirit
1935 1809 28 28 of
1985 1814 70 25 enter-

1429 1851 68 40 prise
1512 1851 54 30 will
1580 1856 70 25 meet
1670 1851 65 30 with
1757 1853 44 28 the
1823 1852 180 42 appreciation
2018 1852 51 31 and

1429 1899 109 37 support
1552 1895 20 30 it
1586 1895 128 38 certainly
1717 1893 107 33 Merits.

1473 1937 48 29 We
1543 1937 89 31 notice
1650 1938 44 28 the
1708 1937 93 30 arrival
1814 1939 29 28 of
1861 1938 99 30 Father
1975 1939 94 37 Royer,

1430 1980 59 30 who
1503 1990 126 30 purposes
1642 1979 115 42 residing
1770 1980 26 31 in
1813 1981 162 31 Charleston.
2016 1982 54 31 The

1432 2024 125 31 reverend
1582 2025 156 38 gentleman
1764 2025 50 30 will
1840 2026 62 29 take
1930 2027 93 38 charge
2044 2028 30 28 of

1432 2067 53 31 this
1498 2067 113 35 district,
1629 2067 52 30 and
1694 2067 54 31 also
1764 2068 61 30 visit
1839 2069 136 39 Brighton.
2015 2069 55 31 The

1435 2110 121 32 Catholic
1570 2110 116 35 Church,
1710 2110 93 31 tender
1824 2112 41 30 for
1890 2112 46 30 the
1957 2112 113 30 erection

1434 2155 28 28 of
1482 2153 86 31 which
1582 2164 53 20 was
1655 2154 123 40 accepted
1798 2164 15 18 a
1835 2156 51 29 few
1909 2156 66 40 days
1997 2155 75 30 back,

1435 2197 54 31 will
1505 2197 30 30 be
1550 2199 101 37 opened
1667 2199 31 40 by
1714 2199 54 28 him
1782 2197 75 32 when
1870 2199 159 39 completed.

1472 2241 39 30 At
1524 2251 15 19 a
1552 2241 97 30 second
1663 2241 167 40 preliminary
1854 2243 121 39 meeting
1989 2243 26 28 of
2030 2241 43 30 the

1437 2284 169 30 Manchester
1630 2284 85 39 Unity
1741 2284 179 39 Independent
1947 2285 85 31 Order
2048 2284 29 30 of

1437 2328 63 31 Odd
1516 2326 119 40 Fellows,
1657 2328 59 30 held
1739 2338 35 20 on
1796 2328 140 41 Thursday
1950 2329 124 39 evening,

1435 2375 28 26 at
1477 2371 167 30 Crewdson's
1667 2371 83 40 Royal
1770 2371 81 37 hotel,
1876 2373 23 28 it
1917 2382 52 19 was
1983 2373 76 29 unani-

1437 2414 104 38 mously
1567 2414 103 32 carried
1699 2413 59 32 that
1783 2424 15 19 a
1829 2414 182 41 dispensation
2043 2415 32 29 be

1436 2457 110 40 applied
1559 2458 40 29 for
1620 2457 196 39 immediately
1821 2457 67 31 from
1909 2458 46 29 the
1971 2458 102 30 Nelson

1435 2500 105 28 district
1552 2504 28 24 to
1594 2511 69 27 open
1677 2510 15 18 a
1706 2500 78 37 lodge
1797 2500 30 28 of
1845 2501 45 27 the
1903 2501 83 29 above
1999 2500 78 29 order

1435 2545 27 27 at
1476 2540 560 37 Charleston—^^mnrotee,consisting
2049 2543 28 29 of

1436 2585 69 35 four,
1529 2595 53 20 was
1819 2595 76 29 carry
1910 2592 46 24 out
1970 2586 47 30 the
2030 2585 30 30 ob-

1421 2628 1 36 \
1432 2628 68 36 jects
1513 2628 28 26 of
1848 2629 45 30 the
1908 2639 91 21 names
2013 2629 28 28 of
2061 2638 14 19 a

1437 2669 110 32 number
1945 2671 131 32 members

1421 2709 1 35 f
1439 2725 67 15 wcro
1893 2709 127 35 Jbenefita
2033 2714 29 28 de-

1439 2752 71 29 rived
1536 2752 35 38 1-y
1815 2754 29 29 of
1867 2754 52 30 this
1937 2754 98 40 society
2050 2754 26 29 in

1424 2790 2 46 |
1439 2795 65 31 time
1519 2796 25 28 of
1559 2795 72 29 need*
1649 2806 31 20 or
1700 2797 116 29 sickness
1836 2806 43 21 are
1895 2798 55 29 weil
1966 2798 106 36 known,

1424 2850 41 29 lso
1493 2838 59 29 that
1578 2838 21 29 it
1625 2839 115 39 scarcely
1763 2839 122 31 devolves
1910 2852 70 27 upon
2005 2852 31 18 us
2050 2847 27 23 to

1424 2881 3 40 |
1437 2881 82 30 dilate
1532 2892 70 28 upon
1618 2881 45 30 the
1677 2882 82 39 point.
1818 2883 37 30 At
1869 2883 47 32 the
1930 2895 69 19 same
2015 2884 63 30 time

1439 2925 24 30 in
1481 2926 127 38 referring
1622 2931 26 24 to
1671 2926 73 32 these
1766 2927 172 41 advantages,
1962 2930 20 28 it
1997 2928 21 30 is
2033 2929 30 29 im-

1425 2969 127 43 possible
1575 2976 28 25 to
1629 2970 125 32 overlook
1780 2972 43 31 tlio
1849 2984 34 28 gj
1895 2973 25 31 ul
1946 2972 81 41 likely
2050 2975 28 30 to

1437 3024 92 19 accrue
1545 3014 66 28 from
1625 3014 45 28 the
1684 3013 199 32 establishment
1901 3017 29 29 of
1949 3027 15 19 a
1978 3016 98 31 branch

1425 3057 41 44 jof
1500 3056 54 30 this
1584 3055 118 32 valuable
1747 3059 75 30 order
1854 3058 27 32 in
1914 3060 163 32 Charleston.

1425 3100 3 45 !
1440 3100 122 30 Another
1576 3100 124 42 pleasing
1712 3101 104 33 feature
1837 3104 85 31 v.lnch
1937 3104 142 41 especially

1426 3142 2 45 !
1439 3142 181 33 recommends
1644 3145 211 42 o;td-fel!ow.->iup
1870 3154 25 24 to
1909 3149 133 29 attention
2058 3150 22 27 is

1426 3187 2 35 i
1439 3187 43 30 the
1496 3187 147 33 admirable
1667 3200 107 22 manner
1797 3202 24 19 n
1837 3191 86 31 which
1938 3192 44 29 the
1998 3192 80 29 linan-

1426 3233 3 36 I
1440 3233 50 30 eial
1504 3233 172 31 denartmeot
1698 3236 30 28 oi'
1749 3236 42 30 the
1815 3237 75 29 order
1905 3237 20 29 is
1942 3236 136 33 manured,

1541 3265 5 10 l
2018 3263 16 12 O
2073 3263 5 9 7

1427 3278 4 42 •
1441 3278 143 29 evidenced
1611 3278 33 38 l»y
1671 3279 33 28 its
1725 3280 149 40 popularity
1897 3279 53 29 and
1965 3280 44 28 the
2025 3278 54 30 t'act

1427 3316 3 45 I
1441 3320 57 31 that
1514 3332 33 28 up
1561 3325 27 25 to
1617 3322 45 29 the
1687 3327 105 34 present
1817 3323 64 29 time
1905 3323 70 30 t!i::r
1999 3322 80 29 funds

1427 3364 108 39 iexceed
1546 3375 72 19 conn
1632 3365 97 38 lerafrly
1742 3367 73 29 three
1829 3365 116 30 aiiiiioii-s
1959 3366 119 37 sterling.

1479 3407 45 29 We
1538 3410 101 27 extract
1652 3407 45 29 the
1721 3408 134 33 following
1875 3409 149 32 resoccting
2036 3408 45 28 the

1427 3438 2 17 I
1605 3438 4 17 .
1738 3438 3 17 .
1919 3438 4 17 1

1427 3450 2 31 .
1441 3459 100 20 reman
1555 3450 159 30 excitement
1738 3452 25 28 in
1780 3450 63 30 New
1867 3450 73 30 York
1953 3451 68 30 from
2038 3450 42 30 the

1427 3494 3 42 j
1442 3502 5 6 •
1460 3494 66 28 New
1544 3494 71 29 York
1631 3494 134 37 Tribune,'
1789 3495 26 28 of
1838 3495 92 28 March
1960 3495 62 28 11th
2038 3505 41 18 :

1468 3537 55 30 The
1536 3537 101 39 feeling
1659 3547 98 29 among
1783 3537 111 31 Fenians
1918 3538 26 29 in
1959 3537 54 30 this
2026 3537 54 38 city

1439 3589 27 19 in
1481 3580 93 39 regard
1589 3586 26 22 to
1631 3580 42 29 the
1778 3580 66 30 from
1865 3580 107 30 Ireland
1986 3581 21 28 is
2023 3590 57 19 now

1439 3627 26 25 at
1493 3624 33 28 its
1553 3622 105 41 height..
1692 3623 53 29 The
1776 3623 83 30 desire
1886 3626 28 27 to
1935 3622 73 32 learn
2035 3623 44 31 the

1427 3666 2 31 !
1439 3672 57 24 true
1510 3670 70 26 state
1605 3666 29 30 of
1657 3666 85 30 alFairfc
1770 3667 24 29 in
1820 3667 45 29 the
1889 3668 89 29 Green
1994 3667 50 30 Isle
2058 3668 23 28 is

1510 3709 140 36 unabated,
1676 3709 49 31 ami
1741 3709 46 30 the
1802 3711 158 28 excitement
1974 3710 22 29 is
2010 3709 70 40 fully

1427 3753 1 40 :
1438 3763 30 19 as
1482 3754 113 29 feverish
1610 3764 28 18 as
1658 3754 19 29 it
1700 3763 51 20 was
1765 3754 97 39 during
1883 3754 45 29 the
1942 3753 136 31 rebellion.

1427 3796 2 39 !
1439 3796 84 29 There
1544 3796 20 28 is
1587 3807 15 17 a
1626 3801 57 24 vast
1706 3796 62 30 field
1784 3797 40 28 fur
1845 3796 152 39 conjecture
2010 3807 28 20 as
2052 3801 27 24 to

1426 3839 2 39 ;
1438 3839 73 37 facts,
1527 3840 52 29 and
1594 3850 62 28 very
1670 3840 68 29 little
1752 3840 66 30 faith
1842 3840 22 29 is
1878 3840 159 30 manifested
2053 3840 24 29 in

1426 3880 56 30 'the
1499 3881 83 30 Cable
1596 3882 156 38 dispatcher,
1765 3892 27 19 as
1806 3883 20 27 it
1842 3882 21 27 is
1885 3882 121 29 believed
2022 3882 56 29 that

1437 3934 14 18 a
1465 3923 69 40 rigid
1549 3925 153 39 censorship
1723 3934 22 20 is
1769 3923 124 31 enforced
1915 3934 34 19 oil
1973 3923 35 30 all
2022 3924 41 29 dis-

1438 3968 109 37 patches
1570 3968 145 39 traversing
1735 3967 46 29 the
1806 3967 82 29 wires.
1929 3967 56 29 The
2000 3967 63 30 head-

1425 4019 134 38 quarters
1573 4011 28 29 in
1625 4010 222 31 Chatham-street
1875 4020 69 20 were
1958 4010 118 30 crowded

1424 4054 48 43 jail
1486 4054 138 40 yesterday
1640 4053 64 31 with
1725 4064 76 29 eager
1822 4054 115 30 Fenians
1951 4054 27 29 i:i
2000 4060 77 34 (piest

1424 4097 2 42 !
1436 4097 29 30 of
1477 4098 173 41 inteiligence.
1703 4100 23 27 A
1742 4097 110 31 number
1865 4109 25 18 oi
1906 4097 100 30 otficers
2020 4097 56 32 also

1424 4141 1 34 ,
1436 4142 83 28 called
1541 4142 99 33 during
1664 4142 45 29 the
1730 4141 59 34 day,
1812 4141 162 34 commi-dug
1998 4151 76 23 many

1622 4168 17 11 O
1764 4169 9 10 %>
1784 4169 5 7 '
1870 4170 8 9 L
1957 4168 4 12 <■
1968 4168 4 12 >
2058 4168 10 12 »'

1436 4184 196 39 distinguished
1655 4184 111 30 soldiers
1791 4184 58 29 who
1871 4185 51 29 had
1945 4195 63 19 seen
2024 4195 37 19 ser-

1436 4228 55 28 vice
1518 4228 97 38 during
1639 4226 45 30 the
1705 4236 54 20 war
1784 4227 38 29 for
1847 4227 44 29 the
1909 4226 96 35 Union,
2022 4228 52 28 aud

1423 4269 2 40 i
1434 4269 101 32 offered
1557 4269 157 30 themselves
1740 4269 40 28 fur
1804 4269 66 39 duty
1898 4269 111 29 without
2023 4280 51 29 any

1436 4323 175 28 recompense.
1644 4311 112 32 General
1771 4311 110 30 Glee.soa
1899 4312 46 29 left
1961 4313 45 30 tiie
2020 4313 53 38 city

1434 4356 40 29 for
1491 4355 181 40 Washington,
1696 4366 32 20 on
1756 4355 130 39 Saturday
1900 4355 132 40 morning,

1433 4410 63 27 urge
1510 4410 72 27 upon
1597 4400 45 28 the
1662 4398 140 30 American
1824 4399 184 28 Government
2022 4400 51 27 and

1423 4441 140 41 .Congress
1577 4451 14 20 a
1613 4440 98 42 speedy
1731 4440 162 40 recognition
1905 4440 28 30 of
1946 4439 45 31 the
2005 4440 68 32 Irish

1434 4486 92 38 people
1552 4496 28 17 as
1626 4485 174 38 belligerents.
1860 4483 56 30 The
1949 4483 122 32 different
2080 4483 1 41 ;

1423 4522 1 45 •
1436 4529 100 30 Fenian
1551 4528 90 30 circles
1663 4538 58 29 may
1746 4527 31 30 be
1799 4527 57 30 said
1877 4532 26 25 to
1918 4527 30 30 be
1963 4527 110 40 holding
2080 4522 1 45 j

1433 4570 205 40 uninterrupted
1660 4572 98 28 session
1778 4570 41 28 for
1842 4570 47 31 the
1916 4580 115 29 purpose
2046 4574 29 26 of
2080 4570 1 40 ;

1423 4612 1 41 !
1432 4614 123 39 carrying
1568 4619 47 25 out
1629 4614 47 31 the
1697 4614 72 29 work
1792 4612 136 40 asssigned
1952 4616 27 26 to
2000 4614 71 29 them

1423 4654 1 46 i
1434 4657 33 37 by
1481 4657 45 29 the
1552 4657 80 30 needs
1655 4657 28 29 of
1704 4659 45 27 the
1770 4656 203 37 organizations.
2015 4657 57 28 The
2080 4654 1 46 j

1423 4694 1 43 '
1432 4699 64 38 only
1510 4701 134 28 executive
1665 4700 84 28 officer
1763 4705 26 23 at
1812 4698 46 30 the
1874 4698 197 39 head-quarters
2080 4694 1 43 '

1423 4740 1 44 I
1431 4746 27 24 at
1472 4747 108 33 present
1601 4743 22 28 is
1646 4742 53 30 Mr.
1726 4743 30 28 A.
1774 4743 31 27 A.
1829 4740 103 37 Griffin,
1951 4741 57 29 who
2024 4741 47 29 has
2080 4740 1 44 j

1423 4783 1 36 I
1431 4784 83 30 entire
1528 4784 99 30 control
1639 4785 28 29 of
1681 4783 44 32 the
1747 4790 184 29 management
1945 4785 30 28 of
1984 4784 87 30 affairs
2080 4783 1 36 j

2080 4815 1 17 I

1423 4827 1 43 I
1431 4828 97 35 during
1528 4827 3 43 1
1540 4829 45 28 the
1599 4829 110 28 absence
1723 4830 31 27 of
1765 4827 244 30 GeneralGleeson.
2026 4828 43 29 All
2080 4827 1 43 j

1423 4865 1 48 |
1432 4870 44 30 the
1492 4870 67 30 Irish
1573 4870 66 33 civic
1664 4870 120 32 societies
1803 4880 45 21 are
1871 4873 27 26 to
1912 4869 157 42 participate

1430 4914 27 29 in
1471 4914 47 30 the
1530 4914 83 39 grand
1636 4913 210 33 demonstration
1861 4914 84 30 which
1959 4914 22 29 is
1995 4918 27 25 to
2037 4914 32 30 be
2080 4904 1 52 |

1432 4956 59 30 held
1515 4964 27 22 at
1578 4957 193 38 Cniun-sqtiare
1802 4962 63 24 next
1899 4957 169 38 Wednesday
2079 4956 2 39 I

1430 5000 120 38 evening,
1566 5000 26 28 in
1608 5000 73 29 favor
1689 5000 30 30 of
1730 4999 68 30 Irish
1810 4999 121 30 freedom.
1954 4998 112 32 Earnest
2079 4993 2 45 |

1429 5042 90 30 efforts
1545 5053 42 19 are
1608 5042 56 30 also
1687 5043 81 39 being
1787 5043 76 30 made
1886 5049 27 22 to
1935 5043 33 28 do
1994 5053 74 29 away
2079 5042 2 40 |

1431 5084 63 30 with
1509 5085 43 30 the
1568 5085 89 39 public
1678 5085 96 39 parade
1798 5085 85 30 which
1905 5084 75 30 takes
1995 5085 73 39 place

1429 5127 103 41 usually
1546 5139 34 18 on
1604 5130 37 28 JSt.
1668 5127 126 31 Patrick's
1816 5129 60 38 day,
1887 5129 53 28 and
1955 5128 112 32 instead,

1430 5169 18 29 it
1464 5170 20 28 is
1508 5171 126 39 expected
1658 5171 60 29 that
1741 5170 46 30 the
1811 5180 97 29 money
1921 5171 41 27 for
1975 5169 106 41 music,,

1429 5212 52 37 i'c.,
1498 5214 53 30 will
1566 5214 30 30 be
1611 5212 159 32 transferred
1789 5212 35 42 by
1838 5214 46 30 the
1899 5213 128 31 (Societies
2041 5212 40 37 to)

1429 5256 43 28 the
1490 5256 97 29 Fenian
1601 5262 119 34 treasury
1737 5257 41 28 for
1790 5266 69 19 arms
1873 5256 52 29 and
1939 5256 142 40 amnuini-!

1428 5298 64 30 tion.
1543 5299 57 30 The
1615 5299 68 29 Irish
1697 5298 150 31 merchants
1860 5308 43 20 are
1916 5299 57 29 also
1986 5299 81 28 about
2078 5298 1 39 j

1426 5344 27 26 to
1478 5343 28 28 fit
1527 5346 46 26 oat
1589 5353 14 18 a
1629 5343 130 38 privateer
1784 5342 40 29 for
1840 5341 43 30 the
1908 5351 112 28 purpose
2041 5341 28 30 of

1425 5383 155 42 destroying
1595 5385 100 31 British
1704 5394 150 21 commerce.
1895 5385 36 29 At
1945 5385 46 30 the
1999 5383 80 42 open;

1424 5427 38 29 air
1476 5428 206 30 demonstration
1706 5439 34 19 on
1768 5426 162 39 Wednesday
1952 5429 127 37 evening!

1427 5480 14 19 a
1455 5471 111 29 number
1580 5472 30 28 of
1629 5470 192 30 distinguished
1843 5470 150 30 gentlemen
2013 5471 51 29 will
2076 5464 3 36 I

2059 174 90 42 speak.
2191 175 35 29 At
2250 186 14 18 a
2286 174 117 38 meeting
2429 174 28 28 of
2481 174 44 29 the
2551 174 111 30 Centres
2676 174 28 30 of

2063 217 130 41 Kngland,
2210 218 115 36 Ireland,
2347 217 54 31 and
2427 216 134 38 Scotland,
2575 216 60 31 held
2649 228 55 30 yes-

2061 263 92 35 terday
2167 261 145 35 afternoon,
2337 264 28 25 at
2378 261 46 28 the
2448 261 100 38 Apollo
2566 262 104 35 Rooms,
2693 273 14 16 a
2719 261 2 38 ;

2062 304 153 31 committee
2229 304 28 28 of
2270 302 95 30 twelve
2378 313 51 19 was
2443 302 146 41 appointed
2605 306 26 26 to
2647 303 59 29 wait

2064 358 71 28 upon
2152 346 138 30 President
2314 346 111 28 Roberts
2449 346 51 27 and
2515 346 44 28 ask
2577 346 39 28 his
2631 347 64 27 assis-

2065 396 77 23 tance
2156 389 53 30 and
2233 388 177 39 co-operation
2436 388 25 28 in
2478 387 47 31 the
2539 388 72 29 work
2627 388 82 40 going

2066 445 32 16 on
2127 444 25 17 in
2180 432 113 31 Ireland.
2338 432 22 28 It
2388 441 53 20 was
2464 431 55 29 also
2547 432 122 30 resolved
2683 437 26 24 to

2068 476 64 30 have
2147 475 45 30 the
2206 486 72 19 same
2303 475 154 29 committee
2482 475 60 28 wait
2567 486 70 28 upon
2665 475 44 29 the

2068 518 151 41 gentlemen
2235 517 58 30 who
2304 517 140 39 composed
2457 517 44 30 the
2520 518 65 28 Irish
2598 519 96 28 Revolu-

2070 562 103 30 tionary
2189 560 139 35 Directory
2351 559 26 29 in
2401 559 52 29 this
2475 559 57 31 citv
2546 560 100 35 during
2665 560 46 30 the

2514 592 8 5 v
2628 588 15 12 o

2073 604 125 31 rebellion
2213 603 30 30 of
2258 604 77 34 1848,
2347 606 28 25 to
2389 602 47 30 ask
2451 602 70 31 their
2534 604 98 28 advice.
2659 604 53 28 The

2072 647 150 32 committee
2239 646 94 29 waited
2356 656 71 28 upon
2444 646 135 29 President
2598 646 115 29 Robert*,

2076 691 87 29 where
2178 689 64 39 they
2258 689 120 30 received
2401 687 174 31 information
2591 690 65 27 from
2673 688 42 29 the

2077 734 136 35 Secretary
2223 730 30 30 of
2262 730 70 31 Civil
2342 730 103 36 Affairs,
2464 731 22 28 M
2493 743 11 17 r
2516 731 201 32 D.O'Sullivau,

2079 776 57 30 that
2159 774 110 32 Colonel
2293 773 114 30 Roberts
2430 784 51 18 was
2502 774 94 30 absent
2618 774 25 29 in
2659 774 45 30 Chi-

2078 829 71 29 cago.
2190 817 42 29 Mr
2255 816 155 30 O'Sullivan
2435 816 131 30 informed
2591 818 43 28 the
2650 828 51 18 com-

2080 862 102 29 mittee,
2211 859 127 35 however,
2366 858 57 29 that
2452 858 31 28 he
2510 859 121 29 believed
2664 859 58 28 that

2081 901 108 32 Colonel
2215 901 109 29 Roberts
2347 910 52 19 was
2422 900 124 40 disposed
2570 905 28 26 to
2622 901 43 29 aid
2679 901 43 29 the

2082 948 149 28 movement
2253 945 26 27 in
2307 943 104 30 Ireland
2433 943 34 40 by
2489 954 80 28 every
2593 954 90 19 means
2697 944 25 29 in

2082 990 41 30 his
2138 998 95 30 power,
2248 987 52 30 and
2316 987 57 29 that
2384 985 109 31 Colonel
2509 987 113 30 Roberts
2639 987 85 29 would

2083 1044 33 19 110
2130 1031 93 35 doubt,
2239 1041 32 19 on
2291 1030 41 30 his
2356 1036 99 32 return,
2478 1030 76 30 make
2573 1032 98 28 known
2699 1035 26 25 to

2083 1076 45 31 the
2142 1074 152 32 committee
2318 1073 41 30 his
2375 1083 112 31 pnrpose
2509 1074 52 30 and
2584 1074 100 30 resolve
2699 1074 24 29 in

2084 1121 44 27 the

2122 1162 40 39 By
2177 1161 78 29 latest
2276 1159 75 29 dates
2364 1159 67 29 from
2447 1158 137 35 Dunedin,
2599 1169 40 20 we
2653 1158 71 30 learn

2086 1206 59 29 that
2159 1204 47 29 the
2220 1202 113 37 enquiry
2345 1201 59 29 into
2416 1202 43 28 the
2471 1202 52 28 late
2538 1202 44 28 fire
2597 1203 26 27 in
2638 1202 89 36 Moray

2087 1248 73 41 place
2175 1246 49 29 and
2243 1245 103 30 Princes
2361 1248 89 33 street,
2467 1244 54 30 had
2546 1244 114 30 resulted
2676 1244 24 29 in
2715 1255 14 18 a

2088 1291 99 29 verdict
2209 1289 28 28 of
2259 1288 83 29 wilful
2366 1298 75 18 arson
2463 1289 104 36 against
2591 1298 15 18 a
2631 1288 97 28 certain

2088 1343 96 30 person
2207 1342 30 18 or
2263 1340 108 31 persons
2395 1330 142 36 unknown,
2563 1330 49 30 but
2636 1330 59 29 that
2716 1340 14 18 a

2088 1386 60 19 man
2175 1373 96 31 named
2288 1373 99 29 Wilson
2410 1373 52 29 had
2485 1374 66 29 been
2566 1373 115 29 arrested
2695 1373 34 37 by

2088 1419 44 30 the
2147 1417 85 41 police
2246 1427 35 19 011
2295 1416 132 39 suspicion
2441 1416 28 29 of
2491 1416 80 40 being
2584 1415 145 31 concerned

2090 1464 27 29 in
2131 1463 47 29 the
2193 1461 53 29 fire.

2126 1506 25 29 A
2164 1504 92 30 rather
2269 1503 101 30 serious
2384 1503 121 29 accident
2520 1502 69 31 befel
2610 1514 15 17 a
2646 1503 84 29 miner

2088 1547 96 31 named
2210 1545 99 31 Robert
2342 1545 158 38 Xi-holson,
2527 1556 34 19 on
2594 1545 138 40 Thursday

2090 1591 61 34 last,
2176 1594 27 26 at
2226 1589 121 29 Brown's
2364 1589 117 34 Terrace,
2506 1588 88 30 where
2622 1588 34 30 he
2682 1599 38 17 sus-

2091 1634 90 31 tained
2194 1644 15 19 a
2222 1632 113 30 fracture
2350 1632 27 30 of
2400 1632 44 30 the
2465 1632 48 40 leg.
2556 1632 56 31 The
2625 1643 92 28 govern-

2091 1682 80 29 ment,
2199 1676 87 29 whose
2312 1679 168 35 promptness
2506 1675 64 30 calls
2592 1675 40 29 for
2657 1674 75 29 much

2091 1721 94 40 praise,
2209 1718 151 31 instructed
2383 1717 38 30 Dr
2443 1718 52 30 Lee
2519 1723 27 24 to
2572 1718 90 29 attend
2689 1717 43 29 the

2093 1764 120 30 sufferer.

2131 1808 19 28 A
2169 1815 63 20 man
2253 1805 44 29 the
2319 1815 77 19 name
2420 1803 30 31 of
2471 1804 104 29 Patrick
2592 1804 75 38 Lelly
2684 1813 45 19 w;u

2094 1850 116 40 brought
2233 1848 36 42 by
2291 1847 41 31 his
2356 1852 82 25 mates
2461 1851 28 26 to
2512 1848 45 29 the
2580 1846 110 40 lock-up
2702 1856 28 19 ol

2094 1891 180 40 Wednesday,
2297 1891 130 39 suffering
2453 1891 68 29 from
2547 1890 151 31 aberration
2711 1893 20 24 o!

2097 1937 81 29 mind.
2220 1935 39 29 Dr
2274 1935 50 28 Lee
2340 1944 52 19 was
2415 1933 86 30 called
2522 1935 34 34 in,
2574 1933 53 30 and
2641 1942 85 20 rccorn

2096 1978 112 32 mended
2231 1977 42 30 his
2295 1975 119 33 removal
2428 1981 27 25 at
2476 1987 65 20 once
2555 1981 28 26 to
2601 1975 130 31 Hokitika

2097 2023 103 39 finding
2220 2021 45 29 the
2288 2021 74 39 place
2389 2020 29 30 of
2441 2021 177 29 confinement
2631 2020 102 34 already

2097 2064 143 33 contained
2254 2074 90 20 seven.

2133 2109 56 29 The
2202 2107 58 41 gaol
2274 2105 228 32 accommodation
2517 2105 60 30 here
2592 2105 47 30 has
2653 2105 30 28 of
2690 2105 45 29 late

2098 2152 106 31 become
2239 2150 95 39 totally
2350 2149 158 40 inadequate
2531 2153 28 25 to
2577 2149 45 29 the
2642 2147 94 40 require

2098 2200 88 27 ments
2201 2195 29 29 of
2244 2194 43 30 the
2302 2194 111 30 district.
2455 2192 155 41 Naturally,
2634 2192 46 30 the
2702 2202 32 27 po

2105 2239 122 39 pulation
2239 2237 101 38 having
2371 2235 136 31 increased
2539 2246 30 19 so
2596 2234 139 38 suddenly,

2101 2282 63 30 time
2203 2283 74 28 must
2316 2280 90 39 elapse
2433 2279 93 30 before
2565 2278 35 31 all
2639 2282 93 25 matter

2099 2326 27 30 in
2174 2324 155 32 connection
2368 2321 65 32 with
2485 2323 44 29 the
2570 2332 99 31 govern
2674 2328 66 24 met

2100 2370 27 28 of
2140 2369 45 29 the
2201 2368 92 40 people
2305 2377 47 19 can
2367 2367 31 28 be
2411 2365 126 39 adjusted
2552 2376 6 25 ;
2577 2370 28 24 at
2618 2366 46 29 the
2676 2375 64 20 s.'imt

2100 2412 65 29 time
2179 2410 53 31 this
2257 2410 22 29 is
2300 2420 16 19 a
2338 2413 98 26 matter
2458 2408 86 30 which
2565 2408 95 30 should
2684 2406 57 32 takt

2100 2453 162 41 precedence
2276 2453 30 29 of
2316 2457 76 24 most.
2432 2451 47 29 We
2493 2462 43 18 are
2549 2451 55 29 also
2622 2451 78 40 given
2715 2454 27 25 to

2100 2496 166 30 understand
2279 2495 59 28 that
2352 2495 44 28 the
2410 2493 82 39 police
2518 2504 43 18 are
2575 2492 168 40 numerically

2102 2538 73 31 weak
2200 2538 25 29 in
2240 2536 153 41 proportion
2406 2540 28 26 to
2448 2535 44 31 the
2505 2534 91 32 duties
2608 2534 141 40 devolving

2102 2592 71 31 upon
2189 2581 80 29 them.
2310 2580 55 30 The
2389 2581 79 28 latter
2483 2580 22 28 is
2529 2590 14 17 ;i
2558 2584 97 23 matter
2668 2588 74 20 more
2757 2580 4 43 I

2102 2623 132 31 serioudv
2248 2623 128 39 affecting
2388 2623 44 28 the
2444 2621 164 38 community
2621 2621 65 29 than
2701 2621 44 29 the
2757 2627 5 43 j

2104 2671 71 30 \yant
2187 2665 31 31 of
2226 2656 75 51 gaoll
2309 2664 234 38 accommodation,
2554 2675 7 21 f
2571 2663 54 31 a;ul

2103 2703 68 35 tlu.ist
2186 2710 32 27 be
2242 2710 136 31 reaapdied
2401 2709 63 29 with
2488 2709 43 29 the
2551 2708 65 30 least
2630 2714 133 29 nosjfprej

2103 2750 89 40 dultiy.
2280 2722 34 94 J

2140 2806 26 31 It
2181 2806 22 30 is
2216 2805 129 31 desirable
2356 2809 27 27 at
2394 2806 33 30 all
2439 2805 77 31 timos
2526 2809 26 26 to
2563 2804 75 31 make
2648 2799 98 35 ffj>wn
2759 2799 3 48 j

2103 2862 15 17 a
2131 2853 73 26 want
2219 2850 25 29 in
2260 2850 78 29 order
2354 2853 26 25 to
2403 2850 85 29 admit
2503 2849 28 28 of
2552 2849 45 28 the
2620 2851 143 35 opportn-4

2103 2893 58 40 nity
2175 2892 31 31 of
2216 2894 44 29 the
2358 2891 79 42 being
2448 2891 123 42 supplied
2585 2901 36 20 us.
2663 2889 84 30 There
2759 2885 3 51 J

2103 2949 47 19 can
2165 2938 32 30 be
2220 2948 33 20 no
2272 2936 124 42 question
2417 2937 57 30 that
2499 2935 155 30 Charleston
2678 2934 21 30 is
2719 2944 29 18 ?o
2759 2934 2 44 j

2104 2983 109 39 quickly
2239 2982 139 38 becoming
2402 2980 98 40 largely
2521 2979 153 39 populated,
2696 2978 53 30 and

2094 3011 1 52 i
2105 3026 66 37 that,
2186 3030 51 30 too,
2267 3025 34 33 by
2319 3034 16 19 a
2348 3023 79 30 settle
2440 3013 6 39 i
2474 3021 172 39 community,
2671 3032 28 18 a-t
2719 3024 28 25 to
2759 3011 3 52 '

2094 3064 1 45 j
2105 3068 126 41 urgently
2245 3067 48 30 call
2309 3068 40 29 for
2368 3078 14 19 a
2397 3066 72 40 place
2493 3066 84 29 where
2592 3065 44 29 thy
2656 3064 80 30 c«l;ic;i-

2094 3111 93 43 j.tional
2203 3111 193 41 requirements
2410 3110 30 29 of
2458 3110 44 29 the
2526 3109 83 39 youtii
2623 3110 125 37 amongst

2105 3167 30 19 us
2150 3165 60 29 may
2225 3156 32 29 be
2271 3154 129 30 attended
2413 3158 35 24 to.
2490 3153 85 28 There
2585 3153 30 31 is,
2628 3153 118 38 perhaps,

2105 3210 34 19 no
2165 3201 104 37 greater
2294 3196 190 40 disadvantage
2511 3195 85 30 which
2622 3194 80 30 heads
2722 3193 29 30 of

2106 3243 112 30 families
2232 3242 65 29 have
2312 3247 26 24 to
2354 3245 49 35 put
2416 3250 36 29 up
2472 3238 64 30 with
2558 3239 29 30 in
2601 3237 148 40 goldlields'

2104 3286 119 30 districts
2238 3285 63 29 than
2318 3285 44 28 the
2376 3283 111 30 absence
2502 3282 26 29 of
2542 3281 102 30 schools
2659 3280 86 31 either

2107 3330 40 29 for
2163 3329 77 29 those
2262 3327 135 31 advanced
2412 3327 26 28 in
2460 3335 77 29 years
2551 3335 29 18 or
2600 3326 29 27 of
2648 3335 34 19 an
2703 3334 30 20 en-

2094 3360 1 50 |
2105 3372 82 38 tirely
2202 3375 170 35 preparatory
2387 3368 143 37 character,
2552 3367 52 29 and
2618 3367 28 30 in
2667 3376 79 31 many

2094 3408 1 49 [
2107 3415 130 29 instances
2251 3414 47 29 the
2324 3413 88 29 habits
2434 3412 30 28 of
2486 3410 72 30 sloth
2584 3410 52 29 and
2662 3408 70 30 indul-

2094 3451 1 42 !
2105 3467 93 26 neuce,
2224 3455 24 31 if
2272 3466 33 19 no
2334 3464 88 27 worse,
2457 3452 151 33 contracted
2643 3453 33 39 by
2701 3451 44 30 the

2094 3495 1 44 j
2104 3510 89 29 young
2206 3509 33 19 on
2262 3499 140 40 goldliehls
2425 3499 66 28 have
2514 3495 98 40 proved
2635 3507 15 17 a
2672 3501 72 34 great

2094 3539 1 43 |
2104 3543 48 30 bar
2177 3548 28 25 to
2232 3542 70 32 their
2327 3542 91 30 future
2451 3541 50 30 rise
2533 3539 53 31 and
2613 3548 124 29 progress

2104 3586 85 29 There
2214 3596 43 19 are
2280 3589 28 25 at
2335 3589 108 36 present
2462 3595 15 19 a
2503 3583 71 39 large
2588 3582 113 30 number
2720 3588 21 22 ol

2100 3628 133 40 juveniles
2247 3629 27 28 in
2289 3627 53 30 and
2356 3628 106 29 around
2484 3626 155 30 Charleston
2662 3625 79 29 whost

2105 3676 108 37 parents
2227 3672 52 29 and
2293 3670 150 40 guardians,
2467 3668 98 41 closely
2580 3669 120 37 engaged
2720 3668 18 28 ii

2094 3708 1 48 j
2104 3715 120 30 business
2248 3713 125 43 pursuits,
2399 3712 88 30 would
2502 3712 31 30 be
2558 3708 152 42 buttoogl
2720 3720 20 20 ic

2094 3753 1 43 i
2104 3763 26 24 to
2146 3759 72 37 pla.-e
2233 3758 43 30 the
2286 3768 17 18 n
2320 3756 84 31 where
2418 3757 61 37 they
2494 3754 78 31 could
2585 3753 67 30 have
2661 3765 77 28 ever}

2102 3802 153 29 confideiit-e
2281 3799 64 39 they
2361 3800 89 29 would
2476 3798 31 30 be
2532 3795 142 42 profitably
2693 3807 41 20 em

2094 3842 1 40 j
2104 3844 104 38 ployed,
2224 3844 52 30 and
2290 3853 52 27 any
2356 3845 153 37 competent
2525 3850 92 29 person
2632 3842 107 36 opening

2102 3896 15 19 a
2130 3886 52 38 day
2196 3885 90 31 school
2299 3884 86 29 would
2401 3888 71 27 meet
2489 3883 63 30 with
2568 3882 110 29 decided
2690 3892 45 19 sue

2094 3923 1 49 |
2102 3939 54 19 cess
2170 3929 27 29 in
2214 3928 40 30 his
2278 3926 189 39 undertaking,
2489 3925 54 31 and
2566 3929 26 25 at
2608 3923 44 30 the
2675 3935 63 20 samt

2094 3969 1 40 ;
2102 3972 62 29 time
2189 3973 90 29 confer
2304 3981 34 19 an
2361 3972 144 37 important
2529 3970 67 29 boon
2611 3978 70 29 upon
2702 3969 36 29 tin

2103 4021 170 33 community.

2137 4059 57 31 The
2222 4057 119 32 Darkie';
2367 4058 109 30 Terrace
2503 4055 62 31 road
2590 4055 22 29 is
2631 4055 51 30 fast
2703 4066 28 28 ap-

2101 4102 146 40 proaching
2264 4101 170 40 completion,
2460 4100 53 30 and
2528 4099 76 30 when
2629 4098 112 32 finished

2102 4146 53 29 will
2170 4146 30 29 be
2214 4157 15 19 a
2243 4145 82 37 really
2339 4144 137 30 first-class
2490 4144 54 28 line
2558 4143 28 29 of
2600 4144 126 29 communi-

2100 4189 86 29 cation
2203 4189 119 30 between
2334 4188 45 29 the
2396 4187 70 29 main
2490 4186 127 38 diggings
2631 4186 52 28 and
2698 4185 46 31 the

2100 4231 140 39 township.
2280 4231 55 29 The
2358 4229 69 35 road,
2452 4238 28 20 as
2501 4233 26 24 at
2555 4233 105 34 present
2683 4239 45 27 pro-

2102 4273 91 34 vided,
2220 4275 21 28 is
2255 4273 82 30 about
2353 4272 57 31 half
2428 4283 15 17 a
2456 4271 76 30 chain
2549 4270 73 35 wide,
2638 4271 104 38 leaving

2099 4316 86 40 ample
2218 4326 73 19 room
2325 4316 38 28 for
2389 4323 52 21 two
2476 4314 118 30 vehicles
2620 4318 27 25 t<»
2675 4325 66 27 pass.

2099 4359 102 30 Should
2215 4359 47 30 the
2277 4358 114 30 weather
2405 4358 125 30 continue
2552 4363 44 23 lav
2608 4356 80 30 /rablo
2704 4357 39 29 for

2099 4406 45 25 ten
2158 4403 66 39 days
2239 4412 79 24 more,
2345 4402 45 27 the
2414 4400 69 31 road,
2511 4402 21 26 it
2556 4401 23 27 is
2605 4400 134 36 expected,

2100 4443 53 31 will
2170 4443 29 31 be
2209 4454 67 29 open
2289 4443 39 30 for
2338 4443 83 30 traffic
2434 4442 42 29 bet
2482 4453 69 20 ween
2565 4439 44 33 the
2621 4442 120 30 Darkie's

2099 4488 53 29 and
2166 4488 44 28 the
2224 4487 142 37 township.

2134 4531 54 29 The
2202 4529 116 41 rapidity
2337 4530 33 29 of
2387 4528 103 41 growth
2504 4528 52 30 ami
2570 4529 45 30 the
2632 4538 90 30 propor-

2098 4573 70 29 tions
2182 4572 76 31 that'
2258 4572 153 31 Charleston
2426 4574 22 28 is
2470 4570 136 41 assuming
2625 4581 43 19 arc
2690 4581 37 19 cer-

2098 4616 83 39 tainly
2195 4620 112 26 matters
2331 4616 41 29 for
2397 4614 195 31 astonishment
2617 4624 65 19 even
2704 4615 34 37 by

2098 4659 74 29 liio.se
2188 4658 62 37 long
2264 4659 51 29 and
2336 4656 152 39 intimately
2501 4656 157 39 acquainted
2673 4657 66 29 with

2097 4700 42 29 the
2156 4702 50 29 rise
2221 4700 52 29 and
2286 4700 45 29 fall
2346 4701 30 28 of
2394 4699 110 40 digging
2522 4699 151 38 townships.
2714 4700 25 29 It

2095 4742 22 29 is
2144 4752 57 19 now
2215 4743 150 38 something
2387 4754 71 19 more
2483 4742 64 28 than
2573 4742 40 29 six
2634 4742 105 29 months

2097 4784 64 32 back
2189 4785 58 31 that
2269 4785 45 31 the
2335 4785 57 31 fir>t
2412 4784 102 32 exodus
2533 4785 61 30 took
2617 4784 73 40 place
2712 4790 27 25 to

2098 4829 44 29 the
2156 4829 86 37 newly
2256 4829 152 29 discovered
2421 4828 104 39 ground
2537 4832 28 24 at
2580 4829 77 28 Fox's
2669 4839 7 25 ;
2695 4829 44 28 the

2097 4870 92 31 Pakihi
2202 4875 27 26 at
2255 4870 60 32 that
2338 4872 64 30 time
2429 4870 52 32 had
2495 4873 48 27 not
2558 4870 64 30 been
2636 4871 101 39 opened

2094 4924 35 29 up
2143 4924 51 30 any
2209 4914 93 40 length
2316 4915 30 29 of
2357 4916 73 34 time,
2441 4914 52 30 and
2508 4914 121 30 business
2643 4915 94 41 people

2093 4963 46 22 not
2150 4957 99 39 having
2259 4957 170 30 commenced
2440 4957 149 39 operations
2599 4957 35 28 all
2645 4956 94 31 classes

2095 5010 66 20 were
2184 5000 80 39 ready
2277 5003 29 27 at
2319 5011 63 19 once
2397 5004 27 26 to
2438 4998 111 43 proceed
2562 5001 27 29 in
2606 4999 46 30 hot
2664 5000 75 31 haste

2094 5048 26 22 to
2135 5043 44 29 the
2194 5053 56 19 new
2266 5044 116 29 Dorado.
2425 5043 81 38 Many
2520 5044 28 27 of
2567 5054 46 18 our
2633 5043 105 30 readers

2093 5085 53 29 will
2171 5085 151 30 remember
2348 5086 58 29 how
2429 5086 21 29 it
2474 5085 72 30 fared
2567 5086 65 29 with
2650 5086 85 29 Fox's.

2092 5127 85 31 There
2205 5138 52 19 was
2279 5139 16 17 a
2321 5128 72 40 large
2421 5130 64 28 rush
2512 5128 29 28 of
2563 5128 101 40 people,
2692 5130 45 27 the

2092 5170 97 38 largest
2215 5170 58 29 that
2299 5170 52 30 had
2379 5181 61 20 ever
2466 5171 81 29 taken
2573 5171 73 41 place
2670 5171 65 29 from

2095 5213 129 30 Hokitika
2249 5213 52 30 and
2332 5213 181 42 surrounding
2544 5215 111 35 district,
2685 5215 52 29 and

2093 5258 37 26 for
2144 5267 14 17 a
2172 5256 50 28 few
2236 5256 74 28 short
2333 5257 89 30 weeks
2445 5257 76 29 those
2546 5258 72 37 early
2634 5267 33 19 on
2692 5258 43 28 the

2093 5298 59 29 field
2168 5298 95 40 reaped
2278 5309 14 18 a
2307 5299 54 29 rich
2377 5298 113 32 harvest.
2512 5299 63 30 This
2586 5300 149 39 prosperity

2093 5350 60 23 was,
2171 5340 127 38 however,
2314 5342 27 29 of
2354 5340 76 33 short
2442 5342 131 37 duration,
2580 5343 52 29 and
2643 5344 93 40 people

2091 5395 65 20 soon
2170 5385 94 30 awoke
2285 5389 26 24 to
2336 5385 45 30 the
2463 5385 60 30 that
2547 5385 43 30 the
2606 5386 61 29 rush
2683 5385 52 30 had

2093 5426 66 31 been
2183 5426 124 39 fearfully
2322 5427 129 30 overdone
2464 5439 5 24 ;
2493 5428 124 30 numbers
2632 5427 101 31 flocked

2091 5480 81 27 away,
2182 5481 28 19 so
2223 5481 32 20 ne
2269 5474 27 24 to
2311 5470 44 31 tlie
2372 5471 101 36 Pakihi,
2484 5471 52 30 and
2553 5472 43 28 the
2613 5472 119 35 majority

2731 180 27 22 to
2772 175 142 29 Wcsthuid.
2956 175 78 30 From
3050 176 43 29 the
3108 179 226 26 commencement
3348 175 23 27 of

2733 217 46 31 the
2803 223 148 36 temporary
2965 218 102 33 decline
3083 219 30 30 of
3135 218 75 31 Fox's
3224 220 43 29 the
3283 217 93 31 Pakihi

2733 262 112 39 steadily
2869 263 134 28 increased
3027 264 25 26 in
3080 263 153 38 population
3256 262 52 29 and
3330 262 31 27 im-

2734 309 131 33 portance,
2891 303 92 40 slowly
3010 305 47 29 but
3078 305 97 38 surely,
3199 304 68 31 until
3292 315 14 18 a
3327 305 50 28 few

2735 346 86 30 weeks
2836 351 58 32 past
2909 348 75 29 when
2999 347 46 30 the
3059 349 108 27 assured
3189 346 147 41 prosperity
3351 345 29 30 of

2734 389 74 29 those
2826 390 117 39 engaged
2959 390 27 29 in
3001 390 103 40 mining
3117 391 118 38 pursuits
3248 389 131 30 attracted

2735 443 16 19 a
2761 431 103 30 sudden
2879 432 51 30 and
2942 434 158 29 continuous
3113 434 56 29 tlow
3178 434 30 29 of
3217 432 161 41 population.

2737 476 53 29 The
2805 476 43 27 old
2864 477 137 37 township,
3019 477 19 28 if
3053 487 37 20 we
3106 487 59 29 may
3179 480 66 26 term
3260 477 21 28 it
3306 475 74 35 such,

2738 519 97 29 situate
2851 519 81 28 below
2949 520 44 28 the
3008 520 105 38 cutting
3127 521 26 28 in
3167 519 61 30 Ccal
3238 522 80 26 street
3328 517 52 30 and

2739 561 102 29 around
2866 561 44 29 the
2940 561 57 39 bay,
3012 563 135 29 continues
3173 561 94 30 almost
3290 561 26 29 in
3337 559 46 30 the

2740 611 75 23 exact
2830 607 69 26 .-date
2913 605 27 29 of
2962 605 40 29 six
3022 606 106 29 mouths
3143 605 64 30 back
3220 616 5 26 \
3245 604 51 30 and
3320 604 20 29 it
3361 604 22 28 is

2742 647 61 37 only
2817 656 31 19 on
2865 648 81 39 rising
2969 648 44 28 the
3036 651 100 26 terrace
3152 655 26 22 to
3200 648 59 38 gain
3276 648 46 29 the
3337 656 30 20 ex-

2744 691 97 27 tensive
2854 693 113 37 plateau,
2984 693 57 26 that
3053 691 46 30 the
3111 701 54 19 new
3177 691 50 29 and
3240 690 144 38 important

2746 733 105 35 portion
2866 733 27 28 of
2914 733 45 30 the
2975 737 71 26 town
3071 735 21 27 is
3116 745 70 19 seer..
3227 732 100 31 Unlike
3342 731 44 29 the

2745 776 82 38 Grey,
2838 774 86 32 where
2935 776 44 29 the
2987 777 52 30 site
3051 776 39 30 for
3099 787 14 17 a
3123 776 130 39 township
3264 773 123 32 bounded

2747 819 32 36 by
2794 820 66 35 lofty
2875 825 120 26 terraces,
3018 820 142 37 comprises
3183 820 48 28 but
3252 830 15 17 a
3283 819 103 28 limited

2747 869 80 27 area;
2846 870 28 18 or
2901 860 136 37 Hoki'.ika,
3053 863 86 27 where
3161 872 14 18 a
3202 870 100 20 narrow
3321 859 68 38 flrip

2748 903 27 28 of
2801 902 81 29 beach
2907 907 119 33 presents
3047 904 46 29 tha
3115 904 62 40 only
3203 903 108 41 healthy
3337 902 51 28 and

2748 944 180 40 immediately
2942 947 157 38 practicable
3111 946 125 30 situation
3252 946 38 29 for
3306 944 70 33 build-

2749 988 68 39 ings,
2834 989 157 30 Charleston
3017 990 25 28 in
3069 991 35 28 its
3131 991 67 29 wide
3224 999 67 28 open
3305 989 85 29 ulains

2736 1031 3 47 j
2750 1031 76 30 holds
2840 1036 45 25 out
2900 1043 76 28 every
2989 1033 150 39 advantage
3165 1034 40 28 for
3228 1033 45 29 the
3301 1032 90 39 laying

2737 1069 3 53 I
2751 1082 46 23 out
2821 1074 27 30 of
2871 1087 14 17 a
2911 1077 47 28 line
2973 1076 129 39 township
3128 1076 65 30 with
3206 1076 185 37 commanuing

2738 1119 2 38 '
2752 1123 106 31 streets,
2883 1119 88 37 public
2998 1120 51 28 and
3073 1123 170 34 government
3264 1126 128 22 reserves,

2753 1163 43 28 Ac.
2812 1172 6 26 ;
2837 1161 54 30 and
2904 1168 26 23 at
2946 1163 43 29 the
3005 1168 101 33 present
3122 1166 55 26 rate
3187 1163 58 28 tii.it
3258 1159 135 40 buildings

2754 1214 43 18 arc
2819 1204 25 28 in
2871 1214 117 28 progress
3002 1206 51 27 and
3070 1215 14 17 n
3088 1217 5 7 i
3097 1215 29 17 '\v
3142 1209 91 24 street-;
3247 1204 80 39 being
3339 1203 54 28 laid

2754 1251 56 30 out,
2836 1246 51 30 and
2913 1249 95 28 almost
3034 1258 28 18 as
3088 1247 109 39 quickly
3219 1246 69 30 built
3315 1256 79 28 upon,

2757 1289 156 30 Charleston
2930 1291 57 29 bids
3001 1291 49 28 fair
3064 1296 26 22 to
3107 1293 104 26 become
3234 1299 49 20 one
3304 1290 26 26 of
3351 1289 44 28 the

2756 1332 99 39 largest
2869 1334 29 27 of
2916 1334 45 30 the
2977 1333 153 39 nourishing
3143 1332 147 39 townships
3304 1342 33 19 on
3351 1331 44 30 the

2759 1376 70 27 West
2844 1377 85 26 Coast.

2794 1418 40 39 By
2860 1418 205 32 advertisement
3092 1418 26 30 in
3141 1429 47 18 our
3213 1417 51 31 last
3285 1418 70 30 issue
3377 1417 19 29 it

2758 1473 109 29 appears
2881 1462 59 31 that
2955 1464 43 28 the
3015 1462 85 41 postal
3114 1462 155 29 authorities
3282 1471 114 30 purpose

2758 1506 183 38 transmitting
2966 1506 77 29 mails
3069 1505 34 37 by
3129 1514 77 30 every
3232 1507 110 27 steamer
3368 1514 39 19 ow

2758 1549 95 33 sailing
2869 1547 83 31 vessel
2966 1549 95 31 calling
3072 1554 26 23 at
3113 1547 161 35 Charleston,
3291 1551 28 26 at
3333 1547 66 30 least

2837 1575 15 11 •O
3044 1575 15 10 CD
3269 1577 5 7 /

2759 1592 63 38 they
2836 1591 129 30 advertise
2979 1593 39 29 for
3032 1591 108 30 tenders
3153 1594 28 26 to
3192 1591 68 29 close
3270 1589 46 33 7th
3332 1590 66 39 May

2761 1639 61 25 next
2836 1636 41 29 for
2890 1634 111 41 landing
3014 1634 51 30 and
3079 1634 125 40 shipping
3214 1635 76 29 mails
3303 1639 27 23 to
3345 1635 52 29 and

2761 1679 68 28 fmn
2845 1678 106 29 vessel-*.

2799 1721 53 29 The
2867 1719 101 31 .Nelson
2979 1720 93 31 School
3084 1721 105 38 Society
3202 1719 148 31 celebrated
3364 1720 37 30 its

2762 1763 183 40 twenty-third
2965 1765 168 37 anniversary
3159 1774 33 18 on
3219 1763 116 40 Sunday,
3356 1763 45 30 the

2763 1808 61 29 21st
2838 1808 56 37 ult.,
2918 1811 26 25 at
2970 1808 43 30 the
3031 1806 149 31 Provincial
3194 1806 70 37 Hall,
3289 1806 53 30 and
3365 1817 36 19 an

2763 1850 147 31 additional
2935 1851 110 30 interest
3072 1860 51 20 was
3149 1849 130 39 imparted
3304 1852 28 27 to
3355 1850 47 30 the

2763 1895 119 30 occasion
2896 1895 35 37 by
2945 1894 45 29 the
3002 1904 123 28 presence
3138 1894 29 29 of
3187 1893 40 30 his
3242 1893 158 39 Excellency

2764 1938 44 28 the
2822 1938 142 35 Governor,
2989 1937 128 36 although
3142 1946 71 19 some
3239 1936 150 41 disappoint-

2765 1985 71 25 ment
2850 1989 52 21 was
2924 1980 46 30 felt
2994 1979 56 29 that
3074 1980 32 29 he
3119 1980 63 29 took
3196 1989 33 19 110
3243 1980 85 28 active
3344 1982 59 38 part

2766 2025 26 28 in
2806 2025 45 28 the
2867 2023 176 40 proceedings.

2804 2066 50 29 We
2867 2077 44 18 are
2925 2065 135 37 surprised
3068 2069 27 25 at
3109 2065 43 30 the
3166 2069 61 25 tone
3240 2064 114 40 adopted
3370 2065 33 39 by

2768 2111 42 29 the
2826 2112 6 13 '
2845 2108 77 32 West
2936 2111 79 28 Coast
3038 2109 95 29 Times'
3146 2109 75 28 when
3234 2109 128 38 speaking
3375 2109 30 28 of

2766 2157 58 31 this
2838 2159 69 36 port,
2949 2154 33 29 in
3003 2151 68 31 their
3092 2152 69 29 issue
3175 2152 28 28 of
3226 2151 129 41 Monday,
3370 2162 24 19 re-

2766 2200 101 38 ferring
2889 2203 27 25 to
2939 2198 45 29 the
3007 2196 140 38 departure
3161 2196 28 29 of
3210 2195 46 31 the
3270 2196 133 38 Cymraes,

2768 2245 64 39 they
2848 2242 84 33 write,
2977 2241 52 29 But
3044 2239 44 28 her
3099 2238 140 40 departure
3252 2248 50 19 was
3313 2240 93 38 stayed

2770 2289 33 39 by
2826 2286 43 30 the
2891 2286 84 39 heavy
2998 2292 50 27 sea,
3076 2281 86 32 which
3186 2283 40 28 for
3248 2281 74 40 eight
3341 2282 64 39 days

2769 2332 88 31 sealed
2871 2330 45 31 the
2940 2337 62 21 cove
3025 2337 44 29 up,
3093 2326 52 29 and
3160 2326 21 28 it
3203 2334 52 22 was
3277 2329 46 27 not
3337 2326 68 31 until

2770 2374 139 39 Thursday
2936 2372 50 28 last
3012 2370 59 29 that
3096 2370 46 28 she
3168 2374 48 32 got
3230 2368 67 30 clear
3359 2370 46 30 the

2770 2424 6 10 '
2789 2417 98 31 hole'—
2895 2416 42 29 for
2960 2417 58 35 port
3040 2413 20 28 it
3084 2413 22 28 is
3238 2411 31 29 In
3293 2412 43 29 the
3350 2413 56 29 first

2771 2462 73 38 place
2858 2460 46 29 the
2928 2463 124 24 entrance
3074 2466 53 18 was
3146 2459 47 25 not
3216 2455 89 32 sealed
3320 2466 34 28 up
3368 2455 40 31 for

2771 2504 73 38 eight
2857 2502 64 38 days
2937 2500 34 37 by
2985 2500 82 35 heavy
3081 2497 63 35 surf,
3159 2497 49 28 but
3222 2499 46 28 the
3282 2499 126 38 Cymraes

2773 2558 50 19 was
2838 2542 97 34 unable
2957 2549 27 23 to
3008 2540 111 41 proceed
3132 2543 27 25 to
3182 2551 44 21 sea
3248 2550 28 20 as
3296 2540 45 30 she
3355 2550 53 20 was

2772 2589 165 37 undergoing
2964 2585 105 39 repairs,
3095 2584 54 28 and
3173 2594 37 18 we
3234 2584 66 28 have
3322 2589 44 32 yet
3380 2589 28 23 to

2762 2625 1 40 |
2771 2636 74 28 leurn
2859 2631 58 29 that
2932 2631 129 28 Constant
3076 2626 55 39 Bay
3152 2625 47 31 has
3221 2626 123 38 acquired
3363 2626 45 29 the

2758 2682 172 27 luiietiviabic
2945 2682 133 28 notoriety
3092 2682 113 27 enjoyed
3221 2682 32 29 by
3270 2682 138 26 iioiuiiK;!,

2758 2707 44 43 iof
2811 2730 16 17 a
2840 2721 60 35 port
2913 2717 84 27 where
3011 2714 119 30 ond-fifih
3140 2715 29 26 of
3179 2704 45 44 tjhe
3235 2713 179 29 vessefcrwerer

2758 2742 4 59 !!
2773 2759 117 33 wrecked
2917 2757 54 30 and
2996 2742 161 59 abandoned.
3212 2753 104 39 Setting
3336 2752 74 30 aside

2759 2789 2 58 I
2773 2806 44 30 the
2831 2803 160 37 advantages
3018 2789 136 50 pifcsessed
3177 2797 35 39 by
3236 2796 131 30 ilokltika
3380 2795 27 30 in

2758 2831 60 47 ■llicr
2832 2844 127 41 powerful
2985 2845 61 28 fleet
3072 2843 29 28 of
3125 2843 162 35 steam-tugs,
3312 2839 98 30 vessels

2759 2885 2 43 !
2775 2902 57 26 may
2847 2899 74 20 more
2944 2886 83 39 safely
3040 2891 76 26 enter

2759 2927 2 47 I
2773 2939 73 26 stunt
2865 2932 63 42 Bay,
2943 2931 52 30 and
3018 2931 67 29 from
3109 2928 43 29 the
3175 2932 54 27 iact
3243 2928 27 29 of
3285 2927 62 43 only
3361 2939 52 19 one

2759 2971 2 43 I
2772 2979 83 29 vessel
2869 2977 97 37 having
2980 2975 65 30 been
3060 2971 118 33 wrecked
3191 2978 46 24 out
3248 2974 30 27 of
3288 2972 124 38 upwards

2758 3007 3 46 !
2772 3022 27 30 ~f
2813 3026 52 24 two
2881 3017 120 32 hundred
3014 3017 60 30 that
3086 3017 64 29 have
3160 3015 97 29 visited
3271 3024 29 19 us
3315 3015 99 38 during-

2758 3058 2 45 I
2773 3066 44 29 the
2831 3068 59 35 past
2911 3069 80 24 seven
3006 3060 114 35 month-,
3146 3059 19 29 it
3186 3058 92 38 hardly
3294 3058 118 29 becomes

2758 3101 3 43 i
2772 3120 48 19 our
2845 3112 203 32 contemporary
3074 3108 27 24 to
3139 3103 70 29 draw
3242 3101 171 30 unfavorable

2772 3151 187 39 comparisons.
3013 3148 110 34 Should,
3137 3146 129 35 however,

2758 3187 3 50 i
2775 3196 54 41 Bay
2856 3202 77 31 prove
2959 3190 159 39 inadequate
3143 3193 27 26 to
3196 3199 49 20 oar
3276 3187 135 32 increased

2774 3243 91 30 wants,
2883 3247 38 19 we
2937 3245 102 30 possess
3062 3235 28 28 in
3104 3233 44 29 the
3161 3233 68 28 river
3243 3231 62 30 Nik
3319 3242 32 17 an
3366 3229 48 32 ex-J

2758 3273 2 40 !
2771 3282 37 30 eel
2814 3282 53 27 lent
2881 3279 99 30 shelter
2992 3277 42 29 for
3047 3276 97 29 vessels
3157 3275 30 29 of
3288 3273 126 40 draught,.

2758 3318 2 39 !
2771 3324 51 31 and
2836 3323 65 30 with
2914 3322 47 29 the
2974 3321 45 29 aid
3034 3320 27 29 of
3072 3332 14 16 a
3109 3321 144 36 steam-tug
3267 3327 33 19 110
3313 3318 100 38 danger

2758 3360 2 44 !
2773 3366 65 31 need
2852 3366 32 29 be
2897 3363 184 40 apprehended
3095 3362 35 39 by
3144 3360 96 31 vessels
3251 3360 163 44 attempting

2758 3411 1 29 ;
2771 3411 46 29 the
2831 3413 132 25 entrance.

2808 3453 43 30 An
2878 3450 118 31 accident
3022 3448 86 31 which
3135 3446 85 40 might
3245 3445 66 31 have
3344 3445 32 30 be*

2771 3495 128 31 attended
2913 3493 66 30 with
3001 3493 65 29 fatal
3086 3492 102 34 results,
3205 3489 63 30 took
3290 3490 72 37 place
3375 3489 1 38 <

2771 3539 138 39 Thursday
2937 3537 51 29 last
3022 3535 45 30 the
3091 3535 110 29 sufferer
3227 3534 25 28 in
3279 3532 53 29 this

2773 3582 77 38 being
2866 3582 48 28 Mr.
2932 3579 116 29 William
3073 3576 122 41 Keating,
3211 3576 30 29 of
3261 3575 45 29 :he
3322 3574 54 31 Via

2772 3626 55 29 riau
2856 3622 140 39 Butchery,
3021 3622 27 28 in
3071 3621 52 29 this
3144 3623 78 27 town.

2772 3669 57 28 that
2845 3667 49 30 Mr.
2914 3666 114 37 Keating
3052 3674 51 19 was

2771 3711 122 37 shooting
2906 3709 29 29 of
2946 3719 48 18 one
3009 3712 25 25 oi
3050 3707 38 29 his
3099 3706 120 29 bullocks
3231 3709 26 24 at

2775 3755 75 29 when
2864 3755 44 28 the
2934 3752 59 30 shot
3019 3751 64 29 iired
3108 3751 33 38 by
3166 3759 50 19 one
3240 3751 27 26 ot

2772 3797 105 30 entered
2901 3796 41 28 the
2967 3794 81 39 fleshy
3073 3797 57 37 part
3156 3792 29 28 of
3215 3791 40 29 his

2773 3839 166 40 penetrating
2951 3838 82 29 about
3047 3839 49 27 live
3110 3834 99 30 inches.

2773 3893 50 18 was
2838 3880 181 36 immediately
3041 3880 69 26 alter
3113 3876 83 29 wards

2777 3925 44 29 Dr.
2838 3923 123 38 O'Keliy,
2986 3921 50 30 and
3061 3930 38 19 we
3121 3929 43 20 are
3190 3918 87 39 happy

2772 3969 57 29 that
2845 3968 43 28 the
2903 3966 105 41 patient
3022 3966 21 27 i.s
3057 3963 165 39 progressing

2787 4012 20 29 A.
2821 4010 100 30 leather
2934 4010 81 28 house
3024 4008 28 28 in
3066 4007 52 29 San

2771 4054 120 31 received
2904 4064 35 18 an
2951 4052 76 30 order
3036 4052 64 28 from
3113 4048 85 39 Japan

2769 4097 30 30 of
2828 4097 96 31 leathei
2960 4096 30 29 of
3019 4093 162 31 Californian

2768 4142 157 35 amounting
2941 4145 26 23 to
2985 4139 96 32 10,001!

2768 4186 68 28 suits
2850 4184 44 28 the
2907 4182 140 38 .Japanese,
3062 4180 29 28 of
3112 4188 91 20 couise

2770 4226 52 29 will
2849 4226 31 29 be
2907 4224 82 34 likely
3012 4227 28 25 to
3062 4222 96 28 follow.

2767 4268 132 41 supposed
2932 4273 27 24 to
2994 4267 30 28 be
3056 4264 126 40 designed

2767 4315 217 27 accoutrements.

2803 4355 54 29 The
2891 4354 80 30 result
2998 4352 28 29 of
3056 4361 14 20 a
3103 4348 85 32 match

2771 4397 123 29 Dunediii
2907 4396 127 39 Artillery
3048 4395 53 27 and
3114 4395 38 27 St.

3106 4448 11 15 *
3121 4429 240 56 nle||j^^^^^H

2767 4487 27 24 to
2809 4483 68 30 Xuiv
2891 4482 115 31 Zuaiand
3019 4488 83 32 corps.

2766 4527 104 37 Ar^us,'

2766 4579 14 5 ••
2792 4570 54 29 The
2860 4570 65 29 total
2940 4569 88 41 points
3038 4568 74 29 made

2837 4612 45 30 the
2911 4615 38 27 St,
2978 4610 80 30 Kilda
3084 4598 277 61 teani^^^^^H

2958 4698 44 27 the

2907 4739 112 31 allowed
3041 4743 28 24 to

2764 4785 44 31 the

2964 4826 51 28 and

3004 4922 66 19 were

2978 4997 68 31 Artii

2937 5031 424 58 Lieutenan^^^^^^^^^l

3035 5094 6 26 ;

3035 5137 7 27 ;

2762 5172 113 30 (runner
2896 5170 105 36 Brown,
3024 5169 34 29 50

2853 5343 57 29 who

2761 5388 66 28 tori;:

2790 5443 9 15 e
2806 5442 10 17 r
2820 5441 11 17 c

2769 5459 592 77 spa|^H

1417 65 67 31 1'i!!:
1526 65 248 31 CiIAItfXSTON
1816 65 132 31 ARGL'S

52 54 60 65 2

746 180 19 28 N
783 180 78 28 Oil
876 179 55 29 cj;
970 179 55 29 TO
1067 177 261 30 MARIXEIIS

731 291 142 25 wUUXAL
890 289 161 24 STATIONS
1079 289 59 23 have
1160 289 54 23 been
1232 284 138 27 established

731 308 36 49 !*<

731 379 17 19 at
764 374 33 24 tin
816 371 125 25 IU'U.HK
958 369 45 26 and
1019 373 24 21 at
1063 369 92 24 FoX'S
1174 368 106 29 UIVEU,
1297 366 76 24 where

731 444 38 24 the
826 451 26 14 lit
866 438 92 32 Signals
979 438 105 27 arc-!
1102 447 25 16 as
1146 442 23 21 at
1193 438 40 25 the
1255 438 62 30 Grey
1330 433 52 36 and]

734 511 119 27 Ika.

764 551 19 21 A
807 545 49 26 lT:u
858 554 7 8 r
867 545 52 24 stafl
936 545 41 24 has
999 544 55 25 been
1077 544 90 25 erected
1188 552 29 15 on
1240 543 40 23 the
1303 539 72 26 North

737 618 65 24 Point
822 625 21 15 u!
864 612 174 28 CONSTANT
1056 614 76 29 HAY,
1156 610 124 32 I'AKIIH,
1303 609 76 25 where

737 687 38 24 the
798 684 119 31 following
944 682 93 33 Signals
1066 682 44 24 will
1139 683 25 24 he
1177 682 79 24 shown

741 757 24 22 J{(
781 751 4 33 1
800 753 56 31 Flag
867 757 22 20 at
904 751 120 27 masthead
1036 751 3 33 :
1061 753 69 24 Moats
1142 760 42 17 can
1197 755 66 21 enter

731 816 1 38 1
743 823 57 26 nine
822 821 64 33 Mag,
915 816 137 38 half-mast:
1091 822 47 24 Lo>\
1167 824 78 25 water,
1268 819 54 24 wait
1351 818 31 24 for

800 857 53 24 tide.

731 922 1 35 i
743 926 79 25 White
835 924 72 33 Flag:
927 925 117 25 Entrance
1055 924 137 33 dangerous,
1200 922 52 26 surf
1264 925 37 22 too
1313 922 69 30 heavy

804 962 36 23 for
852 960 71 25 boats.

859 1030 27 24 T.
906 1032 28 22 A.
952 1030 106 26 SVEYI)
1077 1028 224 27 KYNNKKSIiKV,

1172 1063 190 26 I'oinmisisoner.

732 1101 2 32 j
747 1104 20 24 J;
779 1110 73 17 nuarv
865 1102 47 27 3rd,
927 1104 61 23 18G7.
1381 1101 1 32 I

732 1126 4 27 I
838 1126 3 27 '

935 1170 127 25 POSTAL
1080 1168 127 27 NOTICE.

752 1244 72 26 Mails
834 1244 61 25 leave
908 1243 158 26 Charleston—

779 1281 46 24 For
836 1280 34 24 St.
882 1278 76 29 Kiltla,
973 1278 120 31 Brighton,
1101 1276 45 26 ami
1159 1274 154 34 Greymoutli,
1321 1282 70 25 every

752 1314 121 31 Thursday
886 1317 23 20 :it
926 1316 24 20 10
962 1321 52 16 a.m.

781 1349 44 24 For
839 1348 64 24 West
907 1351 57 30 port,
976 1354 68 25 every
1058 1345 117 32 Tuesday,
1187 1350 24 20 at
1227 1348 25 21 10
1264 1352 53 17 a.m.

752 1382 74 26 Mails
837 1383 105 23 arrive—

764 1413 4 38 ,
782 1418 69 25 From
863 1416 41 35 {St.
924 1415 75 29 Kilda,
1016 1415 135 33 'Brighton,
1172 1414 44 25 and
1240 1413 156 27 Grevmouth.

752 1461 69 24 every
834 1451 116 33 Tuesday,
961 1456 25 20 at
1002 1455 20 21 11
1038 1459 52 18 a.m.

783 1489 69 24 From
867 1487 65 25 West
936 1490 57 30 port,
1005 1494 68 24 every
1086 1485 156 33 Wednesday,
1254 1490 24 20 at
1287 1489 13 20 4
1312 1493 55 24 p.m.

783 1519 69 35 ((fTice
865 1530 59 24 ojx?n
939 1523 33 23 for
990 1521 20 24 d<
1018 1521 75 33 livery
1104 1523 27 22 of
1141 1521 87 30 I.tiers,
1247 1522 40 22 &c.
1301 1519 4 35 :
1327 1519 69 25 \Veek

752 1557 66 32 days,
834 1557 61 25 from
917 1559 24 22 lu
960 1564 54 18 a.m.
1033 1561 23 21 to
1074 1559 12 23 6
1106 1564 53 25 p.m.
1193 1557 70 23 Office
1274 1553 81 26 elosed
1369 1561 27 17 on

753 1590 115 34 Sundays.

1106 1626 28 25 H.
1153 1626 37 25 W.
1207 1627 133 28 Stkhhing,

1217 1661 152 24 Postmaster.

1017 1715 119 25 NOTICE

759 1750 45 26 The
824 1756 107 20 account*
945 1751 43 33 for
1009 1750 44 25 this
1072 1749 97 34 journal
1189 1749 46 25 trill
1255 1749 24 24 be
1300 1748 103 25 collected
1408 1748 1 36 \

783 1785 103 35 monthly,
905 1786 47 24 and
971 1785 137 25 advertisers
1128 1794 40 16 are
1188 1783 110 30 informed
1319 1783 48 25 that
1389 1787 12 21 8

785 1822 125 28 insertions,
926 1822 21 23 in
961 1820 31 25 all
1007 1829 62 15 cases
1091 1819 44 25 will
1150 1818 104 33 complete
1271 1822 33 21 the
1323 1817 78 26 month.

787 1856 20 25 A
829 1855 101 26 collector
950 1854 46 27 will
1016 1855 25 24 be
1061 1854 122 34 appointed
1201 1853 42 35 for
1263 1853 141 31 advertising

786 1896 107 20 accounts
903 1893 30 28 of
945 1891 69 24 which
1025 1890 43 24 due
1079 1891 70 23 notice
1160 1888 45 26 will
1216 1889 25 25 be
1251 1890 71 33 given.
1357 1885 31 28 Ad-

788 1927 104 24 vertisers
909 1926 94 33 wishing
1015 1930 20 20 to
1056 1924 58 25 alter
1130 1934 25 14 or
1171 1923 161 26 countermand
1348 1923 56 24 their

787 1960 188 30 advertisements,
993 1964 56 19 must
1068 1959 26 24 do
1109 1968 25 15 so
1152 1959 21 23 in
1193 1957 95 34 writing,
1300 1962 36 20 not
1348 1957 57 24 later

788 1996 52 24 than
853 1998 51 23 1()«.
907 2004 26 16 m.
939 2004 26 15 on
976 1994 33 26 the
1020 1994 44 33 day
1066 2003 106 25 previous
1180 1997 21 21 to
1204 1992 146 34 publication.
1358 1992 31 25 Ad-

789 2032 148 23 vertisements
947 2035 48 19 sent
1008 2029 90 24 without
1110 2029 85 23 written
1203 2032 78 20 mstrw
1289 2028 90 23 tionsas
1387 2032 20 18 to

790 2065 33 25 the
846 2065 89 24 number
955 2065 30 28 of
1006 2064 118 25 insertions
1146 2062 46 25 will
1211 2062 24 24 be
1257 2062 97 24 inserted
1375 2061 33 25 till

788 2098 246 33 countermandedyUnd
1044 2097 97 34 charged
1147 2096 148 34 accordingly.
1321 2095 88 26 Casual

789 2135 188 29 advertisements,
990 2134 59 25 when
1058 2133 34 24 the
1099 2133 124 24 advertiser
1230 2132 42 24 has
1279 2140 28 16 no
1314 2136 95 20 account

790 2170 52 24 with
863 2170 33 25 the
908 2170 70 33 office,
990 2173 56 21 must
1058 2167 24 25 be
1096 2166 60 35 paid
1166 2168 42 33 for
1222 2167 66 33 prior
1307 2170 20 20 to
1340 2166 57 24 inser-

792 2206 51 23 tion.
