3490 5590
82 179 45 30 the
154 178 131 31 Cre»wick
314 178 80 30 iiifles
420 178 35 38 by
481 179 45 28 the
560 188 63 30 very
655 178 73 39 large

84 224 112 30 number
209 222 30 31 of
252 246 13 5 -
260 224 14 17 )(
280 221 12 39 '
304 221 13 39 l
329 221 87 39 points.

118 267 45 30 An
185 266 85 29 action
295 274 51 20 was
376 264 115 40 brought
518 266 27 29 in
571 267 44 29 the
629 268 100 36 county

83 315 80 32 court,
180 308 166 36 Melbourne,
358 307 35 41 by
406 308 53 31 Mr.
474 308 142 40 Mumford,
627 308 101 43 against

83 356 107 30 Messrs.
206 352 157 32 M'Meckan
378 353 53 29 and
446 354 57 31 Co.,
519 363 103 21 owners
636 355 29 29 of
685 353 44 30 the

84 404 115 25 steamer
213 396 187 38 Gothenburg,
423 400 27 24 to
477 407 102 20 recover
607 398 61 30 £0(1.
685 396 43 30 the

82 441 71 40 price
166 441 28 30 of
206 452 15 19 a
236 440 78 39 piano
340 439 146 39 ln-longing
507 445 29 24 to
559 441 45 30 the
619 442 60 30 wife
701 441 28 29 of

83 486 46 30 the
144 484 121 41 plaintiff
277 482 79 40 (Miss
369 481 75 31 Julia
460 484 95 29 Mnttlo
569 487 57 38 ws),
641 483 84 30 whi-'-h

83 540 53 19 was
162 528 141 41 destroyed
332 526 77 29 while
437 527 79 39 being
547 527 114 41 n'.ippnl
693 537 33 18 on

82 572 82 30 board
189 572 44 30 the
258 570 184 37 Gothenburg,
469 575 27 25 at
528 569 139 35 Hokitika,
700 570 26 28 in

82 613 117 34 October
223 614 58 31 la<t.
323 614 31 29 In
381 613 110 32 defence
521 614 20 30 it
567 624 51 21 was
644 618 82 36 urged

81 660 59 30 that
154 670 33 18 no
211 659 153 39 negligence
385 657 51 30 had
461 659 65 28 been
550 658 99 34 shown,
667 657 58 28 that

81 712 79 29 every
174 712 57 19 care
255 702 50 29 had
330 700 65 30 been
420 701 90 34 taken,
533 700 52 29 and
608 702 57 27 that
681 699 43 28 the

81 746 123 31 accident
228 756 53 19 was
307 744 154 30 occasioned
495 742 35 40 by
563 744 44 28 the
641 742 83 39 heavy

81 790 74 31 swell
181 789 87 30 which
296 799 51 20 was
374 788 117 39 running
516 792 27 23 at
570 786 46 29 the
650 787 73 28 time.

81 833 90 42 Judge
185 832 127 31 Pohlraan
336 830 124 32 awarded
477 842 16 19 a
514 830 101 29 verdict
636 832 30 27 to
681 829 44 30 the

81 877 125 45 plaintiff,
219 877 125 40 damages

80 997 190 33 RESIDENT
295 992 273 34 MAGISTRATE'S
590 991 132 32 COURT.

42 1094 23 33 f
135 1087 109 37 (Before
258 1083 109 30 Charles
380 1080 97 33 Broad,
494 1080 74 38 Esq.,
583 1079 85 35 R.M.)

245 1169 93 31 Friday,
496 1167 61 23 W7.

110 1208 132 32 Assaulting
254 1205 81 30 Police,
345 1207 69 30 st.~
416 1202 64 25 John
500 1200 104 28 Mullins,
624 1201 99 30 charged

80 1247 57 26 with
149 1244 39 26 the
199 1242 73 26 above
282 1241 95 27 offence,
394 1241 24 21 at
431 1237 39 24 the
489 1236 85 25 Casino
585 1235 28 26 de
625 1236 96 31 Venice,

79 1292 29 16 on
127 1278 101 32 Monday
244 1277 54 25 last,
317 1282 47 16 was
382 1270 123 27 sentenced
524 1275 24 19 to
559 1279 44 17 one
621 1272 101 24 month's

78 1316 176 34 imprisonment
270 1310 56 25 with
346 1306 56 28 hard
418 1305 70 27 labor.
521 1305 96 25 Patrick
638 1307 84 30 Leach,

79 1355 36 24 for
127 1360 14 16 a
154 1348 88 26 similar
252 1347 88 25 offence
356 1348 24 21 at
393 1343 39 24 the
450 1348 64 17 same
526 1341 57 24 time
594 1341 45 25 and
651 1341 71 34 place,

80 1396 47 17 was
147 1381 125 29 sentenced
293 1384 23 21 to
337 1383 25 21 14
383 1376 65 32 days'
468 1374 178 34 imprisonment
665 1376 56 26 with

54 1450 6 11 '
76 1468 15 17 a
100 1454 149 30 disturbance
260 1457 22 20 at
296 1452 39 24 the
347 1449 87 26 Casino
442 1454 28 17 on
481 1445 101 32 Monday
592 1445 75 33 night,
675 1454 46 18 was

30 1477 20 49 /
77 1492 60 28 fined
155 1494 47 21 4>)s.
249 1487 63 24 John
325 1484 25 26 Sl
357 1489 80 22 itterv,
454 1490 28 16 on
495 1490 14 17 a
520 1482 88 24 similar
628 1482 92 31 charge.

20 1510 22 48 /
76 1536 48 17 wis
136 1521 129 29 dismissed,
277 1521 40 25 the
327 1528 27 16 ca
368 1528 12 15 e
392 1523 38 19 not
444 1518 21 23 be
472 1517 40 30 ing
524 1516 91 32 proved.

20 1553 8 17 '
109 1558 146 33 O'tsfrHciivtj
274 1554 33 26 thr
330 1552 147 27 P,'ic.\~Tli
496 1558 50 17 mis
569 1551 150 33 Fitzpatrick,
729 1546 4 45 |

77 1601 28 25 ch
120 1594 56 32 rgvd
256 1591 46 26 t'iis
311 1590 96 24 offence,
416 1595 47 17 was
475 1586 61 25 fine.l
550 1586 54 25 LlO.

109 1633 93 26 Riotous
222 1624 245 28 Conduct.—Thomas
489 1620 110 33 Rodgers.
621 1621 100 33 charged

20 1651 2 67 L
23 1651 15 67 f
77 1669 56 27 with
155 1663 106 29 creating
280 1670 13 15 a
315 1659 148 25 disturbance
484 1661 24 20 at
532 1657 39 24 the
589 1656 85 26 Casino
691 1651 41 34 del

75 1703 97 27 Venice,
183 1708 29 17 on
227 1696 87 26 Wedae
328 1694 44 30 diy
384 1692 67 34 night
462 1691 53 29 last,
533 1699 47 19 was
592 1692 59 26 lined
664 1698 56 26 405.,

77 1739 75 28 which
174 1736 87 29 having
277 1730 71 27 failed
359 1734 24 23 to
398 1738 52 25 psiy,
468 1729 28 26 he
515 1738 46 16 was
579 1730 140 34 imprisoned
729 1729 2 38 |

20 1757 3 47 |
76 1778 38 24 for
123 1774 66 26 three
199 1770 58 31 days
268 1767 57 24 with
336 1765 57 26 hard
404 1757 69 33 lai>or.

20 1795 14 35 L
112 1795 262 42 Vuqranctj.—Thoma*
404 1800 148 31 Cummings,
588 1800 53 25 who
672 1809 47 16 was

20 1826 36 34 k
75 1854 16 24 p
91 1854 12 17 r
111 1842 53 28 ,vod
174 1842 28 23 bv
215 1839 39 25 the
265 1835 110 27 evidence
385 1832 104 27 adduced
507 1839 24 20 to
543 1835 28 24 be
588 1842 29 17 an
630 1835 36 26 old
684 1836 34 24 of-
728 1826 3 52 i

76 1879 90 27 tender,
177 1882 48 17 was
237 1868 124 30 sentenced
372 1875 25 21 to
409 1871 65 24 three
481 1870 105 25 month's
596 1870 123 33 imprison-
728 1868 3 38 j

78 1917 72 23 niei.t.
162 1909 56 25 with
230 1907 57 25 hard
298 1906 36 25 lab
344 1913 24 18 >r.

20 1955 12 28 \
107 1943 92 32 Asw'di
210 1942 98 34 —Ryan
321 1950 21 17 v.
357 1941 153 27 Pic.—Case
521 1939 131 28 dismissed.

108 1979 217 30 /IwiM/f.—Hrevin
348 1986 21 15 v.
391 1975 212 34 Sedgwick.--The
628 1974 89 26 assault

75 2019 89 30 having
173 2018 56 24 been
242 2011 59 33 fully
314 2012 93 34 proved,
420 2012 36 25 his
468 2012 100 34 worship
585 2009 104 29 inflicted
705 2009 25 36 aj

77 2055 47 27 fine
135 2054 27 24 of
173 2052 13 27 L
186 2052 28 27 5,
226 2048 107 33 together
345 2048 56 25 with
414 2051 72 24 costs.

106 2083 259 32 JJmnkenneFred
380 2083 50 25 rick
448 2081 123 29 M'Dowell
588 2081 46 26 and
646 2082 26 24 T.
691 2082 39 30 R.;

75 2125 103 25 Bennett
191 2122 37 24 for
239 2119 47 26 this
294 2120 88 25 offence
394 2126 59 19 were
466 2117 113 32 severally
591 2117 60 26 lined
664 2122 55 28 205.,
728 2116 2 38 j

75 2167 26 17 or
111 2159 24 25 in
146 2154 90 29 default
247 2158 28 21 48
287 2154 77 25 hours'
373 2153 188 34 imprisonment.

109 2193 130 32 Perjury—
242 2188 71 27 Clark
325 2197 13 16 v
352 2188 165 33 Asper.—The
529 2187 153 26 information
696 2190 21 24 in

75 2228 48 27 fir's
134 2234 53 18 ease
199 2233 47 18 was
257 2223 67 27 di-m'
334 2223 51 26 -cd.
404 2225 39 24 the
460 2222 159 36 complainant
632 2223 87 33 having

75 2264 71 26 failed
154 2266 24 21 to
188 2268 70 25 prove
269 2261 40 25 the
321 2259 92 29 cliaig.'.

106 2294 220 31 As•riult.rro''l
339 2302 14 17 v
366 2294 181 26 Brosinan.—ln
559 2293 47 27 this
617 2301 53 19 case
679 2295 40 26 the
728 2293 3 41 j

265 2339 26 24 pr
301 2338 33 15 oe
343 2329 12 24 l.
376 2329 4 34 l
393 2330 18 23 is
423 2329 108 32 Worship
542 2329 124 24 sentenced
680 2331 39 24 the

74 2369 104 29 prisoner
189 2372 24 18 to
223 2373 44 17 one
279 2363 102 26 month's
399 2362 177 34 imprisonment
588 2362 56 24 with
663 2364 55 24 hard
729 2362 2 36 ;

73 2403 70 26 lal«»r.
729 2400 2 29 !

20 2428 42 33 B
107 2433 257 36 Perjury—Frederick
376 2432 95 28 Cc.rro'l,
488 2431 100 33 charged
602 2432 55 26 with
670 2432 61 26 wil-:

20 2460 39 36 I
74 2472 36 25 ful
127 2470 46 26 and
190 2473 93 30 corrupt
301 2469 103 34 perjury,
416 2475 47 19 ''as
481 2466 125 28 remanded
626 2467 34 26 till
679 2469 40 25 the
728 2460 3 48 j

143 2507 96 25 instant.

102 2542 155 25 Twentv-or.e
269 2539 52 26 civil
333 2547 28 18 ca
362 2547 9 10 c
374 2548 24 17 vs
410 2547 58 18 were
479 2538 104 31 disposed
595 2538 33 26 of.

260 2656 241 33 BRIGHTON.

195 2742 82 32 (Fro,n
294 2751 40 15 our
344 2751 46 16 oicii
402 2739 194 35 correspondent.)

219 2788 49 29 !a<t
289 2788 9 28 I
322 2786 155 31 mentioned
501 2785 58 30 that
583 2785 131 39 Brighton
728 2785 1 39 1

150 2830 139 42 gradually
311 2830 112 40 settling
444 2828 80 31 down
548 2828 56 29 into
618 2839 15 19 a
647 2827 67 30 fixed
727 2827 2 45 !

206 2874 50 29 and
271 2873 130 40 anything
424 2882 72 20 more
509 2872 206 37 unsatisfactory

226 2921 107 36 present
355 2915 138 32 condition
518 2914 30 32 of
566 2914 53 32 this
634 2919 67 26 town-

185 2961 21 29 is
220 2960 111 29 difficult
344 2964 29 26 to
387 2959 125 40 imagine.
549 2958 168 39 Everything

174 3003 104 39 perfect
288 3002 143 32 standstill,
444 3012 35 20 no
489 3001 136 39 buildings
635 3002 81 39 going

374 3044 70 30 work
460 3044 30 30 of
500 3054 52 28 any
565 3049 55 25 sort
634 3044 81 39 going

236 3089 11 29 I
260 3093 94 36 except
363 3088 43 29 the
422 3087 140 30 Warden's
569 3087 144 35 residence,

215 3131 49 30 but
287 3129 157 42 completed.
491 3130 68 29 How
582 3130 62 35 long
660 3130 55 29 this

214 3173 134 29 inertness
368 3173 55 28 will
437 3173 124 28 continue
576 3172 21 29 it
612 3173 22 28 is
648 3172 64 28 hard

187 3215 41 31 for
250 3216 21 30 it
296 3215 22 31 is
341 3215 101 33 certain
464 3213 59 32 that
546 3214 44 30 the
611 3218 105 36 present

257 3260 29 29 of
307 3261 45 28 the
375 3260 104 28 district
503 3263 72 25 must
601 3258 114 30 increase

357 3307 28 24 to
398 3300 89 38 adjust
508 3301 45 28 the
567 3300 134 40 dispropor-

291 3345 45 31 the
355 3344 88 32 actual
463 3344 98 31 miners
581 3343 51 31 and
648 3345 56 29 btisi-

290 3389 44 29 the
360 3389 77 28 latter
458 3387 81 39 being
559 3387 81 29 about
667 3388 48 27 five

277 3439 142 23 numerous
444 3430 63 31 than
535 3441 13 19 a
569 3429 146 42 legitimate

265 3474 120 36 demand,
410 3474 52 30 and
479 3474 69 29 until
568 3474 149 38 something

302 3517 77 31 there
405 3518 22 29 is
441 3516 67 31 little
533 3515 143 32 likelihood
689 3516 30 29 of

305 3571 52 29 any
383 3559 182 31 considerable
590 3559 84 30 influx
688 3560 29 28 of

359 3613 43 20 are
421 3604 59 38 just

305 3646 170 40 jurisdiction

268 3690 112 29 without
452 3690 172 38 jurisdiction
635 3690 66 29 what-

312 3736 28 27 at

668 3777 47 29 but

286 3872 10 19 r

374 3954 27 22 to

425 3990 56 32 The

406 4131 28 18 as

380 4163 55 33 <fcc.,
630 4174 36 28 up

418 4206 33 31 be
464 4217 65 19 once
543 4217 72 21 more

383 4250 76 33 craft,

615 4295 31 29 lie
662 4304 41 29 pos-

408 4340 27 26 to
449 4336 32 30 be

432 4379 70 38 good

439 4422 71 30 thlan

660 4476 43 19 con-

673 4509 44 28 the

467 4593 55 31 The

468 4639 70 29 river

523 4810 29 29 of

541 4939 53 29 and
622 4949 34 19 on

528 5024 74 31 miles
625 5034 36 30 up
675 5024 44 30 the

571 5067 56 29 Fox

673 5109 46 31 the

757 179 202 27 ATTEMPTED
984 179 177 28 POISONING
1182 181 41 26 OF
1244 179 17 28 A
1279 179 105 28 SQUAT-

879 217 61 24 TER
960 217 44 25 AT
1028 216 163 26 TWOFOLD
1210 216 75 26 BAY.

921 286 81 31 (From
1016 287 35 25 the
1069 285 88 35 Weekly
1169 286 68 34 Age.]

793 333 42 33 An
859 334 105 40 inquiry
980 343 52 21 was
1055 332 62 32 held
1132 338 26 25 .it
1182 333 46 31 the
1244 332 157 32 Melbourne

754 377 78 37 Gaol,
844 388 34 19 on
894 378 44 29 tlie
954 378 46 28 4tli
1017 377 106 35 instant,
1147 376 88 30 before
1260 376 42 29 Mr
1317 378 84 36 dlurt,

757 420 81 34 P.M.,
854 420 62 31 with
934 421 129 30 reference
1077 423 28 28 to
1119 430 31 19 an
1167 418 101 40 allied
1292 423 109 36 attempt

755 468 26 26 to
808 465 91 40 poison
929 464 42 30 Mr
984 463 102 31 Robert
1099 463 106 30 Devlin,
1233 475 14 17 a
1276 468 125 33 «jnatter,

754 518 60 20 near
837 507 82 36 Eden,
945 506 117 30 Twofold
1077 506 62 39 Bay.
1183 508 23 27 A
1231 506 170 39 preliminary

753 550 179 31 examination
948 551 25 28 in
990 551 44 30 the
1049 560 58 19 case
1123 549 51 29 had
1189 550 79 28 taken
1285 550 74 38 place
1373 555 28 23 at

757 594 81 37 Kden,
871 595 53 30 and
955 593 44 30 the
1032 593 164 40 depositions
1223 592 63 31 then
1319 593 81 30 taken

755 639 99 29 formed
878 639 47 29 the
949 638 127 38 principal
1091 643 58 32 part
1163 637 29 28 of
1213 636 43 29 the
1272 636 125 30 ftvidence

753 691 32 21 on
810 680 46 30 the
880 684 107 37 present
1001 680 130 29 occasion.
1172 679 55 28 The
1242 679 157 39 particulars

752 724 29 29 of
802 723 45 30 the
870 733 57 21 case
941 733 66 19 were
1011 721 93 30 —that
1119 721 25 30 in
1160 720 140 40 February,
1320 720 77 39 18GG,

753 767 42 30 Mr
810 766 108 37 Devlin,
944 766 57 29 who
1026 766 64 29 lives
1112 764 79 31 alone
1206 774 33 21 on
1260 775 15 19 a
1298 766 97 29 station

753 820 60 20 near
826 809 120 31 Twofold
974 809 65 39 Bay,
1064 806 49 33 left
1141 808 40 30 his
1207 807 82 32 house
1317 808 39 30 for
1382 820 15 18 a

752 854 80 32 week,
846 854 52 30 and
912 863 34 20 on
961 853 137 36 returning
1112 852 84 29 found
1211 852 57 30 that
1287 861 15 21 a
1316 862 65 31 quan-

750 898 53 39 tity
817 898 27 29 of
870 896 154 33 strychnine
1051 896 52 30 had
1127 895 65 29 been
1221 895 93 39 placed
1341 896 26 29 in
1383 908 14 16 ;i

750 941 83 30 bottle
849 940 86 30 where
946 940 32 29 he
993 939 63 39 kept
1070 938 41 29 his
1125 943 51 29 tea,
1193 938 63 30 with
1272 936 85 32 which
1376 940 20 28 it

750 994 52 20 was
829 994 29 17 so
883 982 88 30 mixed
997 994 38 27 up
1061 981 59 30 that
1146 980 23 29 it
1192 981 77 30 could
1284 981 64 38 only
1364 982 31 29 be

750 1026 137 32 discerned
901 1026 63 30 with
974 1024 136 38 difficulty.
1131 1023 56 30 The
1197 1023 100 30 station
1310 1025 85 30 where

750 1071 32 29 he
797 1070 69 30 lived
881 1081 52 19 was
953 1069 91 30 fifteen
1059 1067 74 30 miles
1146 1066 68 29 from
1228 1076 53 29 any
1295 1067 86 31 habita-

749 1115 63 34 tion,
827 1114 52 29 and
893 1113 47 30 the
960 1117 106 24 nearest
1087 1119 52 21 was
1160 1109 113 31 another
1291 1112 102 29 station

748 1156 128 32 tenanted
891 1155 33 41 by
933 1166 15 20 a
957 1155 68 31 bush
1036 1155 127 39 squatter,
1173 1152 95 31 named
1277 1152 117 34 William

750 1201 158 29 Alexander.
950 1199 43 29 No
1014 1197 135 30 travellers
1164 1207 59 18 ever
1243 1197 93 38 passed
1357 1199 35 40 by

748 1243 44 29 Mr
807 1242 117 31 Devlin's
946 1241 105 37 station,
1066 1241 53 29 and
1142 1239 44 30 the
1207 1239 63 41 only
1284 1250 109 29 persons

749 1286 25 29 in
797 1286 44 29 the
865 1286 75 29 habit
960 1284 30 30 of
1007 1283 109 40 visiting
1131 1283 21 30 it
1165 1286 27 26 at
1206 1282 43 38 all,
1266 1293 68 22 were
1348 1285 45 30 the

747 1329 133 31 members
905 1329 28 29 of
958 1328 47 29 the
1027 1327 153 30 Alexander
1204 1326 100 38 family.
1347 1328 46 29 Mi-

748 1372 95 30 Devlin
868 1369 142 42 suspected
1032 1370 45 29 the
1093 1380 68 22 man,
1178 1369 117 30 William
1311 1369 65 32 Alex-

745 1414 92 36 ander,
851 1415 125 38 knowing
997 1413 58 29 that
1081 1415 33 29 he
1137 1423 53 20 was
1211 1413 123 31 actuated
1357 1413 36 41 by

746 1458 49 31 bad
819 1459 100 39 feeling
941 1457 116 30 towards
1080 1458 61 35 him,
1157 1456 52 30 and
1228 1456 98 40 having
1340 1456 52 32 h;'d

745 1503 125 29 evidence
893 1503 29 28 of
946 1500 40 30 his
1011 1500 100 31 malice.
1153 1500 42 28 He
1218 1500 88 31 could,
1322 1500 52 28 how-

745 1555 66 27 ever,
846 1545 61 30 take
939 1554 34 19 no
1006 1542 172 40 proceedings
1212 1552 72 30 115)011
1316 1543 73 30 these

745 1588 117 38 grounds
876 1600 5 25 ;
912 1588 48 30 but
982 1597 15 19 a
1019 1585 188 31 twelvemonth
1235 1587 157 29 afterwards

745 1631 38 39 (in
808 1630 135 40 February
970 1628 69 38 last),
1068 1628 115 31 William
1213 1627 176 32 Alexander's

743 1674 111 31 brother
866 1674 97 37 James,
975 1683 67 30 gave
1053 1671 56 32 him
1123 1671 170 31 information
1305 1672 84 31 which

744 1718 43 32 led
801 1718 55 32 him
865 1724 28 24 at
906 1729 63 19 onco
983 1722 27 25 to
1022 1716 62 31 take
1098 1720 73 36 steps
1182 1716 26 30 in
1220 1715 46 31 the
1281 1720 108 30 matter,

743 1764 54 30 and
818 1764 65 29 have
907 1761 46 30 the
968 1762 97 28 former
1077 1759 124 31 arrested.
1242 1760 33 28 In
1288 1760 45 29 the
1347 1770 27 19 ex-

743 1805 149 30 amination
907 1808 26 25 at
946 1803 82 32 Eden,
1039 1802 91 29 James
1143 1802 152 30 Alexander
1307 1813 82 18 swore

743 1848 58 30 that
816 1848 40 30 his
870 1846 108 31 brother
994 1844 122 33 William
1130 1844 50 29 had
1194 1844 83 31 asked
1291 1846 56 29 him
1361 1851 28 24 to

742 1892 78 30 assist
843 1892 27 28 in
893 1890 125 38 shooting
1040 1898 15 19 a
1070 1887 120 30 valuable
1213 1889 85 28 entire
1313 1888 76 30 horse

743 1934 143 39 belonging
912 1938 27 25 to
964 1933 42 29 Mr
1020 1931 105 35 Devlin,
1154 1930 52 30 and
1232 1931 157 33 afterwards

742 1978 81 29 asked
844 1978 56 31 him
922 1981 27 25 to
964 1975 76 30 assist
1055 1975 25 29 in
1096 1974 125 40 shooting
1236 1975 41 29 Mr
1292 1975 97 30 Devlin

743 2019 113 33 himself.
903 2019 50 30 His
978 2018 106 31 brother
1109 2016 55 33 also
1189 2018 57 30 said
1272 2019 59 30 that
1357 2019 32 30 he

743 2066 51 29 had
845 2067 48 37 put
930 2062 154 40 strychnine
1124 2062 27 30 in
1190 2072 14 19 a
1243 2062 84 30 bottle
1363 2064 29 28 of

743 2114 42 25 tea
806 2112 26 26 at
855 2108 43 29 Mr
919 2105 121 31 Devlin's
1065 2105 91 30 house.
1196 2104 56 31 The
1279 2105 110 31 witiess

743 2152 114 38 thought
879 2160 16 19 a
919 2149 68 40 good
1011 2148 59 31 deal
1095 2148 81 30 about
1197 2148 63 35 this,
1276 2150 50 28 but
1340 2148 47 30 did

743 2199 46 25 not
815 2194 52 30 like
894 2196 28 27 to
949 2193 59 39 give
1034 2190 174 33 information
1237 2192 112 31 because
1363 2193 21 30 it

743 2238 87 30 would
1008 2236 45 29 the
1258 2236 82 31 Aftjr
1373 2247 13 18 a

744 2280 189 32 twelvemonth
960 2279 51 31 had
1045 2279 116 40 elapsed,
1190 2279 129 34 however,
1354 2279 33 31 he

744 2325 75 28 made
834 2334 35 28 up
884 2324 40 28 his
938 2322 73 29 mind
1036 2324 27 26 to
1077 2322 48 30 tell
1141 2322 47 28 Mr.
1207 2322 105 33 Devlin,
1328 2323 48 29 feel-

743 2368 46 38 ing
814 2366 58 29 that
896 2366 32 29 he
954 2364 79 31 could
1060 2369 47 25 not
1134 2369 52 24 rest
1205 2364 69 29 until
1289 2366 32 29 he
1335 2364 52 31 had

743 2411 68 29 done
838 2420 38 19 so.
933 2407 99 32 Robert
1070 2407 161 36 Alexander,
1274 2407 115 31 another

743 2452 107 32 brother
875 2452 29 31 of
940 2452 46 29 the
1025 2451 121 36 accused,
1180 2451 53 31 and
1268 2451 117 32 Barbara

745 2496 158 36 Alexander,
919 2495 40 29 his
973 2494 84 33 sister,
1073 2494 55 30 also
1142 2504 66 30 gave
1221 2496 125 30 evidence
1359 2499 26 25 at

743 2540 84 33 Eden,
854 2540 44 30 the
924 2538 98 30 former
1046 2538 101 40 stating
1179 2539 59 30 that
1268 2540 33 29 he
1334 2538 51 31 had

743 2583 80 30 heard
837 2584 42 29 his
893 2581 108 31 brother
1015 2581 115 30 William
1140 2583 102 29 confess
1251 2585 28 26 to
1290 2583 99 37 having

743 2632 46 32 put
816 2627 45 30 the
887 2624 152 41 strychnine
1067 2623 25 31 in
1120 2625 45 32 the
1195 2630 62 31 tea;
1276 2625 52 31 and
1342 2625 45 30 the

742 2661 77 38 Lillet
828 2670 65 28 that
965 2667 128 29 hwirseeu
1103 2677 17 19 a
1131 2669 96 37 packet
1240 2670 28 27 of
1286 2670 86 34 strych-

742 2712 62 29 nine
829 2712 38 30 inv
883 2710 47 30 the
957 2709 149 40 possession
1132 2710 29 28 of
1193 2710 48 29 her
1273 2710 111 30 brother

742 2754 124 30 William.
907 2753 44 29 He
966 2752 155 29 threatened
1132 2755 28 26 to
1175 2752 149 39 horsewhip
1338 2752 47 31 her

742 2798 20 29 if
776 2797 46 30 she
834 2797 59 30 said
916 2793 132 42 onything
1071 2794 85 31 about
1180 2795 28 29 it.
1248 2795 65 30 This
1327 2806 45 19 con-

741 2840 94 31 cluded
849 2840 44 30 the
903 2840 158 30 statements
1070 2837 28 31 of
1108 2837 46 31 the
1160 2839 138 30 witnesses
1306 2843 27 25 at
1344 2839 43 30 the

740 2885 99 29 former
852 2881 190 34 examination,
1063 2881 51 29 and
1136 2882 64 40 they
1214 2882 128 31 attended
1357 2887 27 27 at

743 2928 157 30 Melbourne
922 2924 61 42 gaol
1007 2935 33 20 on
1064 2924 149 42 Thursday,
1237 2926 49 29 but
1300 2927 87 32 added

740 2971 112 38 nothing
875 2967 118 33 material
1016 2973 28 24 to
1065 2968 84 30 them.
1199 2969 47 29 The
1260 2970 125 38 prisoner

740 3024 53 19 was
807 3015 27 28 in
849 3013 46 30 the
907 3021 82 27 room,
1007 3009 53 32 and
1074 3011 48 30 Mr.
1141 3011 99 40 Manby
1255 3013 130 38 appeared

741 3056 41 30 for
808 3056 41 30 his
875 3056 115 30 defence.
1057 3054 46 30 Mr
1131 3055 101 38 Manby
1258 3065 113 21 cross-ex-

739 3100 105 29 amined
858 3099 45 30 the
929 3098 115 37 witness,
1064 3096 91 32 James
1183 3098 159 37 Alexander,
1357 3105 27 24 at

739 3152 71 19 seme
830 3142 98 39 length,
944 3140 62 29 and.
1030 3150 99 28 among
1150 3140 77 30 other
1240 3142 145 36 questions,

740 3183 82 32 asked
849 3183 55 30 him
931 3182 120 30 whether
1077 3182 46 29 the
1137 3182 86 32 whole
1243 3193 54 20 was
1310 3188 47 26 not
1371 3194 16 20 a

740 3227 140 31 concocted
894 3226 104 33 scheme
1021 3225 119 31 between
1154 3227 110 31 himself
1274 3228 54 29 and
1342 3228 42 30 his

739 3270 108 30 brother
872 3270 106 33 Robert,
1004 3273 28 23 to
1059 3269 58 28 ruin
1144 3270 45 29 the
1216 3270 121 36 accused,
1359 3271 26 28 in

739 3312 78 32 order
830 3312 59 31 that
900 3312 64 41 they
978 3309 87 41 might
1088 3310 90 33 divide
1201 3312 46 31 the
1258 3317 128 37 property

741 3356 80 39 lately
832 3357 47 30 left
893 3357 35 38 by
940 3355 68 30 their
1023 3354 86 31 father
1123 3359 28 27 to
1168 3357 39 30 his
1221 3368 72 20 sons.
1328 3357 54 30 The

740 3400 110 29 witness
863 3399 96 30 denied
973 3397 62 31 this,
1059 3399 53 29 and
1135 3399 56 30 also
1214 3399 96 30 denied
1325 3399 60 30 that

740 3443 33 31 he
788 3442 51 31 had
859 3443 69 31 been
950 3441 99 38 incited
1072 3446 28 26 to
1115 3443 77 30 make
1206 3442 46 31 the
1267 3453 105 29 prosecu-

741 3487 54 29 tion
819 3485 119 39 through
964 3484 171 32 information
1161 3486 80 39 given
1273 3486 36 39 by
1342 3487 42 29 his

740 3529 108 30 brother
877 3528 126 36 William,
1029 3528 65 30 with
1120 3529 133 30 reference
1283 3533 28 26 to
1345 3530 41 30 his

740 3573 100 39 having
853 3573 85 29 stolen
952 3571 101 31 certain
1068 3582 77 26 cows,
1161 3572 47 31 the
1221 3576 125 37 property
1360 3573 30 31 of

742 3616 104 30 Messrs.
862 3616 70 30 John
957 3614 53 31 and
1036 3615 144 40 Creighton
1205 3616 178 42 Stephenson.

745 3660 40 30 He
812 3670 82 20 never
919 3658 64 32 took
1011 3670 51 27 any
1089 3670 70 19 cows
1191 3660 145 39 belonging
1358 3665 29 25 to

742 3702 102 30 Messrs.
862 3702 175 40 Stephenson,
1063 3701 51 30 and
1138 3712 80 21 never
1231 3702 83 33 heard
1328 3703 59 31 that

741 3745 40 30 his
804 3745 106 31 brother
934 3744 121 31 William
1077 3745 53 32 had
1154 3746 111 32 accused
1288 3746 56 31 him
1361 3747 29 30 of

740 3789 82 36 doing
842 3799 36 20 so.
919 3789 54 29 The
998 3789 112 29 accused
1135 3799 54 19 was
1215 3790 64 30 then
1306 3789 81 31 asked

741 3831 119 31 whether
874 3831 33 30 he
935 3831 50 31 had
1012 3843 53 27 any
1091 3836 145 27 statement
1256 3838 28 24 to
1298 3834 85 36 make,

740 3874 53 32 and
806 3875 99 39 having
923 3876 137 31 answered
1086 3876 24 30 in
1125 3875 46 30 the
1186 3877 131 40 negative,
1333 3878 50 29 Mr.

740 3918 76 29 Sturt
830 3919 154 28 committed
999 3920 55 29 him
1078 3919 42 30 for
1142 3919 62 30 trial
1218 3924 27 25 at
1263 3921 44 28 the
1322 3925 65 25 next

740 3961 123 29 sessions.

766 4081 585 70 Correspondence.

812 4210 205 26 RUFFIANISM
1035 4209 33 25 IN
1085 4209 230 27 CHARLESTON.

742 4261 45 31 (TO
797 4268 57 22 THE
861 4268 108 22 EDITOR
975 4268 33 21 OF
1013 4267 56 23 THE
1074 4267 188 23 CHARLESTON
1273 4261 114 37 ARGUS.)

778 4303 161 36 Sir,—Last
964 4303 95 30 Easter
1074 4302 118 42 Monday
1206 4303 75 30 there
1295 4314 52 18 was
1372 4314 16 19 a

740 4352 73 35 great
834 4345 102 41 display
956 4351 26 24 at
1004 4347 45 29 the
1064 4346 99 31 Casino
1176 4346 32 29 de
1225 4345 108 33 Venice,
1360 4346 26 29 in

742 4391 45 29 the
801 4390 80 39 shape
896 4390 28 28 of
942 4389 184 31 uncontrolled
1140 4389 151 38 rowdyism.
1331 4389 56 30 The

741 4433 140 37 following
893 4433 52 39 day
957 4443 15 19 a
985 4432 151 39 gentleman
1152 4442 52 19 was
1218 4432 92 29 strivk
1326 4432 35 40 by
1373 4444 14 18 a

742 4477 94 29 ruffian
850 4476 88 29 whilst
951 4475 93 39 taking
1058 4475 41 30 his
1112 4475 102 31 dinner,
1231 4474 111 31 because
1356 4476 32 28 he

741 4517 143 41 expressed
909 4518 42 30 his
978 4518 96 30 honest
1100 4517 109 39 opinion
1237 4517 81 30 about
1344 4518 44 29 the

742 4572 51 19 row
806 4561 28 30 of
847 4561 44 30 the
905 4561 123 39 previous
1042 4560 84 39 night.
1168 4560 26 29 It
1210 4570 109 30 appears
1334 4561 55 29 also

742 4606 59 29 that
827 4615 48 19 one
901 4605 27 29 of
954 4605 44 29 the
1026 4603 128 42 principal
1175 4603 167 38 ringleaders
1362 4605 30 28 of

744 4648 118 38 Monday
920 4647 76 41 night
1055 4649 80 29 went,
1201 4646 45 29 the
1311 4646 78 38 night

742 4692 75 31 after,
856 4691 26 28 in
924 4699 132 33 company
1086 4688 65 30 with
1185 4689 76 29 three
1300 4689 89 29 others

745 4744 27 22 to
814 4745 15 18 a
870 4734 91 35 house,
994 4733 86 30 where
1123 4731 65 42 they
1220 4732 117 39 dragged
1376 4744 14 18 a

743 4787 103 19 woman
861 4780 48 25 out
922 4777 28 28 of
969 4776 62 30 bed,
1045 4774 53 29 and
1114 4784 74 28 upon
1203 4775 45 28 the
1269 4775 120 29 husband

745 4818 167 34 interfering,
935 4820 33 28 he
1006 4827 53 20 was
1084 4815 123 31 knocked
1232 4817 80 29 down
1338 4817 52 30 and

743 4860 96 32 kicked
855 4862 25 28 in
896 4862 44 29 the
956 4864 67 26 most
1037 4860 134 30 shameful
1197 4870 119 20 manner.
1359 4861 31 29 In

744 4906 45 29 the
804 4905 54 28 face
873 4904 29 29 of
920 4904 63 30 such
1007 4904 102 28 actions
1125 4902 18 30 it
1165 4902 121 31 becomes
1301 4913 74 19 neces-

743 4958 58 29 sary
816 4947 58 31 that
888 4958 38 19 we
947 4947 96 31 should
1067 4947 119 38 organise
1208 4956 15 19 a
1244 4945 70 41 body
1332 4946 59 31 who

743 4991 67 31 shall
832 4995 26 25 at
876 5001 52 28 any
942 4991 64 29 time
1020 4990 31 29 be
1064 4987 81 41 ready
1159 4993 29 26 to
1203 4993 47 34 put
1265 5000 14 18 a
1291 4994 60 35 stop
1365 4994 27 26 to

745 5034 54 30 this
814 5034 149 38 rowdyism.

968 5076 11 28 I
992 5085 52 21 am,
1059 5074 51 30 Sir,

1004 5118 86 29 Yours
1098 5116 184 40 respectfully,

1228 5160 128 30 Justice.

785 5203 165 32 Charleston,
968 5203 63 38 May
1049 5203 47 35 Ist,
1113 5202 76 29 18G7.

1521 74 75 31 THE
1618 76 250 31 CHARLESTON
1892 78 122 29 ARGUS

3307 93 99 76 3

779 5282 37 22 An
828 5280 150 26 uninformed
997 5280 125 26 Irishman,
1142 5280 99 29 hearing
1253 5279 40 25 the
1339 5278 53 24 hmx

747 5313 92 28 alluded
857 5320 25 22 to
901 5316 23 25 in
948 5323 126 24 eomvany,
1096 5315 129 33 whispered
1247 5319 24 20 to
1284 5323 12 15 a
1310 5314 82 24 trend.

748 5356 11 6 •'
770 5349 51 26 The
832 5351 90 32 Sphinx
935 5349 4 34 !
959 5350 52 24 who
1023 5351 18 23 is
1058 5349 60 26 that,
1138 5356 52 18 now
1296 5349 19 23 A
1331 5355 46 15 mon-

748 5388 54 24 ster,
1018 5392 13 16 a
1052 5383 109 25 Minister
1176 5390 70 20 man;
1265 5382 9 24 I
1295 5381 97 31 thought

748 5419 30 25 he
789 5426 47 18 was
848 5420 60 23 from
1102 5417 102 30 rejoined
1218 5417 40 25 the
1271 5417 121 24 Iri.himm.

740 5450 1 35 ;
748 5453 143 25 determined
905 5460 40 18 nor
957 5460 92 19 toseem
1062 5452 83 33 totally
1154 5452 156 31 unacquaink
1321 5451 7 25 1
1342 5459 12 16 v.
1363 5450 29 26 lt!i

1573 189 22 27 ii
1669 189 26 27 JJ
1770 189 13 28 I
1849 189 20 29 C
1935 189 26 32 A
2032 191 38 30 L.

1417 312 3 81 ;
1547 332 119 50 DR.
1718 334 236 59 BOX]),

1416 412 1 40 i
1430 412 105 32 Surgeon
1546 419 24 21 to
1582 414 134 27 theTotara
1725 415 97 27 District
1834 416 106 35 Hospital
1950 412 4 40 ;
1967 420 103 32 Surgeon

1490 453 22 20 to
1530 449 38 24 the
1581 451 104 24 German
1702 450 45 25 and
1765 451 175 27 Scandanavian
1954 454 116 30 Societies,

1492 484 137 25 KossTown
1643 484 4 38 ;
1665 484 46 26 late
1719 487 103 30 Surgeon
1834 491 23 20 to
1865 487 37 25 the
1914 488 156 34 Independent

1489 519 74 24 Order
1579 519 26 24 of
1620 518 150 32 Oddfellows,
1783 520 122 26 Auckland
1918 533 5 18 ;
1942 524 94 25 Author
2046 525 24 23 of

1488 552 88 26 several
1588 553 121 26 Scientific
1721 556 93 30 Essays,
1826 557 48 29 &c.,
1885 557 48 30 &c.,

1429 601 48 26 Has
1486 602 92 27 arrived
1591 603 22 25 in
1625 602 147 33 Charleston,
1783 603 45 27 and
1839 613 52 25 may
1907 607 26 25 be
1950 607 120 27 consulted

1547 661 103 24 DAILY
1678 663 45 23 AT
1751 663 52 24 111S
1830 663 121 32 OFFICE,

1426 718 32 24 At
1474 717 122 35 Ilanncy's
1608 718 77 33 Hotel,
1698 720 145 28 Coal-street.

1457 818 92 26 Branch
1557 817 104 27 Medical
1671 819 96 26 Council
1774 821 35 30 for
1818 820 96 33 Ireland,
1922 821 45 28 No.
1977 817 37 36 211

1455 867 113 27 Received
1590 868 61 26 from
1664 869 88 34 Joseph
1764 870 96 26 Francis
1871 871 74 30 Bond,
1957 873 62 31 Esq.,
2032 873 38 26 the

1424 910 50 16 sum
1488 905 25 21 of
1525 903 58 24 Two
1596 904 94 25 Pounds
1702 905 69 30 being
1782 905 39 24 the
1833 906 45 23 Fee
1889 907 36 24 for
1937 908 119 24 Registra-

1424 943 63 24 tion,
1498 941 116 30 pursuant
1626 943 24 20 to
1662 941 23 22 21
1700 939 20 25 &
1733 943 28 21 22
1775 939 59 27 Vic.,
1845 947 50 25 cap.
1909 944 35 28 90,
1955 950 44 17 sec.
2015 945 31 22 15.

1453 998 77 25 Dated
1547 999 40 25 Bth
1601 1000 88 31 March,
1704 1002 61 23 1800.

1746 1050 30 25 11.
1794 1050 183 33 MAUXSELL,

1905 1098 129 31 Registrar.

1624 1190 21 28 B
1665 1191 22 28 L
1707 1191 24 28 A
1752 1192 22 29 c
1796 1191 42 42 k;
1852 1192 17 29 s

1422 1258 201 68 ROYAL
1674 1260 144 48 MAIL
1869 1262 195 61 HOTEL,

1504 1347 234 32 CAMP-STREET,
1755 1350 224 31 CHARLESTON,

1595 1410 59 26 Late
1665 1412 27 24 of
1703 1411 95 26 Wood's
1810 1412 82 26 Toiifr
1925 1418 12 11 •'

1449 1488 21 24 If
1481 1496 47 24 you
1541 1492 63 20 want
1615 1496 14 16 a
1641 1488 70 26 Glass
1723 1491 26 23 of
1759 1489 58 31 good
1829 1490 105 26 Colonial
1942 1491 46 26 Ale

1750 1526 37 24 (Jo
1799 1529 23 21 to
1834 1526 39 26 the
1885 1526 73 33 Royal
1968 1528 63 25 Mail.

1449 1573 22 24 If
1481 1581 47 24 you
1540 1578 63 21 want
1615 1582 14 17 a
1641 1574 116 32 steaming
1767 1574 69 26 Glass
1848 1576 25 24 of
1884 1576 89 30 Punch,

1749 1611 36 24 Go
1797 1614 23 21 to
1832 1611 40 24 the
1882 1611 74 33 Royal
1968 1612 63 26 Mail.

1447 1657 26 25 In
1486 1658 57 30 fact,
1555 1658 19 24 if
1591 1667 48 26 you
1655 1669 29 24 go
1696 1663 23 22 te
1731 1660 39 26 the
1783 1660 75 33 Royal
1872 1660 56 26 Mail
1938 1669 47 25 you
1997 1661 64 27 don't

1416 1692 56 26 need
1485 1697 24 21 to

1517 1730 80 26 Think
1609 1732 25 25 of
1645 1740 59 24 your
1715 1731 58 26 head
1785 1731 23 24 in
1822 1732 40 26 the
1874 1733 127 32 morning.''

1475 1808 57 28 Cold
1545 1808 115 26 Ordinary
1673 1816 29 18 on
1714 1809 40 25 the
1766 1813 96 22 counter
1872 1814 24 22 at
1910 1813 23 23 11
1947 1818 53 19 a.m.

1417 1915 48 24 m
1499 1915 22 25 II
1547 1915 21 26 E
1665 1915 31 26 W
1729 1917 20 26 0
1782 1915 21 26 N
1835 1916 20 25 I)
1887 1917 20 26 R
1938 1918 20 26 0
1991 1917 23 26 U
2045 1917 16 27 S

1597 2020 249 49 BARTINE
1869 2024 7 46 !

1416 2123 54 25 Will
1483 2123 62 26 walk
1554 2131 31 18 on
1596 2132 13 17 a
1622 2124 80 33 Single
1720 2125 64 26 Wire
1803 2126 61 25 from
1875 2125 39 26 the
1924 2125 137 27 Melbourne

1572 2199 78 31 Hotel,
1663 2208 79 18 across
1754 2201 39 26 the
1804 2205 79 24 street.

1551 2284 58 25 This
1625 2284 61 32 Day,
1703 2288 25 21 at
1750 2286 63 24 Four
1828 2284 95 27 o'clock.

1507 2369 19 29 I.
1542 2369 22 28 T
1588 2368 32 29 X.
1637 2370 33 29 0.
1685 2369 27 29 T.
1730 2370 34 29 G.
1780 2375 31 24 A.
1829 2370 31 29 0.
1876 2371 28 28 T.
1922 2371 34 31 U.

1487 2454 180 32 MEETING
1688 2456 29 29 of
1729 2456 127 32 Brethren
1872 2458 145 32 interested
2032 2461 27 29 in

1429 2453 20 32 A
1487 2454 154 31 MEETIX

1587 2533 40 25 the
1639 2533 177 27 establishment
1827 2535 27 26 of
1867 2544 13 17 a

1446 2601 157 38 Masonic
1622 2599 118 55 Lodge
1758 2601 35 38 in
1807 2601 230 50 Charleston-,-

1548 2687 55 26 Will
1615 2689 27 25 be
1655 2687 52 27 held
1718 2690 48 25 this

1513 2744 67 25 TIIE
1605 2744 204 27 MELBOURNE
1837 2726 117 51 lIOTEI,

1645 2802 35 25 At
1692 2805 12 22 S
1715 2801 95 27 o'clock.

1413 2880 40 26 All
1465 2880 115 26 Brethren
1591 2881 100 26 resident
1703 2879 23 26 in
1738 2881 40 26 the
1788 2882 90 25 district
1891 2889 38 18 are
1941 2881 117 35 earnestly

1616 2930 91 29 invited
1718 2939 24 20 to
1754 2935 88 26 attend-

1583 2999 18 24 is
1613 2999 85 32 hereby
1705 3000 79 32 given,
1792 3002 51 25 that
1853 3002 38 25 the
1903 3002 155 34 Partnership

1413 3076 131 26 heretofore
1564 3074 128 35 subsisting
1712 3077 104 25 between
1843 3078 39 25 the
1903 3077 154 33 undersigned

1414 3136 100 26 Richard
1534 3138 78 24 Knibb
1639 3138 73 24 Davis
1738 3139 45 23 and
1811 3139 113 25 Matthew
1951 3140 107 29 M'Lean,

1413 3198 71 27 under
1496 3200 40 25 the
1548 3199 60 34 style
1620 3209 26 17 or
1655 3225 6 10 t
1663 3200 51 27 firm
1725 3201 25 26 of
1762 3201 73 27 Davis
1846 3202 45 26 and
1910 3202 107 32 M'Lean,
2028 3211 26 17 as

1413 3261 132 32 Publicans,
1556 3265 24 21 at
1592 3263 127 32 Westport,
1730 3263 20 25 is
1768 3264 48 25 this
1833 3264 45 32 day
1896 3263 115 26 dissolved
2028 3265 29 30 by

1412 3323 92 27 mutual
1521 3329 104 22 consent.
1668 3325 41 26 All
1726 3326 66 26 debts
1809 3327 44 26 due
1872 3331 24 21 to
1912 3328 45 25 and
1976 3329 29 31 by
2018 3329 39 25 the

1413 3386 47 25 said
1477 3386 52 25 firm
1541 3385 46 26 will
1608 3387 27 24 be
1654 3388 105 25 received
1777 3388 44 25 and
1840 3389 52 33 paid
1911 3389 29 32 by
1952 3389 40 25 the
2010 3389 48 26 said

1413 3449 115 25 Matthew
1546 3449 105 31 M'Lean,
1670 3451 30 31 by
1713 3451 77 25 whom
1808 3451 40 25 the
1864 3451 105 26 business
1980 3456 22 21 at
2019 3453 40 24 the

1413 3511 79 25 Union
1505 3510 77 30 Hotel,
1600 3511 127 35 Westport,
1741 3512 45 26 will
1801 3513 23 25 in
1837 3513 79 25 future
1933 3514 27 24 be
1972 3514 86 26 carried

1412 3577 41 19 on.

1825 3608 27 26 li.
1872 3606 26 27 K.
1918 3607 109 27 DAVIS.

1825 3672 33 25 M.
1879 3672 131 25 M'LEAN.

1444 3704 164 27 Witness—E.
1621 3705 129 35 Campbell,

1536 3764 116 32 Solicitor,
1665 3766 126 33 Westport.

1414 3820 79 26 Dated
1503 3822 47 24 this
1566 3823 52 25 16th
1629 3822 46 33 day
1687 3824 26 23 of
1727 3822 75 35 April,
1816 3825 63 23 18G7.

1418 3900 292 63 jySSOLUTION
1748 3901 41 24 OF
1824 3900 234 25 PARTNERSHIP.

1444 3973 52 26 The
1522 3970 148 36 partnership
1700 3971 103 26 hitherto
1829 3968 102 32 existing
1956 3970 103 26 between

1414 4020 99 28 Carlisle
1535 4019 134 25 Hammond
1690 4018 45 26 and
1756 4019 81 25 James
1858 4019 94 29 Davies,
1969 4020 90 31 trading

1415 4069 72 25 under
1508 4069 40 24 the
1573 4067 59 33 style
1654 4068 25 23 of
1701 4067 134 24 Hammond
1856 4065 44 26 and
1922 4067 93 31 Davies,
2035 4071 24 22 at

1415 4117 148 31 Greymouth
1585 4115 44 25 and
1661 4116 120 32 Westport
1802 4114 110 33 (Buller),
1935 4116 41 24 has
2002 4116 57 25 been

1414 4165 49 26 this
1475 4165 45 33 day
1531 4163 116 28 dissolved
1663 4164 30 34 by
1706 4163 89 27 mutual
1807 4169 102 22 consent.

1445 4215 50 24 The
1512 4214 106 25 business
1636 4212 46 26 will
1702 4214 24 24 in
1745 4215 80 24 future
1846 4214 27 25 be
1886 4214 87 25 carried
1989 4222 29 17 on
2030 4215 29 31 by

1413 4263 50 25 Jas.
1486 4263 93 28 Davies,
1601 4263 52 24 who
1676 4261 47 26 will
1744 4270 44 25 pay
1810 4262 45 26 and
1874 4263 88 26 receive
1974 4262 28 26 all
2020 4263 30 25 lia-

1414 4311 84 26 bilities
1510 4311 43 26 due
1566 4316 23 20 to
1600 4311 46 26 and
1658 4312 29 32 by
1700 4311 40 25 the
1752 4311 73 26 above
1835 4311 58 26 firm.

1670 4368 162 26 CARLISLE
1849 4370 179 26 HAMMOND.

1674 4419 111 26 JAMES
1802 4418 131 27 DAVIES.

1446 4468 104 25 Witness
1552 4467 115 25 —Robert
1686 4465 100 27 Sinclair
1798 4465 80 27 Allan.

1414 4511 155 28 Greymouth,
1585 4512 52 24 18th
1650 4511 89 27 March,
1753 4511 62 24 1867.

1418 4591 205 26 TTTAXTEI),
1651 4598 13 16 :v
1692 4590 112 26 situation
1837 4599 26 15 as
1893 4591 115 29 Barmaid,
2036 4600 25 16 or

1432 4615 43 42 V\
1517 4624 96 33 general
1625 4615 108 43 servant.
1750 4624 79 34 Apply
1841 4626 28 30 by
1881 4624 69 26 letter
1957 4630 23 20 to
1994 4626 67 30 A.13.,

1416 4671 23 21 at
1454 4666 40 25 tlie
1506 4668 64 23 office
1582 4668 25 22 of
1623 4666 48 24 this
1688 4674 75 25 paper.

1637 4740 14 16 a
1662 4731 87 32 Young
1761 4730 51 27 Girl
1824 4732 67 25 about
1912 4734 108 25 fourteen
2037 4742 24 16 or
2069 4724 1 47 j

1439 4777 9 14 *
1460 4762 15 34 V
1528 4771 83 24 fifteen
1627 4779 68 23 years
1707 4772 26 24 of
1744 4780 50 22 age,
1806 4777 23 19 to
1841 4773 54 25 take
1906 4774 85 32 charge
2002 4776 26 24 of
2044 4783 14 17 a

1408 4805 1 70 j
1416 4805 65 31 baby.
1514 4805 87 33 Apply,
1613 4807 63 23 office
1688 4807 26 23 of
1725 4807 48 24 this
1787 4814 74 25 paper.

1419 4872 178 26 fTILNDERS
1615 4873 91 25 wanted
1729 4874 37 25 for
1788 4874 144 27 Alterations
1950 4882 24 19 to
1991 4885 12 16 a
2016 4878 47 24 Bar

1436 4904 23 34 1.
1500 4911 44 26 and
1559 4913 68 24 Front
1642 4913 26 24 of
1684 4912 120 34 Building.
1853 4915 153 26 Information
2023 4917 25 24 ob-

1408 4946 1 37 l
1418 4946 78 26 tained
1514 4951 23 21 at
1554 4947 40 25 the
1611 4948 63 26 office
1689 4949 27 24 of
1736 4948 48 26 this
1802 4958 74 25 paper,
1898 4951 104 27 between
2019 4960 44 16 one

1418 4981 45 24 and
1475 4986 46 19 two
1533 4981 96 25 o'clock.

1881 5014 2 4 '

1427 5050 18 63 I
1532 5049 91 30 SALE,
1635 5058 13 16 a
1659 5050 113 26 ftrst-rate
1784 5052 68 25 stand
1863 5060 28 17 on
1904 5054 40 24 the
1955 5054 109 26 Darkie's

1446 5091 9 24 :
1503 5083 108 29 Terrace,
1633 5084 57 25 with
1712 5084 106 34 building
1836 5086 106 33 thereon,
1961 5092 28 21 20
2002 5098 14 16 x
2032 5092 31 23 14.

1408 5122 1 50 j
1421 5122 78 33 Apply
1510 5123 64 32 early
1587 5128 23 20 to
1622 5124 87 26 Alcorn
1722 5125 45 25 and
1780 5126 40 26 Co.

1408 5197 1 43 |
1435 5198 49 39 \T
1492 5197 35 23 RS
1594 5200 99 25 VLTKIJ
1714 5200 130 25 LENNOX
1862 5202 19 24 is
1903 5204 121 31 requested
2042 5208 23 22 to

1436 5234 47 29 -ti.

1408 5268 1 35 !
1421 5271 44 26 call
1485 5273 24 23 at
1526 5269 39 25 the
1578 5269 70 25 Bank
1660 5270 24 24 of
1703 5269 56 26 New
1773 5270 73 26 South
1860 5271 21 25 W
1891 5272 54 31 ales,
1957 5273 93 27 Charles-

1408 5343 2 22 '
1423 5346 70 19 town.

1408 5407 3 43 !
1427 5407 112 31 OHOi
1561 5408 45 29 lil)
1631 5409 51 31 'his
1707 5414 68 25 meet
1789 5410 45 32 tlie
1860 5421 49 29 eye
1923 5412 29 28 of
1963 5412 107 31 Charles

1408 5444 3 42 !
1427 5456 7 19 >
1454 5453 9 22 )
1500 5450 131 31 M*Car;hy,
1657 5452 29 25 he
1709 5451 19 24 i*
1756 5453 121 33 requested
1905 5460 23 17 to
1956 5454 65 26 writ„»
2048 5459 22 21 to

1424 5483 98 30 Charles
1536 5484 108 27 Goddard
1656 5494 28 17 on
1698 5486 104 28 business
1814 5487 25 26 of
1850 5489 153 33 importance.

2312 192 202 27 Commissioner's
2527 194 77 27 Office,

2388 262 146 32 Charleston,
2547 263 56 33 May
2619 266 17 28 1,
2650 266 6 22 1
2663 265 49 24 Sf>7.

2225 439 33 24 At
2270 446 41 24 per
2322 439 90 29 month,
2423 448 39 17 aro
2475 440 88 26 invited
2576 440 37 25 for

2100 506 149 27 MEDICAL
2272 508 224 26 ATTENDANCE
2515 511 19 23 &
2553 510 189 31 MEDICINES,

2097 576 35 26 To
2144 576 26 26 he
2183 576 103 35 supplied
2299 580 24 24 to
2334 578 115 35 prisoners
2461 580 44 25 jind
2524 579 112 28 destitute
2648 589 94 26 persons

2328 652 22 20 :it
2369 647 147 26 Charleston.

2128 751 102 26 Tenders
2258 757 24 20 to
2311 754 27 24 he
2365 753 121 27 addressed
2513 759 23 20 to
2562 756 38 24 the
2628 755 113 31 Warden,

2097 820 144 27 Charleston.

2126 891 36 24 Xo
2174 891 92 26 Tender
2277 894 140 33 necessarily
2429 896 114 32 accepted.

2233 975 25 24 T.
2278 977 30 24 A.
2326 977 106 26 SNEYD
2451 978 226 32 KYNNERSLEY,

2521 1049 188 28 Commissioner.

2095 1127 159 54 Opening
2274 1143 18 25 0
2296 1130 16 38 f
2333 1130 57 39 the
2406 1130 202 41 Melbourne
2622 1133 114 40 Hotel.

2237 1307 58 29 FR
2311 1308 20 28 E
2347 1308 21 29 E
2409 1309 107 31 HOU
2532 1310 61 29 SE.

2293 1475 50 24 The
2355 1475 143 32 Proprietors
2509 1478 26 23 of

2089 1547 226 68 JOHNSTON'S
2366 1551 206 26 MELBOURNE
2625 1553 110 25 HOTEL

2088 1636 50 31 Reg
2148 1639 25 21 to
2183 1635 88 25 inform
2282 1634 40 26 the
2335 1634 82 26 Public
2429 1636 52 24 that
2497 1643 25 17 as
2534 1636 61 25 their
2606 1635 116 27 Establish-

2088 1716 64 20 ment
2164 1712 19 24 is
2195 1712 69 24 ahout
2274 1711 139 34 completion
2428 1712 18 25 it
2458 1710 47 26 will
2516 1711 27 26 be
2558 1712 86 33 opened

2211 1799 178 48 THIS
2445 1800 164 56 DAY,

2089 1902 53 26 And
2161 1903 60 25 from
2240 1903 40 25 the
2298 1902 72 27 hours
2380 1903 26 25 of
2426 1905 64 24 1U.30
2501 1906 23 22 to
2540 1903 63 25 12.30
2614 1910 52 18 a.m.
2688 1903 45 25 this

2423 1933 4 10 I

2087 1983 109 32 morning
2213 1982 31 26 all
2261 1990 89 19 comers
2363 1982 46 27 will
2428 1983 27 25 he
2471 1982 106 34 properly
2588 1982 145 27 entertained

2086 2067 25 22 at
2124 2064 40 25 the
2177 2063 151 35 Proprietors'
2342 2071 106 27 expense.

2087 2221 227 51 SOMNEB
2354 2221 35 49 &
2430 2221 301 58 JOHNSTON,

2237 2315 206 26 MELBOURNE
2463 2315 117 25 HOTEL.

2234 2385 22 30 L
2357 2385 21 29 B
2474 2385 11 29 I
2583 2385 23 30 0
2705 2385 28 31 N

2215 2464 24 29 U
2253 2464 23 30 E
2291 2464 18 31 S
2324 2464 21 29 T
2359 2465 26 30 A
2401 2464 26 31 U
2444 2466 23 28 R
2481 2464 119 30 ANT.

2115 2563 58 24 This
2191 2561 100 26 favorite
2309 2560 118 27 Hostelrie
2446 2561 123 26 continues
2588 2564 24 22 to
2631 2562 26 24 be
2680 2561 52 25 well

2086 2631 131 34 patronised
2232 2631 30 33 by
2280 2632 40 24 the
2339 2631 83 33 public,
2434 2632 45 25 and
2497 2632 19 25 is
2529 2640 51 17 now
2599 2631 73 26 under
2690 2632 41 25 the

2086 2697 47 26 sole
2144 2696 113 27 direction
2269 2698 26 22 of

2179 2766 95 26 Messrs.
2293 2764 111 27 BOOTH
2427 2766 18 24 &
2465 2766 176 26 PETERSEN.

2114 2846 50 24 The
2176 2843 107 33 culinary
2304 2843 146 34 department
2469 2845 20 24 is
2509 2843 180 31 acknowledged
2707 2846 23 21 to

2084 2917 26 24 he
2123 2916 38 25 the
2172 2915 51 25 best
2235 2915 23 25 in
2271 2914 39 25 the
2328 2914 98 30 district,
2444 2914 46 25 and
2507 2922 71 25 every
2589 2912 107 34 delicacy
2711 2915 19 23 is

2083 2984 121 28 furnished
2215 2993 26 17 as
2258 2985 23 24 in
2293 2991 89 19 season.

2112 3061 153 29 Commercial
2279 3070 53 17 men
2349 3062 46 24 and
2406 3060 122 28 travellers
2548 3061 75 25 would
2635 3062 29 25 do
2676 3061 51 26 well

2083 3139 23 19 to
2119 3133 54 24 visit
2187 3133 40 24 the
2239 3131 94 27 Albion,
2345 3132 77 24 where
2432 3132 57 31 they
2510 3138 54 23 may
2576 3135 39 26 get
2627 3129 102 32 quality,

2083 3203 107 31 comfort,
2203 3203 47 25 and
2262 3209 120 24 economy.

2257 3272 99 32 Weekly
2366 3272 85 30 Board,
2469 3276 33 22 £2
2520 3276 31 22 2s.

2084 3344 141 39 ALB
2253 3344 71 38 r0
2350 3342 33 37 N
2455 3342 148 38 HOT
2628 3344 102 36 EL'

2159 3434 23 30 0
2189 3441 273 30 LADSTONE-STREET,
2487 3434 27 28 \\
2515 3434 8 12 r
2524 3442 131 21 ESTTORT.

2177 3590 133 28 GEORGE
2328 3591 117 31 WHITE,
2473 3591 168 26 PKOlT.ietou.

2089 3751 10 17 /
2173 3744 37 24 W.
2233 3744 55 31 begs
2309 3746 24 21 to
2351 3741 86 26 inform
2456 3741 37 25 his
2512 3742 90 26 friends
2624 3742 45 25 and
2691 3742 40 25 the

2086 3780 62 34 IT.

2086 3822 91 30 mining
2188 3819 147 33 community
2348 3819 23 24 in
2384 3817 93 33 general
2491 3819 60 32 that,
2561 3819 90 32 having
2667 3827 61 17 com-

2085 3893 76 33 pleted
2173 3893 40 24 the
2225 3892 73 24 above
2310 3890 70 29 hotel,
2391 3890 29 25 he
2432 3890 19 23 is
2469 3890 110 32 prepared
2591 3895 24 19 to
2627 3890 57 24 offer
2695 3897 25 17 ac-

2084 3962 173 26 commodation
2269 3960 84 26 second
2365 3965 24 21 to
2401 3968 60 17 none
2472 3967 30 17 on
2515 3960 41 25 the
2568 3958 87 28 Buller.

2086 4082 47 24 rn
2211 4085 27 28 u
2260 4106 5 5 .
2325 4080 76 29 R0
2429 4080 21 29 C
2481 4080 26 29 II
2538 4080 21 28 F
2589 4080 68 30 OPi
2681 4081 24 29 T
2724 4106 6 13 ,

2334 4214 62 29 XI
2418 4214 21 29 L
2459 4215 24 28 E

2100 4337 242 39 Refreshment
2359 4337 66 39 and
2445 4336 116 39 Coffee
2584 4336 130 47 House,

2260 4468 85 26 Mouth
2358 4469 26 24 of
2403 4467 51 26 Nile
2471 4468 77 24 River.

2176 4607 20 23 1)
2214 4605 36 31 K.
2294 4606 168 26 ROCKS
2479 4605 93 26 TIIO
2592 4606 29 24 W
2635 4625 5 11 ,

2346 4676 125 25 Surgeon.

2298 4771 110 26 Bellevue
2425 4772 106 32 Cottage,

2196 4840 219 32 lIERBERT-ST.,
2432 4840 92 27 WEST
2528 4841 96 27 PORT.

2203 4927 88 28 OTTO
2331 4927 285 37 WIESENHAVERN,

2089 5012 205 27 WHOLESALE
2312 5015 19 24 &
2350 5014 124 25 RETAIL
2497 5012 238 32 TOBACCONIST,

2104 5089 94 31 Nelson,
2217 5090 124 32 Ilokitika,
2354 5091 155 34 Greymouth,
2530 5091 121 26 Blenheim
2669 5092 45 25 and

2319 5162 186 26 WESTPORT.

2227 5225 122 26 NOAII'S
2366 5226 69 25 ARK
2452 5226 153 26 STABLES.

2083 5313 1 43 I
2097 5313 38 43 Q
2140 5315 111 24 ADDLE
2275 5315 125 25 HORSES
2417 5323 28 15 on
2469 5315 55 23 Hire
2545 5320 25 18 at
2592 5315 65 24 John
2679 5316 61 24 Ivcn-

2098 5359 6 20 I
2120 5353 14 20 1
2169 5347 80 32 nedy's
2277 5348 98 30 Stables,
2401 5354 23 19 nt
2450 5349 40 24 the
2517 5348 58 25 buck
2602 5350 25 24 of
2654 5349 87 25 Messrs

2083 5375 1 38 I
2097 5382 114 29 Williams
2223 5383 45 25 and
2281 5384 47 29 Co.,
2347 5384 121 28 chemists,
2485 5383 137 26 Charleston
2634 5395 5 16 ;
2657 5383 45 26 and
2718 5390 20 17 a!

2096 5418 116 31 Harney's
2241 5418 99 28 Stables,
2373 5419 58 24 back
2458 5418 26 24 of
2519 5420 119 31 Sweeny's
2665 5418 76 27 Hotel.

2097 5456 121 32 Liigi'ton.
2253 5454 64 28 Oats,
2345 5454 68 30 chaff,
2440 5453 46 25 and
2514 5454 63 30 bran,
2599 5453 88 33 always
2715 5463 26 15 on

2097 5490 68 23 hand-

2785 212 8 19 s
2807 199 15 30 )
2903 197 69 29 HE
2997 198 22 29 H
3046 200 8 27 f
3080 201 18 27 J.:
3204 202 70 28 \J)
3331 203 71 29 VO.

2756 223 3 55 !
2778 233 61 30 i.

2756 318 2 40 I
2804 320 23 29 \\
2841 320 122 36 holesale,
2980 320 21 27 V-
3015 321 50 30 ino.
3081 323 89 35 Spirit,
3186 324 50 29 an;!
3253 324 132 30 Provision

3086 424 84 35 hants,

3108 531 6 21 (
3128 529 123 26 iiarlc.stoii.

2818 746 109 30 Packers
2942 748 129 39 Snp[)lied
3095 759 31 19 on
3143 748 103 31 Liberal
3261 750 96 29 Terms.
3375 750 33 31 aG

2769 858 58 30 ~\T
2877 856 26 24 R.
2965 857 25 25 J.
3053 858 33 24 E.
3150 859 20 23 ])
3220 863 19 21 o
3288 861 19 23 I)
3363 863 19 22 I)

2811 986 292 42 Barrister
3150 999 49 31 at
3249 991 27 38 L
3293 1006 21 24 a

2865 1261 165 50 80LI
3052 1265 121 47 OIT
3192 1267 105 53 08,

2925 1411 145 29 Coal-street,
3091 1412 143 27 Charleston.

2859 1522 17 25 H
2898 1522 4 31 .
2982 1523 29 24 W
3029 1522 4 31 .
3105 1525 19 24 L
3145 1522 2 31 .
3222 1526 21 25 R
3274 1527 19 24 E
3331 1529 19 24 E

2942 1655 45 33 (Of
2998 1655 58 26 Rees
3068 1654 43 27 and
3123 1654 90 35 Tyler),

2844 1774 169 39 Barrister
3046 1776 66 37 and
3146 1773 165 39 Solicitor.

2773 1969 84 26 Office:
2901 1968 82 27 Coal
3015 1969 123 30 Street,
3178 1969 204 26 Charleston'.

2851 2072 78 30 HAY
2951 2072 81 30 AND
3053 2073 49 29 DE
3124 2072 190 31 WINTER'S

2786 2248 162 38 Circul
2960 2249 62 37 ati
3035 2263 20 22 n
3067 2264 23 36 g
3155 2249 108 37 Libr
3274 2263 46 23 ar
3330 2264 41 31 v,

2877 2446 158 31 CAMP-ST.,
3052 2448 224 27 CHARLESTON.

2756 2696 44 28 All
2813 2696 48 27 the

2867 2867 151 43 Stationery
3032 2871 97 40 always
3145 2882 34 20 on
3194 2872 79 32 hand.

2758 3105 130 25 AGENTS
2910 3107 37 23 for
2971 3107 39 24 the
3033 3107 218 26 CHARLESTON
3279 3109 119 25 ARGUS.

3373 3145 27 23 54

2764 3236 358 67 YOTI
3197 3239 20 30 c
3293 3241 23 28 E
3390 3266 5 5 .

2785 3323 41 24 All
2844 3328 112 21 accounts
2977 3325 43 24 due
3031 3329 24 22 to
3077 3326 39 25 the
3128 3327 155 32 undersigned
3294 3333 62 21 must
3370 3330 26 24 be

2756 3370 52 35 paid
2820 3379 28 17 on
2860 3380 25 17 or
2903 3372 77 27 before
2997 3373 105 35 Monday
3120 3379 64 28 next,
3201 3376 124 27 otherwise
3345 3385 39 27 pro-

2756 3422 108 35 ceedings
2876 3423 47 25 will
2933 3425 28 23 be
2971 3424 72 25 taken
3055 3429 25 21 to
3091 3432 96 20 recover
3199 3428 38 24 the
3250 3436 71 18 same.

3125 3479 31 26 G.
3174 3480 37 25 W.
3229 3479 139 28 SALTER.

2786 3521 146 30 Charleston,
2944 3522 67 34 April
3023 3526 36 25 30.
3075 3526 62 23 18G7.

2802 3634 38 47 J.
2877 3634 42 47 P.
2956 3634 398 61 CIIRISTENSON,

2820 3723 244 40 Watchmaker
3082 3725 66 38 and
3165 3725 169 48 Jeweller,

3290 3779 8 11 ♦

2890 3818 33 27 Of
2935 3819 114 25 Hokitika
3060 3818 45 26 and
3117 3819 154 34 Greymouth,

2759 3895 113 65 BEGS
2890 3898 24 21 to
2930 3902 121 18 announce
3069 3895 50 25 that
3148 3895 29 24 lie
3195 3895 42 25 has
3253 3895 148 25 commenced

2835 3928 106 26 business
2952 3933 57 22 uext
3026 3933 24 21 to
3069 3929 40 27 the
3128 3929 68 26 Bank
3208 3931 26 24 of
3250 3930 58 26 New
3325 3931 75 25 South

2757 3969 88 31 Wales,
2855 3977 57 17 near
2923 3970 39 25 the
2972 3970 106 31 Cutting.
3113 3970 23 24 A
3154 3970 121 26 first-class
3294 3972 67 24 stock
3373 3970 26 25 of

2757 4003 98 33 English
2866 4004 102 25 watches
2978 4003 47 26 and
3036 4003 97 26 colonial
3150 4004 123 34 Jewellery
3286 4013 30 16 on
3330 4005 70 25 hand-

2757 4039 112 25 Watches
2879 4038 114 33 carefully
3006 4040 103 33 repaired
3119 4038 45 25 and
3177 4040 139 26 warranted.
3335 4039 65 30 Colo,

2757 4073 48 25 nial
2815 4073 124 32 Jewellery
2964 4074 180 25 manufactured
3168 4082 29 17 on
3215 4076 39 24 the
3279 4075 120 33 premises,

2757 4108 63 34 pipes
2833 4108 117 29 mounted,
2963 4109 53 30 &c.,
3029 4110 41 24 See.

2759 4209 49 67 rjl
2903 4209 23 31 G
2947 4236 5 5 .
3030 4209 367 38 STONE,

2759 4288 110 33 Opposite
2878 4289 39 24 the
2929 4288 68 25 Bank
3014 4288 26 25 of
3061 4288 57 25 New
3131 4286 108 30 Zealand,
3254 4286 146 33 Charleston,

2966 4322 44 25 and
3022 4327 25 20 at
3060 4322 122 31 Ilokitika,

2759 4358 148 38 General
2918 4360 31 36 &
2956 4358 210 44 Furnishing:
3176 4358 225 44 Ironmonger

3142 4397 20 11 o
3338 4396 21 15 o

3003 4411 113 32 Importer
3133 4411 26 23 of

2757 4448 136 26 Hardware,
2910 4445 104 31 Cutlery,
3037 4445 152 33 Implements
3201 4445 25 24 of
3247 4445 30 24 ail
3299 4445 87 35 descrip-

2837 4480 68 31 tions,
2917 4480 117 25 Kerosene
3046 4479 45 31 Oil,
3105 4480 92 32 Lamps,
3210 4483 51 27 etc.,
3274 4485 44 21 etc.

2760 4572 230 68 JtJ'NULTY
3029 4570 90 30 AND
3166 4570 233 39 COLREAVY,

2964 4647 233 32 BOOTMAKERS,

2789 4713 57 26 Coal
2858 4717 78 23 street,
2944 4711 146 30 Charleston,
3098 4711 44 25 and
3154 4711 127 26 Gladstone
3292 4715 78 27 street,

2907 4746 12 12 *
3014 4747 128 32 Westport.

2759 4820 72 25 Boots
2843 4818 25 25 of
2879 4824 68 25 every
2959 4815 139 34 description
3112 4815 131 25 warranted
3255 4816 26 24 of
3291 4816 40 24 the
3344 4824 58 25 very

2990 4851 49 24 best
3052 4849 112 26 material.

2761 4932 47 27 rn
2824 4932 65 30 EM
2905 4930 54 30 PL
2974 4930 22 30 E
3036 4930 22 28 0
3076 4930 21 28 F
3137 4930 90 30 FAS
3244 4930 24 29 II
3284 4930 116 30 lON.

2910 5065 52 38 X.
3014 5063 241 48 DEXISE,

2858 5133 70 24 From
2957 5132 72 26 Paris,
3057 5130 47 25 late
3131 5132 25 23 of
3184 5131 121 27 Hokitika,

2763 5180 61 30 Begs
2837 5182 23 20 to
2872 5177 85 24 inform
2971 5176 40 24 the
3022 5174 144 25 inhabitants
3174 5176 26 23 of
3211 5174 137 27 Charleston
3361 5176 45 24 and

2755 5210 1 37 j
2763 5212 156 31 surrounding
2939 5210 102 25 districts
3063 5210 49 23 that
3136 5210 28 24 he
3189 5210 43 25 has
3258 5210 148 25 commenced

2755 5248 1 26 -
2763 5248 107 26 business
2881 5254 25 17 as

2869 5294 237 30 HAIRCU
3128 5296 21 27 T
3170 5296 21 27 T
3211 5296 23 27 E
3257 5295 22 28 R
3299 5318 5 12 ,

2827 5347 61 24 Next
2902 5346 37 24 the
2952 5344 87 26 Casino
3049 5343 27 26 de
3088 5344 96 28 Venice.
3366 5359 11 12 *

2755 5416 2 41 I
2796 5424 28 25 In
2845 5423 118 31 soliciting
2983 5423 39 24 the
3039 5422 77 35 public,
3135 5425 134 30 patronage,
3283 5422 26 25 X.
3324 5422 84 25 Denise

2756 5452 2 37 I
2769 5466 73 19 trusts
2853 5459 29 30 by
2895 5458 114 26 attention
3028 5458 44 24 ami
3094 5456 91 33 civility
3204 5463 23 18 to
3244 5461 39 28 get
3294 5457 37 25 hi?
3344 5458 64 24 share

2757 5492 3 34 |
2769 5496 26 24 of
2806 5492 77 34 public
