4290 5920
2508 964 128 30 COURT
2654 961 309 32 APPOINTMENTS.

2483 1046 44 21 The
2548 1045 103 25 following
2670 1051 34 14 are
2716 1044 43 21 'the
2774 1044 64 20 Court
2859 1042 152 27 appointments

2587 1080 41 21 and
2648 1079 137 26 Magistrates)
2799 1079 32 21 for
2851 1078 36 22 the
2901 1079 109 20 Dunstan-

2460 1115 113 26 Wakatipu
2583 1115 80 21 district
2671 1115 32 19 for
2710 1114 35 20 the
2757 1114 70 20 month
2838 1114 21 20 of
2869 1113 139 21 November—

2474 1157 249 26 'Cromwell—Thursday
2735 1156 41 21 and
2787 1156 81 26 Friday,
2924 1155 40 21 and
2973 1155 36 21 sth

2556 1186 22 19 at
2587 1185 24 20 11
2621 1191 49 15 a.m.

2475 1219 206 28 •Clyde—Saturday,
2693 1218 43 26 6th,
2748 1220 22 19 at
2780 1219 23 20 11
2813 1225 49 14 a.m.

2481 1254 243 26 Alexandra—Monday,
2735 1254 44 26 Bth,
2789 1256 22 18 at
2821 1254 23 20 11
2854 1260 48 14 a.m.

2481 1289 246 25 Roxburgh—Thursday
2746 1289 41 19 and
2806 1288 82 26 Friday,
2911 1287 45 21 llth
2968 1287 42 20 and

2557 1316 56 28 12th,
2622 1318 22 20 at
2653 1315 25 23 10
2686 1323 49 15 a.m.

2482 1350 238 26 Pembroke—Monday,
2732 1350 56 24 15th,
2796 1351 22 18 at
2827 1350 24 20 11
2860 1356 49 14 a.m.

2481 1387 137 24 Queeostown
2620 1384 125 27 —Monday,
2755 1383 61 26 22nd,
2826 1385 22 19 at
2857 1383 21 21 11
2889 1389 50 15 a.m.

2484 1429 174 22 NOTE.—Where
2668 1428 58 21 there
2736 1434 34 14 are
2780 1429 40 19 two
2830 1426 119 23 succeeding
2961 1425 50 25 days

2453 1456 59 21 'fixed
2531 1456 31 20 for
2571 1463 13 12 a
2599 1455 72 25 sitting
2686 1455 23 19 of
2727 1455 37 19 the
2783 1455 75 19 Courts
2876 1454 21 19 in
2915 1460 41 17 any
2973 1458 38 13 one

2459 1482 81 26 month,
2562 1482 28 20 all
2610 1488 55 14 cases
2693 1481 41 19 and
2762 1480 134 25 applications
2915 1479 63 24 must,
2997 1477 16 19 if

2459 1509 95 29 possible,
2566 1509 24 20 be
2599 1509 31 20 set
2639 1507 101 22 down/for
2756 1507 36 20 the
2809 1506 47 21 first
2865 1506 21 20 of
2896 1505 49 21 such
2956 1504 57 25 day*.

2460 1538 35 21 All
2505 1535 210 25 correspondence-for
2725 1535 35 20 the
2769 1534 117 24 Magistrate
2893 1540 24 13 or
2924 1531 89 21 Warden

2460 1564 73 21 should
2543 1564 24 19 he
2576 1562 72 27 posted
2658 1563 22 19 to
2689 1561 42 21 him
2750 1562 22 20 at
2792 1561 137 25 Queenstown
2946 1559 69 21 unless

2460 1599 22 13 so
2493 1590 73 28 posted
2575 1596 22 14 as
2613 1590 22 19 to
2644 1590 55 20 meet
2708 1588 44 21 him
2761 1589 23 20 at
2794 1594 38 19 any
2843 1587 73 26 sitting
2925 1585 55 22 fixed
2994 1585 21 21 in

2460 1619 36 22 the
2506 1618 63 21 above
2579 1617 42 22 list.

2629 1642 165 23 FREDERICK
2806 1642 134 27 JEFFEKY,

2662 1672 41 21 Pro
2708 1671 95 20 Warden
2813 1670 40 21 and
2863 1669 120 27 Magistrate

2484 1707 76 28 Clyde,
2571 1707 49 21 14th
2629 1705 97 26 October,
2738 1705 56 22 1897.

2484 1803 153 39 Mount
2677 1801 161 48 Benger
2881 1799 116 39 Mail.

2618 1904 62 20 JUST
2698 1903 56 21 AND
2775 1903 67 20 FEAR

2531 1983 118 26 FRIDAY,
2663 1981 164 22 NOVEMBER
2844 1981 20 26 5,
2884 1980 56 21 1897.

2487 2082 43 20 The
2540 2081 52 20 Rev.
2610 2081 33 19 Mr
2652 2079 98 20 Edwards
2763 2085 50 19 pays
2822 2078 31 20 his
2872 2077 90 21 farewell
2972 2077 48 19 visit

2462 2117 21 21 to
2493 2114 111 28 Roxburgh
2614 2121 26 14 on
2652 2112 83 28 Sunday
2746 2114 59 21 next.

2486 2164 33 21 Mr
2537 2162 76 27 Hayes,
2636 2162 108 26 Inspector
2763 2160 22 21 of
2803 2160 73 26 Mines,
2895 2159 73 21 visited
2984 2158 37 22 the

2460 2197 82 21 district
2547 2197 40 20 last
2596 2196 55 20 week
2661 2202 26 14 on
2697 2201 12 14 a
2718 2196 47 19 tour
2774 2194 22 21 of
2806 2193 121 27 inspection.

2486 2251 43 21 The
2539 2251 81 21 rainfall
2634 2250 20 21 in
2674 2249 116 26 Roxburgh
2800 2255 21 14 as
2831 2248 109 26 registered
2951 2247 26 24 by
2989 2248 31 20 Dr

2463 2284 117 21 Mullinfor
2592 2284 35 21 the
2638 2284 72 20 month
2729 2283 22 20 of
2769 2282 90 21 Octobur
2876 2281 111 21 amounted
2998 2284 21 18 to

2464 2321 45 21 5'62
2519 2319 75 26 ioches,
2606 2319 42 21 rain
2659 2319 71 26 falling
2740 2325 26 14 on
2777 2318 24 20 22
2812 2318 55 25 days.

2490 2371 75 21 Messrs
2583 2370 57 21 Todd
2658 2370 58 20 Bros,
2737 2370 68 25 report
2820 2368 73 26 selling
2902 2368 32 21 for
2944 2368 75 21 Messrs

2464 2408 76 21 Parker
2552 2407 57 21 Bros,
2626 2405 108 22 sections-2
2752 2404 40 21 and
2810 2404 19 27 3,
2840 2404 58 21 block
2909 2410 30 20 X-,
2950 2403 71 21 Teviot

2464 2443 89 26 district,
2563 2441 118 26 containing
2694 2441 38 22 387
2743 2448 60 14 acres.
2833 2440 32 20 Mr
2873 2440 60 20 Bobt.
2942 2439 78 21 Wilson

2452 2474 1 29 !
2466 2484 40 14 was
2530 2477 36 21 the
2593 2476 116 27 purchaser,
2733 2475 40 21 and
2795 2474 36 21 the
2860 2474 63 26 figure
2945 2480 40 15 was
3010 2479 11 14 a

2465 2510 127 23 satisfactory
2601 2516 46 15 one.

2491 2557 30 21 At
2532 2556 34 21 the
2580 2556 58 21 usual
2650 2555 94 27 monthly
2754 2555 88 25 meeting
2852 2554 21 21 of
2881 2554 36 21 the
2923 2553 94 24 Borough

2469 2592 84 21 Council
2565 2592 40 20 last
2615 2592 65 25 night,
2693 2591 35 20 the
2739 2591 72 20 tender
2820 2590 21 21 of
2853 2590 32 20 Mr
2901 2590 25 21 T.
2945 2589 75 21 Staden

2466 2626 32 20 for
2523 2625 141 20 construction
2688 2624 21 20 of
2732 2624 35 19 the
2789 2625 92 18 concrete
2902 2623 40 20 and
2965 2624 56 18 stone

2467 2660 131 20 waterworks
2609 2659 47 20 dam
2669 2665 40 13 wns
2719 2658 104 26 accepted,
2840 2658 35 19 the
2893 2658 54 25 price
2963 2657 58 25 being

2466 2695 55 21 £l2O
2532 2695 22 21 7s
2564 2695 31 21 Oil.
2626 2694 66 20 There
2703 2700 41 14 was
2754 2700 37 14 one
2801 2693 59 21 other
2873 2693 71 21 tender
2953 2693 26 25 by
2989 2692 32 20 Mr

2465 2730 27 20 D.
2504 2729 52 20 Rees
2565 2729 33 20 for
2606 2728 54 21 £165
2674 2729 40 20 los.

2490 2776 31 21 On
2540 2775 94 26 Tuesday
2659 2775 87 26 evening
2763 2775 45 26 (the
2826 2775 71 20 Prince
2914 2774 22 21 of
2953 2773 69 21 Wales

2470 2810 112 26 Birthday)
2599 2810 37 20 the
2655 2810 52 20 local
2725 2810 45 25 glee
2787 2810 47 20 club
2850 2810 41 19 will
2909 2809 45 25 give
2969 2809 53 20 their

2466 2845 76 20 anrual
2558 2845 81 20 concert
2662 2844 41 20 and
2725 2844 63 20 dance
2807 2845 21 19 at
2843 2844 36 20 the
2898 2843 124 21 Athenruum

2465 2881 58 21 Hall.
2551 2879 43 22 The
2604 2879 51 21 club
2665 2879 52 21 have
2725 2880 48 20 been
2780 2879 126 25 assiduously
2914 2879 108 26 practising

2465 2915 74 25 during
2548 2914 35 21 the
2594 2921 78 16 season,
2682 2913 40 21 and
2740 2921 25 12 an
2782 2913 101 20 excellent
2893 2919 129 19 programme

2465 2949 73 21 should
2548 2948 71 21 be'the
2631 2948 72 21 result.
2731 2948 20 20 If
2763 2948 36 20 the
2817 2947 90 21 weather
2916 2947 16 19 is
2942 2947 69 19 favour-

2465 2985 45 21 able
2520 2984 58 21 there
2588 2984 17 21 is
2615 2984 63 25 likely
2688 2985 21 20 to
2719 2983 25 21 be
2756 2990 11 13 a
2779 2983 54 26 large
2842 2982 128 21 attendance.

2501 3035 43 21 The
2567 3035 82 26 Empire
2686 3035 60 26 Coy's
2765 3034 103 21 materials
2886 3034 31 20 for
2933 3034 88 25 washing

2466 3070 188 28 purposes—Royal
2678 3070 47 21 blue
2748 3070 40 21 and
2811 3070 63 21 Royal
2898 3072 78 19 extract
3001 3068 20 21 of

2466 3115 47 18 soap
2557 3114 33 13 are
2614 3107 82 24 making
2723 3108 57 24 great
2809 3107 97 24 headway
2933 3106 20 20 in
2985 3105 36 21 the

2466 3141 115 20 estimation
2599 3141 21 19 of
2631 3140 155 26 housekeepers.
2814 3141 73 19 Messrs
2898 3139 33 22 W.
2941 3140 40 19 and
2994 3140 25 19 G.

2466 3174 106 25 Turnbull,
2585 3173 34 20 the
2630 3174 51 20 New
2691 3172 97 27 Zealand,
2799 3175 70 20 agents
2887 3173 27 20 do
2931 3180 12 12 a
2967 3172 54 24 large

2466 3206 58 21 trade
2534 3206 19 20 in
2564 3206 56 20 these
2630 3206 87 23 articles,
2728 3213 21 12 as
2756 3206 25 20 do
2790 3206 44 19 also
2842 3206 73 19 Messrs
2925 3204 90 26 M'Ghie,

2467 3241 126 26 Macdougall
2604 3241 39 20 anfi
2653 3241 44 25 Co.,
2707 3241 20 20 of
2739 3241 103 23 Duue&in,
2863 3241 45 19 who
2919 3240 52 20 have
2984 3239 36 21 the

2466 3282 36 18 age
2508 3283 38 17 Dcy
2557 3275 31 21 for
2598 3275 73 25 Otago.

2494 3317 66 21 There
2570 3324 33 13 are
2613 3324 26 13 no
2652 3320 139 18 amusements
2807 3317 119 21 announced
2945 3317 21 21 in
2983 3317 35 20 the

2468 3352 63 28 shape
2540 3352 21 21 of
2570 3355 67 24 sports
2646 3359 22 14 or
2680 3359 67 19 frames
2758 3352 32 21 for
2796 3352 93 27 Tuesday
2900 3352 42 27 (the
2950 3352 73 21 Prince

2468 3389 21 20 of
2501 3388 68 20 Wales
2580 3388 73 21 Birthd
2661 3391 33 22 .y).
2724 3388 38 20 We
2779 3388 85 21 undent
2877 3388 34 25 nd,
2922 3388 101 27 however,

2469 3423 36 21 the
2515 3423 50 21 local
2578 3423 67 21 tennis
2654 3424 61 20 court
2731 3423 40 20 will
2786 3423 25 20 be
2820 3423 78 22 opened
2910 3423 49 20 with
2969 3430 54 14 some

2469 3459 47 21 club
2525 3458 91 21 matches
2626 3458 46 21 that
2681 3458 47 26 day,
2741 3458 40 21 and
2800 3458 35 20 the
2853 3465 40 18 gun
2912 3458 48 21 club
2977 3458 46 21 hold

2470 3495 35 20 the
2527 3494 40 21 2nd
2589 3493 132 27 competition
2739 3493 21 21 in
2779 3493 120 21 connection
2920 3493 50 21 with
2990 3494 33 20 the

2471 3528 163 26 championship.
2660 3527 92 26 Fishing,
2772 3526 16 22 if
2807 3527 36 20 the
2861 3528 63 20 rivers
2942 3535 34 14 are
2986 3528 37 21 low

2470 3562 87 27 enough,
2568 3561 40 21 and
2618 3561 65 28 picnic
2703 3561 76 27 parties
2799 3561 40 21 will
2849 3561 97 28 probably
2957 3561 55 22 other-

2470 3600 47 18 wise
2552 3597 29 21 fill
2591 3597 35 21 the

2495 3642 38 22 We
2543 3642 50 22 have
2603 3644 22 19 to
2634 3641 141 27 acknowledge
2786 3641 49 22 with
2846 3641 75 22 thanks
2938 3642 79 27 receipt

2470 3679 21 23 of
2501 3679 35 22 the
2546 3679 51 21 New
2607 3678 87 22 Zealand
2702 3678 55 22 Year
2764 3677 62 26 Book,
2836 3677 100 28 compiled
2945 3678 28 26 by
2984 3679 36 21 the

2471 3714 105 24 Registrar
2592 3712 95 24 General,
2707 3711 32 20 Mr
2759 3711 23 21 E.
2793 3711 14 20 S
2831 3711 47 20 Von
2898 3710 123 23 Dadelazen.

2470 3746 43 21 The
2523 3745 30 23 '97
2563 3745 59 25 issue,
2633 3752 21 13 as
2661 3751 11 13 a
2681 3743 69 22 record
2760 3743 21 21 of
2792 3743 35 21 the
2838 3745 83 19 current
2940 3743 80 28 history

2465 3783 27 21 of
2510 3782 37 20 the
2565 3781 79 25 colony,
2662 3780 27 21 its
2706 3787 110 19 resources,
2835 3779 120 27 industries,
2974 3782 48 24 etc.,

2470 3817 92 21 contains
2572 3817 36 20 the
2618 3816 71 21 fullest
2699 3815 49 21 data
2763 3822 21 13 as
2799 3815 66 25 usual,
2878 3815 39 21 and
2938 3815 41 20 will
2998 3822 25 14 no

2470 3853 65 21 doubt
2546 3853 24 19 be
2579 3859 12 13 a
2601 3851 99 26 practical
2718 3850 39 22 and
2776 3850 68 22 useful
2863 3850 160 21 advertisement

2471 3888 31 21 for
2528 3886 35 21 the
2581 3888 93 24 country.
2710 3886 66 21 Other
2797 3885 161 27 Parliamentaiy
2976 3885 42 22 and

2473 3924 142 21 Government
2626 3930 70 17 papers
2705 3928 34 14 are
2748 3921 43 21 also
2801 3923 21 19 to
2832 3921 62 21 hand.

2495 3973 44 20 The
2552 3973 56 20 «£lee
2632 3971 54 21 Club
2704 3978 25 13 on
2745 3970 106 27 Thursday
2866 3971 87 26 evening
2973 3971 50 25 (last

2468 4008 77 26 <wnek),
2556 4006 127 22 entertained
2692 4006 38 21 the
2740 4006 70 21 Misses
2818 4005 71 22 Meters
2899 4008 21 19 at
2934 4013 11 13 a
2964 4006 59 21 social

2470 4044 38 19 and
2519 4044 64 19 dance
2592 4044 22 18 at
2625 4042 35 20 the
2666 4042 128 20 Athenaeum
2807 4041 49 21 Hall
2865 4041 54 25 prior
2938 4043 21 18 to
2971 4041 52 21 their

2470 4077 82 27 leaving
2563 4076 119 26 Roxburgh.
2710 4076 59 21 Since
2776 4076 35 21 the
2818 4076 47 21 club
2873 4082 40 14 was
2919 4076 104 25 organised

2471 4112 48 26 they
2529 4112 50 20 have
2588 4111 50 21 been
2649 4110 117 27 prominent
2776 4111 106 22 memb«rs,
2894 4110 39 21 and
2943 4114 21 17 at
2984 4112 36 19 the

2470 4144 59 21 social
2541 4145 31 19 Mr
2581 4144 108 26 Bennetts,
2700 4143 34 21 the
2745 4144 120 24 conductor,
2880 4144 20 20 in
2917 4150 24 14 an
2952 4150 60 20 appro-

2470 4182 64 23 priate
2543 4178 80 27 speech,
2634 4178 63 27 spoke
2707 4177 20 22 in
2737 4178 62 21 terms
2809 4177 22 20 of
2841 4178 48 26 high
2910 4178 65 26 praise
2994 4177 21 21 of

2469 4213 54 20 their
2528 4212 85 20 senric-s
2623 4214 23 18 to
2655 4211 36 21 the
2708 4211 55 21 club.
2800 4211 92 26 Dancing
2912 4218 40 13 was
2969 4218 34 13 con-

2468 4248 73 21 eluded
2551 4249 22 19 at
2593 4247 21 21 11
2639 4253 50 21 p.m.
2708 4253 22 14 as
2749 4246 36 21 the
2807 4253 68 20 young
2894 4246 63 21 ladies
2969 4253 52 14 were

2466 4282 82 24 leaving
2559 4281 111 25 Roxburgh
2680 4282 49 20 next
2739 4280 101 26 morning.

2494 4328 31 21 Ou
2552 4327 92 27 Tuesday
2666 4326 87 27 tvening
2785 4326 59 22 there
2866 4333 40 14 was
2934 4333 11 14 a
2969 4326 55 26 laig*

2474 4363 107 26 gathering
2590 4362 21 22 of
2620 4362 36 22 the
2668 4361 98 28 principal
2778 4369 46 14 men
2835 4361 21 21 of
2865 4361 35 22 the
2909 4361 81 22 district
3004 4364 20 18 at

2470 4399 35 20 the
2515 4398 89 26 Rendigo
2614 4397 70 27 Hotel,
2694 4397 117 21 A'exandra
2819 4397 70 25 (about
2896 4397 57 27 forty
2965 4398 58 24 being

2468 4434 97 26 present),
2578 4435 21 18 to
2609 4433 82 21 witness
2701 4432 35 21 the
2746 4432 138 27 presentation
2906 4434 21 19 to
2995 4431 26 24 M.

2470 4469 92 21 M'Allen
2571 4468 22 22 of
2602 4476 12 13 a
2623 4468 110 21 handsome
2748 4468 47 26 gold
2816 4467 72 23 watch,
2908 4467 36 21 the
2953 4467 39 26 gift
3002 4468 22 20 of

2471 4504 35 21 the
2517 4504 71 26 people
2597 4504 22 21 of
2636 4504 115 21 Lawrence.
2780 4504 32 20 Mr
2830 4503 21 21 J.
2872 4503 73 20 Rivers
2965 4502 58 21 made

2468 4539 36 21 the
2514 4538 137 28 presentation
2666 4545 26 14 on
2704 4538 69 21 behalf
2783 4538 22 21 of
2816 4538 35 21 th*
2859 4538 81 21 douors.
2952 4538 41 21 and
3000 4538 19 20 in

2467 4574 61 27 doing
2538 4582 22 13 so
2570 4575 46 26 paid
2627 4582 11 12 a
2654 4573 49 26 high
2723 4573 78 21 tribute
2818 4575 22 19 to
2859 4573 33 21 Mr
2913 4573 110 21 M'Allrn's

2468 4608 65 21 worth
2543 4614 21 14 as
2582 4615 25 14 an
2626 4608 102 21 excellent
2746 4607 81 21 citizen.
2869 4607 60 20 After
2944 4608 77 19 several

2466 4644 60 20 other
2534 4644 96 24 speeches
2640 4643 40 20 had
2693 4642 50 21 been
2754 4641 60 22 made
2823 4642 41 20 and
2881 4642 32 20 Mr

2466 4679 40 21 had
2517 4679 84 25 replied,
2612 4679 36 21 the
2666 4680 68 24 guests
2755 4685 51 13 were
2823 4678 125 20 entertained
2960 4677 40 21 and
3011 4686 11 12 a

2467 4721 48 17 very
2525 4714 93 24 pleasant
2632 4714 88 24 evening
2731 4720 40 13 was
2778 4716 67 22 spent.

2491 4765 31 21 On
2534 4764 127 27 Wednesday
2670 4764 86 26 evening
2764 4764 48 26 (la*t
2824 4764 62 24 we»k)
2898 4763 32 21 Mr
2942 4764 73 20 Albert

2467 4800 70 19 Peters
2548 4807 39 12 was
2600 4800 35 20 the
2655 4799 98 26 recipient
2771 4798 21 21 of
2809 4806 12 13 a
2839 4799 38 20 han
2886 4799 63 20 Isowe
2974 4799 45 25 gold

2465 4835 75 25 locket,
2550 4837 33 17 stt
2594 4834 48 20 with
2656 4834 65 25 pearls
2730 4834 39 20 ami
2787 4833 104 24 emeralds,
2914 4834 52 20 from
2986 4834 33 20 the

2465 4870 99 20 members
2576 4869 21 20 of
2607 4869 35 20 the
2653 4868 111 25 Roxburgh
2774 4869 58 20 Brass
2841 4868 61 23 Band,
2914 4868 21 19 <>f
2955 4868 64 20 which

2464 4902 26 22 he
2500 4903 36 21 has
2546 4903 49 21 been
2608 4909 12 14 a
2631 4902 91 21 member
2740 4901 31 21 for
2788 4901 36 21 the
2843 4901 40 23 last
2900 4901 31 20 six
2949 4906 64 21 years.

2463 4938 44 21 The
2514 4938 139 26 presentation
2665 4943 41 15 wa»
2715 4937 58 21 made
2792 4943 26 14 on
2836 4936 36 21 the
2890 4936 91 21 occasion
2999 4936 20 21 of

2465 4974 32 21 Mr
2508 4972 76 24 Peters'
2594 4974 111 27 departure
2721 4972 52 22 from
2791 4972 121 26 Roxburgh,
2928 4972 40 21 and
2987 4972 32 20 Mr

2463 5008 148 25 W.Kiuaston,
2621 5007 20 21 in
2655 5007 88 26 handing
2750 5007 36 21 the
2793 5006 69 22 locket
2872 5008 21 18 to
2902 5006 31 20 Mr
2940 5006 70 20 Peters

2464 5043 58 21 made
2531 5043 106 25 eulogistic
2649 5042 103 21 reference
2761 5046 22 16 to
2790 5042 32 20 his
2836 5041 87 20 services
2943 5043 21 17 to
2980 5040 35 20 the

2463 5076 53 22 band
2525 5076 39 21 and
2575 5075 36 23 the
2630 5075 39 22 loss
2688 5075 50 24 they
2758 5074 67 22 would
2843 5073 77 22 sustain
2943 5073 26 27 by
2987 5073 31 21 his

2463 5113 89 19 removal
2562 5112 53 20 from
2632 5111 120 26 Roxburgh.
2778 5110 61 22 After
2849 5110 32 20 Mr
2893 5110 69 20 Peters
2973 5109 38 20 had

2462 5145 90 26 suitably
2578 5145 41 20 and
2650 5143 97 26 feelingly
2778 5143 84 26 replied,
2894 5142 36 20 the
2961 5141 56 22 hand

2463 5179 127 21 entertained
2600 5179 41 21 him
2648 5180 22 20 at
2681 5178 85 22 asocial.
2792 5177 73 21 Before
2874 5176 96 24 breaking
2980 5183 36 19 up,

2462 5214 36 22 the
2509 5215 69 22 march
2657 5221 59 20 grasp
2723 5214 21 21 of
2752 5220 26 15 an
2794 5212 86 27 English
2978 5219 38 13 was

2463 5250 81 27 played.

2486 5296 117 22 Somewhat
2613 5296 22 22 of
2643 5304 12 14 a
2663 5296 82 26 novelty
2761 5295 20 22 in
2801 5294 115 26 Roxburgh
2939 5293 20 21 in
2983 5293 33 22 tin

2462 5340 44 19 way
2519 5333 21 21 of
2550 5333 68 26 public
2627 5332 149 27 performances
2787 5331 40 21 will
2848 5330 47 22 take
2914 5329 57 26 place
2992 5331 22 19 at

2461 5366 30 20 St.
2515 5366 77 20 James'
2616 5366 100 25 Anglican
2744 5364 83 21 Church
2856 5370 26 14 on
2909 5363 106 25 Thursday

2461 5400 92 27 evening,
2573 5400 59 21 when
2651 5399 34 22 Mr
2700 5399 56 22 John
2778 5399 69 26 Hayes
2867 5397 42 22 will
2925 5398 45 24 Rive
2990 5404 25 14 an

2462 5442 61 19 organ
2535 5436 76 22 recital,
2623 5435 86 21 assisted
2716 5435 27 25 by
2754 5434 77 21 several
2842 5433 49 21 local
2902 5435 110 18 amateurs.

2460 5470 43 19 The
2514 5477 43 13 new
2567 5477 62 19 organ
2639 5469 111 27 purchased
2759 5469 32 20 for
2809 5468 36 20 the
2864 5467 76 21 church
2960 5474 55 13 some

2460 5503 40 21 few
2510 5504 83 21 months
2603 5512 44 19 ago,
2658 5503 66 22 which
2735 5503 36 21 has
2789 5510 12 14 a
2819 5502 87 22 number
2925 5501 21 21 of
2963 5508 47 19 very

2460 5538 101 22 beautiful
2582 5542 63 24 stops,
2679 5540 40 20 and
2740 5539 36 21 the
2802 5541 48 18 tone
2874 5538 21 20 of
2912 5537 66 21 which
2998 5538 16 20 is

2460 5570 95 21 identical
2566 5571 50 21 with
2626 5572 46 20 that
2679 5571 22 21 of
2707 5579 11 13 a
2728 5571 48 26 pipe
2786 5578 69 18 organ,
2865 5571 37 19 has
2922 5573 36 17 not
2979 5571 36 24 yet

2459 5601 50 23 been
2520 5602 62 23 heard
2592 5604 26 27 by
2628 5604 35 22 the
2672 5604 82 27 general
2773 5603 75 28 public,
2872 5602 40 22 and
2935 5609 21 14 as
2980 5602 33 21 Mr

2460 5638 69 25 Hayes
2549 5640 16 20 is
2583 5647 12 13 a
2618 5640 92 21 talented
2736 5639 96 26 organist,
2851 5639 45 20 able
2916 5640 20 18 to
2957 5638 53 25 ful'y

2460 5672 140 22 demonstrate
2616 5674 27 20 its
2661 5673 132 28 capabilities,
2813 5673 35 21 the
2866 5672 64 21 music
2945 5672 69 25 loving

2460 5705 69 26 public
2538 5705 52 22 hive
2603 5713 12 14 a
2630 5708 54 19 treat
2702 5706 20 21 in
2742 5708 54 19 store
2818 5706 31 21 for
2868 5706 63 21 them.
2970 5705 43 21 The

2460 5746 127 21 programme
2599 5742 41 20 will
2648 5742 76 21 consist
2733 5741 21 21 of
2771 5741 106 22 selections
2895 5741 52 21 from
2977 5740 36 21 the

2566 5776 36 21 t;be
2611 5779 56 22 great
2677 5778 91 22 mastery.

3058 206 42 22 The
3115 206 76 23 advent
3203 207 22 23 of
3234 207 35 22 the
3279 207 112 22 Christmas
3400 213 70 15 season
3480 206 16 21 is
3506 204 81 27 already

3033 242 121 21 announced
3175 244 21 20 to
3207 250 23 15 us
3240 242 27 28 by
3276 243 75 25 receipt
3364 242 22 21 of
3399 242 35 21 the
3443 240 56 28 early
3509 239 77 22 edition

3034 275 21 21 of
3066 275 36 22 the
3135 276 129 26 Canterbury
3277 275 93 23 Times'"
3379 275 112 22 Christmas
3501 273 87 22 numVr

3034 310 48 21 This
3101 317 48 19 year
3169 311 36 21 the
3228 311 66 21 editor
3315 311 36 21 has
3370 310 63 21 takan
3451 316 11 13 a
3481 315 44 15 new
3544 307 40 22 and

3035 346 114 26 altogether
3161 346 145 27 praiseworthy
3324 347 109 24 departure
3448 345 27 25 by
3490 345 68 26 giving
3570 350 11 14 a

3036 381 99 24 complete
3158 381 40 20 and
3229 381 120 26 interesting
3380 380 101 21 narrative
3504 379 21 20 of
3547 379 35 20 the

3036 414 108 21 traditions
3167 414 21 21 of
3209 414 35 21 the
3268 414 65 21 Maori
3356 414 78 27 people,
3453 413 103 25 including
3575 418 12 14 a

3036 450 83 26 graphic
3130 451 86 20 account
3226 451 21 21 of
3256 451 86 24 Spanish
3353 451 39 21 and
3403 450 68 22 Dutch
3481 449 104 25 discovery

3036 486 21 20 in
3069 486 118 20 connpction
3198 486 50 21 with
3269 486 63 26 N.Z.,
3348 487 36 20 the
3400 487 55 25 story
3469 485 59 25 being
3542 491 33 14 con-

3038 520 71 21 tinued
3122 523 19 18 to
3153 521 34 20 the
3198 522 79 20 tim>'of
3282 522 83 25 English
3371 521 139 22 colonisation.
3539 518 50 21 This

3040 555 69 22 sketch
3122 556 22 21 of
3155 556 53 22 New
3218 557 106 22 Zealand's
3333 557 54 27 early
3396 556 87 26 history,
3494 554 65 22 which
3574 555 16 19 is

3042 592 85 21 entitled
3138 592 35 21 the
3216 593 102 21 Romance
3329 593 22 21 of
3368 593 134 21 Civilisation,
3502 592 7 9 1
3511 590 4 25 '
3530 590 60 25 being

3040 626 127 27 thoroughly
3188 627 90 26 reliable,
3301 628 41 21 will
3365 628 24 19 be
3411 628 21 20 of
3453 625 136 21 considerable

3033 662 66 22 -value
3116 665 22 18 to
3158 663 70 22 future
3245 664 108 27 compilers
3364 663 22 21 of
3394 663 37 21 the
3440 663 76 24 history
3524 661 22 21 of
3556 660 34 20 the

3040 698 78 26 co'ony.
3146 699 47 21 The
3208 699 115 21 illustrated
3339 699 81 25 portion
3431 698 22 21 of
3462 696 130 22 thenumber

3042 731 40 21 will
3093 732 26 20 be
3130 733 82 26 printed
3226 733 19 20 in
3257 733 104 20 chocolate
3369 732 36 21 ink
3415 739 24 13 on
3451 731 60 21 toned
3521 736 68 19 pnper,

3042 767 38 20 and
3105 768 35 20 the
3164 769 134 19 illustrations
3320 775 33 13 are
3378 768 20 20 in
3422 766 122 21 themselves
3567 772 24 13 an

3044 802 111 21 admirable
3179 803 115 25 collection,
3316 802 59 25 heing
3394 802 62 20 taken
3479 800 52 20 from
3549 806 44 13 rare

3043 837 66 26 prints
3133 838 40 20 and
3196 837 84 26 original
3304 837 94 21 sketches
3423 836 47 20 that
3491 834 104 22 doubtless

3043 879 43 14 wou
3088 873 8 13 r
3097 873 11 20 d
3120 875 36 18 not
3175 873 52 21 have
3246 873 51 20 been
3315 872 99 21 available
3429 870 88 22 without
3531 869 62 22 much

3045 908 81 21 trouble
3134 908 38 21 and
3180 908 93 21 research
3300 908 42 21 The
3370 907 127 26 Canterbury
3504 905 91 22 Times'"

3045 944 116 21 Christmas
3170 945 87 21 number
3264 944 39 20 will
3314 944 24 20 be
3347 943 109 26 especially
3464 942 131 26 appropriate

3042 979 13 20 ft
3064 987 9 12 r
3086 980 84 26 sending
3180 980 89 19 home'in
3281 979 40 20 this
3328 979 35 20 the
3372 978 82 21 Jubilee
3463 985 54 18 year.

3064 1013 104 26 Certainly
3182 1013 35 21 the
3231 1014 55 19 most
3299 1013 93 21 effective
3404 1012 98 21 medicine
3517 1013 18 19 in
3549 1011 37 21 the

3039 1049 61 19 world
3119 1048 16 20 is
3153 1048 115 20 SANDER
3280 1048 40 20 and
3337 1047 76 21 SONS'
3429 1047 162 21 EUCALYPn

3038 1082 136 21 EXTRACT.
3203 1081 49 21 Test
3259 1081 27 21 its
3292 1081 111 26 eminently
3411 1080 98 27 powerful
3519 1080 72 21 effects

3038 1117 21 19 in
3072 1116 81 24 coughs,
3165 1116 62 24 colds,
3238 1115 101 20 influenra
3347 1131 5 9 ,
3374 1115 36 20 the
3420 1115 58 19 relief
3488 1115 15 19 is
3515 1115 66 19 instan-

3038 1152 90 17 taneous.
3160 1149 23 20 In
3199 1149 77 20 serious
3286 1155 54 14 cases
3351 1148 43 20 «nd
3408 1148 102 20 accidents
3526 1148 21 19 of
3561 1148 28 20 nil

3038 1182 66 23 kinds,
3116 1182 24 20 be
3150 1182 49 25 they
3212 1181 91 23 wounds,
3314 1181 68 21 burns,
3391 1180 76 21 scaldm
3473 1188 23 15 »s,
3515 1180 78 21 bruises

3050 1216 74 26 prains,
3134 1216 16 20 it
3160 1216 17 20 is
3186 1216 35 20 the
3230 1215 64 20 safest
3304 1215 135 26 remedy—bo
3448 1214 147 23 swelling—no

3038 1251 156 21 inflammation.
3226 1250 50 21 Like
3283 1251 114 25 surprising
3407 1250 72 21 effects
3490 1249 102 26 produced

3041 1286 20 19 in
3076 1292 70 18 croup,
3156 1285 109 25 diptherift,
3280 1284 117 23 bronchitis,
3410 1284 146 19 inflammation
3571 1286 23 18 of

3042 1320 36 22 the
3101 1319 66 27 lungs,
3181 1319 111 27 swellings,
3299 1321 38 19 etc.
3359 1318 107 26 diarrh<ea,
3481 1318 109 24 dysentrv,

3040 1354 88 20 diseases
3139 1354 21 19 of
3170 1353 35 20 the
3219 1353 85 24 kidneys
3313 1352 40 20 and
3367 1353 81 24 urinary
3458 1359 78 17 organs.
3567 1352 23 19 In

3055 1394 21 14 se
3083 1390 21 17 at
3109 1387 29 20 all
3145 1387 98 25 hospitals
3250 1387 39 19 and
3297 1385 85 21 medical
3387 1386 76 23 clinics,
3476 1387 92 22 patron's
3582 1385 11 19 il

3040 1423 27 25 by
3076 1423 38 19 His
3125 1422 89 26 Majesty
3223 1422 37 20 the
3271 1421 55 25 King
3335 1421 21 20 of
3367 1420 62 26 Italy,
3440 1420 92 20 crowned
3553 1419 44 21 *ith

3042 1456 66 21 medal
3119 1456 39 20 and
3168 1455 91 25 diploma
3267 1458 23 17 at
3302 1454 150 21 International
3466 1453 131 25 Exhibition,

3043 1488 138 21 Amsterdam.
3280 1493 22 14 in
3311 1487 42 19 this
3362 1486 103 25 approved
3474 1485 72 20 article
3556 1485 40 20 and

3033 1522 1 27 ;
3043 1523 64 26 reject
3116 1522 28 21 all
3153 1523 74 21 others.

3062 1599 142 45 Ettrick
3231 1599 72 43 G.S.
3323 1599 177 52 Dredging
3523 1598 56 43 Co.

3071 1684 41 22 The
3132 1683 74 22 annual
3226 1684 88 26 meeting
3332 1683 21 22 of
3367 1684 36 21 the
3419 1683 63 22 above
3500 1690 100 20 company

3046 1726 40 14 was
3095 1719 47 21 held
3152 1719 19 20 in
3181 1719 29 20 St.
3222 1718 75 21 James'
3311 1717 128 21 schoolroom
3450 1725 26 13 on
3495 1717 103 26 Saturday

3046 1754 92 26 evening.
3174 1753 85 21 Present
3301 1752 75 21 Messrs
3398 1752 87 26 Talboys
3507 1752 30 20 'in
3562 1751 36 21 the

3046 1788 70 27 chair),
3125 1788 57 27 Baiu,
3192 1789 77 20 Burton
3276 1787 125 27 (secretary),
3412 1787 87 27 Cooper,
3514 1787 82 24 Haines,

3046 1824 11 21 J
3062 1832 28 14 as.
3102 1824 92 26 Mackay,
3204 1823 39 21 and
3253 1824 23 21 T.
3287 1823 130 25 Thompson.

3154 1865 85 15 REPORT
3253 1865 45 14 AND
3315 1864 101 15 BALANCE
3429 1864 75 15 SHEET.

3071 1886 43 21 The
3145 1885 107 22 directors'
3280 1888 72 25 report
3384 1886 41 21 and
3446 1886 113 20 statement
3584 1884 21 20 of

3047 1922 102 25 accounts,
3161 1920 65 22 which
3237 1921 105 21 were'laid
3351 1927 25 14 on
3387 1920 36 21 the
3442 1919 63 27 table,
3521 1917 82 23 showed

3047 1964 13 13 a
3068 1957 129 25 satisfactory
3206 1956 65 22 year's
3281 1956 64 21 work.
3375 1956 44 21 The
3435 1955 65 21 credit
3520 1954 85 21 balance

3048 1989 109 21 amounted
3168 1991 21 18 to
3200 1989 74 26 01,023
3286 1989 35 22 H«
3331 1989 25 21 5d
3365 1996 5 17 ;
3384 1989 36 20 the
3434 1989 85 20 amount
3528 1987 22 21 of
3559 1987 46 26 gold

3048 2029 44 14 won
3103 2029 39 14 was
3152 2022 82 26 £4,163,
3245 2022 39 21 and
3302 2022 74 26 during
3386 2022 35 21 the
3432 2028 48 18 year
3492 2020 74 27 £2,025
3576 2020 29 26 (9s

3048 2065 36 19 per
3093 2058 66 25 share)
3170 2058 38 21 had
3220 2058 50 21 been
3285 2058 45 26 paid
3342 2065 19 22 \p
3373 2057 113 22 dividends.

3074 2093 33 21 Mr
3119 2093 88 25 Talboys
3217 2093 73 19 moved
3300 2093 35 19 the
3344 2092 97 24 adoption
3452 2092 21 19 of
3488 2091 36 20 the
3535 2091 70 25 report

3049 2126 39 22 and
3105 2126 81 22 balance
3201 2126 58 21 sheet
3267 2133 11 19 g
3297 2124 99 23 secouded
3413 2124 26 28 by
3456 2124 33 22 Mr
3504 2124 50 22 Bain
3565 2123 40 22 and

3048 2159 85 22 carried.

3191 2192 106 16 ELECTION
3311 2192 27 15 OF
3351 2191 115 17 DIRECTOR.

3074 2215 31 19 Mr
3114 2215 86 24 Talboys
3210 2215 74 20 retired
3295 2215 51 19 from
3357 2215 35 19 the
3403 2214 63 20 board
3475 2213 26 26 by
3509 2213 94 20 effluxion

3049 2250 22 21 of
3092 2251 57 20 time.
3177 2250 63 25 Being
3264 2250 80 24 eligible
3366 2249 31 20 for
3421 2249 126 25 re-election,
3573 2248 32 20 Mr

3051 2288 75 20 Haines
3136 2287 72 20 moved
3217 2287 41 20 and
3271 2287 32 20 Mr
3313 2286 117 25 Thompson
3440 2285 106 23 seconded,
3558 2285 47 20 that

3052 2324 30 20 Mr
3092 2323 85 26 Tfclboys
3187 2323 25 21 be
3222 2322 108 21 re-elected
3340 2329 12 13 a
3362 2320 215 22 director.—Carried.

3075 2359 33 20 Mr
3118 2358 87 24 Talboys
3222 2358 71 26 briefly
3306 2357 95 21 returned
3421 2357 74 20 thanks
3515 2356 32 21 for
3568 2356 37 21 the

3050 2392 80 21 honour
3140 2391 51 21 done
3205 2391 51 22 him.

3278 2424 103 16 AUDITOR.

3075 2448 32 20 Gn
3118 2447 36 21 the
3163 2448 77 20 motion
3254 2447 20 20 of
3285 2448 73 19 Messrs
3368 2447 78 26 Cooper
3454 2446 40 21 and
3505 2446 59 26 Bain,
3574 2445 31 20 Mr

3051 2483 76 20 Haines
3139 2489 39 13 was
3189 2482 110 20 re-elected
3309 2481 87 21 auditor.

3234 2519 195 16 COMPLIMENTARY.

3075 2542 65 21 Votes
3157 2542 21 20 of
3196 2542 75 20 thanks
3283 2548 50 13 were
3344 2540 142 21 unanimously
3497 2539 108 26 accorded,

3050 2575 156 21 onthe-motiou
3226 2575 21 21 of
3267 2575 73 20 Messrs
3361 2574 77 20 Haines
3448 2574 39 20 and
3511 2573 94 26 Mackay,

3050 2612 21 19 to
3088 2611 34 20 the
3133 2611 97 20 directors
3239 2610 41 20 and
3290 2612 22 17 to
3322 2610 35 19 the
3369 2610 157 24 dredgemaster.

3074 2645 25 21 In
3111 2645 57 26 reply
3179 2647 20 18 to
3209 2652 11 12 a
3238 2645 102 26 question,
3359 2644 36 20 the
3414 2646 101 23 secretary
3536 2643 69 21 stated

3050 2679 46 21 that
3102 2680 35 20 the
3147 2679 75 26 dredge
3233 2686 39 13 was
3281 2678 62 26 ready
3354 2679 21 20 to
3382 2679 61 23 start,
3456 2678 37 20 but
3504 2677 35 20 the
3551 2678 55 19 river

3051 2722 39 14 was
3100 2716 33 19 too
3145 2714 47 26 high
3203 2716 21 18 at
3237 2721 38 18 pre.
3284 2715 41 18 ent.

3076 2751 19 21 A
3104 2752 48 18 vote
3161 2750 21 20 of
3191 2749 76 21 thanks
3277 2751 20 19 to
3308 2749 35 21 the
3353 2748 56 21 chair
3427 2748 124 21 terminated
3565 2747 40 22 >the

3052 2785 95 25 mealing.

3194 2845 125 52 Mining
3361 2847 112 41 Notes.

3089 2926 98 31 Owinsr
3201 2930 28 23 to
3253 2926 46 26 the
3325 2925 66 29 hiirh
3417 2928 69 25 state
3509 2925 29 27 of
3559 2925 46 27 the

3052 2967 71 27 river
3147 2966 53 27 and
3228 2965 46 28 the
3300 2965 201 37 exceptionally
3530 2965 75 34 large

3052 3006 147 40 quantities
3213 3007 29 26 of
3256 3006 67 27 drift
3339 3006 44 25 flic
3408 3005 116 33 Err.rick,
3541 3004 47 29 Gol-

3051 3048 51 28 den
3118 3047 131 27 Treasure
3274 3046 51 27 and
3347 3045 122 28 Dunedin
3486 3045 117 38 dredges

3050 3099 69 17 were
3134 3087 147 38 prevented
3299 3086 69 28 from
3398 3087 125 35 working
3552 3086 51 27 last

3050 3128 85 26 week.
3177 3127 56 26 The
3260 3128 27 25 Kt
3295 3127 68 26 trick
3389 3127 125 26 resumed
3530 3130 73 22 work

3050 3178 32 18 on
3099 3165 185 37 Wednesday.

3087 3207 57 27 The
3170 3206 140 31 dredging
3333 3208 108 25 returns
3463 3204 52 28 last
3529 3204 75 28 week

3052 3257 69 18 were
3123 3246 143 28 —Golden
3276 3245 68 28 Gate
3353 3246 123 27 6dwtfor
3486 3245 34 28 2h
3531 3245 76 36 days.,

3054 3286 180 36 Bengerburn
3266 3287 58 33 9oz,
3353 3285 159 36 Enterprise
3539 3286 68 27 220z

3055 3327 101 34 lGdwt,
3172 3325 87 38 Otago
3278 3326 63 28 17ok
3361 3325 96 29 lodwt.

3092 3366 34 39 Th
3143 3366 18 39 9
3178 3366 86 39 Edina
3287 3366 104 39 dredge
3413 3366 103 29 started
3531 3366 74 30 work

3053 3418 33 17 on
3114 3407 135 38 Tuesday.
3290 3408 45 27 Mr
3365 3407 33 28 R.
3426 3407 80 28 Kitto
3532 3407 22 27 is
3580 3407 27 27 in

3053 3448 101 38 charge
3192 3448 55 28 and
3287 3448 45 28 Mr
3365 3447 30 29 T.
3429 3447 120 38 Goiarlay
3586 3447 21 28 is

3052 3490 139 38 engineer.

3090 3530 57 30 The
3157 3529 154 38 Roxburgh
3324 3528 208 39 Amalgamated
3545 3528 60 30 CVs

3054 3571 126 36 wash-up
3205 3570 42 29 for
3270 3570 46 29 the
3337 3571 95 27 month
3446 3570 28 29 of
3488 3569 119 30 October

3054 3612 112 28 totalled
3185 3612 83 28 1220z
3283 3611 76 28 9dwt
3373 3612 77 36 21gr.

3097 3653 50 28 lhe
3170 3651 105 29 Golden
3303 3651 62 29 Run
3402 3645 125 44 Sluicing
3559 3649 47 31 Co.

3053 3704 55 18 was
3135 3693 106 29 flooded
3267 3696 49 25 out
3349 3693 37 35 by
3411 3693 47 27 the
3483 3692 52 29 last
3558 3692 49 38 big

3053 3733 72 29 flood
3139 3734 26 27 in
3181 3733 46 27 the
3241 3732 125 38 paddock
3382 3732 27 28 in
3428 3732 89 27 which
3539 3732 65 37 they

3054 3785 69 17 weve
3138 3772 135 33 working-,
3289 3772 53 29 and
3355 3772 68 29 have
3434 3772 52 28 had
3501 3776 29 24 to
3544 3772 62 29 sink

3053 3814 108 28 further
3186 3813 69 29 back
3288 3818 28 24 to
3349 3817 49 35 get
3434 3812 41 29 rid
3504 3812 30 28 of
3560 3812 47 29 the

3054 3854 141 38 drainage.

3152 3932 99 41 What
3284 3931 122 49 People
3439 3930 76 49 Say.

3057 3992 50 29 Mr.
3147 3990 108 39 George
3293 3989 143 35 McGrath,
3464 3988 139 41 Nelligan,

3054 4032 126 34 N.S.W.,
3208 4032 91 27 writes
3325 4042 34 17 on
3388 4031 121 28 October
3531 4033 72 33 21st,

3058 4074 76 28 1b96.
3137 4088 36 4 —
3180 4072 7 27 1
3205 4071 74 27 write
3294 4070 53 28 this
3364 4070 28 28 in
3410 4070 176 37 acknowledg-

3057 4118 74 23 ment
3144 4113 28 28 of
3187 4112 139 28 Clements
3341 4110 85 28 Tonic
3450 4122 29 17 as
3500 4122 16 17 a
3539 4122 64 17 cure

3056 4154 42 29 for
3121 4151 182 38 Indigestion.
3343 4150 13 29 I
3378 4150 119 30 suffered
3533 4151 69 30 from

3056 4196 58 26 that
3128 4193 148 37 complaint
3291 4203 30 16 so
3348 4191 66 38 long
3436 4192 60 28 that
3521 4191 14 30 I
3552 4192 51 29 felt

3056 4235 89 36 firmly
3158 4231 151 31 convinced
3329 4233 5 26 I
3356 4231 95 29 should
3472 4243 85 18 never
3570 4233 33 28 be

3055 4275 91 29 cured.
3187 4274 12 28 I
3226 4273 52 28 had
3302 4272 69 29 tried
3406 4273 35 28 all
3471 4273 81 29 kinds
3575 4273 28 29 of

3055 4315 133 29 medicine
3210 4313 54 29 and
3298 4319 82 32 spent
3414 4313 188 29 considerable

3055 4367 73 18 sums
3142 4355 29 29 of
3186 4365 97 18 monev
3307 4353 116 30 without
3448 4365 53 22 any
3528 4355 73 37 good

3055 4397 106 28 results.
3201 4395 14 29 I
3231 4405 53 17 was
3297 4395 101 28 careful
3422 4395 26 28 in
3470 4406 45 27 my
3537 4395 64 28 diet.

3054 4437 128 29 Thirteen
3198 4435 109 29 months
3327 4445 53 27 ago
3407 4435 13 28 I
3446 4436 58 28 first
3530 4435 69 29 tried

3054 4478 136 28 Clements
3201 4476 94 33 Touie,
3309 4476 71 27 after
3394 4476 115 37 reading
3535 4476 30 28 of
3587 4487 15 16 a

3053 4528 61 19 case
3127 4516 102 30 similar
3243 4522 27 22 to
3286 4516 72 28 mine
3370 4516 83 38 being
3464 4516 81 28 cured
3565 4516 35 37 by

3053 4560 45 26 the
3112 4558 85 28 above
3207 4556 120 37 remedy,
3342 4556 53 28 and
3410 4556 14 28 I
3439 4557 67 27 have
3520 4556 79 27 much

3053 4598 124 38 pleasure
3189 4597 27 29 in
3230 4596 105 38 stating
3349 4596 60 28 that
3422 4596 71 28 after
3515 4607 15 17 a
3548 4596 52 27 few

3053 4638 99 28 weeks'
3164 4647 94 18 course
3271 4636 29 28 of
3314 4636 140 28 Clements
3478 4636 83 28 Touic
3586 4635 13 28 I

3051 4680 79 28 could
3145 4685 43 22 eat
3201 4688 52 27 any
3267 4676 64 30 food
3359 4677 115 27 without
3497 4676 103 37 having

3052 4717 187 40 disagreeable
3253 4717 85 37 pains.
3354 4717 14 26 I
3384 4718 66 26 have
3478 4717 69 26 been
3572 4715 25 28 in

3053 4759 70 36 good
3151 4757 90 29 health
3277 4766 64 19 ever
3363 4756 82 28 since.
3487 4755 112 38 Hoping

3051 4800 60 27 that
3135 4798 79 29 other
3234 4798 127 28 sufferers
3388 4797 52 26 will
3463 4800 43 32 try
3537 4795 46 29 Cle-

3053 4844 87 22 ments
3178 4838 84 29 Tonic
3297 4838 43 27 for
3377 4836 222 37 Indigestion.—

3052 4877 88 27 Yours
3163 4876 185 37 respectfullv,
3361 4875 65 28 Geo.
3452 4874 145 35 McGrath,

3050 4915 139 35 Nelligan,
3210 4913 117 30 N.S.YV.

3082 4991 57 26 The
3166 4990 65 27 Hon.
3265 4989 43 26 Mr
3329 4988 117 28 Cadman
3468 4987 47 28 lias
3536 4986 46 27 inti-

3048 5029 88 26 mated
3163 5033 27 20 to
3212 5029 45 24 the
3298 5027 56 25 Hon
3390 5026 42 24 Mr
3460 5025 132 26 Feldvvick

3048 5066 59 27 that
3121 5066 45 26 the
3180 5064 162 28 accelerated
3355 5064 68 25 train
3437 5062 99 27 service
3557 5062 31 26 be

3048 5107 83 23 tween
3146 5102 122 26 Dunedln
3281 5102 52 25 and
3357 5099 168 35 Invercargill
3541 5100 52 24 will

3047 5149 148 18 commence
3228 5148 32 17 on
3297 5139 45 25 the
3380 5138 40 25 Ist
3446 5137 147 25 December.

3048 5177 54 27 The
3115 5178 62 25 time
3187 5176 28 26 of
3225 5175 142 35 travelling
3378 5173 50 27 will
3441 5174 31 26 he
3483 5173 110 25 reduced

3047 5215 64 26 from
3128 5215 48 26 7hr
3192 5213 86 27 25min
3301 5215 27 24 to
3349 5212 50 26 ohr
3422 5211 94 27 55min.
3556 5209 25 25 In-

3046 5253 75 25 stead
3135 5252 26 26 of
3187 5251 105 32 leaving
3304 5249 122 25 Dunedin
3440 5252 27 22 at
3481 5247 39 27 8.5
3535 5256 15 17 a
3560 5257 25 16 m

3046 5290 21 25 it
3090 5289 23 25 is
3140 5287 160 27 understood
3322 5285 44 27 the
3390 5285 70 26 train
3485 5285 41 25 for
3549 5284 44 26 the

3046 5327 76 26 south
3138 5327 54 26 will
3208 5328 44 23 not
3265 5325 73 26 leave
3352 5323 38 26 till
3406 5322 14 26 9
3431 5332 14 15 o
3459 5332 66 20 a.m.,
3541 5322 50 25 and

3046 5364 52 24 will
3114 5363 77 26 reach
3208 5360 169 33 Invercargill
3393 5363 27 21 at
3444 5359 59 26 340
3526 5367 16 24 p
3554 5367 33 15 m.

3046 5400 54 26 The
3124 5400 70 26 tain
3231 5398 66 26 from
3331 5394 171 34 Invercargill
3538 5394 51 25 will

3046 5438 72 25 leave
3131 5438 75 24 there
3220 5440 25 20 at
3261 5435 26 25 11
3303 5434 29 25 15
3355 5441 58 17 am.
3441 5432 51 24 and
3514 5430 76 26 reach

3048 5473 6 25 1
3061 5473 86 26 >unedi
3154 5471 127 27 natslo
3295 5478 57 26 pm.
3391 5467 104 27 Several
3507 5466 26 25 of
3545 5466 46 26 the

3046 5511 113 35 wayside
3195 5508 111 27 stations
3331 5504 49 28 will
3405 5505 66 25 have
3496 5506 26 24 to
3561 5503 29 26 be

3045 5549 92 32 passed
3152 5549 33 32 by
3199 5548 45 24 the
3258 5544 114 31 through
3386 5544 90 27 trains,
3491 5542 48 24 but
3564 5544 11 21 t
3584 5552 6 12 >

3043 5588 68 22 meet
3135 5584 45 26 the
3209 5581 169 27 convenience
3411 5577 27 26 of
3461 5577 129 26 residents

3042 5621 73 28 there
3136 5622 84 26 trains
3246 5619 51 26 will
3319 5618 30 25 be
3372 5615 159 35 despatched
3551 5614 40 27 for

3042 5659 105 25 Clinton
3163 5658 65 25 from
3253 5655 61 25 both
3339 5652 171 34 Invercargill
3538 5653 52 25 aid

3043 5695 119 26 Dunedin
3179 5694 78 33 daily,
3274 5690 139 35 departing
3427 5689 25 25 in
3464 5689 62 26 each
3550 5690 25 25 in-

3041 5737 87 22 stance
3141 5742 31 15 an
3188 5731 65 25 hour
3267 5729 24 24 in
3305 5727 116 27 advance
3435 5727 27 26 of
3481 5727 44 26 the
3545 5737 28 16 ex-

3041 5779 77 24 press,
3133 5768 52 27 and
3201 5765 135 35 returning
3349 5764 99 27 behind
3462 5765 30 30 it.

3618 212 119 44 Teviot
3756 212 239 46 Horticultural
4018 212 145 51 Society.

3755 299 123 21 ANNUAL
3893 298 136 22 MKBTIXG.

3654 355 57 29 The
3723 356 98 28 annual
3840 355 121 37 meeting
3974 355 29 28 of
4022 355 44 28 (lie
4080 354 87 28 above

3617 395 103 37 society
3734 406 54 19 was
3802 396 62 28 held
3880 399 27 24 at
3932 397 46 26 the
4000 395 167 28 Athenaeum

3618 447 32 18 on
3668 436 121 37 Monday
3803 436 127 38 evening,
3946 435 44 30 Mr
4014 435 38 30 M.
4069 433 79 32 Camo-

3619 477 53 37 pell
3687 477 27 28 in
3727 477 47 28 the
3791 477 82 29 chair.

3731 526 74 18 NAME
3826 526 31 19 OF
3876 526 53 19 THE
3943 524 116 22 SOCIETY.

3657 557 42 29 An
3715 557 142 28 alteration
3881 558 27 28 in
3923 558 47 28 the
3984 567 78 18 nume
4075 556 28 29 of
4123 556 46 28 the

3619 598 162 27 association
3797 606 53 19 was
3864 599 76 26 made
3958 608 34 16 on
4007 599 45 26 t,he
4067 597 102 27 motion

3620 638 28 29 of
3665 637 99 28 Messrs
3779 637 146 29 Matthews
3939 637 54 28 and
4010 636 98 36 Wilks,
4123 637 46 28 the

3622 688 77 18 name
3713 678 28 27 in
3760 678 92 28 future
3866 682 28 25 to
3915 679 33 28 be
3971 678 46 28 the
4072 677 97 29 Teviot

3622 718 198 29 Horticultural

3741 767 125 20 ELECTION
3880 767 33 20 OF
3925 767 136 20 OFFICERS.

3658 798 58 29 The
3737 799 115 29 election
3880 799 29 28 of
3932 799 105 28 officers
4061 798 43 29 for
4126 799 46 28 the

3622 839 119 38 ensuing
3754 849 65 28 year
3831 840 120 28 resulted
3963 850 30 17 as
4008 839 105 28 follows
4128 839 4 38 :

3626 879 151 36 President,
3792 880 44 28 Mr
3850 880 38 29 M.
3913 879 161 40 Campbell;
4101 880 56 28 vice-

3624 920 162 40 presidents,
3812 921 40 29 Dr
3878 921 97 29 Mulliu
3993 921 54 29 and
4069 920 103 30 Messrs

3624 962 26 28 J.
3666 962 143 33 Bennetts,
3824 961 31 29 L.
3870 962 31 28 E.
3916 962 103 28 Haines
4032 961 55 29 and
4097 961 28 29 J.
4141 961 31 28 C.

3626 1002 129 35 Pennell;
3781 1002 73 38 joint
3876 1002 166 35 secretaries,
4071 1002 100 28 Messrs

3626 1043 97 28 Dunne
3737 1043 54 28 and
3807 1043 87 36 Reilly
3906 1054 7 24 j
3936 1043 139 28 executive
4097 1052 56 18 com-

3624 1084 103 34 mittee,
3742 1084 103 28 Messrs
3859 1083 141 35 Bennetts,
4020 1082 152 39 Campbell,

3626 1123 99 36 Wilks,
3738 1124 145 28 Matthews
3894 1123 54 28 and
3958 1123 47 29 the
4016 1122 157 30 secretaries

3628 1164 76 33 (with
3717 1173 91 28 power
3821 1167 28 25 to
3862 1163 75 35 add).

3664 1203 44 28 Mr
3725 1203 88 27 Wilks
3836 1213 53 17 was
3902 1202 112 38 obliged
4027 1206 29 25 to
4069 1202 105 28 decline

3628 1243 158 29 re-election
3800 1253 29 19 as
3842 1247 141 34 -secretary
4005 1253 35 18 on
4060 1246 117 25 account

3627 1283 29 27 of
3693 1283 79 27 other
3810 1286 207 34 engagements,
4049 1281 54 28 and
4134 1282 43 26 his

3628 1323 120 30 decision
3762 1333 55 19 was
3828 1321 125 31 received
3963 1322 66 29 with
4038 1325 101 36 regret.

3617 1362 1 41 |
3668 1364 40 27 On
3731 1364 48 26 the
3803 1364 101 26 motion
3927 1363 29 27 of
3970 1363 46 26 the
4029 1362 148 33 chairman,

3630 1402 136 28 seconded
3775 1402 42 36 'by
3834 1402 41 27 Mr
3890 1402 141 32 Bennetts,
4050 1410 16 18 a
4078 1400 102 29 cordial

3631 1445 63 24 vote
3706 1441 29 27 of
3755 1440 102 27 thanks
3879 1450 55 17 was
3956 1439 98 36 passed
4078 1445 30 22 to
4136 1439 45 28 Mr

3633 1479 91 28 Wilks
3735 1479 42 28 for
3787 1479 154 28 hiszealous
3951 1479 117 29 services
4078 1478 102 39 during

3633 1520 45 29 the
3690 1523 62 36 past
3763 1531 73 28 year.

3779 1570 66 19 DATE
3858 1570 32 19 OF
3906 1569 127 20 MEETING.

3669 1600 27 29 It
3709 1611 54 18 was
3782 1601 114 29 decided
3915 1601 60 28 that
3988 1601 94 29 future
4095 1605 68 25 meet-

3632 1641 62 36 ings
3709 1641 29 28 of
3756 1641 47 28 the
3829 1641 103 38 society
3955 1641 64 29 take
4045 1641 75 39 place
4145 1651 35 19 on

3637 1681 171 38 Wednesday
3848 1682 140 37 evenings,
4022 1683 47 29 the
4113 1689 67 22 next

3634 1723 121 37 meeting
3780 1722 84 38 being
3889 1723 73 28 fixed
3981 1723 42 29 for
4045 1724 46 27 the
4115 1724 64 28 I7th

3633 1763 111 27 instant.

3737 1811 152 21 STATEMENT
3902 1812 32 20 OF
3948 1813 141 20 ACCOUNTS.

3670 1843 57 28 The
3751 1847 138 32 secretary
3913 1845 125 36 reported
4062 1846 59 26 that
4130 1845 51 29 the

3633 1893 28 28 y.
3661 1893 5 9 J
3669 1893 29 18 ar
3713 1883 51 28 had
3779 1883 68 28 been
3873 1883 172 34 satisfactory
4069 1884 98 29 financi-

3635 1924 63 37 ally,
3723 1924 79 29 there
3828 1924 83 38 being
3947 1935 15 18 a
3994 1924 77 28 small
4097 1926 86 28 credit

3635 1964 120 29 balance.

3672 2004 57 28 The
3748 2004 73 39 goint
3846 2006 158 26 secretaries
4037 2015 69 18 were
4128 2016 37 17 em-

3635 2044 124 39 powered
3774 2049 28 25 to
3817 2045 103 29 receive
3937 2045 102 29 monies
4055 2046 53 29 and
4122 2046 61 39 sign

3633 2086 126 35 cheques.

3671 2125 57 29 The
3743 2124 121 39 meeting
3878 2124 151 30 concluded
4050 2126 66 29 with
4138 2126 46 30 the

3636 2166 75 29 usKiil
3722 2171 67 24 ■.vote
3804 2171 27 23 to
3847 2166 45 28 the
3906 2166 82 29 chair.

3811 2266 201 42 Alexandra.

3771 2351 61 26 (Own
3847 2351 202 26 Correspondent.)

3740 2392 70 29 have
3823 2392 53 28 had
3892 2404 15 17 a
3921 2396 79 33 great
4013 2393 58 29 deal
4086 2392 29 30 of
4127 2393 57 29 rain

3637 2443 35 28 up
3699 2433 64 29 here
3785 2434 219 36 lately—almost
4024 2434 160 28 continuous

3635 2473 43 29 for
3686 2485 16 18 a
3711 2474 104 29 month.
3846 2474 57 28 The
3911 2474 146 29 inclement
4068 2474 117 30 weather

3635 2514 51 28 left
3708 2515 48 27 the
3782 2515 70 27 river
3879 2515 79 28 much
3984 2519 45 23 too
4054 2514 66 38 high
4141 2515 43 27 for

3636 2553 148 41 dredging,
3807 2554 106 38 though
3935 2565 70 18 none
4018 2555 29 28 of
4061 2555 44 28 the
4128 2565 36 19 em-

3636 2594 110 38 ployees
3772 2606 44 16 are
3840 2596 64 33 idle,
3928 2595 82 36 being
4026 2596 67 35 busy
4116 2595 65 29 with

3636 2635 110 37 repairs.
3787 2634 27 29 It
3836 2636 21 26 is
3883 2635 58 27 said
3968 2636 75 26 there
4066 2636 47 26 has
4135 2639 47 23 not

3635 2674 68 28 been
3719 2685 28 17 so
3761 2675 81 27 much
3857 2674 56 28 rain
3928 2674 102 38 during
4043 2675 45 27 the
4109 2685 72 18 same

3635 2715 92 37 period
3753 2714 27 29 in
3810 2714 54 30 this
3899 2715 107 28 district
4039 2715 42 27 for
4117 2726 62 16 over

3634 2759 103 34 twenty
3750 2766 86 27 years.
3876 2756 40 28 As
3929 2766 16 18 a
3957 2765 185 29 consequence
4153 2755 29 28 of

3636 2796 45 26 the
3704 2803 92 21 recent
3820 2800 52 24 wet
3895 2797 118 27 weather
4038 2796 45 28 the
4104 2806 76 25 grass

3634 2836 53 26 and
3710 2840 58 23 oats
3782 2846 45 17 are
3841 2836 109 35 coming
3963 2846 33 17 on
4019 2836 162 38 splendidly,

3635 2886 29 18 so
3679 2876 60 28 that
3752 2876 46 29 the
3813 2876 77 28 heart
3901 2876 28 28 of
3941 2876 65 28 both
4016 2876 99 28 farmer
4128 2876 53 28 and

3636 2917 87 27 miner
3735 2917 23 27 is
3771 2917 78 28 much
3861 2917 124 37 rejoiced,
3996 2918 53 27 and
4061 2916 123 28 business

3634 2956 26 28 in
3677 2956 32 28 all
3734 2957 133 27 branches
3894 2966 87 18 seems
4007 2960 28 26 to
4062 2956 66 28 have
4142 2967 27 17 re-

3633 2997 93 28 ceived
3741 3007 33 18 an
3788 2997 126 37 impetus.

3672 3038 26 28 It
3712 3038 22 28 is
3750 3048 44 27 my
3808 3041 70 24 most
3899 3038 160 36 unpleasant
4073 3036 67 37 duty
4155 3040 26 24 to

3634 3079 93 29 record
3742 3079 45 27 the
3802 3078 79 28 death
3897 3080 28 26 of
3937 3080 42 26 Mr
3993 3078 80 35 Hugh
4087 3078 92 35 Keith.,

3633 3131 31 15 an
3688 3119 134 26 esteemed
3839 3122 159 31 townsman,
4015 3119 85 27 which
4115 3119 65 27 took

3633 3159 75 33 place
3730 3167 34 17 on
3791 3156 143 37 Thursday
3949 3157 132 34 morning.
4123 3157 56 27 The

3634 3208 79 19 cause
3726 3198 30 28 of
3776 3196 82 29 death
3879 3208 55 16 was
3954 3197 114 39 typhoid
4094 3197 85 29 fever.

3634 3240 58 26 The
3706 3238 130 27 deceased
3860 3249 53 16 was
3934 3250 15 15 a
3975 3241 70 25 most
4066 3238 116 38 popular

3636 3289 93 26 young
3740 3288 70 24 man,
3820 3278 53 28 and
3885 3278 50 27 will
3948 3278 34 28 be
3994 3278 79 28 much
4084 3278 100 28 missed

3632 3320 39 37 'by
3686 3319 42 27 his
3742 3328 80 26 many
3837 3318 104 28 friends
3954 3318 27 28 in
4000 3318 54 28 this
4068 3318 116 28 district.

3674 3360 27 29 It
3722 3369 53 19 was
3797 3358 126 38 reported
3937 3358 27 30 in
3987 3369 67 28 your
4072 3358 72 30 issue
4158 3358 28 30 of

3636 3402 47 27 the
3704 3400 72 28 22nd
3801 3400 49 28 ult.
3873 3400 61 27 that
3956 3410 15 18 a
3993 3400 116 28 Chinese
4130 3400 56 36 boy

3637 3441 51 28 had
3704 3440 158 28 committed
3878 3440 101 28 suicide
4001 3440 38 36 by
4061 3440 126 38 jumping

3637 3482 37 28 off
3688 3481 46 28 the
3747 3480 41 28 bri
3801 3483 44 32 Ige
3859 3480 57 29 into
3935 3481 47 27 the
3996 3480 191 29 Manuherikia

3637 3523 79 28 river.
3758 3521 42 28 He
3815 3520 65 29 took
3901 3524 54 25 two
3972 3521 69 29 little
4064 3521 122 29 children

3638 3563 64 29 with
3713 3562 53 29 him
3778 3561 52 29 and
3841 3561 56 30 told
3909 3562 75 29 them
3994 3562 32 29 he
4036 3573 53 18 was
4101 3562 85 36 going

3638 3608 27 24 to
3678 3603 78 38 jump
3767 3603 37 28 off
3816 3603 46 27 the
3873 3603 107 37 bridge.
4021 3603 43 28 He
4073 3603 114 37 jumped

3636 3643 55 30 and
3718 3643 104 38 caught
3849 3642 64 29 hold
3940 3643 30 29 of
3992 3654 15 17 a
4032 3643 63 29 wire
4121 3654 65 28 rope

3636 3685 89 28 which
3739 3696 47 17 ran
3801 3695 91 18 across
3912 3685 46 28 the
3978 3685 77 34 river,
4078 3685 54 28 and
4156 3695 29 18 so

3636 3725 110 29 worked
3761 3725 112 27 himself
3894 3735 66 18 over
3981 3729 27 24 to
4034 3725 46 28 the
4105 3726 78 27 other

3638 3766 66 29 side.
3744 3764 56 30 The
3815 3765 70 29 little
3903 3765 119 29 children
4050 3775 45 18 ran
4110 3775 75 27 away

3637 3806 155 36 screaming
3805 3816 29 17 as
3848 3816 65 17 soon
3928 3817 28 16 as
3979 3806 33 27 he
4021 3806 113 37 jumped
4148 3806 39 27 off

3636 3846 47 29 the
3698 3846 109 37 bridge,
3823 3846 52 29 and
3890 3846 26 28 in
3932 3857 183 28 consequence
4137 3845 47 30 did

3636 3891 47 24 not
3697 3898 45 18 see
3768 3887 54 28 him
3851 3887 78 28 catch
3956 3887 45 28 the
4028 3897 71 27 rope.
4140 3887 44 28 He

3636 3928 98 28 turned
3749 3939 36 27 up
3799 3939 15 17 a
3828 3929 52 27 few
3894 3928 66 38 days
3977 3927 158 29 afterwards
4155 3932 28 23 at

3635 3968 109 29 Blacks.

3673 4010 24 29 A
3723 4012 111 27 concert
3860 4019 54 18 was
3951 4008 60 29 held
4041 4008 65 30 here
4131 4007 53 30 last

3634 4050 82 34 night
3753 4050 27 26 iu
3814 4050 42 26 aid
3890 4050 28 26 of
3951 4050 46 26 the
4031 4049 153 27 Orehestral

3636 4089 120 34 Society,
3770 4089 52 29 and
3838 4087 101 40 proved
3953 4100 15 16 a
3982 4092 70 24 most
4062 4099 119 19 success*-

3635 4130 38 27 ful
3688 4130 76 27 affair
3777 4129 25 27 in
3819 4140 81 27 every
3914 4139 67 27 way.

3671 4169 143 39 30/10/97.

3686 4267 180 41 Lawrence
3894 4267 97 41 News
4018 4266 111 42 Notes.

3778 4367 54 18 Own
3845 4366 186 19 Cohkesponduxt

3668 4404 84 29 Great
3760 4405 165 28 excitement
3934 4414 52 17 was
3995 4402 107 30 created
4113 4402 62 27 hern

3632 4445 51 28 last
3708 4446 81 34 night
3810 4445 77 28 when
3908 4445 21 28 it
3952 4445 110 28 became
4078 4443 97 28 knows

3631 4485 60 28 that
3721 4486 98 27 Messrs
3846 4485 33 29 G.
3909 4485 130 28 Morrison
4065 4483 53 28 and
4145 4482 30 29 G.

3633 4525 99 28 Martin
3759 4525 53 28 had
3832 4525 95 28 struck
3959 4525 46 28 the
4028 4523 103 29 winner
4150 4523 25 28 in

3631 4565 47 28 the
3692 4565 162 28 Melbourne
3865 4564 58 38 Cup
3935 4565 26 27 in
3973 4574 16 18 a
3996 4562 179 30 consultation

3630 4616 89 27 sweep
3732 4605 29 29 of
3782 4606 132 33 £15,000,
3928 4605 114 36 thereby
4055 4603 120 36 winning

3629 4656 65 17 over
3702 4646 122 33 £13,000
3835 4646 71 27 after
3914 4644 186 30 commissions
4111 4643 64 28 have

3629 4686 67 29 been
3711 4687 62 37 piid

3665 4725 46 28 Mr
3723 4725 32 28 D.
3772 4725 131 35 O'Leary,
3927 4734 67 23 your
4016 4727 159 29 townsman,

3629 4764 47 29 has
3691 4775 59 18 now
3774 4765 74 38 quite
3872 4763 142 29 recovered
4039 4763 70 28 from
4134 4762 41 29 his

3627 4809 93 24 recent
3730 4804 104 35 illness,
3849 4804 51 28 and
3912 4804 25 28 -is
3956 4807 30 27 at
4011 4807 110 35 present
4134 4813 27 17 re-

3628 4845 102 32 lieving
3742 4856 49 16 our
3803 4845 124 36 obliging
3948 4849 124 33 postman
4093 4844 44 27 for
4159 4854 16 18 a

3627 4884 51 26 few
3698 4884 98 26 weeks.

3662 4926 13 20 'f
3685 4923 33 25 he
3732 4922 122 27 Gabriels
3870 4922 81 34 Gully
3978 4922 101 33 Quartz
4106 4922 67 27 Reef

3626 4961 162 30 was.visited
3802 4961 36 37 by
3854 4960 43 28 Mr
3909 4960 26 28 J.
3960 4959 52 30 Ben
4016 4963 55 32 net,
4085 4959 71 29 chair-

3627 5012 59 19 man
3696 5002 29 28 of
3733 5002 46 28 the
3790 5001 128 37 Tuapeka
3927 5000 107 37 County
4046 5000 124 34 Council,

3625 5052 33 18 on
3673 5042 45 28 the
3732 5041 64 29 25th
3811 5042 58 33 ult.,
3884 5041 52 27 and
3959 5040 33 28 he
4006 5050 54 16 was
4074 5038 96 38 highly

3625 5082 118 29 satisfied
3753 5080 64 30 with
3829 5080 45 29 the
3883 5079 73 29 woi'k
3969 5078 118 31 that'has
4101 5079 67 29 been

3625 5122 69 28 done
3708 5122 36 36 by
3758 5122 45 26 the
3816 5121 139 27 directors.
3995 5120 25 28 A
4038 5119 89 29 leader
4140 5121 31 28 of

3626 5164 44 26 the
3695 5161 56 28 reef
3778 5162 47 26 has
3850 5160 68 28 been
3946 5160 103 33 struck,
4083 5160 86 28 which

3624 5202 97 29 carries
3734 5212 16 17 a
3764 5204 162 35 percentage
3947 5200 28 28 of
3998 5200 74 37 gold.
4113 5201 57 29 The

3625 5242 55 28 reef
3692 5242 24 28 is
3726 5242 120 35 running
3857 5245 75 25 west.
3972 5240 99 39 Owing
4085 5245 29 25 to
4124 5242 47 29 the

3623 5281 56 30 fotfl
3698 5282 40 27 air
3751 5292 34 17 m'
3786 5292 6 8 j
3797 5285 9 22 t
3819 5280 63 29 with
3898 5280 46 28 the
3957 5280 132 30 directors
4100 5282 70 29 have

3622 5322 67 29 been
3704 5320 147 40 compelled
3869 5325 26 24 to
3909 5320 61 30 sink
3985 5332 34 19 an
4033 5322 40 29 air
4085 5323 83 35 shaft,,

3624 5364 39 32 (as
3676 5362 22 27 it
3710 5372 53 16 was
3775 5366 46 23 not
3832 5362 30 27 fit
3874 5361 42 29 for
3925 5362 46 28 the
3982 5373 61 17 men
4055 5367 28 23 to
4093 5364 74 27 work

3621 5401 47 34 in),
3690 5400 63 30 with
3780 5401 88 28 which
3891 5402 71 37 good
3977 5412 130 28 progress
4121 5404 50 28 has

3621 5442 66 26 been
3703 5441 86 27 made.
3829 5440 57 29 The
3900 5442 74 28 shaft
3987 5443 23 27 is
4022 5443 79 28 down
4113 5447 29 25 to
4155 5454 17 18 a

3620 5480 82 38 depth
3718 5480 30 31 of
3761 5480 84 29 about
3868 5481 60 29 00ft
3948 5486 29 23 at
3989 5483 47 28 the
4050 5487 119 34 present,

3620 5520 49 30 but
3678 5520 20 30 it
3712 5521 21 28 is
3748 5522 131 29 surmised
3892 5522 60 30 that
3960 5524 66 37 they
4039 5524 51 29 will
4103 5524 68 29 have

3619 5565 28 24 to
3662 5571 34 26 go
3718 5562 78 27 down
3822 5562 120 28 'between
3959 5564 61 28 80ft
4031 5563 54 29 and
4100 5564 70 33 90ft,

3622 5600 83 30 which
3731 5601 48 29 has
3803 5609 26 21 to
3852 5603 34 29 be
3910 5604 134 29 timbered
4067 5604 33 29 all
4123 5603 47 31 the

3621 5654 67 25 way,
3718 5644 91 27 before
3836 5644 63 36 they
3926 5646 86 26 strike
4045 5646 47 27 the
4125 5645 45 27 old

3619 5682 76 30 drive
3745 5683 57 29 The
3817 5684 76 29 drive
3915 5685 21 28 is
3959 5684 117 30 thirteen
4100 5684 51 30 hun-

3620 5724 64 28 dred
3702 5724 54 28 feet
3771 5725 24 28 in
3812 5724 105 40 length.

3657 5764 41 39 S/i
3711 5764 69 40 1/9.7.

1733 105 203 45 MOUNT
2021 112 224 40 BENGER
2326 106 157 42 MAIL.

3466 106 163 49 Friday,
3655 105 234 40 Hovember
3913 105 38 45 5,
3977 105 100 46 1392

340 212 18 26 A
385 207 97 38 Card.]

137 366 44 31 f\
272 363 29 28 II
338 362 26 28 II
404 361 24 28 B
465 358 22 29 E
520 357 27 29 N
578 357 24 28 E
633 356 26 29 R
672 379 8 13 ;

360 420 35 22 of
416 418 57 22 the
494 416 111 26 violin,

139 477 66 31 Will
218 476 63 30 visit
293 472 154 39 Roxburgh
459 469 105 39 weekly
589 469 93 38 (every

334 519 140 38 Monday.)

141 677 93 28 Terms
245 686 33 19 on
287 672 162 41 application
458 674 28 26 to
496 668 52 31 self
557 679 30 19 or
598 666 84 30 Office

312 721 95 31 of-this
420 720 97 39 Paper.

238 816 43 37 C-
320 814 36 37 J.
398 812 185 47 Coombs,

162 880 190 32 SURGICAL
371 879 24 29 &
412 871 254 36 MECHANICAL

331 922 161 34 DENTIST

348 972 38 26 (By
400 971 80 24 Exam.)

248 1030 150 31 COOMBS
414 1039 62 26 may
489 1023 55 33 he'
544 1023 141 32 Consulted

297 1124 122 29 Hebon's
441 1121 91 29 Hotbl

162 1178 42 28 On
226 1176 155 34 FRIDAY,
395 1175 71 28 22nd
486 1168 180 33 OCTOBER.

180 1256 40 26 As
233 1254 16 28 I
261 1253 96 29 intend
369 1252 111 35 visiting
498 1248 55 29 this
571 1246 116 31 District

143 1293 186 40 periodically,
342 1293 22 29 it
371 1292 54 28 will
432 1299 62 21 save
507 1288 124 29 Patients
641 1287 47 28 the

143 1345 120 28 expense
275 1334 29 30 of
316 1334 86 39 going
415 1338 28 24 to
455 1336 72 26 town
540 1341 7 24 ;
567 1327 54 32 and
634 1338 30 19 as
674 1327 13 30 I

144 1378 150 33 guarantee
313 1374 37 28 all
372 1373 85 35 work,
482 1371 122 29 Patients
626 1378 63 28 may

141 1415 58 39 rely
213 1426 35 18 on
261 1414 111 39 getting
383 1425 18 18 a
413 1411 142 31 first-class
564 1409 116 30 denture

141 1494 92 22 TEETH
260 1493 82 22 MADE
370 1494 37 21 BV
434 1491 97 22 OTHER
556 1488 134 24 DENTISTS

163 1521 131 23 PROVING
303 1519 252 24 UNSATISFACTORY
564 1517 59 23 WAY
636 1517 34 21 BE

198 1549 194 22 REMODELLED
405 1549 37 21 AT
454 1547 94 22 SMALL
561 1545 73 22 COST.

144 1617 124 28 Painless
296 1615 161 29 Extraction
481 1612 69 30 with
575 1611 114 29 'Nitrous

181 1656 86 29 Oxide
289 1655 63 36 Gas,
376 1656 124 34 Cocaine,
514 1653 94 34 Ether,
623 1662 30 18 or

324 1696 182 29 Chloroform.

292 1778 71 20 with
378 1769 88 35 Gow,
489 1767 147 34 Amalgam,
655 1773 34 20 ok

347 1811 129 30 •Cement.

231 1888 32 30 C.
311 1887 27 30 J.
392 1882 205 37 COOMBS,

280 1937 127 29 Surgeon
430 1935 116 27 Dentist

182 1983 144 39 (Opposite
339 1980 129 40 Cargill's
480 1978 174 37 Monument)

346 2028 79 21 DUNE
430 2027 57 25 DIN.

254 2069 84 35 (Late
352 2068 75 28 Kidd
440 2067 54 28 and
508 2065 59 37 Co.)

142 2185 212 31 ROXBURGH
364 2183 158 30 BAKERY
534 2182 23 29 &
569 2181 120 30 STORE

160 2375 139 35 BAKER,
328 2369 296 34 CONFECTIONER
647 2368 25 29 &

275 2420 282 35 [STOREKEEPER,

181 2481 147 22 SCOTLAND
350 2479 112 26 STREET,
485 2476 168 24 ROXBURGH.

184 2576 72 29 U.K.
266 2575 101 29 desires
381 2578 28 25 to
423 2573 87 29 thank
525 2572 46 29 the
584 2570 92 30 inhabi-

148 2622 73 21 tants
235 2616 28 28 of
277 2614 153 37 Roxburgh
443 2613 53 28 and
508 2611 182 36 surrounding

148 2656 120 28 districts
291 2655 43 28 for
355 2655 45 27 the
424 2656 114 35 support
560 2650 132 29 accorded

146 2697 56 27 him
217 2697 26 26 in
257 2696 47 28 the
316 2698 70 35 past,
400 2694 54 28 and
467 2698 28 23 to
503 2691 101 29 inform
618 2691 75 28 them

148 2737 58 28 that
221 2736 117 36 nothing
352 2735 53 28 will
419 2735 34 28 be
467 2733 123 37 wanting
603 2742 34 18 on
651 2731 43 28 his

148 2784 61 31 part
222 2777 25 27 in
260 2777 47 27 the
320 2777 90 27 future
421 2779 28 24 to
458 2773 80 29 merit
546 2783 15 18 a
569 2772 110 29 continu-

145 2827 68 17 ance
226 2816 28 28 of
268 2816 70 27 their
351 2818 122 34 support.

178 2905 137 22 WEDDING
334 2905 61 21 AND
414 2904 149 22 BIRTHDAY
581 2902 91 22 CAiCES

296 2940 81 19 MADE
394 2938 35 21 TO
442 2938 103 22 ORIJEPy

151 2986 122 26 SOIREES,
296 2985 111 21 PKNICS
428 2985 16 20 k
464 2984 85 21 BALLS
566 2982 131 21 CATERED

193 3022 54 21 EOR
263 3021 36 22 ON
317 3021 56 20 THE
386 3018 143 23 SHORTEST
548 3017 111 22 NOTICE.

152 3065 126 39 Nothing
292 3065 49 28 but
357 3064 45 28 the
415 3064 60 27 best
486 3061 121 30 material
623 3062 73 27 used.

151 3160 76 21 GOOD
240 3158 185 22 ASSORTMENT
434 3157 35 21 OF
479 3156 165 26 GROCERIES,
653 3156 36 21 4c.

353 3192 37 21 ON
407 3191 92 24 HAND.

238 3285 118 27 Liberal
376 3283 137 28 Discount
522 3290 52 21 joe
595 3281 85 28 Cash.

285 3397 53 34 W.
414 3392 281 43 ROONEY,

184 3478 204 26 HAIRDRESSER,
402 3475 200 26 TOBACCONIST,
614 3474 50 23 Jkc..

155 3521 75 38 Begs
243 3523 28 26 to
285 3518 123 29 intimate
428 3520 29 26 to
473 3516 47 30 the
532 3514 94 40 public
639 3514 60 30 that

173 3599 152 31 OPENED
345 3600 26 28 A
390 3596 292 31 HAIRDRESSING

355 3638 148 30 SALOON

151 3684 29 28 in
203 3682 48 29 the
271 3681 46 30 old
340 3680 144 35 Premises,
505 3681 67 27 next
597 3676 103 41 Boyd's

385 3720 92 29 Hotel.

172 3793 272 38 Baircutting—6d;
472 3792 139 36 Children,
635 3791 46 29 6d.

331 3833 133 38 Shaving,
478 3833 46 29 6d.

210 3914 109 29 Razors
341 3911 52 30 Set
617 3921 10 18 1

149 3986 100 22 LARGE
258 3984 184 25 ASSORTMENT
450 3982 143 24 TOBACCOS
599 3982 17 22 k
623 3982 77 21 PIPES

188 4054 28 27 J.
240 4053 45 28 W.
305 4052 166 33 ROONEY,
484 4050 121 33 Pointer,
620 4048 52 28 has
684 4058 16 16 a

152 4094 76 37 large
277 4095 167 28 assortment
492 4090 28 30 of
571 4087 129 38 Painting

153 4134 141 32 Materials
308 4143 35 18 on
354 4131 96 36 hand;
473 4130 54 29 and
539 4130 28 27 in
579 4128 82 29 order
672 4131 28 24 to

150 4179 73 25 meet
236 4174 48 29 the
296 4174 81 29 times
389 4172 50 29 has

150 4224 216 24 CONSIDERABLY
390 4222 134 23 REDUCED
541 4221 57 21 THE
619 4219 81 22 PRICE

226 4259 36 22 OF
277 4257 143 23 PAINTING
433 4256 66 22 THIS
512 4254 114 23 SEASON.

271 4324 28 29 J.
339 4321 46 32 W.
424 4320 167 36 ROONEY,

171 4379 120 33 Painter,
317 4376 124 36 Grainer,
470 4374 69 38 Sign
571 4372 112 36 Writer,

286 4417 203 38 Paperhanger.,
508 4414 61 36 &c.,

197 4468 151 24 SCOTLAND
356 4467 116 26 STREET.
487 4464 167 24 ROXBURGH.

307 4544 44 30 T.
419 4541 169 31 BOWD
609 4539 89 36 EN,

225 4619 175 27 CARPENTER,
426 4617 115 26 JOINER,
568 4615 61 22 AND

324 4655 206 27 UNDERTAKER,

147 4714 100 25 Desires
273 4717 25 20 to
322 4709 78 28 thank
425 4708 41 26 the
498 4705 87 29 Public
609 4706 24 26 of
658 4704 40 28 the

149 4750 105 27 District
268 4748 37 26 for
322 4753 56 31 past
395 4749 112 32 support,
525 4742 49 27 and
593 4742 61 35 begs
673 4747 25 21 to

146 4789 90 26 inform
266 4786 66 27 them
367 4786 54 25 that
452 4782 30 27 he
512 4781 43 28 has
585 4779 111 29 resumed

149 4826 119 28 business
280 4825 25 26 in
319 4820 149 38 Roxburgh.

142 4915 137 29 Ei-tumtes
289 4913 74 35 given
374 4910 49 29 and
433 4908 121 38 Building
563 4907 132 29 Contracts

244 4963 27 27 of
286 4961 32 29 all
338 4960 74 29 kinds
428 4958 162 29 undertaken.

181 5049 74 25 Plans
268 5047 48 26 and
335 5044 185 35 Specifications
534 5042 124 36 prepared.

449 5118 6 39 :
519 5117 38 38 n
623 5116 38 38 n
685 5145 8 14 ,

141 5191 136 25 FASTER,
301 5188 131 26 GLAZIER,
454 5187 93 22 PAPER
566 5186 127 25 HANGER,

215 5226 69 21 SIGN
303 5223 116 22 WRITER
441 5222 62 21 AND
525 5221 94 21 HOUSE

327 5255 178 25 DECORATOR,

233 5298 71 29 Ross
324 5296 99 35 Place,
443 5294 161 29 Lawrence.

181 5381 42 28 On
238 5377 63 30 Sale
313 5388 18 17 a
340 5376 77 38 large
426 5374 55 29 and
489 5374 93 29 varied
592 5379 86 24 assort-

142 5424 77 27 ment
232 5419 29 28 of
275 5417 68 35 Oils,
357 5416 104 34 Paints,
484 5414 97 34 Scrim,
604 5414 89 35 Glass,

141 5458 230 40 Faptrhangings
393 5455 55 28 and
467 5454 134 28 Painters'
621 5453 54 29 Sun-

139 5501 84 31 dries.

179 5542 68 27 New
256 5538 54 29 and
318 5536 171 29 fashionable
495 5534 74 28 Wall
581 5534 110 38 Papers,

142 5583 72 28 irom
228 5579 37 28 od
286 5587 50 29 per
356 5576 76 40 piece
454 5574 134 38 upwards.
631 5578 45 24 Pat-

141 5627 77 25 terns
231 5623 62 26 sent
305 5628 36 19 on
360 5616 176 40 application,
550 5620 62 33 post
625 5614 65 30 free.

178 5661 147 29 Estimates
338 5658 83 38 given
434 5657 43 28 for
500 5655 116 29 General
639 5654 34 29 Re-

136 5703 85 39 pairs,

178 5739 163 32 Celebrated
355 5738 131 29 Lustruss
504 5736 89 35 Taint,
608 5735 81 39 ready

134 5782 103 37 •~iixed,
250 5781 36 30 all
301 5779 122 32 Colours..

707 201 130 28 NOTICE
861 200 45 29 OF
924 196 243 32 APPLICATION
1188 195 70 28 FOR

769 240 187 28 TRANSFER
976 238 44 28 OF
1039 235 160 30 LICENSE.

729 312 4 39 ■
762 318 96 28 JOHN
887 317 108 34 EADY,
1024 316 27 28 of
1072 314 97 28 Millers
1194 312 64 33 Flat,

787 356 75 35 being
881 356 41 26 the
945 356 85 27 holder
1049 354 27 27 of
1086 363 13 18 a
1119 351 141 28 Publican's

710 396 102 25 License
836 395 24 25 in
887 400 93 27 respect
1000 393 27 26 of
1043 393 41 26 the
1107 391 85 25 House
1212 388 45 27 and

708 432 123 28 Premises
844 432 91 27 situate
946 436 25 22 at
982 431 97 27 Millers
1090 428 65 32 Flat,
1167 428 92 26 known

710 480 24 17 as
749 471 41 26 the
803 470 99 27 Ferry
918 469 103 32 Hotel,
1042 468 31 27 do
1093 466 90 35 hereby
1204 466 57 34 give

710 509 81 26 notice
805 508 51 26 that
870 508 14 25 I
897 508 79 25 desire
990 512 24 20 to
1033 506 83 26 obtain
1131 503 48 28 and
1202 502 58 32 will,

710 552 25 21 at
757 546 42 26 the
820 550 59 22 next
905 544 134 35 Licensing
1057 542 123 34 Meeting,
1195 547 24 20 to
1232 540 30 27 be

711 583 88 27 bolden
821 589 25 21 at
872 581 135 36 Roxburgh
1030 591 31 16 on
1082 581 45 27 the
1153 579 108 28 Seventh

710 621 47 35 day
779 620 28 26 of
826 619 145 31 December,
994 619 74 31 18&7,
1094 617 74 35 apply
1194 616 37 27 for
1249 624 13 18 a

710 658 116 27 Transfer
839 657 27 27 of
885 657 41 27 the
945 656 54 28 said
1016 655 101 28 License
1131 655 61 26 from
1208 664 36 25 my-

710 696 48 27 self
768 702 25 20 to
806 695 152 28 Jeremiah
981 695 123 31 NoonaiN,
1119 693 26 26 of
1157 692 106 33 Ettrick,

715 734 170 35 Hotelkeeper,
900 743 41 26 my
955 733 137 36 appointee.

747 783 80 27 Dated
851 783 47 26 this
923 782 46 28 3rd
990 781 48 36 day
1061 779 28 27 of
1110 779 153 37 §epteml>er,

712 821 73 28 1897.

1004 855 95 29 JOHN
1121 854 107 29 EADY.

713 927 132 29 NOTICE
863 927 45 28 OF
933 925 242 28 APPLICATION
1195 925 68 28 FOR

775 965 187 28 TRANSFER
981 964 46 27 OF
1046 964 160 27 LICENSE.

756 1044 189 27 JEREMIAH
960 1042 303 35 NOONAN,of®ttrick,

793 1082 74 31 being:
879 1082 42 27 the
934 1081 86 28 holder
1041 1082 29 26 of
1087 1091 13 17 a
1123 1081 140 28 Publican's

700 1119 1 36 I
715 1121 101 27 License
830 1122 23 24 in
880 1126 94 29 respect
992 1119 29 27 of
1039 1120 41 26 the
1108 1119 85 27 House
1214 1119 49 27 and

717 1157 121 27 Premises
851 1158 89 25 situate
953 1163 25 21 at
1001 1157 107 33 Ettrick,
1128 1157 90 27 known
1237 1165 27 18 as

715 1195 42 27 the
769 1195 65 26 Moa
847 1194 75 27 Flat
939 1194 107 33 Hotel,
1060 1195 31 26 do
1104 1194 90 35 hereby
1208 1194 56 36 give

715 1233 81 26 notice
814 1232 54 27 that
882 1231 11 28 I
907 1231 78 28 desire
1000 1238 24 21 to
1037 1232 84 27 odtain
1143 1231 47 28 and
1205 1231 58 35 will,

715 1276 25 20 at
755 1270 41 26 the
809 1276 59 20 next
886 1270 136 33 Licensing
1042 1271 120 33 Meeting,
1187 1276 24 20 to
1235 1269 30 27 be

717 1306 89 29 holden
828 1314 25 21 at
875 1306 141 39 Roxburgh
1038 1317 32 18 on
1093 1307 41 28 the
1156 1306 107 29 Seventh

716 1346 48 35 day
786 1346 28 26 of
834 1346 144 31 December,
1004 1347 75 31 1897,
1098 1346 74 35 apply
1197 1346 36 26 for
1251 1357 14 15 a

716 1384 118 26 Transfer
846 1385 24 25 of
883 1383 41 27 the
943 1384 53 27 said
1018 1383 104 28 License
1135 1384 60 27 from
1209 1393 36 25 my-

717 1421 44 27 self
774 1429 25 19 to
811 1421 94 28 James
921 1422 28 27 B.
964 1422 143 33 Crowley,
1120 1423 28 26 of
1157 1422 108 32 Ettrick,

720 1459 169 35 Hotelkeeper.
907 1469 40 25 my
961 1461 139 35 appointee.

755 1503 78 28 Dstted
861 1506 47 26 thi*
922 1505 44 28 3rd
991 1506 48 28 dav
1065 1506 28 28 of
1113 1505 154 38 September,

719 1543 73 27 1897.

853 1581 200 26 .JE&EMFAe
1072 1581 160 28 NOONAN.

719 1677 61 54 H.
801 1680 33 38 J.
865 1679 44 39 B.
941 1679 159 43 YULE,
1125 1679 145 42 L.D.S.,

805 1762 190 45 Surgeon
1031 1759 163 44 Dentist,

847 1830 299 31 INYERCARGILL.

825 1983 45 28 Mr
892 1983 77 28 Yule
990 1981 55 28 will
1065 1981 63 28 visit
1130 1996 36 5 —

726 2053 170 31 HEROES
908 2052 140 35 HOTEL,
1058 2049 212 33 ROXBURGH

961 2123 65 30 And

734 2203 254 36 DISPENSARY,
1012 2201 247 31 ALEXANDRA.

719 2336 168 67 Mrs
904 2332 101 69 A,

739 2448 125 31 Florist,
884 2443 172 28 Wholesale
1076 2449 53 20 *.m»
1154 2436 101 29 Retail

860 2486 87 28 Seeds
967 2483 166 29 Merchant,

746 2537 137 31 MORAY
905 2533 130 35 PLACE,
1056 2528 191 36 DUNEDiN,

722 2590 113 27 (Successor
844 2591 22 19 to
871 2589 50 20 Geo,
929 2581 266 27 Matthews-Established
1208 2580 11 24 i
1219 2580 55 24 850.)

851 2653 149 31 FLORAL
1021 2649 126 30 WORK.

760 2698 67 29 This
855 2697 24 27 is
904 2695 46 29 the
976 2692 124 37 Leading
1126 2689 94 29 House
1243 2688 29 29 in

724 2738 127 30 Dunedin
867 2737 42 28 for
929 2733 93 30 Bridal
1046 2733 134 31 Showers,
1203 2729 54 28 Bou-

724 2783 90 35 quets,
835 2776 140 35 Wreaths,
990 2774 111 38 Sprays,
1115 2770 55 30 and
1185 2769 90 30 Floral

724 2820 129 35 Designs.

762 2859 49 38 My
826 2855 136 31 continual
977 2853 52 29 and
1045 2851 131 30 unvaried

724 2910 151 23 SUCCESSES
889 2909 38 21 AT
939 2908 56 21 THE
1009 2905 131 22 DUNEDLN
1157 2903 118 22 FLOWER

954 2935 97 21 SHOWS

727 2975 22 28 is
767 2973 134 29 sufficient
921 2970 79 39 proof
1021 2968 29 29 of
1063 2978 47 27 my
1129 2966 148 38 capability

727 3015 27 28 in
769 3015 54 28 this
837 3013 104 28 branch
955 3011 28 28 of
996 3010 48 28 the
1056 3008 135 29 business.

765 3055 49 38 My
824 3053 160 38 experience
995 3049 110 31 enables
1119 3058 43 19 me
1175 3051 27 25 to

757 3107 78 21 PACK
849 3105 89 21 THESE
953 3102 139 23 DELICATE
1107 3099 135 22 ARTICLES

727 3143 44 28 for
790 3142 49 28 rail
860 3151 30 18 or
912 3146 116 22 steamer
1041 3137 65 27 with
1129 3135 67 28 such
1216 3143 61 19 care

727 3183 54 29 and
805 3191 107 19 success
926 3190 29 18 as
968 3184 29 24 to
1009 3187 98 21 ensure
1128 3175 73 29 their
1220 3173 57 30 safe

728 3224 53 28 and
792 3223 105 38 perfect
908 3220 130 36 delivery,
1048 3228 66 18 even
1124 3222 71 23 alter
1204 3225 74 19 some

728 3264 67 36 days
809 3263 26 27 in
851 3261 106 28 transit.

764 3303 14 27 I
792 3302 69 28 have
874 3308 147 20 numerous

728 3350 193 25 UNSOLICITED
930 3346 207 25 TESTIMONIALS
1147 3343 78 23 FROM
1236 3343 42 21 MST

917 3376 165 23 CUSTOMERS

726 3417 54 29 and
795 3415 117 29 Patrons
926 3412 133 39 attesting
1081 3413 29 27 to
1123 3420 46 28 my
1181 3408 96 38 ability

725 3459 29 27 in
766 3457 55 29 this
834 3455 156 40 particular.

939 3525 129 32 SEEDS.

766 3571 15 30 I
805 3571 102 39 import
938 3568 65 38 only
1032 3566 74 30 from
1137 3565 48 31 the
1216 3565 62 30 best

728 3613 145 38 European
887 3610 54 29 and
952 3606 176 32 Continental
1143 3606 134 35 Growers,

729 3664 30 20 so
771 3653 61 30 that
845 3651 163 40 purchasers
1015 3658 55 20 -can
1084 3648 58 39 rely
1164 3658 35 18 on
1216 3650 46 36 get-

728 3696 62 37 ting
802 3693 117 37 nothing
936 3692 51 28 but
1002 3691 47 28 the
1062 3690 62 28 best
1136 3689 101 29 strains
1249 3688 30 30 of

729 3735 94 29 Seeds.

766 3774 40 30 To
818 3774 78 29 those
910 3772 62 29 who
984 3771 70 29 have
1072 3772 49 27 not
1133 3768 84 40 given
1231 3779 46 27 my

730 3815 71 30 Seed
823 3825 16 18 a
858 3813 71 34 trial,
945 3813 13 28 I
969 3810 90 30 would
1080 3810 56 29 like
1160 3810 75 28 them
1249 3813 28 25 at

728 3856 68 29 least
809 3858 30 26 to
852 3854 67 29 send
931 3864 44 18 me
987 3864 16 16 a
1016 3851 79 29 small
1115 3850 61 29 trial
1197 3850 80 29 order

728 3896 55 29 and
795 3905 126 29 compare
935 3893 108 35 results,
1056 3891 54 29 and

748 3947 9 22 I
773 3947 41 23 AM
828 3945 128 23 WILLING
969 3944 35 22 TO
1020 3944 86 21 ABIDE
1121 3944 37 21 BY
1171 3942 90 22 THEIR

934 3972 144 22 DECISION.

729 4038 305 55 SHAMROCK
1064 4036 55 51 H
1123 4036 142 37 OTEL
1270 4065 7 11 '

911 4107 191 33 DONEDIN.

729 4192 136 22 COGHLAN
881 4191 77 21 BROS.

1120 4191 156 21 Proprietors.

874 4257 134 29 favourite
1049 4255 94 35 Hotel,
1174 4255 103 39 having

811 4298 121 37 recently
954 4297 69 28 been
1044 4297 84 28 takeu
1152 4306 65 19 over
1239 4297 36 38 by

729 4340 103 30 Messrs
858 4338 123 39 Coghlan
1020 4337 88 36 Bros.,
1133 4336 49 29 has
1206 4337 69 30 been

729 4380 165 37 thoroughly
908 4379 149 29 renovated
1076 4378 151 39 improved.

765 4420 118 30 Visitors
892 4419 70 29 from
977 4418 47 29 the
1037 4422 115 33 country
1171 4418 64 34 will,
1246 4428 29 18 as

728 4460 162 35 heretofore,
919 4459 57 29 find
1010 4459 119 37 nothing
1153 4458 123 38 wanting

728 4502 61 31 thai
797 4500 81 30 tends
891 4504 28 25 to
933 4499 71 29 their
1016 4499 118 29 comfort
1147 4498 54 29 and
1209 4509 50 18 con-

726 4542 140 30 venience.

740 4619 76 22 ONLY
831 4619 67 21 BEST
911 4618 114 22 BRANDS
1046 4617 36 21 OF
1098 4616 90 20 WIN'ES
1202 4614 61 22 AND

826 4647 106 20 SPIRITS
945 4646 75 20 KEPT
1033 4645 30 20 IN
1079 4643 96 22 STOCK..

771 4711 90 38 Night
887 4711 96 28 Porter
1007 4721 28 17 m
1056 4709 176 28 attendance.

847 4788 131 31 Chahgks
1004 4787 82 29 Mods
1090 4796 46 19 eat
1141 4796 23 21 i.

723 4872 223 59 JONES'S
1035 4871 239 57 COALPIT,

870 4960 99 31 COAL
991 4958 138 31 CREEK.

766 5053 78 30 •EST
863 5051 158 31 LIGNITE
1041 5051 27 28 in
1091 5050 46 28 the
1157 5049 116 29 District

767 5085 5 18 >
811 5095 44 28 for
887 5092 143 38 Steaming
1054 5102 32 17 or
1111 5089 160 30 Household

722 5144 132 30 purposes
870 5132 138 30 delivered
1021 5135 67 25 at—

980 5182 81 31 Cash.
1128 5179 123 31 Booked.

722 5226 153 40 Roxburgh
942 5248 31 7 ...
997 5224 49 30 10s
1104 5222 47 28 Us
1165 5232 49 29 per
1223 5226 48 24 ton

721 5268 57 27 The
792 5267 45 28 Pit
945 5288 29 7 ...
1016 5266 32 27 5s
1121 5263 33 28 6s
1204 5283 17 14 „

720 5307 153 39 Roxburgh
912 5306 67 30 East
999 5305 49 29 lis
1107 5304 47 28 12s
1204 5325 18 14 „

720 5348 57 29 The
790 5348 127 31 Dredges
945 5371 29 4 ...
997 5346 132 28 Contract
1150 5343 101 29 Prices.

757 5424 59 29 The
835 5424 158 37 Proprietor
1005 5422 49 28 has
1068 5420 100 34 special
1182 5419 75 29 facili-

721 5464 50 28 ties
782 5465 43 27 for
837 5464 122 37 delivery
973 5462 26 28 in
1013 5471 55 27 any
1090 5464 62 34 part
1174 5459 29 28 of
1222 5459 48 28 the

720 5504 124 37 District,
870 5504 55 29 and
1135 5510 63 27 may
1211 5498 58 39 rely

720 5556 34 16 on
768 5546 85 37 being
862 5544 139 39 promptly
1016 5541 134 38 supplied.

757 5593 100 30 Orders
870 5604 63 29 may
946 5593 35 28 be
995 5591 51 29 left
1058 5595 28 24 at
1107 5589 47 30 the
1169 5589 101 29 Mount

703 5634 3 34 j
720 5635 113 28 Bfnger
847 5636 75 27 Mail
935 5634 93 28 Office.

775 5712 86 28 OZIHJ
881 5711 83 29 TEA.
1004 5710 65 27 This
1094 5706 89 30 brand
1209 5706 23 28 is
1254 5715 16 18 a

766 5761 6 3 ■
797 5760 149 28 guavnntoe
955 5751 27 28 of
991 5750 91 38 purity
1091 5748 54 28 and
1154 5746 116 40 quality.

718 5793 55 38 Try
786 5793 46 30 the
844 5793 51 35 ,2s;
916 5791 46 30 'tis
976 5789 118 40 superb!

1482 208 165 30 ANNUAL

1291 266 142 42 GRAND
1449 266 186 43 POPULAR
1651 268 192 44 CONCERT

1377 354 93 27 Under
1482 356 45 26 the
1540 358 120 33 auspices
1672 356 29 27 of
1712 358 47 26 the

1327 403 216 30 ROXBURGH
1574 404 98 30 GLEE
1696 405 111 33 CLUB.

1413 478 36 26 At
1463 479 45 26 the
1522 478 158 28 Athenaeum
1694 490 32 16 on

1310 527 191 36 TUESDAY,
1527 529 54 27 9th
1604 529 224 39 NOVEMBER,

1496 584 29 23 at
1543 581 16 27 8
1578 591 60 25 p.m.

1477 658 189 24 PROGRAMME.

1513 705 69 27 Part
1603 706 24 28 J.

1294 749 63 28 Glee
1419 750 133 28 Foresters
1566 753 83 26 sound
1663 753 45 26 the
1723 753 124 27 Cheerful

1432 788 77 27 Horn
1646 789 68 27 Club

1429 833 51 27 Tis
1500 836 48 25 sad
1573 838 27 23 to
1625 845 47 26 say
1696 836 153 26 farewell—

1373 871 66 27 Miss
1454 871 94 28 Dunne
1562 874 52 25 and
1629 872 43 27 Mr
1685 873 95 27 Dunne

1294 915 59 27 Solo
1365 917 52 26 ar.d
1591 917 52 27 Old
1654 917 81 28 Black

1339 953 45 26 Mr
1397 954 31 25 D.
1444 954 147 27 Robertson
1605 957 51 25 and
1669 956 64 27 Glee
1747 956 67 26 Club

1419 997 54 28 The
1482 997 104 36 Gipsy's
1781 998 68 27 Club

1294 1043 134 27 Solo

1519 1081 104 29 Waters

1426 1125 72 26 £o?e
1535 1126 52 25 and
1714 1125 134 26 —Messrs

1426 1162 94 26 Dunne
1534 1164 51 24 and
1600 1163 127 27 Bennetts

1294 1206 59 27 Solo
1367 1207 51 26 and
1601 1207 126 26 Paradise
1747 1207 79 36 Alley
1835 1207 14 11 '*

1366 1244 101 27 —Miss
1481 1244 78 27 Birch
1571 1246 52 26 and
1712 1245 68 27 Club

1421 1287 54 27 The
1513 1288 95 37 Hardy
1644 1288 203 27 Norseman'"—

1498 1326 62 29 Glee
1574 1327 68 28 Club

1510 1405 70 28 Part
1595 1407 38 26 11.

1424 1456 30 31 0,
1465 1456 59 26 who
1536 1456 54 26 will
1605 1456 53 26 o'er
1668 1457 47 25 the
1730 1456 96 26 Downs
1836 1456 13 10 ''

1501 1493 83 27 -Glee
1597 1492 68 28 Club

1298 1539 121 34 Song—**
1430 1539 71 26 Dear
1757 1536 95 28 Donne

1301 1583 105 26 Duet—
1409 1587 5 10 1
1416 1585 6 11 '
1432 1582 55 26 The
1501 1582 108 26 Crookit
1633 1582 93 26 Ba'bee

1369 1619 79 27 Birch
1463 1620 52 26 and
1534 1619 44 26 Mr
1592 1621 29 24 A.
1635 1618 148 28 Robertson

1300 1664 99 27 Glee—
1402 1667 14 12 ,f
1426 1665 131 26 Venetian
1573 1665 66 26 Boat

1541 1703 68 26 Club

1301 1744 61 28 Solo
1403 1746 51 25 and
1661 1744 89 27 Dinah

1421 1782 96 27 Dunne
1529 1783 52 26 and
1595 1783 63 26 Glee
1672 1781 68 27 Club

1301 1829 139 30 Quartette
1504 1829 62 25 Lass
1579 1829 27 25 of
1618 1828 148 26 Richmond

1362 1865 169 26 —Members
1545 1866 27 25 (if
1585 1866 45 25 the
1643 1865 64 25 Glee
1714 1865 76 26 (Club

1300 1909 60 27 Solo
1369 1908 84 28 —"'l
1460 1908 32 28 he
1524 1909 120 36 Romany
1670 1908 63 26 Lass

1515 1947 127 26 Bennetts

1300 1993 150 26 Glee

1508 2030 64 26 Glee
1583 2030 64 26 Club

1303 2105 147 26 Conductor

1303 2143 187 34 A:V(K\}';uii>t

1305 2221 142 24 Admission

1625 2104 43 26 Mr
1680 2104 18 25 J
1721 2103 135 28 Bennetts

1624 2143 66 26 Miss
1705 2142 69 25 Lanb

1506 2241 25 3 ...
1588 2219 74 25 ONE
1681 2218 174 26 SHILLING

1501 2260 71 31 \Htdn
1585 2257 27 25 of
1625 2256 45 26 the
1684 2256 84 35 Hall.)

1379 2327 128 27 DAXCK
1535 2327 47 29 'lO
1613 2326 168 29 FOLLOW.

1472 2368 159 31 Admission,
1648 2369 33 25 Is.

1536 2444 26 26 F.
1582 2441 169 35 JKFFERY,

1685 2488 66 26 Hon.
1767 2488 51 25 Sec.

1287 2550 49 28 JIN
1362 2550 57 20 THE
1453 2548 250 22 ADMINISTRATION
1736 2548 36 21 OF
1798 2547 58 21 THE

1354 2578 104 21 ESTATE
1472 2578 34 21 OF
1526 2577 114 20 GEORGE
1655 2574 151 27 ROBINSON,
1821 2575 35 21 OF

1354 2606 129 22 ETTRICK,
1504 2604 180 24 BOOTMAKER,
1700 2603 155 25 DECEASED,

1353 2631 162 23 INTESTATE.

1390 2717 6 7 ,
1411 2696 128 38 .equested
1555 2696 53 26 that
1622 2696 31 26 all
1668 2702 114 20 amounts
1796 2703 44 26 pay-

1369 2735 54 27 able
1437 2742 24 19 to
1476 2735 49 26 this
1538 2740 76 21 estate
1629 2734 28 27 be
1672 2733 55 35 paid
1742 2739 24 20 to
1781 2733 34 26 M.
1830 2731 23 27 J.

1306 2773 159 29 Staunton,
1482 2773 67 35 Esq.,
1564 2773 87 34 Agent
1663 2772 27 25 of
1700 2771 42 26 the
1768 2769 87 28 Public

1305 2811 111 28 Trustee,
1440 2810 86 33 Clyde,
1540 2819 27 16 or
1581 2808 89 36 lodged
1685 2815 23 19 to
1723 2809 41 25 the
1778 2808 77 26 credit

1306 2848 23 26 of
1343 2848 41 26 the
1405 2847 86 27 Public
1504 2846 124 27 Trustee's
1644 2849 113 23 Account
1770 2851 25 20 at
1807 2853 47 26 any

1291 2882 1 39 I
1310 2885 81 27 Postal
1418 2884 186 37 Money-Order
1628 2884 84 27 Office.
1749 2882 43 27 All
1815 2892 27 17 ac-

1306 2929 88 21 counts
1407 2924 99 32 against
1521 2923 48 25 this
1582 2928 78 20 estate
1675 2931 55 25 may
1752 2921 29 26 be
1800 2930 41 16 ren-

1307 2960 71 27 dered
1393 2966 25 20 to
1433 2960 40 25 the
1488 2962 85 31 Agent
1587 2959 27 25 of
1623 2959 40 26 the
1679 2959 86 26 Public
1779 2958 61 25 Trus-

1308 3005 44 25 tee,
1367 3008 25 15 as
1406 2997 83 32 above,
1504 3007 30 16 on
1550 3007 25 16 or
1590 2997 80 26 before
1680 2997 123 33 Tuesday,
1816 2996 40 26 the

1308 3035 173 35 twenty-third
1495 3035 46 35 day
1553 3035 28 26 of
1591 3034 140 27 November
1745 3040 66 25 next,
1825 3043 30 16 on

1308 3076 40 25 the
1361 3074 97 35 printed
1482 3074 81 31 forms,
1586 3073 82 27 which
1691 3083 45 16 can
1763 3072 28 26 be
1814 3072 28 26 ob-

1308 3113 80 25 tained
1412 3112 35 26 for
1461 3112 41 25 the
1515 3120 105 24 purpose
1633 3112 62 24 from
1710 3120 48 25 any
1772 3110 27 25 of
1816 3110 41 25 the

1309 3151 96 33 Agents
1418 3148 27 26 of
1456 3149 48 25 this
1518 3147 82 27 Office.

1343 3189 57 32 Any
1414 3192 103 20 account
1532 3190 43 22 not
1595 3192 54 20 sent
1671 3186 25 26 in
1712 3185 30 35 by
1757 3185 40 26 the
1811 3183 46 36 day

1291 3223 3 35 I
1309 3223 88 27 named
1409 3233 56 25 may
1480 3223 28 26 be
1521 3223 114 35 rejected.

1400 3271 125 29 JAMES
1543 3270 30 31 C.
1588 3270 161 35 MARTIN,

1614 3310 86 27 Public
1712 3311 113 25 Trustee.

1378 3349 88 28 Public
1480 3349 75 27 Trust
1570 3348 83 34 Office,

1308 3388 166 32 Wellington,
1489 3387 63 28 23rd
1566 3387 113 31 October,
1696 3387 72 26 1897.

1333 3462 186 29 BOROUGH
1540 3461 47 29 OF
1607 3460 224 30 ROXBURGH.

1357 3547 122 22 ANNUAL
1493 3547 139 21 ELECTION
1651 3547 35 21 OF
1699 3546 109 21 MAYOR.

1430 3625 163 28 Nomination
1609 3625 26 26 of
1653 3623 152 27 Candidates
1824 3622 36 27 for

1334 3651 11 30 L
1389 3664 113 28 Election
1517 3670 25 20 to
1564 3664 40 26 the
1627 3662 75 28 Office
1726 3662 28 27 of
1771 3662 89 34 Mayor

1308 3703 37 27 for
1358 3702 162 33 the-ensuing
1534 3708 60 20 term
1618 3701 53 26 will
1696 3701 28 26 be
1747 3699 109 27 received

1308 3740 31 34 by
1352 3749 38 17 me
1404 3746 26 20 art
1444 3739 40 27 the
1498 3738 195 31 Coined-room,
1709 3737 149 27 Athenaeum

1308 3778 141 31 Buildvnps.
1463 3787 33 25 up
1519 3784 24 19 to
1564 3776 31 28 12
1618 3776 91 27 o'clock
1736 3784 64 18 nnnn
1828 3784 30 17 on

1307 3815 240 32 WEDNESDAY,
1561 3816 71 25 10th
1648 3813 211 30 NOVEMBER,

1307 3855 74 26 1897.

1342 3904 161 27 Nomination
1538 3902 101 36 Papers,
1677 3912 24 17 in
1731 3907 41 21 «t»
1775 3908 8 9 ,
1786 3910 14 17 n
1805 3907 7 13 ,
1815 3909 41 16 w

1308 3941 70 31 form,
1395 3941 173 35 accompanied
1584 3941 29 27 bv
1628 3951 14 15 a
1656 3940 95 35 deposit
1762 3942 27 21 ot
1804 3939 56 28 £lO

1308 3979 23 27 in
1346 3980 67 32 Chsh,
1428 3986 65 20 must
1508 3979 27 26 be
1545 3978 122 27 delivered
1678 3977 79 28 loltw
1769 3978 72 26 under-

1308 4017 87 35 signed
1426 4027 28 18 or
1482 4017 89 34 lodged
1603 4018 24 26 in
1658 4018 43 25 the
1734 4013 125 30 Council*

1311 4054 139 26 Letter-box
1465 4059 25 21 at
1503 4057 42 22 the
1559 4055 68 34 place
1640 4053 126 26 aforesaid.

1345 4104 20 26 If
1396 4114 67 16 mor«
1494 4104 58 26 than
1584 4114 46 16 oaa
1658 4102 144 28 Candidate
1839 4102 20 24 is

1309 4140 159 33 Nominated,
1487 4150 13 17 a
1526 4140 88 27 POLL
1633 4140 47 26 will
1697 4140 28 25 be
1739 4139 74 26 taken
1827 4147 30 17 on

1308 4179 239 29 WEDNESDAY,
1579 4179 41 27 the
1646 4179 77 27 34th
1755 4177 48 36 day
1835 4179 23 24 of

1308 4216 212 32 NOVEMBER,
1543 4217 75 28 1897.

1473 4266 119 29 JAHEZ
1618 4264 167 36 BURTON,

1608 4312 141 34 Returning
1760 4311 96 27 Officer.

1343 4361 147 32 Roxburgh,
1504 4361 44 28 3rd
1566 4360 148 32 November,
1732 4361 72 26 1897.

1341 4437 173 30 BOROUGH
1541 4437 45 27 OF
1609 4436 212 29 ROXBURGH.

1341 4527 122 27 TOTICE
1484 4527 26 26 I*
1531 4526 107 35 Hereby
1660 4526 83 27 Given
1758 4527 60 26 that
1832 4529 24 25 in

1341 4564 7 16 '
1390 4565 163 33 compliance
1580 4565 60 24 with
1668 4564 116 26 Sections
1811 4565 47 26 13f>

1305 4603 52 25 and
1371 4603 48 25 136
1432 4602 27 25 of
1510 4601 47 26 Ihe
1571 4601 146 35 Municipal
1731 4601 110 34 Corpora-

1307 4640 69 25 tions
1390 4640 59 26 Act,
1566 4639 52 25 and
1642 4638 118 26 Seetions
1785 4639 32 25 37
1832 4642 27 23 to

1305 4678 33 24 39
1351 4678 27 24 of
1485 4676 101 35 Rating
1609 4678 56 29 Act,
1801 4676 22 26 it
1837 4677 21 25 is

1306 4714 126 25 intended
1445 4716 27 22 to
1485 4713 76 26 make
1578 4713 52 25 and
1644 4714 60 32 levy
1717 4723 16 14 a
1744 4713 112 25 General

1307 4750 69 26 Rate
1399 4750 28 25 of
1447 4749 56 26 One
1527 4749 115 28 Shilling
1666 4749 26 25 in
1707 4749 45 26 the
1765 4748 91 26 Pound

1305 4797 69 26 upon
1388 4788 36 26 all
1437 4787 118 27 rateable
1567 4790 127 32 property
1706 4787 92 25 within
1810 4787 47 25 the

1306 4825 122 36 Borough
1447 4825 28 27 of
1497 4824 146 33 Roxburgh
1668 4824 42 27 for
1733 4824 45 28 the
1795 4834 63 27 year

1304 4864 98 33 ending
1415 4864 59 26 31st
1488 4863 100 28 March.
1604 4862 71 27 1898.
1698 4863 113 34 payable
1829 4863 27 24 in

1304 4911 49 16 one
1363 4911 58 17 sum
1432 4911 33 16 on
1475 4901 46 26 the
1531 4900 62 27 20th
1602 4899 50 35 day
1663 4899 27 26 of
1700 4899 156 30 November,

1306 4939 64 25 1897
1381 4949 5 19 ;
1406 4939 52 24 and
1472 4938 59 25 that
1541 4937 46 25 the
1600 4937 147 25 Ratebook
1757 4937 22 24 is
1790 4944 65 24 open

1305 4975 41 25 for
1369 4975 148 33 inspection
1541 4976 28 22 at
1593 4973 46 25 the
1663 4972 192 26 Council-room

1305 5012 97 33 during
1414 5012 71 24 office
1498 5011 87 25 hours.

1475 5052 119 30 JABE/,
1614 5050 167 34 BURTON,

1639 5093 80 25 Town
1733 5092 85 26 Clerk.

1336 5146 155 34 Roxburgh,
1505 5146 63 27 28th
1583 5146 120 28 October,
1720 5144 72 26 1897.

1402 5229 110 30 FOR
1588 5227 172 29 SALE.

1326 5304 14 38 \
1379 5302 103 32 FOUR
1497 5321 9 5 -
1522 5299 159 31 ROOMED
1726 5300 127 29 Wooden

1391 5346 104 33 House,
1508 5344 26 26 in
1550 5343 143 28 first-class
1707 5342 88 33 order,
1809 5341 44 28 for

1300 5384 128 31 removal.
1431 5383 140 38 —Apply,

1461 5433 113 28 JABEZ
1595 5431 154 31 BURTON,

1668 5468 148 31 Roxburgh.

1389 5542 111 27 FOR
1587 5540 19 20 «
1630 5540 3 29 -

1473 5611 130 31 HOUSE
1639 5610 64 37 (five
1739 5610 125 40 rooms},,

1376 5654 152 29 Residence
1550 5652 81 31 Area,
1653 5651 121 27 Orchard
1798 5652 52 26 and
1861 5651 2 32 I

1300 5696 119 34 Garden,
1446 5692 76 39 right
1553 5695 29 25 to
1612 5690 65 28 Two
1704 5690 93 28 Heads
1823 5690 30 30 of

1300 5738 96 29 Water
1408 5734 55 29 and
1476 5732 95 30 Claim.
1574 5730 202 30 —Particulars
1787 5734 29 26 at

1400 5780 137 35 OFFICE
1550 5779 49 30 OF
1613 5779 89 29 THIS
1718 5764 146 51 PAPER.'

1877 297 174 48 DUNEDiN
2066 298 141 46 PRICES
2220 298 29 42 &
2262 294 162 46 VALUES

1876 528 76 31 NOT
1972 528 73 33 FOE
2064 532 77 30 ONE
2154 529 138 31 MONTH
2312 528 115 36 ONLY,

1897 693 79 45 ALL
2008 696 77 43 THE
2118 696 108 43 YEAR
2253 693 153 54 ROUND,

1863 820 1 81 !
1883 835 88 56 W.
1996 837 55 54 T.
2075 834 354 67 TALBOYS,

2013 928 285 36 ROXBURGH,

1881 992 71 30 Who
1973 993 24 29 is
2019 1004 60 19 now
2093 993 131 38 Offering
2243 992 47 29 the
2312 991 118 30 Balance

2107 1035 30 28 of
2156 1034 43 28 his

1960 1096 236 39 WINTER

2081 1157 263 38 DRAPERY

1879 1236 30 27 at
1929 1234 95 30 Prices
2039 1234 91 29 which
2147 1232 108 31 MUST
2274 1230 154 33 Command

1964 1275 47 28 the
2025 1275 144 28 Attention
2184 1274 30 29 of
2226 1274 116 37 Buyers.

1961 1434 109 42 Corns
2095 1432 63 42 and
2182 1430 70 42 See
2274 1429 71 42 Our

1882 1514 46 30 All
1951 1514 93 33 Wool,
2058 1512 173 37 Wellington
2253 1509 129 38 Flannel,
2403 1511 29 27 at

1961 1557 7 26 I
1975 1566 12 17 s
2105 1553 68 37 yapd

1886 1606 93 28 White
2014 1588 129 62 Calicoes,
2166 1603 73 29 from
2261 1603 36 28 2s
2321 1601 38 31 6d
2384 1609 49 31 per

1956 1646 83 29 doaen

1885 1698 111 38 Striped
2011 1698 194 35 Flannelettes,
2216 1696 72 29 from
2297 1693 78 31 2sDd
2384 1703 49 30 per

1956 1738 87 29 doeen

1885 1793 93 29 White
2014 1792 139 37 Shirtings
2184 1790 112 37 (double
2334 1789 99 38 width(

1957 1836 70 27 from
2046 1834 67 35 lo4d
2126 1843 50 28 per
2187 1832 69 38 yard

1886 1885 96 31 White
1996 1884 118 30 Turkish
2126 1883 113 35 Towels,
2253 1883 72 29 from
2344 1883 32 28 4s
2399 1881 36 29 6d

1957 1938 49 28 pc*
2018 1927 86 29 dozen

1886 1973 87 28 Linen
1987 1972 141 39 Tablings,
2135 1970 71 31 from
2219 1972 30 27 Is
2257 1970 38 29 3d
2307 1980 50 28 per
2366 1968 68 39 yard

1889 2018 89 30 Men's
1994 2018 102 29 Lambs
2110 2017 81 29 Wool
2204 2017 96 36 Pants,
2324 2017 30 28 2s
2382 2017 52 28 lid

1959 2071 49 26 per
2022 2060 60 37 pair

1888 2100 87 28 Men's
1991 2098 99 30 Cotton
2103 2098 95 35 Pants,
2212 2098 69 28 from
2293 2098 30 27 Is
2337 2097 35 28 3d
2385 2106 50 29 per

1959 2140 59 39 pair

1880 2181 144 30 'Coloured
2044 2180 59 30 Silk
2118 2178 232 37 Handkerchiefs,
2363 2178 71 30 from

1954 2223 29 27 Is
1997 2222 66 28 each

1886 2260 91 30 Men's
1992 2261 63 29 Soft
2068 2261 60 29 Felt
2140 2260 82 35 Eats,
2234 2259 70 29 from
2329 2260 27 28 Is
2381 2258 53 30 lid

1958 2302 66 29 each

1886 2343 66 28 Real
1964 2343 71 28 Bear
2049 2342 79 38 Long
2138 2341 56 29 Far
2206 2341 82 34 -Boas,
2301 2340 71 30 from
2388 2343 48 27 12s

1959 2384 34 28 Gd
2006 2384 66 28 each

1888 2472 123 30 DRESS
2046 2472 140 30 STUFFS
2220 2485 25 17 hi
2283 2471 154 36 SERGES,

1934 2513 168 36 TWEEDS,
2122 2513 86 28 &.c—
2208 2514 47 27 All
2274 2514 126 28 reduced.

2094 2596 26 26 A
2141 2594 52 28 Lot
2206 2595 29 28 of

1890 2640 178 29 MANTLES
2098 2640 24 29 &
2144 2641 284 29 WATERPROOFS

1907 2693 38 28 At
1961 2693 87 37 prices
2062 2693 86 28 which
2164 2697 72 25 must
2249 2694 73 29 clear
2335 2694 84 29 them.

1961 2774 23 27 A
2003 2772 130 40 Splendid
2148 2776 175 27 Assortment
2336 2775 29 28 of

1887 2821 116 27 MEN'S
2036 2820 25 29 &
2097 2821 105 28 BOYS'
2233 2821 204 36 CLOTHING,

1971 2861 179 36 HOSIERY,
2175 2861 179 37 SCARVES,

2054 2902 144 37 SHiRTS,
2220 2902 49 31 Ac.

1889 2981 115 29 MEN'S
2051 2982 136 29 TWEED
2235 2983 109 30 SUITS
2391 2985 47 29 TO

1952 3022 193 36 MEASURE,
2170 3024 48 28 GOs
2241 3026 134 39 (special).

1959 3105 25 27 A
2010 3104 59 29 well
2095 3106 123 28 assorted
2246 3108 78 27 stock
2350 3109 29 28 of

1996 3144 117 28 BOOTS
2139 3154 53 20 and
2220 3146 120 30 SHOES

2046 3185 101 32 always
2160 3196 33 17 on
2208 3186 82 29 hand.

1951 3419 421 44 BERNSTONE,

1933 3516 80 30 THE

2035 3590 93 34 (From
2154 3591 152 38 Dunedin),

1970 3675 69 30 TIT
2047 3675 63 30 ILL
2126 3676 64 30 visit
2204 3676 164 39 Roxburgh,

2085 3717 103 28 Millers
2219 3718 70 35 Flat,
2314 3718 54 28 and

1964 3756 186 34 surrounding
2184 3757 121 30 districts
2339 3762 29 25 at

1964 3797 108 38 regular
2085 3798 139 35 intervals,

2097 3852 80 30 w&eu
2195 3852 32 29 he

1976 3918 102 28 WILL
2092 3919 103 29 TAKE
2210 3919 149 29 ORDERS

1965 3982 29 25 to
2018 3979 55 28 suit
2087 3979 46 28 the
2147 3980 181 29 convenience
2341 3980 30 29 of

2041 4027 45 27 the
2104 4027 66 28 local
2191 4028 102 36 public.

2011 4128 127 28 Changes
2165 4128 156 29 Modkkatk.

1968 4238 75 29 Suits
2053 4239 68 29 from
2131 4240 37 28 £3
2180 4239 42 35 3s;
2238 4238 130 30 Trousers

2071 4286 69 28 from
2157 4287 48 27 Ib's
2217 4286 46 28 fid.

1966 4391 44 30 Fit
2024 4393 171 28 Guar??rteed
2213 4403 34 18 <«•
2267 4393 101 38 Money

2065 4448 47 22 not
2125 4442 140 39 accepted.

2017 4585 169 30 JAMES'
2227 4585 211 31 CHURCH.

1890 4664 120 35 Morning
2024 4663 143 28 Se.mee—l
2178 4663 100 33 lam.;
2302 4663 48 28 and
2372 4663 66 36 Holy

2076 4701 172 26 Communion.

1888 4738 118 36 Evening
2020 4738 146 26 Service—7
2181 4746 58 25 p.m.

1890 4823 59 22 REV
1972 4823 26 21 A.
2013 4818 148 24 EDWARDS'
2180 4819 155 22 FAREWELL
2354 4819 58 23 VIS1
2413 4820 16 13 T
2430 4835 8 9 .

1885 4892 140 29 TEVIOT
2036 4889 216 30 WESLEYAN
2267 4888 168 30 CHURCH.

1937 4996 24 28 N
1984 4994 113 38 Sundny
2111 4994 123 30 Services
2248 4995 53 28 will
2326 4995 33 29 be
2372 5005 48 20 con-

1972 5035 101 28 ducted
2086 5045 28 18 as
2128 5035 140 28 follow:

1885 5090 111 22 Rox*>iirsh
2007 5090 19 22 (7
2036 5090 82 26 p.m.)—
2122 5090 51 22 Rev.
2182 5090 23 22 J.
2216 5090 26 22 H.
2252 5089 83 26 Hooper

1923 5117 115 26 (Subjuct—
2041 5117 14 10 '*
2063 5117 62 20 God's
2138 5117 113 24 gentleness
2260 5117 82 26 making
2351 5125 46 14 man

1883 5171 48 21 Coal
1942 5171 64 21 Creek
2017 5170 20 27 (3
2046 5169 58 27 p.m.)
2112 5171 70 21 -Rev.
2192 5171 22 21 J.
2231 5172 19 20 H
2270 5172 82 26 Hooper

1886 5199 75 20 Ettriek
1971 5199 27 22 (M
2011 5199 58 24 a.m.)
2079 5199 67 21 -R.v.
2157 5199 14 20 J
2192 5199 26 22 tf.
2231 5200 81 25 Hooper

1971 5226 20 23 (7
2001 5226 118 25 p.m.)-Mr
2130 5226 97 21 Bloxham

1940 5294 138 28 (ANTED
2108 5295 139 38 everybody
2286 5299 26 23 to
2349 5296 84 27 attend

1904 5339 7 10 '
1929 5339 6 10 '
1972 5334 86 25 Ma»-ic
2073 5333 107 27 Lantern
2195 5334 203 26 Entertainment
2408 5335 24 25 in

1884 5369 132 27 Weslevan
2031 5371 98 26 Church
2142 5379 30 17 on
2187 5371 155 26 Wednesday
2358 5380 60 17 evei-

1883 5407 44 33 in£
1940 5414 68 25 next,
2019 5414 25 19 at
2057 5408 14 25 8
2085 5417 15 27 p
2112 5418 29 17 in.
2179 5408 99 32 Adults,
2293 5407 31 27 6d
2337 5418 6 22 ;
2363 5408 54 27 Chil-

1881 5444 70 26 dren.
1964 5444 39 26 3d.

1890 5527 61 29 VX7
1958 5528 127 29 ANTED
2098 5534 28 23 at
2138 5540 76 23 once,
2226 5532 106 34 strong,
2345 5527 87 29 active

1996 5567 73 36 Girl;
2095 5569 61 27 able
2171 5573 27 22 to
2212 5567 220 38 milk.—Apply,

1881 5607 51 30 Jas
1951 5607 159 39 s>'lnt<»sh,
2128 5609 179 28 Dumbarton.

1944 5692 3 39 r
2112 5698 83 26 smart
2210 5693 59 38 Boy
2282 5696 29 26 to
2328 5693 73 28 learn
2417 5702 16 19 a

1996 5734 72 33 crood
2094 5735 85 29 trade.
2183 5733 139 39 —Apply,
2347 5732 85 30 Office

1881 5774 29 30 of
1923 5774 55 30 this
1993 5774 96 40 Paper.

2502 204 31 31 T.
2572 205 171 30 JAMES'
2791 204 213 32 CHURCH.

2518 292 111 42 Grand
2657 291 113 52 Organ
2803 291 136 42 Recital.

2455 393 210 32 THURSDAY,
2686 393 71 26 11th
2780 390 91 34 NOV.,
2885 391 54 27 at-6
2949 400 58 27 pm.

2490 473 48 26 Mr
2555 471 24 28 J.
2596 471 119 28 HAYES
2730 472 42 25 has
2786 471 85 25 kindlv
2887 469 120 34 promised

2458 514 24 23 to
2495 511 57 34 g-i/e
2566 518 30 18 an
2611 510 84 35 Organ
2712 508 102 31 Recital,
2828 508 138 34 consisting
2985 506 26 27 of

2493 568 75 22 GEMS
2581 567 79 21 FROM
2674 566 56 21 THE
2749 565 102 21 WORKS
2866 565 34 21 OF
2914 564 56 21 THE

2615 595 95 21 GREAT
2724 593 133 21 MASTERS.

2500 641 91 28 Sacred
2604 640 70 28 Solos
2687 640 32 36 by
2734 639 74 27 Local
2824 640 141 25 Amateurs.

2499 722 144 29 •Collection
2657 722 26 27 in
2696 721 39 27 aid
2749 721 26 27 of
2792 720 99 28 Church
2913 718 85 28 Funds

2619 817 28 29 L.
2662 817 29 28 E.
2707 816 159 28 HAINES)
2881 814 113 28 Church-

2614 856 32 27 T.
2660 854 91 28 COOP
2856 845 11 44 j
2882 853 119 27 wardens.
