4290 5920
157 232 59 29 •will
229 233 135 38 certainly
376 236 49 27 not
437 232 63 39 give
512 243 53 28 any
578 230 134 41 premium

162 277 28 26 to
204 274 116 29 laziness
332 285 32 18 or
376 275 189 29 carelessness.

201 316 39 35 (3)
263 315 204 40 Loading.—lf
486 325 53 28 you
565 314 70 29 have
661 323 54 27 any

160 355 124 30 distance
308 360 28 25 to
359 360 57 28 cart
430 367 69 28 your
513 355 68 29 fruit
598 355 34 28 be
646 364 68 27 very

159 397 103 28 careful
275 398 66 26 with
416 397 113 36 loading
538 397 27 26 in
579 397 47 26 the
640 405 57 26 wag-

159 448 70 27 gons
280 437 74 29 Load
368 438 22 28 it
403 437 121 38 yourself
547 436 22 28 if
583 435 130 39 possible,

161 489 30 17 or
210 478 21 28 if
247 486 48 20 not
308 489 45 19 see
365 482 30 26 to
407 478 23 29 it
442 478 61 29 that
517 477 47 28 the
578 487 60 17 man
654 475 61 29 who

162 521 66 26 does
242 520 20 27 it
277 520 42 27 for
332 531 52 26 you
398 520 23 26 is
441 529 51 18 one
512 518 62 27 who
598 517 52 27 will
671 527 44 17 see

163 560 21 27 it
216 560 128 38 properly
378 558 105 30 loaded.
535 565 88 30 I-very
655 566 61 18 case

162 600 96 28 should
287 600 34 28 be
347 600 53 28 laid
430 600 55 33 flat,
511 598 54 27 and
592 597 123 27 whether

161 640 79 29 there
252 651 45 18 are
313 651 82 28 many
416 651 29 18 or
468 639 52 29 few
547 647 76 19 cases
649 637 63 36 they

162 682 95 28 should
273 682 34 28 he
329 682 77 28 made
429 681 70 34 firm,
526 690 29 18 so
582 678 60 28 that
668 677 45 28 the

160 728 59 22 ruts
233 722 53 27 and
311 726 91 24 stones
426 731 33 17 on
483 720 46 27 the
555 718 80 28 roads
659 717 51 27 will

162 767 47 24 not
223 763 65 27 sloft
304 762 72 28 them
398 761 33 29 all
447 771 64 17 over
524 759 46 27 the
585 767 125 26 waggon.

161 802 77 28 Fruit
254 802 96 28 should
365 803 33 27 be
411 812 29 17 so
454 799 97 29 loaded
567 799 59 27 that
640 798 71 27 after

160 853 17 17 a
185 843 118 37 journey
317 844 27 26 of
358 845 112 32 twenty,
485 840 94 35 thirty,
597 849 30 16 or
637 838 73 35 forty

159 884 78 28 miles
250 892 80 27 every
344 891 61 19 case
430 881 22 27 is
478 880 27 27 in
534 878 104 36 exactly
664 877 45 28 the

159 934 74 18 same
252 923 117 37 position
383 932 29 17 as
426 927 28 21 at
469 920 46 28 the
541 927 151 20 commence-

160 967 75 24 ment
266 962 29 28 of
320 962 47 28 the
387 961 126 38 journey.
556 961 23 25 A
607 957 102 29 shifted

159 1003 60 28 load
235 1012 92 18 means
340 1012 15 17 a
373 1000 108 29 bruised
497 999 72 34 load,
583 999 54 27 aud
652 997 59 28 that

160 1052 94 17 means
268 1053 16 15 a
296 1042 54 27 loss
364 1042 29 27 of
407 1042 20 27 £
441 1052 22 16 s.
478 1040 27 28 d.

200 1083 38 34 (4)
261 1081 130 37 Marking
413 1080 92 28 Cases.
507 1079 130 36 —Every
650 1086 62 18 case

161 1122 96 30 should
273 1122 33 28 be
320 1121 104 39 legibly
447 1119 113 30 marked
579 1117 66 30 with
665 1117 47 29 the

160 1162 129 38 grower's
298 1171 78 17 name
386 1160 52 27 and
452 1160 45 27 the
508 1160 107 35 agent's
624 1167 88 25 name,

160 1202 53 28 and
228 1201 64 29 with
306 1212 15 17 a
335 1200 73 39 plain
434 1203 149 26 statement
609 1197 29 29 of
664 1197 48 29 the

159 1242 114 38 weight,
293 1241 176 38 description,
493 1240 53 28 and
573 1239 86 38 grade
684 1238 28 28 of

161 1283 68 29 fruit
242 1282 145 30 contained
401 1284 27 26 in
442 1281 30 30 it.
512 1280 32 28 In
567 1280 54 28 this
647 1290 48 17 con-

160 1324 110 28 nection
284 1324 22 28 it
318 1323 23 28 is
355 1323 66 37 folly
442 1322 44 28 for
510 1332 15 17 a
551 1331 107 28 grower
684 1326 27 21 to

162 1363 79 30 mark
254 1363 42 30 his
316 1363 68 30 fruit
409 1367 28 25 at
462 1373 16 18 a
502 1362 99 38 higher
626 1359 85 41 grade

162 1406 67 27 than
242 1406 22 27 it
276 1404 119 36 actually
418 1404 32 35 is,
472 1414 30 18 as
525 1403 100 36 buyers
645 1413 66 26 very

162 1456 67 18 soon
252 1449 49 34 get
325 1449 29 24 to
377 1444 81 28 know
471 1444 47 28 the
531 1454 107 26 grower
652 1443 60 25 who

163 1485 100 40 grades
276 1486 54 28 and
344 1484 92 29 marks
451 1484 40 28 his
505 1483 66 28 fruit
587 1483 92 27 honest
687 1482 19 27 !\

163 1527 54 29 and
230 1527 57 38 buy
306 1526 185 38 accordingly.

203 1567 39 36 (5)
263 1566 278 29 Advices.—Always
567 1571 60 30 p-st
663 1564 47 26 full

162 1606 110 29 advices
282 1606 29 28 of
323 1605 203 37 consignment-
540 1616 29 16 so
579 1604 56 27 that
647 1603 63 34 they

162 1646 54 27 will
230 1646 80 28 reach
322 1656 70 26 your
404 1649 85 32 agent
503 1655 30 17 a*
546 1655 61 15 won
625 1655 31 13 us
670 1644 34 24 flu

159 1685 82 40 fruit.
280 1684 64 30 This
369 1684 23 29 is
423 1694 17 18 a
465 1687 71 25 most
562 1683 145 38 important

160 1727 76 34 item,
267 1726 54 28 and
362 1724 98 30 should
503 1724 33 28 be
577 1733 29 17 en
611 1723 66 27 refill
682 1722 24 37 ly

158 1766 133 28 attended
300 1770 37 23 to.
376 1765 57 27 The
443 1774 108 28 grower
559 1764 60 26 who
630 1762 77 37 gives

159 1806 43 28 his
214 1808 86 35 agent
321 1808 110 35 prompt
458 1804 53 28 and
537 1803 50 28 full
612 1802 94 28 advice

159 1846 54 28 will
226 1846 100 38 always
339 1849 49 34 get
400 1845 47 29 the
458 1844 60 29 best
527 1842 180 35 satisfaction,

160 1896 29 19 as
201 1886 43 28 his
257 1886 204 37 consignments
475 1894 48 18 can
539 1884 33 28 be
586 1882 121 29 checked

159 1927 39 28 off
207 1931 29 24 at
245 1936 67 19 once
322 1936 34 19 on
369 1924 109 36 arrival,
487 1924 54 29 and
553 1935 52 26 any
619 1923 75 29 short-

161 1978 52 28 age
226 1978 30 18 or
268 1977 75 19 error
354 1966 125 40 inquired
492 1966 58 28 into
560 1964 55 29 and
629 1964 66 28 recti-

162 2009 52 29 fied
237 2009 94 29 before
355 2008 22 29 it
400 2008 23 29 is
447 2013 45 23 too
514 2007 64 36 late,
600 2006 108 29 besides

160 2049 102 37 letting
275 2049 47 28 the
335 2052 84 32 agent
428 2048 80 27 know
518 2048 107 37 exactly
636 2047 74 27 what

161 2089 48 30 the
221 2088 192 40 consignment
426 2088 132 30 contains.

198 2130 77 35 Real,
306 2130 54 27 live
384 2129 190 37 fruitgrowers
602 2128 54 28 will
682 2132 28 23 at

159 2181 67 18 once
240 2170 142 37 recognise
400 2172 46 27 the
459 2169 77 30 truth
549 2169 53 29 and
617 2179 77 20 neces-

159 2212 54 36 sity
239 2212 29 28 of
299 2212 47 27 the
371 2212 87 28 above
483 2211 173 38 precautions
681 2211 27 27 in

158 2251 160 38 marketing
331 2251 71 29 their
416 2251 75 29 fruit.
532 2251 24 28 II
568 2262 15 17 a
598 2251 80 35 thing
687 2251 23 27 is

158 2291 88 30 worth
261 2291 86 38 doing
359 2292 22 29 it
395 2292 23 29 is
431 2291 86 30 worth
533 2291 85 37 doing
640 2291 70 35 well,

158 2332 53 28 and
227 2333 21 27 if
272 2342 54 28 you
353 2336 74 25 want
451 2336 29 25 to
505 2336 47 33 get
578 2331 47 29 the
650 2332 62 28 best

158 2378 108 22 returns
294 2373 69 27 from
390 2383 69 26 your
484 2383 79 26 crops
578 2373 64 27 then
656 2382 52 26 you

158 2417 75 24 must
245 2411 64 39 give
322 2423 69 28 your
409 2416 85 35 agent
507 2413 34 27 all
557 2412 46 29 the
616 2412 81 28 assist-

157 2463 67 18 ance
250 2453 25 27 in
297 2463 69 27 your
378 2463 102 27 power,
494 2453 53 28 and
574 2453 47 28 the
647 2453 61 27 best

157 2493 149 30 assistance
318 2503 53 28 you
386 2503 49 18 can
463 2493 63 37 give
552 2493 55 28 him
634 2493 22 28 is
682 2498 28 23 to

157 2533 76 38 place
246 2543 70 28 your
329 2533 66 28 fruit
405 2533 26 28 in
444 2533 41 29 his
497 2533 88 28 hands
596 2533 26 28 in
637 2533 60 28 first-

158 2574 70 30 class
249 2574 149 29 condition.
438 2574 145 29 Attention
611 2578 29 24 to
665 2573 47 29 the

159 2616 74 27 hints
264 2615 147 28 contained
446 2615 93 28 herein
566 2615 53 28 will
647 2614 64 39 help

160 2655 103 39 largely
278 2660 28 24 to
320 2655 60 29 that
393 2655 93 29 result.

184 2763 219 50 Resumption
429 2762 41 42 of
489 2763 82 42 Gold
592 2763 96 50 Duty.

205 2849 150 25 (Unavoidably
365 2850 47 20 held
423 2857 48 13 over
480 2850 52 20 from
543 2849 41 21 last
593 2849 69 25 issue.)

197 2900 39 26 At
249 2898 46 28 the
309 2898 52 27 last
374 2897 122 37 meeting
506 2897 30 27 of
549 2897 46 27 the
608 2896 102 28 Millers

162 2938 60 27 Flat
251 2936 109 28 Miners'
386 2937 171 27 Association
585 2936 57 34 (Mr
664 2935 44 27 W.

160 2977 111 40 Wangh
297 2976 26 30 in
357 2976 45 30 the
428 2975 95 36 chair),
550 2975 44 29 Mr
623 2974 28 31 P.
678 2974 31 31 C.

160 3018 89 28 Grant
263 3018 63 26 read
350 3028 15 16 a
386 3027 84 27 paper
491 3027 33 16 on
581 3017 56 26 The
658 3016 35 27 Re-

160 3057 137 40 sumption
324 3057 29 29 of
378 3056 70 30 Gold
475 3055 75 40 Duty
575 3055 53 29 and
661 3055 47 29 the

162 3100 141 27 Abolition
318 3099 30 27 of
361 3098 72 28 Rent
446 3109 33 17 on

199 3139 57 28 The
277 3149 85 29 p»per
384 3137 112 40 pointed
518 3144 48 21 out
586 3137 60 28 that
666 3137 46 27 the

162 3184 112 35 present
300 3183 102 34 system
424 3179 29 28 of
477 3177 104 40 paying
608 3179 47 27 10s
677 3188 34 17 an

162 3230 61 19 acre
236 3224 62 24 rent
310 3221 44 27 for
366 3219 94 28 claims
473 3229 55 17 was
551 3229 16 17 a
581 3228 64 27 very
661 3228 33 17 un-

160 3261 54 28 fair
226 3270 60 27 way
312 3259 29 28 of
362 3259 98 37 taxing
473 3258 47 28 the
536 3258 109 28 miners.
686 3258 25 27 A

158 3304 82 34 party
254 3299 91 38 might
358 3299 65 28 take
449 3308 37 28 up
511 3309 16 16 a
552 3298 80 27 claim
656 3297 53 28 and

159 3344 51 35 put
235 3349 35 20 on
297 3339 147 38 expensive
470 3337 167 39 machinery,
656 3337 53 28 and

159 3391 64 28 may
236 3380 75 29 work
338 3381 43 28 for
393 3390 79 28 years
484 3379 64 38 only
562 3379 43 28 for
617 3389 16 18 a
646 3378 65 29 bare

158 3421 98 36 living,
270 3420 54 29 and
345 3423 47 34 yet
412 3429 71 19 were
505 3419 81 28 taxed
600 3419 37 36 by
651 3428 58 28 way

158 3461 30 29 of
200 3464 61 26 rent
274 3460 58 39 just
346 3470 29 19 as
389 3460 87 37 heavy
498 3469 29 18 as
553 3458 71 29 their
644 3463 66 24 next

158 3501 180 37 neighbours,
370 3500 93 29 whose
503 3499 79 29 claim
614 3503 96 25 nature

158 3543 80 28 made
251 3551 75 19 more
340 3541 171 38 productive,
536 3540 47 29 the
605 3549 105 19 owners

158 3583 30 29 of
200 3582 89 29 which
304 3581 90 39 might
416 3581 35 28 be
477 3580 114 39 making
615 3591 16 17 a
655 3580 42 29 for-

158 3627 76 24 tune.
273 3621 46 30 He
339 3621 158 29 considered
512 3621 61 28 that
585 3621 47 28 the
646 3620 64 37 gold

158 3662 89 38 ought
260 3665 29 25 to
303 3662 65 29 bear
381 3661 47 29 the
453 3661 106 28 burden
583 3661 29 28 of
636 3666 61 23 taxa-

158 3703 68 34 tion,
236 3701 88 29 which
336 3701 90 28 would
439 3710 83 29 prove
534 3711 15 18 a
558 3700 155 39 graduated

158 3746 48 26 tax
221 3741 53 30 and
298 3741 47 30 fall
368 3741 123 29 heaviest
510 3752 34 17 on
558 3741 79 28 those
651 3740 61 29 who

158 3793 72 18 were
264 3783 61 28 best
350 3781 61 29 able
437 3786 28 24 to
491 3781 85 28 affoid
603 3782 31 34 it,
660 3781 53 28 and

159 3822 122 41 thought
294 3826 61 25 that
369 3833 35 18 no
418 3833 51 18 one
481 3821 88 30 would
583 3822 92 38 object
685 3826 28 23 to

160 3875 51 28 pay
226 3876 13 17 a
258 3863 158 30 reasonable
431 3864 67 37 duty
524 3873 35 18 on
581 3863 72 28 their
672 3873 28 18 re-

160 3911 119 22 returns.
319 3905 43 27 He
376 3904 56 28 also
447 3905 112 36 pointed
581 3910 47 21 out
653 3903 61 28 that

161 3944 175 39 goldmining
360 3954 61 18 now
446 3953 54 18 was
533 3943 141 38 assuming
698 3953 15 18 a

161 3996 65 29 very
242 3985 126 28 different
383 3989 95 34 «spect
491 3989 28 22 to
539 3984 72 27 what
625 3986 21 25 it
661 3993 52 18 was

163 4032 29 22 at
218 4026 46 28 the
291 4026 65 28 time
389 4026 47 27 the
466 4024 65 39 gold
564 4025 68 31 duty
660 4035 53 17 was

160 4066 153 28 abolished.
353 4065 157 29 Individual
536 4065 100 27 miners
660 4065 52 27 had

160 4106 106 30 formed
282 4106 164 29 themselves
460 4106 58 28 into
544 4105 100 38 parties
658 4106 52 26 and

160 4148 103 37 parties
296 4147 57 27 into
387 4146 165 38 companies.
605 4145 106 38 Capital

160 4187 54 29 and
255 4186 141 39 improved
448 4186 156 35 machinery
643 4195 69 19 were

161 4228 123 35 brought
316 4227 57 27 into
405 4227 176 37 requisition;
614 4226 98 37 larger,

161 4268 52 28 and
228 4266 73 30 what
314 4277 16 18 a
344 4266 52 29 few
423 4277 77 28 years
513 4277 53 28 ago
581 4276 53 18 was
647 4277 48 18 con-

158 4308 108 28 sidered
294 4308 211 37 unproductive,
531 4319 77 16 areas
642 4318 70 18 were

160 4348 83 29 taken
260 4357 36 29 up
310 4348 54 27 and
389 4347 80 29 made
494 4352 28 24 to
548 4357 52 28 pay
628 4347 68 28 hand-

159 4388 103 38 somely
279 4388 87 28 under
387 4388 47 28 the
456 4388 160 28 irresistible
637 4397 60 29 pres-

158 4439 63 20 sure
235 4430 30 27 of
277 4430 152 35 enterprise
456 4428 54 28 and
536 4428 109 38 capital,
658 4428 54 28 and

157 4470 48 27 the
215 4479 67 17 once
289 4469 117 27 familiar
563 4469 55 27 and
656 4469 42 28 fos-

312 4519 62 17 now
406 4508 85 29 found
526 4508 186 39 employment

154 4550 89 29 under
256 4550 47 28 the
312 4550 55 28 fast
375 4550 155 38 increasing
543 4550 165 37 companies,

154 4600 31 20 so
199 4593 60 25 that
272 4590 47 28 the
333 4590 168 38 resumptiou
525 4590 29 27 of
579 4589 69 39 duty
674 4600 34 18 on

155 4630 66 37 gold
236 4630 90 28 would
350 4630 35 28 be
407 4630 51 29 felt
479 4630 50 28 but
553 4640 65 28 very
641 4630 69 29 little

155 4671 37 37 by
207 4671 47 28 the
267 4670 128 39 working
417 4670 96 35 miner,
536 4670 54 28 and
619 4670 88 28 would

153 4711 192 37 considerably
359 4712 120 28 increase
491 4712 45 27 the
546 4721 119 19 revenue
679 4712 29 28 of

150 4752 51 28 the
214 4757 125 32 country.
381 4752 45 28 He
439 4752 62 27 held
517 4752 60 27 that
590 4752 22 27 it
627 4762 53 17 was
693 4763 15 16 a

154 4797 72 24 most
240 4792 149 29 ridiculous
403 4792 81 38 thing
501 4795 28 25 to
543 4792 101 38 charge
661 4792 48 29 10s

152 4843 35 19 an
202 4842 62 19 acre
278 4833 44 28 for
336 4833 47 28 the
402 4833 53 28 bed
479 4833 29 28 of
533 4833 48 28 the
608 4832 100 30 Clutha

153 4874 73 28 river
240 4874 54 28 and
308 4874 61 28 that
381 4874 30 28 of
433 4874 79 28 other
534 4874 98 28 barren
653 4874 53 27 and

155 4914 103 29 useless
272 4919 116 24 streams
397 4914 54 28 and
463 4914 95 28 creeks
568 4914 27 27 in
607 4914 101 38 Otago,

153 4954 104 29 useless
270 4955 45 28 for
327 4966 54 25 any
409 4955 79 27 other
513 4964 119 27 purpose
658 4954 49 27 but

154 4994 149 38 dredging.
343 4994 27 27 It
379 5004 54 17 was
442 4994 59 37 just
512 5004 29 17 as
550 4994 160 27 reasonable

152 5037 29 24 to
196 5034 101 34 charge
312 5044 15 16 a
339 5039 169 31 percentage
527 5033 44 27 for
591 5033 47 27 the
661 5042 49 18 use

153 5072 30 29 of
194 5072 46 28 the
252 5076 84 24 water
346 5072 44 28 for
398 5072 116 37 floating
524 5072 46 27 the
580 5071 127 37 dredges.

192 5114 24 26 A
230 5121 83 19 warm
329 5111 151 29 discussion
496 5110 65 29 took
582 5110 78 38 place
673 5122 33 17 on

153 5162 76 18 some
242 5152 30 28 of
284 5152 47 28 the
346 5152 91 38 points
451 5150 98 35 raised,
569 5151 45 27 Mr
626 5150 65 29 Tern
701 5168 5 5 •

152 5192 95 38 pleton
269 5192 143 37 objecting
425 5191 61 29 that
499 5191 37 37 by
549 5191 158 38 abolishing

153 5235 63 25 rent
224 5241 35 19 on
270 5232 94 27 claims
375 5232 65 36 they
451 5230 88 28 would
552 5240 154 28 encourage

152 5270 157 37 monopoly,
322 5271 54 26 and
402 5270 34 27 he
463 5270 119 37 thought
608 5270 96 37 things

152 5309 90 30 would
259 5310 32 28 be
307 5310 89 28 better
409 5319 30 18 as
450 5308 64 38 they
530 5318 77 18 were.

188 5350 46 28 Mr
247 5349 87 29 Grant
360 5350 58 28 said
442 5349 60 28 that
523 5349 47 28 the
592 5352 112 35 present

151 5391 55 27 Act
220 5399 55 17 was
288 5389 138 37 stringent
443 5389 107 37 enough
566 5389 21 26 if
599 5389 104 27 carried

151 5439 48 19 out
212 5429 129 39 properly
354 5433 28 25 to
395 5434 117 33 prevent
525 5428 176 39 monopolies,
713 5425 1 43 j

148 5470 56 28 and
218 5470 107 34 moved,
367 5469 71 28 That
451 5469 28 28 in
492 5469 46 29 the
552 5469 109 38 opinion
673 5470 29 28 of
713 5467 1 45 j

148 5510 49 28 the
212 5510 105 28 Millers
327 5509 63 28 Flat
403 5510 116 27 Miners'
530 5510 172 28 Association
713 5503 1 39 |

150 5556 22 23 it
186 5549 90 30 would
291 5550 34 29 be
345 5549 45 29 for
409 5549 47 29 the
479 5549 102 29 benefit
606 5550 29 29 of
656 5550 48 29 the

148 5591 110 38 mining
273 5591 126 37 industry
414 5590 55 28 and
491 5601 17 17 a
529 5590 82 29 fairer
633 5592 69 27 form

150 5631 31 29 of
206 5630 125 29 taxation
357 5634 28 25 to
410 5630 69 28 have
510 5630 48 28 the
591 5637 62 22 rent
672 5632 34 32 .of

150 5671 95 29 claims
270 5669 142 30 abolished
434 5670 55 28 and
512 5670 46 28 the
579 5671 69 38 duty
670 5681 35 19 on

150 5712 68 40 gold
227 5711 136 30 resumed.
423 5710 57 30 The
491 5712 148 29 resolution
651 5723 54 17 was

146 5752 142 31 seconded
315 5753 37 39 by
378 5752 47 28 Mr
455 5752 170 30 Richardson
651 5753 53 29 and

145 5794 116 34 parried.

3475 107 167 56 Friday,
3668 113 230 43 November
3921 109 38 47 S,
3977 106 100 46 IS'SI

1644 116 200 44 MOUNT
1935 112 226 48 BEHG.BE
2249 113 151 42 MAIL.

3623 5605 82 22 Printed
3720 5606 39 21 and
3776 5605 82 22 l*uU;sli
3872 5606 12 19 <1
3906 5611 25 21 i»y
3952 5604 102 23 WILUAM
4070 5606 106 22 PANNSLL

3677 5639 125 21 MATIHKVfe
3813 5642 26 17 ioi
3854 5638 34 22 llm
3899 5639 109 26 propiieloi
4013 5646 17 19 8,
4041 5640 80 21 Dt'KMX
4130 5646 45 15 AND

3677 5675 132 26 Mattmlhh,
3831 5679 21 15 at,
3874 5673 54 23 tUair
3945 5674 120 26 Registered
4083 5675 103 28 Printing,.

3677 5709 70 22 Office.
3768 5710 94 21 SioilhiiJ
3873 5711 70 25 ntuet,
3963 5708 120 30 Roxburgh,
4102 5710 67 31 Qtagc

3583 5750 21 18 0.
3674 5747 50 21 New
3743 5747 197 26 Zetland-Kiiday,
3950 5746 114 22 NovetuOer
4074 5748 19 23 5,
4102 5743 54 28 JB&7.

1976 1856 477 84 WINTER

1684 2374 411 89 GOODS

1870 3427 37 68 t

1445 3464 53 79 A

1811 3548 94 96 4

1783 4399 66 94 •

1637 5176 48 52 1)
1717 5174 45 55 U
1797 5175 34 51 X
1863 5174 114 55 EI)
2013 5175 15 53 L
2061 5176 70 53 X.

750 225 47 55 [)
802 270 13 12 9
880 224 44 37 A.
1000 217 296 43 BUCHANAN,

826 298 72 22 BOOT
927 297 58 21 AND
1011 294 74 22 SHOE
1111 290 111 27 MaKER,

792 344 140 30 Scotland
944 360 10 5 -
966 351 105 26 street,
1091 339 162 28 Roxburgh.

855 441 92 37 Every
968 438 167 38 description
1159 434 28 29 of

924 542 31 20 to
977 533 141 28 Measure.

745 588 43 27 Fit
801 585 181 29 Guaranteed.
1060 582 42 28 Fit
1114 576 181 33 Guaranteed.

796 678 123 22 REPAIRS
944 675 113 23 NEATLY
1089 670 155 25 EXECUTED.

864 757 23 27 A
911 755 85 28 Trial
1020 752 150 30 Solicited.

867 842 43 33 A.
990 833 301 41 MILLER,

739 916 135 25 BUILDER,
889 914 105 22 JOINER
1009 911 61 21 AND
1089 907 203 24 UNDERTAKER.

834 965 71 29 Ross
927 965 96 33 Place,
1044 962 163 28 Lawrence.

882 1117 26 29 A
931 1111 219 33 SPECIAL!Y.

740 1209 155 36 Quantities
910 1205 136 40 Prepared
1069 1204 55 28 and
1146 1201 148 30 Estimates

767 1250 88 28 Given
869 1250 43 27 for
924 1248 35 28 all
973 1248 99 27 classes
1086 1245 29 28 of
1129 1241 135 31 Builders'

973 1286 97 29 Work.

914 1378 18 34 f.
1020 1371 33 40 B
1098 1370 35 40 L
1179 1367 114 46 OY,

790 1425 5 2 -
802 1418 9 11 •

766 1441 197 22 WHITEHAVEN
977 1439 111 26 STREET,
1103 1437 168 22 LAWRENCE.

745 1532 109 27 I'.OAK:
895 1529 80 29 AND
1004 1525 219 31 RESIDENCE
1244 1524 49 29 AT

788 1579 252 30 REASONABLE
1060 1577 188 30 CHARGES.

849 1668 94 26 Mkals
963 1675 32 18 at
1014 1673 49 20 all
1082 1666 107 26 Hours.

755 1760 57 26 Tlu-
827 1760 61 26 best
903 1756 244 29 Accommodation
1169 1757 44 26 for
1227 1755 46 27 the

875 1797 159 38 Travelling
1049 1795 105 28 Public.

736 1886 103 29 GOOD
854 1883 201 31 STABLING.
1096 1881 95 29 OATS
1209 1880 82 29 AND

848 1924 128 31 CHAbF
997 1922 51 30 ON
1072 1922 106 30 SALE.

782 2000 237 51 I'EBBEBT
1067 1999 100 30 AND
1216 1997 75 36 CO.,

929 2067 168 23 LAWRENCE.

895 2160 153 30 Importers
1067 2169 68 19 ok—

738 2218 200 36 Ironmongery

824 2262 189 40 Agricultural
1039 2261 179 38 Implements

999 2308 186 37 Agricultural
1207 2307 84 28 f-eed*

910 2366 215 31 GROCERIES

756 2426 97 30 TEAS
966 2424 96 30 TEAS
1176 2426 13 24 'I
1204 2423 68 29 KAS

741 2473 127 39 (Ceylon)
959 2471 120 37 (Indian)
1170 2470 120 36 (China.)

739 2550 93 50 W*
905 2549 59 65 J,
1027 2547 266 61 Martin,

741 2630 286 30 WATCHMAKER
1046 2629 23 29 &
1084 2628 211 30 JEWELLER

832 2683 70 29 Ross
923 2683 97 34 Place,
1040 2682 163 28 Law-rence.

742 2764 140 35 Watches,
902 2763 100 29 Clocks
1023 2762 53 29 and
1098 2762 146 37 Jewellery
1266 2762 28 28 of

785 2805 35 27 all
834 2804 182 38 descriptions
1029 2803 68 38 kepi
1110 2803 27 27 in
1153 2802 95 29 Stock.

756 2856 70 29 Nice
841 2856 137 28 Selection
991 2855 29 29 of
1038 2855 78 35 Gem,
1131 2854 143 39 Wedding

870 2903 54 21 and
940 2896 108 38 Keeper
1062 2896 97 37 Rings.

739 2977 17 21 A
770 2976 107 22 CHOICE
898 2975 183 22 ASSORTMENT
1101 2975 35 21 OF
1156 2974 138 22 ARTICLES

761 3010 140 20 SUITABLE
911 3010 55 20 FOR
978 3009 138 20 WEDDING
1128 3009 149 19 PRESENT*.

797 3077 156 40 Spectacles
968 3083 27 23 to
1010 3076 62 30 Suit
1084 3076 36 30 all
1136 3076 105 39 Sights.

760 3159 105 29 Watch
898 3167 55 20 and
987 3157 89 30 Clock
1113 3156 118 29 Repairs
1263 3166 16 19 a

943 3206 158 21 Specialty.

738 3280 115 38 Repairs
867 3290 30 17 or
910 3279 102 28 Orders
1030 3279 72 28 from
1116 3278 47 28 the
1177 3281 118 35 country

788 3320 37 37 by
847 3323 62 34 post
932 3319 54 27 will
1009 3318 106 29 receive
1137 3322 112 34 prompt

941 3359 146 29 attention.

754 3434 110 25 FANCY
890 3434 112 24 GOODS
1110 3433 167 25 DKAPEkY.

747 3540 94 53 FJ
886 3539 136 25 WATKka
1049 3540 91 24 desires
1166 3544 24 20 to
1216 3540 74 27 no.ify

787 3591 5 5 .
824 3574 53 23 that
893 3574 42 23 >he
1029 3573 23 23 in
1063 3575 65 22 stock
1146 3572 86 25 Ladies
1244 3580 44 16 and

738 3606 115 25 Children
864 3615 10 14 s
893 3606 196 30 Undtrclothing.
1107 3608 45 21 and
1166 3608 30 21 all
1217 3606 74 25 kinds

739 3642 23 22 ef
778 3640 115 29 Drapery.

771 3683 78 30 F*ncy
863 3683 82 24 Good*
956 3693 13 13 ;i
985 3683 136 31 Specialty.

776 3727 134 24 Christmas
919 3728 47 23 and
980 3727 52 24 New
1048 3726 62 25 Year
1121 3732 138 26 presents—

863 3780 13 15 a
893 3778 64 24 great
971 3779 86 17 v?netv
1070 3778 23 18 to
1107 3773 61 23 band

865 3806 99 23 lu-L-eci
978 3814 19 14 >n
1011 3806 91 23 luvitt-d

768 3838 29 25 Yi
812 3847 13 15 n
841 3839 36 25 iny
893 3840 44 21 and
951 3846 32 16 a't
1013 3838 150 26 *eed>ewoik
1176 3839 86 26 Uruht

834 3877 110 20 bummer
958 3874 81 23 Gooc's
1056 3880 51 16 now
1122 3883 28 12 »n
1169 3873 61 24 hand

745 3928 105 23 Address
857 3928 152 23 —<>nuond's
1022 3927 44 24 Bui
1080 3929 55 29 ding
1149 3931 21 19 lv
1182 3930 95 28 xburgh

891 4048 58 20 THE
962 4048 185 21 CELEBRATED

741 4085 169 30 CORNISH
931 4087 203 29 AMERICAN
1154 4087 140 32 PiANOS

883 4135 81 28 AND
990 4135 162 30 ORGANS.

750 4212 40 52 YJ
803 4212 118 29 ESSRS
947 4212 168 31 CORNIbH
1138 4213 24 29 &
1177 4215 56 30 CO.
1248 4227 45 18 are

839 4253 47 28 the
900 4253 62 38 only
977 4254 59 27 firm
1052 4254 29 27 of
1095 4254 87 28 actual
1198 4265 76 18 manu-

741 4292 134 30 facturers
889 4293 28 30 of
937 4294 67 38 high
1027 4294 85 37 grade
1127 4294 98 30 Pianos
1238 4297 53 28 and

742 4333 107 39 Organs
875 4334 27 27 in
929 4334 47 27 the
1015 4335 100 27 United
1142 4339 91 26 fctates
1265 4337 28 27 of

743 4374 109 28 Ameria
885 4374 98 37 selling
1013 4375 167 38 exclusively
1206 4376 86 30 direct

741 4414 70 28 from
825 4415 47 28 the
886 4416 105 36 factory
1003 4419 27 24 to
1042 4416 46 27 the
1097 4417 111 35 general
1223 4419 55 35 pub

740 4454 45 34 lie,
794 4460 27 21 at
831 4455 168 37 guaranteed
1012 4455 142 28 wholesale
1165 4457 73 36 price
1249 4458 43 27 for

739 4505 16 16 a
768 4495 88 37 single
870 4495 175 28 instrument.
1085 4495 44 29 No
1143 4504 98 29 agents
1261 4508 30 17 or

738 4534 105 29 dealers
865 4546 46 18 are
931 4535 114 29 allowed
1072 4540 28 25 to
1122 4536 100 30 handle
1245 4538 46 29 the

740 4575 115 28 Cornish
865 4577 144 26 American
1025 4575 99 30 Pianos
1131 4587 32 18 or
1170 4577 118 31 Organs.

739 4615 27 28 It
779 4626 23 18 is
817 4615 55 38 just
886 4627 28 17 as
928 4627 63 27 easy
1006 4616 43 29 for
1063 4616 47 29 the
1133 4617 109 28 readers
1261 4619 29 28 of

738 4656 54 27 this
806 4666 83 28 paper
902 4661 27 24 to
943 4657 36 28 sit
992 4657 80 28 down
1098 4657 54 28 and
1175 4659 80 26 order
1274 4669 16 17 a

738 4695 85 30 Piano
837 4708 30 17 or
882 4696 93 39 Orgau
988 4697 71 29 from
1074 4697 135 36 America,
1223 4709 30 18 as
1262 4702 28 25 to
1299 4695 1 43 J

738 4737 80 28 order
828 4747 51 18 one
893 4739 68 26 from
975 4739 70 26 their
1057 4738 84 28 music
1152 4744 82 29 store,
1244 4737 56 36 the!

737 4777 63 38 only
816 4777 146 29 difference
978 4778 83 37 being
1075 4778 64 37 they
1154 4778 52 28 will
1225 4789 64 18 save

738 4819 68 27 from
822 4819 35 27 50
871 4822 28 24 to
917 4819 49 27 100
979 4829 50 28 per
1041 4825 72 22 cent.

776 4857 52 30 We
842 4859 68 29 have
926 4858 108 40 Organs
1048 4860 69 28 from
1131 4861 38 28 £6
1182 4864 27 26 to
1223 4861 68 34 £25,

738 4899 99 28 Pianos
850 4901 69 26 from
935 4902 57 25 £»J4-
1006 4904 27 23 to
1047 4902 66 31 £OO,
1124 4901 54 27 and
1189 4911 39 17 we
1242 4902 48 27 sell

738 4939 120 29 forcash
873 4949 31 18 or
930 4949 71 27 upon
1022 4939 161 29 instalment
1203 4941 87 36 plans,

738 4984 29 22 to
781 4979 55 26 suit
858 4981 47 25 the
929 4979 183 28 convenience
1125 4981 29 25 of
1167 4979 46 27 the
1227 4989 48 26 pur-

738 5017 103 28 chaser.
883 5017 56 29 Our
971 5018 76 37 large
1076 5018 53 27 and
1157 5019 133 36 complete

738 5057 143 35 catalogue
904 5057 53 28 will
983 5058 35 27 be
1042 5057 154 28 forwarded
1217 5068 72 27 upon

737 5102 118 32 request.
896 5097 26 28 It
936 5098 23 25 is
973 5097 46 27 the
1032 5097 82 28 finest
1122 5097 165 38 description

736 5137 29 27 of
778 5135 99 30 Pianos
891 5137 55 28 and
961 5136 108 39 Organs
1082 5137 90 28 issued
1189 5137 34 38 by
1234 5148 53 27 any

735 5176 60 28 firm
818 5177 29 27 in
870 5177 47 28 the
943 5182 124 32 country,
1081 5177 53 28 and
1149 5177 78 37 gives
1241 5177 45 28 the

734 5215 89 28 actual
836 5216 105 38 factory
955 5217 79 27 value
1047 5217 29 27 of
1088 5227 82 26 every
1184 5217 101 29 instru-
1299 5212 1 45 j

735 5259 74 24 ment
822 5255 22 28 it
856 5256 148 27 describes.
1028 5255 74 28 With
1116 5267 82 27 every
1212 5263 72 21 cata-
1299 5250 1 44 I

733 5294 81 38 logue
827 5295 22 27 is
863 5295 146 37 presented
1023 5305 50 18 our
1086 5295 100 39 unique
1200 5297 84 26 refer-
1298 5294 2 40 j

731 5344 67 18 ence
812 5334 82 36 book,
936 5335 57 28 The
1010 5335 85 29 Heart
1108 5338 28 26 of
1149 5337 48 27 the
1217 5336 50 29 Peo-

829 5374 88 29 Write
926 5375 43 28 for
978 5376 152 36 catalogue.
1151 5376 132 34 Address,

854 5424 171 31 CORNISH
1046 5424 23 31 &
1093 5426 67 37 CO.,

745 5473 162 27 Washington,
922 5475 53 20 New
988 5475 90 26 Jersey,
1091 5475 57 26 U.S.,
1159 5477 111 19 America.

733 5542 99 30 'THE
878 5543 135 30 WIFE'S
1065 5544 221 30 WELFARE—

819 5584 121 30 Treatise
961 5586 97 37 posted
1081 5588 66 27 free.
1187 5586 28 28 It
1233 5586 52 28 will

736 5624 78 29 teach
837 5636 53 23 you
918 5636 73 18 more
1006 5628 64 25 than
1084 5627 35 27 all
1143 5627 47 27 the
1206 5637 80 27 years

735 5664 99 39 you've
848 5665 80 29 lived.
971 5667 87 35 Every
1071 5676 104 18 woman
1189 5666 97 28 should

735 5704 64 30 read
831 5705 30 29 it.
905 5706 86 28 Write
1025 5707 73 29 Prof.
1134 5706 154 36 Hermann,
1299 5704 1 40 j

736 5746 106 30 French
858 5748 154 36 Specialist,
1033 5750 29 26 iO
1084 5748 204 38 Collins-piace,
1299 5746 1 41 j

738 5786 170 31 Melbourne.

3671 224 72 27 mm

3487 237 26 13 Xf.fr.

3117 270 74 22 *ss&■•*

3315 278 99 24 SHE

3029 312 37 13 «*sc

3119 353 19 38 f
3200 353 89 40 THAT
3311 353 90 43 YOUR
3425 353 107 43 BOOTS
3561 382 30 20 v

3119 425 60 42 ARE
3201 424 152 42 BRANDED
3373 424 43 42 ON
3438 425 66 42 THE
3528 426 86 41 HEEL

3031 358 39 29 ■T

3000 373 3 1 .

3607 374 18 21 S-

3010 393 31 31 %

2970 431 19 3 ..

2956 437 7 16 :■
2983 437 3 16 ■'

3663 450 2 15 L
3671 450 2 15 '

3843 454 61 24 ?SA

3678 472 12 11 '-
3695 474 47 13 ■-S£'>
3748 472 11 4 ~

2470 501 580 2 .
3683 501 2 2 .

3920 505 74 20 *Efl£H

3382 518 27 31 M

4014 561 29 24 w.

3652 609 50 19 <,v^

3624 618 28 12 ~y

3916 647 46 22 9W
3974 642 19 21 i»

3663 693 78 13 i3EE:==

3606 714 1 1 ■

3431 725 29 32 fc

3608 731 28 22 s«

2600 746 28 16 .:-,!.
2639 752 13 10 .:.

3497 755 39 23 ,■>•

3625 767 22 12 ■■■'.

3920 767 154 30 t:K^

3639 779 49 23 .*£'

3039 780 46 23 ?>■%,

3278 798 29 17 *M

3382 800 41 8 .-,.;,..-

2584 1023 120 29 FIRST.
2913 1024 159 30 SECOND.
3282 1024 130 30 THIRD.
3613 1026 166 30 FOURTH.
3980 1026 128 32 FIFTH.

2484 1063 121 28 BOOTS
2639 1064 65 27 with
2744 1064 55 28 this
2840 1064 41 28 On
2895 1066 55 26 tins
2974 1064 92 28 Brand
3086 1065 64 36 only
3191 1064 72 36 Only
3284 1066 47 26 the
3353 1076 66 25 very
3443 1066 61 27 best
3544 1066 133 35 Farmers,
3734 1068 113 34 Miners,
3887 1067 57 28 The
3953 1068 137 26 Standard
4098 1066 95 28 Brand

2485 1103 92 29 Brand
2587 1114 34 19 on
2632 1104 47 30 the
2688 1104 59 29 heel
2755 1115 45 18 tire
2840 1105 46 29 the
2918 1116 67 28 very
3023 1106 62 28 best
3123 1103 30 31 of
3191 1104 28 29 of
3231 1104 139 30 Materials
3382 1116 45 19 are
3436 1106 64 29 used
3542 1106 51 30 and
3608 1107 35 29 all
3659 1107 60 31 who
3732 1111 73 26 want,
3819 1111 28 26 to
3890 1108 80 30 Hoots
3984 1107 54 31 and
4050 1107 86 30 Shoes
4145 1117 47 19 are

2484 1145 171 38 guaranteed
2661 1150 29 23 to
2697 1146 43 27 Fit
2746 1147 55 27 and
2841 1146 152 29 Workmen
3024 1157 45 17 are
3095 1156 56 18 em-
3191 1147 25 25 in
3254 1148 54 25 tVis
3350 1148 91 26 Brand
3475 1149 28 26 of
3542 1149 69 35 keep
3631 1150 72 26 their
3716 1150 56 26 feet
3786 1150 60 36 dry,
3885 1149 101 28 known
4005 1150 70 26 from
4097 1148 92 28 Auck-

2559 1184 85 30 Wear
2657 1185 69 29 well.
2942 1186 109 39 ployed.
3218 1186 84 28 Boots
3314 1186 55 28 and
3385 1186 96 30 Shoes.
3576 1191 43 34 try
3634 1188 54 28 this
3708 1188 100 30 Brand.
3887 1188 62 29 land
3963 1193 28 25 to
4005 1188 47 30 the
4066 1188 76 29 Bluff
4149 1184 54 41 for'

3920 1229 116 37 sterling
4046 1229 114 37 quality.

2524 1266 74 28 ALL
2618 1266 119 30 BOOTS
2759 1267 170 29 BEARING
3259 1266 51 29 ON
3339 1266 77 30 THE
3438 1266 102 31 HEF.L
3572 1268 74 28 ARE
3672 1269 322 30 MANUFACTURED
4014 1270 40 28 IN
4077 1269 77 29 THE
4173 1266 3 33 .

2801 1308 252 29 CELEBRATED
3365 1308 131 28 BRAND
3518 1308 96 29 BOOT
3635 1309 176 30 FACTORY
3831 1310 49 28 BY

2766 1370 372 66 RARGOOD,
3185 1370 128 57 SON
3354 1370 46 56 &
3440 1371 244 65 EWEN,
3737 1400 191 30 dunedin.

2537 1440 175 23 WHOLESALE
2739 1442 86 20 ONLY.

2486 1545 179 52 MILLS,
2688 1546 131 40 DICK,
2846 1546 37 33 &.
2910 1543 125 36 CO.'S

2729 1603 69 29 1897

2503 1654 190 30 ALMANAC
2716 1664 54 18 and
2792 1652 230 30 DIRECTORY.

2668 1701 86 37 Price,
2770 1702 29 29 Is
2814 1701 45 30 6d.

2487 1783 90 38 Every
2603 1781 124 36 Farmer,
2755 1781 105 35 Miner,

2734 1829 53 29 and
2817 1828 133 29 Business
2976 1826 59 28 Ma*

2562 1883 107 29 Should
2696 1882 120 28 Procure
2839 1893 16 16 a
2881 1881 87 37 Copy.

2515 1961 59 31 Can
2600 1962 36 28 be
2662 1960 54 29 had
2742 1960 72 29 from
2841 1960 47 28 the
2914 1958 85 28 under-

2665 2000 160 32 mentioned
2827 2018 37 4 —

2523 2062 119 29 Mackay
2657 2061 95 34 Bros.,
2766 2059 155 39 Roxburgh

2523 2103 27 29 J.
2565 2103 128 34 Noonan,
2709 2100 109 31 Ettrick

2523 2144 92 28 Johns
2631 2152 54 19 and
2700 2141 147 36 M'Combe,
2863 2141 103 28 Millers
2981 2138 54 30 Flal

2523 2185 27 28 J.
2566 2184 33 29 R.
2616 2183 92 36 Kemp,
2810 2182 54 28 Hill
2881 2181 61 29 Flat

2524 2225 31 28 L.
2572 2226 88 33 Ryan,
2674 2225 71 33 Jnr.,
2762 2223 159 28 Alexandra
2935 2221 89 28 South

2524 2265 31 28 B.
2570 2264 124 35 Naylor,
2710 2263 88 38 Clyde

2470 2345 2 40 !
2490 2347 137 35 Tl/fANY
2650 2348 99 29 Ladies
2770 2346 137 39 complain
2923 2346 60 28 that
2997 2345 38 29 the

2471 2386 1 40 \
2585 2390 55 27 Tea
2653 2389 65 37 they
2733 2388 69 28 have
2814 2388 68 27 been
2899 2386 80 38 using
2993 2386 42 28 has

2471 2427 1 34 !
2487 2430 108 28 neither
2605 2428 128 33 strength
2745 2439 50 17 no-
2804 2428 113 28 flavour.
2940 2427 26 28 If
2977 2427 58 34 fchej

2470 2467 2 42 |
2487 2475 43 31 try
2546 2470 87 28 Kozie
2646 2469 56 29 Tea
2714 2469 66 38 they
2794 2467 54 29 will
2863 2468 33 28 be
2911 2467 120 29 satisfied

2485 2512 93 27 Johns
2595 2510 24 28 &
2639 2510 148 34 M'Combk,
2804 2511 117 36 Agents,
2939 2507 96 29 Millers

2486 2552 70 29 Flat.

2484 2629 551 66 CltM.V«ggftCo.

2488 2721 139 29 CTOCK
2653 2721 35 27 all
2712 2721 47 27 the
2784 2719 113 37 leading
2927 2717 108 47 relish

2561 2762 54 28 and
2630 2761 119 29 German
2764 2760 98 29 Makes
2876 2759 30 29 of
2922 2759 98 28 Pianos
3033 2759 2 31 :

2536 2813 175 26 BRINSMSAD,
2731 2812 139 25 COLLAR!),
2890 2811 99 25 NAMES,

2679 2839 169 26 EAVESTOFF,

2484 2881 204 25 SCHWECHTEN,
2700 2880 70 25 LIPP,
2780 2878 100 22 GOR8&
2890 2876 145 27 KALLMAK,

2611 2917 166 26 GERHARDT,
2794 2917 125 21 HANSEN.

2470 2980 1 59 |
2524 2990 119 38 Chas.
2668 2989 110 47 Begg
2801 2987 84 38 and
2909 2985 98 39 Go.'s

2485 3058 233 31 EXHIBITION
2749 3056 132 31 MODEL
2913 3055 122 45 rIANO,

2687 3112 56 28 £3B
2765 3119 75 20 nktt.

2484 3192 121 30 STORY
2631 3192 24 28 &
2684 3190 162 30 CLARK'S
2876 3188 159 36 ORGANS,

2582 3243 177 28 KIMBALL
2780 3241 162 35 ORGANS,

2483 3296 82 28 From
2575 3296 56 28 £2O
2641 3299 28 24 to
2679 3291 79 33 £50..
2766 3293 91 29 .From
2869 3293 56 28 £2O
2933 3296 29 24 to
2972 3291 63 29 £SO.

2483 3375 147 31 BESSON
2658 3375 24 29 &
2714 3373 179 30 BOOTY'S
2916 3371 119 31 BRASS

2618 3414 287 30 INSTRUMENTS.

2483 3497 98 29 Violin
2596 3497 68 29 Bow
2683 3497 152 27 Repairing
2848 3504 17 19 a
2880 3495 154 28 Specialty.

2521 3549 102 34 Violin,
2639 3549 65 28 Bow
2718 3547 54 29 and
2790 3547 100 29 Case...
2933 3544 68 38 30/-

2518 3590 185 34 Accordeons,
2718 3589 71 28 from
2862 3611 29 4 ...
2953 3585 46 39 7/o

2551 3670 110 29 CHAS.
2683 3668 101 29 BEGG
2811 3667 77 28 AND
2910 3666 56 31 CO.

2481 3719 80 29 Have
2582 3718 46 29 the
2653 3718 104 38 largest
2780 3716 54 28 and
2857 3721 71 23 most
2943 3714 91 30 varied

2480 3760 78 29 stock
2573 3759 28 28 of
2616 3759 89 28 Music
2716 3758 26 27 in
2755 3757 48 28 the
2813 3761 5 19 <
2829 3757 97 28 'olonv.
2968 3756 66 28 New

2577 3800 161 39 Shipments
2754 3797 187 39 Fortnightly.

2664 3851 71 30 New
2756 3851 97 29 Songs.

2516 3895 81 28 Morn
2630 3894 30 29 of
2698 3893 124 29 Sorrows
2824 3890 211 30 —Snowflakes

2481 3934 171 29 Fair—Gate
2665 3934 29 28 of
2714 3933 61 28 Life
2777 3932 93 28 —For
2890 3932 45 27 the
2961 3931 60 28 Chil-

2478 3976 92 29 dren's
2585 3973 183 31 Sake—Wilt
2782 3973 76 28 Thou
2874 3973 33 27 be
2926 3972 72 28 Mine
3001 3989 34 3 —

2481 4017 137 28 Sunshine
2651 4013 194 31 Above—She
2879 4013 101 37 Stoops
3007 4017 27 24 to

2481 4057 128 38 Conquer
2610 4056 82 28 —No
2714 4056 44 27 for
2780 4065 34 17 an
2836 4055 116 27 Answer
2954 4052 80 29 —No

2480 4098 90 28 Man's
2585 4097 86 29 Land.

2611 4149 100 28 Violin
2731 4157 55 19 and
2806 4147 96 27 Piano.

2517 4189 129 30 Andante
2668 4193 29 24 et
2720 4188 119 29 Scherzo
2862 4185 172 40 Capriccioso

2481 4231 113 36 (David)
2674 4229 101 28 Bach's
2819 4232 39 23 Ist
2900 4227 134 28 Concerto

2483 4270 108 38 (Alard)
2596 4269 125 29 —Three
2758 4268 93 29 Pieces
2879 4265 155 41 Classifies

2481 4311 191 38 (Kagghianti)
2676 4306 355 38 —LesEehoes(Leonard)

2478 4351 174 29 —Mazurka
2690 4350 34 29 de
2770 4350 118 28 Conceit
2935 4347 99 34 (Ovide

2479 4393 103 34 Musin)
2586 4392 176 28 —Romance
2798 4389 124 35 (Jausen)
2926 4390 107 26 —Sou-

2479 4433 77 28 venir
2570 4433 33 27 de
2618 4432 102 37 Haydn
2738 4431 7 36 (
2774 4430 125 36 eonard).

2520 4515 120 39 Chas.
2665 4514 110 46 Begg
2802 4511 82 39 and
2909 4510 75 42 Co.,

2493 4576 31 26 21
2568 4576 118 25 Princes
2723 4572 113 34 Street,
2873 4570 137 33 Dunemn,

2476 4626 113 38 Having
2615 4636 16 19 a
2657 4625 76 28 Most
2760 4623 126 29 Efficient
2910 4622 72 28 Staff
3001 4620 28 28 of

2478 4666 159 34 Workmen,
2647 4676 50 18 can
2710 4664 99 38 Kepair
2819 4663 53 27 aiul
2896 4663 4 39 I
2911 4672 52 17 une
2975 4671 52 26 any

2596 4705 116 29 Musical
2733 4706 171 27 Instrument

2530 4757 48 28 AT
2605 4754 211 31 MODERATE
2838 4751 133 31 RATES.

2525 4820 31 20 To
2574 4825 26 15 he
2616 4819 127 21 Published
2758 4822 24 16 in
2792 4818 113 23 Jancaiiy,
2923 4815 53 21 18118.

2514 4865 133 29 TONES'
2679 4862 125 31 OTAGO
2835 4862 23 28 &
2886 4861 118 29 SOUTH-

2507 4892 5 20 -1
2719 4901 105 29 LAND

2524 4958 153 23 Commercial,
2694 4956 133 24 Municipal,
2840 4953 16 21 &
2871 4953 106 21 General

2632 5000 240 36 DIRECTORY,

2511 5102 89 30 NEW
2618 5099 182 31 ZEALAND
2816 5097 173 35 ANNUAL,

2698 5151 112 37 1898.

2495 5240 166 31 Fourteenth
2680 5239 74 28 Year
2773 5237 30 28 of
2822 5235 180 29 Publication.

2472 5319 89 37 Demy
2588 5317 51 29 Bvo
2665 5315 65 34 size,
2756 5311 161 37 containing
2939 5311 83 28 about

2489 5355 284 40 Doopages,together
2783 5353 63 28 with
2857 5360 146 20 numerous

2525 5399 81 35 AJaps
2630 5394 140 29 corrected
2792 5397 27 22 to
2833 5392 73 32 date,
2919 5390 47 27 the

2553 5436 86 30 whole
2653 5432 179 38 handsomely
2846 5429 93 30 bound

2580 5477 27 29 in
2622 5476 84 34 cloth,
2716 5471 193 41 gilt-lettered.

2479 5559 73 27 l'rice
2565 5562 29 24 to
2609 5553 187 35 Subscribers,
2810 5551 49 30 12s
2873 5549 34 30 Gd
2918 5561 7 23 ;
2946 5548 80 30 Nonr.

2621 5594 185 34 Subscribers,
2819 5593 55 28 15s.

2521 5675 131 35 STOxNE,
2685 5672 83 35 SON,
2799 5670 82 30 AND
2912 5669 66 34 CO.,

2662 5720 179 34 PCBLISHEKS,

2533 5769 142 30 Crawford
2701 5768 100 33 Street,
2825 5763 137 31 Dunedin.

3271 1654 258 58 COACH
3591 1654 407 68 BUILDERS,

3307 1756 333 34 WHEELWRIGHTS,
3680 1757 285 35 BLACKSMITHS,

3612 1829 54 19 AND

3162 1883 304 29 AGRICULTURAL
3506 1883 229 29 IMPLEMENT
3773 1883 368 37 MANUFACTURERS;,

3437 1957 72 29 Ross
3550 1958 99 35 Place,
3687 1958 163 30 Lawrence.

3114 2052 74 28 ALL
3229 2051 124 29 KINDS
3392 2053 48 27 OF
3479 2051 147 29 MINING
3666 2051 233 29 MACHINERY
3939 2053 108 27 MADE
4085 2052 100 32 ANIh

3542 2104 203 29 REPAIRED.

3532 2198 110 28 Agents
3663 2207 48 20 for
3712 2215 36 5 —

3076 2265 230 40 Massey-Harris
3328 2265 120 40 Reapers
3470 2265 55 28 and
3556 2265 122 36 finders,
3700 2265 177 36 Cultivators,
3904 2266 138 38 hcufflers,
4069 2265 140 42 Ploughs^

3539 2307 89 27 Horse
3642 2307 99 34 Rakes,

3383 2359 120 29 t'eerless
3524 2359 52 34 Oil,
3598 2359 103 28 Binder
3721 2359 102 35 Twine,
3844 2359 48 29 &c.

3128 2440 47 28 All
3206 2440 88 28 Work
3325 2440 152 29 Entrusted
3500 2443 29 25 to
3555 2439 42 29 Us
3623 2440 54 27 will
3704 2439 116 29 Receive
3848 2440 114 39 Prompt
3989 2441 156 29 Attention.:

3400 2521 132 20 CHARGES
3559 2521 134 20 STRICTLY
3720 2521 155 20 MODERATE

3331 2609 76 30 FOR
3445 2609 119 30 SALE!

3710 2609 75 29 FOR
3824 2609 117 30 SALE!

3089 2696 16 25 A
3154 2691 218 30 STAUNCH
3406 2691 92 29 AND
3536 2691 252 29 HANDSOME
3826 2691 151 30 THORO
3989 2691 227 36 UGHBRE.Lb

3534 2846 141 29 Produced
3703 2845 34 38 by

3241 2899 161 28 YANKEE
3424 2898 240 29 ENTERPRISE
3684 2898 77 29 OUT
3781 2898 48 28 OF
3851 2897 201 34 AMERICA;,

3341 2939 45 37 Up
3400 2943 28 23 to
3442 2949 52 26 any
3510 2938 111 37 weight,
3634 2938 54 27 and
3701 2938 99 27 carries
3814 2949 16 15 a
3844 2938 87 35 Lady.

3146 2990 174 30 Guaranteed
3332 2990 169 39 thoroughly
3510 2990 87 28 sound
3610 2990 54 28 and
3673 2989 84 39 quiet.
3801 2989 61 28 Will
3874 3000 62 27 pass
3947 2989 114 29 traction
4074 2988 137 38 engines,;,

3071 3036 94 30 trams,
3181 3032 94 33 trains,
3291 3036 170 27 motor-cars,
3476 3030 98 26 forked
3590 3030 149 39 lightning,
3754 3040 30 16 or
3804 3030 138 37 anything
3964 3030 64 35 else,
4051 3030 111 36 barring
4181 3039 11 24 a
4192 3039 23 24 ti

3071 3072 62 39 lady
3149 3072 129 29 mounted
3294 3082 33 18 on
3342 3070 115 30 another
3482 3070 161 29 Newhaven
3665 3070 125 30 Bicycle.

3147 3150 182 30 FARMERS
3344 3150 143 40 requiring
3501 3149 82 30 Grain
3595 3150 94 35 Drills,
3709 3154 6 24 1
3726 3150 79 39 urnip
3820 3150 53 29 and
3885 3152 114 28 Manure
4009 3150 92 35 Drills,
4115 3149 93 31 Com-,

3073 3193 82 29 bined
3170 3192 93 35 Drills,
3276 3192 67 28 Disc
3356 3194 141 33 Harrows,
3511 3190 132 38 Ploughs,
3659 3191 68 29 Seed
3744 3191 138 36 Cleaners,
3892 3203 31 17 or
3935 3203 52 24 any
4002 3192 78 28 other
4092 3190 118 38 lmple~.

3069 3237 90 23 ments
3173 3244 30 16 or
3218 3232 140 28 Machines
3371 3231 97 28 should
3480 3230 66 28 send
3560 3231 43 28 for
3616 3242 50 17 our
3679 3230 151 37 catalogue.

3094 3272 57 20 THE
3165 3271 145 22 COLONIAL
3323 3270 149 22 COMBINED
3492 3270 99 21 DRILLS
3605 3271 61 20 AND
3757 3270 144 22 HARROWS
3915 3270 57 23 ARE
3985 3270 57 21 THE
4058 3269 64 21 BEST
4136 3267 31 23 IN

3518 3297 56 19 THE
3597 3297 124 20 MARKET.

3158 3368 308 57 Morrow,
3536 3366 261 51 Bassett
3867 3364 50 53 &
3978 3368 96 50 ©cr
4075 3408 19 24 v

3320 3441 180 31 DUNtDIN
3539 3450 54 19 and
3633 3441 313 35 CHRISTCHIIRcH,

3383 3495 64 28 Sole
3461 3496 106 35 Agents
3582 3494 26 27 in
3624 3493 66 28 New
3704 3493 119 28 Zealand
3838 3493 42 29 for

3198 3537 79 29 THE
3297 3535 218 30 M'CORMICK
3536 3533 250 30 HARVES'i\NG
3805 3534 183 29 MACHINE
4009 3533 71 38 CO..

3116 3634 159 57 COS
3298 3632 204 56 SENS
3575 3640 30 46 A
3689 3630 52 55 1)
3816 3632 160 59 Hh\
4009 3631 132 64 CK,

3193 3719 231 37 ENGINEERS,
3444 3718 285 34 BLACKSMITHS,

3473 3759 311 35 IKONFOUNDEkS,

3340 3811 361 26 CRAWFORD-STREET,
3742 3810 171 28 DUNEPIN.

3380 3881 380 30 —MANUFACTURERS
3794 3880 84 30 OF

3070 3928 139 37 Pumping
3222 3925 54 28 and
3299 3923 136 38 Winding
3456 3922 168 37 Machinery,
3649 3921 229 30 HYDRAULIC
4067 3920 140 38 PLjAN^V

3137 3966 157 38 (including
3309 3963 152 39 Hydraulic
3476 3963 119 35 Giants),
3610 3961 89 28 Sluice
3715 3961 108 36 Valves,
3840 3961 125 29 Elevator
3984 3961 138 39 Castings,

3372 4004 64 28 Iron
3452 4003 53 29 and
3522 4003 74 28 Steel
3612 4002 87 28 Flumi
3722 4013 28 27 g,
3765 4002 58 35 &c,
3838 4003 49 28 &c.

3177 4057 155 32 DREDGE
3359 4055 217 34 TUMjLERs,
3598 4054 183 34 BUCKETS,
3803 4053 219 39 LINKS,,&?,,.
4030 4053 47 35 <Spc,

3072 4100 204 35 Waterwheels,
3287 4096 145 35 Turbines,
3447 4095 82 28 Brick
3544 4095 53 28 and
3612 4095 85 29 Drain
3713 4094 66 38 Pipe
3795 4094 116 38 Making
3923 4094 52 28 and
3987 4093 90 29 Wood
4090 4093 112 34 Work-,

3151 4144 46 35 ing
3215 4140 168 34 Machinery.
3424 4136 90 29 Horse
3530 4139 7 24 i
3552 4145 95 26 owers,
3662 4135 192 35 Chaft'eutttfrs,
3869 4135 102 38 Turnip
3991 4135 123 37 Pulpers,

3314 4180 52 26 and
3381 4177 35 28 all
3432 4177 80 27 kinds
3527 4178 28 27 of
3569 4177 158 36 Machinery
3741 4175 54 28 and
3810 4176 127 37 bearing.

3181 4263 15 19 A
3226 4260 77 20 VERY
3333 4259 94 20 LARGE
3453 4257 88 21 STOCK
3568 4257 35 19 OF
3630 4255 142 21 PATTERNS
3798 4255 35 24 TO
3859 4255 101 21 SELECT
3988 4254 86 21 FROM.

3064 4329 213 32 ESTIMATES
3299 4327 120 29 GIVEN

3601 4324 354 33 CORRESPONDENCE
3977 4324 208 29 SOLICITED.

3082 4413 113 38 Repairs
3209 4411 53 28 and
3277 4420 82 27 every
3373 4408 166 39 description
3555 4409 29 26 of
3599 4406 188 40 Engineering
3801 4406 53 28 and
3873 4405 193 33 IMack,smitVs
4082 4405 86 29 Work

3467 4448 145 37 Promptly.
3632 4448 148 33 Executed,

3082 4535 69 47 n(|
3257 4543 103 36 GROWN
3391 4545 37 33 ON
3461 4544 60 35 THE
3553 4545 87 33 HILLS
3670 4545 33 33 OF
3734 4545 103 34 SUNNY
3865 4544 123 36 CEYLON.
4096 4552 64 30 i.x,

3782 4874 157 38 mmiM

3353 5183 47 32 O

3925 5179 2 35 ,
3986 5179 184 30 DUNEDIN,

3487 5246 88 28 Local
3597 5246 144 28 Agkxts—■

3089 5305 33 23 D.
3139 5300 195 28 CORMACK,
3355 5298 171 30 Roxburgh;
3547 5298 123 28 JOHNS
3692 5299 23 28 &
3737 5299 180 29 M'COMBE,
3939 5301 103 26 Millers
4064 5300 70 28 Flat.

3052 5394 40 53 JT
3189 5394 42 42 J..
3302 5389 282 42 WILLIAMS

3075 5462 201 25 hairdres3er
3295 5462 62 21 and
3376 5460 200 25 tobacconist,

3248 5513 162 28 Lawkknce.

3090 5604 150 31 LADIEb'
3271 5601 296 31 HAIRCOMBIXGS

3136 5656 109 29 MAD*)
3265 5655 39 28 lis
3309 5654 48 29 TO
3378 5653 144 29 PLaITJS.

3055 5744 101 31 Orders
3166 5744 36 39 by
3211 5746 62 36 post
3282 5739 139 42 promptly
3426 5737 132 32 attended
3567 5743 17 24 tc

3586 5377 3 45 {
3606 5377 1 45 I
3678 5380 85 29 OZIE
3779 5381 83 31 TEA,
3901 5381 26 28 A
3939 5380 174 39 stimulating
4122 5381 54 30 and

3594 5418 6 12 '
3712 5419 155 40 sustaining
3880 5430 51 28 cup
3944 5420 28 29 in
3985 5430 124 20 summer.
4123 5423 55 33 an
4182 5418 4 41 4

3607 5456 2 42 I
3622 5462 104 27 winter.
3766 5461 35 28 D.
3818 5463 141 32 Coumack,
3974 5463 104 35 Agent,
4101 5461 73 30 Rox-
