3439 4401
488 39 2951 50 THE

488 89 1180 290 OXFORD
1865 89 1574 290 OBSERVER

1148 427 180 53 AND
1404 423 587 58 CANTERBURY
2065 424 497 66 DEMOCRAT,

1284 532 520 37 ci:Rcu:LA.Ti]srGr
1881 534 519 36 throughout

1146 608 96 37 jBP^J
1588 608 94 37 4^^^i
2053 609 92 31 bBST^
2152 609 114 31 Tlml^
2279 609 114 36 '^lF**^^
2397 610 118 35 HBT^r'
2520 612 113 33 *TB»^^

1726 701 228 31 Established
1999 703 90 29 1889.

49 859 139 28 Volumn
209 854 97 30 YI—
305 851 62 30 No.
409 847 103 31 NEW
530 844 154 33 SERIES.

1244 842 106 31 BAST
1374 841 186 34 OXFORD,
1585 842 245 38 SATURDAY,
1865 843 233 31 FEBRUARY
2126 846 52 34 23,
2197 847 89 29 1895.

2874 873 5 9 .
2932 852 140 30 Psics—
3074 851 90 31 ONE
3197 851 155 31 PENISY.

2892 1001 50 37 G.
2969 1002 49 37 E.
3046 1001 350 43 WEYLANDT,

3006 1052 114 38 FAMUY
3137 1063 146 28 BUTCfffR.

2914 1108 159 39 EAST
3104 1110 267 39 OXPOFD,

2952 1171 120 26 Families
3084 1172 89 25 waited
3184 1181 68 23 upon
3261 1171 76 35 ifrily.

2978 1291 284 32 ASTOUNDING
3274 1295 13 28 f

2935 1345 69 26 CAK
3041 1347 82 25 THIS
3152 1347 46 25 BE
3231 1348 112 26 TRUE?

2966 1432 63 26 YES,
3041 1434 21 20 A
3076 1434 135 21 DECIDED
3222 1436 86 21 FACT.

2866 1507 100 31 NEW
2975 1508 140 32 YEARS
3128 1510 277 33 CONCESSION.

2891 1587 51 78 C.
2985 1587 61 78 H.
3089 1587 284 81 MANNING

2957 1803 357 31 PHOTOGRAPHKE.

2867 1881 42 21 BY
2946 1882 126 21 SPECIAL
3109 1882 220 22 APPOINTMENT
3366 1883 43 21 Ta

3000 1915 81 20 EARL
3085 1914 39 20 OF
3133 1914 134 21 ONSLOW.

2867 1978 106 49 WILL,
2988 1978 91 27 During
3095 1978 41 21 the
3160 1978 83 23 Month
3261 1978 24 22 of
3302 1979 104 28 January
3411 1990 9 3 -

2942 2006 61 26 only,
3014 2007 55 19 1894
3077 2006 65 20 Issue
3151 2006 27 25 $o
3185 2006 42 21 the
3235 2006 87 21 Public.
3404 2010 16 3 ~

3013 2039 86 32 ONE
3120 2040 146 31 DOZEN

2867 2086 30 21 Of
2905 2086 37 21 his
2956 2087 191 27 Widely-known,
3163 2086 249 28 Superiorly-finished*

3062 2119 47 21 and
3126 2119 91 27 Highly

2869 2152 189 22 ENAMELLED
3114 2154 135 21 CABINET
3295 2153 117 22 PHOTO-

2869 2185 122 22 GRAPHS
3004 2186 45 20 AT
3053 2186 65 20 THE
3125 2186 145 21 NOMINAL
3283 2186 127 21 CHARGE

3124 2224 29 15 OF

3107 2257 65 29 los.

2868 2337 173 21 DUPLICATE
3057 2338 119 21 ORDERS
3191 2338 40 20 AT
3248 2337 63 21 THE
3328 2336 85 21 SAME

3098 2371 86 21 RATE.

2895 2435 49 22 The
2953 2436 82 21 Public
3044 2443 39 14 arc
3098 2436 94 21 advised
3208 2437 26 20 to
3252 2434 62 22 avail
3332 2435 74 20 them-

2868 2468 74 20 selves
2960 2467 24 20 of
3001 2467 49 21 this
3067 2467 148 27 opportunity
3232 2466 25 21 of
3286 2466 122 27 obtaining

2868 2497 124 32 high-class
3001 2502 61 20 work
3071 2502 26 21 at
3105 2502 56 21 such
3168 2507 15 15 a
3191 2501 114 21 moderate
3314 2500 93 27 charge.

2867 2577 175 21 REMEMBER
3051 2577 61 21 FOR
3121 2577 61 20 ONE
3192 2577 111 21 MONTH
3315 2576 91 22 ONLY.

2894 2636 49 20 The
2949 2637 53 20 vast
3010 2636 132 26 experience
3158 2636 108 21 obtained
3278 2635 31 26 by
3322 2634 85 22 €J.H.M

2867 2670 25 20 in
2901 2669 40 21 the
2949 2670 157 21 innumerable
3115 2669 112 22 branches
3241 2670 24 20 of
3274 2670 47 20 the^
3325 2670 80 26 photo-

2868 2704 95 26 graphic
2971 2705 39 20 art
3018 2704 86 26 during
3114 2704 38 20 his
3161 2704 85 20 Indian
3255 2703 46 21 and
3309 2702 96 23 Jtnstra-

2868 2738 39 20 ian
2924 2738 94 25 travels,
3031 2738 47 21 and
3097 2737 40 21 the
3158 2737 116 27 thorough
3292 2738 114 26 a^irecia-

2867 2772 50 21 tion
2926 2771 30 28 by
2964 2773 41 20 the
3013 2772 95 27 general
3125 2772 77 26 public
3215 2772 24 21 of
3254 2771 41 22 the
3306 2777 70 19 same,
3385 2772 21 21 is

2869 2806 111 21 sufficient
2994 2807 125 26 guarantee
3128 2806 54 21 that
3200 2805 32 21 all
3250 2805 68 21 work:
3329 2805 77 21 issued

2869 2840 59 21 from
2935 2840 36 20 his
2982 2840 85 21 Atelier
3074 2840 44 20 will
3124 2840 29 20 be
3162 2839 25 21 of-
3192 2840 40 20 the
3238 2839 97 25 highest
3338 2839 69 21 order

2962 2901 38 38 C
3023 2901 49 42 tt;
3081 2897 245 46 WANNING

2895 2959 82 20 WILL
2987 2959 42 20 DO
3038 2958 53 21 HIS
3101 2958 72 21 OWN
3182 2958 197 21 OPERAH©NS.

2871 3022 79 22 Studio
2950 3033 28 5 —
2979 3024 41 19 150
3027 3022 106 22 Colombo
3142 3023 78 24 street,
3239 3021 169 22 ChrHtorimrch.

3032 3055 157 27 Telephone—
3188 3055 42 20 No.
3240 3055 64 21 5921.

2910 3151 48 32 R.
3004 3151 56 32 H.
3105 3149 258 35 PARISH,

2996 3209 102 32 East
3122 3198 161 43 Oxford

2869 3269 47 18 one
2928 3262 28 25 of
2964 3262 44 24 the
3018 3262 94 31 largest
3123 3261 148 27 purchaser
3284 3260 28 23 im
3324 3259 83 24 North

3213 3297 39 26 bti

2868 3339 189 30 EDWARDS*
3078 3337 226 29 BENN&ims4r
3325 3337 58 25 CO.'
3385 3337 23 26 B

2985 3394 4 9 i
3068 3381 74 26 Slock
3159 3381 26 24 of

2871 3507 60 25 Will
2952 3507 31 25 be
2994 3495 66 48 /sold
3086 3508 77 23 oelow
3185 3506 133 26 iftliofesale
3344 3507 63 22 cost.

2900 3603 212 40 BUERELL
3130 3601 241 43 E2STHER3-

2948 3653 373 34 PHOTOGR&IHEKS

2869 3706 67 21 Have
2939 3706 106 21 removed
3050 3708 24 19 to
3078 3712 47 14 mor
3126 3704 167 25 <pG£saaaodioiis
3298 3704 111 26 premises

2982 3739 172 26 VICTORIA
3165 3737 134 27 STREET
3305 3749 3 6 ■

2871 3790 118 32 Opposite
3011 3790 134 26 SalvatMßji
3169 3788 77 31 Army
3278 3788 130 24 Barracks.

2904 3823 57 25 And
2973 3831 42 16 are
3027 3823 82 32 doing
3121 3821 150 28 Saianielled
3292 3821 118 24 Cabinets

2870 3862 37 25 for
2915 3861 47 35 ,6/6
2972 3871 44 23 per
3027 3862 92 26 dozen.
3139 3860 77 26 Great
3227 3860 183 32 Photographic

3044 3900 58 27 Ow?
3125 3900 26 25 oi
3173 3900 45 25 the
3239 3901 94 29 largest
3356 3907 56 17 ever

2870 3941 156 25 uitroduced.
3071 3939 77 28 Is<Mift
3171 3940 62 26 Dec.
3256 3939 70 26 11th.
3348 3939 64 26 until

2871 3981 42 24 the
2924 3981 62 24 New
2998 3981 86 26 Yea*^
3107 3981 56 25 One
3174 3981 90 24 Dozen
3281 3980 68 30 large
3361 3980 51 25 ?ize

2871 4021 22 24 F
2898 4020 128 28 namellod.
3035 4020 96 27 Bbotos
3142 4020 41 25 ior
3196 4021 53 33 15/-
3255 4020 81 29 ,usn».l
3347 4021 66 29 price

2875 4062 35 23 •£1
2924 4062 53 23 10s.
3015 4061 93 27 Secuce
3122 4070 16 16 a
3156 4061 97 33 depppil
3275 4061 78 26 ticket

2873 4100 42 32 2/6
2927 4107 58 17 now
2997 4099 94 32 leadyr
3119 4101 63 26 This
3200 4101 24 25 is
3243 4101 43 24 tho
3307 4101 110 28 greatest

2874 4139 102 28 wonder:
2983 4139 27 25 of
3027 4140 46 27 the
3097 4150 54 25 age.
3187 4142 80 27 Don'fc
3283 4140 61 26 miss
3366 4140 51 25 tbi?

2873 4180 101 28 chaaegi
3026 4195 6 9 .-
3046 4190 14 17 ;■
3077 4181 48 25 ...■':'
3222 4193 5 6 <
3258 4202 2 3 .
3300 4197 5 12 ;

3090 4221 189 31 BROTHERS

2940 4266 99 32 -;^•
3051 4274 27 25 j;
3155 4262 200 39 Bbotogi^ipliers

2941 4328 4 3 •
2990 4311 120 27 -Yictcria;
3124 4313 90 35 SJ3f€efe,
3222 4332 5 14 ;
3231 4313 180 35 Cl:^stcburrh

2472 986 118 25 GREAT
2619 989 88 25 SALE

2578 1033 32 16 OF

2307 1065 2 30 ;
2326 1058 210 33 TEWELLRY,
2571 1062 180 27 WATCHES.
2785 1065 72 24 DIA-

2319 1098 25 20 v.
2484 1095 101 24 MOND
2603 1095 121 31 GOODS,

2321 1129 128 27 SILVER
2467 1131 72 26 AND
2562 1133 285 27 ELECTRO-PLATE

2320 1168 47 24 AT
2385 1168 22 24 A
2423 1169 176 27 DISCOUNT
2623 1171 44 25 OF
2683 1173 29 24 4s
2729 1172 39 26 IN
2785 1173 72 25 THE

2419 1208 127 31 POUND,
2558 1211 102 25 FORA
2677 1212 80 26 FEW

2471 1249 125 27 WEEKS
2604 1251 101 26 ONLY.

2355 1291 115 30 £10,000
2488 1294 73 25 value
2573 1296 27 24 to
2611 1296 76 25 select
2709 1297 67 25 from
2796 1299 27 24 at

2321 1350 68 45 M.
2451 1353 403 52 SANDSTEIN

2331 1428 108 22 DIRECT
2453 1430 154 26 IMPORTER,
2635 1432 207 23 WATCHMAKER

2465 1467 59 21 AND
2539 1469 165 25 JEWELLER,

2317 1502 115 22 CASHEL
2447 1505 40 20 ST.
2508 1505 88 25 WEST,
2618 1506 232 24 OHRISTCHURCH

2460 1604 165 26 Established
2638 1608 74 24 1862.

2341 1678 31 20 M.
2384 1679 161 24 SANDSTEIN
2556 1681 40 21 has
2611 1683 117 28 appointed
2737 1683 44 22 Mb.
2790 1684 26 21 R.
2825 1684 29 21 H.

2312 1712 82 21 Parish
2410 1719 25 15 as
2451 1714 35 21 Mb
2502 1716 80 20 Oxford
2596 1716 104 26 AGENT,
2715 1717 48 21 who
2778 1719 44 20 will
2831 1720 25 20 at

2313 1751 44 17 any
2366 1745 53 19 time
2427 1752 96 18 procure,
2536 1754 29 12 on
2581 1749 149 25 approbation,
2749 1751 106 23 Watches,

2313 1776 84 27 Clocks,
2406 1779 45 20 and
2460 1780 116 25 Jewellery,
2595 1787 24 14 or
2635 1782 36 21 his
2683 1783 81 20 Oxford
2779 1784 76 20 clients

2314 1811 22 20 to
2347 1810 66 22 select
2425 1811 66 26 from,
2502 1814 23 20 at
2535 1813 36 21 the
2589 1820 61 15 same
2658 1816 58 25 price
2731 1822 26 14 as
2763 1817 92 25 charged

2313 1844 23 19 at
2345 1842 38 21 the
2392 1843 154 22 Christchnrch
2556 1846 179 22 Establishment.

2358 1896 58 41 M,
2462 1898 336 40 SANDSTEIN

2461 1956 112 21 CASHEL
2587 1956 119 26 STREET,

2403 1999 361 28 CHRISTCHURGH.

2333 2091 262 46 WALTER
2656 2095 179 45 EYDB.

2421 2187 117 22 TIMBER
2563 2189 177 23 MERCHANT.

2396 2255 120 31 WEST
2588 2257 183 39 OXFOED.

2314 2344 225 59 ROBERT
2622 2346 229 71 FISHER,

2327 2441 10 5 -
2350 2420 177 28 GENERAL
2553 2422 267 27 STOREKEEPER

2314 2469 97 45 Teas,
2452 2467 134 47 Coffees,
2624 2468 130 46 Cocoas,
2786 2467 71 40 and

2418 2516 145 40 General
2585 2516 185 39 Groceries-

2367 2568 147 30 WEST
2578 2567 225 31 OXFORD.

2319 2681 26 39 0
2374 2678 481 76 MANNING|fiOIWPANY

2517 2767 139 22 LIMITED.

2347 2825 271 27 CHRISTCHURCH
2637 2824 187 26 BREWERY.

2549 2885 63 21 THE

2468 2927 227 33 ALES

2451 2968 131 22 BREWED
2592 2968 40 21 BY
2646 2968 72 21 THIS

2407 3008 371 36 COMPANY

2509 3063 83 20 FROM
2602 3062 62 21 THE

2319 3104 223 42 CHOICEST
2558 3101 297 48 WALTOttpFB

2433 3154 46 21 Are
2488 3154 176 26 acknowledged
2672 3155 26 20 to
2706 3154 29 21 be

2316 3194 150 21 SUPERIOR
2474 3195 36 19 IN
2521 3193 137 24 QUALITY
2668 3194 39 20 TO
2714 3193 64 21 ANY
2784 3192 74 20 PRO-

2384 3235 102 21 DUCED
2500 3236 36 19 IN
2550 3235 73 20 NEW
2638 3235 150 20 ZEALAND.

2345 3273 110 27 Supplied
2459 3274 25 20 to
2488 3273 82 21 Hotels
2575 3273 47 21 and
2629 3273 93 20 Private
2727 3272 130 20 Customers

2317 3302 24 19 in
2350 3301 144 26 Hogsheads,
2505 3300 99 25 Barrels,
2615 3299 141 23 Kilderkins,
2764 3299 46 19 and
2820 3300 37 18 10-

2316 3328 89 27 --gallons
2416 3327 63 28 Kegs
2488 3328 62 27 only.

2317 3377 120 46 PALE
2460 3380 92 42 ALE
2575 3380 95 42 AND
2699 3377 158 44 EXTRA

2512 3431 134 43 STODT

2403 3484 93 22 Bottled
2518 3485 25 20 in.
2552 3482 85 27 Quarts
2647 3483 48 21 and
2702 3483 73 21 Pints.

2351 3605 481 94 SMITH&Co.,

2326 3724 71 25 THE
2407 3724 159 24 LEADING
2574 3723 120 25 FRAME
2703 3722 141 25 MAKERS

2318 3771 120 21 CORNER
2457 3770 144 21 COLOMBO
2621 3770 18 20 &
2658 3770 200 20 GLOUCESTER

2371 3807 141 21 STREETS.
2513 3813 1 1 '
2559 3807 242 21 CHRISTCHURCH.

2399 3845 54 24 The
2460 3845 120 30 cheapest
2586 3845 63 30 shop
2655 3845 28 23 in
2691 3845 76 23 Town
2771 3861 6 6 .

2349 3887 137 32 Importers
2498 3887 27 25 of
2535 3886 151 32 Mouldings,
2707 3886 80 30 Glass.
2802 3886 52 25 En-

2414 3927 117 32 gravings
2554 3927 50 24 and
2634 3927 122 25 Pictures.

2418 4124 343 33 BASKRTMAKE-EL
2810 4150 8 15 ,

2316 4197 89 26 Chairs
2416 4216 5 11 r
2429 4198 118 30 Baskote,
2557 4216 6 4 .
2573 4198 50 24 and
2644 4197 214 33 Perambulators,

2413 4246 4 34 \
2447 4246 77 27 Ma3o
2547 4246 50 24 and
2597 4240 6 9 1
2609 4246 132 34 Repaired.
2771 4238 13 35 (
2835 4251 19 20 .';

2314 4292 3 6 '
2347 4282 284 47 "QUEBKt'STES^T,
2647 4296 67 28 East
2724 4282 126 44 6x^ol^.

1810 978 453 45 SADDLER'S".

1767 1056 81 53 H.
1875 1058 63 52 J.
1955 1045 353 71 LAMIiTG

1862 1135 349 37 SADDLER

2002 1180 65 22 AND

1769 1216 290 40 HARNESS
2094 1220 213 39 MAKER

1914 1269 73 26 Neab
2005 1270 151 31 Saleyakds,

1801 1313 47 39 O
1872 1313 66 41 X
1962 1314 198 42 FOB
2185 1317 47 39 D
2257 1345 15 12 .

1764 1385 89 26 Orders
1866 1387 51 24 and
1933 1388 106 32 Eepairs
2049 1390 127 32 promptly
2188 1380 122 44 executed)

1929 1432 26 23 at
1966 1430 87 26 lowest
2065 1434 75 23 rates.

1868 1496 145 41 HORSE
2037 1498 164 40 COVERS

1764 1548 102 38 made
1877 1549 38 37 to
1932 1550 103 37 Order
2050 1550 70 39 and
2133 1551 172 49 Repaired

1779 1610 23 22 A
1816 1608 77 25 Stock
1904 1610 27 24 of
1941 1610 82 25 Horse
2037 1611 122 25 Medicine
2171 1620 33 17 on
2213 1612 76 30 hand,

1840 1651 163 23 SOLOMON'S
2020 1653 150 23 SOLUTION
2184 1655 37 22 &c.

1783 1716 57 44 E.
1862 1716 58 44 R
1937 1702 362 62 ALLPRESST

1873 1787 137 25 Consulting
2018 1789 46 20 and
2070 1789 90 27 Family
2167 1787 105 30 Chemist,

1955 1822 57 25 239.
2026 1820 91 26 Cashel
2127 1822 82 25 Street
2223 1823 77 29 West,

2021 1858 279 27 CHRISTCHUBCH.

1872 1896 10 32 (
1888 1896 67 24 Next
1965 1897 107 24 Zetland
2084 1897 74 26 Arms
2171 1898 77 25 Hotel
2256 1900 10 31 )

1766 1945 41 27 (34
1815 1951 67 20 years
1896 1946 132 26 experience
2042 1947 26 20 at
2076 1947 74 22 Home
2159 1948 47 21 and
2220 1955 25 14 in
2261 1948 41 21 the

1976 1978 115 28 Colonies)

1791 2011 38 20 Mr
1837 2010 103 27 Allpress
1949 2011 56 27 begs
2021 2011 25 21 to
2054 2012 82 21 tender
2147 2013 38 21 his
2200 2013 102 26 grateful

1766 2043 82 21 thanks
1857 2044 25 19 to
1891 2043 36 20 his
1940 2049 121 15 numerous
2070 2044 82 21 clients
2160 2045 142 26 throughout

1764 2076 143 26 Canterbury
1915 2076 37 20 for
1960 2076 40 21 the
2009 2078 95 25 support
2111 2078 74 20 which
2192 2078 42 20 has
2244 2078 57 21 been

1764 2109 139 21 vouchsafed
1920 2110 24 20 to
1964 2110 49 20 him
2028 2110 84 28 during
2131 2112 41 21 the
2194 2112 107 21 nineteen

1765 2151 65 21 years
1839 2144 29 22 he
1877 2144 42 22 has
1929 2144 104 22 followed
2041 2145 37 21 his
2094 2146 124 27 profession
2228 2146 25 21 in
2261 2147 40 21 the

1767 2179 113 26 Province,
1907 2179 46 21 and
1966 2180 90 28 finding
2078 2180 20 22 ii
2121 2180 121 22 incumben
2252 2181 49 21 tto

1765 2213 121 23 centralize
1903 2213 38 21 his
1953 2215 105 21 business
2072 2215 24 21 in
2119 2215 66 21 order
2197 2216 26 20 to
2244 2215 58 28 keep

1764 2250 49 19 him
1826 2249 25 20 in
1865 2250 70 20 touch
1950 2250 53 20 with
2020 2250 36 20 his
2075 2251 129 25 supporters
2218 2250 26 19 in
2261 2250 40 20 the

1766 2281 153 26 surrounding
1927 2282 97 25 country
2030 2281 109 24 districts,
2146 2281 30 21 he
2183 2281 42 20 has
2231 2281 71 21 taken

1766 2314 40 22 the
1814 2314 72 21 above
1894 2315 110 26 premises
2014 2315 73 21 where
2105 2315 30 21 he
2144 2315 49 21 will
2201 2315 29 21 be
2247 2316 55 26 glad

1766 2349 24 21 to
1799 2348 87 22 receive
1896 2348 37 21 his
1942 2348 88 22 friends
2037 2349 131 26 personally
2181 2355 25 15 or
2214 2349 87 21 receive

1765 2381 61 21 their
1835 2380 77 21 orders
1927 2387 42 19 per
1980 2381 58 25 post.
2066 2381 43 20 His
2129 2381 61 20 Well
2207 2381 94 23 Known,

1765 2412 68 21 Tried
1856 2412 46 20 and
1924 2412 123 26 Approved
2068 2411 119 22 Remedies
2214 2412 37 20 for
2270 2412 32 20 all

1765 2439 83 21 classes
1857 2439 25 21 of
1899 2438 106 22 Diseases
2013 2445 40 15 are
2061 2445 51 14 now
2121 2446 24 14 so
2155 2438 52 22 well
2219 2439 83 21 known

1766 2472 25 15 as
1809 2467 25 20 to
1847 2466 59 20 need
1925 2472 31 14 no
1973 2466 91 21 further
2085 2466 102 21 mention
2211 2467 26 19 in
2254 2466 49 21 this

1765 2493 138 26 necessarily
1912 2493 66 21 short
1986 2492 186 22 advertisement.

1792 2521 21 20 A
1821 2520 45 20 full
1874 2521 62 26 price
1945 2521 50 20 List
2004 2520 24 20 of
2035 2520 33 20 all
2077 2520 36 20 his
2122 2521 92 20 various
2232 2520 71 20 Rem-

1765 2548 62 21 edies
1836 2554 43 14 can
1887 2548 28 21 be
1926 2548 46 20 had
1981 2547 56 21 Post
2049 2547 58 21 Free
2115 2554 30 14 on
2157 2547 145 26 application,

1765 2575 46 21 and
1823 2581 84 20 among
1920 2575 65 21 them
1993 2574 90 21 besides
2091 2575 66 20 those
2166 2575 24 21 of
2199 2581 15 13 a
2221 2574 82 27 purely

1765 2601 98 22 Medical
1882 2602 122 21 Character
2021 2601 48 21 will
2085 2601 28 21 be
2131 2601 74 21 found
2220 2601 80 25 Horse,

1765 2629 74 21 Cattle
1854 2629 47 20 and
1916 2629 51 26 Dog
1983 2628 131 22 Medicines,
2129 2629 23 20 of
2169 2628 134 21 undoubted

1765 2656 90 24 efficacy
1863 2656 104 22 together
1982 2655 55 20 with
2050 2656 20 19 A
2086 2656 61 20 Host
2155 2655 24 21 of
2188 2655 116 20 Domestic

1766 2681 104 22 Utilities
1879 2682 74 21 Toilet
1966 2681 160 26 Preparations
2135 2679 20 23 &'
2162 2681 140 26 Perfumery.

1792 2709 38 20 Mr
1838 2709 102 26 Allpress
1950 2709 86 20 invites
2050 2709 150 26 applications
2216 2708 37 21 for
2266 2709 37 20 his

1764 2736 51 21 List
1823 2735 47 21 and
1885 2736 47 20 will
1945 2735 56 21 send
2010 2735 58 21 Free
2076 2735 25 21 of
2109 2742 97 20 expence
2214 2741 30 15 on
2254 2741 49 15 rec-

1765 2763 49 26 eipt
1822 2763 24 20 of
1854 2763 58 21 Five
1920 2763 107 26 shillings
2037 2762 46 20 and
2093 2762 103 27 upwards
2207 2762 25 20 in
2242 2763 61 26 p-jst-

1764 2790 24 20 al
1796 2791 67 19 notes
1872 2796 26 14 or
1905 2790 67 21 order
1981 2796 46 19 any
2033 2789 80 21 article
2120 2789 84 21 named
2212 2789 89 21 therein

1764 2817 57 21 such
1830 2817 67 21 order
1910 2824 54 20 may
1973 2819 105 19 emanate
2091 2817 57 21 from
2159 2822 43 16 one
2210 2822 90 21 person,

1764 2850 26 15 or
1798 2845 28 20 bo
1837 2845 64 20 made
1910 2850 31 21 up
1950 2850 83 20 among
2042 2844 138 25 neighbours
2188 2844 51 20 who
2251 2850 52 20 may

1765 2871 84 27 depute
1866 2878 43 14 one
1922 2871 24 21 of
1960 2871 63 21 their
2034 2871 97 21 number
2141 2871 26 21 to
2181 2872 66 20 *nafce
2262 2871 41 21 the

1765 2899 140 24 remittance,
1913 2899 87 21 receive
2004 2898 40 22 the
2053 2898 70 27 goods
2126 2898 47 21 and
2181 2898 122 21 distribute

1764 2927 40 20 the
1814 2932 61 14 same
1884 2932 30 14 on
1923 2926 92 20 arrival.

1764 2960 77 26 Agent
1850 2960 37 20 for
1896 2960 87 20 Oxford
1991 2959 46 21 and
2041 2960 99 20 District
2145 2960 36 20 Mr
2188 2960 27 19 B.
2223 2960 78 20 Keats.

1813 3026 190 57 Money
2017 3027 53 44 to
2093 3027 154 44 Lend.

1820 3113 17 29 I
1853 3113 79 29 have
1961 3123 112 28 money
2101 3118 33 24 to
2162 3114 73 28 lend
2270 3115 31 27 in

1766 3153 84 38 large
1875 3162 36 20 or
1938 3153 92 30 small
2059 3163 85 21 sums
2181 3163 32 20 to
2242 3154 63 30 suit

1765 3193 180 31 Borrowers
1975 3199 34 25 at
2035 3194 110 31 lowest
2178 3200 127 25 current

1764 3239 91 25 rates.

1846 3274 192 30 WILLIAM
2060 3275 157 37 HOBAN,

1938 3315 191 30 SOLICITOR,

1797 3353 49 24 204
1858 3353 122 26 Hereford
1990 3353 40 26 St.
2044 3353 198 26 Christchurbh
2254 3355 50 25 and

1974 3391 111 26 Kaiapoi.

1764 3484 152 41 'THE
1939 3488 128 37 RED
2081 3489 222 39 HOUSE'

1902 3550 74 20 under
1985 3550 40 20 the
2035 3550 124 21 Verardah

1763 3588 40 19 109
1823 3586 106 21 Colombo
1949 3587 64 20 Sreet
2041 3587 214 22 CHRISTCHURC
2260 3589 26 20 EL

1813 3624 156 38 JOHN
2009 3625 237 38 WILSON

1763 3676 98 21 General
1870 3676 88 22 Dealer.
1974 3676 126 21 Furniture
2110 3677 90 25 Broker,
2212 3678 18 19 &
2235 3678 70 22 Hotel

1818 3714 117 20 Valuatrr.
1975 3714 148 20 Established
2133 3716 28 18 20
2169 3715 79 20 Years.

1764 3767 61 21 John
1835 3766 88 20 Wilson
1929 3767 115 20 embraces
2053 3767 39 19 the
2102 3767 93 24 present
2200 3769 104 24 opportu-

1767 3794 49 25 nity
1825 3793 24 19 to
1862 3793 75 20 thank
1946 3793 38 20 his
1995 3795 131 24 supporters
2135 3793 37 21 for
2180 3794 62 20 their
2252 3800 53 15 cus-

1765 3821 46 19 tom
1821 3819 47 21 and
1875 3821 126 26 patronage
2013 3820 47 20 and
2076 3826 90 14 assures
2178 3821 64 20 them
2252 3822 53 20 that

1765 3853 25 14 as
1799 3848 24 18 in
1833 3847 40 19 the
1880 3849 53 23 past
1941 3847 30 20 he
1986 3847 21 19 is
2019 3852 57 20 prep
2079 3847 50 20 tied
2138 3848 24 19 to
2172 3849 82 24 supp'y
2263 3849 40 19 the

1766 3875 50 19 best
1825 3873 125 20 Furniture
1960 3873 44 25 &c,
2019 3873 79 20 &c'"at
2112 3874 74 25 prices
2200 3875 61 26 fully
2277 3876 26 20 20

1766 3907 39 20 per
1814 3901 54 20 cent
1876 3901 45 19 less
1929 3900 57 21 than
1996 3894 112 27 hitherto.
2275 3901 2 10 :
2294 3918 3 4 .

1820 3937 60 21 John
1903 3937 38 21 Wi
1944 3937 4 15 ;
1951 3943 40 15 son
2018 3937 45 21 will
2087 3937 93 21 furnish
2200 3944 14 14 a
2234 3939 71 21 house

1766 3964 133 26 throughout
1909 3964 36 20 frr
1954 3965 54 22 .£2O,
2037 3964 63 20 John
2108 3964 89 21 Wilson
2207 3966 47 19 will
2262 3967 43 19 sell

1766 3998 43 20 yon
1824 3998 15 13 a
1860 3991 117 20 Dnche3se
2000 3990 72 21 Chest
2079 3990 114 22 Diausers
2202 3991 37 21 for
2253 3993 50 26 50/-.

1793 4018 59 20 John
1862 4014 43 24 Wii
1909 4024 40 13 son
1968 4017 46 21 will
2034 4017 43 20 si*ll
2095 4024 46 19 you
2157 4024 14 14 a
2190 4019 71 20 Chest
2274 4020 30 20 -of

1766 4046 102 20 Drawers
1877 4044 36 20 for
1923 4043 50 25 20/-.
2016 4043 59 21 John
2085 4045 91 21 Wilson
2198 4046 46 20 will
2263 4047 40 22 sill

1766 4079 45 20 you
1838 4071 89 23 Double
1954 4071 54 21 Iron
2023 4070 137 23 .Bedsteads
2191 4071 39 22 for
2252 4073 50 28 25/-.

1766 4100 83 25 Spring
1859 4099 131 20 Mattresses
1999 4097 46 28 25/-
2054 4098 124 22 Palliasses
2187 4106 45 20 any
2241 4101 63 25 price

1766 4133 46 21 you
1825 4126 51 20 liice.
1915 4125 145 26 Everything
2067 4125 77 27 ;chrap
2160 4120 144 35 Everything

1767 4153 58 28 good
1833 4153 47 21 and
1888 4160 16 19 y
1917 4154 17 19 ii
1943 4158 42 15 can
1999 4151 45 27 get
2048 4153 139 27 everything
2195 4153 60 23 from
2263 4155 40 22 the

1767 4181 74 23 useful
1849 4181 62 20 little
1919 4179 80 21 needle
2014 4180 25 20 to
2056 4179 42 22 the
2115 4181 128 26 proverbial
2265 4189 39 15 an-

1766 4209 59 21 chor.
1854 4227 3 2 .
2145 4225 2 5 ,
2160 4215 7 3 '
2199 4216 14 16 '-,

1766 4235 61 21 THE
1846 4235 62 20 RED
1922 4231 110 23 HOUSE.
2054 4234 41 20 109
2105 4233 104 22 Colombo
2219 4235 81 22 Street.

1906 4277 7 2 -
1929 4259 80 22 JOHN
2024 4259 128 27 WILS.ON,

1791 4289 19 21 T?
1827 4288 113 22 urniture
1950 4287 111 26 Bought,
2084 4287 51 23 sold
2159 4294 14 19 p
2204 4294 27 16 ex
2234 4289 61 23 clan

1764 4317 57 21 -al-w
1837 4322 16 15 a
1862 4315 87 22 tended
1957 4319 37 16 on.
1997 4314 114 28 commits;
2114 4321 36 15 or.
2280 4313 2 23 ',

1215 984 175 45 JOHN
1463 981 287 45 INGRAM

1243 1056 51 33 .A
1302 1053 427 36 TJCTIOISnEER,

1214 1113 106 26 LICENCED
1341 1113 58 25 LAND
1409 1111 94 30 BROKER,
1518 1111 126 28 VALUATOR,
1660 1110 93 29 ESTATE,

1227 1155 133 28 INSURANCE,
1371 1155 15 24 &
1397 1154 101 25 GENERAL
1508 1152 139 26 COMMISSION
1659 1152 80 24 AGENT.

1211 1201 68 25 Agent
1284 1201 37 25 for
1331 1201 34 19 the
1374 1200 105 20 National
1487 1200 115 19 Insurance
1613 1199 104 24 Company
1733 1202 20 20 of

1388 1242 50 20 Neio
1452 1241 103 20 Zealand.

1232 1284 174 32 OXFORD
1428 1285 28 29 &
1482 1282 254 33 SHEFFIELD.

1459 1319 7 7 *

1378 1362 54 3 —
1433 1353 60 19 -^

1211 1400 149 26 Fortnightly
1370 1400 98 21 Auction
1479 1400 64 20 Sales
1553 1399 56 20 held
1617 1399 25 20 in
1646 1399 41 20 the
1694 1399 58 20 Mar-

1211 1435 41 21 ket
1261 1434 75 21 Yards
1346 1433 130 25 OXFORD,
1487 1440 69 19 every
1565 1432 84 22 second
1667 1432 85 21 Thurs-

1211 1468 51 26 day.
1278 1466 108 27 Monthly
1396 1466 64 21 Sales
1470 1466 56 21 held
1535 1466 25 20 at
1569 1465 91 21 Market
1669 1465 82 24 Yards,

1212 1499 180 21 SHEFFIELD.
1455 1498 94 21 Private
1567 1497 102 22 Auction
1688 1498 64 20 Sales

1211 1531 143 21 undertaken
1364 1538 46 19 any
1418 1531 55 26 part
1482 1530 24 21 of
1515 1531 42 20 the
1567 1530 104 25 country.
1698 1530 54 21 Pro-

1211 1564 64 25 perty
1287 1562 101 26 Bought,
1398 1561 59 24 Sold,
1468 1568 26 14 or
1502 1562 49 20 Let.
1564 1561 47 20 and
1616 1560 136 21 Valuations

1211 1597 111 26 carefully
1331 1597 73 21 made.
1435 1595 66 22 Land
1510 1596 106 26 Brought
1625 1595 73 21 under
1711 1595 41 21 the

1211 1632 108 21 Transfer
1327 1631 51 24 Act,
1408 1630 127 24 Transfers,
1550 1630 89 24 Leases,
1653 1629 18 20 &
1677 1630 75 20 Deeds

1211 1664 22 20 of
1242 1663 135 27 Mortgages
1392 1663 77 21 dra^n
1477 1669 38 20 up.
1553 1662 85 27 Money
1646 1661 106 22 invested

1211 1696 47 21 and
1266 1696 109 21 obtained
1384 1696 35 20 for
1428 1694 87 22 Clients
1524 1700 29 15 on
1564 1694 129 26 Mortgage.
1713 1693 38 21 In-

1245 1734 96 15 surance
1359 1727 97 21 effected
1472 1733 29 14 on
1511 1726 124 27 Buildings
1645 1726 24 20 of
1677 1732 47 21 any

1288 1760 145 26 description,
1442 1759 47 20 and
1498 1759 62 19 their
1569 1759 112 19 contents.

1212 1879 59 21 HAS
1285 1878 57 20 FOR
1356 1878 72 22 SALE
1446 1877 38 20 BY
1499 1876 126 22 PiUVATE
1638 1875 112 22 TREAT?

1240 1957 20 20 A
1269 1956 57 25 good
1343 1955 158 28 Agricultural
1510 1954 46 22 and
1564 1954 104 22 Pastoral
1684 1954 69 20 Farm

1213 1989 132 26 containing
1355 1990 41 19 522
1405 1995 63 14 acres
1478 1988 113 21 Freehold
1597 1987 18 27 £
1621 1988 42 19 240
1673 1987 79 21 Lease-

1213 2023 55 22 hold
1276 2024 26 20 at
1310 2022 65 22 View
1384 2023 51 21 Hill
1444 2022 153 22 devidedinto
1607 2023 27 19 12
1639 2021 114 26 paddocks

1214 2058 51 22 well
1273 2057 100 22 watered
1381 2057 80 22 within
1471 2056 28 28 4£
1508 2056 66 22 miles
1583 2056 59 21 from
1651 2054 102 27 Railway

1216 2091 97 22 Station.
1336 2089 144 23 Substantial
1489 2091 13 19 5
1512 2089 92 21 roomed
1621 2087 81 21 House:
1713 2094 40 14 sur

1214 2126 104 21 rounded
1329 2126 32 26 by
1369 2132 15 14 a
1392 2126 51 20 nice
1451 2124 139 26 plantation,
1599 2123 66 25 large
1675 2121 78 21 Stable

1215 2161 45 20 and
1270 2161 40 20 out
1320 2160 58 21 heds
1386 2159 96 22 thereon
1482 2170 28 3 —
1510 2157 63 28 price
1582 2163 56 22 very
1646 2156 48 22 low.

1242 2210 91 27 Orange
1342 2209 57 21 Hall
1412 2209 54 22 with
1483 2209 27 21 32
1519 2207 95 29 perches
1623 2207 24 21 of
1656 2206 56 22 land
1720 2206 33 22 at-

1214 2245 88 21 tached.

1242 2313 35 21 On
1291 2313 97 21 account
1397 2312 49 21 Rev
1459 2311 54 20 Neil
1522 2311 38 20 Me
1570 2311 97 23 Callum,
1686 2310 68 19 Farm

1214 2347 24 21 of
1247 2347 42 21 170
1297 2351 63 15 acres
1370 2351 30 14 on
1408 2344 65 21 View
1482 2343 52 20 Hill
1541 2343 61 20 Run.

1240 2412 37 20 On
1290 2411 97 20 account
1399 2410 56 20 Rev.
1465 2409 22 20 J.
1496 2409 16 20 J
1526 2408 112 26 Pendray.
1657 2407 58 20 Half
1724 2413 29 14 an

1212 2452 53 15 acre
1278 2444 56 21 land
1352 2444 57 21 with
1426 2443 97 25 Cottage
1541 2442 97 21 thereon
1653 2441 100 21 situated

1213 2478 25 20 in
1247 2476 92 22 Church
1350 2475 82 25 Street,
1442 2474 57 21 East
1508 2474 93 21 Oxford.

1240 2576 67 26 Fifty
1315 2582 68 15 seven
1392 2581 64 16 acres
1465 2575 24 20 of
1498 2575 57 20 land
1563 2580 57 15 near
1633 2573 121 21 Waimak-

1212 2611 56 21 ariri
1275 2610 94 26 Bridge,
1376 2609 82 21 fenced
1465 2609 47 20 and
1520 2609 49 20 laid
1575 2608 66 21 down
1647 2608 25 19 in
1680 2613 73 21 grass.

1241 2675 36 20 On
1286 2674 100 20 account
1395 2674 24 19 of
1428 2673 40 20 the
1478 2672 152 26 Mortgagees,
1641 2672 40 18 143
1691 2676 62 15 acres

1213 2708 120 27 adjoining
1342 2707 38 20 Mr
1386 2707 22 21 J.
1415 2706 99 22 Brown's
1520 2705 61 21 farm
1585 2704 168 22 Waimakariri.

1309 2761 34 21 On
1353 2760 93 22 account
1455 2759 24 21 of
1488 2759 36 21 Mr
1538 2759 126 21 Allpbess.

1240 2805 42 20 His
1291 2810 51 21 very
1350 2804 51 21 nice
1411 2802 115 22 residence
1534 2801 101 27 opposite
1644 2801 39 21 the
1696 2800 57 20 Par-

1213 2843 81 19 sonage
1301 2837 58 20 East
1362 2836 87 20 Oxford
1454 2835 37 20 for
1496 2835 47 21 sale
1552 2839 58 21 vary
1615 2833 79 26 cheap,
1702 2832 52 21 half

1212 2877 51 14 acre
1272 2869 25 21 of
1305 2869 63 24 land,
1378 2867 58 27 good
1445 2867 93 27 garden.

1243 2964 46 20 For
1301 2963 139 26 particulars
1454 2962 72 26 apply
1538 2963 26 19 to

1217 3027 190 35 JOHN
1439 3022 308 37 INGRAM

1267 3264 63 30 MR
1353 3262 179 32 SPECIAL
1561 3260 133 31 RAPID

1376 3312 89 32 AND
1491 3311 92 32 SUN.

1211 3370 203 40 TRAVELLING
1451 3367 296 42 PHOTOGRAPHERS.

1251 3433 115 35 Views,
1386 3432 129 36 Houses,
1530 3431 133 38 Groups,
1673 3430 72 29 Por-

1211 3475 97 35 traits,
1338 3473 140 30 Animals
1507 3472 54 38 c£c,
1585 3472 94 30 taken
1715 3474 33 26 at

1211 3516 184 39 anyplace;
1426 3513 60 39 6/-;
1499 3514 81 38 10/-;
1597 3511 67 40 24/-
1694 3521 54 29 per

1212 3558 112 29 dozen.-
1362 3555 163 38 Specimen
1538 3553 110 38 kindly
1663 3552 85 30 exhi-

1212 3597 82 31 bited
1310 3597 33 29 in
1367 3594 51 31 Mr
1449 3593 134 31 Parish's
1606 3592 142 32 window.

1213 3648 114 27 Address,
1330 3660 33 4 —

1311 3691 51 24 ME
1376 3689 147 26 SPECIAL
1534 3688 116 28 EAPID,

1478 3735 197 32 Photographer,

1529 3783 220 26 SWANNANOA

1265 3967 76 37 Or.
1395 3964 316 44 SMITH,

1217 4039 86 44 ZINC,
1327 4038 70 39 UN,
1422 4037 64 38 AND
1510 4036 116 38 SHEET,
1652 4035 101 38 STEEL

1422 4102 139 23 WORKER
1710 4104 3 19 i

1251 4143 90 41 High
1362 4142 113 37 Street,
1498 4140 81 31 East
1601 4138 126 32 Oxford.

1217 4245 41 26 All
1269 4246 72 23 kinds
1353 4245 28 25 of
1396 4246 96 29 Puraps
1503 4241 78 26 Fixed
1593 4245 23 22 &
1632 4242 120 32 Eepaired

1332 4300 28 23 at
1372 4298 44 25 the
1428 4297 110 26 shortest
1550 4296 92 25 notice.

106 40 28 57 5
165 68 21 34 15

106 103 26 29 O
165 103 21 34 B

104 197 26 23 K>
163 190 20 32 i
282 191 25 31 P

103 238 26 26 O
280 235 25 22 X

102 259 79 42 jH
224 278 16 9 «
280 259 25 20 °

102 292 80 52 H3
217 290 25 30 S
278 297 26 39 g

101 349 27 21 M
129 374 2 2 ■
160 360 21 41 §
216 365 24 26 S
278 363 25 21 H

101 414 10 17 r
159 405 21 17 o
215 394 23 14 M
278 403 25 23 go

98 513 81 71 $S
213 541 23 27 a
275 513 26 43 2

156 567 21 25 a
212 571 23 14 «
275 573 25 31 ej

155 629 21 35 g

97 667 26 20 H
156 666 20 19 H

96 726 27 25 w

83 1701 872 106 jyW^P^^KMpMg^CREATEST
974 1733 168 45 GROWTH
1143 1732 13 25 X
1155 1737 25 36 A

80 1775 615 118 L^mRSS^OF
725 1814 129 50 WQOL
875 1812 158 46 WHICH
1134 1775 46 118 J

139 2123 428 91 Infant's
656 2117 454 96 Powders

249 2252 87 32 FOR
355 2248 228 35 CHILDREN
616 2245 201 36 CUTTING
847 2244 153 34 TEETH

94 2298 89 30 Have
198 2296 115 40 proved
329 2305 57 20 one
400 2295 34 29 of
447 2295 54 29 the
515 2295 139 38 greatest
668 2291 99 30 boons
789 2301 73 20 ever
875 2288 184 31 introduced
1088 2291 32 25 to
1148 2286 54 29 the

52 2349 118 41 public.
216 2348 88 39 They
318 2356 53 21 are
386 2345 136 40 charged
536 2344 97 39 solely
653 2342 76 31 with
744 2352 19 19 a
790 2340 116 40 special
941 2338 199 41 preparation
1169 2336 33 31 of

50 2401 82 29 mine
148 2410 67 20 own
236 2399 62 29 and
314 2408 52 19 are
381 2395 189 40 guaranteed
586 2393 151 40 perfectly
762 2391 161 30 harmless.
981 2390 130 30 Fathers
1139 2387 62 30 and

50 2451 139 30 Mothers
204 2449 36 30 of
250 2448 157 31 hundreds
421 2449 30 28 oi
465 2445 135 31 families
614 2442 195 32 recommend
823 2442 85 30 them
932 2441 77 30 with
1023 2439 178 31 confidence

50 2513 33 20 as
97 2503 93 39 being
205 2501 100 39 arople
316 2503 33 26 to
363 2508 123 21 remove
496 2497 43 31 all
550 2497 52 30 the
614 2495 146 38 ordinary
771 2494 238 39 derangements
1023 2491 71 30 that
1109 2500 93 20 occur

50 2545 114 39 during
176 2542 160 31 dentition.

47 2628 123 40 THEY
186 2627 97 39 COOL
296 2625 90 40 THE
405 2625 128 44 GUMS,

134 2677 194 42 COMFORT
348 2675 90 40 THE
475 2674 140 40 CHILD.
662 2670 144 40 CHECK
830 2666 283 44 CONVULSONS,
1150 2702 3 3 .

374 2734 94 39 AND
482 2730 185 42 RENDER
688 2726 222 42 TEETHING
922 2725 129 51 QUITE
1066 2722 130 40 EASY.

90 2796 99 32 These
205 2794 142 31 Genuine
363 2791 147 32 Powders
525 2801 53 21 are
592 2790 33 30 in
640 2799 56 21 use
710 2788 43 39 by
767 2787 43 29 all
824 2786 111 30 classes
950 2785 33 30 of
997 2785 125 39 society,
1139 2783 61 30 and

50 2841 32 29 in
97 2839 42 31 all
153 2841 87 36 parts
254 2836 33 30 of
294 2836 76 30 New
386 2832 146 32 Zealand.

350 2885 60 27 Sold
421 2884 27 25 in
460 2884 81 25 Boxes
553 2880 147 32 containing
711 2880 33 24 12
755 2878 111 32 powders
879 2877 38 33 1/-

129 2965 363 26 G-TJ^ia^nSTTEEDD
508 2960 308 25 EBKPECTLY
837 2955 301 24 IHLA-IEaiMIIiIESS.

45 3003 61 25 Post
117 3003 52 24 free
180 3003 25 22 to
217 3008 49 24 aay
277 3003 56 28 part
344 2997 28 26 of
381 2997 62 25 New
454 2994 110 26 Zealand
570 3002 34 16 on
616 2992 147 26 remittance
771 2990 28 25 of
810 2990 45 33 1/-.
913 2987 125 32 Prepared
1049 2986 48 25 and
1107 2985 54 25 sold
1167 2985 33 31 by

443 3039 117 32 JOHN
583 3037 29 33 S.
638 3035 148 37 COOKE,

395 3090 146 33 Registered
575 3085 211 29 Pharmacentical
804 3084 120 28 Chemist,

737 3124 112 26 Cashel
876 3124 117 28 Street,

869 3155 281 28 OHEISTCHUKCH.

216 3204 616 46 COISTSTjT,TA.TIOISrS
871 3200 194 36 FR*;I3

186 3345 122 52 ASK
366 3344 169 46 YOUR
596 3336 275 50 GROCERS
933 3333 120 45 FOR

47 3436 742 102 HISLOP'S
888 3431 300 87 TEA

99 3605 170 69 gsg=
332 3600 43 43 A
405 3596 162 49 GOOD
598 3589 246 49 HONEST
870 3585 126 47 TEA
1023 3582 119 47 FOR

404 3711 169 47 YOUR
631 3709 232 46 MONEY.

506 3824 128 33 SOLD
666 3821 63 33 B^

206 3905 104 44 MR.
342 3904 244 47 ALFRED
619 3904 132 54 LEE,
783 3897 243 48 OXFORD

76 3998 112 45 MR.
221 3996 47 45 F.
299 3995 53 44 A.
384 3989 381 53 WATERMAN,
826 3987 123 45 East
979 3984 195 44 Oxford.

193 4093 134 47 MRS
358 4092 54 45 R.
442 4086 243 56 FISHER,
714 4085 142 46 West
885 4083 196 44 Oxford.

252 4193 111 46 MR.
394 4191 51 45 E.
477 4188 72 56 W.
584 4184 249 56 COOPER,
866 4183 127 44 Crist.

358 4288 61 30 and
433 4296 95 29 many
543 4284 89 30 other
646 4281 225 39 Storekeepers.
1088 4300 3 4 •
1204 4281 2 47 j
