3510 4527
24 207 182 31 OXFORD
250 204 188 32 LIBRARY
481 203 86 31 AND

125 257 197 31 READING
342 256 131 31 BOOM.

29 361 57 25 The
116 360 92 25 Oxford
235 360 106 29 Library
368 358 23 26 is
417 366 62 23 open
502 366 69 23 every

32 403 114 30 Tuesday
156 403 51 23 and
229 402 122 31 Saturday
382 401 94 30 nights,
506 401 64 23 from

33 449 14 22 C
62 448 30 23 30
106 455 68 22 p.m.,
196 448 25 21 to
243 447 14 22 8
269 453 72 23 p.m.,
365 444 50 25 and
445 451 33 16 on
501 451 71 23 every

32 490 121 24 alternate
166 488 131 32 Thursday
322 488 138 26 afternoon,
492 486 80 32 (Sale-

31 534 73 31 days)
128 532 63 24 from
205 533 61 23 230
276 539 65 24 p.m..
359 532 25 22 to
398 532 12 22 5
424 538 58 23 p.m.
521 528 51 25 The

34 576 112 31 Heading
160 575 76 25 Room
250 575 21 25 is
283 582 64 23 open
370 575 26 23 to
419 572 43 24 the
489 571 85 32 public

33 621 59 30 free)
99 619 66 31 daily
177 619 65 23 from
250 620 28 21 11
292 625 69 19 a.m.,
387 623 23 17 to
436 615 136 26 Sundown,

34 662 129 32 (Sundays
193 660 125 32 excepted)
353 659 49 23 and
443 657 70 24 wh^n
531 656 43 25 the

34 706 105 29 Library
175 704 22 24 is
233 711 72 23 open,
341 702 41 24 the
419 699 153 30 circulating,

37 749 104 27 Library
154 747 112 23 contains
278 746 74 26 1,700
364 744 118 26 volumes,
509 749 64 18 com-

38 790 95 32 prising
144 798 38 16 :—
185 789 109 30 History,
316 787 108 27 Science,
459 784 114 30 Theoogy

36 833 150 30 Biography,
227 831 84 23 Travel
345 829 51 24 and
424 828 143 24 Adventure

35 875 82 24 Books
130 874 37 24 for
179 874 42 23 the
241 873 92 29 Young
346 873 40 21 &c.
422 870 58 24 This
503 869 22 24 is
548 877 26 15 a-

35 919 101 29 mongst
160 916 42 24 the
215 915 90 31 largest
329 913 50 25 and
389 913 55 24 best
469 911 103 26 selected

36 961 105 29 Library
153 960 24 23 in
208 959 61 24 New
283 958 118 24 Zealand.
437 957 21 23 A
468 956 107 24 number

33 1003 90 25 cfnew
146 1003 76 24 books
245 1002 48 24 will
316 1000 96 32 shortly
432 1000 30 24 be
485 998 88 25 added.

36 1048 51 24 The
101 1047 151 24 Committee
277 1044 45 25 will
337 1045 28 24 be
376 1043 55 33 glad
443 1047 26 21 to
483 1042 92 25 receive

38 1090 180 25 contributions
243 1089 27 24 of
296 1087 104 26 suitable
427 1086 76 25 books
526 1085 50 25 and

37 1134 143 32 periodicals
203 1134 37 24 for
252 1133 41 23 the
306 1132 105 31 Library
433 1130 50 25 and
495 1129 79 26 Read-

38 1179 44 30 ing
112 1186 74 16 room.

231 1216 23 20 L.
273 1215 123 28 KEEVES,

322 1253 66 23 Hon.
401 1251 140 24 Librarian.

96 1299 174 23 SrKSCniPTIOJJ
333 1303 48 17 PEU
400 1295 126 30 QUABTER.

41 1392 72 23 THE
144 1390 113 25 CHEAP
283 1388 120 25 MONEY
425 1387 140 26 SCHEME.

77 1483 120 25 Whether
210 1490 86 23 money
309 1482 21 24 is
343 1483 26 24 to
386 1480 31 26 be
434 1481 143 25 considered

43 1536 27 16 as
83 1528 93 30 having
188 1536 31 15 .in
230 1528 111 23 intrinsic
363 1527 82 27 value,
458 1534 27 16 or
497 1534 27 16 as
536 1525 40 25 be-

44 1572 44 29 ing
97 1580 14 15 a
123 1571 156 31 commodity,
288 1578 15 16 a
311 1570 123 27 standird,
444 1577 14 16 a
469 1577 108 16 measure

47 1623 26 15 or
91 1623 14 15 a
117 1614 114 31 pledge—
236 1621 26 17 as
276 1614 20 23 is
309 1613 122 31 variously
447 1612 132 31 suggested

48 1663 30 25 by
91 1658 90 24 writers
185 1672 27 3 —
215 1657 49 24 and
276 1657 110 24 whether
396 1656 42 25 the
460 1658 54 22 true
525 1656 53 24 idea

47 1701 26 24 of
83 1709 87 23 money
172 1715 30 3 —
205 1709 26 15 as
244 1699 59 25 such
306 1715 29 3 —
338 1700 30 24 be
379 1703 45 21 not
444 1700 136 31 altogether

48 1745 55 23 that
116 1745 25 22 of
152 1752 15 16 a
179 1744 73 24 ticket
262 1751 26 17 or
295 1744 119 24 counter?

214 1788 19 23 it
241 1787 61 25 cloth
313 1789 45 22 not
370 1788 62 23 have
445 1785 75 26 much
536 1788 44 22 im-

47 1834 54 27 port
116 1833 25 22 to
165 1831 62 23 have
250 1839 14 15 a
293 1831 67 30 right
387 1831 147 30 conception
557 1830 27 24 of

48 1880 89 24 money
147 1875 9 22 ?
170 1874 49 23 and
228 1873 111 24 whether
350 1874 32 23 its
395 1875 55 22 true
467 1873 51 24 and
528 1873 53 31 just

47 1916 55 24 idea
115 1917 29 23 be
156 1919 44 22 not
218 1917 54 23 that
284 1917 27 24 of
321 1924 14 16 a
355 1915 75 25 ticket
439 1923 30 16 o*
481 1920 101 20 counter

47 1960 116 31 entitling
172 1962 25 22 to
210 1967 87 24 power,
318 1959 49 25 and
379 1958 72 26 fitted
463 1961 24 23 to
500 1959 83 25 record

48 2004 49 22 and
110 2004 105 23 transfer
229 2005 90 29 power?

81 2046 119 24 Whether
217 2054 78 23 power
308 2049 24 21 to
341 2046 137 24 -coHttnand
490 2045 43 25 the
544 2045 38 23 in-

49 2089 85 31 dustry
147 2089 25 24 of
184 2090 83 24 others
290 2090 30 24 be
340 2092 41 22 not
392 2089 55 25 Teal
471 2089 112 24 wealth?

46 2136 49 24 and
108 2136 111 24 whether
233 2145 88 22 money
345 2137 30 25 be
396 2139 44 23 not
462 2138 27 23 in
513 2138 70 23 truth

48 2179 87 24 tickets
148 2188 27 16 or
186 2181 84 23 tokens
292 2181 36 23 for
339 2181 136 30 conveying
485 2180 48 23 and
545 2187 37 17 re-

48 2223 102 30 cording
162 2223 59 23 smell
235 2225 101 27 power-?
360 2224 49 23 and
421 2223 120 23 'whether
562 2223 21 22 it

47 2264 29 23 be
89 2265 27 22 of
125 2267 69 28 great
203 2272 171 23 ■consequeiece
381 2266 68 23 what
457 2264 125 25 materials

47 2307 42 23 the
102 2308 88 23 tickets
197 2315 45 16 -are
254 2308 73 23 made
339 2307 43 24 of?

79 2350 121 24 Whethec
213 2350 77 28 trade,
304 2350 78 24 either
394 2350 95 32 foreign
501 2358 28 16 or
540 2350 43 24 do-

44 2393 93 29 mestic,
149 2393 29 25 be:
190 2395 27 23 iu
231 2395 66 23 truth
311 2402 47 19 any
372 2402 67 16 more
458 2394 63 24 than
533 2394 48 24 this

41 2441 135 16 commerce
187 2442 28 15 <>r
222 2434 114 30 industry
346 2435 11 22 ?

76 2475 122 24 Whether
208 2482 26 19 to
252 2479 120 28 promote,
398 2476 110 29 transfer,
528 2476 52 23 .and

41 2526 85 17 secure
136 2519 50 25 this
195 2527 141 17 commerce
349 2520 48 23 and
407 2519 50 24 this
465 2520 117 30 property

44 2573 24 22 in
87 2573 95 24 human
195 2574 144 27 lul-uuivor,
353 2574 24 23 in
400 2573 73 24 other
496 2573 81 24 words

41 2616 51 23 thi.s
106 2624 79 22 power
198 2616 28 24 ba
238 2619 47 22 not
292 2617 47 24 ?the
348 2618 50 24 sole
411 2625 86 17 means
506 2618 25 23 of
534 2625 45 15 «en-

40 2659 99 30 riciring
150 2667 14 15 a
178 2659 83 30 people
275 2660 56 23 :-and
344 2659 56 25 how
411 2659 38 25 far
461 2660 118 30 thisimaj'

40 2701 29 24 be
83 2702 61 23 done
156 2701 193 32 independently
363 2703 25 23 of
397 2703 58 31 gold
475 2703 48 23 and
532 2703 45 23 sil-

39 2752 41 16 ver
91 2746 11 22 '?

73 2788 122 24 Whether
206 2796 15 16 a
233 2788 115 25 national
368 2796 119 24 currency
499 2789 81 24 would

39 2835 44 20 not
96 2832 29 23 be
140 2840 68 16 more
232 2832 133 24 bunefecial
388 2832 62 24 than
474 2840 62 17 evem
564 2841 14 16 a

38 2875 144 30 gol'.l-niino,
197 2875 50 23 and
259 2875 115 24 whether
383 2875 54 23 that
447 2875 29 23 be
485 2880 41 19 not
534 2875 44 24 the

40 2921 54 21 true
106 2918 179 30 philosopher's
301 2926 11 16 s
320 2920 6 16 v
322 2926 53 17 <one
398 2919 25 22 in
454 2926 15 16 a
493 2919 84 28 State;

38 2962 49 23 and
112 2962 109 23 whether
249 2970 94 21 money
372 2962 82 24 would
476 2970 58 16 ever
551 2962 28 25 be

39 3005 110 30 wanting
162 3007 25 22 to
200 3006 41 23 the
253 3005 121 24 demnmls
386 3005 27 24 of
431 3005 116 32 Industry
558 3006 22 23 if

39 3056 36 16 we
88 3048 62 24 have
163 3056 15 16 a
189 3049 113 23 national
313 3047 69 25 batk
393 3049 12 22 ?

337 3092 99 23 Bishop
450 3091 127 24 Berkley.

1050 24 11 15 *
1080 59 6 7 ,
1120 19 216 45 *OXFUHD
1381 31 226 31 OBSERVER
1652 32 241 34 SATURDAY,
1923 27 227 34 FEBRUARY
2173 27 38 29 23
2216 50 7 11 r
2262 26 90 29 1895.

2931 4238 102 36 printed
3058 4241 51 25 ai?l
3149 4243 139 28 PuiilisUd
3317 4250 32 30 !/
3383 4248 89 27 Laura

2963 4277 82 25 Annie
3067 4280 105 31 :?arish,
3196 4286 28 22 at
3246 4285 47 24 her
3324 4287 146 33 llegistered

2921 4340 5 10 ,
2963 4320 117 34 PrintiDf
3091 4323 87 31 o<sc^,
3201 4327 69 33 Hi>»i
3295 4330 93 28 Street.
3412 4333 71 30 E».-fc.

2962 4364 102 34 OxfpT^,
3074 4367 165 36 Cirterbu-y.
3342 4380 11 11 ;.

2984 4416 132 50 S^\V^X
3133 4420 137 28 Fekhxtary
3296 4427 41 29 23,
3366 4431 66 25 1895

2917 200 170 49 WATCH
3129 179 155 110 /jK|
3313 201 146 50 CLOCK

3042 360 302 35 FITTED

3183 419 30 17 AT

2940 457 182 35 Parisli's
3152 459 102 35 East
3279 461 161 43 Oxford.

2922 614 319 47 WEETIEIH

3103 708 251 51 SiBMJEB'S

2966 915 205 43 MACHINE
3218 918 200 42 NEEDLES

2937 1005 121 49 From
3093 1006 71 57 3/~
3193 1020 72 48 pr
3302 1009 144 50 Mzm.

2986 1750 56 24 .:..:
3058 1760 4 4 •
3074 1753 3 2 '
3186 1748 42 21 at

2929 2133 140 39 Emter
3084 2134 70 40 and
3176 2136 77 38 Coal
3281 2137 186 41 Merchant

2933 2216 158 64 LARGE
3112 2218 108 24 STOCK
3238 2220 228 25 OFSUILDING

3105 2250 209 29 MATERIALS.
3368 2245 3 3 '

2997 2291 34 24 Of
3051 2301 71 23 every
3155 2294 157 32 description,
3346 2297 118 24 seasoned

3029 2331 75 31 ready
3111 2331 38 24 fov
3156 2340 52 21 use,
3218 2333 91 31 always
3316 2341 30 17 on
3355 2334 76 25 hand.

2964 2372 68 29 Also,
3063 2373 153 26 Galvanised
3246 2376 68 30 Iron,
3346 2377 118 25 Portland

2931 2411 103 26 Cftnent
3043 2414 50 23 and
3105 2414 123 25 Builders'
3243 2416 189 34 Ironmongery.

2964 2466 110 30 Uonntvy
3091 2465 91 25 Orders
3206 2466 142 34 Carefully-
3354 2469 111 25 Selected

3071 2525 3 3 .
3097 2505 49 24 and
3156 2505 143 26 forwarded.

2931 2552 66 24 TUA
3001 2553 27 24 M
3037 2553 112 25 STREE
3153 2555 27 28 T,
3194 2554 148 28 CHBLSTC
3347 2558 23 24 II
3374 2557 93 26 UECH

2971 2679 235 43 .■IQLLAIO
3213 2683 54 41 -.$
3269 2683 139 43 Illir

3111 2734 155 47 GAiieo

3015 2808 10 10 •
3043 2799 64 32 3d.
3143 2809 71 30 per
3235 2805 112 36 yard.

2926 2886 3 3 •
3072 2909 2 1 .
3103 2910 2 2 .
3147 2875 77 30 -'at.
3252 2906 15 1 ..
3419 2877 4 33 ;

3045 2926 36 29 R.
3163 2926 194 33 PARISH'S
3370 2946 1 1 ■

2924 3038 523 193 [jLporit

2935 3193 235 102 fwoLFE^I
3188 3208 260 66 forsake

2993 3432 114 25 diuretic
3142 3420 57 41 ii
3208 3420 90 37 here
3305 3423 140 33 canoe

2969 3524 163 23 INVIGORATING
3141 3511 32 34 H
3201 3519 12 14 n
3237 3539 4 1 -
3279 3518 24 36 *f
3302 3526 51 28 OT*

2992 3557 130 25 CORDIAL
3141 3558 51 31 H<i
3202 3572 16 13 ■
3229 3571 15 14 *
3390 3570 16 21 9

2964 3947 174 37 Telegraphic
3150 3950 132 36 Mes'rages
3302 3960 50 18 can
3364 3961 60 17 now
3436 3952 33 27 he

2929 3997 61 22 sent
3013 3996 54 25 and
3087 3996 71 26 recei
3228 4001 29 22 at
3282 3998 65 26 East
3369 3999 100 27 Oxford

2929 4038 116 34 Station,
3062 4041 54 26 and
3135 4043 92 26 Postal
3247 4044 86 27 Notes
3354 4054 59 17 ma-,-
3437 4046 33 26 be

2931 4085 154 34 purchased.

2408 163 427 47 EUCALYPTUS

2407 261 60 21 THE
2483 261 72 21 BEST
2569 261 87 21 HOME
2673 259 141 23 BEMEDIE

2467 300 35 13 are
2517 293 36 20 the
2562 291 136 28 prepaia-ibn
2708 292 25 22 of
2741 292 35 21 the

2351 330 170 21 TASMANIAN
2541 330 143 20 EUGALYPI
2693 330 33 19 US
2741 329 48 20 OIL
2803 328 83 20 COMP.

2381 367 135 26 Universally
2527 367 102 21 admitted
2640 367 35 20 the
2686 367 53 20 BES
2746 367 18 22 I',
2776 364 114 22 PUREST

2353 405 42 21 and
2406 408 57 16 most
2473 404 94 20 effective
2578 404 134 26 Eucalyptus
2735 403 104 20 Globulus
2856 402 33 19 OL

2353 438 33 19 for
2407 435 171 24 INFLUENZA,
2599 435 92 24 Cough.*,
2712 434 63 20 Colds
2800 433 43 21 and
2861 433 28 21 al>

2354 468 65 20 Chest
2435 466 44 21 and
2487 466 63 25 Luny
2566 466 114 21 affections
2694 465 76 27 speedy
2780 465 59 20 relief
2849 464 42 21 and

2354 500 56 20 Cure
2428 499 33 20 for
2477 499 157 23 Rheumatism,
2655 497 123 26 Keuralgia,
2792 497 100 26 Sprains-

2354 527 71 20 Burns
2446 527 34 19 &c.

2381 559 134 25 Eucalyptus
2532 558 105 21 Globu'us
2655 558 92 21 Extract
2757 557 89 27 sprayed
2860 558 33 19 in-

2355 590 63 21 haled
2434 590 43 20 and
2491 591 66 19 taken
2567 590 117 25 internally
2701 590 34 19 for
2750 590 36 19 the
2803 590 13 19 1
2822 589 69 25 hroat,

2356 627 98 25 Catarrh,
2470 626 60 25 Hay,
2554 626 98 26 Typhoid
2668 627 44 19 and
2726 627 82 20 Scarlet
2818 627 76 20 Fevers

2358 658 129 20 MEASLES
2498 658 97 20 thetrost
2606 658 135 25 satisfactory
2751 659 144 24 preventative

2357 689 44 21 and
2414 690 61 20 Cure.
2503 689 57 21 Send
2573 689 51 20 Post
2640 689 55 20 Card
2706 692 22 17 to
2738 689 37 21 the
2784 689 64 21 Office
2861 689 33 21 for

2357 720 96 20 Circular
2467 720 120 26 describing
2606 722 122 19 treatment.
2755 720 139 26 Eucalyptus,

2357 753 112 21 Ointment
2480 754 35 20 the
2525 754 70 25 Magic
2604 754 80 20 Healer
2696 755 23 19 of
2734 755 69 22 Sores,
2816 755 79 23 Burns,

2359 784 103 24 Wounds,
2477 785 61 20 Boils
2556 786 45 22 &c.
2623 785 134 26 Eucalyptus
2776 785 58 26 Soap
2848 786 43 20 Fra

2358 817 63 24 grant
2430 816 44 20 and
2482 816 125 26 refreshing,
2620 835 2 2 .
2632 817 132 24 Eucalyptus
2773 816 89 26 Jujubes
2872 823 24 14 or

2357 847 103 21 Pastilles
2469 848 34 20 for
2512 847 37 21 the
2574 848 81 20 Throat
2665 848 43 20 and
2717 848 64 21 Voice
2797 854 29 15 an
2840 849 55 21 anti-

2359 878 68 26 septic
2436 879 43 19 and
2489 879 121 20 stimulant.

2359 911 127 25 Veterinary
2501 911 36 21 Oil
2547 912 42 20 and
2599 912 112 20 Ointment
2721 913 33 19 for
2764 913 37 19 the
2809 913 86 21 stables.

2386 945 30 20 Be
2425 951 50 14 sure
2484 951 43 20 you
2536 945 110 21 Purchase
2660 945 39 21 the
2708 945 105 26 Platypus
2830 946 66 21 brand

2359 977 51 25 only
2420 977 22 19 of
2449 977 30 20 all
2488 977 114 25 Chemists,
2607 978 88 20 Grocers
2701 977 44 20 and
2752 977 145 27 Storekeepers

2359 1008 44 20 and
2416 1010 23 18 at
2453 1009 36 19 the
2500 1009 64 20 Office
2574 1011 12 19 9
2595 1009 115 20 Cathedral
2720 1014 76 19 square
2805 1009 91 21 between

2359 1039 101 21 Morten's
2474 1040 113 26 Buildings
2595 1042 41 19 and
2648 1041 37 22 the
2693 1042 52 19 Post
2755 1040 70 23 Office.

2524 1074 89 22 Oxford
2623 1075 79 28 Agent

2414 1111 26 21 E.
2451 1111 29 21 H.
2495 1111 119 28 PARISH,
2637 1113 77 21 EAST
2727 1114 119 21 OXFORD

2440 1150 141 28 Eucalyptus
2592 1151 37 21 Oil
2643 1151 31 28 1/-
2686 1158 42 21 per
2736 1153 78 21 bo'.tle.
2875 1169 4 2 -
2904 1159 1 15 :

2359 1236 101 20 RONGO
2498 1237 53 19 PAI
2572 1237 96 20 TENEI
2681 1237 55 20 KEI
2750 1237 124 21 KOUTOU

2574 1271 111 21 KATOA.

2401 1307 190 39 MACBEAN
2635 1308 218 39 STEWART'S

2359 1363 74 21 NEW
2448 1364 79 21 CURE
2543 1364 58 21 FOR
2615 1365 126 21 ASTHMA

2413 1400 74 21 NEW
2502 1400 79 22 CURE
2595 1400 58 21 FOR
2667 1400 97 23 CROUP

2473 1436 73 21 NEW
2561 1437 80 21 CURE
2654 1437 58 21 FOR
2726 1437 169 21 DIPHTERIA

2414 1467 72 21 NEW
2501 1467 80 22 CURE
2595 1468 58 21 FOR
2668 1468 132 21 CHRONIC

2537 1506 189 21 BRONCHITIS.

2373 1545 116 27 Prepared
2497 1544 60 22 from
2566 1544 41 22 the
2616 1544 124 23 Mountain,
2747 1545 47 21 and
2802 1545 81 21 Forest

2481 1573 80 20 Plants
2575 1571 25 21 of
2613 1573 55 19 New
2682 1573 105 22 Zealand.

2359 1609 29 19 In
2397 1607 99 21 Asthma
2506 1606 41 20 the
2552 1606 59 20 .New
2620 1606 59 20 Cure
2688 1606 43 20 has
2740 1606 85 26 proved
2834 1607 64 20 itself

2401 1636 26 20 to
2435 1634 29 20 be
2474 1633 28 21 H-
2510 1633 29 21 ad
2548 1633 45 20 and
2604 1633 123 21 Shoulders
2737 1633 71 21 above
2818 1628 32 26 *»il
2858 1652 3 2 .

2543 1660 71 22 Other
2628 1660 77 21 Cures.
2894 1664 3 6 '

2388 1703 27 19 In
2425 1708 31 14 no
2465 1702 102 20 instance
2576 1700 42 22 has
2627 1708 14 13 a
2648 1700 68 22 death
2726 1701 106 21 occurred
2838 1701 59 21 from.
2903 1723 3 2 .

2361 1729 132 27 diphtheria
2511 1729 66 20 when
2596 1729 40 20 the
2856 1728 42 24 hag

2361 1757 57 21 been
2428 1756 73 26 freely
2510 1755 58 21 itsed
2576 1755 59 21 from
2641 1756 40 20 the
2690 1755 51 21 first
2747 1756 76 20 outset
2828 1756 25 20 of
2858 1755 40 21 the

2362 1785 93 24 disease,
2474 1783 45 21 and
2538 1788 26 15 so
2581 1784 67 25 great
2667 1789 38 14 are
2722 1783 32 20 its
2773 1781 125 28 pi-otective

2360 1818 93 20 powers,
2465 1811 54 19 that
2527 1811 40 20 the
2577 1811 124 25 complaint
2710 1810 42 20 has
2762 1817 71 13 never
2843 1811 56 19 been

2362 1839 81 20 known
2452 1839 25 19 to
2486 1838 83 26 spread
2577 1836 25 22 to
2611 1837 68 21 other
2695 1837 109 21 members
2822 1837 23 21 of
2859 1837 41 21 the

2361 1866 88 23 family.
2826 1883 2 3 .

2390 1900 47 19 The
2445 1899 55 20 New
2510 1899 65 24 Cure,
2585 1900 25 19 3s
2620 1898 168 24 6d;Grindelia
2797 1898 103 21 Robusta

2427 1926 135 26 Cigarettes,
2572 1927 25 18 2s
2604 1934 7 16 ;
2622 1926 97 19 Asthma
2732 1926 106 22 Tobacco,

2533 1954 24 19 2s
2572 1952 30 21 6d
2614 1952 46 20 and
2674 1954 31 18 Is.

2389 2061 184 40 HEALTH
2596 2060 305 41 GUAHAJSTTEED

2368 2145 183 28 QUFFERERS
2588 2145 58 21 from
2689 2145 211 26 RHEUMATISM,

2367 2166 23 28 0
2420 2172 155 24 LUMBAGO,
2594 2172 186 25 NEURALGIA,
2799 2173 103 18 Nervous

2365 2198 142 24 exhaustion,
2516 2199 98 26 wasting
2621 2198 99 25 dibility,
2729 2199 48 21 lost
2787 2199 78 25 vigour
2877 2200 25 19 of

2364 2226 67 25 body,
2440 2232 159 17 nervousness,
2608 2226 46 20 loss
2663 2226 23 19 of
2703 2225 57 21 flesh
2779 2225 47 21 and
2843 2225 59 21 vital

2364 2259 80 20 power,
2467 2253 92 20 restless
2592 2253 68 25 sleep,
2684 2253 96 23 dreams,
2785 2260 5 7 ■•
2798 2253 102 26 pimples,

2364 2280 64 19 weak
2438 2280 60 23 back,
2511 2280 61 20 want
2590 2280 24 19 of
2624 2279 163 25 development,
2804 2279 97 21 varicose

2364 2306 71 23 veins,
2445 2306 134 26 incapacity,
2597 2307 94 24 urinary
2712 2306 118 20 disorders,
2850 2306 52 20 skin

2365 2333 47 21 and
2420 2328 68 25 blood
2498 2333 96 20 diseases
2604 2333 46 20 and
2658 2333 33 19 all
2700 2333 106 20 ailments
2815 2333 87 26 arising

2364 2361 55 19 from
2431 2360 63 25 ea>-ly
2502 2365 24 14 or
2536 2360 59 20 later
2613 2361 45 25 day
2671 2366 73 14 errors
2754 2362 50 21 etc.,
2829 2359 73 21 CON-

2365 2386 74 21 SULT
2449 2385 78 23 FREE
2552 2386 83 21 PROF.
2658 2386 150 21 NOTMANN
2827 2385 31 23 M!
2868 2387 34 24 E.,

2364 2415 28 20 E.
2423 2415 28 19 M.
2467 2414 27 20 G.
2517 2413 129 21 MARKET
2664 2414 94 20 PUCE
2778 2414 124 21 CHRIST-

2365 2441 125 21 CHURCH
2531 2441 118 26 (Opposite
2691 2441 106 21 Colombo
2826 2442 76 20 Stctet

2364 2468 85 26 Bride)
2785 2485 3 3 .

2392 2504 49 20 The
2450 2505 54 26 only
2521 2504 87 27 Expert
2627 2505 142 26 advertising
2785 2506 54 20 that
2855 2506 47 20 Avill

2373 2533 124 26 guarantee
2507 2538 14 14 a
2529 2532 117 26 thorough,
2651 2538 61 15 cure.

2391 2575 253 20 MANUFACTURER
2653 2575 22 20 of
2685 2575 40 21 the
2735 2576 53 26 only
2808 2577 102 25 guaran-*

2364 2603 54 20 teed
2427 2602 97 21 Eectric
2533 2602 48 21 belt
2601 2603 45 20 and
2659 2603 65 20 other
2742 2603 85 26 special
2846 2604 56 20 elec-

2364 2629 68 21 trical
2441 2629 128 26 appliances
2579 2629 24 20 in
2613 2629 39 20 the
2662 2629 109 21 Colonies.
2802 2630 98 21 Medical

2364 2656 115 21 Batteries
2488 2656 43 21 etc.
2559 2656 139 26 Discriptive
2708 2656 133 26 Pamphlets
2850 2658 52 25 post

2364 2683 63 21 Free.

2442 2825 366 47 IMPORTANT

2611 2902 9 10 ■
2686 2902 10 11 »

2363 2933 83 30 ALL
2477 2934 120 30 WOOL
2621 2934 171 31 EOSLYN
2812 2935 87 31 AND

2400 3009 295 32 WELLINGTON
2719 3011 152 30 TWEED

2406 3144 66 40 35/-
2491 3144 85 31 Suits
2592 3145 144 31 Reduced
2745 3149 33 26 to
2802 3145 66 40 25/-

2405 3205 68 41 --4-
2515 3230 21 16 „
2621 3230 18 13 „
2724 3231 18 12 „
2809 3206 68 41 35/-

2404 3254 148 31 Trousers
2568 3256 60 29 and
2642 3255 75 31 Yesfc
2783 3255 75 40 13/6

2599 3315 50 22 AT

2389 3366 197 31 PARISH'S
2613 3368 90 30 East
2726 3368 144 31 Oxford.

2411 3522 190 58 Money
2620 3526 53 42 to
2696 3524 156 46 Lend.

2404 3585 17 30 I
2456 3586 80 31 Lave
2557 3598 114 30 money
2705 3592 35 27 to
2761 3590 74 30 lend
2870 3591 32 28 in

2360 3626 88 38 large
2477 3638 35 19 or
2534 3629 89 29 small
2659 3639 84 21 sums
2770 3634 34 27 to
2841 3632 62 29 suit

2360 3665 178 33 Borrowers
2576 3672 33 26 at
2637 3670 108 31 lowest
2776 3675 127 28 current

2360 3712 92 26 rates.

2420 3749 66 38 W:
2508 3751 44 37 H.
2580 3751 261 43 SPACEMAN.

2536 3798 192 30 SOLICITOE,

2430 3836 191 26 Christchurch
2634 3839 49 24 and
2695 3838 137 27 Rajjgiora.

2390 3963 45 44 S.
2477 3964 79 44 W.
2593 3965 278 48 TUEPIN.

2360 4030 244 39 WATCHMAKER.
2639 4032 175 41 JEWELLER
2840 4036 58 33 &c

2437 4091 87 25 MAIN
2540 4092 135 26 STREET
2694 4094 140 27 OXFORD

2507 4156 4 3 .
2554 4142 62 16 near
2627 4135 83 24 Bank.
2878 4158 1 2 .
2887 4155 2 3 .

2355 4299 157 28 PAINTER
2529 4300 71 27 AND
2616 4301 275 46 PAPERHANQ^^

2460 4345 113 39 EIST
2616 4353 184 35 OXFORD.
2892 4370 3 3 ■

2406 4445 43 27 All
2459 4446 82 27 orders
2552 4448 248 32 promptl^attended
2811 4457 28 23 to

1284 172 71 55 H.
1386 173 64 54 E.
1480 168 447 61 BOARDMAN
1967 166 53 58 &
2051 159 147 63 CO.,

1188 250 141 21 BAILIFFS
1344 250 64 21 AND
1423 245 185 24 COMMISSION
1626 244 128 22 AGENTS.
1801 243 101 21 HOTEL
1915 238 138 24 BKOKEBS
2067 234 64 22 AND
2145 229 149 23 VALUERS.

1287 297 61 29 222
1370 292 235 32 HEREFORD
1629 290 172 35 STREET,
1845 280 342 38 CHRISTCHURCH.

1477 358 449 21 >♦♦♦«♦♦♦♦♦♦♦♦♦♦♦♦•♦♦♦♦♦♦♦♦♦♦•»•»
1931 356 126 16 >>♦*••*»♦
2070 360 3 4 •

1236 401 41 23 We
1294 401 151 31 respectfully
1458 400 39 29 beg
1515 403 22 19 to
1549 398 74 23 thank
1632 405 43 16 our
1687 396 90 23 Clients
1784 394 49 23 and
1842 392 37 24 the
1891 391 89 24 Public
1989 386 124 35 generally
2116 385 46 30 for
2171 382 38 25 the
2225 380 99 30 support

1165 445 115 24 accorded
1291 452 38 20 us,
1341 445 49 21 and
1402 451 45 16 can
1458 449 82 17 assure
1552 448 43 16 our
1599 440 100 31 friends
1710 438 52 23 that
1770 445 45 15 our
1824 436 105 23 business
1939 432 50 23 still
1995 431 103 23 remains
2114 427 76 23 under
2208 424 37 23 the
2262 428 62 17 same

1166 492 162 29 management
1346 495 28 16 as
1383 487 108 26 hitherto,
1501 485 49 22 and
1559 483 50 23 that
1618 481 135 31 everything
1764 478 121 25 entrusted
1894 480 22 19 to
1925 483 28 16 us
1964 474 52 23 will
2024 473 26 24 be
2057 471 79 25 under
2147 469 36 23 the
2194 466 130 24 immediate

1166 532 147 31 supervision
1325 532 30 29 of
1362 538 44 15 our

1366 571 125 34 MR.
1522 568 68 34 H.
1615 568 55 32 E.
1696 556 428 42 BOARDMAN

1403 690 269 38 -LOCAL

1287 740 404 49 BARLOH7
1734 737 167 42 JIND
1947 726 277 48 PRICE

1473 793 193 42 Coventry
1705 789 113 44 Cycle
1866 784 131 35 Works

1338 852 38 28 88
1400 846 200 33 COLOMBO
1624 843 175 33 STREET,
1844 830 345 39 CHRISTCHURCH.

1173 909 54 31 We
1242 909 119 30 having
1376 908 94 31 taken
1486 916 74 21 over
1574 904 52 29 the
1639 901 73 31 well
1726 901 114 28 known
1851 896 113 32 works,
1980 892 180 36 machinery
2170 887 61 30 and
2241 886 89 30 stock

1170 952 33 29 in
1216 951 91 29 trade
1322 935 76 45 wish
1414 953 33 26 to
1461 948 113 29 inform
1589 945 54 29 the
1665 942 105 40 public
1785 940 69 30 that
1868 948 47 20 we
1930 946 53 19 are
1997 930 152 44 prepared
2162 932 34 26 to
2216 930 113 27 under-

1170 992 74 30 take
1259 991 104 30 orders
1377 991 48 30 for
1438 998 69 21 new
1522 985 158 32 machines
1696 982 61 30 and
1772 982 129 28 execute
1919 985 119 31 repairs
2060 977 34 26 at
2115 974 54 27 the
2194 974 137 25 shortest

1304 1032 103 29 notice
1421 1031 48 30 for
1491 1029 41 29 all
1548 1027 91 30 kinds
1655 1024 35 30 of
1699 1021 216 40 Engineering
1929 1017 62 30 and
2003 1016 94 39 Cycle
2111 1016 94 27 work.

1336 1085 127 22 SPECIAL
1477 1079 176 25 ATTENTION
1670 1076 94 23 GIVJ^N
1779 1075 37 21 TO
1832 1070 141 25 COUNTRY
1988 1068 123 22 ORDERS.

1172 1127 121 30 Racing
1308 1123 160 32 Machines
1491 1120 62 31 and
1575 1119 99 38 Light
1696 1114 168 31 Roadsters
1880 1123 19 18 a
1913 1109 156 41 specialty.
2112 1106 49 29 No
2175 1102 155 42 imported

1171 1169 158 29 machines
1344 1166 74 38 kept
1433 1165 32 29 in
1480 1162 99 31 stock,
1596 1160 43 30 all
1654 1158 85 31 work
1754 1156 80 30 done
1849 1164 40 20 on
1903 1153 54 30 the
1980 1158 156 33 premises.
2189 1148 31 28 A
2243 1148 87 37 large

1201 1209 90 31 stock
1305 1207 36 30 of
1351 1207 125 37 Lamps,
1489 1203 94 33 Bells,
1599 1201 62 30 and
1678 1198 128 31 Saddles
1820 1207 40 19 on
1874 1194 85 30 hand
1974 1196 32 26 at
2020 1200 113 22 reduce
2145 1189 129 39 dpnees.

1169 1259 249 117 ~~R.
1487 1282 132 91 H.
1680 1271 513 94 PARISH

1446 1421 196 61 EAST
1692 1414 326 63 OXFORD

1397 1508 77 31 has
1489 1501 191 37 received
1699 1510 24 22 a
1738 1496 295 41 consignment
2048 1491 45 33 of

1172 1562 300 57 Messrs
1530 1556 418 58 Joliiasons
2001 1548 69 59 &
2128 1546 202 57 Sons

1347 1641 267 61 GREAT
1676 1630 451 66 YARMOUTH

1238 1731 227 92 OIL
1546 1718 696 97 CLOTHING

1355 1862 339 52 ENORMOUS
1753 1856 390 48 REDUCTIONS

1174 1983 80 25 mHE
1273 1981 115 31 question
1399 1979 22 25 is
1433 1976 134 27 natural—
1670 1972 61 26 send
1745 1974 27 23 to
1784 1969 177 27 Christchuroli
1981 1968 39 24 for
2038 1974 62 24 your
2117 1966 130 31 Drapery?
2282 1964 52 25 The

1182 2002 19 38 1
1238 2016 103 26 drapery
1353 2013 54 25 sold
1415 2013 26 22 in
1450 2012 57 23 that
1518 2010 51 30 city
1581 2016 71 22 every
1665 2015 46 16 one
1723 2006 94 27 knows,
1830 2004 22 24 is
1863 2005 45 22 not
1919 2002 72 24 made
2002 2002 78 26 there,
2100 2002 45 22 but
2155 2002 131 29 imported.
2321 2002 13 21 1

1176 2051 93 26 import
1280 2049 65 23 from
1356 2045 44 25 the
1412 2044 53 24 best
1476 2042 107 31 English
1595 2040 51 25 and
1663 2039 87 25 Scotch
1764 2038 99 24 houses.
1909 2036 72 23 lam
1993 2033 105 25 enabled
2109 2035 26 23 to
2147 2034 122 30 purchase
2287 2032 47 24 low

1176 2082 50 24 and
1235 2081 46 25 sell
1293 2082 26 23 at
1328 2087 15 16 a
1354 2081 53 22 rate
1419 2077 27 24 of
1454 2077 75 30 profit
1542 2076 53 31 (my
1607 2080 120 23 expences
1738 2071 73 30 being
1822 2068 82 31 small)
1917 2068 57 24 that
1985 2067 83 24 would
2080 2068 30 23 be
2127 2066 146 24 considered
2293 2066 41 23 ab-

1176 2115 57 25 surd
1245 2115 32 26 by
1294 2121 47 20 any
1362 2108 179 28 Christchurch
1565 2106 200 25 establishment.
1817 2102 44 31 My
1883 2101 77 24 Stock
1978 2108 22 16 is
2019 2099 44 25 the
2082 2099 94 31 largest
2195 2099 51 23 and
2268 2099 67 23 most

1174 2148 96 24 tv«ried
1280 2147 56 25 that
1346 2146 46 21 has
1404 2151 56 15 ever
1470 2143 63 21 been
1545 2141 87 22 shown
1642 2139 28 21 in
1681 2138 45 22 the
1736 2136 104 27 district,
1853 2134 50 24 and
1914 2134 39 24 for
1964 2133 91 31 quality
2076 2132 50 24 and
2144 2131 72 25 value
2234 2133 59 29 puts
2309 2139 27 16 in

1313 2178 77 32 goods
1402 2175 91 24 offered
1504 2173 32 31 by
1548 2171 104 31 visiting
1664 2168 116 26 hawkere
1792 2169 62 22 from
1868 2165 43 25 the
1929 2164 181 26 Christchurch
2122 2171 46 23 rag
2180 2165 88 24 marts.

1209 2233 94 25 Dress
1315 2230 165 28 Materials,
1492 2226 89 25 Plain
1592 2225 60 24 and
1663 2223 104 29 Fancy
1779 2222 80 23 from
1872 2219 50 24 3d.
1934 2224 56 25 per
1997 2218 85 29 yard.

1209 2292 27 25 A
1253 2291 109 28 Strong
1379 2289 88 25 Stout
1483 2285 133 25 Durable
1633 2282 128 29 Kaiapoi
1776 2278 115 26 Tweed
1906 2277 52 31 2/6
1970 2282 55 25 per
2036 2276 76 30 yard

1807 2322 109 25 Makes
1928 2321 155 24 first-class
2101 2318 83 30 Boys
2186 2320 5 8 1
2210 2317 90 26 Suits.

1209 2386 58 26 Art
1284 2385 139 27 Muslins,
1443 2380 157 30 Cretones,
1619 2377 80 26 Lace
1717 2374 139 26 Curtains
1874 2371 55 25 &c.

1209 2455 26 29 A
1253 2452 110 26 Choice
1381 2448 168 26 Collection
1567 2446 32 24 of
1614 2445 122 28 Gloves,
1762 2442 78 30 Ties,
1870 2439 129 31 Aprons,
2030 2437 165 24 Insertions
2214 2435 53 25 &c.

1210 2503 121 31 Striped
1348 2501 124 25 Galatea
1489 2498 54 32 4/6
1555 2502 55 25 per
1621 2496 107 28 dozen,
1757 2492 104 25 worth.
1872 2491 48 24 9d.
1939 2495 55 25 per
2011 2488 84 31 yard.

1210 2567 103 26 Prints
1325 2566 80 24 from
1416 2564 52 24 4d.
1481 2567 55 26 per
1546 2560 86 32 yard.
1645 2559 140 29 Muslins,
1797 2555 139 30 Selesias,
1950 2553 126 30 Calicos,
2091 2552 54 25 &c.

1796 2600 88 25 With
1901 2599 87 24 other
2006 2597 192 24 Manchester
2215 2596 86 28 lines.

1211 2663 88 30 Hats,
1317 2661 104 29 Fancy
1438 2658 60 25 and
1515 2657 106 30 Sailor,
1639 2656 32 23 in
1687 2654 105 25 White
1809 2653 61 24 and
1887 2651 115 24 Colors.

1755 2697 125 25 Newest
1898 2695 123 30 Shapes.
2056 2693 97 29 Large
2169 2692 132 30 Variety,

1210 2760 149 28 Flowers,
1376 2755 156 29 Feathers,
1550 2752 149 29 Ribbons,
1718 2748 105 31 Laces,
1842 2746 75 32 Jets,
1937 2746 54 24 &c.

1683 2790 88 26 With
1787 2790 41 23 all
1845 2786 184 25 necessaries
2047 2785 47 24 for
2110 2784 190 29 Trimmings.

1210 2849 103 29 Fancy
1329 2847 141 28 Frillings
1489 2844 76 30 3yds
1578 2844 46 24 for
1633 2842 37 32 1/-
1687 2840 103 26 worth
1801 2839 50 30 9d,
1868 2842 56 26 per
1934 2837 84 31 yard,

1746 2882 183 29 Umbrellas,
1947 2880 151 30 Parasols,
2117 2879 183 28 Sunshades,

1355 2952 54 12 ••*■*»
1422 2951 46 12 ->9w
1485 2949 44 13 •**
1552 2948 34 12 -»
1611 2948 19 11 —
1634 2947 22 11 ■*•
1673 2947 42 11 —^
1738 2945 35 12 »»
1863 2948 38 7 -*-
1985 2948 36 11 -•-
2039 2965 1 1 .

1326 2987 332 46 SPECIAL
1745 2980 422 44 PtJSIOHi^SS

1177 3063 111 33 BOYS
1320 3061 89 30 AND
1440 3056 172 32 YOUTHS
1652 3051 216 34 COLONIAL
1901 3050 154 31 TWEED
2082 3050 251 32 OVERCOATS

1662 3115 77 30 with
1762 3113 96 40 Capes

1454 3179 92 29 From
1571 3178 64 28 17s.
1681 3174 50 30 6d.
1776 3173 100 30 worth
1920 3173 65 29 255.
2033 3170 49 30 6cl.

1330 3243 195 34 JVEera's
1569 3241 10 17 r
1579 3241 90 30 l?^s2
1669 3248 10 12 r
1680 3239 115 31 ee»c2.
1839 3238 348 32 Overcoats

1652 3291 94 30 From
1771 3291 63 29 15s.

1176 3467 132 40 English
1324 3469 128 34 Witney
1461 3467 149 30 Blankets
1625 3469 33 26 to
1674 3467 37 29 be
1726 3465 67 30 sold
1809 3469 31 26 at
1851 3466 59 29 less
1919 3466 77 29 than
2011 3465 180 31 Melbourne
2205 3466 129 31 Whole-

1177 3519 62 31 sale
1261 3522 127 39 price—
1388 3521 120 31 Double
1523 3519 67 29 Bed
1609 3517 67 31 Size
1700 3519 64 28 12s.
1790 3517 48 30 6d.
1890 3517 101 30 worth
2008 3518 64 29 16s.
2112 3518 48 29 6d.
2183 3528 56 29 per
2253 3519 76 40 pair.

1344 3591 130 38 cheaper
1488 3588 76 29 than
1581 3584 225 32 Christchurch
1820 3585 113 30 houses
1948 3586 65 29 will
2028 3587 56 28 sell
2100 3587 93 29 them.

1177 3682 298 80 MISSES'
1538 3681 250 80 CAPES
1850 3681 57 78 &
1969 3679 360 82 JACKETS

1233 3792 88 48 TU
1338 3792 163 48 S*wwt
1532 3791 155 59 S&aps
1706 3792 108 48 firm
1835 3790 85 57 3/S
1944 3792 142 48 wmth
2104 3792 168 49 &mhU.

1177 3908 523 99 PRINTS!
1746 3918 84 86 P
1850 3921 386 86 HINTS
2264 3921 58 89 !!

1256 4053 138 49 bshw
1412 4051 152 49 lanM
1583 4057 104 48 cost,
1709 4053 184 48 Edward
1915 4054 201 48 Bennetts
2136 4057 116 48 steck

1177 4126 325 102 ROLLER
1565 4124 501 106 TOWELLING
2132 4134 155 89 4d-

1520 4269 142 48 worth
1681 4269 62 50 64
2120 4290 19 46 ;

1222 4388 72 33 R.
1320 4389 78 32 H,
1435 4389 312 43 PARISH,
1806 4392 154 33 East
2009 4394 257 42 Oxford.

603 516 267 47 GEORGE
902 512 235 47 KEATS.

627 594 157 26 BUILDER
794 592 70 25 AND
877 588 238 28 UNDERTAKER

704 646 105 32 EAST
850 643 181 32 OXFORD.

636 737 120 24 Funerals
765 734 151 27 Conducted,
929 732 88 24 Adults
1025 732 66 24 from
1101 730 38 24 £B

603 781 115 25 Children
736 779 65 24 from
821 777 68 31 22/G.

813 835 4 5 •
1079 831 1 2 •
1142 832 2 1 ■

708 1019 213 29 .Established
947 1014 86 29 1862.

654 1085 123 28 FLOUR,
789 1083 56 25 best
856 1082 80 24 brand
948 1080 58 31 only
1017 1080 68 29 kept.

606 1128 143 29 SHARPS,
785 1123 205 29 OATMEAL,
1026 1121 111 25 BRAN

696 1168 290 30 CHICKENWHEAT,
1005 1169 42 22 &c.

630 1217 41 19 AT
698 1213 123 22 LOWEST
849 1210 142 22 CURRENT
1019 1208 103 23 RATES,

694 1316 52 44 F.
781 1313 48 45 B.
852 1311 189 55 LANE.

710 1391 90 40 (Late
815 1389 38 31 E.
873 1387 161 39 Butcher.)

609 1452 247 33 Watchmaker,
885 1448 183 33 Jeweller,
1086 1445 51 31 &c.

606 1504 123 33 Importer
762 1503 26 24 of
828 1499 108 26 Musical
970 1497 170 25 Instruments

704 1541 111 26 Victoria
837 1540 37 25 St.
905 1537 134 31 Bangiora.

609 1633 98 32 Special
719 1633 70 24 value
812 1630 26 24 in
862 1628 80 26 E&tra
964 1628 86 29 strong
1063 1624 78 26 Cased

608 1677 87 32 highly
703 1675 108 26 finished
825 1672 108 32 English
951 1672 80 24 Lever
1040 1668 101 26 Watch-

609 1729 33 17 es.
689 1717 190 28 Manufactured
897 1718 25 23 to
945 1724 43 22 my
1016 1714 71 25 order
1109 1711 32 32 by

610 1762 53 24 best
675 1760 104 25 London
798 1758 106 25 makers.
939 1753 157 33 Unequalled
1105 1753 38 24 for

609 1804 122 26 excellent
744 1801 178 31 Timekeeping
938 1799 50 25 and
999 1797 143 31 durability.

642 1848 29 24 F.
689 1847 31 24 B.
733 1845 96 25 LANE
842 1843 139 33 personally
1003 1842 72 24 visits
1095 1840 48 24 Ox-
1152 1847 2 26 j

610 1891 54 24 ford
683 1889 125 31 monthly,
833 1887 113 31 carrying
965 1894 16 16 a
1004 1885 68 30 large
1095 1884 49 24 and

610 1934 85 24 choice
729 1931 70 26 stock
828 1931 26 24 of
885 1929 128 28 Watches,
1041 1927 102 28 Chains,

612 1976 132 28 Brooches,
755 1975 87 31 Rings,
854 1972 85 28 Studs,
957 1971 128 26 Pendants
1097 1972 47 27 etc,

613 2020 141 31 Spectacles
776 2017 123 33 (Pebbles,
916 2016 169 24 Pantoscopt-c
1096 2014 50 24 and

611 2064 109 30 Crystal)
734 2061 96 28 Clocks,
850 2059 107 33 (Marble
977 2058 51 24 and
1045 2057 101 31 Wood,)

711 2104 93 25 Accord
807 2111 60 17 eons
879 2103 50 24 and
941 2101 106 25 Violins.

644 2148 81 24 Exact
737 2147 57 24 date
807 2145 27 25 of
843 2146 62 24 each
917 2145 60 24 visit
999 2145 22 23 is
1033 2143 105 24 notified

760 2191 27 23 in

611 2235 149 23 Repairs.—
762 2233 39 24 All
812 2233 97 30 repairs
926 2238 42 17 are
985 2228 119 26 executed
1115 2228 31 30 by

610 2277 92 31 myself
723 2284 28 17 or
767 2275 80 24 under
863 2282 43 22 my
927 2272 220 31 superintendence

610 2328 28 16 so
660 2320 56 24 that
736 2320 102 30 patrons
851 2325 45 16 can
920 2317 52 30 rely
995 2323 33 16 on
1051 2314 97 31 getting

611 2362 155 26 satisfaction
773 2363 29 23 at
814 2360 43 25 the
868 2367 59 25 very
938 2359 87 24 lowest
1034 2358 112 30 charges.

643 2407 105 31 Repairs
758 2414 30 16 ©r
797 2404 84 25 orders
890 2411 58 23 may
960 2402 30 24 be
998 2402 45 25 left
1055 2404 26 22 at
1082 2416 33 3 —

610 2455 26 24 J.
762 2456 4 9 I*,1
766 2461 22 21 *,
824 2453 65 24 East
913 2451 101 24 Oxford.

609 2499 27 23 at
659 2497 40 25 W.
724 2497 35 24 M,
784 2496 38 26 C-,
846 2495 65 24 East
936 2494 100 25 Oxiord.

610 2541 23 25 J.
652 2541 99 29 Brown,
764 2538 161 29 Bootmaker,
951 2537 70 25 West
1046 2535 100 25 Oxford.

610 2585 40 24 W.
664 2585 24 23 J.
702 2584 118 24 Cwsthers
830 2584 19 22 &
861 2582 45 24 Co.
915 2600 5 6 .
943 2581 70 25 Cust.

643 2627 50 24 and
709 2626 53 25 will
769 2625 29 25 be
810 2625 126 31 promptly
948 2623 119 25 attended
1078 2624 35 22 to.

612 2671 54 30 .All
677 2671 99 29 Work
789 2670 77 28 done
878 2679 40 19 on
932 2668 54 28 the
998 2666 150 30 Premises

730 2720 65 30 and
811 2719 200 40 guaranteed.

608 2911 344 32 MONUMENTAL
975 2908 173 35 MASON,

732 2963 133 30 Madras
889 2961 126 34 Street,

650 3013 455 34 CHRISTCHURCH.

610 3107 161 61 WISHES
789 3110 26 20 to
832 3107 88 23 inform
932 3113 100 23 persons
1052 3105 24 23 in
1085 3107 64 20 want

675 3161 3 3 ,
696 3141 29 24 of
740 3140 166 26 Monumental
931 3138 78 24 Work
1035 3138 54 23 that
1118 3138 30 22 lie

606 3175 97 24 intends
723 3168 31 29 to'
771 3172 89 26 SELL
888 3171 62 25 HIS
985 3169 162 27 PRESENT

607 3207 116 25 LARGE
745 3205 119 27 STOCK,
881 3204 134 31 consisting
1032 3204 31 24 of.
1070 3203 76 24 Gran-

607 3242 33 23 ite
658 3240 102 30 Marble,
786 3239 47 23 and
860 3239 69 22 other
956 3237 75 25 Stone
1059 3236 89 24 Monu-

608 3276 85 25 ments,
723 3275 26 21 at
778 3272 161 29 considerably
976 3268 170 25 REDUCED

607 3306 132 23 PRICES.
774 3304 56 23 Iron
849 3303 101 27 Fences,
970 3301 112 25 Concrete
1099 3301 46 25 arid

608 3340 75 24 Stone
697 3336 129 32 Kcrbings,
844 3335 136 24 nducedin
998 3333 71 32 pice.
1104 3333 41 24 In-

608 3373 127 30 scriptions
753 3370 48 25 and
819 3368 34 25 all
870 3368 66 24 work
953 3368 24 22 in
1007 3367 139 24 connection

609 3406 56 22 with
683 3405 41 23 the
741 3402 69 25 trade
823 3403 60 23 done
895 3401 25 23 in
932 3399 137 25 firot-class-
1077 3400 69 30 style.

609 3437 76 31 Early
703 3435 140 32 inspection,
854 3434 99 23 invited.
970 3432 117 26 •■•Several
1097 3434 56 22 hew.,

683 3470 79 30 lately
791 3467 101 25 arrived.
908 3481 6 3 -
928 3462 55 33 Any
1010 3464 138 25 reasonable

610 3504 59 24 offer
685 3503 38 23 for
739 3502 41 24 the
798 3505 94 26 present
910 3499 69 26 stock
995 3498 50 24 will
1072 3496 77 25 result

610 3537 30 24 in,
652 3545 13 14 a
683 3536 60 24 sale.
779 3533 76 24 Want
878 3535 26 22 to
922 3532 91 24 realise.

613 3642 252 41 MRW..N.
890 3639 257 45 CATHRO,

612 3729 18 8 ...
652 3714 182 24 BARRISTER
849 3712 68 23 AND
933 3710 173 24 SOLICITOR.

762 3754 233 32 EANGIORA.

608 3808 133 31 Attends
756 3807 123 30 Oxford
894 3816 38 20 on
944 3805 98 31 Court
1049 3803 97 41 Days.

607 3880 168 25 Instructions
783 3879 34 31 by
827 3880 57 30 post
895 3877 53 25 will
958 3876 94 25 receive
1063 3883 83 24 prom-

772 3919 28 29 pt
829 3915 133 25 attention.

729 3965 108 21 MONEY
864 3963 38 21 TO
930 3963 89 20 LEND.

655 4074 44 52 S.
734 4074 49 43 B.
807 4069 308 54 SEYMOUR,

804 4137 139 26 DENTIST,
952 4155 6 6 ,

643 4181 43 23 23.5
701 4179 106 23 Colombo
822 4178 82 24 Street,
927 4174 170 30 Chrisfcchlircli.

774 4250 179 22 CHAEGES:—

671 4293 94 28 FQHng,
780 4292 40 24 se;
854 4290 134 22 Extraction
997 4290 25 20 2s
1036 4289 37 21 6d.

627 4358 96 22 Nitrous
732 4356 61 24 oxid
802 4355 47 21 Gas
858 4354 169 21 Administered
1031 4353 37 21 for
1074 4353 72 20 Pain,

598 4401 47 23 less
653 4397 136 25 Bxtraetfon
798 4397 26 20 of
832 4396 81 22 Teeth.
946 4396 47 21 Fee
1002 4395 37 22 for
1047 4394 94 21 Admin-

598 4439 110 23 istration
719 4437 32 21 ss.
885 4459 3 3 .

186 3192 252 46 IYOTICE.

40 3291 97 44 Jo))
156 3291 234 57 Printing
402 3293 10 42 !

215 3360 99 43 Job
337 3360 243 55 Priß-ting

87 3421 170 29 OXFORD
315 3422 224 31 OBSERVES

128 3471 159 39 Machine
317 3473 177 50 Printing-
533 3505 3 3 .

224 3523 167 39 WORES
476 3532 18 31 \

110 3582 88 24 MAIN
211 3584 143 28 STREET,
367 3586 144 25 OXFO'E®,

111 3659 127 65 FSNE

302 3680 51 45 if

100 3732 37 29 In
153 3734 73 38 Any
240 3733 129 39 Variety
384 3744 35 19 or
436 3734 98 34 Syle'j

98 3835 107 25 CHILD
214 3836 111 25 BIRTH
338 3837 95 30 SAFE,
447 3838 73 25 AND

149 3878 136 26 ALMOST
294 3880 172 26 PAINLESS
530 3876 21 35 .'

42 3918 92 65 BY
181 3920 72 32 using
288 3922 51 29 DR.
381 3923 198 28 FAWCETT'S

145 3952 129 26 Medicine-
518 3971 3 3 •
569 3966 5 6 •■
583 3957 2 19 !

76 3993 70 26 MRS
169 3995 163 28 BURREIiL
355 3998 59 32 begs
435 4000 27 24 to
485 3980 99 51 inform]

41 4031 44 25 the
97 4031 90 25 Ladies
199 4033 56 24 that
264 4034 44 25 ssse
316 4035 46 24 has
372 4035 61 26 been
440 4038 134 30 appointed

32 4071 65 24 .Sole
118 4074 72 27 agent
212 4073 26 23 in
262 4073 177 28 Chaistcku'rc'la
466 4077 38 24 for
531 4077 45 24 the

31 4108 85 26 rfJbove
128 4109 122 24 Medicine
262 4111 26 23 to
304 4110 115 26 fegilitate
434 4113 140 25 Aeeouche-

38 4150 88 21 nients.
161 4148 89 25 Ladies
261 4157 46 17 can
330 4150 30 26 be
381 4151 113 32 supplied
513 4153 59 24 with

32 4186 48 28 !sh£
102 4186 75 23 above
200 4186 31 31 by
256 4187 104 32 sending
381 4197 30 17 or
432 4190 92 33 calling
547 4193 27 23 at

33 4226 45 29 .Mr
100 4225 121 26 Burrell's
243 4227 181 33 Photographic
446 4228 70 33 plaee
548 4231 28 25 of

36 4266 123 28 bvi^iess.
172 4265 104 27 Gould's
299 4268 132 33 Buildings
432 4287 6 13 s
461 4268 111 31 Victoria

36 4305 89 31 Stijee£,
139 4304 181 31 Cliristchurch,
339 4306 82 26 where
440 4307 130 35 all,.infpr-
574 4306 8 9 >

30 4346 100 30 p,iafci©tt
158 4353 46 16 can
233 4345 30 25 be
291 4345 116 26 obtained
434 4348 58 28 free,
522 4349 50 25 and

29 4384 120 32 perfectly
193 4383 156 33 satisfactory
381 4385 48 26 and
463 4386 107 33 genuine

25 4423 173 28 iestiiHOf'ials
210 4430 47 17 can
269 4422 30 25 be
310 4431 67 18 seen.
