3350 6204
98 224 1259 204 LYELL
1609 224 1511 204 TIMES.

98 428 336 204 AND
546 428 783 204 CENTRAL
1441 428 672 204 BULLER
2225 428 895 204 GAZETTE.

140 809 108 46 Vol.
275 808 53 46 V.
333 806 149 44 —No.
513 820 78 43 233
624 804 2 59 '

1034 800 217 46 LYELL
1333 798 365 48 SATURDAY,
1764 799 271 47 AUGUST
2105 817 34 36 1,
2199 806 106 55 ISBS

2850 809 178 52 (Price
3064 812 70 41 6d.

206 995 207 37 JATfIES
461 990 251 46 INGLI3,

86 1104 369 37 OHABEBKOKER
493 1104 23 31 &
553 1099 282 36 COMMISSION

88 1146 51 40 O

340 1229 25 32 A
389 1226 28 35 G
441 1225 27 33 E
493 1224 28 34 N
547 1223 36 40 T,

174 1348 136 33 Cliff
355 1344 117 34 STBF.
484 1351 59 27 ET,
588 1339 86 33 Llr.
685 1348 51 23 LL
747 1362 8 8 .

190 1456 92 37 MR.
304 1454 32 38 J.
359 1454 33 37 J.
414 1447 315 46 MOYNIHAN,

83 1541 63 36 TD
158 1536 225 37 AKRISTER
420 1534 91 34 AND
559 1527 278 77 gOLICITOR.

80 1679 257 35 Commissioner
364 1676 35 33 of
418 1676 54 32 the
498 1673 159 44 Supreme
681 1671 100 32 Court
807 1668 34 33 of

384 1753 154 35 Victoria.

143 1841 97 36 Office
256 1850 6 23 :
287 1839 206 34 Palmerston
519 1836 61 38 St.,
599 1832 176 45 Wcstport.

80 1930 93 47 Lyell
196 1930 117 34 Courts
328 1925 154 37 attended
498 1924 98 34 when
619 1933 34 22 so
676 1917 161 46 required.

195 2038 23 39 J
239 2066 9 10 .
313 2035 32 38 F
367 2065 8 8 .
442 2029 285 47 CLARK,

86 2132 320 44 OHARE
444 2123 397 47 BROKER,

195 2255 171 34 MINING
399 2254 92 30 AND
524 2247 216 33 GENERAL

80 2354 470 45 COMMISSION
609 2348 231 39 AGENT,

318 2452 284 42 LYELL.

177 2575 288 43 GEORGE
544 2569 203 39 WISE.

83 2663 758 91 qhabebbokeb

428 2785 65 26 AND

83 2870 419 48 COMMISSION
610 2862 229 48 AGENT,

195 2983 261 41 BROADWAY,
494 2976 225 37 REEFTON.

170 3107 60 44 G.
288 3104 53 45 C.
395 3094 349 52 BOWMAN,

100 3208 27 30 A
151 3201 277 39 UCTIOKEKR,
453 3188 385 83 gHAREBROKER,

266 3317 134 34 Mining
423 3323 65 23 an©
513 3315 24 29 G
545 3318 107 24 enral

100 3403 403 44 COMMISSION
584 3395 234 41 AGENT,

246 3493 203 36 Broadway,
503 3485 171 35 Reefton.

131 3608 291 47 JOHNSTON
461 3607 32 37 <Bs
524 3601 257 42 WATKINS

341 3699 127 35 CIVIL
490 3695 93 35 AND

527 3782 313 41 KGIKEEKS,

310 3903 210 27 authorised
548 3900 65 23 and

79 3974 335 56 LICENSED
448 3964 390 55 SURVEYORS

270 4101 98 34 Plans
396 4096 64 36 anil
490 4092 128 36 Details
648 4090 36 34 of
714 4089 129 41 Miinng

125 4151 193 40 Machinery
334 4142 157 49 prepared
505 4139 64 35 and
579 4139 55 35 the
645 4137 157 33 Erection

187 4197 128 41 Mining
332 4192 192 40 Machinery
540 4184 199 46 supervised.

85 4294 142 39 purveys
241 4289 51 33 for
305 4285 130 42 Mining
447 4284 197 40 Companies
656 4273 189 37 contiacted

84 4339 48 34 for
147 4337 43 43 by
206 4336 54 33 the
276 4343 86 34 year.
409 4331 141 38 Surveys
562 4326 98 31 made
672 4322 104 33 under
789 4320 55 33 the

293 4377 93 36 Land
402 4373 152 37 Transfer
566 4372 71 33 xYct.

384 4468 161 34 Address:

86 4525 200 34 Broadway,
311 4518 159 33 Ekffton
484 4524 7 29 ;
527 4522 64 23 and
623 4509 224 34 Commercial

330 4564 130 36 Hotel,
486 4561 106 30 Lyeli

131 4654 346 42 N.B.—lnstructions
493 4652 57 33 left
566 4656 33 27 at
615 4649 107 32 Times
738 4647 110 37 Office,

93 4708 102 42 lyell,
211 4705 66 36 will
293 4703 122 35 receive
426 4698 190 35 immediate
634 4692 173 36 attention.

112 4839 73 38 ni
230 4838 85 52 fn
344 4833 108 57 -P4-
495 4839 58 33 peV
553 4873 9 17 !
590 4826 21 33 d
611 4839 20 51 f
634 4838 20 32 y
697 4837 13 20 I
711 4847 33 10 '"
744 4835 33 31 iy
813 4823 38 33 be
844 4870 12 15 ,

95 4872 58 41 30
160 4879 39 31 JL
240 4872 74 36 UU
489 4875 95 33 made
611 4873 43 42 by
670 4882 135 33 persons
821 4873 32 30 ot

95 4932 105 35 either
216 4939 64 28 sex,
296 4927 35 32 in
346 4925 86 33 their
449 4933 72 21 own
537 4919 167 36 localities,
717 4923 33 26 at
763 4916 88 32 work

98 4979 48 34 for
172 4988 48 22 us.
265 4974 80 33 New
376 4969 158 34 business.
580 4964 52 34 Ail
658 4969 86 27 meat
773 4962 78 33 witii

98 5021 179 39 wonderful
294 5028 136 26 success.
475 5016 73 41 Any
566 5023 60 23 one
650 5022 61 22 can
735 5010 39 32 do
799 5009 54 38 the

97 5072 100 33 work.
253 5064 126 44 Capital
409 5068 57 26 not
494 5058 159 43 required.
698 5057 58 32 We
788 5055 64 33 will

98 5120 82 32 start
194 5125 76 34 you.
316 5109 103 35 Outfit
435 5105 105 34 worth
566 5106 43 32 £1
634 5102 120 33 mailed
776 5101 77 32 free.

99 5165 69 32 The
185 5160 224 44 employment
431 5155 27 31 is
480 5150 212 47 particularly
715 5148 139 42 adapted

99 5223 32 23 10
148 5211 54 35 the
225 5206 111 44 region
360 5204 33 32 in
420 5199 109 36 which
560 5196 66 36 this
656 5193 198 47 publication

101 5256 179 36 etrculates.
346 5251 88 42 Boys
471 5247 65 33 and
573 5244 76 43 girls
686 5255 59 20 can
778 5254 77 20 earn

98 5303 114 43 nearly
229 5312 34 21 as
279 5296 99 35 much
395 5307 35 21 as
446 5304 86 22 men.
578 5289 74 34 Pull
662 5289 193 44 particulars

96 5350 65 37 Mad
202 5344 200 38 nstructions
431 5337 121 37 mailed
580 5338 75 32 free.
712 5335 81 33 Now
828 5334 27 33 is

99 5400 55 33 tkc
172 5398 80 31 time
256 5393 132 32 —don't
405 5390 105 40 delay,
528 5387 57 31 but
598 5384 91 34 write
713 5389 33 27 to
769 5394 38 20 us
824 5392 32 22 at

96 5455 92 26 «ace.
232 5438 141 36 Address
390 5432 187 36 STINSON
608 5432 24 31 &
657 5430 64 31 CO.
767 5429 70 32 Fort-

98 5491 88 38 land,
205 5489 121 36 Maine,
349 5481 114 36 United

142 5587 90 37 ONE
246 5582 90 36 BOX
348 5581 53 33 OF
413 5578 212 34 CLARKE'S
640 5576 26 31 B
679 5576 38 30 41
730 5573 127 33 PILLS

102 5640 26 33 is
145 5630 184 41 warranted
353 5636 33 25 to
409 5638 73 23 cure
499 5625 43 33 all
566 5622 186 43 discharges
774 5624 82 30 lrom

101 5685 56 34 the
175 5680 143 39 Urinary
327 5677 137 39 Organs,
473 5670 146 33 ineither
630 5680 52 21 sax
694 5668 162 41 (acquired

101 5744 36 22 or
160 5719 272 45 constitutional),
456 5717 129 37 Gravel,
615 5714 64 34 and
703 5714 98 33 Pains
825 5714 31 32 in

99 5778 56 34 the
169 5773 99 35 Back.
295 5764 208 38 Guaranteed
516 5765 64 29 free
593 5763 84 31 from
694 5762 162 34 Mercury.

102 5822 77 38 Sold
196 5821 34 34 in
246 5819 118 34 Boxes,
381 5814 35 32 4s
426 5810 42 35 Gd
479 5809 90 39 each,
581 5808 42 44 by
637 5806 42 35 all
693 5806 165 35 Chemists

97 5871 70 34 .and
184 5870 118 31 Patent
321 5860 158 35 Medicine
495 5856 169 36 Vendors;
691 5855 72 30 Sole
783 5855 54 31 Pro-

96 5917 152 41 prietors,
286 5909 73 33 The
406 5906 150 30 Lincoln
593 5910 65 21 and
698 5900 160 29 Midland

98 5966 174 31 Counties
296 5955 101 34 Drug
424 5952 68 35 Co.,
519 5946 148 39 Lincoln,

101 6005 188 40 Wholesale
307 6002 33 34 of
355 6000 42 34 all
414 5999 54 33 the
488 5994 182 35 Wholesale
687 5992 141 34 Houses.

1015 4479 227 39 NOBEL'S
1296 4479 213 37 PATENT

885 4538 754 71 DYNAMITE.

926 4680 45 32 To
988 4679 219 37 Contractors,
1233 4679 133 38 Miners,
1384 4679 218 43 Quarryuien,

1153 4725 65 33 and
1245 4725 130 34 Others.

889 4818 229 71 NOBEL's
1135 4817 253 42 DYNAMITE,
1400 4819 83 33 from
1496 4815 149 45 repeated

1014 4863 92 34 trials
1128 4864 42 42 Ijy
1200 4864 54 33 the
1286 4865 121 42 largest
1437 4865 208 33 Contractors

887 4911 64 31 and
970 4911 128 42 Mining
1112 4911 171 42 Managers
1299 4913 33 30 in
1351 4913 53 31 the
1420 4911 226 32 Australasian

889 4956 160 40 Colonies,
1067 4957 64 32 and
1146 4956 84 33 from
1248 4957 76 41 long
1339 4968 56 22 use
1426 4956 65 33 and
1521 4959 125 29 mortar

890 5010 87 33 tests,
995 5003 59 33 has
1070 5004 120 44 proved
1205 5003 88 34 itself
1305 5004 128 44 beyond
1464 5004 127 43 dispute
1615 5008 30 26 to

889 5050 36 33 be
954 5051 53 32 tlie
1039 5060 111 33 purest
1178 5052 64 33 and
1266 5051 41 44 by
1331 5053 48 32 far
1404 5052 53 33 the
1484 5056 163 34 strongest

890 5097 261 32 manufactured.

930 5154 31 32 It
976 5154 27 32 is
1019 5154 196 42 unequalled
1231 5155 47 32 for
1294 5154 142 42 mining,
1454 5152 192 45 quarrying,

890 5200 141 45 blasting
1047 5201 44 40 (in
1107 5205 63 30 wet
1186 5213 35 21 or
1237 5201 69 44 dry,
1332 5201 82 35 solid
1445 5212 35 22 or
1510 5196 138 37 fissured

890 5248 100 41 rock).
1036 5249 206 43 Tunnelling,
1259 5249 157 43 breaking
1441 5260 43 30 up
1515 5246 133 37 wrecks,

891 5294 126 33 sunken
1033 5295 105 40 rocks,
1154 5295 142 43 blowing
1318 5302 56 26 out
1404 5295 66 33 and
1500 5292 150 45 splitting

891 5352 42 34 up
950 5349 66 25 tree
1032 5350 98 32 roots,
1148 5342 159 38 boulders,
1325 5342 53 33 kc.

932 5389 47 33 Its
997 5390 102 43 safety
1113 5390 59 32 has
1188 5390 80 32 been
1292 5389 194 44 completely
1517 5388 109 33 demon-

891 5435 121 32 strated
1028 5435 42 43 by
1087 5436 54 32 the
1158 5435 136 34 absence
1306 5436 35 33 of
1354 5435 174 36 accidents,
1546 5433 87 33 eithe

890 5482 34 32 in
946 5483 127 39 transit,
1084 5488 137 38 storage,
1245 5495 37 20 or
1311 5484 41 32 its
1381 5481 177 44 legitimate
1583 5490 66 22 use.

892 5529 30 31 It
938 5530 26 30 is
979 5529 172 33 insensible
1170 5536 31 26 to
1219 5530 127 38 shocks,
1364 5542 17 19 a
1393 5528 187 43 percussion
1592 5537 58 30 cap

891 5574 95 44 being
1021 5575 151 44 required
1216 5581 31 27 to
1292 5575 135 42 develop
1475 5575 41 31 its
1560 5574 90 41 giant

892 5633 118 33 power.

934 5685 106 32 Trices
1058 5697 52 21 are
1127 5697 72 21 now
1218 5686 47 33 for
1268 5705 40 3 —

934 5733 15 31 1
974 5744 83 28 ease,
1075 5734 39 31 50
1131 5733 48 34 lbs
1399 5732 34 31 2s
1451 5729 40 34 6d
1508 5741 56 31 per
1579 5727 32 34 lb

934 5780 16 30 5
995 5779 40 31 do
1100 5779 39 32 do
1400 5779 35 29 2s
1451 5777 40 31 lid
1508 5786 56 31 per
1581 5775 30 30 lb

934 5842 66 33 The
1018 5842 99 34 above
1135 5855 52 21 are
1205 5843 54 33 the
1276 5842 104 43 prices
1394 5842 34 31 in
1445 5838 155 35 Dunedln
1619 5847 34 22 or

896 5888 55 31 We
955 5888 33 32 Hi
993 5901 17 18 n
1016 5894 77 35 gton
1110 5888 201 42 magazines.

934 5943 158 34 Discount
1126 5944 136 33 allowed
1294 5949 31 28 to
1356 5943 116 43 buyers
1504 5941 34 34 of
1565 5940 88 42 large

894 5991 134 43 parcels.

956 958 349 71 amDdsn
1360 954 244 87 Co-op

1096 1029 27 15 _i_
1559 1026 15 15 -t-

1666 975 30 33 -
1708 975 29 34 .-1
1761 983 22 26 U
1797 960 7 49 i
1827 977 41 32 \T
1878 977 34 25 Cx

1618 1008 35 17 w
1663 1018 12 4 -
1670 1007 5 7 J
1677 1018 11 4 -
1703 998 45 26 Ou
1761 998 30 29 U.
1799 999 14 25 L
1834 1005 16 20 y
1874 1006 38 21 {^j

1985 963 223 66 Store
2260 959 148 84 Co.,

1539 1057 297 75 inritecL

965 1291 121 34 TITIE
1104 1293 99 31 ahove
1218 1293 169 30 Conrvinv
1400 1291 25 31 is
1442 1300 72 21 nrrv
1528 1288 176 42 supplying
1716 1288 52 33 fclie
1785 1289 165 43 following
1962 1291 98 40 goods
2075 1296 32 28 at
2122 1303 18 21 a
2158 1293 98 42 slight
2269 1293 144 32 advance

1105 1353 40 20 on
1164 1340 59 32 XL!
1231 1340 47 33 Lb
1284 1338 54 34 ON
1359 1336 176 34 I'aiGE^:
1576 1336 4 37 •

1106 1420 336 51 GROCERIES

1576 1485 89 48 and
1686 1486 355 51 PROVISIONS
2063 1507 9 42 ;

1460 1577 34 31 of
1508 1576 69 30 first
1594 1576 81 30 class
1691 1577 135 39 (jiality.

962 1662 37 41 A
1023 1659 134 61 large,
1183 1658 165 53 varied,
1376 1674 56 28 an
1444 1656 21 46 I
1488 1655 144 46 ireful
1660 1658 301 54 Assortment,
1990 1658 103 44 of—■

1319 1734 261 55 Crocksly,
1609 1731 227 45 Earthen
1863 1734 89 44 and
1977 1734 286 47 Glassware
2286 1753 9 39 ;

1322 1799 355 52 Ironmongery,
1710 1796 78 46 &c.

957 1891 98 33 MEN
1073 1891 65 33 and
1153 1891 124 35 BOY'S
1295 1891 155 33 KAIPOI
1468 1890 95 32 made
1580 1888 251 42 CLOTHING;
1858 1889 125 37 HATS,
2002 1890 174 41 SHIRTS,
2194 1893 117 34 nnder-

1331 1936 257 41 FLANNELS;
1607 1933 223 37 DIIAWEKB
1848 1936 64 33 and
1930 1936 159 35 MOLES.
2113 1938 202 41 TWEEDS,

1331 1983 202 34 HOSIERY
1549 1982 64 33 and
1635 1980 258 42 BLANKETS;
1917 1983 198 42 CALICOS,
2140 1985 175 41 PRINTS,

1331 2027 249 38 FLANNELS,
1597 2027 66 40 &c.,
1680 2026 66 41 &c.,
1761 2026 54 36 &c.

1559 2096 129 31 —Also
1691 2113 40 4 —

964 2167 184 57 Wheat,
1205 2167 129 55 Oats,
1392 2166 137 56 Bran,
1577 2161 140 49 Chaff
1762 2163 89 47 and
1896 2164 217 49 Potatoes
2138 2185 9 29 :
2190 2168 115 46 New

1317 2232 185 47 Garden
1555 2229 155 50 Seeds,
1768 2231 144 45 sound
1964 2233 91 46 and
2104 2242 99 38 true
2256 2242 47 38 to

1319 2314 148 30 name.
1533 2295 118 49 Seed
1675 2295 230 55 Potatoes,

919 2498 116 36 Orders
1051 2498 232 46 accompanied
1305 2497 43 45 by
1365 2498 75 34 cash
1458 2498 205 34 remittances
1686 2497 191 43 punctually
1900 2497 154 36 attended
2071 2502 44 38 to,
2132 2498 65 35 and
2235 2498 99 45 goods
2358 2499 51 34 des-

876 2558 138 41 patched
1032 2563 33 27 at
1080 2569 19 21 a
1114 2564 166 26 moments
1295 2558 117 31 notice.

918 2631 99 35 Local
1039 2631 153 45 produce,
1214 2629 169 45 including
1406 2629 123 41 Hides,
1554 2628 111 41 Skins,
1697 2625 111 44 Wool,
1832 2627 150 40 Butter,
2000 2629 67 42 &c.,
2086 2630 65 41 &c.,
2174 2629 183 46 purchased
2373 2629 50 35 for

1954 2743 40 34 R.
2020 2744 156 42 M'NEE,

924 2839 200 39 Murcliison,
1143 2838 75 32 15th
1235 2838 100 38 June,
1356 2839 90 31 1885.

2217 2791 171 43 Manager.

1315 2948 85 46 The

873 3047 390 48 PRINTING
1324 3046 150 48 AND
1538 3045 509 49 PUBLISHING
2109 3046 320 60 OFFICE,

1372 3143 176 33 CLIFF
1594 3144 82 36 ST.,
1721 3144 215 33 LYELL.

955 3371 43 50 Is
1021 3389 85 32 one
1130 3370 48 49 of
1196 3372 76 47 the
1296 3371 101 48 best
1420 3371 114 48 local
1559 3370 225 49 mediums
1807 3371 67 47 for
1896 3371 293 50 distributing
2212 3389 140 38 news,

2162 3419 25 18 O
2343 3424 7 9 '

1168 3448 405 56 Advertisements,
1601 3448 89 45 and
1715 3447 204 62 subjects
1943 3448 49 46 of
2011 3450 117 45 local

1402 3526 202 55 interest,
1632 3525 279 61 throughout

1152 3602 77 47 the
1273 3602 155 47 Duller
1472 3601 90 47 and
1609 3601 266 62 Inangahua
1919 3602 237 48 (bounties.

934 3735 202 63 Charges
1158 3735 67 46 for
1247 3735 214 63 standing
1484 3734 398 56 advertisements,
1907 3752 108 46 very
2033 3737 284 48 reasonable,

938 3823 95 56 lob,
1091 3823 144 56 Plain,
1282 3823 89 45 and
1423 3823 59 45 all
1525 3822 132 46 kinds
1705 3821 49 45 of
1792 3822 213 62 printing,
2052 3824 222 46 executed
2328 3826 108 45 with

876 3904 221 63 despatch
1120 3913 47 38 at
1190 3906 76 44 the
1290 3904 155 46 lowest
1469 3903 165 62 prices.

934 3991 399 47 Communication
1357 3991 59 61 by
1440 3998 103 54 post
1561 4006 49 30 or
1632 3989 102 47 wire
1759 3992 231 61 promptly
2014 3993 221 47 attended
2259 4003 62 39 to.

1504 4147 303 48 ADDRESS:

1639 4232 740 85 OFFICE/'

1526 4331 265 46 LYELL.

1702 4478 230 46 NOBEL'S
1958 4482 228 45 PATENT
2225 4485 162 46 BLAST-

1836 4534 103 43 ING
1983 4536 302 46 GELATINE,

1721 4585 32 32 Is
1771 4588 39 29 50
1826 4597 55 29 per
1898 4593 74 26 cent
1988 4595 150 33 stronger
2149 4590 80 33 than
2243 4591 178 42 Dynamite
2436 4602 7 30 ;

1679 4631 89 43 gives
1785 4632 46 32 off
1844 4633 62 32 less
1923 4633 130 41 smoke;
2078 4635 26 31 i&
2122 4647 34 21 as
2173 4645 66 24 sate
2258 4650 34 20 as
2330 4638 90 42 Dyna-

1679 4678 79 32 mite
1772 4688 5 29 ;
1802 4678 27 32 is
1845 4679 124 38 slower,
1987 4680 61 32 less
2066 4680 191 45 shattering,
2275 4684 65 32 and
2353 4696 90 21 more

1680 4724 174 43 expansive
1878 4724 33 33 in
1941 4725 41 32 its
2013 4727 108 31 action
2137 4738 5 28 ;
2166 4727 213 36 indissoluble
2409 4731 34 32 in

1680 4775 111 34 water,
1809 4771 64 31 and
1889 4772 27 30 is
1933 4771 78 32 fired
2034 4773 80 31 with
2146 4774 80 40 fuse,
2259 4776 183 40 detonator,

1681 4816 65 33 and
1763 4816 170 43 dynamite
1949 4818 124 42 primer
2086 4819 33 32 in
2132 4819 54 33 the
2200 4832 90 22 same
2302 4833 141 22 manner

1681 4875 35 21 as
1733 4862 180 43 dynamite.

1723 4910 108 31 Pnoes
1848 4909 35 32 of
1894 4909 152 43 iJlasting
2062 4910 153 34 Gelatine

1726 4956 14 30 1
1759 4965 82 26 ease,
1860 4956 39 31 50
1916 4955 49 32 lbs
2106 4982 33 7 ...
2186 4960 35 30 8s
2238 4969 57 32 per
2310 4959 32 33 lb

1725 5004 16 31 5
1787 5001 40 34 do
1893 5001 40 34 do
2106 5030 33 7 ...
2186 5007 34 30 2s
2237 5005 41 34 8d
2299 5019 57 31 per
2372 5007 31 33 lb

1862 5049 35 32 in
1914 5049 155 34 Dunedin
2087 5052 178 40 magazine.

1726 5096 181 41 Necessary
1923 5096 163 41 tape-fuse
2104 5098 64 31 and
2182 5099 187 33 detonators
2399 5102 49 31 for

1684 5140 98 43 firing
1799 5141 178 42 Dynamite
1992 5142 63 33 and
2086 5143 149 35 Gelatine
2264 5145 122 45 always
2413 5148 33 32 in

1685 5188 100 33 stock.
1832 5188 133 33 Printed
1978 5189 211 34 instructions
2205 5194 49 30 lor
2269 5194 96 41 using
2391 5195 56 33 the

1685 5235 101 34 above
1803 5235 108 33 issued
1926 5236 77 33 with
2022 5249 96 31 every
2135 5238 52 33 51b
2203 5239 154 44 package.

1746 5329 125 42 Agents
1887 5327 48 33 for
1952 5329 54 33 the
2024 5329 150 40 Glasgow
2198 5332 169 46 Company

1832 5375 242 35 DALGETTi
2103 5383 22 29 &
2144 5379 55 34 Co.

1907 5423 153 32 Dunedin
2080 5426 64 30 and
2161 5426 245 35 Christchurch.

1831 5468 52 34 W.
1902 5468 45 33 M.
1966 5469 120 35 BANN
2093 5470 112 35 ATTN
2214 5473 26 32 E
2259 5476 21 30 &
2299 5476 67 39 Co.,

2201 5520 25 32 \\
2238 5520 169 42 ellington.

1730 5607 83 34 N.B.
1818 5607 194 44 —Supplies
2030 5621 77 32 may
2123 5610 38 34 be
2179 5611 64 34 had
2259 5612 82 34 from
2359 5614 91 35 .Tonx

1688 5657 161 31 Fknnell
1861 5656 64 31 and
2059 5658 47 31 Jay
2110 5669 53 27 an,
2180 5660 110 41 Lyell;
2309 5662 141 32 Thomas

1690 5701 101 39 i'i«-Id,
1820 5701 29 32 \\
1862 5707 140 37 estport;
2028 5703 39 31 It.
2097 5705 111 43 Oxley,
2224 5706 141 44 Forsyth
2387 5709 63 32 and

1691 5749 150 36 Masters,
1865 5748 138 32 Keeiluii
2032 5750 63 31 and
2125 5753 203 40 Greymomh
2344 5766 7 28 ;
2377 5757 55 31 Gal-

1691 5794 111 43 higher
1818 5793 103 35 Ikos,,
1945 5794 213 42 Boatman's;
2182 5798 38 31 A.
2248 5799 105 38 Euidi,
2372 5801 65 33 l>ili-

1690 5843 106 31 manV.
1827 5842 113 39 Town,
1978 5842 144 35 kumara
2140 5855 6 29 ;
2195 5845 34 34 C.
2262 5847 188 42 Linniman,

1697 5889 43 30 \\.
1758 5887 166 32 Johnston
1937 5889 64 31 and
2019 5891 66 37 Co.;
2104 5891 193 33 Cowlishaw
2308 5894 65 31 and
2384 5896 66 37 Co.,

1691 5931 161 33 llokitika
1864 5941 7 30 ;
1896 5932 65 32 and
1976 5933 110 35 others
2102 5947 42 21 on
2155 5936 55 35 the
2229 5937 89 35 West
2346 5941 104 33 Coast,

1690 5987 32 26 at
1738 5979 113 33 lowest
1867 5984 99 29 rates.

2470 990 402 40 CRITERION
2932 995 233 37 HOTEL

2726 1070 100 25 LTE
2844 1071 21 25 L
2884 1072 20 25 L
2922 1089 8 9 .

2588 1200 220 37 EDWARD
2843 1204 233 36 CARROLL

2453 1280 158 37 T>EGS
2636 1287 32 26 to
2693 1282 119 32 inform
2838 1284 49 31 his
2914 1296 176 22 numerous
3120 1292 87 28 tows

2568 1337 64 34 and
2663 1344 138 39 country
2831 1339 120 36 fri-nds
2982 1342 71 36 that
3083 1344 40 34 he
3151 1345 59 34 has

2451 1405 183 42 purchased
2650 1405 54 33 the
2721 1406 101 34 above
2838 1408 158 42 business,
3013 1411 65 33 and
3108 1412 101 44 hopes

2453 1471 42 35 bv
2526 1475 91 33 strict
2646 1477 162 33 attention
2826 1482 31 28 to
2882 1478 54 33 the
2964 1484 104 29 wants
3098 1482 35 31 of
3159 1482 51 34 his

2453 1548 179 31 customers
2660 1546 64 35 and
2750 1548 167 36 travellers
2942 1555 31 30 to
3005 1553 95 34 merit
3117 1566 17 21 a
3151 1553 59 35 fair

2598 1612 93 35 share
2708 1614 36 33 of
2763 1614 106 45 public
2886 1621 187 42 patronage.

2551 1763 150 49 Liquors
2728 1765 35 35 of
2787 1766 59 36 the
2867 1767 85 36 Best
2974 1769 143 37 Brands.

2808 1945 38 37 E.
2877 1945 246 51 CARROLL,

2981 2023 193 45 Proprietor,

2459 2173 381 50 BELFAST
2901 2178 309 62 HOTEL,

2688 2258 133 35 GIBBS
2846 2261 143 35 TOWN.

2664 2322 221 35 Eight-Mile
2909 2326 104 34 Road.

2464 2410 128 67 rjIHE
2603 2412 219 44 undersigned
2832 2416 124 44 having
2966 2421 153 33 removed
3129 2422 85 35 from

2571 2472 78 33 Zala
2665 2474 101 33 Town
2784 2476 64 32 and
2864 2479 127 33 erected
3014 2492 71 23 new
3109 2494 84 32 prem-

2462 2528 62 34 ises
2549 2541 35 21 as
2609 2529 112 41 above,
2745 2532 28 34 is
2802 2546 74 22 now
2898 2538 159 42 prepared
3081 2545 31 28 to
3138 2541 78 34 offer

2463 2586 159 33 excellent
2672 2590 284 35 accommodation
2994 2599 31 28 to
3074 2597 139 40 visitors,

2463 2641 163 43 boarders,
2644 2644 65 34 and
2725 2645 55 35 the
2795 2648 109 43 public
2920 2653 179 43 generally.

2463 2755 91 34 Ales
2578 2757 119 34 Wines
2719 2769 66 23 and
2810 2762 131 34 Spirits
2971 2775 39 23 of
3041 2776 65 24 the
3133 2778 82 24 best

2644 2816 182 41 Qualities
2843 2830 84 23 only
2945 2833 94 24 kept.

2783 2929 187 63 Charges
3220 2935 29 44 M

2675 3073 151 36 PETER
2846 3076 293 46 ARMSTRONG,

2986 3159 197 42 Proprietor.

2543 3277 179 37 LADIES'
2747 3281 59 35 OR
2829 3281 325 43 GENTLEMEN'S

2474 3387 356 73 SADDLE
2912 3393 86 72 n
3014 3397 146 51 ACK
3180 3401 44 59 S,

2631 3521 111 42 (Quiet
2757 3523 66 34 and
2838 3525 247 50 Well-broken)j

2470 3616 89 33 FOR
2575 3617 115 33 HIRE
2708 3618 60 33 BY
2784 3620 92 34 THE
2896 3623 333 42 UNDERSIGNED

2615 3712 49 33 At
2686 3712 202 39 Inangahua
2909 3719 181 38 Junction.

2514 3853 137 35 Horse's
2666 3860 72 30 sent
2753 3860 43 40 ]to
2813 3859 94 43 Lyell
2924 3865 34 31 at
2981 3874 18 23 a
3015 3870 178 33 moment's

2794 3929 117 34 notice.

2476 4023 236 61 Courtney's
2722 4029 361 54 Accommodation
3095 4041 143 48 House

2476 4094 137 46 Having
2641 4097 102 46 lately
2768 4100 82 35 been
2878 4107 227 47 considerably
3131 4113 107 36 added

2476 4161 33 30 to
2533 4159 66 33 and
2622 4159 183 46 improyed,
2822 4165 27 34 is
2873 4178 75 24 now
2965 4182 59 23 one
3041 4173 36 33 of
3096 4175 54 34 the
3167 4177 71 36 best

2476 4222 176 43 appointed
2669 4226 64 33 and
2748 4232 87 29 most
2851 4231 211 37 comfortable
3086 4239 152 36 roadside

2609 4286 130 36 house's
2755 4302 43 21 on
2813 4292 56 33 the
2886 4293 92 35 West
2995 4297 108 36 Coast.

2497 4432 31 35 F
2541 4434 34 35 R
2585 4434 82 40 A]N
2681 4437 101 37 CIS
2844 4441 373 59 COURTNEY,

2747 4519 226 39 Proprietor.

2576 4622 173 63 JOHN
2815 4610 335 77 FENNELII

2483 4771 148 70 Q.BN
2641 4775 68 33 ER
2722 4777 58 33 AL
2839 4780 400 57 STOREKEEPER,

2459 4885 2 64 ,
2507 4885 124 35 WINE
2655 4888 94 34 AND
2775 4892 148 37 SPIRIT
2947 4898 264 51 MERCHNAT,

2647 5000 107 34 Cliff
2778 5003 141 44 Street,
2944 5008 122 38 Lyell.

2566 5184 142 42 Highest
2739 5189 90 33 Price
2860 5194 94 39 given
2983 5198 48 33 for
3069 5203 86 42 gold.

2483 5290 149 45 ANC
2660 5290 28 68 H
2716 5290 28 68 0
2772 5290 27 68 E
2882 5299 203 50 FOUN
3105 5309 87 47 DK
3208 5315 33 43 Y

2714 5359 32 37 -N
2773 5361 25 37 L
2818 5362 28 38 L
2867 5369 21 31 is
2909 5369 28 34 O
2960 5370 27 35 JN
2988 5369 5 8 r

2466 5509 2 57 j
2638 5509 96 35 kinds
2751 5513 36 32 of
2800 5515 223 49 Engineering
3039 5526 64 32 and
3122 5528 123 38 Smith-

2449 5579 20 57 J
2526 5633 5 5 _
2601 5573 97 39 work,
2711 5573 2 67 '
2732 5575 78 33 Iron
2836 5580 65 31 and
2933 5582 99 35 Brass
3064 5588 178 52 Founding

2467 5632 2 63 j
2488 5632 139 45 Mining,
2645 5635 139 45 Marine,
2801 5642 65 33 and
2891 5644 230 43 -Monumental
3139 5656 100 39 Work

2449 5734 1 80 .
2465 5734 5 66 ]
2527 5749 291 40 Communication
2865 5760 106 34 Twica
3020 5766 138 48 Weekly
3206 5778 40 32 bv

2449 5812 1 48 '
2468 5812 2 48 i
2487 5812 131 34 Anchor
2635 5814 82 35 Line
2737 5816 129 38 Steams
2924 5824 63 35 and
3005 5830 104 30 iir'«x
3126 5847 17 13 n
3149 5843 57 17 ,nt
3238 5842 9 18 t

2947 5843 7 14 l
2959 5852 5 5 -
2970 5843 19 16 u
3127 5843 122 37 quoted

2449 5875 1 57 '
2469 5875 2 57 j
2486 5875 165 35 delivered
2667 5886 34 26 at
2719 5881 74 32 Wes
2825 5884 96 34 Coast
2938 5889 105 36 Ports.

2449 5944 1 49 5
2686 5944 279 42 ALEXANDER
