3350 6204
112 1129 141 71 The
300 1129 234 71 Lyell
581 1129 281 71 Times.

150 1286 247 40 SATURDAY,
431 1284 189 38 AUGUST,
662 1286 26 33 1,
729 1285 87 30 1885.

108 1397 74 32 The
213 1392 232 40 all-absorbing
468 1391 83 36 topic
576 1391 47 30 for
647 1389 52 32 the
731 1393 131 27 current

111 1450 99 39 Week,
226 1449 59 32 has
301 1445 219 42 undoubtedly
534 1444 89 34 been,
637 1444 53 32 the
705 1442 157 44 proposed

110 1507 219 34 construction
346 1505 34 32 of
394 1504 53 32 the
471 1504 79 30 East
571 1502 62 31 and
663 1502 86 31 West
766 1502 97 31 Coast

109 1564 65 35 and
198 1563 121 33 Nelson
341 1561 144 40 railway.
531 1558 83 33 That
633 1558 54 33 the
710 1563 151 38 question

109 1623 68 33 into
194 1620 106 33 which
318 1619 65 32 this
398 1618 198 42 stupendous
611 1617 122 41 subject
746 1616 57 32 has
816 1627 29 21 re-

109 1680 111 34 solved
256 1678 95 39 itself,
390 1675 116 34 should
549 1676 38 32 be
631 1675 119 41 closely
796 1674 65 32 and

110 1735 170 42 anxiously
295 1732 156 43 regarded
466 1731 42 43 by
524 1731 54 32 the
590 1731 105 32 whole
713 1731 150 35 Coast,—

110 1798 34 29 to
167 1804 57 32 say
247 1791 137 42 nothing
411 1789 36 34 of
466 1789 53 33 the
546 1788 92 34 other
662 1787 65 33 side
751 1788 34 32 of
807 1787 54 33 the

111 1850 195 40 Island,—is
329 1853 56 27 not
407 1852 32 28 to
463 1848 37 31 be
524 1845 174 33 wondered
731 1850 43 34 at,
798 1845 63 32 and

111 1909 55 33 the
197 1904 161 36 all-round
388 1904 133 42 activity
558 1904 94 41 being
692 1902 171 43 displayed

111 1965 200 41 throughout
327 1963 54 34 the
398 1962 104 35 whole
520 1961 35 34 of
574 1961 54 34 the
645 1960 216 43 Canterbury,

115 2024 62 33 and
200 2022 54 33 the
280 2022 88 31 West
390 2020 97 32 Coast
510 2019 151 33 Districts
688 2018 34 32 in
748 2028 117 32 urging

114 2082 56 33 the
195 2079 79 34 vital
299 2079 201 43 importance
527 2078 33 32 of
583 2077 53 33 the
665 2077 132 42 project,
825 2075 40 33 its

115 2139 98 33 claim
242 2147 87 32 upon
354 2135 54 33 the
437 2135 111 32 House
578 2133 48 33 for
656 2146 17 20 a
703 2132 162 34 favorable

115 2197 118 36 notice,
250 2194 74 38 and,
341 2193 127 38 indeed,
492 2204 19 20 a
534 2193 97 40 ready
654 2191 153 42 adoption
832 2201 34 21 as

117 2249 96 42 being
254 2259 83 23 even
373 2259 41 21 an
458 2245 146 35 national
646 2245 100 39 work,
790 2255 75 32 may

115 2306 158 41 certainly
296 2305 38 32 be
350 2304 153 42 regarded
525 2315 35 20 as
581 2314 61 21 one
665 2303 36 31 of
722 2304 54 31 the
798 2302 70 31 best

116 2361 139 46 possible
279 2365 187 40 arguments
481 2360 72 33 that
573 2360 90 33 there
687 2359 27 34 is
736 2358 129 34 neither

119 2421 153 41 diversity
288 2420 35 32 of
330 2418 142 44 opinion,
486 2430 58 22 nor
555 2417 137 33 division
705 2417 34 33 of
749 2417 118 40 feeling

116 2489 87 31 upon
221 2478 34 38 it,
273 2476 199 41 throughout
489 2487 17 20 a
522 2480 71 27 vast
610 2475 128 42 portion
758 2476 31 31 ot
813 2474 53 32 the

116 2534 106 34 whole
238 2533 123 34 Island.
407 2532 66 33 The
491 2531 108 45 public
616 2531 92 33 mind
721 2532 58 33 has
788 2530 80 35 been

117 2593 115 32 roused
248 2598 32 26 to
297 2592 53 31 the
367 2596 124 26 utmost
506 2591 127 31 tension
652 2591 35 31 of
699 2589 120 42 feeling
835 2591 31 29 in

117 2650 55 33 the
201 2653 129 34 matter,
357 2646 65 34 and
444 2646 90 34 there
558 2646 26 32 is
608 2657 42 22 no
675 2646 193 43 gainsaying

115 2707 56 34 the
187 2707 77 37 fact,
282 2706 71 31 that
370 2716 34 21 so
427 2703 49 34 far
492 2716 34 21 as
547 2705 205 42 expressions
769 2716 43 31 up
837 2712 30 25 to

115 2765 56 30 the
184 2767 130 38 present
330 2761 82 32 have
430 2772 92 28 gone,
538 2760 54 32 the
605 2760 150 43 proposal
769 2761 35 31 of
814 2760 52 32 the

118 2819 146 35 Colonial
278 2818 184 39 Treasurer,
476 2816 63 34 and
548 2817 54 33 the
618 2817 250 33 Government's

116 2876 196 34 elucidation
329 2875 35 33 of
376 2874 53 34 the
442 2874 128 34 scheme
587 2874 48 33 for
649 2881 217 37 re-payment,

118 2934 42 43 by
176 2944 72 32 way
264 2932 35 33 of
309 2938 188 37 guarantee,
513 2931 84 33 have
613 2931 122 44 despite
753 2932 42 32 all
814 2932 54 33 the

116 2993 86 33 close
226 2991 144 42 scrutiny
400 2989 106 34 which
529 2996 92 37 great
651 2991 219 42 questions,—

119 3053 33 30 at
175 3048 43 34 all
239 3047 168 44 involving
430 3047 54 33 the
506 3047 267 45 responsibilities
795 3048 36 34 of
849 3060 20 22 a

118 3108 125 41 colony,
268 3104 181 44 invariably
473 3109 127 35 attract,
626 3105 79 33 been
730 3106 138 42 heartily

115 3163 163 46 approved
294 3163 41 39 of,
353 3162 64 33 and
433 3162 87 43 quite
544 3174 35 21 as
598 3163 167 43 generally
781 3175 63 21 com-

116 3221 152 34 mended.
313 3221 66 31 The
404 3219 163 33 members
583 3220 48 32 for
645 3221 53 31 the
720 3221 149 32 different

116 3279 152 38 districts,
292 3277 98 43 likely
414 3283 31 26 to
471 3276 37 33 be
531 3288 89 21 more
644 3276 224 44 immediately

112 3336 147 38 affected,
275 3335 159 40 certainly
451 3334 82 32 have
550 3346 41 20 no
612 3346 113 21 excuse
745 3334 48 33 for
811 3336 54 31 the

112 3392 133 34 faintest
262 3389 191 45 disposition
470 3391 139 33 towards
631 3391 174 33 hesitation
835 3403 33 21 as

113 3456 33 27 to
170 3450 54 32 the
250 3449 93 31 stand
368 3448 105 32 which
503 3448 85 32 their
616 3448 252 34 constituencies

111 3506 109 34 would
235 3505 83 34 have
337 3505 89 34 them
444 3504 74 34 take
535 3506 34 32 in
586 3505 54 32 the
656 3511 130 35 matter,
806 3506 61 33 and

111 3563 84 34 their
219 3574 110 22 course
356 3563 26 32 is
410 3562 124 43 plainly
561 3563 129 42 enough
720 3563 145 33 marked.

109 3620 106 33 There
232 3621 25 31 is
273 3626 67 33 not,
357 3619 208 43 fortunately,
591 3631 65 32 any
678 3631 115 23 reason
819 3622 50 31 for

111 3677 102 33 •doubt
226 3688 44 21 on
286 3676 71 32 that
373 3675 102 40 head;
500 3677 25 32 it
541 3687 26 22 is
586 3677 53 32 the
656 3682 116 38 gentry
785 3677 83 33 from

111 3735 56 32 the
190 3734 94 33 other
305 3732 79 33 ends
411 3732 37 33 of
471 3733 54 32 the
552 3734 130 42 colony,
710 3735 83 38 who,
821 3747 47 21 we

110 3798 107 38 regret
233 3798 31 27 to
280 3791 88 40 hear,
385 3791 83 33 have
485 3797 33 27 to
541 3791 38 33 be
597 3798 85 27 most
704 3792 108 34 feared
837 3795 29 31 in

111 3850 56 32 the
185 3854 138 34 matter;
342 3849 63 33 and
416 3850 83 32 from
512 3849 54 33 the
579 3850 167 42 reception
761 3851 107 31 which

111 3906 55 34 the
193 3906 104 33 North
327 3904 121 40 Island,
480 3905 64 32 and
577 3905 103 42 Otago
706 3905 164 34 members

112 3974 118 33 appear
252 3962 208 44 predisposed
485 3968 32 27 to
545 3962 119 33 accord
687 3963 54 32 the
764 3964 105 32 whole

112 4021 161 44 proposal,
311 4021 90 33 there
439 4020 27 33 is
497 4021 113 42 plenty
647 4021 35 33 of
708 4032 91 22 room
838 4028 31 27 to

111 4079 122 32 hazard
250 4090 19 21 a
285 4078 99 33 doubt
407 4080 45 37 in,
469 4078 72 32 that
559 4078 54 32 the
634 4084 185 36 supporters
840 4080 34 31 of

111 4137 58 34 the
190 4136 144 38 scheme,
357 4135 49 34 for
428 4135 55 34 the
506 4138 220 31 construction
748 4137 38 33 of
805 4137 65 32 this

112 4197 90 41 great
218 4192 100 41 work,
322 4203 115 23 —now
453 4204 34 21 so
505 4192 73 33 well
597 4193 161 39 matured,
763 4193 107 34 —will

110 4252 41 32 3?e
165 4250 181 39 out-voted,
365 4251 64 31 and
444 4250 78 33 thus
538 4251 55 31 the
618 4252 149 40 question
790 4263 78 30 may

110 4308 135 33 become
282 4306 144 40 shelved,
465 4306 141 44 perhaps
649 4307 219 44 indefinitely.

114 4365 87 33 That
216 4376 18 22 a
250 4363 46 35 lot
310 4364 36 34 of
365 4364 55 33 the
436 4364 182 44 opposition
640 4365 26 33 is
689 4365 179 45 ill-judged,

113 4424 68 33 will
203 4423 37 32 be
263 4421 127 43 readily
414 4433 75 21 seen
504 4432 5 21 :
533 4423 91 32 there
645 4435 53 21 are
723 4425 91 31 those
837 4426 33 30 in

113 4479 59 34 the
189 4485 137 35 country
344 4477 34 33 of
390 4477 107 33 whom
515 4477 24 34 it
555 4489 76 33 may
649 4478 36 34 be
703 4480 80 40 said,
800 4480 70 34 that

113 4538 45 33 ♦ill
196 4536 84 32 their
317 4535 201 41 sympathies
554 4537 67 30 and
659 4537 134 41 feelings
830 4538 41 32 lie

109 4590 140 36 centred
278 4591 71 43 just
387 4592 33 31 in
449 4591 67 32 and
550 4591 97 33 about
679 4593 83 33 their
800 4606 70 22 own

114 4650 114 37 <loors;
240 4648 65 32 and
313 4659 80 20 even
404 4650 265 39 amongmodern
680 4651 189 41 legislators,

158 4705 130 47 warped
314 4705 103 45 spirit,
442 4705 37 35 of
501 4718 17 21 a
548 4705 64 35 like
637 4706 90 42 kind,
753 4708 60 37 has
840 4722 32 24 at

118 4766 108 36 times,
256 4764 96 30 made
382 4763 89 30 itself
497 4766 228 39 conspicuous.
772 4769 73 31 How-

117 4832 85 29 ever,
216 4820 36 33 in
274 4818 55 36 the
353 4823 131 40 present
504 4830 82 29 case,
611 4820 64 34 and
699 4824 173 46 regarding

118 4880 54 33 the
190 4879 149 43 question
356 4877 34 34 of
404 4886 219 36 re-payment,
642 4879 53 34 the
710 4882 120 45 colony
846 4886 26 31 is

118 4937 98 34 asked
239 4936 48 33 for
310 4936 138 40 nothing
470 4936 85 31 until
579 4936 52 33 the
657 4940 103 31 whole
784 4943 88 31 work

115 4995 28 35 is
160 4992 191 47 completed,
376 4992 63 35 and
463 4993 221 36 out-of-hand.
729 4999 44 33 As
797 4998 26 36 it
845 5000 27 34 is

115 5065 44 21 an
169 5051 149 34 essential
330 5053 121 30 feature
461 5053 75 31 with
549 5053 53 31 the
614 5054 258 35 Government's

115 5108 162 45 proposal,
315 5108 72 33 that
417 5108 54 33 the
506 5118 191 33 percentage
735 5114 136 40 payable

113 5166 162 43 annually
291 5177 41 22 on
349 5165 55 34 the
421 5166 80 33 total
518 5171 68 28 cost
605 5167 35 33 of
652 5170 219 34 construction

117 5224 118 34 should
250 5223 39 33 be
305 5223 96 33 made
415 5223 189 42 chargeable
616 5230 32 27 to
661 5225 54 33 the
727 5228 145 41 portions

111 5283 40 35 of
179 5282 52 34 the
259 5281 114 34 Island
404 5286 85 29 most
513 5281 170 42 benefited,
709 5284 25 35 it
756 5284 30 35 is
816 5294 57 28 not

115 5341 83 34 hard
215 5345 32 29 to
263 5351 61 28 see,
343 5340 72 34 that
431 5340 96 34 when
549 5341 55 33 the
621 5341 103 35 whole
743 5345 129 35 scheme

118 5402 25 30 is
174 5410 89 22 more
294 5398 82 44 fully
407 5399 64 32 and
498 5401 120 42 openly
642 5401 166 35 discussed
839 5404 33 34 in

121 5458 216 39 Parliament;
376 5456 64 34 and
479 5459 246 43 consequently,
771 5461 103 35 better

115 5515 209 37 understood,
348 5515 89 33 there
458 5515 117 33 should
600 5516 37 32 be
663 5518 60 32 less
748 5522 105 40 opposi-

113 5575 80 33 tion.
239 5573 85 34 That
348 5573 54 33 the
420 5572 130 35 scheme
569 5573 65 34 will
658 5575 37 34 be
720 5578 152 42 opposed,

112 5634 89 32 front
223 5632 64 33 and
311 5643 79 27 rear,
415 5632 25 32 is
464 5637 107 38 pretty
587 5633 88 42 plain
696 5644 5 23 :
727 5635 54 33 the
797 5636 74 34 firm

111 5690 39 31 of
162 5695 198 26 contractors
377 5688 58 32 has
454 5688 79 33 been
550 5700 34 21 as
604 5691 81 41 good
704 5702 34 22 as
751 5695 119 41 openly

111 5746 225 43 stigmatised;
360 5745 63 34 and
442 5745 54 34 the
512 5749 151 41 proposal
680 5750 190 42 designated

112 5813 38 21 -as
166 5814 18 21 a
199 5809 185 27 monstrous
400 5802 95 34 fraud
511 5802 42 44 by
578 5804 106 35 which
743 5808 125 43 foreign

115 5860 180 42 capitalists
310 5861 66 32 will
393 5872 52 31 ge;
461 5862 91 33 twice
567 5862 91 34 what
668 5863 54 34 the
738 5866 134 45 railway

112 5916 119 33 should
392 5919 46 33 To
456 5918 82 41 that,
556 5931 48 22 we
616 5920 118 36 should
746 5935 69 33 say,
828 5926 44 33 let

111 5972 59 34 the
195 5980 184 37 opponents
416 5976 94 44 bring
541 5976 137 36 forward
709 5992 18 21 a
765 5981 105 35 better

891 207 138 40 scheme;
1040 208 78 33 then
1130 209 53 32 the
1194 215 129 28 veteran
1334 220 188 33 statesman,
1533 216 107 33 whose

891 263 172 43 eloquence
1087 265 25 32 is
1136 265 68 33 said
1230 272 30 27 to
1284 267 36 34 he
1344 281 60 22 one
1428 272 33 31 of
1481 273 53 33 the
1559 273 86 33 chief

891 320 208 34 adornments
1123 322 34 31 of
1176 322 54 33 the
1254 324 104 34 whole
1383 328 120 40 House,
1527 341 115 21 ranges

891 376 132 33 himself
1037 378 76 32 with
1131 378 53 33 the
1202 384 84 29 most
1303 380 95 35 bitter
1414 392 180 35 opponents
1609 386 33 33 of

891 435 54 31 the
977 435 140 39 scheme,
1148 436 134 33 because
1314 441 31 29 of
1381 441 53 31 the
1466 451 108 24 extent
1605 444 35 31 of

892 488 75 34 land
1026 489 53 34 the
1103 502 111 23 source
1239 493 33 33 of
1292 493 41 34 all
1362 496 118 35 wealth
1505 498 63 35 and
1592 500 31 33 in-

892 548 202 42 dependence
1152 550 105 33 which
1274 552 26 31 is
1317 559 31 25 to
1363 554 35 33 be
1411 555 94 38 given
1519 570 33 19 as
1569 562 73 38 part

894 611 163 35 payment.
1109 608 9 29 .1
1132 607 75 32 hose
1224 609 72 31 who
1313 610 94 32 know
1425 612 52 32 the
1493 622 149 33 country,

893 671 79 22 even
1004 673 17 22 a
1052 662 91 40 little,
1175 665 64 32 will
1270 667 182 43 appreciate
1485 684 77 20 sac.i
1597 683 42 21 an

894 726 170 30 argument
1083 732 33 20 as
1133 722 21 31 it
1174 722 156 34 deserves.

945 824 57 35 Hie
1034 826 150 43 monthly
1216 830 128 37 general
1375 833 207 41 cleaning-un
1613 843 32 26 at

895 870 53 32 the
971 873 115 30 Lnited
1103 875 115 40 Alpine
1237 876 135 42 buttery,
1392 889 24 20 \v
1422 881 31 28 lii
1473 883 70 31 take
1557 884 28 40 pi
1598 893 46 21 ice

895 928 40 21 on
963 917 143 44 .Monday
1130 930 84 24 next.
1274 923 66 33 The
1373 924 163 37 Directors
1559 937 86 25 meet

895 974 39 20 011
953 964 159 32 Tuesdav.

942 1022 61 32 Ihe
1052 1023 154 35 National
1243 1027 93 33 Bank
1381 1041 183 23 announces
1614 1045 33 19 111

896 1068 137 31 another
1042 1069 141 36 column,
1195 1072 70 31 that
1279 1073 51 31 the
1346 1074 134 32 Reefton
1493 1088 153 28 manager

898 1111 50 31 Mr
964 1112 27 30 I.
1010 1113 114 36 Lewis,
1142 1116 62 30 will
1225 1117 34 30 lie
1277 1123 32 26 at
1326 1118 87 41 Lyell
1430 1132 38 19 on
1486 1123 160 41 Saturday

898 1163 83 28 next,
1009 1165 53 25 tue
1089 1160 56 32 bill
1173 1170 85 29 111st.,
1281 1170 30 25 to
1337 1175 143 24 transact
1504 1167 139 45 banking
1644 1160 2 52 1

896 1201 156 34 business.

937 1258 67 33 The
1035 1260 137 35 Reefton
1204 1262 127 46 battery
1357 1273 129 28 returns
1511 1269 48 35 for
1587 1271 61 34 last

896 1315 99 39 week,
1013 1328 81 21 were
1112 1331 34 19 as
1161 1320 346 42 follow:—Welcome,
1531 1330 116 30 o'Jlozs

896 1373 163 42 amalgam
1073 1385 6 29 ;
1105 1375 189 42 Inkerman,
1319 1382 116 32 2220zs
1458 1385 165 40 amalgam
1639 1397 7 27 ;

896 1428 249 43 Keep-it-Dark,
1171 1434 114 31 7720zs
1304 1436 175 42 amalgam,
1507 1440 140 40 (general

897 1484 208 46 cleaning-up
1136 1491 47 31 for
1214 1491 52 32 the
1295 1495 140 40 month).
1482 1497 66 32 The
1573 1500 59 30 last-

897 1544 118 32 named
1039 1556 161 34 company
1223 1548 59 33 has
1308 1549 146 35 declared
1487 1553 161 41 dividend,

899 1600 58 31 No.
976 1604 48 35 of>,
1042 1604 31 30 of
1090 1605 34 30 Is
1141 1606 39 30 (id
1196 1617 57 31 per
1270 1609 150 36 20,0J0i,h
1435 1610 105 41 share,
1554 1615 94 41 equal

898 1664 30 27 to
946 1658 117 34 <£lsoo.

938 1716 185 42 Telephone
1141 1719 114 33 Offices
1271 1721 82 33 have
1370 1722 81 34 been
1467 1726 125 42 opened
1617 1732 32 27 at

898 1771 53 34 the
974 1773 165 45 following
1169 1777 301 45 placesHenot,
1496 1783 154 45 Tuapeka

898 1829 127 44 County
1038 1841 6 30 ;
1069 1832 117 34 Totara
1203 1836 84 39 Flat,
1306 1838 86 43 Grey
1409 1839 128 44 County
1551 1852 6 29 ;
1588 1843 63 32 and

898 1886 185 42 Ferntown,
1121 1890 222 45 Collmgwood
1381 1895 140 45 County.
1581 1900 69 32 The

898 1943 99 36 hours
1020 1946 35 33 of
1079 1949 193 35 attendance
1302 1955 128 38 are,—9
1455 1966 76 23 a.m.
1557 1958 49 33 till
1634 1960 17 31 5

898 2013 90 32 p.m.;
1012 2003 35 31 in
1063 2005 146 33 addition
1226 2012 32 27 to
1275 2009 117 39 which,
1413 2012 53 33 the
1484 2017 63 29 two
1567 2015 70 32 first-

898 2060 130 40 named,
1053 2072 84 33 open
1153 2063 83 34 from
1257 2066 18 33 7
1298 2071 33 29 to
1353 2069 19 31 8
1394 2074 35 28 at
1451 2071 104 43 night.
1599 2074 52 32 All

899 2119 65 32 will
979 2118 39 34 be
1034 2120 106 34 closed
1157 2133 43 22 on
1218 2123 149 45 Sundays
1381 2127 64 32 and
1461 2128 160 44 holidays.

942 2189 51 31 Mr
1021 2190 147 34 William
1200 2193 137 38 llearns,
1366 2206 181 32 waggoner,
1578 2199 73 32 who

900 2244 68 40 has,
985 2246 34 33 of
1033 2246 73 42 late,
1124 2246 80 36 been
1220 2252 144 41 engaged
1385 2253 109 43 plying
1508 2255 145 35 between

901 2303 74 30 here
992 2304 64 31 and
1074 2305 28 30 W
1115 2311 131 36 estport,
1265 2308 64 32 had
1346 2310 54 32 the
1415 2313 194 34 misfortune
1623 2321 32 26 to

901 2366 86 27 meet
1014 2361 78 33 with
1119 2373 17 21 a
1159 2363 110 35 rather
1292 2367 121 33 serious
1440 2370 147 35 accident
1614 2385 40 20 on

904 2417 143 44 Monday
1070 2419 73 41 last,
1161 2421 41 37 by
1219 2422 106 35 which
1350 2426 38 32 he
1405 2435 55 34 got
1474 2440 61 22 one
1552 2431 35 32 of
1606 2431 48 33 his

905 2475 62 41 legs
1007 2476 130 33 broken.
1184 2479 98 33 From
1327 2483 54 31 the
1420 2496 78 32 very
1543 2496 112 34 scanty

903 2533 190 41 paiticulais
1119 2535 104 34 which
1259 2539 139 34 reached
1423 2553 37 21 us
1485 2554 32 22 re
1522 2556 18 15 fj,
1542 2545 90 33 ardin
1639 2559 17 13 ,r

903 2591 53 32 the
973 2593 157 36 accident,
1148 2600 23 25 it
1188 2596 105 32 would
1310 2608 120 32 appear
1447 2600 70 33 that
1533 2602 123 32 Kearns

904 2659 63 22 was
1005 2648 197 45 descending
1233 2654 80 32 from
1350 2655 49 33 his
1430 2663 78 33 seat,
1547 2661 107 38 when,

900 2704 104 33 either
1022 2707 139 42 through
1186 2722 17 19 a
1219 2711 72 41 slip,
1317 2723 35 21 or
1376 2725 89 21 some
1489 2718 145 38 entangle-

903 2767 92 27 ment
1017 2763 32 31 in
1075 2775 59 21 one
1157 2766 35 31 of
1206 2766 52 32 the
1279 2768 202 34 fore-wheels
1500 2772 52 33 the
1577 2774 78 32 limb

903 2826 53 31 got
972 2819 170 40 fractured,
1162 2822 73 35 thus
1254 2826 138 41 entirely
1410 2828 161 46 disabling
1588 2832 66 32 him

901 2876 65 33 and
989 2878 40 32 he
1052 2878 54 43 lay
1131 2882 102 32 under
1257 2883 53 33 the
1340 2896 133 29 waggon
1499 2891 46 28 tor
1566 2901 90 20 some

903 2934 108 41 hours,
1030 2937 81 32 until
1127 2937 100 35 found
1238 2939 41 45 by
1293 2952 17 22 a
1322 2944 129 43 passing
1469 2944 184 37 horseman.

908 2993 63 32 Ihe
987 2995 147 33 accident
1149 3001 151 30 occurred
1325 3004 198 31 somewhere
1545 3005 33 31 in
1603 3007 53 31 the

904 3050 134 45 vicinity
1075 3054 32 33 of
1144 3054 53 34 the
1234 3068 137 31 narrow,
1416 3061 78 33 rock
1536 3062 119 45 sidling

901 3110 136 42 cutting,
1062 3111 117 34 known
1202 3126 34 20 as
1259 3116 54 32 the
1374 3117 134 35 Hawk's

908 3167 62 33 ihe
1000 3170 174 34 assistance
1206 3173 35 32 of
1266 3174 91 34 those
1396 3175 102 43 living
1530 3189 95 22 neare
1645 3186 11 25 t

902 3224 122 43 having
1054 3227 80 32 been
1159 3241 132 30 procure
1308 3233 17 35 I,
1355 3233 53 33 the
1435 3234 133 32 sufferer
1592 3247 63 21 was

903 3287 33 27 at
952 3294 78 22 once
1048 3284 94 34 taken
1162 3294 31 26 to
1207 3289 54 31 the
1281 3289 159 44 Westport
1453 3292 153 43 Hospital
1618 3304 33 21 in

902 3351 17 19 a
943 3351 110 22 cuioe.
1099 3343 58 32 We
1181 3356 53 21 are
1258 3346 75 42 glad
1357 3355 31 24 to
1413 3349 76 32 hear
1510 3351 72 31 that
1604 3353 54 31 the

903 3395 96 34 break
1016 3398 26 32 is
1058 3406 57 26 not
1131 3400 89 35 what
1245 3403 104 43 might
1367 3405 34 33 be
1426 3407 103 33 called
1552 3421 18 21 a
1593 3409 60 34 bad

902 3465 70 21 one.

944 3513 67 31 Our
1033 3514 127 41 mining
1182 3522 118 38 report,
1321 3519 66 33 and
1411 3522 104 33 notice
1538 3523 36 32 of
1601 3525 53 33 the

902 3569 159 40 Anglican
1092 3572 129 34 Church
1256 3576 235 35 Parishioners'
1526 3581 129 33 Annual

903 3629 152 41 meeting,
1101 3641 53 22 are
1199 3631 77 33 both
1319 3635 219 44 unavoidably
1581 3638 76 33 held

903 3694 85 23 over.

942 3741 184 46 According
1141 3748 32 29 to
1190 3755 275 35 announcement,
1484 3751 52 33 the
1555 3753 102 34 Faust

903 3798 130 45 Family
1060 3812 79 33 gave
1171 3805 138 34 another
1346 3807 30 33 of
1407 3807 83 35 their
1520 3811 136 43 popular

903 3859 272 33 entertainments
1198 3862 75 32 here
1296 3864 61 32 last
1384 3866 116 40 night;
1526 3869 63 30 and
1614 3869 29 31 al-

904 3911 124 44 though
1058 3915 55 33 the
1145 3918 80 39 rain,
1256 3920 67 32 and
1358 3921 53 32 the
1449 3922 209 35 threatening

903 3979 202 33 appearance
1140 3974 38 33 of
1202 3975 54 34 the
1280 3979 143 33 weather
1453 3979 118 45 during
1600 3982 55 34 the

904 4026 89 44 early
1008 4035 72 36 part
1096 4030 35 32 of
1143 4031 54 33 the
1216 4034 148 44 evening,
1388 4047 42 21 no
1454 4036 100 35 doubt
1571 4051 64 21 com-

905 4082 94 35 bined
1023 4091 31 26 to
1079 4087 89 32 deter
1189 4100 20 20 a
1230 4091 85 41 good
1337 4093 138 33 number
1498 4094 102 45 living
1624 4104 32 26 at

905 4153 17 19 a
938 4141 156 42 distance,
1105 4144 84 34 from
1202 4148 180 43 attending,
1397 4150 75 41 still,
1487 4153 92 32 there
1592 4166 67 21 was

904 4210 18 21 a
953 4211 78 33 very
1055 4202 60 34 fair
1144 4204 112 43 house,
1281 4209 64 33 and
1376 4210 54 34 the
1464 4214 195 36 continuous

905 4258 152 41 applause
1074 4261 64 32 and
1153 4263 135 33 marked
1305 4270 222 39 appreciation
1544 4273 112 33 shown

905 4324 33 21 as
955 4313 55 34 the
1022 4315 149 37 diffeient
1184 4327 143 35 portions
1339 4327 30 28 ot
1383 4324 53 34 the
1452 4337 207 33 programme

906 4382 81 24 were
1011 4372 87 36 dealt
1121 4376 89 42 with,
1235 4381 158 45 certainly
1411 4386 143 35 testified
1571 4401 34 22 as
1628 4397 31 27 to

905 4430 54 31 the
983 4432 137 33 abilities
1144 4436 35 30 of
1199 4437 54 32 the
1285 4442 194 33 nerfbrmers
1512 4447 31 30 in
1576 4449 85 31 their

906 4486 109 33 varied
1045 4490 180 42 capacities.
1272 4494 91 44 They
1392 4510 81 31 open
1505 4510 34 24 at
1571 4503 64 34 Mur-

906 4543 122 40 chison,
1046 4548 153 41 to-night,
1218 4552 63 31 and
1305 4563 47 22 we
1375 4560 210 32 recommend
1598 4573 63 20 our

905 4608 197 37 up-country
1119 4606 120 33 friends
1257 4614 30 26 to
1306 4622 51 21 see
1374 4612 102 34 them.

948 4658 38 31 In
1005 4659 53 33 the
1077 4661 154 35 Resident
1256 4666 216 42 Magistrate's
1493 4672 108 43 Court,
1627 4683 31 29 at

907 4714 147 44 Reeftom,
1079 4719 105 36 before
1209 4726 38 30 G.
1277 4726 33 32 C.
1334 4727 171 42 Bowman,
1531 4736 63 30 and
1619 4738 39 30 G.

907 4773 97 40 Vise,
1044 4774 117 45 Esq's.,
1199 4778 83 41 J.P.,
1321 4782 100 36 Israel
1461 4787 141 43 Pollock,
1641 4805 18 21 a

904 4830 142 42 hawker,
1065 4846 65 22 was
1144 4836 151 44 charged,
1317 4853 85 32 upon
1427 4846 53 34 the
1503 4849 134 37 informa-

906 4888 68 34 tion
991 4891 34 33 of
1040 4892 51 34 the
1108 4894 113 44 police,
1240 4898 77 34 with
1335 4904 122 43 cruelly
1475 4906 148 44 ill-using
1641 4925 18 20 a

904 4947 96 33 horse,
1049 4950 41 43 by
1127 4955 216 47 overloading.
1388 4962 68 34 The
1509 4967 150 38 evidence

906 5006 131 36 showed
1061 5010 54 34 the
1139 5013 122 36 animal
1279 5029 64 22 was
1367 5032 17 20 a-
1409 5033 77 32 very
1505 5026 56 32 (©ld
1586 5039 70 28 one,

903 5063 90 42 quite
1007 5073 58 25 out
1082 5068 35 32 of
1129 5070 163 35 condition
1310 5076 64 32 and
1394 5080 82 32 unlit
1493 5081 48 33 for
1557 5056 99 68 work,'

906 5122 63 32 and
986 5122 122 42 having
1123 5126 32 31 in
1173 5127 146 37 addition
1340 5145 18 21 a
1381 5145 78 34 very
1484 5139 60 34 bad
1567 5141 91 35 back.

904 5178 29 33 A
958 5179 63 35 fine
1049 5183 30 31 of
1104 5185 55 39 i>s,
1184 5187 78 33 with
1287 5197 94 35 costs,
1409 5206 66 23 was
1500 5199 159 44 imposed,

907 5237 176 35 defendant
1126 5243 125 43 getting
1296 5259 19 22 a
1358 5253 131 34 caution
1533 5258 71 35 that
1642 5273 17 20 a

906 5305 188 26 incurrence
1124 5301 107 35 would
1259 5312 88 30 meet
1376 5312 78 33 with
1482 5313 155 48 imprison-

907 5361 100 32 ment,
1020 5357 136 34 instead.

945 5414 29 32 A
996 5413 58 35 fire
1077 5414 97 37 broke
1198 5425 56 30 out
1269 5433 33 22 m
1315 5435 21 22 a
1353 5427 145 45 printing
1513 5433 90 37 office
1626 5438 34 33 in

908 5470 93 34 Sixth
1033 5480 108 35 street,
1169 5477 195 45 Cincinnati,
1396 5498 42 23 011
1470 5490 78 45 May
1578 5496 81 32 -21st.

908 5527 101 44 Many
1021 5529 40 33 of
1072 5531 54 33 the
1143 5533 202 50 workpeople
1357 5552 81 26 were
1451 5546 33 34 in
1494 5548 56 35 the
1561 5561 100 36 upper

906 5587 124 39 stories,
1054 5589 64 33 and
1137 5592 91 43 eight
1251 5597 76 39 girls
1345 5599 137 49 jmuped
1496 5606 83 36 from
1604 5611 55 34 the

906 5644 165 42 windows,
1089 5648 61 33 five
1166 5649 97 42 being
1277 5653 108 38 killed.
1430 5662 17 31 I
1452 5674 18 21 n
1490 5664 42 33 all
1548 5679 93 23 seven-

907 5706 70 27 teen
995 5712 133 32 persons
1146 5716 80 24 were
1245 5709 96 40 burnt
1357 5721 31 28 to
1402 5716 96 38 death
1513 5734 35 23 or
1561 5724 97 37 killed

906 5757 41 43 by
956 5759 157 42 jumping
1129 5764 104 33 down.

946 5814 49 34 Mi
1010 5815 115 37 Fisher
1139 5832 14 23 s
1165 5820 106 39 Pol.ce
1283 5826 147 40 Offences
1440 5833 220 43 Amendment

904 5871 65 33 BUI
986 5871 26 35 is
1029 5874 37 33 of
1077 5887 19 21 a
1111 5875 120 39 drastic
1241 5881 176 47 character,
1430 5894 65 33 and
1506 5906 153 35 proposes

904 5931 33 30 to
964 5928 102 37 inflict
1094 5945 17 22 a
1139 5937 135 47 penalty
1302 5944 35 33 of
1358 5945 47 35 six
1428 5953 146 36 months'
1598 5968 40 24 im-

902 5994 207 32 prisonment
1138 5992 79 34 with
1247 5994 82 37 hard
1358 6001 91 35 labor
1477 6016 87 34 upon
1594 6022 66 33 any

1677 230 115 31 person
1809 221 73 32 who
1900 223 24 30 is
1941 223 54 31 the
2013 235 147 30 occupier
2183 225 35 31 of
2239 237 64 24 any
2326 227 103 34 house

1677 288 36 20 or
1729 276 89 38 place
1841 277 107 34 which
1973 279 26 33 is
2016 280 188 43 frequented
2230 281 42 43 by
2295 286 135 41 reputed

1679 333 133 36 thieves,
1830 336 197 40 prostitutes,
2046 349 35 20 or
2097 349 133 31 persons
2253 340 72 33 who
2349 342 82 34 have

1679 401 40 20 no
1738 390 111 35 visible
1872 391 108 34 lawful
2001 396 168 33 means-of
2189 403 142 38 support,
2360 401 72 33 who

1679 448 83 29 shall
1788 448 36 30 be
1849 449 132 32 deemed
2006 462 42 19 an
2073 453 62 29 idle
2160 453 65 30 and
2253 454 180 39 disorderly

1681 515 123 31 person,
1829 504 63 34 and
1916 510 32 29 to
1972 506 36 34 he
2041 507 137 45 keeping
2211 521 18 22 a
2253 510 179 45 disorderly

1681 561 109 33 house.
1837 563 66 32 The
1935 564 64 31 Dill
2025 564 125 34 further
2182 569 149 40 provides
2363 571 71 33 that

1680 628 64 30 any
1774 629 114 29 person
1921 620 99 31 found
2051 622 33 31 in
2115 633 65 32 any
2210 624 78 31 such
2323 625 111 40 house,

1680 686 102 21 room,
1808 688 34 21 or
1867 677 88 34 place
1980 690 33 20 as
2037 679 155 34 aforesaid
2216 681 30 32 in
2273 694 162 32 company

1681 731 76 32 with
1771 745 63 29 any
1849 734 75 32 Mich
1942 736 131 40 reputed
2088 736 133 34 thieves,
2238 742 196 38 prostitutes,

1681 797 36 21 or
1733 798 113 32 person
1866 789 70 33 who
1954 790 39 32 do
2012 797 55 26 not
2084 792 72 39 give
2173 805 15 20 a
2202 794 82 35 good
2300 804 130 25 account

1682 848 30 28 of
1730 846 49 31 his
1797 848 106 31 lawful
1923 860 110 20 means
2058 853 30 28 of
2112 859 144 34 support,
2280 855 63 29 and
2368 855 66 29 also

1682 891 34 31 of
1731 891 47 32 his
1797 893 94 38 being
1906 905 31 21 m
1957 895 75 31 such
2053 895 110 34 house,
2177 909 101 25 room,
2298 910 34 21 or
2349 899 85 43 place

1682 949 86 28 upon
1807 952 88 19 some
1934 942 106 31 lawful
2078 945 159 35 occasion,
2277 947 82 30 shall
2399 947 35 31 be

1682 983 134 35 deemed
1848 997 39 21 an
1917 987 61 33 idle
2010 988 63 34 and
2107 989 179 42 disorderly
2317 1004 115 32 person

1684 1032 111 31 within
1815 1032 53 33 the
1886 1046 51 20 me
1951 1035 90 38 ining
2056 1037 34 30 of
2103 1037 68 31 said
2190 1039 71 37 Act,
2274 1041 63 29 and
2354 1041 79 30 shall

1682 1075 37 32 be
1746 1077 93 30 liable
1863 1084 31 25 to
1919 1081 250 33 imprisonment
2192 1084 49 30 for
2264 1096 64 24 any
2358 1091 78 25 time

1684 1129 157 25 notexcee
1853 1123 69 40 ling
1936 1125 88 31 three
2039 1129 143 30 months.
2229 1130 73 40 Any
2320 1141 113 30 person

1684 1167 70 32 who
1772 1180 135 30 appears
1926 1179 29 23 to
1973 1170 36 33 be
2029 1171 53 33 the
2100 1183 121 23 master
2237 1187 35 19 or
2289 1183 143 26 mistress

1682 1215 32 28 ot
1737 1215 77 29 such
1840 1215 100 31 house
1964 1228 35 18 so
2022 1219 188 40 frequented
2235 1222 25 29 is
2286 1221 94 32 liable
2405 1229 30 24 to

1684 1258 219 42 punishment,
1929 1261 63 33 and
2016 1274 65 31 any
2107 1264 120 34 offence
2252 1267 111 33 herein
2387 1268 33 33 de-

1683 1304 125 33 scribed
1827 1317 71 28 may
1919 1307 36 31 be
1973 1309 87 31 dealt
2077 1311 76 30 with
2180 1314 196 35 summarily
2396 1316 39 39 by

1684 1356 61 26 two
1771 1350 138 35 Justices
1937 1358 31 27 ot
1999 1354 54 35 the
2085 1356 100 35 Peace
2216 1371 35 21 or
2282 1359 154 35 Resident

1687 1397 242 39 Magistrate.—
1933 1402 38 28 G.
1992 1401 36 29 ]l.
2046 1403 115 34 Argus.

1927 1507 274 36 LATEST

1726 1562 290 48 CABLE
2114 1570 280 47 NEWS.

2088 1709 147 40 London,
2253 1712 79 42 July
2351 1716 48 29 21.

1728 1758 31 33 It
1768 1759 27 32 is
1806 1761 153 43 expected
1970 1763 71 35 that
2055 1765 53 34 the
2119 1767 76 33 Earl
2209 1770 30 31 ot
2251 1769 187 36 Carnarvon

1689 1817 62 31 will
1767 1817 73 33 take
1857 1831 42 20 an
1915 1821 89 41 early
2023 1825 212 43 opportunity
2259 1827 34 31 of
2313 1829 106 33 consid-

1686 1874 55 42 ing
1757 1874 52 33 the
1827 1878 188 33 memorials
2031 1880 134 34 relative
2183 1888 32 27 to
2241 1884 54 33 the
2321 1886 120 33 release

1687 1931 37 32 of
1733 1933 122 33 several
1865 1933 85 35 Irish
1964 1937 172 42 prisoners.
2184 1941 68 34 The
2301 1944 109 35 Times

1687 1992 226 42 commenting
1928 2005 41 20 on
1984 1995 54 31 the
2051 2003 129 31 matter,
2194 2000 178 34 condemns
2389 2003 52 32 the

1687 2046 109 35 action
1820 2048 34 33 of
1873 2049 87 34 Lord
1978 2051 167 46 Salisbury
2167 2057 34 33 in
2225 2058 162 34 truckling
2410 2067 31 27 to

1690 2104 50 30 Mr
1754 2105 139 34 Parnell.

2258 2172 79 43 July
2354 2177 48 29 22.

1729 2217 68 34 The
1825 2220 88 44 King
1939 2221 32 33 of
1992 2222 174 45 Abyssinia
2194 2228 65 33 will
2286 2230 157 44 probably

1689 2276 77 31 send
1798 2282 109 38 troops
1939 2285 31 26 to
2001 2283 116 31 relieve
2145 2285 54 31 the
2232 2286 211 42 beleaguered

1688 2332 147 43 garrison
1852 2340 33 27 at
1901 2335 150 36 Kassala.

2260 2401 80 44 July
2356 2405 49 31 24.

1731 2448 32 33 It
1788 2449 28 32 is
1839 2454 193 32 announced
2057 2455 71 33 that
2151 2457 55 33 the
2232 2462 159 38 marriage
2416 2464 33 31 of

1692 2505 148 34 Princess
1863 2507 148 35 Beatrice
2035 2511 66 33 will
2126 2513 36 34 be
2192 2515 197 36 solemnised
2412 2519 34 34 in

1690 2564 202 39 Lilliugham
1931 2568 140 35 Church.
2126 2573 68 32 The
2232 2575 111 40 Queen
2382 2579 64 31 will

1688 2620 73 39 give
1794 2622 54 33 the
1876 2623 88 34 bride
1989 2637 102 34 away.
2139 2629 229 45 Preparations
2395 2647 53 21 are

1691 2678 96 42 being
1804 2681 94 33 made
1914 2683 50 33 for
1979 2694 92 33 great
2086 2688 107 41 public
2211 2691 172 44 rejoicings
2406 2706 40 21 on

1691 2735 53 32 the
1761 2737 162 34 occasion.

2261 2805 81 45 July
2358 2808 48 33 28.

1733 2850 39 32 In
1792 2851 54 34 the
1872 2853 112 35 House
2000 2856 37 32 of
2056 2857 178 37 Commons
2257 2862 63 34 last
2343 2866 104 42 night,

1691 2907 54 32 the
1764 2909 87 32 Hon.
1871 2911 37 31 R.
1926 2913 140 40 Dourke,
2082 2915 302 41 Under-Secretary
2399 2923 49 33 for

1691 2965 139 46 Foreign
1847 2968 128 43 Affairs,
1999 2976 194 33 announced
2215 2978 34 32 in
2265 2979 91 44 reply
2374 2986 31 29 to
2429 2995 17 21 a

1691 3026 148 40 question
1856 3028 72 33 that
1944 3029 70 33 Her
2031 3031 167 46 Majesty's
2220 3036 226 39 Government

1691 3093 82 22 were
1785 3085 113 42 taxing
1908 3092 87 38 steps
2011 3093 31 29 to
2060 3090 115 35 relieve
2189 3093 53 33 the
2253 3094 192 46 beleagured

1688 3141 148 41 garrison
1853 3149 33 27 at
1902 3144 148 36 Kassala.

2128 3208 115 40 Cairo,
2259 3211 80 42 July
2357 3215 49 30 22.

1732 3254 28 32 A
1784 3267 187 35 messenger
1997 3260 59 34 has
2082 3264 124 34 arrived
2235 3274 34 27 at
2299 3269 149 35 Assouan

1691 3313 113 42 to-day
1828 3317 82 31 from
1929 3319 58 31 Gal
2007 3320 59 39 lia,
2091 3321 151 43 bringing
2265 3337 89 22 news
2378 3329 71 32 that

1694 3368 52 33 the
1777 3370 116 34 Mahdi
1924 3373 73 34 died
2017 3376 36 33 of
2078 3379 178 44 small-pox
2287 3394 41 22 on
2359 3384 87 35 June

1693 3427 75 32 20th
1796 3428 71 33 last.
1913 3431 53 33 He
1991 3432 29 33 is
2047 3437 176 33 succeeded
2248 3440 41 42 by
2313 3441 133 35 Khalifa

1691 3483 184 37 Abdoolah.

2093 3550 149 43 Madrid,
2258 3554 82 43 July
2356 3558 50 32 27.

1738 3598 63 34 The
1827 3600 128 36 cholera
1976 3604 160 43 epidemic
2159 3610 26 32 is
2208 3614 170 41 assuming
2406 3627 42 21 an

1692 3656 161 41 alarming
1860 3659 138 44 fatality.
2035 3663 157 43 Upwards
2203 3668 38 32 of
2248 3679 18 22 a
2279 3670 170 35 thousand

1693 3713 113 33 deaths
1821 3727 97 22 occur
1933 3717 98 45 daily.

2037 3777 82 34 New
2135 3779 106 44 York,
2258 3784 81 44 July
2355 3787 49 33 24.

1733 3830 140 34 General
1903 3833 134 42 Ulyssas
2070 3837 31 33 S.
2140 3840 104 33 Grant
2275 3843 75 33 died
2382 3845 65 33 this

1692 3885 73 43 day,
1783 3893 32 25 at
1832 3887 53 33 the
1902 3900 57 31 age
1974 3892 33 31 of
2022 3892 38 33 63
2079 3904 105 31 years.

2091 3950 152 44 Bombay,
2258 3955 82 44 July
2357 3959 49 32 25.

1733 3999 68 34 The
1838 4002 151 45 Bombay
2019 4009 19 15 44
2057 4007 153 37 Gazettee
2279 4014 66 34 this
2385 4016 63 45 day

1692 4062 98 29 states
1820 4059 72 34 that
1921 4062 55 33 the
1999 4064 118 34 Ameer
2143 4067 59 34 has
2227 4073 135 38 granted
2398 4075 51 32 his

1692 4115 148 34 sanction
1869 4117 50 33 for
1948 4119 54 34 the
2026 4127 215 33 cantonment
2270 4129 37 33 of
2333 4132 114 39 10,000

1690 4172 125 33 British
1830 4178 110 40 troops
1956 4182 32 27 at
2002 4178 174 36 Candahar
2189 4183 255 50 (Afghanistan).

2023 4236 225 46 Melbourne,
2262 4244 79 43 July
2357 4248 49 30 25.

1738 4286 64 32 The
1818 4288 101 43 police
1937 4291 192 37 authorities
2152 4296 83 35 have
2251 4303 195 33 announced

1693 4343 80 33 theii
1814 4346 254 40 deteiinitiation
2105 4359 33 29 to
2179 4367 151 34 suppress
2369 4362 75 33 cash

1693 4402 124 44 betting
1846 4416 42 22 on
1916 4407 53 33 the
1996 4421 71 23 race
2099 4423 110 24 course
2235 4416 113 33 within
2382 4419 64 33 this

1694 4459 134 42 Colony.
1875 4462 67 34 The
1966 4476 266 29 announcement
2251 4472 58 33 has
2326 4476 117 32 caused

1690 4517 221 35 considerable
1969 4531 167 27 comment
2199 4529 35 31 in
2297 4539 150 33 spoiling

1690 4572 123 32 circles.

1776 4689 386 45 PARLIAMENTARY
2187 4702 163 38 GOSSIP.

1998 4810 241 46 Wellington,
2258 4821 80 45 July
2355 4827 49 32 23.

1734 4863 68 35 The
1827 4866 80 34 East
1931 4870 63 32 and
2020 4871 88 35 West
2130 4875 97 37 Coast
2249 4879 149 49 Railway
2420 4887 27 33 is

1693 4922 55 32 the
1764 4926 130 37 general
1911 4927 121 42 subject
2045 4931 36 31 of
2093 4941 176 28 comment.
2314 4943 19 15 44
2349 4942 98 35 Hu°-e

1917 4995 91 30 gross
2144 4993 20 15 44
2180 5004 59 24 one
2263 4995 35 35 of
2318 4998 129 45 VogePs

1691 5049 75 20 own
1783 5040 178 39 schemes,'"
1979 5046 65 30 and
2060 5047 79 32 such
2155 5049 65 33 like
2243 5058 102 29 terms
2369 5060 77 32 with

1693 5095 87 40 large
1804 5097 243 37 intermixtures
2077 5107 31 29 of
2138 5112 111 38 strong
2274 5112 173 42 adjectives

1694 5163 52 21 are
1766 5152 52 34 the
1835 5160 101 28 terms
1952 5160 165 44 generally
2133 5174 33 22 m
2192 5176 56 23 use
2272 5168 86 36 here.
2403 5174 44 33 So

1673 5206 6 76 |
1694 5216 110 37 strong
1821 5223 25 21 is
1863 5213 53 33 the
1933 5214 121 45 feeling
2070 5221 126 39 against
2212 5223 25 33 it
2254 5225 70 35 that
2339 5228 25 33 it
2383 5241 64 24 was

1692 5268 167 45 currently
1875 5274 174 34 rumoured
2067 5275 64 36 this
2155 5279 170 40 afternoon
2344 5287 103 46 Major

1673 5347 6 25 ;j
1694 5326 159 35 Atkinson
1870 5331 107 33 would
1994 5344 94 25 mow
2113 5348 18 22 a
2155 5345 72 29 vote
2249 5343 38 33 of
2305 5355 42 23 no
2368 5359 75 22 con-

1676 5381 3 37 I
1693 5385 62 32 fide
1761 5396 67 22 nee.

2260 5458 82 45 July
2356 5463 50 34 24.

1736 5501 31 32 It
1789 5514 28 21 is
1842 5504 68 32 said
1933 5505 73 34 that
2028 5519 18 21 a
2069 5520 111 33 young
2204 5514 78 35 New
2306 5518 143 37 Zealand

1693 5563 97 39 party
1808 5559 60 36 has
1886 5561 80 35 been.
1983 5564 125 37 formed
2124 5574 33 29 to
2176 5574 105 33 watch
2299 5576 53 34 the
2377 5590 52 32 pro-

1693 5628 87 30 gress
1801 5618 38 33 of
1858 5627 122 28 events.
2026 5623 79 35 This
2121 5634 104 38 party,
2248 5632 56 33 the
2328 5635 65 34 size
2418 5639 34 32 of

1694 5674 105 31 wiiich
1817 5686 77 32 may
1906 5677 38 33 be
1960 5679 165 36 described
2139 5695 34 22 as
2185 5697 263 31 commensurate

1694 5731 77 33 with
1790 5731 53 35 the
1859 5744 164 34 piospects
2041 5738 34 33 of
2089 5740 98 45 doing
2203 5756 65 32 any
2291 5747 106 44 harm,
2422 5754 26 33 is

1695 5788 198 35 understood
1910 5798 31 27 to
1961 5793 35 33 be
2014 5794 168 48 distinctly
2193 5804 141 42 opposed
2348 5810 32 31 to
2393 5809 56 35 the

1694 5846 80 33 East
1791 5848 65 32 and
1873 5849 91 35 West
1980 5852 98 35 Coast
2089 5855 148 47 Railway
2249 5867 178 37 proposals.

2260 5918 81 45 July
2357 5923 49 34 25.

1734 5960 172 45 Lobbying
1922 5963 25 36 is
1965 5967 138 46 actively
2119 5972 97 43 going
2239 5988 41 21 on
2298 5990 78 24 over
2392 5984 57 33 the

1694 6017 224 37 Government
1937 6026 171 40 proposals
2127 6038 37 24 re
2191 6028 56 37 the
2270 6032 84 38 East
2384 6038 65 35 pud

2464 230 88 33 West
2577 233 96 35 Coast
2698 237 121 36 Middle
2841 241 112 35 Island
2978 245 158 46 ItaiUvay.
3187 252 25 32 It

2466 299 23 20 is
2527 292 104 32 stated
2662 305 41 21 oil
2733 298 81 39 good
2852 301 165 45 authority
3051 306 71 33 that
3160 310 54 33 the

2466 344 211 48 Canterbury,
2697 351 120 37 Nelson
2841 358 63 33 and
2927 359 169 38 Westland
3114 376 75 23 mem-

2464 400 82 42 bers,
2563 407 79 33 with
2667 415 62 28 two
2753 424 35 20 or
2811 414 88 34 three
2924 422 194 39 exceptions,
3144 436 52 28 pro-

2466 457 96 43 bably
2602 462 118 36 Messrs
2758 467 140 43 Seddon,
2944 473 169 44 Turnbull,
3152 480 62 33 and

2469 515 91 39 liees,
2584 519 66 34 will
2675 524 69 33 rrive
2767 538 17 20 a
2811 527 90 35 block
2925 539 72 27 vote
3016 536 31 31 in
3073 537 89 33 favor
3186 540 33 31 of

2468 573 53 31 the
2553 576 139 35 scheme.
2739 583 157 41 Opinions
2922 590 48 31 for
2999 594 62 30 and
3091 598 126 31 a-ainst

2468 639 52 20 are
2538 642 32 17 so
2588 631 142 44 decided,
2748 640 62 31 and
2829 643 77 32 each
2927 648 146 33 member
3098 651 119 43 having

2470 684 48 32 bis
2536 699 72 21 own
2632 691 81 34 little
2737 696 52 31 fad
2807 705 31 24 to
2857 702 85 32 work
2967 711 64 30 out,
3051 708 68 32 tint
3146 711 18 32 it
3193 712 23 31 is

2469 748 221 33 questionable
2717 753 146 33 whether
2894 758 125 42 Voxel's
3051 768 167 37 proposJs

2472 798 61 33 will
2553 812 81 31 pass.

715 68 136 46 THE
918 68 220 47 LYELL
1202 70 220 58 TIMES,
1491 75 364 63 SATURDAY,
1922 81 275 51 AUGUST
2267 103 33 38 i,
2375 91 125 59 1885.

99 209 92 33 TIIE
228 209 230 34 NATIONAL
496 208 120 33 BANK
654 207 55 33 OF
735 206 105 33 NEW

246 289 220 40 ZEALAND,
498 286 210 34 LIMITED.

108 453 142 67 rjIIIIS
289 453 122 30 BANK
440 451 66 31 will
536 451 37 31 1)0
606 449 181 32 OBENED
825 452 32 27 to

244 523 92 35 BUY
374 520 118 37 GOLD
530 522 62 34 and
630 519 227 35 TRANSACT

107 604 44 31 GI
153 599 12 36 ■.
172 600 26 34 N
203 602 89 32 EIIA
298 603 23 31 L
379 602 205 32 BANKING
638 601 25 31 JJ
672 600 23 32 U
703 599 69 32 SIX
780 599 52 31 ES
839 600 19 30 S

108 689 33 26 at
164 682 91 42 Lyell
280 694 39 20 on
350 681 244 39 SATURDAY,
621 679 55 34 8;h
708 679 150 38 August,

105 769 104 31 iiiuler
223 768 52 31 the
289 768 115 39 charge
421 776 30 21 oi
470 766 52 31 the
538 765 135 31 lieeftoii
691 764 167 38 Maniigcr,

110 848 26 33 T.
155 848 121 31 Lewis.

503 922 50 34 AY.
578 920 197 39 DYMOCK,

639 999 180 38 Inspector.

2521 907 6 31 I
2541 906 37 35 be
2597 908 92 36 latest
2713 918 190 37 particulars
2925 922 33 32 of
2979 938 40 18 an
3044 929 175 33 avahmdic

2472 954 103 31 which
2595 960 153 31 occurred
2764 972 33 20 m
2818 964 128 35 Iceland
2963 980 32 20 1.1
3013 972 99 42 April,
3132 976 87 34 show

2471 1003 71 30 that
2560 1009 23 24 it
2601 1004 158 45 suddenly
2777 1018 101 35 swept
2894 1014 108 35 fifteen
3027 1018 116 34 houses
3160 1037 14 18 a
3175 1026 45 30 .,id

2471 1047 84 31 tlj-eir
2576 1056 141 27 inmates
2741 1061 67 25 into
2833 1058 54 30 the
2912 1070 64 26 sea,
3000 1064 63 30 and
3089 1073 112 27 tventv-

2473 1094 68 28 iour
2578 1105 132 29 persons
2748 1098 136 43 thereby
2920 1106 160 39 perished.
3138 1113 85 37 Fifty

2472 1136 119 44 tithing
2615 1139 89 35 boats
2728 1153 83 24 were
2838 1136 66 43 aiso
2929 1149 181 45 destroyed.
3158 1159 65 33 The

2473 1183 61 31 lo*s
2558 1195 32 21 at
2607 1197 60 22 one
2690 1189 128 43 villiage
2836 1193 93 33 alone
2946 1197 25 31 is
2995 1201 172 34 estimated
3191 1214 30 21 at

2476 1231 115 29 £4OOO.

2700 1341 28 33 X
2754 1343 163 38 OTIC
2940 1348 28 34 E

2549 1464 54 34 LL
2627 1465 190 38 PARTIES
2840 1472 152 35 indebted
3020 1481 32 28 to
3080 1490 63 29 me,
3175 1494 52 20 are

2587 1531 171 42 lequested
2789 1538 31 29 to
2850 1546 64 33 pay
2940 1538 83 35 their
3052 1552 175 33 respective

2472 1598 155 26 accounts
2645 1597 31 28 to
2692 1594 88 33 John
2804 1597 131 42 Brown,
2960 1601 209 45 Bootmaker,
3195 1616 33 26 at

2474 1653 104 43 Lyell.
2622 1656 54 33 All
2690 1666 155 28 accounts
2855 1666 184 42 remaining
3052 1672 121 39 unpaid
3185 1685 41 20 on

2476 1715 46 32 Ist
2540 1717 273 37 SEPTEMBER
2830 1728 87 36 next,
2935 1727 65 33 will
3026 1729 35 33 be
3078 1732 78 33 sued
3180 1734 49 33 for

2475 1778 137 35 without
2627 1781 125 35 further
2767 1785 117 35 notice.

2737 1846 209 38 WILLIAM
2971 1853 131 37 BROW

2516 1905 157 41 Kiunara,
2691 1909 77 33 23rd
2781 1911 90 44 July,
2893 1916 89 32 1885.

2599 2049 30 35 v
2772 2023 174 93 fell
3076 2065 37 33 «■

2518 2158 42 33 In
2583 2159 55 35 the
2662 2162 113 35 Estate
2791 2166 38 31 of
2847 2167 156 37 William
3029 2175 148 41 Tcck;:i;,
3203 2182 33 31 of

2644 2215 206 46 Matakitaki,
2866 2222 164 45 deceased,
3048 2228 162 42 intestate.

2726 2331 303 43 NOTICE.

2483 2444 247 68 IJIEXDEBS
2761 2449 64 34 will
2856 2453 38 33 be
2925 2458 145 34 received
3107 2462 42 42 by
3180 2466 53 33 the

2588 2503 220 46 undersigned
2819 2509 83 34 until
2919 2512 247 42 THURSDAY
3180 2524 53 35 the

2482 2559 262 37 THIRTIETH
2760 2564 64 43 day
2841 2569 34 30 of
2888 2571 191 44 AUGUST,
3099 2579 89 41 1835,
3203 2590 31 25 at

2483 2616 131 42 NOON,
2639 2619 48 33 lor
2710 2621 55 32 the
2791 2625 158 41 purchase
2975 2630 37 34 of
3031 2632 53 35 the
3108 2637 128 46 mining

2482 2680 154 39 property
2679 2677 65 42 &c.,
2789 2681 118 35 situate
2951 2693 33 26 at
3029 2670 204 61 Matakitaki!

2481 2730 172 45 belonging
2669 2738 31 29 to
2718 2735 64 34 this
2798 2738 125 42 Estate,
2941 2754 49 21 viz

2605 2790 176 37 Ordinary
2804 2795 135 37 Mining
2963 2801 107 37 Claim

2605 2847 227 39 Water-race

2605 2905 89 39 Hut,
2711 2909 65 31 and
2794 2911 131 46 Sundry
2939 2915 153 38 Effects

2522 2961 19 35 t
2551 2963 111 35 urther
2684 2968 192 41 particulars
2899 2975 64 33 and
2986 2979 180 38 conditions
3191 2996 39 22 re

2481 3020 179 46 tendering,
2690 3035 78 34 may
2799 3027 36 33 be
2866 3040 76 24 seen
2976 3038 33 29 at
3038 3036 54 35 the
3126 3040 106 38 Police

2481 3078 112 43 Camp,
2611 3080 93 43 Lyell
2721 3093 7 29 ;
2745 3085 64 32 and
2825 3093 34 26 at
2876 3087 116 46 May's,
3009 3095 65 32 and
3089 3097 144 43 Lynch's

2480 3141 112 36 stores,
2625 3138 194 37 Matakitaki
2838 3154 6 29 ;
2869 3144 103 36 Rait's
3146 3158 63 33 Mur-

2480 3192 137 42 chison;
2662 3196 64 33 and
2763 3198 156 37 Oxnam's
2963 3210 94 38 store,
3104 3211 131 37 Central

2479 3249 123 42 Bailer,
2618 3263 37 22 or

2808 3314 78 34 Wm.
2912 3318 160 44 LLOYD,

2659 3366 107 44 Agent
2781 3370 49 33 for
2846 3373 54 33 the
2918 3375 111 37 Public
3047 3381 144 37 Trustee.

2521 3422 176 45 Westport,
2714 3428 78 33 29th
2808 3430 90 43 July,
2917 3435 89 32 1885.

2521 3524 49 32 IN
2610 3526 92 32 THE
2742 3527 214 39 SUPREME
2996 3536 145 37 COURT
3180 3544 53 32 OF

2645 3572 105 34 NEW
2766 3575 225 47 ZEALAND,
3010 3583 196 40 WELLING-

2648 3619 87 33 TON
2752 3621 221 38 DISTRICT.

2481 3708 181 41 FRIDAY,
2685 3711 56 34 the
2764 3714 77 33 24th
2859 3716 63 44 day
2938 3720 35 32 of
2991 3721 128 45 JULY,
3146 3729 88 32 1835.

2483 3801 77 36 TT
2568 3803 85 33 PON
2671 3805 134 44 reading
2820 3808 54 35 the
2887 3812 172 38 Affidavits
3070 3819 36 33 of
3116 3821 120 36 Robert

2609 3850 189 34 Chisenhall
2813 3855 197 43 Hamerton,
3034 3864 36 30 of
3085 3866 131 33 Welling-

2480 3895 66 36 ton,
2564 3893 112 34 Public
2693 3895 145 41 Trustee,
2855 3901 64 33 and
2936 3904 35 31 of
2991 3906 133 36 Charles
3142 3913 69 33 Bow-

2480 3938 72 38 den,
2584 3940 31 30 ol
2645 3940 104 42 Lyell,
2781 3944 107 35 Police
2926 3949 182 45 Constable,
3147 3959 24 32 it
3208 3961 27 32 is

2480 3983 133 34 ordered
2630 3986 72 34 that
2725 3988 54 33 the
2798 3991 112 35 Publie
2932 3995 133 38 Trustee
3089 4002 83 36 shall
3197 4006 37 34 be

2479 4030 254 56 Administrator
2749 4036 35 31 of
2796 4037 43 33 all
2855 4039 54 34 the
2922 4043 67 32 real
3008 4047 63 31 and
3082 4055 151 35 personal

2480 4081 102 28 estate
2606 4078 39 32 of
2664 4078 158 37 William
2853 4085 150 44 Tdckee,
3033 4092 35 33 of
3095 4095 118 38 Mataki-

2481 4125 78 37 taki,
2578 4125 117 38 Miner,
2712 4127 166 36 deceased.

2606 4170 143 45 (Signed)

2745 4219 35 33 c.
2805 4221 51 34 w.
2880 4223 257 49 RICHMOND,
3162 4237 31 32 J.

2498 4315 33 41 A
2554 4315 55 31 LL
2631 4327 134 31 persons
2794 4320 152 36 indebted
2977 4331 32 29 to
3036 4330 56 34 the
3121 4334 94 38 above-

2594 4364 118 33 named
2743 4366 152 37 deceased
2921 4384 53 23 are
3000 4384 172 36 requested
3202 4390 32 29 to

2479 4419 63 31 pay
2559 4409 54 32 the
2630 4419 152 26 amounts
2798 4415 35 31 of
2845 4417 85 32 their
2946 4425 121 30 several
3078 4436 155 27 accounts

2481 4458 31 27 to
2537 4464 62 29 me,
2624 4466 34 21 or
2681 4461 31 28 to
2732 4458 48 33 W.
2804 4459 117 44 Lloyd,
2945 4464 89 45 Esq.,
3061 4469 172 47 Westport.

2480 4504 185 34 Also,—All
2681 4515 133 29 persons
2830 4507 122 44 having
2974 4513 113 35 claims
3103 4521 128 37 against

2482 4546 53 30 the
2559 4546 68 31 said
2652 4554 100 27 estate
2771 4562 54 21 are
2848 4558 169 38 requested
3041 4565 32 28 to
3096 4563 138 37 forward

2481 4590 53 33 the
2552 4603 87 21 same
2664 4598 31 28 to
2718 4607 64 28 me,
2804 4609 35 20 or
2861 4605 32 26 to
2919 4601 51 33 Mr
2993 4603 114 45 Lloyd,
3133 4622 41 21 on
3199 4626 35 20 or

2482 4636 105 32 before
2625 4639 225 44 Wednesday,
2889 4646 54 32 the
2987 4642 77 41 20tli
3102 4654 64 37 day
3203 4660 36 31 of

2481 4682 137 36 August
2635 4690 86 30 next.

2523 4730 82 31 N.B.
2654 4735 74 38 Aiay
2747 4736 101 32 claim
2872 4743 57 27 not
2956 4749 71 25 sent
3049 4746 32 31 in
3107 4748 42 35 by
3178 4751 56 32 the

2481 4772 64 45 day
2561 4777 118 32 named
2696 4779 67 33 will
2785 4779 37 35 be
2839 4781 97 38 liable
2961 4791 31 30 to
3017 4788 36 35 be
3077 4794 156 39 excluded

2480 4821 84 33 from
2578 4825 241 43 participation.

2763 4874 39 34 R,
2827 4876 34 33 C.
2885 4878 266 51 HAMERTON,

2918 4927 112 35 Public
3048 4932 132 37 Trustee

2565 4962 110 35 Public
2693 4965 96 35 Trust
2805 4968 109 44 Office,

2523 5009 209 44 Wellington,
2751 5016 76 32 20th
2844 5018 89 43 July,
2952 5024 89 32 1885.

2536 5108 91 31 THE
2657 5110 295 40 IMPOUNDING
2974 5095 260 68 ACTWBBL^

2485 5221 127 70 IJIHE
2636 5225 181 41 provisions
2838 5229 38 33 of
2902 5231 53 35 the
3012 5235 221 56 Impounding

2587 5286 72 42 Act,
2832 5294 34 34 in
2897 5300 113 42 regard
3038 5311 31 27 to
3093 5309 141 46 trespass

2479 5347 67 34 and
2577 5348 163 47 damages,
2772 5356 66 33 will
2862 5357 18 34 t,
2884 5370 16 23 e
2927 5364 150 38 enforced
3107 5384 42 21 on
3180 5385 57 36 my

2481 5411 79 34 land
2597 5413 80 34 after
2714 5416 65 35 this
2817 5419 83 37 date.
2946 5426 217 52 Description,
3201 5451 36 24 as

2480 5474 125 36 follows
2621 5487 8 23 •'
2677 5479 108 36 Matin
2799 5483 103 37 Block
2919 5489 119 45 Farm;
3055 5498 18 31 -2
3086 5502 138 36 sections

2483 5539 100 34 Block
2610 5541 108 45 XIII;
2742 5545 35 36 of
2798 5549 58 34 102
2871 5562 99 28 acres.
3019 5559 130 39 Section
3167 5568 69 42 115,

2481 5602 101 35 Block
2599 5606 108 42 XIII;
2732 5610 35 34 of
2779 5612 39 35 41
2842 5625 99 32 acres,
2968 5620 110 38 Matiri
3101 5595 135 71 district.'

2484 5668 129 32 Section
2638 5672 69 37 127,
2738 5673 103 36 Block
2870 5678 89 35 XIII
2975 5692 7 30 ;
3007 5695 17 22 0
3027 5685 16 33 f
3068 5689 38 33 3y
3137 5701 99 35 acres>

2483 5727 111 38 Matiri
2621 5732 147 38 District.
2815 5739 130 39 Section
2977 5751 50 37 oD,
3053 5750 101 36 Block
3179 5757 54 35 II:

2479 5792 38 34 of
2530 5795 38 33 30
2584 5807 101 33 acres,
2702 5799 120 38 Tutaki
2838 5804 155 48 District;
3017 5816 64 33 and
3097 5817 24 33 it
3135 5818 30 34 is

2481 5859 160 34 intention
2659 5865 32 31 to
2707 5864 265 51 eiaimdamages
2992 5874 49 34 for
3055 5877 56 34 the
3134 5891 102 33 saute,

2481 5920 149 38 whether
2645 5925 126 46 fenced,
2789 5943 35 21 or
2838 5936 208 37 unenclosed.

2749 5993 184 39 THOMAS
2958 6001 238 39 O'BOUBKE.

2525 6044 123 47 Mal'ii,
2664 6053 73 36 21st
2752 6053 90 47 July,
2857 6059 92 36 1885.
