3503 4532
56 193 174 25 Government
243 192 129 25 Advances
382 200 29 16 to
425 191 134 25 Settlers.

91 252 52 24 The
184 251 168 25 Government
391 250 121 25 advances
551 251 26 23 to

43 296 105 24 Settlers
161 295 58 29 Bill,
233 295 66 31 gives
317 295 168 25 Government
496 301 82 24 power

42 342 26 22 to
80 339 60 25 raise
153 339 152 29 £3,000,000
318 339 135 30 extending
464 346 56 16 over
528 339 49 23 two

41 392 70 24 years
123 388 25 19 at
159 386 45 21 not
220 391 69 16 more
307 382 62 25 than
391 384 58 30 4%,
460 376 116 34 interest,

42 435 33 17 no
88 427 76 24 doubt
177 427 60 24 with
249 435 45 16 our
316 426 75 25 credit
412 426 117 31 standing
551 433 27 17 so

42 472 67 30 liigli,
122 479 87 21 money
219 478 57 23 may
289 470 29 24 be
328 469 48 25 had
385 473 24 20 at
419 470 33 29 8£
459 470 30 30 %.
525 468 53 25 The

44 518 40 21 act
97 518 24 20 to
134 515 29 23 be
176 513 184 25 administrated
368 513 90 30 mostly
467 514 29 29 by
503 512 75 22 heads

44 558 46 23 De;
101 559 127 22 ailments.
264 557 34 23 As
318 558 53 22 cost
393 555 28 25 of
435 555 71 25 deeds
530 553 48 25 and

44 601 125 24 valuation
183 599 50 24 will
244 599 29 24 be
284 599 59 31 paid
354 599 31 31 by
397 599 43 24 the
450 599 127 25 borrower,

44 644 43 24 the
100 643 197 25 administration
320 643 51 24 will
393 641 118 32 probably
534 642 43 23 not

44 693 50 18 oust
119 695 68 16 more
210 686 60 25 than
294 686 93 28 £5,000
400 695 11 13 a
425 693 66 23 year.
527 684 51 24 The

45 739 68 16 sums
148 730 124 24 advanced
300 737 76 23 range
395 729 63 24 from
479 729 50 24 £25
553 729 25 23 to

42 776 94 25 £i',."o;)
150 782 32 15 on
195 773 119 24 Freehold
326 773 114 31 security,
449 774 25 23 to
482 772 42 25 the
537 780 41 16 ex-

44 821 52 21 tent
110 818 26 23 of
146 820 65 28 <;0<;o,
226 825 31 15 on
275 816 124 26 leasehold
411 818 26 22 to
450 817 58 30 50%
520 816 57 23 with

47 864 40 29 1%
104 861 79 24 added
202 863 24 22 to
251 860 140 31 extinguish
412 858 120 31 principal
552 858 26 24 in

44 904 30 22 80
80 905 10 20 j.
106 910 77 21 years.
228 901 29 23 In
270 908 55 16 case
346 900 26 23 of
383 899 108 23 Interest
504 898 74 31 going

44 946 68 23 d(Avn
134 953 27 15 or
179 945 72 23 other
278 951 90 23 qu'Ciur
372 946 105 21 stances.
525 942 53 24 The

44 990 48 21 bovi
99 997 65 13 ov.er
176 991 24 19 afc
213 995 49 21 aDy
275 988 59 21 time
347 995 56 21 may
414 994 48 22 pay
472 985 35 24 off
515 986 21 22 if
546 985 32 22 he

44 1030 65 23 finds
124 1031 17 22 it
158 1030 145 23 eonvpiient
325 1030 26 23 in
381 1036 66 16 sums
477 1028 26 24 of
524 1030 52 24 ,£a.

44 1074 92 31 Briefly
149 1080 24 18 to
186 1074 123 24 illustrate
322 1072 42 25 the
387 1072 137 31 advantage
553 1071 33 25 of.

44 1119 50 23 tlii>
125 1119 106 28 scheme,
247 1129 3 2 ■
346 1117 91 24 Settler
471 1115 107 25 borrows

45 1164 93 23 £l.tioo
151 1163 35 24 for
198 1164 42 23 ten
252 1169 79 25 years,
355 1161 33 24 off
409 1168 31 16 an
463 1160 115 31 ordinary

46 1215 90 22 money
139 1206 92 24 -lender
244 1209 25 21 at
280 1207 40 29 (>%
332 1205 49 23 and
391 1212 58 17 even
459 1212 54 16 now
522 1211 55 23 may

47 1250 110 24 consider
170 1249 100 23 himself
285 1248 124 24 fortunate
421 1248 127 29 obtaining
558 1247 21 23 it

47 1297 26 20 at
85 1295 55 22 that
152 1296 59 24 rate,
247 1293 32 22 At
289 1293 40 22 the
343 1291 47 24 end
402 1292 23 22 o!
444 1295 41 20 ten
508 1298 69 23 years

46 1338 32 24 he
91 1338 44 23 has
148 1337 56 31 paid
217 1337 67 23 £<>00
307 1335 24 24 in
350 1335 109 27 interest,
479 1334 43 24 but
545 1342 33 15 no

47 1382 162 23 diminutions
221 1380 26 24 of
267 1378 225 41 th^ryicipal'has
505 1378 72 24 taken

46 1425 76 30 place,
143 1425 29 23 lie
195 1423 50 25 still
269 1430 62 17 owes
349 1423 49 23 and
415 1421 56 25 has'
484 1423 24 22 to
531 1429 47 23 pay

45 1470 92 22 £10(i(.i.

81 1512 19 24 A
115 1512 87 28 Settler
216 1510 137 32 borrowing
364 1510 36 25 off
411 1510 169 25 Government

47 1564 60 23 pays
117 1558 12 21 5
139 1557 22 30 %
172 1556 104 23 interest
289 1557 12 21 1
310 1557 23 29 %
345 1554 26 24 of
380 1563 15 16 a
407 1555 100 30 sinking
518 1552 61 26 fund

50 1602 25 21 to
89 1599 140 31 extinguish
241 1598 124 31 principal,
379 1600 25 22 at
421 1597 43 25 the
484 1597 48 25 end
555 1598 24 24 of

49 1644 30 23 10
92 1651 70 23 yeais
174 1642 31 25 he
226 1642 46 24 has
292 1642 57 30 paid
372 1642 70 25 £GOO
452 1649 5 21 ;
478 1642 43 23 but
545 1641 34 22 in-

49 1686 68 24 stead
129 1686 26 24 of
173 1686 88 31 owivg.
275 1686 95 27 £1000,
388 1686 32 23 he
432 1693 64 17 owes
509 1685 71 25 £872

49 1731 28 23 5s
91 1730 46 24 lOd
150 1730 41 24 the
204 1731 83 23 £1000
304 1729 74 30 being
390 1729 148 25 diminished
549 1728 30 31 by

48 1773 40 24 the
101 1781 55 16 sum
168 1772 25 25 o*
211 1773 66 25 £127
291 1773 43 24 14s
346 1771 33 25 2d
391 1781 26 16 so
440 1771 56 26 that
519 1771 61 26 each

48 1816 55 24 half
108 1816 84 32 yearly
204 1820 117 28 payment
341 1816 85 24 makes
437 1817 41 23 the
491 1815 89 31 princi-

48 1860 41 31 pal
100 1868 15 16 a
127 1860 158 31 diminishing
302 1860 121 31 quantity,
441 1859 14 25 I
472 1859 64 25 have
547 1867 33 17 no

48 1904 76 25 doubt
148 1904 50 26 this
221 1912 112 18 measure
356 1905 51 25 will
430 1904 54 32 give
512 1905 69 31 great

48 1948 152 25 satisfaction
213 1950 26 22 to
251 1948 69 24 those
332 1948 106 31 needing
449 1948 28 29 it,
491 1948 48 23 arid
562 1947 21 24 if

47 1991 20 24 it
78 1993 78 23 meets
168 2000 13 15 a
193 1992 51 24 real
254 1992 71 29 want,
351 1991 67 32 Why
435 1991 90 26 should
536 1993 45 23 not

46 2034 44 25 the
97 2035 120 30 principal
228 2036 28 23 be
268 2035 120 25 extended
396 2036 11 23 ?

125 2080 43 23 Mr
183 2079 116 24 Meredith
317 2084 25 19 at
361 2079 100 30 Oxford,
473 2079 74 30 April

111 2133 94 24 Review
217 2130 29 33 of
252 2133 108 24 Reviews
368 2134 59 32 May
440 2133 73 24 1895.

80 2172 60 25 New
163 2173 107 24 Zealand
292 2173 46 24 has
358 2173 103 24 effected
480 2180 15 17 a
512 2180 68 17 more

46 2209 113 26 brilliant
165 2210 82 25 stroke
258 2211 26 25 of
291 2211 99 25 finance
398 2211 63 25 than
469 2212 46 24 has
524 2218 57 17 ever

49 2248 81 23 before
141 2248 62 23 been
215 2250 135 31 attempted
371 2249 30 23 bv
421 2257 51 24 any
491 2250 26 21 of
536 2248 43 23 the

47 2285 146 25 Australian
214 2286 115 25 colonies.
364 2286 48 25 Mr.
436 2286 77 25 Ward
534 2287 46 24 has

46 2324 87 31 placed
144 2332 15 16 a
169 2325 14 23 8
195 2326 116 30 percent,
324 2326 58 24 loan
391 2325 27 24 of
424 2324 157 30 £1,500,000

46 2370 34 16 on
91 2362 43 25 the
146 2363 103 24 London
261 2364 104 27 market,
378 2363 78 32 fixing
465 2363 43 25 the
515 2363 64 25 min-

44 2401 81 24 imum
135 2403 27 23 at
173 2402 60 25 £90.
246 2401 52 25 The
310 2402 57 25 loan
379 2410 47 17 was
438 2401 141 26 subscribed

47 2440 57 25 four
115 2441 72 24 times
196 2448 64 19 over,
270 2441 48 24 and
326 2441 105 32 brought
438 2449 34 16 an
478 2448 104 24 average

45 2481 67 30 price
124 2483 26 22 of
167 2481 54 24 £94
239 2483 27 22 8s
283 2481 48 30 9d.,
367 2482 61 24 This
439 2482 22 25 is
472 2481 43 26 the
526 2481 55 25 first

50 2521 61 24 time
123 2529 32 16 an
167 2523 106 29 attempt
284 2522 45 24 has
340 2521 62 26 been
411 2521 73 25 made
492 2522 32 31 by
533 2529 49 24 any

47 2561 28 24 of
92 2560 43 25 the
151 2561 140 25 Australian
304 2561 106 26 colonies
433 2565 26 22 to
476 2561 70 31 plaoe
567 2569 14 16 a

47 2600 58 25 loan
118 2604 26 21 at
157 2603 14 22 3
183 2609 42 23 per
236 2603 64 23 cent.

1211 37 172 32 OXFORD
1428 35 223 33 OBSERVER
1695 36 240 38 SATURDAY,
1978 33 169 34 AUGUST
2170 34 49 30 10.
2239 33 90 30 1895.

2919 4275 109 36 printed
3031 4272 3 13 1
3053 4278 60 29 ai?'l.
3144 4275 140 31 Publisl.^d
3380 4280 90 27 Laiiiia

2961 4318 83 25 Annie
3067 4318 104 30 Pasishj
3194 4320 29 24 at
3244 4319 50 26 her
3305 4341 6 3 -
3323 4317 147 38 Registered

2959 4354 119 41 Piiniing
3088 4361 86 39 O^cw,
3197 4363 71 39 Hig^j
3292 4364 94 29 Street.
3408 4362 63 26 Efts*

2948 4426 3 3 .
2960 4405 105 34 P*fbrdV
3072 4404 183 38 C^te*ury4
3272 4405 48 32 ?:..[?
3335 4407 13 12 -'

3039 4445 306 47 S»ftnu^iiu&s^flO,
3357 4459 67 32 J§9s
3460 4469 5 4 •

2917 206 169 50 WATCH
3129 187 157 106 l^f
3314 204 146 50 CLOCK

3039 364 301 36 FITTED

2937 463 182 36 Parish's
3149 465 101 36 East
3275 467 161 45 Oxford.

2918 620 319 49 WEBTHESS

3081 771 2 2 .
3097 716 262 51 SUSIE'S:

2946 805 22 71 /
3004 815 84 50 mi
3114 818 367 52 HOIISIIBIB,

2961 919 205 50 MACHiHE
3213 927 200 44 NEEfiIfSS
3478 951 3 8 •

3178 1759 42 21 AT

2984 1829 418 41 PARISH'S

2926 1916 185 34 EAST
3161 1915 293 37 OXFOBD

2921 2144 139 40 Timter
3076 2144 69 40 and
3168 2145 75 39 Coal
3272 2144 186 40 Merchant

2920 2230 44 23 T
2989 2229 93 24 AR(3E
3103 2229 107 24 STOCK
3228 2229 44 27 OF
3285 2229 172 26 BUILDING

2924 2262 62 31 XJ
3000 2266 21 15 v
3097 2262 208 25 MATERIALS.

2988 2302 34 27 Of
3043 2312 71 23 every
3145 2305 157 27 description,
3335 2303 119 27 seasoned

3020 2342 75 32 ready
3103 2342 37 25 for
3147 2350 52 22 use,
3208 2342 90 33 always
3305 2351 32 17 on
3344 2342 77 25 hand.

2956 2385 68 29 Also,
3055 2385 152 27 Galvanised
3237 2385 68 30 Iron,
3318 2401 8 7 .-
3335 2386 119 25 Portland

2923 2424 103 26 Cement
3034 2425 50 25 and
3096 2425 124 25 Builders'
3233 2425 188 33 Ironmongery.
3434 2434 5 9 s

2957 2476 111 32 Country
3083 2476 91 26 Orders
3198 2476 125 33 Carefully
3344 2478 112 25 Selected

2929 2532 4 5 •
3089 2517 50 24 and
3147 2517 144 25 forwarded.

2923 2572 97 25 TUAM
3029 2572 144 29 STREET,
3186 2573 273 25 CHRISTCHURCH

2985 2698 213 42 HOLLAND
3232 2699 154 41 FINISH

3104 2755 167 41 CALICO.

3037 2817 63 31 3d.
3135 2825 72 30 per
3227 2820 113 35 yard.
3359 2812 5 8 '

3179 2893 32 27 at

3037 2942 37 30 R.
3093 2941 40 31 H.
3154 2939 196 35 PARISH'S

2969 3080 472 119 ADont

2959 3252 162 47 wlfeis
3134 3233 34 65 1
3186 3224 36 68 f
3215 3226 230 67 OTsalcc

2989 3450 115 26 Dwune
3138 3439 32 36 ■
3185 3439 260 38 inCTECaiVDC

3013 3516 57 18 am*
3137 3497 322 47 ■nujiuTOilTlliC

2967 3532 204 37 IHVtGOUriNBI
3276 3536 75 41 for

2954 3881 219 46 PUBLIC
3223 3878 239 47 NOTICE.

2965 3985 174 36 Telegraphic
3151 3985 132 36 Messages
3301 3994 50 18 can
3362 3993 60 17 now

2923 4035 61 23 sent
3006 4031 66 28 and,
3079 4032 122 27 received
3221 4024 30 40 a^
3275 4031 65 27 East
3365 4029 100 28 Oxford

2924 4077 115 33 Station,
3055 4078 54 27 and
3127 4078 92 28 Postal
3238 4078 86 26 Notes
3344 4085 76 19 ma?T
3419 4080 6 11 s
3424 4076 36 27 be

2924 4123 157 35 purchased.
3356 4135 17 22 &
3410 4135 5 9 *

3025 4224 16 4 ~
3097 4238 2 2 .
3118 4238 1 2 .
3128 4231 14 8 -f.
3165 4238 3 2 .
3177 4236 1 2 ■
3209 4229 13 10 y
3253 4231 28 8 ■■■■■.
3282 4229 75 10 sif-.'-s
3370 4233 2 2 ■
3389 4231 7 5 ■■

2411 170 425 46 EUCALYPTUS

2517 242 4 4 •
2613 241 14 14 ♦

2408 269 61 22 THE
2484 269 72 21 BEST
2570 268 87 21 HOME
2674 268 141 21 BEMEDIE

2468 308 35 15 are
2518 301 36 21 the
2563 301 135 27 preparation
2709 301 24 22 of
2741 301 36 20 the

2352 339 171 21 TASMANIAN
2541 339 185 26 EXJCAEYPTUS
2741 338 48 22 OIL
2803 338 81 21 COMP.

2359 369 4 4 '
2381 377 136 25 Universally
2526 362 104 35 ddmitte^
2639 376 37 21 the
2684 376 79 24 BEST,
2775 376 113 21 PUREST

2354 415 42 22 and
2406 417 57 18 most
2473 414 94 21 effective
2578 414 133 25 Eucalyptus
2733 413 105 21 Globulus
2854 413 32 20 Oil
2894 413 4 4 '

2352 447 34 20 for
2407 446 176 25 INFLUENZA,.
2598 446 92 25 Coughs,
2710 446 63 20 Colds
2798 446 43 20 and
2858 446 30 20 all

2354 478 64 21 Chest
2435 477 43 22 and
2486 477 70 26 Lung'
2565 477 113 21 affections
2692 477 76 26 speedy
2777 477 60 21 relief
2846 477 43 21 and

2354 511 56 20 Cure
2427 511 35 20 for
2476 510 158 24 Rheumatism,
2648 510 128 24 -Neuralgia,
2790 510 100 26 Sprains-

2354 537 72 20 Burns
2446 538 34 19 &c.
2839 542 9 5 •
2885 555 1 1 .

2381 569 133 26 Eucalyptus
2532 569 104 20 Globulus
2654 569 92 20 Extract
2756 569 88 26 sprayed
2858 569 32 21 in-

2354 601 64 20 haled
2434 601 42 20 and
2491 602 65 19 taken
2566 602 116 24 internally
2699 602 34 18 for
2747 602 37 19 the
2801 602 87 25 Ihroat,

2355 638 97 26 Catarrh,
2469 637 59 26 Hay,
2552 637 98 26 Typhoid
2666 638 43 20 and
2724 638 80 20 Scarlet
2815 639 76 20 Fevers

2356 670 129 20 MEASLES
2496 670 97 25 theropst
2603 670 136 25 satisfactory
2748 671 143 24 preventative

2356 701 42 21 and
2413 701 60 21 Cure.
2501 701 56 21 Send
2571 701 50 20 Post
2637 702 55 20 Card
2703 704 21 18 to
2735 701 36 21 the
2781 701 63 21 Office
2857 702 33 20 for

2356 733 95 21 Circular
2462 733 122 26 'describing
2603 734 121 21 treatment.
2752 734 138 27 Eucalyptus,

2355 767 111 21 Ointment
2477 768 35 20 the
2522 768 70 25 Magic
2601 768 79 20 Healer
2693 769 23 19 of
2730 769 69 23 Sores,
2813 769 77 23 Burns,

2356 799 102 25 Wounds,
2475 800 60 20 Boils
2552 801 45 22 &-c,
2620 800 134 26 Eucalyptus
2773 801 57 26 Soap
2844 801 42 20 Fra

2355 833 62 23 grant
2427 832 43 20 and
2479 832 124 26 refreshing.
2628 833 132 25 Eucalyptus
2770 833 88 26 Jujubes
2867 840 24 13 or

2356 863 101 20 Pastilles
2466 863 34 20 for
2509 863 37 21 the
2571 864 80 20 Throat
2662 864 43 20 and
2714 864 63 20 Voice
2794 871 28 13 an
2836 865 54 20 anti-

2356 895 67 26 septic
2433 895 42 20 and
2486 896 120 20 stimulant.
2618 896 5 5 '

2355 928 126 26 Veterinary
2498 929 36 20 Oil
2543 930 42 20 and
2596 929 111 21 Ointment
2717 930 32 19 for
2759 929 37 21 the
2805 930 85 21 stables.

2382 964 30 19 Be
2422 969 48 14 sure
2480 969 43 19 you
2533 964 108 20 Purchase
2655 964 38 20 the
2705 963 103 26 Platypus
2824 964 66 20 brand

2356 995 50 25 only
2414 995 24 23 pf
2446 995 29 20 all
2484 995 113 25 Chemists,
2603 995 87 21 Grocers
2697 995 43 21 and
2747 995 144 27 Storekeepers

2356 1025 42 21 and
2413 1027 22 19 at
2449 1025 37 21 the
2496 1026 65 22 Office
2570 1028 12 20 9
2591 1027 114 20 Cathedral
2716 1031 75 20 square
2800 1027 98 21 between..

2356 1057 100 20 Morten's
2470 1057 112 27 Buildings
2591 1060 41 18 and
2644 1056 36 21 ihe
2689 1058 51 19 Post
2750 1058 74 20 Office.'

2520 1092 88 22 Oxford
2620 1093 77 26 Agent

2410 1128 26 22 It.
2446 1129 30 21 11.
2627 1129 82 22 'EAST
2723 1130 119 21 OXFORD

2435 1167 148 28 Eucalyptus''
2587 1168 44 21 Oil-
2638 1169 31 26 1/-
2682 1175 41 20 per
2731 1169 77 21 bottle.
2836 1166 10 10 "'

2399 1250 3 21 I
2462 1243 33 21 "■■•'
2508 1252 19 19 ;■
2540 1244 2 2 '
2566 1245 2 1 '
2653 1243 12 13 ■'■
2689 1251 4 3 •
2789 1253 13 3 '■
2839 1255 3 2 ■
2862 1246 11 9 ''

2358 1364 182 29 QTJFFEREBS
2576 1364 58 21 from
2678 1364 210 26 RHEUMATISM,

2357 1394 23 19 U
2410 1392 154 24 LUMBAGO,
2583 1392 185 24 NEURALGIA,
2787 1392 103 21 Nervous

2356 1419 141 24 exhaustion,
2611 1420 98 24 dibility,
2719 1420 46 19 lost
2775 1420 79 24 vigour
2865 1420 24 19 of

2355 1445 66 26 body,
2430 1451 159 18 nervousness,
2598 1446 45 19 loss
2653 1446 22 19 of
2693 1445 57 20 flesh
2768 1446 47 20 and
2832 1446 59 20 vital

2355 1479 79 19 power,
2457 1472 93 21 restless
2582 1472 67 26 sleep,
2674 1472 96 25 dreams,
2787 1472 103 27 pimples,

2355 1500 63 21 weak
2429 1500 60 24 back,
2502 1500 61 21 want
2581 1500 23 21 of
2615 1500 162 26 development,
2794 1500 96 21 varicose

2355 1528 71 23 veins,
2435 1528 133 26 incapacity,
2587 1529 94 25 urinary
2702 1528 117 21 disorders,
2839 1528 51 21 skin

2356 1556 46 20 and
2410 1555 68 21 blood
2488 1556 96 20 diseases
2594 1556 46 20 and
2649 1555 32 20 all
2690 1556 105 20 ailments
2804 1556 87 26 arising

2355 1584 55 19 from
2422 1583 62 25 early
2493 1588 24 14 ex
2526 1583 59 20 later
2604 1583 44 26 day
2662 1589 73 13 errors
2744 1585 50 21 etc.,
2819 1583 72 20 COX-

2356 1609 162 21 sult-fr.ee
2543 1610 87 20 prof.-
2648 1607 151 23 notmann
2817 1610 31 20 m.
2858 1609 33 25 e.,

2356 1637 27 20 e.
2413 1637 29 20 m.
2458 1636 26 21 g.
2509 1636 127 21 market
2655 1637 94 20 place
2769 1636 122 21 christ-

2356 1664 137 21 CHURCH.
2507 1670 5 2 -
2521 1664 119 27 (Opposite
2683 1664 105 20 Colombo
2816 1665 76 20 Street

2356 1691 83 27 Bride)
2454 1714 6 3 .
2538 1709 4 5 ,
2727 1686 4 5 '

2383 1729 49 21 The
2441 1730 54 26 only
2511 1729 88 27 Expert
2618 1729 141 27 advertising
2775 1730 54 20 that
2844 1730 48 20 will

2364 1758 124 24 guarantee
2498 1764 15 13 a
2521 1757 115 25 thorough
2643 1763 59 15 cure.

2383 1797 251 23 MANUFACTURER
2643 1799 22 21 of
2675 1799 40 21 the
2724 1799 54 26 only
2797 1805 94 20 guaran-

2356 1827 53 21 teed
2419 1825 97 22 Electric
2524 1826 49 22 belt
2592 1827 45 19 and
2650 1827 65 21 other
2733 1827 85 26 special
2836 1827 56 20 elec-

2356 1853 68 22 trical
2432 1853 128 27 appliances
2570 1853 25 21 in
2604 1853 39 21 the
2652 1853 110 21 Colonies.
2793 1853 97 21 Medical

2348 1898 2 9 t
2357 1881 113 21 Batteries
2480 1882 43 20 etc.
2550 1881 139 27 Descriptive
2698 1880 134 27 Pamphlets
2841 1881 52 26 post

2357 1909 62 21 Free.
2442 1922 5 2 -
2484 1923 3 2 ■
2597 1923 4 1 -
2707 1918 5 4 -
2742 1922 3 4 .

2360 1995 39 15 --,
2672 1996 2 12 ;
2748 1989 24 18 -i

2436 2053 364 46 IMPORTANT

2603 2128 10 11 ■
2680 2129 10 11 •
2690 2132 41 5 —
2754 2123 10 11 '-

2357 2161 84 31 ALL
2471 2161 120 32 WOOL
2615 2161 171 32 KOSLYN
2806 2161 86 31 AND

2394 2236 296 33 WELLINGTON
2712 2234 152 34 TWEED

2504 2304 256 46 STTITS
2771 2311 30 33 \

2400 2372 67 39 35/-
2485 2372 86 31 Suits
2586 2372 187 31 Eeducedto
2782 2406 3 4 .
2797 2371 67 41 25/-

2397 2432 70 42 --4-
2510 2458 21 15 „
2597 2432 37 40 ;„
2718 2457 20 14 
2804 2426 67 47 357-

2400 2482 148 32 Trousers
2563 2483 61 31 and
2637 2481 77 33 Vest
2778 2481 75 41 13/6
2897 2498 4 6 •

2554 2563 3 6 ,
2594 2543 52 22 AT

2385 2596 197 32 PARISH'S
2608 2596 90 31 East
2721 2596 144 31 Oxford.

2387 2727 46 46 S.
2474 2727 79 45 W.
2590 2726 274 46 TUEPIK

2358 2784 242 49 WATCHMAKER.
2634 2794 175 38 JEWELLER
2834 2796 57 30 &c.

2347 2841 2 53 I
2434 2857 89 25 MAIN
2536 2856 137 26 STEEET
2690 2855 139 26 OXFOBD

2347 2911 2 19 l
2550 2907 62 18 near
2623 2899 83 25 Bank.

2359 2972 13 2 ~
2393 2992 1 1 .
2516 2969 11 4 ~
2603 2988 2 3 .
2815 2989 1 2 .
2857 2991 2 1 .
2879 2980 7 12 \

2377 3015 72 35 W.
2494 3013 364 33 WOODWARD

2356 3071 153 26 PAINTER
2526 3070 70 25 AND
2613 3069 271 32 PAPERHANGER,

2458 3115 112 38 JEAST
2613 3121 183 32 OXFORD.

2406 3217 42 27 All
2458 3218 81 25 orders
2549 3219 121 31 promptly
2682 3219 114 25 attended
2806 3221 28 22 to
2900 3223 2 24 j

2559 3304 2 1 -
2592 3306 2 1 ■
2758 3305 3 2 ■
2801 3305 2 1 ■
2900 3294 2 20 I

2357 3356 175 36 OXFORD
2574 3358 190 33 LIBRARY
2804 3359 89 32 AND
2900 3366 2 13 1

2448 3410 198 33 READING
2666 3412 133 31 ROOM.

2355 3515 54 26 The
2437 3512 94 29 Oxford
2557 3515 106 33 Library
2690 3516 23 25 is
2739 3523 64 25 open
2824 3523 70 25 every

2356 3559 113 33 Tuesday
2480 3560 51 25 and
2552 3560 123 32 Saturday
2704 3559 96 33 nights,
2828 3559 65 26 from

2356 3606 14 23 6
2368 3598 5 11 X
2383 3601 32 28 80
2427 3612 69 24 p.n*.,
2518 3605 26 24 to
2564 3605 16 24 8
2591 3612 72 24 p.m.,
2686 3603 52 26 and
2768 3612 34 17 on
2824 3612 71 25 every

2354 3647 122 26 alternate
2487 3647 132 33 Thursday,
2643 3647 140 29 afternoon,
2814 3648 80 33 (Sale-

2354 3691 71 33 days)
2448 3690 65 26 from
2525 3692 62 24 230
2597 3699 66 24 p.m..
2679 3692 28 24 to
2718 3692 15 24 5
2745 3699 59 24 p.m.
2843 3691 52 26 The

2355 3734 112 33 Reading
2479 3736 80 24 Room
2570 3735 22 24 is
2604 3742 65 25 open
2691 3736 27 24 to
2740 3735 45 25 the
2810 3734 86 33 public

2354 3777 60 32 free)
2419 3777 67 32 daily
2496 3779 103 24 from.ll
2613 3784 71 23 a.m.,
2707 3782 26 21 to
2757 3778 137 29 Sundoirn,

2355 3821 128 33 (Sundays
2512 3821 127 33 excepted)
2674 3821 50 25 and
2764 3820 71 26 when
2852 3821 44 25 the

2354 3863 108 33 Librapf
2495 3864 23 26 is
2553 3872 74 25 open,
2660 3865 43 25 the
2740 3864 155 32 circulating,

2355 3908 105 31 Library
2471 3908 114 25 contains
2596 3909 77 28 1,700
2683 3908 121 29 volumes,
2829 3915 66 17 com-

2353 3950 97 32 prising
2460 3957 42 18 :—
2502 3951 112 32 History,
2634 3950 111 30 Science,
2778 3950 118 33 Theoogy

2354 3993 160 33 Biography,,
2547 3994 88 25 Travel
2668 3993 51 26 and
2747 3991 146 28 Adventure

2354 4036 83 27 Books
2448 4037 39 26 for
2497 4038 43 25 the
2560 4038 93 32 Young
2665 4039 42 24 &c.
2742 4037 60 25 This
2823 4036 24 26 is
2869 4046 27 16 a-

2354 4082 101 31 mongst
2477 4080 45 26 the
2533 4080 103 33 largest,
2648 4080 52 25 and
2710 4080 56 26 best
2789 4080 112 29 selected.

2354 4122 106 34 Library
2470 4124 28 24 in
2526 4123 63 26 New
2601 4123 120 26 Zealand.
2756 4123 22 25 A
2787 4123 114 26 number'

2354 4167 89 31 cfne\|
2464 4167 82 29 books,
2564 4167 50 26 will
2636 4167 97 34 shortly
2750 4167 33 26 be
2805 4167 90 26 Added.

2354 4210 54 26 The
2419 4210 152 26 Committee
2594 4210 49 25 will
2655 4210 29 26 be
2695 4209 56 33 glad
2762 4208 28 29 £o
2800 4210 95 27 receive

2355 4253 180 31 contributions
2559 4252 28 27 of
2612 4253 107 26 suitable
2743 4253 81 27 books
2842 4247 6 19 ;
2845 4254 52 26 and
2899 4256 2 7 r

2354 4297 144 34 periodicals
2519 4297 39 27 for
2568 4298 43 26 th«
2622 4292 109 40 Library
2751 4297 55 28 ancl
2813 4299 83 27 Bead-

2354 4341 59 31 ing.-
2427 4349 79 18 room.
2632 4358 4 4 •
2780 4359 5 6 .
2870 4340 2 4 '
2889 4354 12 13 /.

2350 4407 2 1 ■
2385 4396 31 27 /'
2436 4403 21 18 \---
2474 4407 9 16 :■
2495 4393 7 18 l
2520 4405 22 16 •:
2546 4391 20 22 L
2566 4408 6 6 -
2578 4391 32 30 ■?
2610 4392 21 22 B
2632 4392 85 34 ?y®?,
2742 4405 6 17 r
2754 4393 8 15 ;
2800 4403 3 6 :
2805 4413 3 3 -
2830 4390 5 5 '
2893 4392 8 29 '■''.

2349 4449 2 4 ■
2357 4445 2 2 ■
2386 4455 1 1 .
2399 4449 3 5 .
2421 4451 24 11 ,.
2466 4451 1 1 ■
2488 4428 20 40 /
2527 4423 15 40 ■.'
2638 4430 233 35 Hon.>Libr|U?an;
2900 4433 2 27 \

1245 232 11 12 ,
1292 178 71 57 H.
1395 178 62 56 E.
1488 172 444 62 BOARDMAN
1971 149 230 83 &.CO.!

1195 255 141 23 BAILIFFS
1350 254 66 26 AND.
1430 244 184 38 COM^SSI;O*
1623 247 136 38 *ApNTS.
1806 247 99 22 HOTEL
1920 243 137 23 BROKERS
2070 241 65 22 AND
2148 237 148 22 VALUERS.

1294 302 60 30 222
1377 294 233 36 HEREFORD
1634 293 170 38 STREET,
1849 287 340 37 CHBISTCHURCH.

1482 366 388 19 »♦♦♦♦♦♦♦♦♦♦♦♦♦♦♦♦♦♦♦♦♦♦♦♦♦*«
1877 364 182 15 MMMMMMt

1240 406 42 24 We
1300 406 149 32 respectfully
1462 405 39 31 beg
1520 408 21 20 to
1554 404 73 24 thank
1635 411 44 16 our
1690 402 90 24 Clients
1787 398 195 26 andtheßablic
1990 394 124 36 generally
2118 394 45 31 for
2172 392 39 25 the
2226 391 98 30 support

1169 451 115 23 accorded
1296 458 36 19 us,
1345 451 49 22 and
1406 458 44 15 can
1462 456 81 16 assure
1555 455 42 15 our
1601 445 162 34 friends^that
1772 452 44 16 our
1825 444 105 23 business
1940 441 50 24 still
1996 440 102 25 remains
2115 437 76 24 tinder
2209 435 37 24 the
2262 440 62 17 same

1171 498 160 28 management
1351 501 27 16 as
1387 493 107 27 hitherto,
1504 493 48 22 and
1561 491 50 22 that
1620 489 135 31 everything
1766 486 120 25 entrusted
1895 489 22 19 to
1926 493 28 16 us
1966 484 50 24 will
2025 483 24 23 be
2057 481 79 25 under
2147 479 36 24 the
2194 477 130 25 immediate

1171 536 146 31 supervision
1329 536 30 30 of
1366 542 44 16 our
1856 553 16 9 •„
1943 543 3 2 '
2008 555 1 2 ■
2023 555 7 4 -

1371 577 122 33 MR.
1526 576 66 32 EC.
1617 575 55 32 E.
1698 562 428 44 BOAKDJMLAK

1475 802 192 44 GoveMry
1705 799 112 45 Cycle
1866 795 130 36 Works
2317 819 4 4 •

1340 861 36 29 88
1401 853 198 36 COLOMBO
1624 854 209 33 STREET,.:-
1843 844 344 38 CHRISTCHURCH.

1172 920 56 30 We
1244 920 118 29 liaviDo-
1377 919 93 29 taken
1486 926 73 21 over
1573 915 52 29 the
1639 913 72 30 well
1725 912 114 29 known
1849 908 113 34 works,
1977 906 180 37 machinery
2168 902 60 31 and
2238 901 89 31 stock

1171 963 33 29 in
1218 961 89 30 trade
1322 961 77 29 wish
1414 964 32 25 to
1461 959 112 29 inform
1588 956 53 29 the
1664 955 104 40 public
1783 953 69 30 that
1867 962 45 19 we
1928 959 52 20 are
1994 945 151 43 prepared
2160 947 32 27 to
2213 944 112 28 under-

1171 1004 73 28 take
1259 1002 103 29 orders
1377 1002 48 28 for
1439 1011 69 17 new.
1522 997 157 30 machines
1695 996 60 27 and
1771 996 127 27 execute
1917 1000 119 28 repairs
2048 992 43 26 'at
2113 988 53 28 the
2191 988 136 27 shortest

1304 1042 102 30 notice
1421 1041 47 29 for
1490 1040 41 29 all
1547 1039 90 28 kinds
1654 1035 34 30 of
1698 1033 214 41 Engineering
1926 1032 63 29 and
2000 1028 93 40 Cycle
2106 1027 95 30 work.

1335 1093 126 24 SPECIAL
1475 1090 176 24 ATTENTION
1668 1089 90 21 GTV&Tx
1777 1087 37 21 TO
1828 1084 141 23 COUNTRY
1985 1081 123 22 OEDEES.

1173 1134 292 34 RacinsMachines
1490 1132 60 29 and
1573 1130 99 39 Light
1694 1126 167 32 Roadsters
1877 1136 18 18 a
1910 1122 156 41 specialty,
2109 1117 217 41 tfoimported

1173 1178 155 31 machines
1343 1176 75 39 kept
1431 1176 32 29 in
1480 1173 98 31 stock.
1588 1164 50 38 -all!
1651 1169 87 32 work
1752 1169 79 29 done
1846 1177 40 20 on
1900 1166 54 29 the
1976 1172 157 32 premises.
2185 1162 31 28 A
2240 1162 86 36 large

1202 1220 89 30 stock
1305 1218 35 31 of
1350 1219 125 37 Lamps,
1488 1215 93 33 Bells,
1597 1213 62 30 and
1676 1211 127 32 Saddles
1818 1220 40 19 on
1872 1207 84 30 hand
1971 1209 31 26 at
2016 1208 113 27 reciiice
2141 1203 130 39 dpnees.

1302 1298 117 87 E.
1488 1293 132 87 H.
1678 1281 513 96 PARISH

1447 1430 198 61 EAST
1693 1425 325 64 OXFORD

1397 1518 77 30 has
1490 1512 189 35 received
1698 1521 24 22 a
1738 1509 294 40 consignment
2048 1505 43 31 of

1173 1570 298 57 Messrs
1529 1565 418 58 Johnsons
1999 1556 68 59 &
2126 1556 201 57 Sons

1347 1649 266 58 GREAT
1674 1637 450 64 YARMOUTH

1237 1739 226 89 OIL
1545 1726 693 96 CLOTHING

1353 1865 336 53 ENORMOUS
1750 1862 389 46 REDUCTIONS

1171 1987 81 26 mHE
1270 1985 115 31 question
1396 1983 22 25 is
1429 1979 134 27 natural—
1666 1976 61 26 send
1742 1978 26 23 to
1780 1974 177 27 Christcburch
1976 1973 39 25 for
2032 1980 63 24 your
2112 1973 131 31 Drapery?
2277 1972 52 25 The

1177 2004 20 42 1
1235 2021 103 27 drapery
1350 2017 54 26 sold
1411 2017 27 23 in
1447 2014 56 25 tbat
1515 2013 50 31 city
1577 2019 72 24 every
1661 2018 46 18 one
1719 2010 94 28 knows,
1825 2008 23 24 is
1859 2008 45 24 not
1915 2006 72 26 made
1998 2007 77 27 there,
2093 2004 47 26 but
2150 2006 131 31 imported.
2315 2006 15 24 I

1172 2055 93 28 import
1276 2053 65 24 frora
1352 2050 45 25 the
1407 2049 54 25 best
1472 2045 108 32 English
1591 2044 51 26 and
1658 2044 89 26 Scotch
1759 2043 99 24 houses.
1904 2040 72 25 lam
1987 2039 106 26 enabled
2103 2041 26 24 to
2140 2040 123 30 purchase
2281 2039 48 25 low

1171 2088 50 26 and
1231 2086 46 26 sell
1288 2087 27 23 at
1324 2093 16 16 a
1350 2086 54 22 rate
1416 2081 26 25 of
1451 2079 74 33 profit
1538 2079 53 33 (my
1603 2084 119 25 expences
1733 2076 73 31 being
1816 2073 82 32 small)
1911 2074 57 24 that
1979 2073 83 25 would
2073 2072 30 25 be
2121 2072 146 25 considered
2286 2072 42 25 ab-

1171 2121 59 26 surd
1241 2120 33 27 by
1289 2126 48 21 any
1357 2112 180 30 Christchurch
1560 2108 200 29 establishment.
1811 2107 45 31 My
1877 2107 77 26 Stock
1972 2105 22 25 is
2013 2105 43 25 the
2076 2105 94 32 largest
2189 2104 50 26 and
2260 2107 69 23 most

1171 2154 94 27 tvaried
1275 2152 57 26 that
1341 2151 47 24 has
1399 2156 57 18 ever
1465 2149 64 23 been
1540 2145 88 26 shown
1637 2144 28 24 in
1676 2142 44 26 the
1731 2141 104 29 district,
1848 2139 50 26 and
1909 2140 38 25 for
1957 2138 93 33 quality
2070 2138 49 26 and
2138 2138 72 25 value
2227 2140 59 31 puts
2303 2138 27 26 in

1171 2190 31 23 he
1214 2187 78 26 shade
1308 2184 77 33 goods
1396 2181 92 26 offered
1498 2180 34 31 by
1543 2178 104 31 visiting
1658 2175 117 26 hawkere
1787 2178 62 21 from
1861 2173 44 26 the
1922 2171 183 28 Christchurch
2116 2180 46 24 rag
2173 2174 89 23 marts.

1165 2239 1 15 1
1204 2242 94 25 Dress
1309 2237 166 30 Materials,
1488 2234 88 26 Plain
1587 2232 61 26 and
1658 2231 103 30 Fancy
1773 2230 80 24 from
1865 2227 50 26 3d.
1928 2232 55 26 per
1990 2227 86 30 yard.

1204 2300 27 27 A
1247 2299 110 29 Strong
1373 2297 89 25 Stout
1477 2295 133 24 Durable
1628 2290 126 30 Kaiapoi
1771 2286 113 28 Tweed
1900 2285 52 34 2/6
1963 2291 56 26 per
2030 2285 75 32 yard

1801 2331 109 25 Makes
1921 2330 156 25 first-class
2094 2327 95 32 Boys'.
2203 2326 91 28 Suits.

1204 2396 58 25 Art
1277 2392 141 29 Muslins,
1436 2387 158 31 Cretonesi
1613 2385 79 26 Lace
1710 2384 139 26 Curtains
1867 2381 55 25 &c.

1205 2465 26 31 A
1249 2462 110 27 Choice
1376 2458 168 27 Collection
1561 2457 34 25 of
1609 2455 121 30 Gloves,
1755 2452 79 31 Ties,
1864 2450 130 31 Aprons,
2023 2448 167 26 Insertions
2206 2447 56 26 &c.

1206 2515 120 32 Striped
1343 2512 124 26 Galatea
1483 2509 55 33 4/6
1550 2514 54 26 per
1615 2509 107 28 dozen,
1752 2505 103 25 worth
1865 2505 50 25 9d.
1933 2509 56 26 per
2004 2502 85 31 yard.

1205 2579 103 26 Prints
1319 2577 80 24 from
1411 2575 52 24 4d.
1475 2578 56 27 per
1541 2571 85 32 yard.
1639 2570 139 29 Muslins,
1791 2568 140 30 Selesias,
1944 2565 125 31 Calicos,
2084 2564 55 25 &c.

1790 2611 87 27 With
1894 2610 88 25 other
1999 2609 193 25 Manchester
2208 2608 87 29 lines.

1205 2676 88 31 Hats,
1312 2674 102 30 Fancy
1432 2672 60 24 and
1508 2670 107 30 Sailor,
1633 2669 32 24 in
1681 2666 104 27 White
1802 2666 61 24 and
1880 2663 116 27 Colors.

1748 2709 127 27 Newest
1891 2707 123 32 Shapes.
2049 2705 97 32 Large
2163 2705 132 32 Variety,

1204 2773 150 30 Flowers,
1370 2769 156 29 Feathers,
1544 2765 149 30 Ribbons,
1711 2763 106 31 Laces,
1835 2761 75 31 Jets,
1929 2760 56 25 &c.

1677 2804 87 26 With
1780 2805 42 22 all
1837 2802 185 23 necessaries
2039 2800 49 23 for
2103 2798 191 28 Trimmings.

1204 2864 104 29 Fancy
1323 2860 140 29 Frillings
1481 2857 78 32 3yds
1570 2857 48 24 for
1627 2855 36 33 1/-
1681 2854 102 26 worth
1794 2853 50 30 9d,
1862 2857 55 26 per
1928 2852 83 30 yard,

1740 2897 182 31 Umbrellas,
1941 2895 151 30 Parasols,
2110 2892 183 30 Sunshades,

1349 2967 54 12 •^<*>
1420 2966 40 13 mrm
1484 2965 35 13 »w
1609 2962 33 12 **
1730 2961 17 12 w
1749 2969 4 6 >
1754 2961 12 11 m
1792 2961 17 11 **
1815 2961 13 11 w
1914 2965 40 7 ~~~
2107 2956 30 12 jm

1320 3001 332 49 SPECIAL
1738 2996 423 45 PURCHASE

1172 3080 110 36 BOYS
1315 3078 89 32 AND
1433 3073 174 34 YOUTHS
1645 3068 217 36 COLONIAL
1893 3066 156 33 TWEED
2074 3066 253 34 OVERCOATS

1655 3133 78 33 with
1754 3131 97 42 Capes

1448 3200 94 30 From
1564 3199 66 30 17s.
1674 3194 51 32 6d.
1769 3193 102 33 worth
1913 3193 67 31 255.
2026 3190 50 31 6d.

1325 3267 196 35 Men's
1551 3262 239 34 /Tweed
1833 3260 349 40 Qyerooats

1646 3316 96 29 From
1764 3316 66 27 15s.

1172 3494 133 42 English
1320 3496 127 41 Witney
1456 3494 149 31 Blankets
1620 3496 33 27 to
1668 3492 37 30 be
1721 3492 67 31 sold
1802 3495 33 26 at
1846 3492 58 30 less
1912 3492 78 29 than
2004 3490 182 31 Melbourne
2198 3489 130 32 Whole-

1173 3548 63 31 sale
1257 3549 84 42 price
1343 3567 40 4 —
1383 3548 121 32 Double
1518 3546 69 31 Bed
1603 3545 68 32 Size
1694 3546 65 29 12s.
1784 3544 50 31 6d.
1884 3543 101 31 worth
2001 3544 66 30 16s.
2105 3542 50 31 6d.
2176 3553 56 30 per
2246 3544 77 40 pair.

1340 3621 131 40 cheaper
1484 3619 77 30 than
1576 3612 225 36 Christchurch
1815 3615 113 31 houses
1942 3615 64 31 will
2021 3614 58 32 sell
2091 3615 96 32 them.

1165 3711 307 110 |MISSES'
1531 3709 254 84 CAPES
1808 3706 96 82 '&
1962 3709 361 84 JACKETS

1231 3826 86 48 The
1329 3815 62 58 tt«
1392 3827 107 47 west
1528 3821 155 61 Shapes
1702 3821 108 49 from
1830 3819 98 59 3/6*
1940 3822 142 48 worth
2100 3821 167 50 double.

1175 3942 523 105 PRINTS!
1742 3948 490 91 PKUSTTS
2257 3948 64 91 !!

1252 4089 141 52 Mm
1410 4085 153 51 landed
1707 4083 185 50 Edward
1912 4083 202 53 Bsimrtts
2133 4085 117 51 $tsok

1165 4433 1 33 :
1220 4433 177 36 R.H.
1434 4427 313 44 PARISH,
1804 4428 156 35 Eait
2006 4429 260 44 Oxford.

607 524 267 47 GEORGE
906 522 236 46 KEATS.

632 601 158 25 BUILDEK
800 600 69 25 AND
882 598 238 25 UNDERTAKER

710 654 104 32 EAST
856 653 179 31 OXFORD.

640 747 121 26 Funerals
770 745 150 28 Conducted,
933 739 161 34 Adusftl.fr.bin
1105 743 38 25 £3

608 793 114 25 Children
741 790 65 25 from
825 789 68 32 22/0.

710 1033 214 29 Established
949 1030 86 28 1862.

656 1098 123 29 FLOUR,
791 1098 56 24 best
857 1095 81 26 brand
948 1094 59 32 only
1019 1093 67 32 kept.

608 1142 143 28 SHARPS,
787 1139 205 28 OATMEAL,
1028 1137 110 25 BRAN

698 1185 151 28 CHICKEN
853 1183 135 28 WHEAT,
1007 1183 42 25 &c.

619 1232 54 19 -AT
701 1228 122 22 LOWEST
852 1227 140 21 CURRENT
1021 1225 103 23 HATES,

649 1377 19 4 ..
698 1339 134 47 F.'B.
855 1336 189 56 LANE.
1080 1331 4 8 '

713 1413 89 43 (Late
818 1415 38 29 E.
876 1413 159 38 Butcher.)
1150 1401 2 54 j

610 1475 248 34 Watchmaker,
888 1472 182 34 Jeweller,
1088 1470 52 30 &c.

607 1528 124 31 Importer
765 1526 35 24 of'
832 1522 106 27 Musical
973 1517 169 41 Instruments

706 1564 120 25 Victoria-
839 1562 38 26 St.
907 1561 134 31 Rangiora.

609 1655 99 32 Special
719 1654 71 25 value
812 1652 28 24 in
863 1651 80 24 Extra
966 1652 86 28 strong
1064 1647 84 25 Cased,

608 1699 88 32 highly
704 1696 108 27 finished
826 1695 109 31 English
952 1694 80 24 Lever
1040 1691 103 26 Watch-

609 1751 34 15 es.
689 1740 191 25 Manufactured
897 1740 29 23 to'
945 1746 43 21 my
1017 1736 71 26 order
1110 1735 33 31 by

608 1783 55 25 best
675 1782 104 25 London
797 1778 108 26 makers.
939 1775 157 33 Unequalled
1105 1773 38 26 for

609 1825 122 26 excellent
745 1822 177 31 Timekeeping
938 1821 50 24 and
999 1818 142 32 durability.

641 1870 30 24 F.
689 1869 31 24 B.
732 1866 96 27 LANE
842 1864 138 34 personally
1002 1863 71 25 visits
1094 1862 48 24 Ox-

608 1914 55 24 ford
682 1911 125 32 monthly,
831 1909 114 32 carrying
965 1917 15 16 a
1002 1907 68 32 large
1093 1906 50 25 and

609 1956 85 26 choice
727 1954 71 26 stock
826 1953 27 25 of
884 1952 127 27 Watches,
1024 1977 2 3 .
1040 1950 102 28 Chains,

609 1999 134 27 Brooches,
747 1998 93 31 -Rings,
852 1996 84 27 Studs,
954 1994 129 25 Pendants
1095 1995 46 27 etc,

610 2043 142 33 Spectacles
772 2040 124 33 (Pebbles,
913 2036 230 33 Pantoscopsc.and

609 2087 108 32 Crystal)
731 2084 109 29 Clocks,.,
846 2083 107 33 (Marble
973 2081 51 24 and
1042 2080 101 32 Wood,)

708 2127 156 27 Accordeons
875 2126 51 25 and
936 2124 107 26 Violins.
1150 2116 2 40 j

641 2174 81 25 Exaet
734 2172 57 25 date
803 2171 27 25 of
840 2170 66 26 each'
912 2170 61 25 visit
995 2168 22 25 is
1028 2166 106 26 notified

756 2215 28 26 in

608 2262 115 24 Repairs.
725 2272 31 5 —
759 2258 41 26 All
810 2258 94 32 repairs
921 2265 43 15 are
981 2255 119 24 executed
1110 2254 31 31 by

607 2304 92 32 myself
720 2311 28 17 or
764 2302 79 24 under
859 2308 44 23 my
922 2297 221 34 superintendence

608 2356 27 16 so
658 2347 55 25 that
732 2347 103 30 patrons
846 2351 48 18 can
915 2344 53 31 rely
990 2349 33 18 on
1046 2340 98 33 getting
1150 2354 2 28 j

609 2391 155 25 satisfaction
771 2391 28 22 at
810 2387 44 26 the
865 2394 58 24 very
934 2386 87 25 lowest
1029 2384 112 32 charges.
1150 2382 2 27 !

642 2434 111 32 Repairs,
758 2441 27 17 or
794 2432 84 26 orders
886 2438 55 24 maj
941 2430 45 25 'be
993 2429 46 26 left
1050 2429 27 24 at
1077 2443 33 4 —

609 2484 26 25 J.
654 2483 134 28 Weeber's,
823 2481 64 24 East
910 2479 101 25 Oxford,

609 2529 27 23 at
658 2526 41 28 W.
722 2525 37 26 M.
782 2522 39 30 C,
844 2524 65 25 East
933 2521 101 26 Oxford.

609 2570 25 25 J.
651 2570 100 28 Brown,
764 2566 159 30 Bootmaker,
948 2565 70 25 West
1042 2562 101 27 Oxford.

609 2613 40 25 W.
662 2613 25 25 3.
700 2612 118 26 Crothers
828 2612 18 23 &
859 2610 45 25 Co.
912 2628 6 6 .
940 2608 70 26 Oust.

642 2657 49 25 and
708 2655 52 26 will
766 2655 31 24 be
807 2652 127 33 promptly
945 2651 119 26 attended
1075 2652 35 24 to.

612 2700 54 32 All
676 2699 99 33 Work
786 2699 78 30 done
875 2707 40 21 on
929 2697 54 30 the
993 2695 151 31 Premises

732 2751 62 29 and
809 2747 198 42 guaranteed.

609 2918 92 40 MR
722 2916 64 43 W.
812 2915 51 42 N.
887 2911 264 56 CATHRO,,

651 2988 181 25 BARRISTER
846 2987 68 23 AND
929 2985 174 24 SOLICITOR.

760 3030 232 33 RANGIORA.

607 3086 132 31 Attends
755 3084 122 32 Oxford
891 3094 40 20 on
942 3083 97 31 Court
1046 3081 97 41 Days.

607 3160 167 26 Instructions
782 3158 34 33 by
826 3158 57 33 post
894 3156 52 27 will
957 3156 92 26 receive
1061 3161 82 26 prom-

771 3200 29 30 pt
828 3196 132 26 attention.

728 3247 108 21 MONEY
863 3246 38 21 TO
929 3245 89 21 LEND.

657 3370 46 54 S.
736 3370 49 44 B.
808 3365 306 52 SEYMOUR,

806 3434 139 27 DENTIST,
964 3438 6 17 f

649 3480 41 21 215
705 3478 104 23 Colombo
824 3478 82 23 Street,
929 3475 168 23 Chriatchurch.

778 3552 179 22 CHARGES:—

676 3596 93 26 Filling,
784 3594 24 21 5k
816 3602 7 17 ;
858 3593 134 22 Extraction
1001 3593 25 21 2s
1040 3591 37 22 6d.

635 3661 94 22 Nitrous
739 3659 60 21 Oxid
808 3659 46 21 Gas
864 3658 170 22 Administered
1038 3657 38 21 for
1082 3657 63 21 Pain

607 3705 46 20 less
663 3702 133 22 Extraction
806 3702 24 20 of
838 3701 81 21 Teeth.
953 3701 46 20 Fee
1007 3700 37 21 for
1053 3699 92 21 Admin-

607 3742 111 21 istration
728 3741 32 20 ss.

665 3887 108 26 CHILD
784 3885 109 26 BIRTH
905 3885 96 30 SAFE,
1014 3884 75 25 AND

714 3929 141 26 ALMOST
861 3927 173 26 PAINLESS

610 3972 91 69 BY
745 3972 75 31 using
855 3971 48 25 DR
948 3969 197 27 FAWCETT'S

711 4005 131 26 Medicine.

641 4049 72 26 MRS
735 4048 166 25 BURRELL
922 4047 60 33 begs
1004 4049 28 24 to
1053 4047 91 25 inform

609 4087 43 25 the
662 4086 92 27 Ladies
765 4086 57 25 that
830 4086 45 25 she
883 4086 48 25 has
938 4085 64 26 been
1011 4084 132 33 appointed

608 4127 58 25 Sole
685 4127 74 31 agent
780 4125 28 25 in
831 4124 178 27 Christohurch
1035 4124 39 26 for
1100 4124 44 26 the

608 4165 77 25 above
696 4163 124 26 Medicine
831 4165 27 23 to
872 4163 118 25 facilitate
1003 4162 140 26 Accouche-
1150 4169 2 19 !

607 4207 88 23 ments.
729 4203 90 26 Ladies
830 4210 48 18 can
899 4202 32 26 be
950 4202 115 33 supplied
1083 4202 61 26 with

607 4245 42 24 the
672 4243 75 26 above
768 4241 34 33 by
825 4240 106 34 sending
953 4249 29 17 or
1003 4241 93 33 calling
1117 4242 28 24 »t

598 4276 204 44 'fltil+Bva^a'i
812 4278 183 40 Pholtogf«fpiijo
1016 4280 72 35 place
1118 4281 29 26 of

605 4325 124 25 business.
740 4322 107 38 Gpuld^s
868 4322 141 33 Buildings,
1031 4321 112 28 Victoria

604 4402 98 29 mation
728 4408 48 19 ctn
802 4400 31 27 be
860 4399 119 29 obtained
1005 4399 59 31 free,
1092 4399 51 28 and

603 4435 119 42 perfectly
731 4444 12 11 ''
749 4438 171 35 •■Satisfactory
929 4430 4 8 '
946 4433 56 32 'and
1034 4438 109 34 genuine

603 4475 168 41 t^nwo^lfl
780 4482 49 27 csto
838 4477 34 27 be
881 4481 68 27 seei^.
962 4481 20 22 V
1059 4506 16 6 _

188 3104 252 47 -STOTICB.

38 3206 102 46 Job
158 3206 256 60 Printing!

214 3277 101 45 Job
337 3278 243 56 Printing

83 3340 174 30 OXFORD
314 3339 224 33 OBSERVER

124 3391 161 40 Machine
315 3392 180 52 Printing-

221 3444 167 44 WORKS

108 3505 88 26 MAIN
209 3506 143 31 STKEET,
363 3507 149 27 OXFORD.

107 3585 128 47 Tj^INE
288 3587 213 37 X>RINTING

111 3660 35 30 In
160 3660 73 41 Any
247 3660 127 42 Variety
389 3673 35 20 or
442 3662 95 38 Style*

45 3711 304 39 MEMORAL
376 3704 205 49 CAkDS

69 3763 52 40 (in
137 3774 69 20 new
220 3763 61 30 and
296 3763 106 32 chaste
416 3765 139 40 designs)

223 3808 44 41 5/-
278 3820 57 30 per
358 3811 67 30 doz.

126 3876 175 31 Statement
318 3878 115 35 Heads,

125 3917 71 30 Ball
210 3918 224 39 Programmes.

127 3958 134 36 Posters,
276 3959 178 37 Handbills,

125 3999 168 37 Billheads,
316 4001 140 40 Cheques

128 4041 106 30 Letter
248 4041 59 30 and
318 4041 88 35 Note..
410 4043 108 30 Heads

127 4081 167 36 Circulars,
317 4082 119 36 Menus,

128 4122 192 41 Catalogues,
337 4125 54 29 &c.
403 4123 75 40 ,&c,
502 4124 57 32 &c.

41 4181 91 40 Mew
146 4181 122 50 Styles
281 4181 39 39 in
334 4181 160 53 Visiting
494 4194 4 12 1
510 4184 70 40 and

134 4259 12 12 •
160 4245 166 42 Business
341 4245 116 41 Cards.
473 4266 5 3 ■
513 4262 63 37 -■■■/■

38 4356 40 34 B.
101 4355 55 31 H..
165 4354 121 36 Parish,
344 4353 198 43 Pppprietor.'

122 4389 455 70 The^E^E!ST':STl|is

31 4463 38 32 in
82 4443 496 59 TYP#ia^OJl]^|S*a
