2550 4020
1230 36 100 31 THE

60 91 462 132 NEW
626 93 882 132 ZEALAND
1614 96 861 137 GAZETTE

1221 256 101 32 AND

60 288 1150 166 WELLINGTON
1325 288 1150 166 SPECTATOR.

595 475 222 37 PUBLISHED
864 476 132 37 EVERY
1040 476 260 38 WEDNESDAY
1343 476 88 37 AND
1478 476 228 38 SATURDAY
1752 478 207 37 MORNING.

546 590 131 36 POST
704 590 289 38 NICHOLSON,
1015 591 309 33 WEDNESDAY
1347 592 241 39 MORNING,
1612 595 222 32 OCTOBER
1858 599 29 32 6,
1913 599 90 29 184
2002 590 2 41 L

2293 596 98 40 [Vol.
2413 597 49 31 11.

81 590 61 31 No.
167 590 66 38 78.]

242 682 205 23 TO-MORROW.

49 716 102 28 Highly
174 716 154 27 important
355 717 62 21 Sale
449 717 31 21 of
504 717 79 21 Land
610 719 29 19 at

289 743 109 21 Petoni.

47 776 128 50 HORT,
187 776 336 29 MOCATTA,andCO.,have
535 777 105 22 received

132 804 146 22 instructions
292 807 23 18 to
333 804 55 22 offer
404 804 36 22 for
457 804 75 28 public
550 812 89 18 compe-

46 830 72 26 tition,
129 837 29 15 on
164 830 118 27 Thursday
295 834 62 24 next,
370 834 23 19 at
400 831 87 27 Petoni,
497 833 28 20 49
534 831 104 22 valuable

46 857 128 22 allotments
183 857 27 22 of
213 856 67 29 -land,
291 858 70 27 being
369 861 52 25 part
438 858 26 22 of
481 858 96 22 number
586 858 13 22 7
609 865 29 15 on

46 884 37 22 the
107 884 251 28 Surveyor-General's,
371 893 59 19 map,
442 885 60 21 -and
522 885 118 27 adjoining

47 910 92 23 Colonel
151 911 106 22 Torrens'
274 914 114 25 property,
399 912 74 21 which
491 919 45 15 was
555 912 83 21 chosen
647 917 2 24 j

45 938 30 26 by
83 937 39 22 the
131 941 68 23 agent
207 937 36 22 for
252 938 56 22 land
323 938 66 22 order
397 939 97 21 number
508 939 21 21 2.
566 938 72 22 These
647 934 2 25 i

47 960 125 26 allotments
183 965 93 21 contain
286 972 14 14 a
310 968 91 24 quarter
417 966 25 20 of
457 972 29 14 an
503 972 51 15 acre
575 965 61 27 each,

47 990 45 23 and
99 990 56 23 have
166 998 15 15 a
189 998 56 20 very
256 991 114 22 extended
379 992 110 26 frontage,
503 991 54 28 they
567 999 37 14 are
614 992 24 21 in

47 1025 67 20 every
127 1021 86 24 respect
230 1018 126 27 admirably
369 1018 101 28 .adapted
485 1018 35 22 for
535 1018 104 27 building

46 1051 104 21 purposes
159 1053 6 19 ;
181 1052 43 14 nor
234 1045 66 21 could
311 1052 13 14 a
334 1045 73 21 better
417 1045 40 21 site
466 1045 28 21 be
505 1044 83 22 chosen
604 1045 35 21 for

47 1072 36 21 the
101 1072 99 21 erection
211 1071 27 22 of
256 1079 14 14 a
283 1071 89 27 village,
391 1071 38 22 the
445 1072 54 21 land
511 1072 71 26 being
598 1079 41 14 en-

46 1098 64 27 tirely
129 1098 45 22 free
188 1098 59 22 from
266 1098 89 27 timber,
366 1098 47 22 and
430 1099 162 27 consequently
608 1105 30 15 no

48 1132 96 19 expence
153 1124 76 23 would
238 1125 30 22 be
277 1125 108 22 incurred
393 1126 25 21 in
432 1125 107 27 clearing.

72 1152 33 21 To
124 1152 64 21 small
206 1152 94 21 farmers
320 1152 38 21 the
377 1155 92 24 present
492 1152 146 27 opportunity

48 1178 63 22 offers
122 1178 153 22 considerable
283 1178 165 28 inducements,
465 1186 25 14 as
508 1179 38 21 the
563 1178 40 22 soil
619 1186 19 14 is

48 1204 63 28 good.

73 1232 48 22 The
130 1232 44 22 sale
184 1232 46 22 will
241 1232 52 22 take
302 1232 64 24 place
377 1235 24 19 at
419 1232 104 22 Garrod's
539 1232 97 28 Tavern,

49 1266 26 14 on
85 1259 39 21 the
132 1259 56 21 road
204 1263 23 17 to
242 1259 38 22 the
299 1259 68 28 Hutt,
387 1260 74 22 where
477 1259 161 23 refreshments

49 1286 43 22 will
101 1286 28 21 be
137 1286 116 27 provided.

74 1312 48 22 The
141 1315 75 25 terms,
238 1313 76 22 which
330 1320 38 15 are
386 1313 147 27 exceedingly
551 1312 87 28 liberal,

50 1339 44 23 will
102 1339 28 22 be
138 1340 67 21 made
214 1339 85 23 known
309 1343 23 19 at
341 1340 54 22 time
406 1341 25 21 of
443 1340 53 22 sale.

76 1366 23 21 A
107 1373 50 20 map
168 1366 27 21 of
205 1366 38 22 the
252 1366 56 22 land
318 1374 52 20 may
379 1367 29 21 be
419 1374 52 15 seen
486 1369 24 19 at
523 1367 115 21 Garrod's.

196 1411 71 21 New
276 1411 124 21 Zealand
409 1413 78 19 Flax.

52 1444 85 49 FOR
142 1444 86 26 SALE,
238 1451 14 14 a
257 1444 113 28 machine,
380 1452 25 14 or
414 1445 51 27 plan
475 1446 26 21 of
507 1453 13 14 a
527 1445 111 27 machine,

108 1471 34 21 for
151 1470 103 28 dressing
269 1470 58 23 New
341 1471 100 22 Zealand
454 1472 57 28 flax;
527 1480 15 14 a
555 1472 84 28 sample

51 1498 25 22 of
89 1497 68 23 which
166 1505 52 20 may
228 1498 29 21 be
268 1505 52 14 seen
332 1501 23 18 at
368 1498 46 22 this
428 1499 77 22 Office.
534 1499 49 22 The
592 1507 48 14 ma-

52 1524 64 23 chine
127 1524 76 22 driven
212 1524 32 28 by
254 1532 43 14 one
307 1532 60 20 man,
377 1526 19 21 is
403 1526 91 27 capable
506 1526 25 22 of
539 1526 101 26 dressing

52 1554 40 20 100
100 1551 84 28 pounds
198 1552 25 21 in
238 1554 40 19 ten
287 1551 75 27 hours,
375 1552 46 21 and
430 1560 41 14 can
486 1553 26 21 of
523 1560 79 14 course
610 1553 29 21 be

52 1578 112 23 increased
173 1581 23 18 to
212 1585 47 21 any
268 1581 100 25 amount,
379 1579 31 27 by
421 1579 36 22 the
474 1580 37 22 aid
526 1580 27 21 of
564 1582 74 24 water,

53 1613 23 14 or
85 1609 67 18 steam
162 1612 83 21 power.

80 1638 82 22 Should
176 1638 44 22 this
237 1642 61 18 meet
314 1639 39 21 the
369 1639 68 22 views
454 1640 26 21 of
494 1647 45 20 any
559 1640 27 21 of
602 1639 38 22 the

52 1665 144 28 enterprising
212 1665 107 23 colonists
336 1666 26 22 of
373 1666 55 22 Port
442 1666 132 28 Nicholson,
586 1666 55 27 they

52 1700 51 18 may
113 1699 75 15 secure
205 1700 12 14 a
233 1692 99 23 fortune.
361 1693 56 27 Any
426 1694 106 27 inquiries
550 1693 90 22 address

52 1723 22 17 to
85 1720 26 21 11.
123 1719 26 21 A.
162 1719 39 27 H.,
212 1722 23 19 to
247 1719 37 22 the
295 1727 51 15 care
356 1720 27 22 of
394 1721 99 21 William
504 1721 134 26 Robertson,

52 1747 157 21 Chronometer
243 1746 89 28 Maker,
360 1747 144 28 Kororarika,
534 1747 48 28 Bay
617 1748 27 21 of

54 1773 89 27 Islands,
155 1773 55 22 New
221 1773 109 22 Zealand.

304 1820 82 21 Pork.

54 1852 70 49 ON
134 1853 84 27 SALE,
230 1856 24 19 at
263 1853 37 22 the
311 1855 75 20 Stores
397 1853 24 23 of
434 1854 37 21 the
481 1853 157 28 undersigned,

128 1881 12 20 3
155 1883 51 19 tons
221 1881 28 21 of
268 1881 102 22 Colonial
387 1882 63 27 pork,
461 1889 29 14 ex
506 1882 60 25 Sally
583 1882 55 27 Ann,

52 1907 22 21 in
85 1907 61 21 small
155 1907 121 28 packages.

316 1935 37 21 W.
369 1935 25 22 B.
411 1935 95 22 Rhodes
516 1936 46 21 and
573 1936 37 21 Co.

79 1961 95 21 October
182 1962 21 25 4,
214 1962 62 21 1841.

172 2006 136 20 Southern
323 2006 82 21 Cross
424 2006 91 21 Hotel.

54 2037 93 48 FJ.
163 2037 134 22 FRANCE'
303 2037 54 28 begs
367 2041 23 18 to
401 2039 105 26 acquaint
515 2038 39 22 the
563 2039 76 26 public

139 2063 45 23 and
200 2063 89 23 visitors
304 2069 23 17 to
344 2065 54 21 Port
415 2065 122 22 Nicholson
553 2068 49 19 that
610 2065 29 22 he

52 2091 38 21 has
100 2098 47 14 now
157 2091 88 26 opened
254 2091 35 21 his
301 2092 108 28 premises
420 2099 23 15 as
453 2100 29 14 an
495 2092 62 22 hotel
565 2101 5 19 ;
586 2093 52 25 and,

54 2117 80 27 having
141 2117 111 28 imported
263 2118 29 22 all
302 2119 35 21 his
351 2126 49 14 own
416 2120 74 27 wines,
502 2119 81 28 spirits,
594 2119 46 22 and

54 2145 54 21 malt
123 2145 88 27 liquors,
229 2144 30 22 he
275 2152 41 15 can
337 2146 138 27 confidently
494 2147 146 21 recommend

55 2171 58 22 them
123 2178 21 15 as
153 2171 67 28 being
229 2171 40 23 the
276 2172 49 22 best
335 2173 23 21 in
369 2173 38 22 the
419 2173 91 28 Colony.
539 2174 101 22 Dinners

54 2201 36 24 got
99 2206 29 19 up
137 2205 28 15 on
176 2198 36 22 the
224 2199 97 22 shortest
330 2200 82 22 notice.

227 2245 131 21 Barrett's
373 2246 91 21 Hotel.

56 2277 99 53 JOHN
182 2277 107 23 WATTS
313 2278 56 28 begs
388 2282 22 18 to
428 2279 103 23 intimate
555 2282 24 20 to
602 2279 37 23 the

115 2307 78 25 gentry
202 2305 45 22 and
257 2305 139 23 inhabitants
406 2306 25 22 of
437 2306 146 28 Wellington,
591 2307 50 22 that

116 2332 21 21 in
156 2332 136 27 succeeding
310 2333 46 21 Mr.
377 2333 67 22 Hunt
463 2333 24 22 in
507 2333 38 23 the
569 2335 71 21 above

56 2358 167 28 establishment,
241 2359 29 21 he
285 2363 69 19 trusts
370 2359 29 23 he
418 2360 45 22 will
478 2361 52 26 give
548 2361 91 27 general

56 2386 137 27 satisfaction,
205 2386 45 22 and
259 2386 67 22 merit
335 2387 76 28 public
421 2388 155 27 approbation,
586 2389 30 26 by
626 2396 14 14 a

56 2412 76 22 careful
142 2413 45 21 and
200 2413 114 28 judicious
324 2413 106 23 selection
443 2415 25 21 of
476 2415 77 22 choice
563 2415 75 28 wines,

56 2439 75 28 spirits,
141 2440 40 21 &c.

82 2466 52 22 N.B.
163 2467 59 22 Well
238 2467 63 23 aired
316 2468 63 23 beds.
409 2469 39 22 An
457 2469 106 28 ordinary
581 2469 59 28 daily

57 2496 21 18 at
85 2495 14 19 2
108 2501 42 15 p.m.

82 2520 137 28 Wellington,
231 2521 131 28 September
374 2523 32 27 16,
419 2524 60 21 1841.

194 2567 174 27 Wellington
383 2568 113 21 Tavern.

58 2599 161 48 EDWARD
247 2601 99 22 DAVIS
374 2601 54 28 begs
451 2604 23 20 to
497 2603 86 22 inform
605 2603 35 22 his

130 2626 81 23 friends
221 2627 45 22 and
277 2628 38 22 the
323 2628 77 27 public
409 2630 22 20 in
443 2630 98 27 general,
555 2630 48 22 that
612 2631 29 21 he

57 2652 39 22 has
109 2653 84 28 opened
209 2653 38 23 the
257 2655 139 28 Wellington
409 2656 96 28 Tavern,
516 2657 126 22 Lambton-

58 2687 62 20 quay,
130 2681 71 22 where
211 2681 54 28 they
275 2682 43 22 will
334 2683 48 21 find
390 2690 13 15 a
413 2683 77 22 choice
501 2684 107 22 selection
619 2685 26 22 of

57 2706 80 23 bottled
149 2707 34 22 ale
193 2708 45 22 and
247 2712 83 25 porter,
341 2710 75 27 spirits
426 2710 44 22 and
477 2712 70 21 wines
562 2712 26 21 of
594 2712 50 22 first

57 2737 45 18 rate
113 2735 89 27 quality.

84 2766 81 25 N.B.
167 2768 66 23 Good
242 2770 87 22 Burton
339 2770 43 28 ale,
394 2771 40 23 &c.
446 2772 40 22 &c.

84 2801 20 21 A
111 2803 99 28 quantity
215 2803 27 22 of
247 2804 85 27 garden
340 2805 70 27 seeds,
419 2805 37 22 the
464 2805 99 28 produce
570 2806 26 23 of
603 2806 38 23 the

59 2827 87 29 Colony,
157 2829 35 22 for
202 2830 52 22 sale.

59 2873 168 48 NOTiCE.
227 2876 7 14 IPersons1
235 2876 96 23 Persons
337 2877 99 23 desirous
445 2878 25 21 of
473 2878 171 27 beingmarried

134 2901 29 27 by
174 2902 38 23 the
221 2903 57 22 Rev.
289 2904 62 22 John
361 2904 138 27 M'Farlane,
510 2905 48 22 first
565 2906 79 22 minis-

60 2929 32 19 ter
101 2927 24 22 of
134 2928 36 22 the
178 2930 81 22 Scotch
268 2930 89 23 Church
365 2932 26 22 in
407 2931 56 23 New
480 2932 108 27 Zealand,
606 2940 38 15 are

60 2955 110 26 requested
180 2959 23 19 to
212 2958 93 26 register
315 2958 59 23 their
388 2966 78 15 names
480 2959 55 22 with
548 2959 39 22 the
601 2967 43 15 un-

61 2981 109 27 dersigned
179 2986 23 19 at
209 2984 67 22 latest
284 2984 38 23 the
332 2985 113 28 Saturday
454 2986 105 26 previous
572 2989 23 19 to
605 2987 39 21 the

61 3013 118 24 ceremony,
190 3010 24 22 in
225 3011 64 22 order
297 3014 23 20 to
327 3013 164 27 proclamation
498 3013 25 21 of
530 3013 74 23 banns
614 3021 30 15 on

61 3034 95 24 Sabbath.
186 3036 95 24 Persons
290 3038 47 22 also
345 3039 100 23 desirous
456 3040 26 21 of
492 3039 86 28 having
587 3041 58 22 their

64 3061 98 34 children_
174 3063 109 30 baptised,
300 3069 62 19 nmst
375 3067 105 27 previous
496 3066 88 23 thereto
592 3068 52 27 give

62 3088 35 22 the
105 3090 100 27 requisite
213 3091 147 25 information
367 3093 25 23 in
403 3093 65 23 order
477 3097 24 19 to
513 3094 97 29 registry
620 3097 24 20 to

321 3129 98 23 Robert
431 3130 28 22 R.
475 3131 101 28 Strang,

122 3158 103 30 Solicitor,
240 3161 116 28 Registrar
363 3163 37 22 for
409 3163 38 22 the
457 3164 82 22 Scotch
546 3165 98 22 Church.

61 3201 220 49 NOTICE.The
290 3207 59 22 Rev.
357 3208 46 21 Mr.
413 3208 148 28 Macfarlane,
574 3209 26 22 of
605 3209 39 22 the

136 3231 77 23 Scotch
237 3233 99 29 Church,
360 3234 47 23 will
433 3235 99 27 perform
560 3236 84 22 Divine

65 3257 98 28 Worship,
181 3259 24 22 in
228 3260 83 26 future,
331 3262 25 21 in
376 3261 50 23 the.
430 3262 115 27 Morning,
566 3266 23 18 at
605 3263 39 22 the

62 3282 74 23 Native
151 3284 90 30 Chapel,
256 3287 33 22 Te
299 3288 49 22 Aro
357 3288 59 28 Flat,
424 3292 24 18 at
456 3290 25 20 11
493 3289 95 27 o'clock,
598 3290 46 21 and

61 3314 23 16 in
97 3310 34 21 the
139 3311 125 25 Afternoon
278 3318 23 18 at
315 3314 39 23 the
370 3315 70 22 Court
454 3315 86 28 House,
556 3316 88 22 Thorn-

62 3337 40 19 don
113 3337 50 28 Flat,
175 3342 23 19 at
207 3347 13 15 a
230 3344 90 24 quarter
330 3345 51 25 past
390 3349 43 15 one
445 3342 93 23 o'clock.

86 3368 137 32 Wellington,
233 3375 56 27 May
299 3376 35 26 12,
346 3377 61 21 1841.

238 3419 97 22 Public
350 3420 108 22 Notice.

268 3453 62 28 large
341 3455 120 26 quantities
470 3455 27 22 of
509 3455 133 23 whalebone

76 3476 13 19 T
98 3476 11 20 T
137 3476 55 23 have
202 3479 57 21 been
269 3480 68 22 taken
348 3483 29 25 by
388 3481 37 22 the
432 3482 94 22 Natives
536 3483 59 21 from
604 3483 38 21 the

61 3506 19 15 W
76 3526 10 14 f
92 3508 21 32 ?u
115 3503 90 24 kofthe
214 3507 70 20 Bavid
285 3522 5 10 >
302 3514 13 14 a
316 3511 9 18 t
342 3507 176 30 Wyderopay,
530 3509 47 23 and
592 3513 51 24 part

62 3531 21 16 ol
92 3531 35 19 the
135 3537 59 16 same
209 3532 41 23 has
265 3534 58 22 been
337 3535 87 27 bought
435 3536 30 27 by
475 3536 132 28 Europeans
619 3540 24 18 at

61 3558 41 17 tms
110 3558 66 26 place,
187 3559 45 22 and
241 3567 14 15 a
264 3560 61 28 large
336 3563 103 26 quantity
449 3563 44 21 still
504 3563 100 22 remains
617 3564 23 21 in

61 3584 36 17 tne
103 3585 120 23 possession
233 3587 26 21 of
264 3587 39 23 the
310 3587 95 23 Natives
414 3589 54 22 both
475 3593 24 18 at
508 3590 80 22 Petoni
596 3591 46 21 and

61 3610 36 18 tlie
104 3610 59 21 other
171 3612 62 28 pahs,
244 3620 41 21 we,
303 3614 120 28 therefore,
438 3616 84 28 hereby
531 3624 62 15 warn
610 3617 30 23 all

61 3638 84 20 persons
158 3638 57 22 from
229 3641 137 26 purchasing
383 3641 38 23 the
438 3650 67 19 same,
516 3650 25 16 as
553 3652 33 14 we
603 3652 37 14 are

61 3663 100 24 prepared
174 3667 23 19 to
212 3666 96 29 identify
316 3667 25 28 it,
353 3668 45 21 and
413 3669 45 21 will
471 3673 58 19 treat
544 3670 31 22 all
590 3678 51 19 per-

61 3691 48 16 sons
118 3695 22 15 so
155 3690 85 30 buying
256 3693 24 22 of
293 3693 39 22 the
350 3695 93 21 Natives
455 3702 24 15 as
493 3697 111 22 receivers
617 3698 27 22 of

61 3716 66 19 stolen
143 3723 111 23 property,
275 3721 45 21 and
337 3725 117 23 prosecute
473 3721 62 23 them
550 3724 90 22 accord-

60 3740 65 27 ingly.

282 3773 64 22 John
360 3774 46 22 and
421 3774 94 23 George
530 3775 82 24 Wade.

234 3806 130 25 September
373 3809 35 26 29,
421 3809 59 21 1841.

61 3843 208 49 MEDICAL.
269 3851 32 22 To
310 3852 29 21 be
349 3852 55 27 sold,
417 3852 37 22 the
466 3853 74 27 drugs,
557 3854 84 22 chemi-

144 3875 51 27 cals,
205 3877 45 22 and
259 3878 82 23 bottles
351 3878 24 22 of
388 3886 14 14 a
410 3880 103 27 Surgery,
522 3881 117 26 complete,

62 3898 11 17 l
78 3902 53 16 erms
139 3906 52 22 very
201 3904 120 23 moderate.
333 3923 3 2 .
351 3906 77 27 Apply
438 3909 23 19 at
470 3906 100 22 Medical
578 3907 60 28 Hall,

62 3923 132 29 Wellington.

1294 684 50 48 R
1385 685 166 21 STURGEON
1571 685 45 21 and
1630 685 36 21 W.
1682 685 92 27 NEAL,
1795 684 83 28 having

1402 712 106 21 removed
1524 715 23 18 to
1564 712 189 27 Lambton-quay,
1771 715 59 18 most
1842 719 35 14 re-

1293 738 119 27 spectfully
1426 741 77 19 return
1523 738 83 22 thanks
1630 741 23 19 to
1675 738 38 22 the
1731 741 83 24 gentry
1832 738 45 21 and

1293 764 140 22 inhabitants
1443 766 25 20 of
1482 765 54 21 Port
1550 764 123 22 Nicholson
1684 765 34 21 for
1736 765 40 21 the
1795 772 82 20 suppor

1292 790 52 27 they
1353 791 58 22 have
1427 791 98 21 hitherto
1536 792 153 27 experienced,
1704 792 46 21 and
1766 792 65 26 hope,
1846 792 30 26 by

1292 818 43 21 still
1345 818 168 27 endeavouring
1526 821 24 18 to
1565 819 51 26 give
1626 818 145 28 satisfaction,
1783 821 21 19 to
1818 825 59 15 com-

1291 844 68 21 mand
1369 844 57 22 their
1437 844 73 22 future
1520 845 97 21 favours.

1318 877 178 28 Chronometers,
1513 878 73 21 clocks
1604 877 45 22 and
1665 878 104 27 watches,
1785 878 92 22 musical

1291 903 44 23 and
1343 905 123 26 repeating,
1475 905 64 21 made
1550 905 43 21 and
1604 905 108 27 repaired.

1317 938 57 21 N.B.
1405 938 118 28 Jewellery
1532 938 65 22 made
1607 939 46 21 and
1662 939 110 27 repaired.

1292 982 158 34 rpHOMAS
1473 983 94 26 YORK,
1590 983 152 26 BUTCHER,
1766 984 55 27 begs
1842 992 35 14 re-

1298 1010 29 20 JL
1364 1009 119 28 spectfully
1499 1013 22 18 to
1539 1009 82 22 inform
1642 1010 37 22 the
1696 1010 139 22 inhabitants
1855 1011 25 22 of

1290 1035 53 22 Port
1371 1035 131 28 Nicholson,
1533 1036 47 22 that
1607 1037 29 21 he
1664 1037 40 21 has
1732 1039 145 21 commenced

1291 1061 100 23 business
1406 1063 24 21 in
1440 1063 37 22 the
1487 1063 70 22 above
1566 1064 52 27 line,
1631 1063 45 23 and
1688 1064 76 31 hopes,
1776 1064 30 27 by
1817 1065 61 22 strict

1291 1090 109 21 attention
1414 1093 23 18 to
1446 1090 35 22 his
1491 1093 127 25 customers,
1631 1094 22 19 to
1670 1094 66 18 merit
1745 1098 14 14 a
1776 1092 101 21 continu-

1291 1123 54 15 ance
1357 1117 26 21 of
1391 1116 56 22 their
1454 1117 97 22 favours.

1462 1151 72 15 FRESH
1548 1151 63 15 MEAT

1317 1169 189 29 Lambton-quay,
1517 1171 61 21 June
1586 1173 35 24 22,
1635 1173 61 20 1841.

1290 1221 37 47 J
1358 1221 120 23 HARRIS
1497 1222 68 21 AND
1585 1223 54 26 CO.,
1659 1223 110 26 Builders,
1788 1223 44 27 beg
1855 1228 22 18 to

1371 1248 73 27 notify
1454 1252 21 18 to
1486 1248 37 22 the
1534 1249 110 21 Colonists
1653 1251 26 20 of
1686 1249 54 22 Port
1746 1250 131 27 Nicholson,

1291 1274 47 22 that
1347 1274 54 28 they
1411 1282 37 14 are
1457 1275 69 27 ready
1534 1279 21 18 to
1566 1275 123 23 undertake
1698 1277 38 21 the
1747 1277 98 22 erection
1857 1278 26 21 of

1291 1308 44 21 any
1345 1301 135 28 description
1496 1303 26 21 of
1533 1302 112 27 Building.
1673 1303 63 28 They
1747 1311 38 14 are
1801 1307 78 19 exten-

1291 1327 68 28 sively
1378 1329 100 27 engaged
1493 1329 24 21 in
1534 1329 37 22 the
1587 1330 156 22 manufacture
1761 1331 27 21 of
1797 1331 80 27 bricks,

1291 1355 54 28 tiles,
1358 1356 49 27 &c,
1417 1355 47 22 and
1472 1355 52 28 they
1535 1359 62 24 trust,
1608 1357 31 26 by
1649 1357 121 27 executing
1780 1357 29 22 all
1819 1357 60 23 work

1290 1381 48 27 in|a
1346 1382 173 22 tradesmanlike
1536 1390 102 21 manner,
1649 1387 23 18 to
1687 1384 88 22 receive
1793 1392 13 14 a
1816 1385 63 21 share

1292 1409 25 21 of
1328 1408 38 23 the
1377 1413 92 24 support
1479 1410 25 21 of
1514 1409 38 23 the
1564 1410 117 22 Colonists.

1318 1442 189 29 Lambton-quay,
1519 1444 130 27 September
1657 1446 33 26 30,
1701 1446 62 21 1841.

1292 1489 39 19 To
1353 1489 46 20 the
1419 1489 167 25 Merchants,
1609 1489 197 27 Ship-owners,
1825 1492 54 20 and

1388 1516 92 20 others
1500 1515 30 21 of
1541 1517 68 19 Port
1621 1517 162 21 Nicholson.

1293 1549 159 48 MESSRS.
1474 1549 101 22 PRATT
1594 1550 46 21 and
1659 1550 108 22 BEVAN
1788 1551 44 27 beg
1844 1559 35 15 re-

1384 1576 118 27 spectfully
1529 1580 30 18 to*
1574 1577 83 22 inform
1680 1577 38 22 the
1742 1579 135 27 merchants,

1292 1602 154 28 ship-owners,
1465 1603 45 22 and
1527 1603 80 27 others,
1622 1604 50 21 that
1685 1604 52 28 they
1755 1604 58 23 have
1828 1613 50 14 now

1292 1630 147 21 commenced
1456 1630 37 21 the
1512 1630 156 23 manufacture
1691 1632 25 21 of
1731 1639 62 20 rope,
1813 1632 64 26 lines,

1292 1656 67 22 twine
1374 1656 26 21 of
1408 1656 29 22 all
1451 1657 153 27 descriptions,
1617 1661 58 18 mats
1689 1658 25 21 of
1727 1658 32 22 all
1775 1660 62 26 sizes,
1850 1659 29 22 oil

1293 1682 78 28 cloths,
1390 1684 40 21 &c.
1440 1691 5 18 ;
1461 1683 81 29 fishing
1558 1688 50 18 nets
1622 1684 67 22 made
1706 1685 45 22 and
1769 1686 108 27 repaired,

1294 1710 45 21 and
1355 1717 67 21 every
1433 1710 133 28 description
1586 1711 27 22 of
1628 1711 77 22 article
1719 1712 24 21 in
1761 1712 38 23 the
1809 1713 70 22 above

1292 1736 53 28 line,
1362 1737 31 22 all
1409 1738 57 21 from
1483 1738 55 21 New
1553 1738 100 22 Zealand
1670 1738 50 28 flax,
1738 1740 45 21 and
1798 1747 29 14 on
1842 1740 37 22 the

1292 1767 59 19 most
1359 1764 130 22 reasonable
1500 1764 98 28 charges.
1628 1766 76 27 Apply
1713 1769 23 18 to

1512 1799 90 21 Messrs.
1619 1799 77 22 Pratt
1711 1800 46 22 and
1773 1800 86 28 Bevan,

1293 1831 44 22 No.
1355 1833 19 25 1,
1400 1832 230 27 Molesworth-street,
1658 1833 145 28 Wellington,
1829 1834 53 22 Port

1522 1860 131 21 Nicholson.

1431 1905 143 22 WILLIAM
1591 1905 153 28 WIIITLEY,

1545 1940 53 21 and
1609 1940 71 20 3oat
1689 1940 120 25 Builder,

1293 1974 107 48 BEGS
1416 1975 144 27 respectfully
1575 1978 22 18 to
1615 1976 81 21 inform
1713 1976 38 22 the
1768 1977 75 26 public
1861 1977 25 21 of

1356 2001 55 21 Port
1419 2001 131 27 Nicholson,
1560 2002 48 21 that
1617 2002 27 21 he
1655 2002 18 21 is
1685 2010 47 13 now
1741 2004 108 26 prepared
1860 2007 23 18 to

1294 2034 64 19 carry
1369 2034 30 14 on
1408 2027 38 21 the
1457 2029 69 20 above
1536 2029 116 26 branches,
1665 2029 43 20 and
1719 2033 68 18 trusts
1796 2030 48 21 that
1853 2030 30 26 by

1292 2061 167 20 perseverance,
1469 2055 117 22 combined
1597 2055 53 21 with
1660 2056 114 22 modei-ute
1783 2056 99 28 charges,

1294 2079 28 23 lie
1331 2088 52 19 may
1392 2081 66 21 merit
1468 2089 12 14 a
1489 2081 64 22 share
1565 2082 25 21 of
1600 2082 75 27 public
1685 2086 130 24 patronage.

1322 2114 110 28 Caulking
1451 2115 64 27 done,
1537 2123 68 20 spars,
1625 2124 57 18 oars,
1702 2117 48 26 &c,
1772 2117 65 22 made
1860 2121 23 18 to

1294 2141 70 22 order.
1381 2142 63 27 Also,
1452 2142 64 22 boats
1524 2143 101 26 repaired
1632 2144 45 21 and
1683 2143 129 23 alterations
1819 2145 64 21 made

1294 2176 29 14 on
1333 2168 38 22 the
1381 2172 59 18 most
1448 2169 130 22 reasonable
1588 2173 75 19 terms.
1692 2171 136 23 References
1842 2180 42 14 can

1293 2196 28 21 be
1331 2196 108 22 adduced.

1322 2229 104 27 Address,
1447 2237 23 14 as
1495 2230 77 28 above,
1592 2231 60 22 close
1670 2234 22 19 to
1712 2232 92 27 Pipetea
1829 2232 55 27 Pah,

1293 2255 146 28 Wellington.

1506 2301 30 22 H.
1553 2302 117 28 MEECH,

1361 2336 167 27 Shipwright
1542 2337 54 20 and
1611 2337 71 20 Boat
1693 2337 123 25 Builder,

1294 2368 108 49 BEGS
1415 2369 64 21 leave
1496 2373 22 17 to
1535 2374 76 21 return
1629 2370 79 21 thanks
1723 2370 36 21 for
1769 2370 37 22 the
1816 2378 69 19 many

1356 2396 90 21 favours
1456 2397 116 21 conferred
1580 2404 29 14 on
1618 2396 48 22 him
1676 2397 65 21 while
1750 2397 24 21 in
1785 2401 100 24 partner-

1294 2422 48 28 shiy
1352 2422 53 22 with
1415 2423 44 21 Mr.
1471 2423 21 21 J.
1503 2423 127 28 Oxenham,
1644 2423 44 22 and
1699 2428 21 17 to
1731 2427 57 19 state
1799 2425 45 21 that
1856 2425 28 21 he

1295 2450 39 21 has
1343 2450 108 21 removed
1459 2450 57 22 from
1526 2450 34 22 his
1571 2450 47 22 first
1628 2450 170 23 establishment
1807 2458 29 15 on
1847 2453 37 20 the

1295 2476 64 28 Hutt,
1371 2480 23 18 to
1405 2477 143 27 Wellington,
1559 2477 101 22 between
1671 2477 93 28 Pipetea
1781 2479 46 21 Pah
1840 2478 46 22 and

1294 2503 37 21 the
1341 2504 115 22 residence
1468 2504 24 22 of
1504 2504 89 22 Messrs.
1609 2504 95 22 Hanson
1720 2505 47 21 and
1784 2505 100 28 Alzdorf,

1294 2530 73 22 Avhere
1376 2531 29 21 he
1414 2531 90 21 intends
1512 2535 22 17 to
1542 2539 97 20 canyon
1647 2532 37 21 the
1689 2531 71 23 above
1767 2532 117 27 branches,

1294 2557 45 22 and
1348 2557 70 28 hopes
1428 2561 23 18 to
1461 2558 66 22 merit
1536 2566 14 14 a
1559 2558 63 22 share
1634 2559 26 21 of
1670 2559 37 21 the
1713 2559 76 27 public
1796 2562 90 23 patron-

1294 2592 47 20 age,
1352 2585 30 26 by
1392 2584 114 23 moderate
1521 2585 92 28 charges
1629 2585 44 23 and
1689 2586 83 27 justice
1789 2586 57 22 done
1863 2589 22 19 to

1294 2611 34 22 his
1339 2611 131 28 employers.

1322 2644 111 28 Caulking
1442 2645 57 22 done
1506 2654 6 18 ;
1528 2653 67 20 spars,
1613 2653 55 20 oars,
1679 2646 40 22 &c.
1729 2646 74 22 made.

1323 2678 57 22 Boat
1388 2679 84 28 repairs
1483 2680 44 22 and
1537 2679 128 24 alterations
1675 2680 57 22 done
1745 2688 30 14 on
1785 2680 37 22 the
1828 2683 58 19 most

1284 2718 2 22 I
1294 2706 131 22 reasonable
1434 2709 76 19 terms.

1324 2739 30 22 H.
1370 2740 34 21 M.
1414 2740 19 22 is
1442 2740 69 28 ready
1520 2744 23 18 to
1555 2744 100 19 contract
1663 2741 35 22 for
1707 2740 37 22 the
1754 2740 103 28 building
1865 2741 25 22 of

1296 2766 64 22 small
1378 2767 62 26 craft,
1459 2775 24 14 as
1503 2767 52 28 they
1574 2775 38 15 are
1629 2768 67 22 much
1710 2768 90 21 wanted
1810 2775 29 14 on
1848 2768 38 22 the

1296 2797 67 23 coast,
1374 2794 59 21 from
1444 2794 36 22 the
1489 2794 100 28 growing
1598 2795 63 22 trade
1672 2795 24 22 of
1707 2794 38 23 the
1757 2795 92 27 Colony.

1299 2839 167 23 /CHARLES
1484 2839 137 28 HARVEY,
1633 2840 89 22 Tailor
1733 2840 22 22 &
1765 2840 121 22 Breeches

1299 2870 40 17 V-^
1370 2866 96 27 Maker,
1477 2874 56 15 near
1541 2867 91 21 Messrs.
1642 2866 87 22 Waters
1740 2867 47 21 and
1797 2867 90 22 Smith's

1298 2893 69 26 Store,
1385 2893 145 28 Wellington,
1546 2895 54 26 begs
1616 2897 23 19 to
1655 2893 83 23 inform
1754 2893 38 23 the
1806 2897 80 24 gentry

1298 2919 44 22 and
1351 2920 138 22 inhabitants
1501 2921 25 21 of
1539 2921 138 26 Wellington
1687 2921 46 21 and
1746 2921 30 21 its
1785 2921 100 26 vicinity,

1298 2946 47 22 that
1355 2946 28 22 he
1395 2946 41 23 has
1446 2947 144 23 commenced
1599 2948 101 22 business
1710 2955 24 14 as
1749 2948 78 27 above,
1842 2946 45 26 and

1299 2976 66 19 trusts
1375 2973 48 23 that
1433 2975 80 21 twelve
1529 2975 71 27 years'
1613 2982 132 20 experience
1755 2974 25 22 in
1791 2974 95 22 London

1298 3008 24 14 as
1345 3008 14 14 a
1379 3001 107 27 practical
1511 3005 78 24 cutter,
1613 3001 118 23 combined
1751 3001 55 22 with
1828 3001 59 28 good

1299 3026 113 24 materials
1435 3029 45 21 and
1503 3029 172 27 workmanship,
1700 3027 46 23 and
1773 3027 114 23 moderate

1300 3054 100 27 charges,
1411 3055 44 21 will
1466 3055 78 23 enable
1554 3055 45 22 him
1611 3059 23 18 to
1651 3056 50 27 give
1711 3055 137 21 satisfaction
1863 3058 24 18 to

1300 3081 31 22 all
1339 3081 51 22 who
1399 3089 53 20 may
1461 3083 79 21 favour
1549 3082 47 22 him
1604 3081 53 23 with
1667 3082 57 22 their
1733 3085 130 24 patronage.

1482 3116 84 26 Terms,
1579 3115 53 23 cash
1642 3115 61 27 only.

1299 3160 54 47 G
1394 3159 99 29 SCOTT,
1519 3161 109 26 Cabinet,
1653 3160 92 27 Chair,*
1761 3159 45 23 and
1829 3160 57 22 Sofa

1404 3187 200 32 Manufacturej
1628 3187 145 28 respectfully
1795 3187 92 21 informs

1298 3212 37 22 the
1351 3213 139 23 inhabitants
1505 3215 26 21 of
1538 3214 144 27 Wellington,
1692 3213 50 22 that
1759 3213 28 22 he
1801 3213 40 22 has
1858 3220 29 15 on

1298 3239 61 22 hand
1367 3247 30 15 an
1411 3244 134 19 assortment
1554 3241 25 22 of
1587 3241 94 22 Cabinet
1689 3240 127 28 Furniture,
1827 3248 60 14 com-

1297 3266 85 28 prising
1398 3267 79 28 chairs,
1488 3268 76 27 tables,
1574 3268 49 22 sofa
1631 3267 132 27 [bedsteads,
1778 3267 73 22 chests
1866 3267 26 22 of

1298 3293 102 28 drawers,
1411 3294 45 22 and
1466 3302 12 14 a
1487 3295 86 27 variety
1583 3295 26 21 of
1616 3294 64 22 other
1689 3293 96 23 articles.

1326 3326 27 23 G.
1366 3327 20 22 S.
1398 3327 89 28 having,
1495 3328 81 27 during
1583 3328 37 21 the
1625 3328 44 21 last
1676 3326 104 28 eighteen
1789 3326 97 28 months,

1298 3353 97 23 selected
1405 3362 13 14 a
1434 3355 62 22 stock
1507 3355 26 22 of
1545 3354 64 23 wood
1619 3354 93 23 suitable
1721 3354 36 21 for
1769 3354 38 21 the
1818 3354 69 21 above

1297 3380 116 29 branches,
1427 3382 128 28 gentlemen
1566 3381 173 27 favouringhim
1750 3381 53 22 with
1813 3380 74 23 orders

1298 3414 41 15 can
1350 3407 89 32 depend
1447 3416 61 20 upon
1518 3408 169 23 well-seasoned
1695 3408 122 22 materials.

1325 3434 158 23 Willis-street.

1298 3479 36 48 J
1370 3479 153 28 CANNING,
1548 3480 101 26 Cabinet,
1674 3479 73 27 Chair,
1773 3479 45 21 and
1836 3478 51 22 Sofa

1379 3506 176 27 Manufacturer,
1571 3507 191 27 Lambton-quay,
1773 3506 114 27 adjoining

1297 3532 70 22 Dune
1378 3533 45 22 and
1433 3533 59 22 Co.'s
1506 3533 81 22 Stores.

1456 3567 130 15 FURNITURE
1606 3567 121 15 REPAIRED.

1298 3605 48 47 A
1376 3605 132 27 HEWITT,
1519 3605 161 26 Fishmonger,
1692 3605 112 21 Lambton
1813 3604 71 27 Quay,

1380 3631 146 28 Wellington,
1533 3634 88 19 returns
1631 3631 34 22 his
1675 3631 86 22 sincere
1772 3631 81 21 thanks
1863 3634 23 18 to

1298 3657 36 22 the
1352 3658 139 22 inhabitants
1510 3659 27 21 of
1556 3658 43 22 this
1619 3658 86 27 Colony
1720 3657 37 22 for
1776 3657 37 22 the
1832 3664 54 20 very

1296 3684 78 22 liberal
1393 3688 93 24 support
1500 3685 29 22 he
1543 3685 42 21 has
1599 3685 99 22 hitherto
1712 3684 111 26 received,
1841 3684 45 21 and

1296 3711 54 27 begs
1359 3714 24 19 to
1391 3712 83 22 iniorm
1484 3712 61 22 them
1556 3712 48 21 that
1619 3711 27 22 be
1656 3711 40 21 has
1705 3711 66 21 made
1781 3717 105 20 arrange-

1296 3741 74 19 ments
1385 3738 34 22 for
1439 3746 13 14 a
1467 3742 103 18 constant
1585 3737 81 28 supply
1685 3737 34 22 of
1730 3737 39 22 the
1788 3737 98 22 choicest

1296 3765 103 21 varieties
1409 3765 25 21 of
1444 3765 49 27 fish,
1511 3765 74 21 which
1599 3765 30 21 he
1646 3763 139 28 confidently
1799 3771 87 15 recom-

1296 3791 79 23 mends
1384 3794 23 19 to
1417 3792 38 22 the
1464 3792 75 28 public
1548 3799 25 15 as
1579 3792 68 26 being
1655 3791 26 22 of
1691 3791 38 21 the
1735 3791 52 21 best
1792 3790 92 28 quality.

1324 3825 82 22 Orders
1414 3826 36 21 for
1459 3826 106 28 shipping
1572 3824 110 28 received,
1697 3824 45 22 and
1752 3824 134 28 punctually

1296 3852 108 22 attended
1412 3855 31 19 to.

1451 3887 99 14 OYSTERS
1565 3886 71 15 FRESH
1652 3885 77 15 DAILY.

1323 3911 62 28 Also,
1398 3919 13 15 a
1420 3912 80 28 supply
1510 3912 26 22 of
1550 3911 129 28 vegetables
1694 3910 61 24 fresh
1770 3911 58 22 from
1846 3911 38 23 the

1284 3943 2 24 |
1295 3939 84 28 garden
1390 3939 67 27 dailj'.

868 681 58 24 50
941 685 122 21 Re-ward.

669 715 91 47 THE
782 716 72 22 above
872 717 85 21 reward
976 717 45 21 will
1040 717 26 21 be
1085 717 69 27 given
1174 722 21 18 to
1216 726 47 19 any

742 750 82 20 person
842 751 25 14 or
885 751 91 19 persons
990 743 50 22 who
1057 743 58 23 shall
1133 745 130 27 apprehend

734 770 46 22 and
788 770 68 27 lodge
865 771 24 21 in
903 778 43 14 one
956 771 25 21 of
992 770 41 22 her
1041 771 119 27 Majesty's
1169 772 68 27 goals,
1249 779 14 14 a

669 803 81 20 person
761 797 86 22 named
856 797 61 22 John
925 797 77 27 Smith,
1015 797 53 22 alias
1078 797 86 22 Walter
1172 799 87 26 Laurie,

669 823 51 22 who
730 823 39 23 has
779 824 70 22 taken
859 824 61 22 500
931 824 26 22 of
967 832 38 19 my
1018 831 91 19 money.
1145 825 38 22 He
1197 826 17 21 is
1232 833 27 14 an

670 850 95 27 escaped
775 851 90 21 convict
874 851 57 21 from
939 851 54 21 New
1002 851 70 22 South
1077 851 83 28 Wales,
1169 853 44 21 and
1221 853 41 21 has

668 876 63 22 lived
739 880 23 18 at
771 877 69 22 Kafia
849 877 82 28 during
941 878 36 21 the
986 877 44 22 last
1038 880 13 19 8
1061 885 73 20 years.

1055 912 25 21 F.
1098 911 134 23 Leathart.

697 937 73 27 Kafia,
782 938 91 26 August
882 938 33 26 25,
927 939 60 21 1841.

875 980 39 24 5
929 984 125 20 Reward.

670 1015 92 48 THE
779 1016 153 27 undersigned
941 1016 45 22 will
995 1024 43 20 pay
1047 1017 39 22 the
1096 1018 71 21 above
1178 1025 49 15 sum
1237 1021 23 19 to

744 1049 46 20 any
797 1050 81 19 person
889 1042 50 23 who
945 1043 44 22 will
998 1044 50 26 give
1058 1044 47 21 him
1115 1044 145 22 information

668 1068 50 22 that
727 1076 53 20 may
790 1069 52 22 lead
852 1073 23 18 to
885 1070 37 21 the
933 1070 126 22 conviction
1070 1071 27 21 of
1108 1071 38 22 the
1161 1075 65 23 party
1236 1079 25 14 or

668 1096 83 26 parties
767 1096 50 21 who
835 1096 57 22 have
909 1097 57 22 been
985 1096 69 28 lately
1063 1098 25 21 in
1105 1098 38 22 the
1157 1101 104 19 constant

667 1122 99 27 practice
776 1122 28 22 of
810 1122 96 28 stealing
915 1123 34 22 his
957 1124 72 22 fowls.

888 1157 111 22 William
1014 1157 103 28 Taylor,
1132 1158 100 22 Builder.

697 1188 146 28 Wellington,
855 1190 130 28 September
993 1192 35 26 23,
1039 1193 61 20 1841.

865 1232 59 24 20
939 1236 123 21 Reward.

670 1268 93 21 riIHE
772 1268 153 28 undersigned
934 1269 44 22 will
986 1269 51 27 give
1047 1270 38 22 the
1097 1270 71 22 above
1176 1270 84 23 reward

677 1291 31 25 JL
744 1299 24 18 to
779 1303 45 20 any
836 1303 82 20 person
935 1303 23 14 or
974 1304 91 20 persons
1082 1297 50 22 who
1149 1298 44 21 will
1209 1298 51 26 give

670 1321 55 22 such
734 1322 146 23 information
891 1330 24 15 as
925 1323 44 22 will
978 1324 52 21 lead
1042 1327 22 18 to
1079 1324 39 21 the
1133 1324 127 22 conviction

670 1349 26 21 of
707 1355 46 21 any
762 1357 81 19 person
854 1357 26 14 or
887 1357 92 21 persons
988 1350 136 28 feloniously
1131 1351 77 27 taking
1215 1352 45 21 and

669 1375 81 27 killing
760 1383 45 20 anj'
814 1377 39 27 pig
863 1384 25 15 or
896 1377 51 27 pigs
956 1377 100 22 branded
1066 1378 22 21 G
1098 1378 29 21 D.

1037 1411 95 22 George
1143 1411 89 23 Duppa.

720 1454 69 22 AND
805 1454 63 23 IOR
882 1455 115 22 SALE.
997 1455 46 22 The
1058 1456 71 21 Town
1138 1457 66 27 Acre,
1221 1458 41 21 884

670 1477 47 26 JLJ
747 1489 29 14 on
788 1481 37 22 the
836 1482 239 27 Surveyor-General's
1084 1482 54 28 plan
1146 1491 6 19 ;
1168 1484 44 21 and
1223 1484 38 21 the

671 1508 101 27 Country
783 1508 76 22 Lands
873 1509 24 21 in
913 1508 37 22 the
966 1508 61 28 right
1041 1509 25 22 of
1080 1509 77 23 choice
1172 1511 25 21 of
1207 1510 56 22 land

670 1534 76 22 orders
766 1535 55 22 Nos.
838 1536 48 26 657,
904 1535 47 28 726,
972 1537 61 25 1084,
1052 1536 26 21 of
1093 1536 38 22 the
1151 1537 47 22 first
1216 1537 47 22 and

671 1562 110 27 principal
792 1562 135 23 settlement.
957 1562 43 22 For
1010 1565 68 20 terms
1089 1564 68 27 apply
1167 1568 22 17 to

925 1606 28 22 R.
969 1606 28 22 R.
1013 1608 99 27 Strang,
1125 1608 109 22 Solicitor.

697 1637 147 29 Wellington,
855 1639 90 27 August
953 1641 34 27 27,
998 1642 61 21 1841.

822 1691 41 20 To
877 1691 34 21 be
927 1692 64 20 Sold
1007 1698 30 15 or
1051 1694 59 24 Let,

673 1723 166 50 SEVERAL
858 1724 69 22 Town
944 1726 46 21 and
1006 1726 100 28 Country
1124 1727 102 23 Sections
1242 1726 26 22 of

737 1750 74 23 Land.
840 1751 77 28 Apply
927 1755 23 18 to

991 1779 94 23 Robert
1096 1780 28 22 R.
1135 1780 101 22 Strang.

911 1824 39 20 To
965 1825 59 24 Let,

670 1856 53 48 A
736 1856 90 21 WELL
840 1857 98 22 situated
954 1858 117 22 allotment
1088 1859 24 21 of
1125 1859 63 22 land.
1216 1859 47 22 En-

751 1883 63 28 quire
824 1887 25 18 at
859 1884 36 21 the
933 1884 94 23 Gazette
1060 1886 78 21 Office.

748 1928 134 27 Building
896 1929 170 21 Allotments
1080 1932 30 19 to
1126 1931 59 22 Let,

671 1961 93 47 THE
783 1961 201 22 ADVERTISER
999 1962 64 22 offers
1078 1971 63 19 upon
1157 1963 108 27 Building

747 1987 90 26 Leases,
849 1995 14 13 a
871 1989 96 20 number
977 1989 26 20 of
1014 1989 68 21 Town
1091 1989 139 23 Allotments
1239 1990 24 21 in
1272 2004 2 6 .

670 2013 39 21 the
718 2017 59 17 most
787 2014 109 21 desirable
906 2018 60 23 parts
976 2015 26 21 of
1014 2015 42 21 this
1066 2016 141 21 Settlement.
1272 2015 1 12 '

697 2046 48 22 The
765 2047 112 21 attention
893 2047 27 22 of
938 2047 37 22 the
991 2048 75 27 public
1082 2048 21 22 is
1118 2049 146 28 particularly

670 2073 73 22 called
762 2076 23 19 to
805 2073 39 22 the
862 2074 124 27 advantage
1006 2075 26 21 of
1047 2075 109 27 Building
1172 2076 91 27 Leases,

669 2100 74 22 which
753 2100 39 21 the
802 2100 152 28 undersigned
962 2102 19 21 is
992 2102 96 21 enabled
1098 2105 22 19 to
1130 2105 72 24 grant,
1211 2103 52 27 viz.,

670 2127 59 22 from
738 2135 70 14 seven
817 2131 25 18 to
859 2131 138 25 twenty-one
1014 2136 71 20 years,
1104 2129 121 28 according
1241 2133 23 19 to

670 2154 38 22 the
728 2154 66 22 value
813 2155 27 21 of
860 2154 38 22 the
920 2156 114 26 buildings
1055 2157 112 26 proposed
1189 2160 22 18 to
1235 2157 29 22 be

671 2181 97 22 erected.
798 2181 77 28 Apply
885 2185 23 19 to

837 2216 23 21 J.
875 2216 26 22 T.
917 2216 144 28 Wicksteed,
1074 2225 26 14 or

836 2243 35 22 W.
888 2243 28 22 V.
932 2244 106 27 Brewer,
1054 2245 195 22 Manners-street.

671 2289 120 48 LAND
811 2289 41 21 TO
877 2290 94 21 LET.
971 2290 69 22 Town
1064 2298 63 14 acres
1151 2291 43 22 No.
1215 2293 48 26 168,

750 2317 47 26 156,
807 2317 50 26 423,
874 2317 34 26 47,
919 2318 48 26 561,
979 2318 49 26 559,
1045 2317 47 22 and
1104 2325 70 20 many
1188 2318 77 22 others

670 2343 26 21 in
705 2343 38 21 the
753 2346 60 18 most
822 2343 109 22 desirable
946 2344 122 22 situations.
1098 2344 57 22 Also
1169 2349 96 24 country

670 2370 56 21 land
734 2377 29 14 on
772 2370 39 22 the
821 2370 72 22 banks
904 2371 27 21 of
937 2371 37 21 the
985 2371 68 23 River
1062 2371 61 23 Hutt
1132 2372 46 22 and
1187 2380 29 14 on
1226 2372 38 22 the

671 2397 95 21 Porirua
775 2397 62 22 road.
868 2397 76 28 Apply
955 2401 22 19 to

1062 2425 22 22 J.
1100 2425 36 23 W.
1153 2427 82 21 Child.

865 2471 5 5 '
888 2470 40 20 To
943 2470 33 21 be
990 2470 58 25 Let,

674 2503 166 50 SEVERAL
854 2503 94 23 TOWN
957 2504 105 27 ACRES,
1071 2505 25 21 in
1106 2505 88 23 various
1203 2509 62 24 parts

739 2530 26 22 of
777 2530 147 28 Wellington.
953 2531 44 22 For
1005 2532 138 27 particulars,
1160 2533 65 28 apply
1241 2537 24 18 to

852 2564 26 23 E.
894 2565 143 27 Catchpool,
1048 2566 102 22 Dickson
1162 2571 74 18 street.

886 2611 41 20 To
942 2611 33 21 be
990 2611 57 26 Let,

675 2643 91 48 THE
781 2645 61 19 town
860 2650 50 15 acre
928 2644 43 21 No.
988 2646 42 20 680
1042 2651 29 15 on
1087 2644 38 23 the
1143 2645 124 27 Surveyor-

750 2670 119 22 General's
877 2671 62 27 plan,
949 2671 122 28 belonging
1080 2674 23 19 to
1120 2672 38 22 the
1176 2672 89 23 Church

673 2697 27 22 of
710 2697 114 22 Scotland.
854 2698 45 21 For
908 2700 75 25 terms,
993 2699 68 27 apply
1071 2702 23 18 to

867 2731 93 23 Robert
972 2733 28 21 R.
1012 2733 100 27 Strang,
1127 2733 110 23 Solicitor.

693 2777 88 21 Town
797 2778 56 20 and
868 2778 123 27 Country
1005 2780 78 20 Land
1098 2780 29 19 to
1142 2780 34 20 be
1192 2780 58 21 Let.

677 2810 169 50 SECTIONS
863 2811 46 21 and
925 2812 100 27 portions
1041 2812 25 22 of
1080 2813 103 22 Sections
1197 2813 25 22 in
1238 2813 30 22 all

745 2841 63 24 parts
824 2838 27 21 of
866 2838 39 22 the
924 2838 69 22 Town
1012 2839 26 21 of
1052 2839 147 28 Wellington,
1220 2840 47 22 also

675 2865 101 27 Country
786 2865 103 21 Sections
903 2865 24 21 in
938 2865 37 22 the
992 2865 96 23 districts
1105 2867 27 21 of
1144 2867 39 23 the
1199 2867 67 28 Hutt,

674 2891 39 22 the
727 2891 87 27 Kaiori,
824 2891 39 22 the
874 2891 77 28 Ohiro,
963 2893 46 21 and
1020 2893 38 21 the
1073 2893 100 23 Porirua.
1202 2894 66 27 Long

674 2918 72 22 leases
757 2918 26 22 of
790 2918 38 22 the
845 2922 96 24 country
950 2919 54 22 land
1020 2919 45 23 will
1080 2921 29 21 be
1124 2921 95 27 granted
1238 2929 30 15 on

674 2945 133 22 reasonable
817 2949 75 19 terms.
923 2947 44 21 For
976 2947 132 28 particulars
1117 2949 68 27 apply
1194 2952 24 18 to

870 2979 100 23 Hanson
980 2980 47 22 and
1040 2981 117 28 Alzdorf,

905 3013 122 23 Thorndon
1037 3015 73 28 Quay,
1120 3015 147 28 Wellington;

676 3059 124 26 Country
814 3058 126 22 Sections
958 3060 43 21 for
1021 3060 60 22 Sale
1103 3067 36 15 on
1158 3062 110 22 Liberal

924 3087 101 21 Terms.

678 3119 166 49 SEVERAL
880 3120 100 23 Sections
1008 3121 27 22 of
1065 3122 102 29 Country
1193 3123 73 27 Land,

741 3146 93 28 already
845 3146 83 23 chosen
938 3147 22 22 in
971 3147 38 23 the
1022 3149 94 23 Porirua
1131 3150 92 27 district,
1233 3151 36 21 for

676 3173 58 28 Sale,
744 3180 77 16 terms
831 3181 107 15 liberal.
965 3175 77 28 Apply
1052 3179 23 19 to

771 3208 27 21 F.
813 3208 30 21 A.
858 3208 171 29 Molesworth,
1045 3210 187 29 Murphy-street,
1244 3219 24 14 or

771 3234 37 22 W.
823 3235 29 21 V.
868 3236 107 26 Brewer,
986 3236 195 24 Manners-street.

776 3281 159 26 Wanganui
949 3281 77 22 Land
1039 3283 124 26 Agency.

677 3312 99 50 THE
800 3313 153 26 undersigned
979 3314 84 33 haying
1089 3317 90 22 resided
1204 3324 63 15 some

743 3340 93 21 months
851 3344 23 18 at
887 3342 134 26 Wanganui,
1040 3343 41 22 has
1095 3344 59 22 been
1172 3344 96 22 enabled

675 3370 23 19 to
709 3366 66 23 make
784 3366 95 23 himself
889 3368 135 28 acquainted
1034 3370 53 22 with
1101 3370 38 23 the
1156 3372 48 21 best
1214 3371 54 22 sites

673 3394 37 21 for
718 3394 39 21 the
766 3394 107 22 selection
884 3394 27 22 of
917 3399 95 24 country
1019 3396 72 28 lands,
1102 3398 45 22 and
1157 3398 111 22 therefore

674 3420 55 22 with
743 3420 132 23 confidence
885 3422 89 22 tenders
983 3422 35 23 his
1028 3424 95 22 services
1135 3428 23 18 to
1168 3424 100 28 proprie-

674 3450 53 24 tors,
745 3455 24 14 as
785 3455 29 14 an
830 3448 79 27 Agent
922 3449 35 22 for
971 3449 39 23 the
1026 3450 114 23 selection,
1152 3452 51 27 sale,
1214 3459 54 20 pur-

674 3474 74 28 chase,
760 3474 46 22 and
814 3474 88 29 leasing
910 3480 106 24 property
1024 3477 24 22 in
1058 3478 50 22 that
1117 3478 93 22 district.

701 3507 88 22 Letters
798 3508 35 22 for
844 3508 37 22 the
891 3509 125 23 subscriber
1029 3513 22 19 to
1065 3511 29 22 be
1108 3511 122 22 addressed
1243 3514 23 19 to

673 3534 38 22 the
722 3542 52 15 care
784 3535 27 22 of
821 3535 92 23 Messrs.
924 3536 78 28 Wade,
1014 3537 146 29 Wellington.

921 3570 31 22 H.
970 3570 120 29 Churton,
1103 3572 134 28 Wanganui.

732 3620 85 23 AND
843 3621 195 24 AGENCIE
1047 3623 56 22 S.
1102 3624 41 22 TO
1166 3624 100 22 LAND-

749 3647 185 23 HOLDERS.
934 3648 47 23 The
1000 3649 158 29 Undersigned
1176 3651 44 27 beg
1242 3653 24 20 to

671 3674 57 21 offer
736 3674 137 23 themselves
882 3678 24 19 to
915 3675 58 22 their
981 3676 85 23 friends
1077 3678 45 21 and
1136 3677 39 22 the
1190 3677 76 28 public

671 3707 25 15 as
706 3700 88 28 Agents
804 3702 35 21 for
849 3702 37 21 the
896 3702 96 32 disposal
1000 3704 26 21 of
1033 3704 69 22 Town
1112 3704 46 23 and
1165 3704 101 28 Country

671 3727 84 28 Lands,
767 3728 45 22 and
821 3732 59 19 trust
889 3729 59 22 their
957 3730 96 22 colonial
1063 3731 135 27 experience
1212 3738 54 20 may

671 3754 79 22 entitle
760 3755 63 22 them
833 3759 23 18 to
866 3763 14 14 a
891 3756 65 22 share
965 3756 28 22 of
1002 3756 38 23 the
1049 3758 76 26 public
1133 3761 132 24 patronage.

698 3794 64 28 They
772 3795 45 22 will
827 3796 29 21 be
864 3795 77 29 happy
950 3800 22 17 to
981 3804 94 20 arrange
1089 3798 36 21 for
1133 3797 47 22 and
1188 3805 78 21 super-

670 3820 81 23 intend
760 3822 39 21 the
809 3829 93 21 surveys
909 3822 46 22 and
960 3823 160 22 sub-divisions
1127 3824 27 21 of
1160 3824 37 21 the
1201 3824 64 23 land.

671 3847 92 22 Liberal
772 3848 113 22 advances
894 3849 47 22 will
953 3850 27 21 be
995 3850 66 21 made
1071 3857 30 14 on
1110 3850 66 22 lands
1185 3851 81 23 placed

670 3873 24 22 in
705 3874 59 21 their
772 3874 73 22 hands
852 3876 35 20 for
894 3876 54 21 sale.
976 3876 63 27 They
1045 3876 47 21 will
1099 3876 47 22 also
1153 3877 28 22 be
1189 3885 76 21 nappy

671 3903 30 20 to.
705 3901 65 21 assist
779 3901 138 27 proprietors
925 3902 24 21 in
958 3902 86 26 leasing
1054 3902 59 22 their
1121 3903 72 23 lands.

955 3935 63 22 John
1028 3935 45 23 and
1084 3936 59 23 Geo.
1153 3937 82 23 Wade.

2085 694 60 21 Sale
2161 694 31 20 of
2204 694 117 21 Houses.

1910 726 159 47 MESSRS.
2084 726 94 22 WADE
2191 727 55 28 begs
2260 731 23 17 to
2298 728 72 27 notify
2384 727 49 23 that
2441 727 55 28 they

2001 759 36 15 are
2047 753 128 26 instructed,
2188 756 45 19 and
2242 754 44 21 will
2303 754 84 27 shortly
2397 755 66 27 bring
2472 759 23 17 to

1909 778 36 21 the
1955 778 108 28 hammer,
2072 779 43 22 five
2126 779 143 23 comfortable
2280 783 105 24 cottages,
2396 781 53 22 with
2457 781 38 22 the

1908 805 59 21 lease
1982 806 104 21 attached
2101 809 23 18 to
2141 806 68 27 them,
2220 807 97 21 situated
2331 814 30 15 on
2372 807 124 23 Thorndon

1909 832 57 21 Flat.
2202 823 7 10 '

2112 878 40 20 To
2166 878 33 20 be
2215 878 75 25 Sold,

1909 910 51 47 A
1983 910 138 22 WOODEN
2143 910 286 23 DWELLING-HOUSE
2450 912 46 22 and

1987 937 144 21 native-built
2141 938 69 26 Store,
2221 938 96 21 situated
2328 945 29 15 on
2373 938 123 22 Thorndon

1909 963 57 27 Flat,
1984 963 45 22 and
2047 963 24 22 in
2091 964 38 21 the
2150 964 133 27 occupation
2303 965 25 21 of
2343 965 28 21 R.
2382 965 50 21 Ball
2451 966 47 21 and

1910 990 47 26 Co.,
1968 990 45 21 and
2020 990 18 21 is
2048 993 23 18 at
2081 990 37 21 the
2128 994 90 23 present
2224 991 55 21 time
2289 990 68 28 doing
2366 999 13 14 a
2387 992 109 22 lucrative

1908 1016 108 22 business.
2054 1016 47 22 The
2124 1018 136 26 proprietors
2283 1018 90 27 leaving
2397 1018 44 22 this
2461 1019 36 21 for

1909 1043 128 27 Wanganui
2049 1043 19 22 is
2081 1043 36 22 the
2128 1044 52 26 only
2189 1051 80 14 reason
2279 1044 36 22 for
2330 1044 58 22 their
2401 1044 96 28 wishing

1909 1073 24 18 to
1943 1070 86 26 dispose
2040 1070 26 21 of
2071 1070 25 21 it.
2124 1070 84 28 Apply,
2220 1078 29 14 on
2258 1071 38 22 the
2307 1072 112 26 premises,
2432 1075 23 19 to

2351 1105 22 22 J.
2388 1105 80 22 Jones.

2135 1149 53 20 For
2204 1148 70 26 Sale,
2487 1147 16 17 *

1910 1182 50 48 A
1975 1181 212 23 SUBSTANTIAL
2197 1181 46 22 and
2252 1182 51 22 well
2314 1182 95 22 finished
2418 1190 78 21 warre,

1994 1208 105 27 standing
2115 1216 29 14 on
2154 1213 48 23 part
2214 1209 25 21 of
2252 1209 39 21 the
2307 1212 59 20 town
2384 1216 57 20 acre,
2452 1210 45 22 No.

1908 1235 49 26 473,
1975 1235 53 21 with
2043 1235 102 26 frontage
2162 1238 21 18 to
2201 1235 235 28 Wellington-terrace
2453 1237 46 21 and

1910 1261 167 23 Bolton-street.
2105 1262 48 22 The
2160 1263 94 26 ground,
2261 1263 72 21 under
2340 1263 13 22 7
2360 1270 65 19 years
2430 1263 68 28 lease,

1910 1289 19 21 is
1945 1289 50 21 well
2013 1289 92 21 drained
2121 1289 45 21 and
2178 1289 80 22 fenced
2288 1289 102 28 partially
2401 1289 95 28 cleared,

1910 1315 45 21 and
1971 1322 61 15 sown
2046 1315 54 23 with
2109 1315 59 23 seed.
2197 1315 45 23 For
2251 1319 75 22 terms,
2340 1316 66 28 apply
2416 1324 28 14 on
2460 1317 38 21 the

1911 1346 50 23 spot
1970 1345 22 19 to

2246 1369 45 22 Mr.
2307 1369 21 21 J.
2339 1369 36 22 W.
2390 1369 80 23 Jones.

2137 1415 52 20 For
2204 1414 70 25 Sale,

1912 1447 48 48 A
1978 1447 86 22 GOOD
2079 1447 207 23 weather-boarded
2301 1448 85 27 House,
2398 1449 102 22 contain-

1989 1475 40 26 ing
2039 1475 33 21 six
2082 1482 80 14 rooms.
2190 1475 45 21 For
2244 1475 138 27 particulars,
2399 1476 66 27 apply
2474 1480 24 18 to

1912 1501 21 21 J.
1945 1501 83 27 Millar,
2039 1509 54 14 near
2102 1502 41 21 Dr.
2150 1501 134 28 Fitzgerald,
2294 1502 121 22 Thorndon
2427 1503 55 21 Flat.

2103 1547 26 21 J.
2144 1548 37 20 M.
2197 1547 111 26 Taylor,

1987 1580 280 22 CUSTOM-HOUSE
2295 1580 130 23 AGENT.

1911 1613 88 22 Bowler
2008 1614 44 21 and
2063 1614 91 21 Smith's
2164 1615 80 26 Stores,
2256 1615 32 21 Te
2298 1615 55 22 Aro.

2100 1660 33 19 A.
2148 1659 78 25 Hort,
2242 1660 71 26 jun.,

1987 1693 278 22 CUSTOM-HOUSE
2294 1693 129 22 AGENT.
2440 1710 2 3 .

1940 1726 88 27 August
2037 1727 33 26 27,
2084 1728 61 20 1841.

1914 1771 89 48 OIL.
2032 1771 49 22 The
2099 1772 124 22 subscriber
2239 1772 19 22 is
2276 1772 108 27 prepared
2401 1775 22 19 to
2446 1780 54 20 pur-

1992 1798 65 22 chase
2077 1806 24 14 or
2119 1799 66 21 make
2204 1799 79 21 liberal
2307 1799 108 22 advances
2439 1806 61 21 upon

1913 1825 37 21 Oil
1960 1825 122 27 consigned
2093 1828 21 19 to
2124 1825 35 22 his
2169 1826 94 22 London
2281 1826 191 27 correspondents.

2280 1860 29 21 A.
2326 1859 75 28 Hort,
2416 1859 56 22 Jun.

1940 1886 142 27 Wellington,
2094 1886 54 27 July
2158 1888 19 25 2,
2189 1888 62 20 1841.

2054 1931 155 26 Wanganui
2225 1931 133 21 Sections.

1917 1964 64 34 TJTT
1983 1963 107 22 ANTED
2100 1963 40 22 TO
2150 1963 172 27 PURCHASE,
2329 1971 14 14 a
2350 1964 41 22 few
2395 1964 105 27 sections,

1931 1996 11 15 T
1950 1985 18 26 V
2011 1997 28 15 on
2049 1990 129 22 reasonable
2188 1994 76 23 terms,
2275 1991 35 21 for
2319 1990 68 28 ready
2397 1998 90 20 money.

1943 2030 75 27 Apply
2025 2030 31 27 by
2065 2030 66 22 letter
2141 2030 58 26 to.B.
2211 2030 31 27 C,
2253 2034 24 18 at
2286 2030 38 22 the
2339 2030 63 23 office
2420 2032 26 21 of
2463 2031 39 22 the

1917 2058 92 24 Gazette,
2020 2058 64 21 when
2094 2065 14 14 a
2123 2057 103 28 personal
2241 2058 156 27 appointment
2412 2058 47 21 will
2474 2058 28 22 be

1915 2085 72 20 made.

2037 2129 71 20 Well
2118 2129 136 20 seasoned
2261 2129 118 21 Timber.

1914 2162 144 48 WAITT
2077 2162 67 21 AND
2168 2162 98 21 TYSER
2288 2169 38 14 are
2348 2163 110 27 prepared
2481 2165 23 19 to

1997 2189 80 27 supply
2093 2196 45 20 any
2147 2189 103 27 quantity
2260 2189 26 22 of
2297 2189 50 21 well
2362 2192 37 19 cut
2414 2189 89 27 timber,

1915 2216 94 22 suitable
2020 2217 33 20 for
2064 2223 66 20 every
2139 2223 95 20 purpose
2245 2216 25 21 of
2281 2216 108 27 building,
2400 2216 41 22 &c.

1944 2243 145 27 Wellington,
2100 2243 130 27 September
2238 2244 33 25 29,
2283 2244 61 21 1841.

2105 2288 115 21 Feather
2233 2288 81 20 Beds.

1917 2321 88 50 FOR
2020 2321 83 27 SALE,
2121 2324 43 19 two
2173 2328 55 21 very
2237 2321 61 27 good
2314 2321 90 28 English
2418 2321 87 22 feather

1989 2349 61 26 beds,
2062 2356 42 14 one
2117 2348 89 27 bolster,
2218 2348 45 22 and
2277 2352 44 18 two
2337 2349 92 26 pillows.
2458 2349 47 21 En-

1917 2376 62 27 quire
1989 2378 23 19 at
2021 2376 44 21 Mr.
2077 2375 144 27 Pharazyn's.
2232 2375 94 28 Pipetea
2335 2375 54 22 Pah.

2141 2420 53 20 For
2209 2420 71 24 Sale,

1917 2455 51 47 A
1982 2453 74 22 FINE
2065 2453 44 22 fast
2119 2453 78 27 sailing
2213 2453 76 28 yacht,
2301 2457 72 19 cutter
2381 2455 85 27 rigged,
2481 2455 24 21 in

2009 2480 110 27 thorough
2134 2481 79 26 repair,
2234 2481 55 21 with
2294 2502 2 4 ,
2303 2488 51 15 new
2364 2482 59 26 sails,
2439 2481 68 23 chain

1918 2509 69 25 cable,
1999 2507 45 22 and
2059 2507 84 22 anchor
2155 2507 96 28 entirely
2260 2508 118 27 complete.
2406 2509 45 21 She
2462 2509 45 21 will

1918 2542 63 20 carry
1998 2535 69 21 about
2084 2534 62 22 three
2164 2542 24 14 or
2206 2534 52 22 four
2276 2538 59 24 tons,
2356 2535 45 22 and
2418 2536 21 21 is
2456 2535 51 22 well

1917 2561 96 28 adapted
2021 2565 23 18 to
2053 2561 62 22 trade
2125 2561 100 22 between
2235 2561 45 23 this
2289 2562 64 27 place
2362 2562 46 22 and
2416 2563 89 21 Petoni.

1917 2589 77 28 Apply
2004 2592 22 18 to

2175 2615 22 21 J.
2214 2615 33 22 M.
2261 2615 104 27 Taylor,
2381 2616 31 21 Te
2422 2616 56 21 Aro.

2012 2660 92 21 Union
2117 2661 80 20 Bank
2211 2660 31 21 of
2258 2660 150 21 Australia.

1917 2694 96 22 London
2031 2694 92 25 Office,
2140 2693 43 22 No.
2197 2695 37 25 3S,
2253 2694 51 22 Old
2321 2693 185 23 Broad-street.

1972 2726 94 28 Capital,
2075 2727 122 27 800,000;
2218 2726 53 28 paid
2279 2734 40 20 up,
2333 2727 122 28 500,000.-

2152 2764 110 13 DIRECTORS
2267 2766 5 12 :

2023 2788 68 21 George
2098 2788 40 16 Fife
2145 2789 66 20 Angas,
2220 2789 49 20 Esq.,

2023 2809 68 16 Robert
2098 2809 74 20 Brooks,
2181 2810 50 19 Esq.,

2022 2831 62 15 James
2091 2830 49 16 John
2147 2831 100 19 Cummins,
2255 2830 50 20 Esq.,

2023 2851 68 16 Robert
2098 2851 96 20 Gardener,
2206 2851 49 20 Esq.,
2267 2851 122 20 Manchester,

2023 2872 47 16 John
2079 2872 46 16 Gore
2141 2872 48 20 Esq.,

2022 2893 49 16 John
2079 2893 80 16 William
2165 2892 75 19 Buckle,
2246 2892 50 21 Esq.,

2023 2914 96 20 Benjamin
2126 2914 21 16 E.
2154 2914 64 19 Lindo,
2225 2914 49 19 Esq.,

2023 2934 73 17 Charles
2104 2935 76 16 Edward
2187 2934 88 20 Mangles,
2285 2935 48 20 Esq.,

2023 2955 115 20 Christopher
2146 2955 83 20 Rawson,
2238 2956 48 19 Esq.,
2298 2955 82 20 Halifax,

2023 2977 78 15 Thomas
2108 2976 64 19 Sands,
2180 2976 49 20 Esq.,
2237 2975 101 21 Liverpool,

2023 2997 61 16 James
2092 2997 55 20 Bogle
2155 2997 64 19 Smith,
2226 2997 48 20 Esq.,

2023 3018 61 16 James
2092 3017 79 17 Ruddell
2177 3018 57 19 Todd,
2242 3018 44 20 Esq.

1918 3045 95 18 Trustees:
2030 3045 80 17 George
2121 3045 56 16 Cap.r
2189 3045 61 19 Gxyn,
2263 3045 49 20 Esq.,
2323 3045 53 17 John
2387 3045 61 20 Gore,
2458 3044 50 22 Esq.,

2065 3066 36 16 and
2108 3065 66 17 James
2180 3065 17 17 J.
2205 3065 102 20 Cummins,
2317 3065 43 21 Esq.

1945 3093 82 17 Bankers
2033 3098 4 11 :
2049 3093 75 16 Messrs.
2131 3093 61 19 Glyk,
2203 3093 117 19 Hallifax,
2328 3093 71 19 Mills,
2406 3093 37 16 and
2450 3093 31 17 Co.

2038 3121 101 20 Secretary:
2151 3121 83 16 Samuel
2241 3121 95 19 Jackson,
2343 3121 44 21 Esq.

2009 3149 80 16 Colonial
2096 3149 102 20 Inspector:
2211 3148 44 17 J.C.
2261 3148 105 20 M'Laeen,
2374 3149 43 21 Esq.

2041 3197 68 20 New
2126 3196 134 21 Zealand-
2268 3196 117 22 Branch.

1918 3230 54 17 Local
1979 3230 91 17 Directors
2075 3235 6 11 :
2096 3230 47 16 Geo.
2155 3231 17 15 S.
2182 3230 74 19 Evans,
2269 3231 50 21 Esq.,
2331 3231 70 20 D.C.L.,
2413 3231 36 17 and
2462 3231 47 17 Geo.

2140 3251 90 20 Hunter,
2242 3252 44 20 Esq.

1919 3279 95 20 Manager:
2027 3278 47 17 John
2083 3278 71 20 Smith,
2163 3279 48 20 Esq.,
2219 3278 37 17 late
2263 3278 21 17 of
2292 3278 32 17 the
2331 3279 118 17 Commercial
2456 3279 54 17 Bank

2087 3300 20 15 of
2116 3299 88 21 England,
2216 3299 124 18 Manchester.

2029 3327 113 22 Branches
2153 3330 23 19 at
2190 3327 99 28 Sydney,

2192 3354 89 22 Ilobart
2289 3354 77 28 Town,

2192 3381 10 22 I
2209 3385 134 25 <aunceston,
2355 3382 46 22 and

2192 3408 10 21 I
2211 3412 35 18 ort
2255 3408 83 28 Philip.

1919 3434 54 23 Port
1982 3434 130 28 Nicholson,
2124 3434 79 23 March
2213 3436 35 26 24,
2260 3437 62 21 1840.

1920 3488 91 34 npHE
2027 3488 115 23 Directors
2159 3488 25 22 of
2199 3488 40 23 ihe
2255 3489 59 22 New
2329 3489 101 23 Zealand
2443 3488 66 23 Land

1926 3511 30 26 JL
1994 3516 116 26 Company
2124 3516 84 28 hereby
2224 3516 52 27 give
2293 3517 81 26 notice,
2392 3516 49 21 that
2454 3516 55 26 they

1917 3541 58 22 have
1982 3549 113 15 EFFECTED
2105 3549 31 15 AN
2146 3550 174 15 ARRANGEMENT
2327 3543 53 22 with
2387 3542 37 22 the
2432 3542 76 21 Union

1917 3568 66 22 Bank
1997 3569 26 21 of
2039 3569 121 27 Australia,
2176 3569 45 22 No.
2238 3571 34 26 38,
2288 3570 44 22 Old
2348 3569 159 26 Broad-street,

1918 3595 102 27 London,
2031 3596 36 21 for
2075 3596 37 21 the
2125 3596 170 23 establishment
2308 3596 27 23 of
2348 3604 13 14 a
2376 3594 131 23 BRANCH

1917 3622 90 22 BANK
2021 3622 35 22 IN
2070 3622 73 22 NEW
2157 3623 159 27 ZEALAND,
2329 3622 95 27 through
2434 3621 74 22 which

1917 3648 38 23 the
1964 3648 103 23 business
2079 3650 27 21 of
2117 3649 39 22 the
2173 3650 57 23 New
2246 3650 101 21 Zealand
2359 3648 66 23 Land
2441 3648 66 22 Com-

1916 3683 61 25 pany
1987 3676 45 21 will
2040 3676 28 21 be
2077 3677 135 22 transacted.
2241 3676 48 22 The
2303 3676 113 21 Directors
2433 3674 74 23 there-

1916 3704 48 19 fore
1973 3703 146 22 recommend
2127 3707 23 18 to
2168 3704 110 21 Colonists
2295 3702 36 21 the
2350 3702 75 21 Union
2441 3701 66 22 Bank

1917 3729 26 22 of
1961 3730 114 21 Australia
2093 3737 24 14 as
2136 3737 28 15 an
2190 3729 169 23 establishment
2380 3728 128 27 possessing

1917 3755 57 22 their
1990 3756 71 22 entire
2084 3757 137 26 confidence,
2241 3755 45 22 and
2305 3755 50 22 able
2373 3758 23 18 to
2413 3754 94 27 provide

1917 3783 126 27 effectually
2058 3783 35 22 for
2108 3783 39 23 the
2161 3782 104 23 financial
2280 3784 72 20 wants
2368 3781 26 22 of
2403 3781 39 22 the
2458 3781 49 22 first

1916 3810 135 21 settlement.

2085 3836 34 28 By
2129 3836 65 23 order
2202 3836 28 21 of
2239 3834 38 23 the
2287 3834 80 28 Board,

2161 3869 85 23 JOHN
2260 3869 104 26 WARD,
2381 3869 125 28 Secretary.

1917 3911 56 22 New
1983 3911 100 22 Zealand
2093 3910 64 22 Land
2166 3910 136 27 Company's
2312 3909 76 27 Office,

1945 3940 19 21 1,
1975 3938 159 26 Adam-street,
2146 3937 103 28 Adelphi,
2260 3936 55 24 27th
2324 3937 67 25 Aug.,
2402 3937 62 21 1839.
