2520 4029
598 490 220 38 PUBLISHED
860 492 135 38 EVERY
1039 492 260 37 WEDNESDAY
1339 492 87 38 AND
1471 494 226 39 SATURDAY
1742 496 207 39 MORNING.

547 606 131 32 PORT
701 607 285 39 NICHOLSON,
1008 607 307 33 WEDNESDAY
1336 602 238 46 MORNING,
1595 613 229 33 JANUARY
1848 618 52 36 11,
1924 619 90 30 1843.

90 610 61 32 No.
166 609 86 38 210.]

2266 620 99 41 [Vol.
2386 620 67 32 111.

707 54 29 22 NEW
736 54 20 22 ZEALAND
756 54 9 22 GAZETTE

67 76 2406 201 AND

67 277 1203 201 WELLINGTON
1390 277 1083 201 SPECTATOR

184 701 54 22 For
265 701 119 22 London
413 700 94 22 direct.

66 730 104 32 •y<3A
208 737 91 33 rpiHE
315 737 84 28 barque
415 736 116 27 Clydeside,
543 735 97 22 Alfred

79 757 108 39 imSIPS-
215 757 30 29 -^-
282 764 84 22 Adams
376 763 156 27 Commander,
543 761 46 23 will
599 762 41 22 sail

58 786 148 35 /jflflEßlfr
220 791 119 31 positively
356 795 33 18 on'
405 790 109 27 Tuesday,
533 788 37 23 the
588 788 53 23 17th

246 844 77 23 Goods
329 847 84 20 cannot
420 844 29 22 he
459 843 67 23 taken
534 850 29 15 on
568 842 73 24 board

223 871 56 23 after
288 871 38 22 the
337 871 52 22 14th
398 871 91 22 instant.
518 869 76 29 Apply
603 873 24 18 to

192 921 4 6 ,
368 905 85 22 Waitt
467 904 46 23 and
525 904 86 22 Tyser.

83 939 144 29 Wellington,
239 939 102 28 January
351 941 34 25 IQ,
396 940 63 22 1842.

240 986 53 20 For
308 984 147 26 Taranaki,

111 1019 30 19 To
151 1019 40 19 sail
199 1024 27 14 on
238 1019 135 26 Wednesday,
385 1019 36 20 the
430 1019 53 20 11th
495 1019 89 24 inttant,
634 1019 3 13 '■

66 1061 23 12 t
88 1054 12 14 /
96 1045 82 40 ju£&4'
208 1051 91 24 nPHE
322 1052 45 21 fine
386 1052 45 21 fast
453 1052 80 26 sailing
556 1052 84 24 barque

79 1074 108 37 JSgj-gHt
214 1073 31 26 JL
279 1079 74 25 Essex,
371 1077 95 27 Captain
483 1078 100 26 Oakley;
599 1078 41 21 has

60 1100 150 37 >4H|SB»'
215 1110 68 20 ti'oom
293 1105 34 22 for
336 1111 13 15 a
359 1104 44 21 few
411 1106 51 19 tons
472 1104 25 21 of
506 1106 78 24 goods,
594 1104 47 21 and

58 1125 149 38 &gSSKSm
219 1131 60 27 &°od
308 1129 194 24 accommodation
530 1130 40 25 for,
589 1138 51 20 pas-

221 1165 96 16 sengers.
345 1158 46 21 For
403 1156 82 27 freight
500 1163 25 15 or
539 1164 99 20 passage,

217 1184 65 28 apply
293 1188 23 19 to
326 1184 94 28 Captain
431 1183 87 27 Oakley
526 1190 28 15 on
562 1183 77 27 board,

52 1221 25 15 or
86 1217 22 19 to
123 1219 4 5 '

366 1238 86 22 Waitt
467 1237 45 22 and
525 1237 87 25 Tyser,.

226 1285 55 20 For
294 1282 175 28 Valparaiso,

159 1320 28 21 71?
195 1320 41 20 sail
245 1320 22 19 in
276 1319 36 20 the
321 1323 71 16 course
401 1317 27 23 of
438 1318 35 19 ten
482 1317 58 26 days.

65 1347 103 29 sS±&&.
212 1350 93 24 nnHE
323 1350 73 21 SHIP
409 1350 99 26 Bombay,
525 1351 41 20 400
582 1352 57 22 tons,

78 1372 123 38 J^i'
218 1372 37 27 -*-'
272 1377 23 21 3.
314 1377 85 26 Moore,
420 1376 160 27 Commander;
596 1376 46 22 will

58 1398 147 33 >jflgßft^
225 1404 40 21 sail
274 1403 35 21 for
318 1403 38 21 the
366 1403 70 22 above
442 1406 50 24 port
500 1402 55 22 with
560 1403 81 21 imme-

225 1430 59 22 diate
303 1429 108 28 dispatch.
450 1430 42 21 For
510 1429 83 27 freight
615 1437 26 14 or

55 1452 148 38 %^^^Sm
224 1464 14 21 P
240 1464 46 14 assa
288 1464 14 20 S
303 1464 12 14 e
316 1472 6 12 >
333 1463 14 15 a
346 1456 54 28 Pply
413 1459 23 19 to
453 1456 37 22 the
500 1456 93 28 Captain
611 1464 29 14 on

224 1482 76 28 board,
312 1491 25 14 or
346 1486 23 19 to

135 1508 3 4 '
382 1510 42 21 'W.
440 1510 172 22 FITZHERBERT.

132 1556 106 26 Barque
393 1555 31 21 of

79 1584 75 40 jj&iL
178 1588 221 28 /CONSIGNEES
415 1591 27 21 of
457 1590 76 23 Goods
552 1592 30 27 by
601 1591 38 22 the

74 1613 95 36 App&
179 1623 40 18 V>
248 1619 77 20 Prince
335 1619 24 25 of
371 1619 77 26 WaUs,
466 1625 36 15 are
519 1618 120 28 requested

58 1640 113 39 gNfesK
182 1659 3 5 •
190 1649 23 17 to
217 1652 52 19 pass
275 1645 59 23 their
340 1645 80 23 entries
425 1645 54 22 with
485 1645 38 21 the
528 1645 110 27 Customs,

189 1671 45 23 and
243 1675 22 19 to
274 1672 52 22 take
333 1672 62 28 early
401 1672 105 28 delivery,
515 1675 22 19 to
546 1675 93 25 prevent

187 1699 141 27 demurrage.

292 1729 89 19 Willis
395 1725 46 23 and
457 1726 45 27 Co.,
518 1725 93 28 Agents.

78 1757 187 28 Lambton-quay,
278 1757 104 28 January
391 1758 19 27 5,
422 1758 61 22 1843.

252 1802 97 21 Public
364 1803 70 20 Sale.

53 1836 157 48 MESSRS.
224 1836 151 22 BETHUNE
391 1836 45 22 and
451 1836 132 25 HUNTER
593 1836 45 23 will

141 1863 41 22 sell
195 1863 30 28 by
235 1863 105 27 Auction,
358 1866 24 19 at
397 1864 112 21 Lambton
523 1863 73 28 Quay,
608 1871 28 15 on

53 1889 80 28 Friday
144 1892 59 24 next,
212 1889 41 23 .the
264 1890 53 22 ]2th
327 1894 96 23 current,

72 1923 64 22 ONE
151 1923 130 23 SECTION
295 1924 40 22 OF
350 1924 149 22 COUNTRY
514 1924 98 26 LAND,

49 1950 69 28 being
126 1950 43 22 No.
181 1952 10 20 1
203 1958 28 14 on
248 1951 110 27 Surveyor
368 1951 117 22 General's
493 1951 58 22 Plan
559 1952 27 21 of
598 1951 38 22 the

50 1976 94 21 MakarA
160 1978 243 26 District,/judiciously
417 1978 83 22 chosen
517 1985 29 15 on
558 1979 78 25 seeing

49 2000 49 21 that
105 2002 53 21 half
163 2003 42 22 the!
210 2002 82 22 section
302 2010 46 14 was
357 2005 62 25 quite
434 2003 75 25 level,'
512 2004 66 24 clear;
590 2004 45 20 and

49 2023 174 32 spontaneously
231 2028 124 26 producing
370 2029 116 20 luxuriant
503 2035 45 14 sow
560 2027 76 23 thistle

50 2053 45 22 and
103 2061 75 20 grass-;
191 2053 20 22 if
220 2053 19 22 is
254 2054 97 21 watered
367 2054 31 26 by
408 2054 38 22 the
458 2054 79 21 Karori
547 2057 87 24 stream,

50 2080 42 22 and
102 2080 130 22 intersected
242 2080 30 26 by
282 2080 37 21 the
335 2080 56 22 road
405 2087 52 15 now
474 2080 124 28 completed
604 2085 31 20 .to

51 2107 87 27 Karori,
149 2106 43 23 and
201 2106 73 23 which
281 2106 51 28 will,
339 2114 29 15 no
379 2107 76 27 doubt,
467 2107 26 22 be
504 2108 129 26 continued,

50 2141 24 14 as
81 2133 112 28 proposed,
203 2133 95 27 through
306 2133 39 22 the
355 2134 97 21 Makara
452 2145 27 4 —
479 2134 17 21 it
505 2134 19 21 is
533 2134 103 28 adjacent

50 2164 23 18 to
83 2160 36 22 the
130 2160 44 22 fine
187 2163 103 23 pastures
297 2160 35 23 .of!
339 2160 113 28 Wal-riki,
464 2160 43 23 and
522 2161 68 27 being
605 2169 29 14 an

52 2187 83 22 outside
145 2188 91 26 section,
248 2187 130 22 commands
387 2195 14 14 a
410 2188 59 27 good
478 2195 48 14 run.

78 2215 31 22 To
128 2214 43 22 suit
185 2213 137 28 purchasers,
337 2214 17 22 it
368 2214 42 23 has
429 2214 56 23 been
501 2214 133 23 subdivided

51 2242 46 21 intO
106 2249 49 14 FIVE
164 2249 60 14 ACRE
233 2249 62 14 LOTS.
312 2244 4 4 '

49 2295 96 22 LEASE
168 2295 39 22 OF
228 2295 133 22 SECTION
382 2296 43 22 No.
446 2298 27 20 29
497 2296 43 22 ON
563 2296 68 22 THE

232 2322 101 23 RIVER
347 2322 93 28 HUTT,

49 2349 37 22 the
100 2352 86 23 greater
204 2352 50 25 part
263 2349 89 22 cleared
367 2350 45 22 and
420 2357 52 15 now
481 2350 71 22 under
564 2357 54 21 crop
624 2358 7 20 ;

49 2376 43 22 five
102 2376 191 28 dwelling-houses
302 2376 57 23 have
368 2377 59 22 been
437 2376 90 29 already
533 2378 97 27 erected,

48 2403 44 22 and
123 2411 66 20 many
208 2403 2 4 '
221 2403 173 28 improvements
422 2404 133 28 completed.
597 2405 34 21 As

48 2430 83 22 several
134 2437 3 5 1
145 2430 110 28 enquiries
264 2430 58 22 have
339 2430 58 23 been
413 2431 66 22 made
487 2431 34 22 for
529 2431 102 28 portions

48 2457 25 21 of
85 2457 41 22 this
142 2457 108 22 desirable
268 2457 95 28 section,
380 2458 39 22 the
436 2458 71 22 lessee
523 2465 108 21 proposes

48 2484 115 28 subletting
172 2484 17 22 it
198 2484 24 23 in
232 2486 26 20 10
267 2491 52 15 acre
328 2484 51 23 lots,
408 2485 22 24 It
446 2485 20 22 is
476 2492 155 21 unnecessary

47 2513 24 19 to
79 2511 56 22 refer
145 2515 21 18 to
177 2511 36 22 the
223 2510 94 28 fertility
326 2512 26 21 of
365 2511 39 22 the
413 2512 61 22 Hutt
483 2512 59 27 land,
556 2519 24 15 or
589 2512 39 22 the

48 2536 80 29 beauty
138 2538 25 22 of
168 2538 27 22 its
205 2545 99 20 scenery,
316 2545 26 19 o.r
355 2541 23 19 to
391 2538 90 22 remark
497 2540 28 20 oh
535 2534 37 26 the
590 2539 41 22 ad-

48 2567 105 25 vantages
165 2586 5 11 v
169 2564 36 24 of..
209 2568 68 19 water
293 2565 105 27 carriage,
416 2566 32 22 all
462 2566 26 22 of
499 2565 72 27 which
586 2566 45 22 this

48 2591 83 22 section
139 2599 116 20 possesses,
259 2588 114 32 "having'a
382 2592 61 28 large
452 2593 59 21 river
518 2592 111 28 frontage,

48 2618 44 22 and
105 2618 19 22 is
137 2618 104 22 bounded
256 2618 31 28 by
295 2618 42 22 the
347 2622 64 24 great
425 2620 63 21 Road
499 2619 92 28 leading
599 2627 32 20 up

47 2644 38 23 the
93 2645 90 28 Valley;
198 2645 38 22 the
246 2645 122 23 uncleared
373 2646 55 22 land
434 2646 20 22 is
464 2646 107 22 timbered
577 2646 54 22 with

46 2671 101 28 splendid
156 2672 69 28 pines,
236 2672 50 27 &c,
298 2672 72 22 suited
379 2673 36 21 for
424 2673 90 27 sawing.

74 2726 26 21 13
119 2727 54 21 tons'
183 2725 63 27 flour,
256 2733 62 15 more
335 2734 24 14 or
372 2726 45 22 less
432 2726 115 28 damaged,
559 2730 24 18 to
601 2727 28 22 be

46 2752 48 22 sold
103 2752 36 22 for
192 2752 84 22 benefit
285 2752 27 21 of
318 2752 73 22 whom
400 2753 19 21 it
425 2760 54 20 may
488 2761 103 19 concern,

74 2780 15 20 4
97 2781 50 20 tons
156 2778 60 23 fresh
225 2778 97 22 colonial
330 2778 71 28 flour,-

74 2806 27 22 17
109 2805 66 23 hhds.
182 2812 60 20 mm,

71 2834 14 20 3
94 2832 64 22 hhds.
168 2831 78 28 sherry
255 2831 68 27 wine,,
330 2833 16 20 8
353 2839 62 15 cases
423 2832 81 28 sherry,
509 2833 63 28 wine,

73 2860 27 21 10
109 2866 61 15 cases
179 2861 55 25 port,
245 2858 12 21 5
269 2865 61 15 cases
340 2858 79 29 cherry
424 2859 93 29 brandy,
529 2875 3 7 ,

71 2887 28 20 40
107 2886 69 21 boxes
184 2884 94 23 window
288 2884 66 28 glass,

70 2911 77 22 White
156 2911 52 22 lead
213 2911 45 22 and
268 2911 65 22 other
341 2912 81 32 paints,

71 2939 12 21 3
98 2938 110 28 packages
222 2938 47 28 slop
278 2938 100 28 clothing
386 2940 46 22 and
445 2947 97 17 summer
551 2942 76 28 goods,

44 2965 111 27 variously
161 2966 125 26 assprted—
286 2965 105 29 merinos,
399 2968 144 29 bombazetts,
551 2969 77 23 towel-

42 2991 55 28 ling,
107 2992 77 23 ladies'
195 2992 93 28 dresses,
298 2991 44 24 &c.
352 2994 41 22 &c.
403 3001 4 3 -

71 3021 10 20 1
92 3015 50 26 bale
152 3020 84 28 shawls,

71 3048 10 20 1
93 3053 50 15 case
151 3046 83 23 beaver
242 3046 55 28 hats,

70 3074 23 21 A
98 3074 101 27 quantify
208 3074 25 22 of
238 3074 165 28 ironmongery,
413 3075 66 28 tools,-
484 3077 142 28 agricultural

41 3099 150 28 implements,
199 3101 49 27 fire.,
258 3100 46 22 and
313 3108 42 15 one
365 3102 49 25 tool,
421 3102 63 23 chest
493 3105 117 28 complete,

69 3126 94 28 Pickles,
173 3128 110 26 mustard;
290 3128 98 27 vinegar,
396 3129 45 22 and
450 3136 59 21 soap,

68 3155 13 20 2
92 3160 62 15 cases
162 3153 77 22 mould
249 3152 98 27 candles,
542 3152 2 6 '

69 3180 21 22 A
98 3180 86 28 variety
193 3181 28 21 of
225 3180 107 22 valuable
338 3180 77 23 books.
519 3188 6 9 J
546 3184 7 13 '■
563 3192 12 5 ■■
590 3182 35 19 '•'.

303 3243 63 20 also,
397 3249 4 12 :

67 3262 15 21 4
90 3269 57 15 cows
156 3262 47 32 £nd
211 3269 41 15 one
257 3262 35 22 fat
299 3262 99 28 bullock,

67 3288 22 21 A
98 3295 96 21 superior
199 3289 74 28 riding
282 3296 69 21 mare,
559 3305 3 9 ,

67 3314 22 22 A
98 3314 68 24 small
170 3315 33 22 lot
213 3315 25 23 of
249 3323 56 15 ewes
315 3317 44 21 and
365 3316 80 28 lambs,

65 3342 18 20 4.
88 3344 68 25 goats,
166 3343 14 21 2
187 3343 109 28 breeding
304 3349 63 21 sows,
380 3344 45 22 and
434 3347 78 25 Utters,

66 3369 27 21 10
101 3368 51 28 pair,
156 3368 35 28 lop
201 3369 67 23 eared
276 3370 91 28 rabbits,

63 3396 14 20 2
84 3397 65 26 carts,

37 3422 59 22 Sale
111 3429 29 15 to
154 3429 69 15 begin
238 3430 27 16 at
280 3425 27 21 12
317 3425 94 22 o'clock
421 3433 62 15 with
497 3434 61 14 land
573 3434 48 15 and

286 3458 83 16 STOCK.'

62 3475 188 28 Lambton-quay,
261 3477 53 22 Jan.
325 3479 31 26 10,
368 3480 61 22 1842.

272 3522 110 22 Cheese.

31 3571 3 6 .
51 3554 20 22 A
96 3554 116 23 SUPPLY
221 3555 104 22 received
331 3556 85 29 weekly
424 3558 26 22 of
455 3558 57 24 New
518 3559 102 23 Zealand

36 3579 50 24 Jl\-
112 3582 66 22 made
188 3582 91 28 Cheese,
285 3582 59 22 from
352 3583 40 22 the
399 3585 140 28 Cowpasture
546 3587 69 28 dairy,

36 3607 43 22 and
88 3608 33 22 for
129 3608 46 23 sale
183 3612 25 18 at
221 3609 38 22 the
269 3610 107 27 premises
386 3611 26 21 of
423 3611 39 23 the
478 3613 63 23 Meat
551 3614 66 22 Com-

34 3639 65 22 pany.
138 3646 5 4 •

40 3681 3 4 •
62 3686 27 9 T0
91 3688 28 7 .,,.
161 3687 2 6 ,
311 3663 28 22 w
340 3679 6 7 «
356 3664 103 29 Fi-yger,
471 3666 116 29 Manager.
593 3684 3 4 .

62 3686 153 30 Wilhs-street,
226 3689 126 23 December
361 3692 35 26 20,
404 3693 64 25 .1842.

219 3735 84 21 Fresh
318 3735 105 27 Butter,
559 3757 3 5 ,
596 3745 3 5 ■

34 3763 157 49 ALWAYS
207 3775 29 15 on
251 3769 49 21 Sale
356 3769 38 22 the
405 3770 64 23 Meat
479 3773 134 27 Company's

110 3794 113 25 premises.

59 3843 60 13 x-..,,.
197 3822 3 5 '
349 3823 104 30 Flygeh,
468 3825 116 29 Manager.

59 3843 153 33 WilhVstreet,
224 3848 55 23 Dee.
290 3851 21 26 2,
323 3851 61 26 1842,
573 3858 3 5 ■

79 3888 87 24 LANK
185 3886 140 35 TPRJ^TED.
349 3890 212 35 INDENTURES,
581 3905 29 16 on

31 3918 45 34 ;frf
104 3923 67 21 paper
189 3919 43 23 and
252 3921 140 27 parchment,
411 3923 35 22 for
464 3923 44 22 sale
526 3928 25 18 at
572 3925 40 22 the

625 3942 3 28 I

754 699 54 20 For
816 697 60 21 Sale
884 698 39 25 by
931 697 110 21 Private
1050 697 128 27 Bargain;

674 731 91 50 THE
775 732 71 21 Lease
857 730 25 22 of
892 730 156 28 Prelimenary
1059 731 89 22 Section
1158 731 26 22 of
1195 730 65 23 Land

747 758 44 22 No.
800 758 36 26 45,
850 758 97 21 situated
955 758 25 21 in
990 758 133 22 Robinson's
1134 758 55 28 Bay,
1200 765 60 15 com-

672 784 77 29 monly
766 784 73 23 called
857 784 80 27 Okiwi,
955 784 55 22 Port
1023 784 129 28 Nicholson,
1172 792 24 15 as
1210 791 50 22 pre-

672 811 72 29 sently
759 810 115 29 possessed
892 811 31 27 by
937 810 100 23 William
1054 811 83 27 Deans,
1153 812 54 21 with
1222 811 38 22 the

672 838 96 28 Houses,
780 838 75 28 Crbps,
866 838 48 26 &c,
930 845 30 14 on
970 837 38 22 the
1017 844 70 16 same.
1114 838 49 22 The
1172 838 59 22 lease
1240 838 20 22 is

670 865 36 22 for
715 865 38 22 the
763 868 58 19 term
831 865 26 22 of
860 866 27 20 14
893 871 74 21 years,
975 864 45 23 and
1028 865 147 22 commenced
1182 871 29 16 on
1221 864 39 23 the

671 892 52 23 25th
736 892 113 27 January,
867 892 61 26 1841,
947 894 25 19 at
987 891 38 22 the
1043 891 78 28 yearly
1136 894 51 20 rent
1205 892 27 21 of
1245 899 15 14 a

671 926 67 21 peper
747 925 54 16 corn
808 918 36 22 for
852 918 38 22 the
899 918 48 23 first
953 918 65 23 three
1026 925 73 21 years,
1111 918 44 23 and
1164 918 46 23 £30
1219 925 41 21 per

671 953 83 14 annum
764 944 35 23 for
810 945 38 22 the
857 945 127 27 remaining
993 945 80 22 eleven
1082 952 72 20 years.

698 972 72 24 There
788 972 20 22 is
826 979 14 15 a
863 972 152 23 considerable
1039 972 103 28 quantity
1160 972 24 21 of
1203 971 56 22 land

671 999 90 27 already
776 998 87 23 cleared
880 999 46 22 and
944 998 24 22 in
983 1002 62 24 crop.'
1081 998 47 23 The
1145 998 114 27 dwelling-

671 1026 68 22 house
754 1027 20 21 is
788 1033 14 14 a
815 1029 58 19 most
888 1026 152 26 comfortable,
1060 1025 137 28 substantial,
1213 1026 46 21 and

671 1053 150 22 commodious
836 1053 96 22 erection
939 1061 5 19 ;
961 1052 46 22 and
1016 1052 38 23 the
1062 1052 63 28 place
1135 1052 123 27 altogether

671 1079 18 22 is
704 1082 56 19 most
773 1079 123 22 admirably
906 1078 126 23 calculated
1041 1079 35 22 for
1091 1078 37 23 the
1144 1079 113 22 residence

670 1106 27 21 of
707 1113 14 14 a
730 1106 137 26 respectable
876 1105 85 27 family,
979 1105 43 22 and
1031 1105 45 22 will
1092 1105 43 22 suit
1146 1105 48 23 well
1202 1105 55 22 both

671 1139 24 14 as
705 1139 13 14 a
725 1132 62 27 dairy
792 1132 46 21 and
847 1132 62 21 stock
915 1132 91 21 station.
1034 1132 49 21 The
1090 1132 121 27 purchaser
1214 1140 42 15 can

671 1158 55 21 have
737 1165 14 15 a
759 1158 61 28 large
830 1158 86 27 quatity
925 1158 26 21 of
957 1158 90 28 poultry
1056 1158 21 21 if
1083 1158 28 22 he
1121 1159 84 22 choses.

698 1184 44 22 For
750 1184 86 22 further
845 1184 131 28 particulars
982 1184 66 28 apply
1054 1188 22 19 to
1081 1186 54 24 .Mr.
1145 1185 111 23 WiiliAm

671 1212 72 26 Lyon,
755 1210 125 28 Merchant,
890 1211 148 27 Wellington,
1049 1219 25 14 or
1083 1214 22 19 to
1115 1212 50 22 Mr.
1175 1212 81 23 Deans

671 1245 29 14 on
711 1238 38 21 the
758 1238 113 28 premises.

699 1270 125 22 December
834 1271 33 25 14,
879 1270 61 22 1842.

671 1315 52 21 For
733 1315 70 26 Sale,
814 1315 46 22 the
871 1318 83 24 cargo
966 1315 32 21 of
1008 1316 46 21 the

675 1350 102 31 Vfkfk
796 1346 79 23 TONS
895 1346 84 23 BEST.
990 1347 137 22 CHILIAN
1144 1347 110 27 FLOUR,

671 1369 33 29 O
805 1373 61 22 fresh
873 1374 88 26 ground
971 1374 72 22 direct
1052 1374 57 22 from
1116 1374 138 28 Valparaiso,

779 1402 24 20 at
811 1400 48 23 £20
867 1407 40 21 per
919 1403 52 25 ton,,
979 1400 61 23 cash.

1023 1434 83 23 Waitt
1116 1435 47 22 and
1170 1435 84 22 Tyser.

671 1459 145 29 Wellington,
827 1461 129 23 November
965 1463 21 26 4,
998 1463 62 21 1842.

671 1513 52 21 For
735 1512 70 25 Sale,
815 1513 46 20 the
877 1518 83 21 cargo
979 1513 30 21 of
1020 1513 46 21 the

678 1544 16 35 |
713 1544 62 35 Kfk
803 1544 80 23 TONS
907 1545 27 22 of
953 1545 38 22 the
1014 1546 49 22 best
1085 1546 61 22 fresh
1168 1546 87 28 ground

676 1567 99 26 Itlv
791 1571 87 22 Chilian
893 1571 65 28 flour;
974 1579 51 15 now
1040 1572 91 28 landing
1144 1574 57 21 from
1217 1573 37 22 the

792 1599 101 27 Cheeiful,
912 1598 72 23 direct
997 1599 57 22 from
1073 1600 130 27 Valparaiso
1204 1611 28 5 —
1233 1603 22 19 at

670 1624 47 23 £20
725 1631 41 21 per
777 1628 44 19 ton.

985 1653 82 22 Waitt
1082 1660 46 15 and
1142 1653 86 23 Tyser.

699 1678 47 22 Oct.
756 1680 35 25 23,
802 1680 61 21 1842.

847 1725 42 21 Ex

673 1756 66 35 O(\
756 1757 80 22 TONS
850 1757 46 22 first
912 1757 60 22 fresh
986 1758 87 27 ground
1090 1758 91 28 Sydney
1191 1758 60 23 flour

669 1781 33 23 fcJ
707 1786 32 19 vf
770 1785 26 20 15
812 1784 71 22 chests
891 1785 73 27 hyson
975 1788 42 24 tea,

756 1812 40 21 100
811 1811 72 22 chests
891 1818 70 20 green
970 1815 44 24 tea,

771 1840 26 20 10
811 1838 54 28 bags
873 1838 76 27 coffee,
1104 1837 9 9 '
1137 1856 3 3 .

782 1865 14 21 5
810 1865 55 27 bags
873 1873 89 20 pepper,

984 1892 83 23 Waitt
1081 1892 46 23 and
1140 1894 84 22 Ttser.

697 1917 97 22 October
802 1919 34 26 25,
848 1920 61 21 1842.

916 1965 91 21 Seeds.

669 1997 71 45 ON
749 1997 87 26 SALE,
845 2001 25 18 at
878 1998 38 21 the
925 2000 88 19 Gazette
1017 1999 78 26 Office,
1103 2000 23 20 in
1132 2000 120 26 quantities

746 2025 22 17 to
775 2023 44 21 suit
828 2023 137 28 purchasers,
976 2025 38 21 the
1023 2025 113 26 following
1146 2026 62 21 seeds
1215 2033 7 14 :
1224 2037 28 4 —

695 2047 75 21 Sword
779 2047 108 29 long-pod
894 2050 67 27 beari,

695 2073 118 28 Long-pod
824 2075 64 26 bean,

693 2099 110 28 Speckled
812 2101 73 23 dwarf
892 2102 84 29 kidney
986 2103 64 28 bean,

693 2127 74 22 Broad
776 2127 66 28 bean,

693 2153 73 23 Horse
777 2154 64 29 bean,

693 2181 86 22 Scarlet
787 2189 90 20 runner,
947 2183 12 11 *

692 2207 68 28 Early
770 2208 108 23 Warwick
886 2217 49 20 pea,
1092 2227 3 4 .
1191 2225 2 7 ,

692 2234 68 28 Early
769 2235 116 23 Mazarine
894 2244 49 20 pea,

692 2259 104 25 Prussian
806 2262 52 23 blue
867 2270 48 21 pea,

692 2288 107 23 Nonsuch
808 2297 50 20 pea.

691 2315 55 22 Blue
756 2316 102 28 imperial
867 2324 48 21 pea,
942 2325 11 14 ,•
968 2326 8 10 <.
1166 2325 13 6 ■-
1259 2326 1 13 ;

690 2343 96 26 Spanish
796 2343 72 23 dwarf
873 2351 48 20 pea,

667 2392 3 10 (
690 2369 73 28 Large
773 2371 98 27 cabbage
880 2371 89 28 lettuce,
1158 2371 21 19 »*

690 2396 132 24 Drumhead
832 2398 98 27 cabbage
939 2399 90 28 lettuce,
1063 2420 3 5 ,
1090 2418 3 5 ,
1209 2419 3 6 ,
1239 2395 4 28 I

690 2423 115 23 Battersea
814 2425 106 27 cabbage,
1221 2424 3 8 '
1257 2442 3 10 ,

690 2450 130 23 Drumhead
829 2451 106 28 cabbage,
984 2451 64 28 -:j
1062 2459 4 5 '
1083 2462 3 4 <
1200 2451 12 22 ','-
1231 2452 9 11 '

690 2477 49 23 Red
749 2477 75 23 Dutch
834 2478 105 28 cabbage,
1044 2493 3 5 .
1101 2494 4 4 •
1231 2483 8 17 ?

690 2504 93 23 Puller's
793 2505 60 28 early
864 2506 106 28 cabbage,
998 2526 5 4 ,
1037 2517 4 3 ■
1061 2526 4 5 .
1099 2519 4 13 ;

690 2531 104 23 Prussian
804 2533 65 21 white
878 2534 82 29 turnip,
1010 2535 49 29 \
1081 2553 3 6 ,
1115 2548 3 5 ,

689 2555 86 26 Yellow
786 2558 77 23 Swede
873 2560 82 28 turnip,
1057 2555 6 33 \
1070 2560 22 28 '"_>
1133 2560 3 5 '
1166 2562 12 21 '.
1191 2564 5 2 '
1200 2563 3 3 '
1215 2555 16 34 '\
1255 2567 3 22 \

690 2585 80 33 Purple
780 2589 37 25 top
827 2587 169 32 Swedejturnipi
1015 2583 73 16 ■'''"'
1142 2592 4 5 '
1179 2595 5 4 '
1207 2585 33 32 j§'
1255 2594 3 13 *

659 2627 2 4 •
688 2612 74 23 White
773 2616 63 19 stone
848 2614 81 28 turnip,
1137 2619 4 3 ■
1153 2619 3 4 '
1197 2611 26 11 v*
1229 2612 3 4 '
1255 2630 2 7 ,

659 2648 4 15 ;
689 2639 74 23 White
773 2640 55 22 horn
839 2641 81 27 turnip,
1194 2658 19 8 ,v
1214 2663 3 4 ,
1254 2660 3 8 ,

688 2666 72 22 Silver
768 2667 80 22 leaved
857 2667 56 28 beet,
1201 2684 4 4 .
1236 2684 2 5 ,

688 2693 49 22 Red
745 2693 59 28 beet,
1053 2695 4 3 '
1255 2695 2 9 '

688 2719 110 28 Mangold
809 2721 94 28 wurtsel,
1183 2729 4 3 -
1255 2729 2 16 i

688 2747 141 27 Attringham
840 2752 78 24 carrot,
1198 2754 3 3 '
1254 2757 4 9 <

688 2773 66 28 Early
763 2770 57 27 horn
830 2780 91 23 carroty

688 2799 64 28 Long
762 2808 81 21 orange
854 2806 78 24 carrot,

687 2825 74 23 White
771 2827 107 29 mustard,

676 2875 3 5 ,
688 2853 81 22 Curled
777 2860 66 22 cress,

688 2879 63 28 Long
761 2881 79 22 scarlet
848 2881 81 28 radish,

687 2906 74 23 White
770 2908 74 28 turnip
853 2908 81 28 radish,
1168 2924 2 6 ,
1201 2919 3 3 ■

686 2933 50 22 Red
744 2934 75 25 turnip
827 2934 82 28 radish,
1006 2950 2 4 ■

679 2961 140 27 'Strasburgh
827 2961 75 28 onion,
1180 2979 5 3 -
1198 2979 2 5 ,
1215 2980 3 2 .

686 2987 79 24 Brown
776 2988 97 28 Spanish
881 2989 74 28 onion,
1008 2995 4 6 '
1196 2995 4 4 '
1233 2994 3 5 '

686 3014 97 29 Parsnip,
981 3018 3 3 '

685 3042 82 23 Curled
776 3042 95 28 parsley,

685 3068 74 23 Green
770 3070 76 22 curled
859 3070 86 29 endive,

683 3096 109 23 Batavian
801 3096 87 29 endive,

683 3122 68 28 Leek,

683 3149 135 29 Asparagus,
934 3160 3 4 •
973 3152 4 3 '
999 3151 15 14 •'•
1032 3157 6 7 J
1036 3169 3 4 .
1085 3161 3 4 •
1112 3153 19 13 >''
1169 3160 9 6 ■■
1195 3154 55 24 ''-'■',

683 3176 43 22 Sea
735 3177 52 27 kail,
1027 3180 61 20 ..I:
1101 3187 3 11 c
1118 3185 4 14 :
1155 3191 3 5 •
1212 3191 15 8 ,v
1247 3173 7 25 1

684 3203 72 22 Globe
766 3209 86 23 savoys,
860 3220 3 5 .
982 3223 4 6 ,
1022 3222 3 5 ,
1048 3222 3 3 .

684 3230 81 23 Curled
774 3230 92 30 brocoli,
874 3254 4 3 .

681 3256 51 23 Red
740 3258 57 22 solid
806 3258 74 28 celery
889 3260 46 22 and
944 3260 68 23 white
1022 3262 81 28 celery}
1250 3272 2 10 i

682 3284 103 28 Cabbage
797 3285 89 28 lettuce,
977 3295 4 2 -
993 3293 3 3 •
1047 3291 3 7 i
1250 3298 2 10 ,

650 3322 2 5 ■
682 3311 104 22 Summer
794 3319 87 21 savory,

681 3336 87 26 Winter
778 3346 86 22 savory,
990 3359 2 5 ,

681 3364 64 28 Sage,

680 3390 74 24 White
763 3392 59 28 beet,
958 3413 3 3 .
1158 3391 5 3 '
1212 3394 2 5 '
1248 3407 3 4 .

650 3422 4 6 '
679 3416 93 30 Thyme,
954 3428 9 4 -
1004 3425 3 6 •

679 3444 99 24 Brussels
787 3450 94 25 sprouts,
928 3468 2 4 .

678 3470 94 30 Borage,

678 3498 116 32 Angelica,

678 3523 74 25 White
761 3528 80 22 selesia
848 3528 91 28 lettuce,

677 3551 81 24 Brown
768 3555 45 22 and
821 3555 66 23 white
895 3563 52 20 goss
956 3556 92 24 lettuce.

676 3578 93 30 Salsafy,

676 3604 72 25 Vanal
758 3608 104 28 cabbage,

675 3632 78 28 Sorell,

674 3658 93 29 Fennel,

674 3685 122 31 Lavender,
943 3696 5 6 •
1115 3695 15 15 *
1138 3700 3 3 ■
1176 3697 3 6 •
1192 3684 2 5 '

673 3712 66 28 Long
747 3715 86 28 prickly
843 3717 125 28 cucumber,
1022 3721 3 7 '

674 3740 71 22 Sweet
753 3742 56 22 basil
818 3743 46 22 and
871 3743 57 25 bush
937 3744 66 27 basil,
1116 3757 2 9 .

659 3788 1 6 ,
673 3766 97 30 Hyssop,
911 3789 16 10 )1(

672 3793 68 29 Early
750 3794 148 25 cauliflower/

644 3818 11 31 ',
672 3820 54 23 Also
737 3829 13 14 a
765 3823 87 28 variety
861 3823 26 22 of
891 3823 77 23 flower
979 3824 71 28 seeds,
1060 3825 58 24 both
1128 3826 105 25 Colonial

644 3847 46 22 and
699 3847 101 29 English.
813 3871 4 5 ,
983 3851 4 7 '
1027 3855 4 12 :
1116 3858 22 9 --
1166 3861 2 6 >
1205 3867 6 4 .

671 3879 127 23 December
806 3883 20 25 8;
838 3883 61 21 1842.
921 3890 12 10 •'
970 3896 4 4 ■
1014 3895 3 5 .
1027 3899 6 3 .
1041 3896 4 4 •
1149 3890 3 12 i
1156 3886 21 16 -;'

650 3919 94 40 JUST/
749 3923 132 27 OPENED,
889 3926 48 22 and
944 3933 30 15 on
985 3921 50 28 Safe
1045 3930 23 20 at
1077 3928 37 23 the
1125 3923 71 31 Offici
1206 3931 27 23 of

644 3949 26 23 O
706 3950 43 23 this
758 3950 80 30 Paper,
847 3952 39 24 ins
895 3953 78 23 stands
984 3954 26 23 of
1015 3952 97 26 various'
1114 3956 62 29 size^.

1415 699 57 21 Ten
1486 700 119 22 Guineas
1619 702 124 22 Reward.

1293 733 28 22 T
1340 732 63 28 OST,
1414 736 24 19 at
1446 741 24 14 or
1478 734 102 22 between
1589 734 119 24 Waikanai
1717 736 46 22 and
1770 734 64 25 Porif
1835 744 35 20 ua,

1292 757 45 24 JU
1375 766 13 15 a
1411 760 64 22 small
1498 760 152 24 Mackintosh'
1662 762 55 27 Bag,
1742 763 129 27 containing

1292 786 84 22 Letters
1404 787 46 22 and
1477 787 88 28 Papers,
1578 791 3 13 '
1589 788 38 22 the
1654 793 106 24 property
1786 791 26 20 of
1835 789 35 24 W.

1292 812 129 28 Searancke,
1438 814 52 28 Esq.
1496 822 11 18 ;,
1518 814 47 23 also
1578 810 85 27 several
1669 828 2 7 .
1678 815 103 29 Cheques
1796 816 77 23 drawn

1290 846 28 15 on
1338 839 37 22 the
1393 840 77 23 Union
1488 842 64 22 Bank
1562 842 34 22 'of
1612 842 119 27 Australia,
1751 843 31 27 by
1801 843 21 23 J.
1843 844 26 22 T.

1290 866 134 23 Wicksteed.

1316 892 54 28 Any
1378 900 81 20 person
1462 890 91 33 'finding
1562 895 39 23 the
1609 902 67 21 same,
1686 896 45 22 and
1740 896 107 27 bringing
1852 897 19 22 it

1288 922 24 19 to
1320 919 37 22 the
1368 920 71 23 Office
1448 922 27 22 of
1487 922 70 22 either
1566 923 38 21 the
1614 924 53 20 New
1680 924 94 20 Zealand
1784 925 87 20 Gazette

1290 953 25 15 or
1325 947 96 29 Colonist,
1433 949 43 22 will
1485 949 87 23 receive
1582 949 37 23 the
1629 949 70 23 above
1708 951 92 22 reward.

1315 979 100 30 January
1424 983 32 25 10,
1468 983 59 21 1843.
1788 982 2 6 '

1289 1024 63 27 Ship
1367 1025 83 22 Hotel
1464 1026 21 21 &
1499 1027 114 25 Tavern,
1628 1028 131 21 Mariners
1773 1028 96 26 Street,

1436 1059 40 23 BY
1490 1059 85 23 JOHN
1589 1061 131 27 FULLER,

1288 1092 79 20 WINES,
1379 1092 94 21 SPIRITS,
1484 1093 47 15 AND
1539 1094 63 15 MALT
1612 1094 96 17 LIQUORS
1719 1095 27 14 OF
1757 1095 114 15 SUPERIOR

1523 1120 106 16 QUALITY.

1360 1139 155 22 Commodious
1523 1147 74 15 rooms
1607 1141 51 21 with
1668 1141 57 26 good
1734 1141 62 22 beds.

1314 1166 91 21 Dinners
1421 1169 38 23 got
1478 1167 64 26 ready
1561 1174 26 14 on
1607 1169 35 19 the
1654 1169 92 20 shortest
1765 1169 76 21 notice.

1366 1200 32 14 AN
1408 1201 118 15 ORDINARY
1536 1202 70 14 DAILY
1615 1202 30 14 AT
1654 1196 14 20 2
1685 1195 103 22 O'CLOCK.

1523 1238 106 21 Notice.

1287 1268 90 49 ALL
1392 1270 84 27 parties
1485 1277 51 15 now
1551 1271 92 28 grazing
1659 1272 68 22 cattle
1741 1273 47 21 and
1802 1273 67 28 sheep

1365 1303 28 14 on
1403 1296 39 22 the
1452 1297 78 21 Heads
1544 1297 27 22 of
1584 1297 82 23 Watt's
1682 1299 138 28 Peninsular,
1832 1308 37 14 are

1287 1323 116 27 requested
1407 1325 24 19 to
1438 1330 91 16 remove
1532 1323 38 23 the
1577 1332 61 14 same
1643 1332 63 21 away
1709 1327 159 28 immediately.

1582 1358 27 23 F.
1622 1359 30 22 A.
1668 1360 172 23 MOLBSWORTH.

1313 1389 145 29 Wellington,
1469 1391 101 28 January
1579 1394 21 25 3,
1612 1394 60 21 1843.

1469 1436 35 22 W.
1520 1437 34 22 M.
1569 1438 107 28 SMITH,

1286 1475 56 16 LATE
1354 1477 234 16 SURVEYOR-GENERAL
1599 1479 27 14 TO
1638 1480 46 14 THE
1698 1480 51 15 NEW
1765 1480 104 16 ZEALAND

1520 1504 114 21 COMPANY,

1313 1522 142 28 Surveyor,
1469 1524 211 27 Draughtsman,
1694 1527 55 20 and
1763 1528 91 28 Landg

1527 1552 99 26 Agent.

1286 1576 175 28 Tinakori-road,
1472 1577 100 28 January
1584 1579 21 26 4,
1618 1581 60 21 1843.

1513 1624 41 20 On
1568 1624 65 21 Sale.

1302 1654 18 22 A
1336 1654 19 23 T
1363 1654 38 23 the
1412 1655 72 22 Stores
1493 1654 26 23 of
1526 1655 91 23 Messrs.
1627 1656 65 28 Hort,
1704 1658 108 27 Mocatta,
1824 1659 45 22 and

1285 1682 50 21 jOL
1363 1682 46 26 Co.,
1421 1684 24 19 at
1452 1684 89 19 reduced
1544 1684 79 27 prices,
1634 1684 37 22 the
1682 1691 66 20 cargo
1755 1685 26 21 of
1787 1686 77 27 Sugar,

1285 1707 61 28 Rice,
1356 1708 46 22 and
1412 1709 80 28 Coffee,
1504 1717 28 15 ex
1539 1711 67 20 Anita
1615 1712 57 21 from
1683 1711 103 23 Manilla.

1311 1742 101 27 January
1418 1745 22 25 3,
1451 1745 60 20 1843.

1327 1786 39 21 To
1379 1786 35 21 be
1428 1787 50 20 Let
1492 1793 36 15 on
1541 1787 157 28 improving
1711 1789 110 25 Leases,

1284 1819 79 49 NO.
1377 1821 29 22 47
1420 1820 44 22 ON
1476 1821 65 22 THE
1555 1821 93 28 HUTT,
1665 1822 44 22 and
1727 1822 43 22 No.
1781 1824 41 21 312
1837 1830 29 15 on

1348 1847 38 22 the
1404 1847 145 28 Manawatu,
1566 1851 23 18 to
1604 1848 27 22 be
1647 1849 31 21 let
1697 1856 29 14 on
1741 1849 127 28 improving

1283 1873 75 28 leases,
1368 1875 25 21 in
1402 1874 69 22 farms
1482 1874 25 22 of
1518 1874 56 22 from
1583 1875 13 21 5
1606 1878 23 19 to
1638 1877 28 20 20
1675 1883 69 15 acres.

1310 1901 43 23 For
1360 1901 88 22 further
1456 1901 130 28 particulars
1597 1902 67 28 apply
1673 1906 24 18 to

1574 1933 111 24 William
1695 1934 170 24 Fitzherbert.

1282 1959 98 28 January
1389 1961 21 26 3,
1421 1961 61 21 1343.

1271 1999 33 25 4?
1315 2004 11 23 \
1395 2006 54 20 For
1463 2005 69 25 Sale,
1547 2011 36 15 ex
1598 2002 152 25 "Nelson.'*

1283 2036 106 48 PALE
1403 2035 96 23 INDIA
1515 2037 61 22 ALE
1590 2037 24 22 in
1629 2038 77 27 bottle,
1719 2038 86 28 Bryant
1819 2040 46 22 and

1355 2062 96 27 Davis's,

1310 2089 68 27 Stout,
1389 2089 86 27 Bryant
1483 2089 45 22 and
1537 2091 95 27 Davis's,

1309 2115 61 23 Bass'
1380 2116 85 21 Burton
1475 2116 41 27 ale,

1309 2142 53 22 Pale
1381 2142 78 27 sherry
1476 2143 44 21 and
1537 2144 110 27 Madeira,
1667 2145 136 24 Rutherford
1819 2147 45 22 and

1281 2169 93 28 Drury's
1382 2169 79 26 brand,

1309 2195 60 28 Very
1379 2195 36 21 old
1425 2195 109 28 Madeira,
1544 2200 50 24 port
1609 2198 43 21 and
1667 2198 76 28 sherry
1752 2200 23 22 in
1791 2200 72 28 wood,

1281 2222 134 22 Rutherford
1425 2223 44 21 and
1478 2223 92 28 Drury's
1581 2225 78 27 brand,

1309 2249 44 23 Old
1362 2256 85 20 cognac
1455 2250 86 28 brandy
1550 2251 25 22 in
1584 2251 75 28 hottle,

1308 2276 82 27 Cherry
1400 2276 86 28 brandy
1495 2277 23 22 in
1528 2286 68 20 cases,

1307 2303 118 28 Sparkling
1435 2303 142 30 champagne,

1307 2329 142 24 Maraschion
1460 2331 44 22 and
1509 2333 76 26 punch
1595 2340 97 20 essence,

1306 2357 49 23 Eau
1365 2357 28 22 de
1407 2357 103 28 Cologrie,

1307 2385 10 21 1
1328 2392 51 15 case
1389 2384 88 23 French
1485 2392 59 22 rugs.

1276 2428 4 4 ,
1305 2411 109 23 Assorted
1424 2412 101 28 anchors,

1306 2438 70 23 Chain
1386 2440 82 26 cables,
1478 2441 89 22 various
1576 2440 62 28 sizes,

1272 2487 10 6 ..
1306 2465 79 23 Patent
1395 2472 92 24 carpets,

1306 2492 95 29 Glasses,

1272 2521 4 12 1
1290 2527 3 5 '
1305 2519 124 24 Tumblers.

1283 2546 117 28 -Pickles,
1446 2554 2 6 ■

1304 2574 78 22 Butter
1390 2575 25 22 in
1421 2575 54 28 jars,

1305 2600 53 23 Pine
1369 2601 86 29 cheese,
1469 2603 40 22 &c.
1520 2603 40 23 &c.

1283 2628 3 10 1
1588 2630 82 23 Waitt
1685 2631 46 22 and
1748 2632 85 23 Tyser.

1271 2672 10 9 ■*
1304 2660 144 29 Wellington,
1460 2663 128 28 September
1597 2665 33 25 30,
1645 2667 59 20 1842.

1305 2707 39 20 To
1355 2708 198 26 Ship-builders
1568 2711 55 20 and
1638 2710 195 27 Ship-owners.

1280 2739 70 49 ON
1365 2740 79 22 SALE
1457 2741 29 27 by
1496 2741 38 22 the
1543 2741 149 28 undersigned
1699 2750 5 14 :
1706 2754 28 5 —

1341 2766 105 23 Anchors
1456 2768 27 21 of
1492 2767 30 23 all
1532 2769 62 27 sizes,

1305 2793 70 23 Chain
1385 2794 74 22 cables
1469 2794 44 22 and
1527 2795 60 23 short
1602 2795 77 23 linked
1694 2796 84 28 chains,
1789 2797 72 22 tested

1277 2820 31 28 by
1316 2827 13 15 a
1337 2820 135 28 hydrostatic
1480 2822 88 28 engine,
1577 2823 99 22 assorted
1685 2823 56 23 sizes
1751 2824 44 22 and
1805 2831 55 15 war-

1276 2848 84 27 ranted,
1374 2863 3 4 •
1429 2864 4 4 ,
1445 2855 2 5 •

1304 2874 106 23 Bitheads
1419 2875 45 22 and
1473 2883 62 20 spare
1545 2876 109 27 shackles,

1304 2901 112 23 Windlass
1425 2903 66 21 metal
1501 2903 24 21 in
1535 2903 108 28 complete
1654 2906 59 25 setts,

1304 2928 113 23 Mariners
1425 2936 129 21 compasses,

1304 2955 45 23 Sail
1358 2963 92 15 canvass
1460 2956 44 22 and
1515 2957 71 27 twine,

1303 2982 71 27 Pitch,
1385 2986 42 24 tar,
1438 2983 40 22 &c.
1488 2983 41 23 &c.

1280 3020 17 15 ,*
1635 3011 89 23 Willis
1734 3020 47 14 and
1791 3012 50 22 Co.-

1276 3035 98 24 October
1382 3038 33 25 11,
1428 3038 59 21 1842.

1328 3081 53 22 For
1400 3080 62 23 Sale
1484 3084 29 19 at
1534 3082 45 21 the
1594 3083 108 21 Nelson
1721 3084 82 26 Dairy

1278 3123 23 13 ,*
1327 3132 3 4 .
1445 3122 2 5 ■
1459 3128 2 6 ,
1541 3111 40 22 '.at

1452 3135 105 22 Nelson
1570 3136 103 22 Haven.

1277 3171 65 21 QA
1358 3168 85 21 COWS
1457 3168 35 22 IN
1507 3168 86 27 CALF,

1272 3190 33 35 Q
1309 3190 33 31 U
1370 3196 28 20 30
1405 3194 83 22 heifers
1497 3194 23 22 in
1531 3195 50 28 calf,

1366 3222 31 21 •50
1405 3229 77 20 young
1490 3221 89 30 heifers,

1281 3260 7 4 -
1297 3248 16 21 4
1321 3247 117 23 half-bred
1447 3248 101 23 Durham
1559 3249 67 27 bulls,

1299 3276 24 20 11
1334 3277 75 25 steers,
1438 3281 17 3 ••
1465 3288 3 12 ,

1324 3303 14 20 6
1347 3302 101 27 working
1455 3302 110 27 bullocks,

1323 3329 14 21 4
1347 3328 63 22 stock
1418 3328 84 29 horses,

1323 3356 42 21 100
1374 3360 76 23 ewes,'
1480 3365 3 4 •
1672 3364 16 9 «~

1322 3382 28 22 50
1358 3382 104 28 wethers,
1513 3387 2 5 '
1532 3397 3 4 -
1789 3398 5 4 .

1266 3432 3 3 .
1295 3408 47 24 The
1357 3409 72 23 above
1443 3417 37 17 are
1494 3410 57 25 from
1565 3409 41 23 Dr.
1617 3410 93 28 Imlay's
1727 3411 127 23 celebrated

1268 3436 62 22 stock
1339 3439 23 19 at
1371 3436 102 24 Twofold
1483 3437 56 34 Bay.
1567 3437 48 22 The
1626 3438 66 22 cattle
1707 3438 86 22 arethe
1803 3438 51 23 best

1268 3463 60 28 bred,
1338 3462 58 24 have
1407 3464 58 22 been
1473 3464 85 22 landed
1566 3465 23 21 in
1602 3464 39 22 the
1651 3464 66 23 finest
1727 3465 70 27 order,
1809 3465 43 23 and

1265 3489 60 23 form
1332 3491 40 22 the
1384 3491 53 23 best
1445 3491 104 23 selection
1557 3491 25 23 of
1588 3498 43 21 any
1638 3491 32 23 lot
1678 3495 39 24 yet
1725 3492 97 28 brought
1830 3496 22 19 to

1268 3517 55 22 New
1332 3517 108 23 Zealand.
1469 3518 44 22 For
1518 3518 136 29 particulars,
1665 3519 67 28 apply
1741 3522 22 19 to

1430 3572 4 4 .
1455 3553 138 28 S.'Revans,
1608 3553 143 29 Wellington,
1764 3562 24 14 or

1455 3579 28 23 D.
1494 3580 146 27 Drdmmond,
1651 3580 86 23 Nelson
1746 3581 90 23 Haven.

1291 3604 55 28 July
1356 3606 20 24 7,
1387 3608 61 21 1842.
1747 3621 12 13 

1438 3659 106 22 Heifers
1558 3660 30 22 in
1603 3661 68 22 Calf.

1264 3690 88 48 FOR
1365 3689 86 28 SALE,
1463 3691 69 23 about
1544 3693 28 21 50
1580 3693 102 27 superior
1691 3693 57 22 bred
1760 3693 87 29 heifers,

1321 3720 60 19 most
1396 3717 26 22 of
1433 3715 62 25 them
1502 3719 80 27 'heavy
1594 3719 24 22 in
1636 3719 51 28 calf,
1704 3720 46 22 and
1765 3720 84 29 having

1260 3742 59 24 Tjeen
1337 3751 62 16 some
1414 3744 54 23 time
1482 3745 24 22 in
1519 3745 37 23 the
1577 3746 92 28 Colony,
1687 3749 40 19 not
1741 3747 67 22 liable
1825 3752 23 18 to

1262 3770 66 22 suffer
1337 3771 57 22 from
1403 3771 41 23 the
1451 3771 75 23 effects
1536 3773 25 21 of
1572 3772 39 23 the
1626 3773 63 22 Toot.
1696 3771 5 5 '
1716 3773 49 23 The
1777 3774 70 23 above

1263 3797 65 22 cattle
1344 3804 43 16 can
1401 3797 29 23 be
1447 3799 98 27 strongly
1557 3799 181 28 recommended,
1756 3808 24 15 as
1794 3801 54 28 they

1261 3822 58 24 have
1334 3823 57 23 beein
1408 3824 97 23 selected
1519 3825 60 23 from'
1592 3826 37 22 the
1646 3833 121 16 numerous
1780 3828 67 22 cattle

1261 3850 59 28 ships
1328 3850 74 24 which
1411 3850 58 22 have
1485 3852 87 22 arrived
1584 3852 62 22 here.
1674 3850 77 31 Apply
1765 3856 26 19 ta
1800 3854 45 22 Mr.

1261 3876 96 28 Revans,
1370 3878 88 20 Gazette
1467 3877 70 28 office,
1548 3886 25 14 or
1581 3881 23 19 to
1614 3879 45 22 Mr.
1670 3874 86 32 Hutke,
1765 3879 81 23 Evans'

1261 3903 55 28 Pay-

1261 3952 4 7 ,
1287 3928 62 30 Also,
1359 3930 63 24 three
1555 3939 73 15 mares
1633 3932 25 23 in
1668 3932 52 29 foal,
1732 3937 23 18 to
1764 3933 81 29 impor-

1260 3957 37 23 ted
1306 3957 82 24 horses.

2023 706 44 20 Ex
2106 708 203 30 Shepherdess/
2324 711 44 22 &c.

1908 740 66 23 OA
1989 740 143 25 BARRELS
2146 743 58 22 Irish
2218 745 71 26 prime
2299 753 58 16 mess
2367 748 62 27 pork,

1903 767 71 22 *J\J
2001 769 29 20 30
2044 768 85 23 barrels
2138 770 120 24 American
2272 772 71 28 prime
2355 781 58 16 mass
2420 775 64 27 pork,

2002 795 139 28 Westphalia
2148 796 69 29 hams,
2238 803 4 4 '

1929 819 27 19 45
1967 819 78 24 firkins
2055 822 58 22 Cork
2121 822 80 29 butter,

1930 844 65 30 Rice^
2195 864 2 4 .
2320 869 6 4 .

1929 871 27 21 38
1967 871 54 30 bags
2031 874 76 27 coffee,

1930 897 28 21 19
1965 899 71 23 boxes
2046 901 77 24 mould
2133 903 95 28 candles,

1929 924 13 20 5
1953 932 61 18 ceases
2024 928 77 22 Dutch
2110 929 85 28 cheese,

1929 951 109 28 Tobacco,
2049 955 69 27 pipes,

1930 977 27 23 10
1966 982 51 20 tons
2027 981 119 23 Mauritius
2154 989 74 21 sugar,

1930 1005 41 22 140
1978 1005 55 28 bags
2043 1007 96 23 Manilla
2146 1016 72 21 sugar,

1928 1031 101 33 30[cases
2038 1033 80 29 cherry
2127 1035 92 29 brandy,

1929 1057 78 25 Wines
2026 1061 28 21 of
2069 1068 67 21 every
2141 1078 2 7 ,
2152 1062 132 28 description
2306 1065 24 23 in
2351 1066 65 23 wood
2439 1068 45 22 and

1903 1085 74 27 bottfe,

1930 1112 26 21 10
1966 1120 62 15 cases
2036 1113 95 29 English
2139 1115 63 23 boots
2212 1117 45 22 and
2267 1117 72 29 shoes,

1929 1138 53 29 Slop
1991 1139 107 30 clothing,
2108 1141 82 24 beaver
2198 1143 57 27 hats,
2266 1145 40 22 &c.
2317 1146 40 22 &c.

2214 1176 23 22 J.
2252 1177 34 22 M.
2301 1177 101 29 Taylor,

1928 1223 128 24 December
2064 1228 35 26 26,
2111 1228 59 22 1842.

2132 1281 40 20 On
2187 1281 69 22 Sale.

1902 1309 136 49 SILVER
2052 1311 123 25 PLATED
2191 1315 110 28 GOODS,

1966 1337 73 28 Kings
2057 1343 87 22 pattern
2164 1341 59 23 table
2242 1349 88 21 spoons,
2350 1343 68 29 forks,
2438 1344 44 23 fish

1901 1364 71 26 slices,
1981 1371 66 15 sauce
2056 1364 77 29 ladles,
2143 1370 60 20 meat
2217 1368 101 29 skewers,
2330 1367 83 25 dessert
2421 1371 61 23 forks

1901 1390 45 21 and
1962 1398 86 20 spoons,
2060 1395 36 19 tea
2112 1400 87 22 spoons,
2214 1402 66 21 sugar
2294 1398 70 26 tongs,
2374 1400 37 20 tea
2425 1402 57 24 pots,

1901 1418 74 20 butter
1998 1419 91 27 coolers,
2115 1427 66 20 sugar
2202 1421 88 29 basons,
2310 1423 94 28 waiters,
2428 1424 56 27 cafcje

1901 1444 94 27 baskets,
2016 1445 136 28 christening
2174 1448 75 29 bowls,
2271 1449 105 24 decanter
2398 1451 84 28 stands,

1901 1473 62 19 cruet
1978 1471 46 22 and
2036 1471 89 29 liqueur
2137 1475 89 28 frames,
2242 1475 59 24 table
2317 1477 47 22 and
2378 1477 106 24 chamber

1901 1498 156 27 candlesticks,
2068 1499 79 29 lamps,
2158 1501 41 23 &c.

1927 1524 125 23 Rosewood
2061 1527 44 21 and
2110 1527 126 29 mahogany
2241 1529 61 22 work
2311 1530 76 27 boxes,
2396 1531 87 28 writing

1901 1551 71 27 desks,
1981 1551 100 29 dressing
2090 1560 67 22 cases,

1927 1577 87 23 Bronze
2024 1579 97 27 pedestal
2132 1581 45 22 and
2186 1583 131 26 suspension
2325 1583 78 29 lamps,
2412 1585 40 22 &c.
2459 1588 24 19 at

2156 1614 23 23 J.
2195 1614 33 23 M.
2244 1616 102 28 Taylor,

2212 1642 124 24 Wholesale
2344 1644 70 27 Store,

1926 1691 129 23 December
2062 1694 34 26 26,
2108 1694 59 22 1842.
2357 1712 3 3 .

1901 1734 297 47 WFINNIMORE
2224 1738 53 27 begs
2299 1743 23 19 to
2332 1739 3 4 '
2343 1741 83 23 inform
2447 1742 36 23 his

1971 1772 11 11 •
1999 1762 94 25 friends,
2093 1764 44 22 and
2150 1764 39 22 the
2202 1765 75 27 public
2285 1765 24 23 in
2325 1768 98 26 generaL
2433 1766 50 25 that

1899 1788 75 21 Baron
1993 1788 115 24 Alzdorf's
2127 1791 114 23 excellent,
2259 1792 53 22 Port
2402 1792 82 30 Sherry

1899 1814 77 22 Wines
1995 1822 36 15 are
2050 1816 165 24 henceforward
2237 1822 22 18 to
2268 1831 3 4 •
2283 1819 27 23 be
2333 1820 46 24 had
2400 1825 23 19 at
2445 1822 38 23 the

1899 1840 160 25 Wellington
2073 1844 95 22 Tavern
2186 1845 59 28 only,
2262 1846 71 23 either
2347 1848 25 22 in
2381 1855 63 17 cases
2457 1856 27 16 or

1899 1868 90 22 smaller
1998 1870 129 27 quantities,

1988 1910 79 15 PRICES
2083 1913 122 15 MODERATE
2205 1917 30 5 —
2237 1915 74 15 TERMS
2327 1916 66 15 CASH.

1896 1936 22 20 A
1925 1938 95 24 spacious
2028 1939 44 20 and
2080 1939 40 25 dry
2129 1940 73 21 siittle
2209 1943 83 24 grouud
2302 1948 46 16 now
2357 1949 51 21 open
2416 1946 24 19 at
2449 1945 35 21 the

1900 1993 74 6 ___^
2114 1967 61 21 above
2184 1970 82 20 tavern.

2031 2011 88 21 Town
2136 2012 31 21 of
2177 2014 169 23 IMCanewatu.

1897 2042 92 49 THE
2010 2042 214 26 PROPRIETORS
2247 2047 28 21 of
2298 2047 38 23 the
2356 2049 62 23 three
2431 2051 49 22 first

1984 2070 89 22 choices
2088 2070 23 23 ait
2120 2072 37 22 the
2174 2072 43 22 last
2230 2073 107 24 selection
2348 2076 26 21 of
2386 2080 94 25 country

1894 2096 71 26 lands,
1978 2096 85 28 having
2082 2098 137 24 determined
2231 2107 63 20 upon
2308 2101 38 23 the
2362 2103 41 22 site
2417 2104 35 22 for
2465 2112 15 15 a

1908 2129 94 22 TOWN
2017 2131 45 21 ON
2075 2131 66 29 T£E
2154 2133 189 24 MANEWATU
2357 2137 100 23 RIVER

1894 2156 57 21 after
1955 2159 80 19 several
2042 2159 60 19 visits
2111 2162 22 18 to
2141 2159 38 22 the
2187 2161 185 29 neighbouroood,
2384 2165 47 21 and
2441 2166 37 22 the

1894 2186 57 18 most
1970 2185 87 22 careful
2075 2185 45 22 and
2137 2186 83 23 minute
2239 2189 150 23 examination
2404 2192 26 21 of
2442 2192 37 22 the

1895 2212 71 20 entire
1982 2211 92 28 district,
2090 2212 65 22 aided
2170 2213 32 27 by
2210 2214 37 22 the
2263 2216 144 26 professional
2419 2218 58 28 skill,

1894 2237 137 28 knowledge,
2051 2239 45 21 and
2110 2240 130 27 experience
2255 2242 26 21 of
2291 2242 38 23 the
2344 2247 60 19 most
2417 2253 62 15 com-

1894 2266 77 23 petent
1977 2264 89 28 judges,
2082 2273 92 21 propose
2190 2270 22 19 to
2228 2268 55 23 offer
2293 2269 33 22 for
2343 2270 103 29 disposal,
2456 2277 24 18 at

2043 2291 38 23 the
2094 2296 89 24 present
2191 2294 61 28 time,
2263 2296 67 22 about

1894 2321 220 25 TWENTY-FIVE
2148 2325 105 28 ACRES,
2292 2327 36 23 IN
2364 2329 115 24 ALLOT-

1894 2348 113 29 MENTS,
2024 2351 86 22 EACH
2131 2352 39 21 OF
2193 2353 64 22 ONE
2277 2354 147 26 QUARTER
2439 2358 39 22 OF

1885 2423 2 3 .
1920 2402 49 23 The
1977 2407 50 25 spot
2035 2404 52 22 thus
2095 2405 96 22 selected
2202 2414 110 20 possesses
2321 2408 37 23 the
2367 2414 59 19 most
2440 2419 39 15 ex-

1893 2430 86 22 tensive
1992 2430 102 29 frontage
2108 2434 24 20 to
2148 2432 55 28 deep
2216 2437 68 20 water
2298 2435 26 22 of
2334 2443 45 21 any
2393 2445 29 15 on
2440 2439 38 22 the

1893 2456 65 23 river.
1986 2458 23 21 It
2026 2458 20 22 is
2064 2459 96 22 situated
2177 2460 45 22 iust
2234 2463 23 19 at
2272 2461 48 26 that
2338 2464 64 27 point
2419 2465 58 23 from

1955 2484 73 22 which
2038 2492 14 15 a
2061 2486 54 21 road
2126 2487 72 21 would
2206 2487 86 23 branch
2301 2489 34 23 off
2339 2494 24 18 to
2372 2491 38 22 the

1894 2517 94 16 WOODED
2010 2519 49 15 AND
2079 2520 97 15 FERTILE
2196 2521 116 17 DISTRICTS
2332 2524 77 17 ALONO
2432 2527 45 14 THE

2064 2546 55 15 BASE
2134 2547 26 15 OF
2174 2548 46 15 THE
2235 2549 74 21 HILLS,

1892 2564 44 21 and
1949 2564 71 23 above
2030 2565 73 23 which
2113 2566 37 23 the
2163 2568 130 27 navigation
2305 2570 35 22 for
2349 2572 81 22 vessels
2439 2573 39 22 be-

1894 2598 74 15 comes
1977 2592 87 26 tedious,
2074 2594 25 25 if
2102 2595 38 19 not
2148 2595 94 26 difficult.
2270 2596 24 22 It
2299 2597 19 22 is
2324 2597 108 24 therefore
2439 2599 45 23 the-

2091 2621 62 26 point
2161 2621 73 23 where
2244 2623 38 22 the

1893 2651 89 23 LAND
1996 2653 69 22 AND
2080 2654 113 23 WATER
2207 2655 161 25 CARRIAGE
2382 2659 93 24 MEET.

1892 2679 45 21 and
1947 2679 73 22 where
2030 2687 13 14 a
2052 2680 70 23 Town
2139 2689 59 15 must
2213 2691 29 14 be
2256 2691 90 16 formed
2362 2686 66 22 when
2438 2687 39 22 the

1893 2705 86 22 district
1993 2706 19 22 is
2022 2707 88 23 settled.
2139 2708 21 22 It
2169 2716 44 16 was
2223 2710 95 23 selected
2334 2712 31 28 by
2374 2712 38 23 the
2424 2714 53 22 Sur-

1892 2733 82 27 veying
1983 2734 60 22 Staff
2054 2742 24 15 as
2088 2735 37 22 the
2134 2736 137 23 rendezvous
2279 2738 36 22 for
2329 2738 58 23 their
2400 2740 75 29 body;

1892 2759 43 22 and
1946 2759 40 23 has
1995 2761 59 22 been
2063 2769 51 16 now
2127 2762 76 29 found,
2213 2764 57 22 after
2280 2766 86 22 several
2381 2769 96 21 months'

1890 2786 106 28 location,
2007 2791 23 18 to
2043 2788 28 23 be
2080 2788 38 23 the
2129 2794 57 18 most
2200 2791 164 29 advantageous
2372 2794 102 29 position,

1891 2813 58 22 from
1965 2814 28 22 its
2007 2815 100 27 peculiar
2126 2816 84 29 facility
2226 2818 27 22 of
2263 2819 111 28 approach
2384 2821 54 22 both
2446 2821 31 26 by

1890 2841 55 20 land
1954 2841 46 22 and
2009 2846 75 19 water.

1919 2867 29 22 In
1958 2868 155 24 confirmation
2122 2870 26 22 of
2153 2870 38 23 the
2201 2872 130 28 superiority
2340 2874 27 21 of
2374 2874 43 22 this
2426 2877 50 24 spot

1890 2901 55 14 over
1953 2901 45 21 any
2007 2896 64 22 other
2079 2900 39 24 yet
2125 2897 89 27 known,
2226 2898 38 23 the
2275 2900 89 22 Messrsi
2372 2901 102 28 Kebbell,

1890 2921 59 22 after
1965 2921 38 22 the
2024 2924 149 23 examination
2190 2926 27 21 of
2231 2925 37 22 the
2287 2926 58 22 river
2360 2927 57 23 from
2436 2928 37 22 the

1891 2947 90 23 Paneiri
1990 2948 48 23 Pah
2047 2952 24 19 to
2080 2950 28 21 its
2117 2951 85 27 mouth,
2213 2952 139 24 determined
2365 2961 29 15 on
2404 2959 69 19 erect-

2130 2977 37 27 ing
2180 2978 58 22 their

1890 3008 68 22 SAW
1972 3009 81 23 MILL
2074 3010 228 24 IMMEDIATELY
2316 3013 158 26 OPPOSITE.

1889 3035 48 22 The
1955 3035 73 23 works
2045 3037 26 21 of
2085 3037 50 22 that
2151 3038 168 23 establishment
2337 3047 37 15 are
2393 3044 23 19 at
2431 3042 43 23 this

1885 3066 106 22 .moment
2007 3063 25 22 in
2047 3063 64 29 r,apid
2125 3072 106 20 progress,
2249 3066 44 22 and
2311 3067 37 22 the
2365 3070 108 26 proposed

1889 3089 69 22 Town
1969 3089 44 23 will
2022 3089 133 30 necessarily
2160 3092 92 26 partake
2259 3093 26 22 of
2289 3088 44 27 this
2341 3094 131 29 advantage.

1916 3116 49 22 The
1983 3117 95 23 nucleus
2092 3117 26 23 of
2133 3126 13 14 a
2163 3121 69 20 Town
2247 3119 26 28 is,
2283 3120 23 22 in
2320 3121 52 28 fact,
2382 3122 91 28 already

1889 3143 97 26 created,
1995 3143 31 28 by
2035 3143 38 23 the
2083 3146 165 22 concentration
2263 3147 27 22 of
2302 3147 37 22 the
2350 3148 123 30 Surveying

1889 3169 59 23 Staff
1954 3177 29 15 on
1993 3170 50 23 that
2052 3174 55 25 spot,
2118 3179 24 15 as
2150 3172 39 22 the
2198 3176 75 19 centre
2289 3174 25 21 of
2324 3176 148 23 communica-

1888 3197 48 22 tion
1945 3199 24 20 to
1979 3197 38 22 the
2026 3198 149 28 surrounding
2184 3199 97 29 district;
2297 3201 37 22 the
2344 3202 96 23 erection
2449 3204 27 22 of

1888 3223 92 24 Messrs.
1991 3224 117 24 Kebbell's
2123 3226 49 22 Saw
2188 3226 63 23 Mills
2266 3229 110 27 opposite.;
2392 3230 29 27 by
2434 3230 37 23 the

1887 3255 167 23 arrangements
2067 3252 36 22 for
2116 3260 29 14 an
2162 3254 113 22 extensive
2287 3256 96 22 General
2395 3257 61 22 Store
2463 3265 7 20 ;

1887 3278 47 22 and
1941 3278 33 27 by
1979 3278 38 22 the
2026 3278 46 22 late
2081 3279 133 28 application
2219 3281 35 22 for
2262 3288 14 15 a
2282 3281 107 24 Licensed
2394 3283 76 24 House

1887 3312 29 14 on
1925 3304 38 22 the
1969 3308 53 29 jpart
2031 3305 27 23 of
2068 3313 31 15 an
2107 3306 122 23 individual
2244 3308 49 22 who
2306 3309 47 28 has,
2364 3310 59 22 since
2433 3310 37 23 the

1885 3331 125 23 formation'
2024 3330 23 24 6i
2064 3331 38 23 the
2118 3333 91 28 Colony,
2223 3335 97 27 pursued
2335 3343 15 14 a
2366 3337 105 23 lucrative

1886 3359 65 21 trade
1960 3359 54 23 with
2024 3359 38 23 the
2071 3360 92 27 natives,
2175 3361 46 22 and
2231 3361 72 23 whose
2313 3362 129 29 knowledge
2449 3365 25 22 of

1886 3385 38 23 the
1934 3385 138 29 advantages
2082 3387 26 22 of
2113 3387 38 22 the
2160 3388 101 28 position,
2268 3390 116 27 prompted
2393 3390 46 23 him
2448 3395 23 18 at

1885 3419 58 15 once
1953 3416 23 19 to
1984 3415 75 25 prefer
2068 3413 49 23 that
2129 3415 140 27 application.

1913 3439 48 23 The
1972 3441 94 21 Natives
2079 3441 31 28 by
2118 3442 73 21 whom
2207 3442 43 21 this
2260 3442 53 23 land
2323 3451 44 14 was
2377 3444 93 23 claimed

1885 3473 38 15 are
1933 3467 62 28 quite
2004 3467 110 28 prepared
2122 3471 22 18 to
2152 3469 51 26 give
2210 3476 30 20 up
2245 3470 129 28 possession,
2382 3471 44 22 and
2431 3479 38 15 are

1885 3494 147 28 exceedingly
2042 3495 94 22 anxious
2148 3498 22 19 to
2185 3495 62 30 have,
2252 3503 14 15 a
2275 3496 116 28 European
2399 3505 69 21 popu-

1885 3520 68 22 lation
1962 3528 83 21 among
2056 3521 66 28 them,
2134 3521 83 28 having
2234 3523 56 22 been
2297 3530 60 21 upon
2367 3524 36 22 the
2411 3528 59 20 most

1885 3547 94 29 friendly
1986 3548 87 28 footing
2082 3549 55 21 with
2144 3549 39 22 the
2193 3550 125 27 Surveying
2327 3550 57 22 Staff
2388 3550 81 28 during

1885 3575 34 21 the
1928 3575 51 23 four
1988 3582 25 15 or
2021 3575 45 23 five
2075 3575 88 22 months
2172 3575 54 29 they
2245 3576 58 23 have
2317 3577 55 22 been
2382 3576 88 25 located

1885 3601 66 23 there.

1909 3629 34 21 As
1953 3629 37 22 the
1998 3629 138 27 Proprietors
2144 3636 94 20 purpose
2245 3632 23 19 to
2278 3629 86 27 dispose
2374 3631 26 22 of
2405 3631 41 24 but
2454 3641 14 14 a

1885 3655 82 23 limited
1981 3656 90 27 portion
2087 3655 26 22 of
2123 3655 38 22 the
2175 3656 69 23 Town
2261 3660 23 17 at
2299 3660 96 25 present,
2414 3659 54 30 they

1885 3682 75 28 pledge
1970 3683 134 22 themselves
2111 3683 54 26 that,
2176 3686 24 19 at
2208 3690 29 15 no
2256 3683 72 22 future
2337 3684 63 28 sales,
2412 3686 57 23 shall

1885 3709 34 22 the
1930 3710 129 22 allotments
2068 3709 28 22 be
2105 3712 39 25 put
2150 3716 30 21 up
2190 3712 22 19 at
2221 3716 14 15 a
2244 3706 45 25 /ess
2299 3716 49 17 sum
2356 3711 56 24 than
2419 3721 51 16 now

1885 3735 86 24 offered.

1908 3764 22 23 A
1949 3764 133 26 Prospectus
2101 3762 45 23 and
2163 3762 55 22 Plan
2239 3763 26 21 of
2278 3763 38 23 the
2333 3763 70 26 Town
2422 3767 46 23 will

1885 3790 81 27 shortly
1975 3790 27 21 be
2011 3789 70 28 ready
2089 3789 35 22 for
2132 3789 123 27 inspection
2270 3793 24 19 at
2304 3790 39 23 the
2355 3792 81 26 Offices
2445 3794 26 23 of

1885 3817 86 22 Messrs.
1983 3816 69 21 Waitt
2061 3816 45 22 and
2115 3816 75 27 Tyser,
2200 3815 19 29 '£
2219 3823 12 14 c
2242 3817 55 22 Aro.

1908 3849 146 27 Wellington,
2064 3848 66 25 April
2137 3850 34 26 22,
2183 3850 62 22 1842:
2278 3858 6 3 -

2067 3900 65 22 Just
2145 3895 133 29 received.
2294 3924 10 9 h
2345 3918 3 3 .
2376 3914 3 3 >
2405 3919 9 5 „

1885 3932 120 52 PLANS
2031 3932 26 22 of
2078 3932 37 22 the
2138 3933 70 22 Town
2228 3934 26 22 of
2270 3935 170 25 Wellington.

1951 3960 57 23 Plan
2030 3959 26 23 of
2062 3959 37 23 the
2110 3959 106 23 Harbour
2226 3961 25 21 of
2264 3961 54 24 Port
2333 3961 130 26 Nicholson.
