2520 4029
110 1273 170 23 SHIPPING
297 1275 274 21 INTELLIGENCE.

228 1328 9 5 '
270 1326 142 21 ARRIVED.
443 1327 3 9 '

40 1349 14 20 i'
77 1354 93 26 January
212 1355 68 18 Cutter
290 1354 115 20 Katherine
420 1354 109 25 Johnston,
540 1355 27 19 10
577 1356 52 23 tons,

39 1380 95 27 -'Taylor,
145 1381 54 20 from
209 1381 125 25 Wanganui.

39 1419 3 4 •
51 1413 3 3 '
76 1408 98 27 January.
179 1409 34 19 10.
214 1411 3 7 1
222 1404 118 30 brigantine
348 1409 68 23 Ariel,
429 1409 48 25 104,
489 1408 140 25 Cruikshank,

38 1437 3 7 '
48 1435 55 20 from
113 1436 37 20 the
159 1435 51 21 Ease
220 1435 73 21 Coast.
313 1439 2 5 '
347 1437 1 5 '

39 1472 3 4 '
66 1470 3 4 '
78 1462 60 20 Same
150 1465 3 10 :
155 1463 47 26 day,
220 1462 118 26 brigantine
355 1463 119 25 Lowestoff,
492 1463 55 21 from
564 1463 65 21 Laun-

40 1492 100 14 ■cestown
150 1489 33 17 via
192 1489 118 17 Auckland.

288 1535 116 20 SAILED.

75 1562 92 26 January
176 1564 19 24 C,
206 1562 104 21 schooner
316 1562 36 20 Sir
360 1563 56 20 John
425 1564 106 26 Franklin,
543 1564 26 19 52
576 1566 55 21 tons,

48 1589 121 27 Campbell,'
174 1590 35 21 for
218 1590 89 26 Poverty
316 1590 52 26 Bay.

75 1617 94 26 January
179 1618 23 26 7,-
208 1617 105 20 schooner
324 1618 75 24 Ganet,
407 1618 36 23 40,
455 1618 134 26 Popplewell,
601 1618 30 19 for

47 1644 36 19 the
94 1644 52 21 East
157 1644 71 21 Coast,
245 1646 3 20 j

66 1671 103 27 .January
176 1673 22 25 ß,
214 1672 78 26 barque
311 1673 79 25 Bright
409 1673 85 25 Planet,
517 1674 39 20 187
576 1675 55 23 tons,

47 1698 117 25 Morrison,
174 1700 34 19 for
219 1699 91 26 Sydney.
353 1714 3 3 ■
407 1712 2 3 ■

40 1733 2 2 -
66 1745 3 8 ,
76 1726 91 27 January
180 1728 34 24 10,
228 1726 119 26 brigantine
362 1728 94 20 Hannah
459 1740 11 13 ,-
475 1728 26 20 90
514 1730 55 24 tons,
580 1728 51 25 Bell,

48 1753 34 21 for
91 1753 88 22 Nelson.
198 1752 4 9 (
324 1755 3 6 '
433 1752 4 5 '

55 1779 2 4 ■
63 1781 2 5 i
80 1775 3 5 '
98 1781 12 5 .1
114 1783 3 3 1
213 1782 2 4 i
313 1776 2 5 '
475 1778 2 6 '
545 1776 3 8 '

41 1815 3 5 ,
56 1813 14 5 ..
113 1803 3 15 '.
211 1802 3 12 ••
238 1809 2 4 •
254 1811 3 4 <
274 1800 34 20 IN
322 1800 86 21 PORT.
461 1800 3 9 '

77 1829 82 26 Barque
173 1827 119 27 Clydeside,
311 1828 41 20 256
369 1830 59 23 tons,
444 1828 88 27 Adams,
532 1851 7 4 n
551 1830 82 26 loading

88 1856 99 20 London.
204 1864 4 4 -
214 1855 121 20 Waittahd
344 1856 77 25 Tyser,
541 1852 4 11 !

62 1900 2 7 ,
72 1883 85 27 Barque
164 1883 127 25 Indemnity,
300 1884 41 19 450
359 1887 60 21 tony,
433 1884 87 26 Adams,
533 1885 100 27 refitting.

45 1912 95 25 Agents,'
145 1911 69 20 Waitt
222 1911 43 20 and
274 1911 76 25 Tyser.
407 1917 4 18 ;

62 1939 121 20 -Schooner
205 1939 51 19 Ann
256 1950 12 14 y
284 1940 36 19 -22<
338 1942 60 22 tons,
423 1940 85 26 Brown,
531 1942 45 19 laid
599 1948 34 20 up.

44 1967 80 25 Agent,
134 1966 68 21 Waitt
211 1966 41 20 and
263 1966 75 27 Tyser.
345 1977 3 6 •
364 1968 9 15 •'

75 1994 110 21 Schooner
193 1994 81 24 Maori,
287 1995 25 20 15
322 1998 59 17 tons.

73 2022 110 19 Schooner
194 2019 106 22 Governor
315 2023 93 23 ffobson,
526 2023 104 21 Crumner

45 2049 91 25 Agents,
147 2048 62 21 Hort,
214 2048 53 21 and,
267 2047 39 22 Co.
323 2048 48 21 'On
381 2049 40 20 the
427 2049 48 26 slip,
487 2050 113 26 repairing.

58 2089 3 6 .
74 2077 109 19 Schooner
201 2075 66 25 Jane\
282 2076 26 20 15
328 2078 57 25 tons,
501 2082 2 5 '
520 2077 21 21 J.
560 2078 73 20 Wade.

39 2105 87 25 jAgent.
173 2113 8 11 ■.
228 2114 2 4 •
235 2103 35 19 .->•.'
303 2109 37 12 'in
416 2112 3 9 i
534 2114 3 3 ■
554 2114 3 3 •
605 2107 2 5 ■

75 2132 118 24 Schooner,
199 2131 87 25 Anita,;
291 2132 40 20 219
351 2133 56 23 tons,
415 2132 2 22 i
425 2131 64 26 King.
527 2132 106 27 Ridgway,

46 2159 43 21 and
99 2159 47 24 Co.,
155 2159 10 26 '
165 2159 96 26 Agents.,!
290 2171 2 7 ,

76 2187 51 25 Ship
142 2186 99 25 Bombay,
259 2186 41 20 400
311 2188 55 23 tons,
383 2186 84 21 Moore.
496 2187 137 25 Fitzherbert,

46 2214 79 26 Agent.

40 2260 4 2 .
73 2242 84 26 Barque
166 2239 87 24 Prince^
258 2240 28 25 of
298 2241 75 24 Wales,
384 2241 41 20 582
442 2243 56 22 tons,
508 2241 125 22 Alexander.

47 2269 88 26 Agents,
148 2269 69 19 Willis
227 2268 42 20 and
279 2267 38 22 Co.

76 2296 107 20 Schooner
191 2296 70 26 .Kate,
280 2296 26 20 62
320 2298 56 23 tons,
393 2295 131 22 MfFarlane.
557 2296 76 27 Agent,

47 2324 125 21 Machattie.
266 2343 4 4 .
290 2342 3 5 .

49 2360 3 4 '
75 2351 84 26 Barque
176 2352 73 22 Essex,
263 2350 49 23 ,329
335 2354 55 21 tons,
416 2350 89 27 Oakley.
545 2351 88 26 Agents,

46 2378 69 21 Waitt
124 2378 42 20 and
171 2378 90 26 .Tyser..

39 2425 5 2 .
76 2406 72 20 Cutter
163 2406 116 20 Katherine
296 2405 107 24 Johnston,
428 2406 25 19 10
473 2408 56 22 tons,
549 2406 83 27 Taylor.

47 2434 86 25 Taylor,
144 2433 76 25 Agent.
264 2446 2 7 ,
503 2440 4 7 '

74 2460 123 26 Brigantine
202 2460 62 21 Ariel
270 2460 39 20 104
319 2462 57 23 tons,
384 2459 142 23 Cruikshank.
555 2462 77 26 Agent,

48 2488 141 20 Cruikshank.

41 2535 3 3 ,
58 2528 1 4 ■
75 2515 122 23 Brigantine
206 2516 118 22 Lowestoff.
531 2527 4 4 -

220 2569 122 17 CUSTOM
358 2571 108 15 HOUSE.

281 2625 117 21 Exports.
420 2631 3 4 '

75 2653 29 20 In
119 2659 48 14 the
463 2660 45 14 for
528 2654 104 21 Sydney.

43 2675 2 25 '..
48 2691 26 5 —
77 2681 26 20 C.
118 2681 34 20 M.
169 2681 77 24 Evans,
264 2681 76 25 Agent.
341 2691 28 5 —
369 2682 27 18 22
414 2681 60 20 casks
491 2681 61 21 black
564 2682 38 23 oil,
621 2683 12 19 4

43 2708 67 20 .casks
122 2714 69 20 sperm
200 2707 47 25 oil,,
257 2709 11 19 1
279 2708 41 20 and
334 2708 16 23 £
358 2710 37 18 ton
413 2708 127 25 whalebone,
550 2712 48 23 part
613 2709 20 20 of

48 2736 37 19 the
93 2735 69 21 wreck
168 2735 24 21 of
200 2735 36 20 the
240 2735 46 26 brig
295 2736 84 23 Jewess,
387 2735 116 27 consisting
511 2736 24 20 of
542 2737 91 26 rigging,

47 2764 73 21 masts,
131 2768 66 17 spars,
206 2763 14 19 8
230 2768 57 14 cases
297 2763 82 20 British
387 2763 73 22 goods,
472 2764 10 19 1
494 2770 47 14 case
550 2764 55 21 hats.

196 2817 114 20 Inwards
311 2828 27 4 —
340 2817 145 21 Coastwise.

79 2844 27 21 In
124 2851 47 13 the
376 2851 64 14 from
451 2851 45 14 the
513 2846 118 21 Chatham

48 2872 111 20 Islands.
160 2883 28 3 —
190 2872 70 20 Willis
276 2872 42 20 and
329 2872 41 26 Co.,
387 2873 86 24 Agents.
474 2883 27 5 —
503 2874 26 19 90
542 2874 55 26 pigs,
610 2875 21 19 12

45 2902 51 20 .tons
110 2901 103 25 potatoes,
230 2900 11 24 J
253 2902 38 17 ton
305 2905 83 21 copper,
399 2899 15 24 t
427 2902 39 18 ton
475 2901 129 24 whalebone,
622 2902 9 19 5

47 2929 49 18 tons
123 2927 41 20 salt
186 2926 60 27 pork.
270 2928 3 4 '
287 2927 122 26 Passengers
411 2938 28 4 —
439 2927 88 22 Messrs.
552 2928 79 25 Pearce,

49 2954 67 22 Ryan,
128 2954 41 21 and
178 2955 13 19 5
201 2954 89 21 natives.

192 3015 140 18 outwartjs,
343 3015 145 16 coastwise.

43 3054 2 4 •
63 3051 2 5 •
77 3041 29 21 In
113 3048 48 14 the
193 3041 40 21 Sir
239 3042 64 20 John
472 3050 45 14 for
526 3043 107 21 Poverty

49 3069 61 21 Bay.
111 3079 28 5 —
139 3069 58 20 Hort
206 3069 42 20 and
260 3070 42 24 Co.,
317 3070 86 25 Agents.
404 3080 28 4 —
434 3071 12 19 1
457 3071 48 19 cask
515 3072 101 25 whiskey,
624 3073 9 19 1

48 3097 65 19 tierce
122 3096 96 24 tobacco,
228 3097 13 19 4
251 3096 89 22 bundles
349 3097 83 26 spades,
441 3097 15 24 $
465 3100 37 18 ton
511 3099 51 25 rice;
572 3099 15 24 £
596 3102 37 17 ton

48 3130 70 19 sugar,
129 3125 12 19 7
151 3123 51 26 bags
213 3123 64 21 flour.

77 3151 28 20 In
119 3156 47 14 the
186 3151 14 12 4I
209 3150 61 21 New
472 3159 47 14 for
536 3154 97 21 Cloudy

46 3178 60 21 Bay.
107 3189 29 4 —
139 3178 68 20 Waitt
216 3178 42 20 and
273 3179 71 26 Tyser,
353 3180 86 25 Agents.
441 3190 27 4 —
470 3180 10 20 1
492 3180 39 27 bag
540 3182 62 24 fldur,
622 3182 10 20 1

46 3206 41 25 bag
96 3212 69 20 sugar,
176 3206 12 19 8
198 3205 86 21 baskets
289 3206 76 25 .maize,
375 3208 13 19 4
399 3213 50 14 cans
459 3208 59 25 paint
528 3209 38 25 oil,

75 3232 29 21 In
113 3239 48 14 the
203 3231 107 29 Ganet,*'
331 3240 43 14 for
384 3240 47 14 the
442 3235 64 20 East
522 3235 84 22 Coast.
607 3247 26 5 —

46 3260 135 25 Hornbroolc,
206 3260 78 25 Agent.
286 3271 27 4 —
315 3262 25 19 12
363 3262 46 26 pair
432 3262 103 26 blankets,
556 3264 11 20 1
594 3264 39 20 box

47 3288 77 20 calicos
133 3288 41 19 and
188 3288 77 26 prints,
277 3288 13 19 3
308 3288 46 21 doz.
365 3289 82 26 spades,
463 3290 15 20 3
489 3290 46 22 doz.
546 3292 59 23 hoes,
622 3292 11 19 4

46 3315 51 25 bags
108 3315 51 25 rice,
170 3316 12 19 2
193 3315 50 25 bags
253 3321 69 19 sugar,
333 3316 12 23 4
356 3319 47 18 cwt.
413 3317 97 25 tobacco,
522 3318 25 20 10
555 3318 78 26 gallons

46 3342 80 27 spirits.
242 3344 3 5 '

1880 131 111 30 periment
2010 130 31 31 by
2062 131 85 31 having
2165 130 69 23 taken
2245 154 3 4 ,
2257 134 36 20 too
2318 132 111 30 sasguine
2453 139 14 16 a

1881 164 54 23 view
1948 163 25 23 of
1987 163 39 23 the
2038 164 95 31 subject.

1914 217 30 24 In
1956 218 94 23 another
2065 224 52 25 part
2128 220 25 22 of
2171 227 42 16 our
2230 219 111 28 columns,
2359 226 34 17 we
2407 220 57 24 have

1881 251 90 23 entered
1983 256 24 18 at
2024 251 62 31 large
2097 260 61 23 upon
2178 252 39 24 the
2229 252 102 24 absolute
2350 255 115 30 necessity

1881 284 25 23 of
1914 292 14 15 a
1937 288 66 26 great
2013 285 89 30 portion
2109 285 26 23 of
2144 285 38 23 the
2190 285 97 29 settlers,
2300 285 95 31 turning
2406 287 59 24 their

1881 317 108 24 attention
2008 322 23 17 to
2050 325 62 16 some
2131 319 97 29 pursuit,
2249 318 72 24 which
2334 318 60 23 shall
2410 319 54 24 hold

1881 355 38 18 out
1938 357 15 15 a
1971 350 133 23 reasonable
2121 356 104 26 prospect
2236 352 26 24 of
2276 347 130 36 something
2423 360 41 24 ap-

1881 382 123 32 proaching
2015 387 24 19 to
2049 391 15 15 a
2072 383 131 31 productive
2214 389 85 25 return,
2312 386 24 23 in
2347 385 118 32 exchange

1880 415 34 23 for
1925 414 59 24 their
2000 416 87 23 labour.
2123 416 49 24 Not
2187 417 53 31 only
2251 418 56 24 have
2324 418 56 31 they
2390 419 74 30 began

1880 452 22 19 to
1923 449 133 30 experience
2074 449 38 24 the
2129 448 84 31 fallacy
2224 451 26 22 of
2264 451 128 31 depending
2403 459 62 24 upon

1880 482 37 23 the
1929 482 88 30 profits,
2036 486 22 19 to
2070 482 28 24 be
2118 481 92 24 derived
2219 482 59 24 from
2288 484 38 24 the
2344 485 121 24 miserable

1880 515 124 23 exhibition
2023 515 25 23 of
2069 524 13 15 a
2101 515 43 24 few
2165 515 56 24 stale
2242 515 84 31 loaves,
2349 518 115 32 lollipops,

1880 548 97 28 threads,
1990 548 46 23 and
2046 553 72 26 tapes,
2130 555 26 16 as
2167 556 15 15 a
2191 555 80 17 means
2281 550 186 33 of-maintaining

1880 588 13 16 a
1909 581 52 23 wife
1975 581 45 23 and
2034 581 78 31 family
2120 591 6 20 ;
2145 581 42 23 but
2201 589 33 16 we
2246 590 37 15 are
2295 590 65 23 sorry
2375 588 22 19 to
2416 593 49 23 say,

1880 614 61 23 there
1954 621 37 16 are
2004 614 76 23 others
2092 615 50 23 who
2154 614 102 31 engaged
2272 616 25 23 in
2308 622 70 18 more,
2382 621 81 20 exten-

1880 648 46 22 sive
1938 647 110 30 dealings,
2062 647 89 24 instead
2161 647 27 23 of
2196 649 108 30 profiting
2314 649 31 30 by
2352 649 60 23 their
2423 658 41 16 ex-

1880 678 110 33 perience,
2003 680 44 23 and
2060 681 91 30 coming
2157 680 95 25 forward
2261 689 24 16 as
2297 682 82 23 honest
2385 683 81 31 people

1880 713 43 23 and
1935 714 101 30 meeting
2044 714 60 23 their
2114 713 116 30 creditors,
2243 715 56 23 have
2309 715 156 25 endeavoured

1880 750 20 20 to
1912 746 63 23 leave
1987 746 38 23 the
2039 746 87 32 Colony
2136 746 169 33 clandestinely,
2317 749 25 22 in
2352 757 70 23 many
2429 750 36 22 in-

1880 784 96 25 stances,
1994 787 30 16 no
2044 780 70 24 doubt
2130 781 24 22 in
2172 780 74 32 abject
2262 786 103 26 poverty,
2384 782 41 23 but
2441 784 25 22 in

1880 812 74 25 others
1968 812 56 24 with
2041 813 61 24 what
2119 807 73 38 might
2210 814 57 24 have
2285 815 100 24 satisfied
2405 816 60 24 their

1880 846 114 29 creditors,
2013 846 22 23 if
2048 846 106 31 honestly
2166 847 106 25 tendered
2289 852 23 19 to
2332 847 70 30 them,
2421 849 45 24 and

1880 880 38 23 left
1930 878 61 24 them
2002 883 40 19 not
2053 877 54 33 only
2118 880 47 23 free
2176 884 22 19 to
2217 884 52 20 turn
2280 880 60 24 their
2357 881 73 24 hands
2443 886 22 19 to

1880 912 79 24 honest
1977 912 112 31 industry,
2109 913 40 24 but
2170 913 53 23 with
2237 922 15 15 a
2262 913 68 24 claim
2346 922 63 23 upon
2426 915 39 23 the

1880 945 119 31 sympathy
2018 946 25 23 of
2058 946 59 23 their
2133 944 75 26 fellow
2227 946 123 29 Colonists,
2363 951 30 18 to'
2398 948 69 23 assist

1880 979 60 23 them
1952 979 25 23 in
1984 978 59 24 their
2051 979 46 23 late
2105 978 87 31 though
2198 979 104 24 laudable
2312 979 124 25 resolution
2445 981 25 23 of

1880 1012 130 30 redeeming
2021 1013 135 23 themselves
2177 1012 43 23 and
2240 1012 105 29 families,
2355 1013 62 24 from
2428 1014 39 23 the

1880 1046 93 23 ruinous
1985 1053 166 24 consequences
2159 1045 26 23 of
2194 1046 58 23 their
2260 1046 106 31 previous
2374 1054 93 16 errone-

1880 1087 41 15 ous
1935 1079 160 30 speculations.

1914 1112 101 31 Though
2032 1113 24 23 in
2077 1120 62 16 some
2159 1120 64 16 cases
2243 1120 31 15 we
2297 1112 82 31 hardly
2396 1112 69 24 know

1880 1145 73 24 which
1964 1146 20 22 is
2003 1150 61 19 most
2079 1146 120 29 deserving
2211 1145 25 23 of
2254 1153 102 21 censure,
2379 1145 38 24 the
2428 1147 37 23 in-

1880 1178 114 31 gratitude
2006 1178 26 22 of
2049 1186 62 16 some
2123 1185 33 16 we
2169 1178 66 23 could
2245 1186 75 21 name,
2333 1186 25 16 or
2376 1178 39 24 the
2426 1187 41 24 ap-

1880 1216 79 26 parent
1977 1215 61 18 want
2055 1211 25 23 of
2098 1211 166 24 consideration
2286 1213 25 22 in
2332 1211 64 24 those
2418 1213 50 23 who

1880 1244 57 24 have
1959 1244 96 23 enabled
2076 1244 61 24 them
2159 1244 30 31 by
2207 1244 38 24 the
2261 1249 79 20 extent
2362 1244 27 24 of
2408 1246 59 24 their

1881 1277 70 24 credit
1963 1277 44 23 and
2022 1277 136 30 confidence,
2177 1282 23 19 to
2212 1282 36 19 act
2260 1278 53 24 thus
2325 1277 142 33 dishonestly

1881 1311 44 23 and
1935 1310 162 32 ungratefully.

1914 1344 58 23 Lest
1983 1344 103 23 however
2098 1346 19 21 it
2134 1344 83 24 should
2232 1345 30 23 be
2279 1345 121 32 supposed,
2419 1345 49 24 that

1881 1385 32 16 we
1925 1377 90 23 include
2032 1378 23 22 in
2077 1386 41 15 our
2129 1378 191 29 condemnations,
2340 1378 65 24 those
2416 1379 51 23 who

1881 1419 37 15 are
1930 1410 123 31 sufferring
2064 1411 58 24 from
2141 1411 38 23 the
2196 1411 73 24 losses
2279 1411 54 31 they
2345 1411 58 24 have
2415 1420 52 15 sus-

1881 1444 83 29 tained,
1976 1444 59 23 from
2047 1444 38 24 the
2098 1444 77 24 effects
2188 1444 26 24 of
2226 1445 39 23 the
2276 1445 45 23 late
2333 1445 134 23 calamitous

1881 1477 48 30 fire,
1948 1485 32 15 we
1994 1485 38 15 are
2050 1478 75 31 happy
2142 1482 24 19 to
2184 1486 48 22 say,
2251 1478 49 23 that
2318 1478 55 31 they
2383 1478 58 23 form
2443 1481 3 4 1
2454 1487 13 15 a

1881 1519 12 14 s
1895 1510 99 31 tricking
2013 1516 99 18 contrast
2129 1515 23 19 to
2171 1510 37 24 the
2227 1510 159 32 unprincipled
2395 1519 72 23 vaga-

1881 1543 72 24 bonds
1964 1552 34 15 we
2010 1544 57 23 have
2085 1544 90 23 alluded
2187 1548 30 25 to,
2230 1545 49 22 who
2297 1546 26 23 in
2335 1552 28 16 no
2377 1552 43 15 one
2431 1545 37 23 in-

1882 1581 77 20 stance
1971 1577 75 24 which
2056 1578 41 23 has
2110 1585 62 16 come
2184 1577 79 24 within
2274 1586 47 16 our'
2325 1578 142 31 knowledge,

1881 1610 66 24 could
1959 1618 56 16 even
2026 1611 65 31 plead
2104 1611 48 24 that
2163 1618 26 16 as
2200 1618 29 16 an
2240 1611 147 23 extenuation
2398 1611 26 23 of
2432 1611 37 23 his

1881 1643 103 30 conduct,
2003 1644 45 23 and
2072 1644 108 31 although
2205 1644 64 24 there
2287 1652 53 23 may
2357 1644 29 23 be
2410 1644 59 24 little

1881 1677 83 24 chance
1977 1677 25 24 of
2011 1677 65 24 those
2088 1677 117 29 creditors,
2218 1677 53 23 who
2282 1686 53 22 may
2347 1677 28 24 be
2387 1677 49 24 said
2446 1682 23 19 to

1881 1710 57 24 have
1957 1711 89 23 thrown
2066 1711 59 30 good
2144 1718 81 23 money
2236 1710 57 24 after
2303 1710 53 30 bad,
2375 1712 96 29 gaining

1882 1743 110 32 anything
2014 1744 31 31 by
2068 1744 53 24 thus
2142 1743 118 32 detaining
2277 1744 70 31 them,
2370 1748 40 27 yet
2431 1744 40 23 the

1881 1781 64 26 great
1964 1777 61 31 body
2037 1778 24 23 of
2076 1777 38 24 the
2132 1777 129 24 merchants
2279 1785 39 16 are
2335 1777 80 31 highly
2433 1778 37 23 in-

1882 1810 81 24 debted
1974 1815 24 19 to
2010 1811 69 28 them,
2093 1811 33 23 for
2138 1810 39 24 the
2187 1811 77 31 public
2272 1811 67 31 spirit
2350 1811 55 30 they
2413 1811 58 23 have

1881 1844 78 23 shown
1970 1844 32 31 by
2014 1845 135 30 convincing
2159 1844 136 23 individuals
2305 1844 25 23 of
2340 1844 49 23 that
2400 1844 69 28 class,

1881 1877 50 23 that
1942 1877 54 31 they
2006 1877 47 23 will
2065 1882 40 19 not
2115 1878 28 23 be
2165 1877 97 23 suffered
2274 1881 23 19 to
2314 1884 84 24 pursue
2410 1877 58 23 their

1882 1910 117 24 dishonest
2018 1912 112 30 practices
2147 1910 55 24 with
2220 1911 121 31 impunity,
2360 1910 46 24 and
2418 1910 52 24 thus

1883 1943 133 32 destroying
2027 1944 49 23 that
2085 1944 130 24 confidence
2225 1943 103 26 between
2340 1943 129 25 merchants

1882 1976 43 23 and
1937 1976 96 28 dealers,
2047 1976 93 23 without
2152 1976 74 23 which
2237 1970 32 29 all
2279 1976 109 28 business,
2395 1977 74 23 would

1881 2008 28 21 be
1921 2012 23 18 at
1956 2015 29 14 an
1996 2007 52 28 end,
2070 2008 44 22 and
2132 2007 39 23 the
2189 2007 139 23 honourable
2347 2007 124 22 maintain-

1883 2046 54 16 ance
1949 2039 26 23 of
1992 2039 73 23 which
2083 2039 42 23 has
2140 2039 84 23 tended
2242 2046 25 16 so
2284 2038 72 32 justly
2370 2044 22 18 to
2412 2040 59 23 raise

1883 2072 37 23 the
1928 2072 144 23 commercial
2080 2072 116 23 character
2203 2072 25 23 of
2234 2071 150 32 Bonapartes'
2393 2073 77 23 nation

1884 2105 23 23 of
1918 2105 170 32 Shopkeepers.

2088 2164 177 23 MARRIED.

1918 2223 39 23 On
1969 2223 39 22 the
2020 2223 42 23 sth
2074 2223 94 27 instant,
2181 2223 30 30 by
2221 2223 38 22 the
2271 2223 60 22 Rev.
2346 2223 48 22 Mr.
2407 2223 63 28 Cole,

1885 2255 73 24 David
1975 2255 78 29 Stark,
2074 2263 40 16 son
2135 2255 24 23 of
2184 2255 95 24 Charles
2300 2255 82 28 Durie,
2401 2255 69 31 Esq.,

1885 2289 44 23 late
1942 2288 149 24 Hanoverian
2109 2288 87 24 Consul
2217 2289 97 23 General
2330 2293 23 18 at
2372 2288 100 24 Christi-

1886 2331 49 20 ana,
1969 2322 109 31 Norway,
2109 2327 21 18 to
2157 2322 123 31 Penelope,
2311 2321 111 31 daughter
2451 2323 22 22 of

1885 2356 102 24 Richard
1999 2356 103 29 Walker,
2114 2355 69 31 Esq.,
2196 2355 106 24 Dundee.
2465 2358 3 15 !

1917 2389 35 24 At
1963 2389 65 24 Park
2042 2389 103 31 Cottage,
2158 2388 29 23 oh
2200 2389 37 23 the
2251 2389 58 23 10th
2328 2389 94 27 instant,
2441 2389 30 31 by

1885 2423 37 23 the
1946 2422 60 24 Rev.
2027 2423 23 23 J.
2070 2422 95 29 Aldred,
2188 2422 102 24 William
2307 2422 75 31 Lyon,
2403 2422 68 31 Esq.,

1885 2456 124 29 merchant,
2031 2456 149 31 Wellington,
2203 2460 23 19 to
2245 2455 120 32 Margaret
2387 2455 85 24 second

1886 2490 110 31 daughter
2017 2490 26 23 of
2057 2490 48 23 Mr.
2128 2488 102 24 William
2251 2489 66 29 Barr,
2342 2488 130 30 Hamilton,

1886 2523 117 24 Scotland.

1961 2549 12 8 •'
1988 2550 17 11 'i'
2042 2561 7 3 ,
2098 2552 19 12 _:
2173 2554 26 10 «.
2357 2550 20 13 -'•
2396 2550 29 14 '',

1885 2579 112 24 Remarks
2003 2578 40 25 'on
2059 2580 38 24 the
2113 2578 105 25 Natural
2232 2578 100 33 History
2344 2579 128 31 and/Com-

1912 2612 110 32 parative
2041 2613 113 30 Anatomy
2168 2613 31 30 of
2205 2613 38 23 the
2265 2611 93 32 TJfej-ka
2372 2611 100 33 ,(Weka,

1919 2646 44 24 Dr.
1976 2645 183 32 Dieffenbach)..
2201 2637 49 32 \i\

2034 2687 33 16 BY
2086 2687 24 16 F.
2129 2686 21 17 J.
2170 2687 81 22 KNOX,
2271 2687 58 17 M.D.

1999 2711 142 32 {Concluded
2149 2712 73 30 from^
2235 2720 43 16 our
2293 2711 68 33 last.)

1921 2746 228 25 Integumentary
2173 2754 160 16 protecting
2352 2754 124 17 parts.-t-

1888 2779 50 24 The
1949 2779 101 31 general'
2055 2779 118 31 colouring
2185 2780 25 23 of
2220 2780 38 23 the
2269 2779 99 24 feathers
2381 2788 53 23 may
2446 2781 28 23 be

1887 2813 74 23 stated
1977 2821 26 15 as
2014 2813 50 23 that
2074 2813 24 23 of
2115 2821 13 15 a
2140 2812 59 24 dark
2209 2813 85 29 brown,
2308 2820 29 17 on
2352 2813 39 23 the
2403 2813 72 24 bntire

1888 2846 73 24 dorsal
1980 2850 85 26 aspect,
2079 2846 94 30 passing
2191 2847 48 22 into
2258 2855 14 15 a
2290 2846 59 24 steel
2366 2855 64 23 grey,
2446 2855 30 15 on

1888 2879 37 23 the
1944 2878 130 24 abdominal
2091 2883 86 26 aspect,
2189 2886 63 16 more
2271 2880 120 31 especially
2405 2880 72 24 under

1888 2912 37 23 the
1937 2911 83 28 throat,
2033 2911 67 28 neck,
2114 2910 44 24 and
2169 2911 91 29 thorax,
2271 2911 40 24 the
2325 2911 100 31 shading
2434 2914 42 21 be-

1888 2945 40 30 ing
1937 2944 124 31 produced,
2072 2944 32 31 by
2123 2944 39 24 the
2181 2944 84 26 darker
2277 2944 87 24 central
2379 2949 55 26 part
2455 2945 25 23 of

1885 2978 41 23 the
1938 2977 108 29 feathers,
2057 2978 96 31 passing
2163 2977 120 32 gradually
2293 2978 50 23 into
2345 2983 1 7 1
2358 2986 15 15 a
2384 2977 94 25 distinct

1888 3011 78 23 brown
1984 3015 24 19 at
2027 3011 40 23 the
2086 3011 45 24 full
2148 3015 123 27 extremity
2290 3011 26 24 of
2331 3011 58 24 each
2410 3012 66 24 barb.

1888 3044 49 24 Bill
1954 3052 14 15 a
1979 3044 59 24 dark
2054 3044 74 32 fleshy
2141 3044 77 23 colour
2236 3050 25 18 at
2277 3044 65 30 base,
2354 3045 124 31 becoming

1889 3078 56 24 dark
1968 3078 80 24 brown
2070 3082 23 19 at
2111 3078 121 31 extremity
2243 3086 7 21 ;
2269 3082 76 20 tarsus
2365 3078 46 24 and
2430 3083 49 19 toes

1890 3119 14 16 a
1921 3111 48 24 dull
1987 3111 75 31 fleshy
2076 3111 93 29 colour;
2196 3111 68 24 claws
2283 3119 14 16 aya
2292 3110 6 9 v
2315 3111 59 24 dark
2390 3112 87 24 brown.

1890 3145 51 23 The
1956 3149 89 19 texture
2063 3144 26 24 of
2102 3144 38 24 the
2152 3144 100 24 feathers
2263 3152 53 24 may
2328 3145 28 23 be
2367 3145 75 24 stated
2453 3154 26 15 as

1888 3178 78 25 rather
1985 3185 88 22 course,
2086 3178 45 23 and
2142 3185 61 16 none
2213 3178 26 23 of
2255 3178 63 24 them
2329 3185 43 16 can
2389 3178 29 24 be
2429 3179 50 24 said

1890 3216 23 19 to
1942 3219 92 24 possess
2063 3220 14 15 a
2099 3211 57 31 quill
2168 3220 7 19 ;
2206 3219 62 15 even,
2285 3211 40 24 the
2353 3213 125 29 premaries

1891 3243 110 33 (feathers
2013 3245 105 24 attached
2129 3250 24 17 to
2163 3244 41 23 the
2212 3243 98 33 fingers)
2321 3243 59 24 have
2392 3253 14 15 a
2415 3253 64 16 mere

1891 3279 116 23 rudiment
2019 3279 25 23 of
2059 3278 39 23 the
2111 3277 64 31 quill,
2188 3277 44 23 and
2251 3285 37 16 are
2300 3277 56 24 with
2368 3278 112 32 difficulty

1891 3311 167 33 distinguished
2069 3311 59 23 from
2137 3310 38 23 the
2187 3311 143 24 secondaries
2339 3311 46 24 and
2396 3318 83 25 scapu-

1891 3346 54 24 lars.
1982 3345 51 23 The
2051 3344 40 24 tail
2101 3344 102 24 feathers
2214 3352 39 16 are
2265 3344 133 31 extremely,
2403 3346 75 29 small,

1892 3379 60 24 alike
1971 3379 106 22 deficient
2093 3378 25 23 in
2139 3377 64 31 quill,
2223 3378 45 23 and
2288 3386 38 15 are
2338 3378 60 35 only-
2406 3381 31 22 10
2457 3380 23 23 in

1892 3412 103 24 number.
2032 3410 51 24 The
2098 3410 68 32 flight
2183 3411 25 23 of
2224 3411 40 23 the
2282 3411 52 25 bird
2351 3412 21 22 is
2384 3411 54 25 thus
2449 3413 31 30 by

1892 3454 29 15 no
1933 3452 78 17 means
2029 3444 118 32 powerful.
2184 3444 52 25 The
2246 3445 82 24 thumb
2347 3448 108 28 supports
2468 3455 12 14 a

1893 3478 66 24 small
1970 3478 48 24 nail
2036 3486 29 16 on
2076 3479 31 23 its
2119 3478 129 31 extremity,
2260 3478 75 31 larger
2354 3478 55 28 and,,
2413 3486 67 19 .more

1892 3511 93 33 pointed
2001 3511 26 23 in
2045 3511 38 24 the
2103 3511 68 24 male.
2208 3511 51 24 The
2276 3511 49 31 legs
2342 3519 38 16 are
2392 3516 87 28 strong,

1892 3544 74 25 naked
1977 3544 61 24 from
2045 3553 13 15 a
2062 3545 45 23 few
2118 3545 59 23 lines
2189 3545 70 23 above
2268 3544 38 24 the
2318 3544 69 24 ankle
2388 3546 78 31 Joints
2473 3556 6 19 ;

1893 3579 38 24 the
1949 3583 49 18 toes
2017 3579 24 22 in
2060 3586 68 23 every
2139 3582 90 28 respect
2247 3578 104 32 strongly
2368 3579 112 24 resemble

1893 3612 65 25 those
1978 3611 26 23 of
2020 3611 38 23 the
2078 3612 132 31 gallinaceoe
2222 3620 5 21 ;
2254 3611 39 24 the
2311 3612 69 24 claws
2401 3620 38 16 are
2459 3612 21 24 of

1893 3645 115 24 moderate
2016 3645 147 29 dimensions,
2175 3649 94 27 present
2279 3653 30 15 no
2317 3646 102 23 serrated
2425 3646 55 31 edge

1895 3687 24 15 or
1923 3678 72 24 -other
2006 3678 143 31 peculiarity,
2162 3678 45 24 and
2218 3678 39 24 the
2268 3678 59 24 male
2338 3678 43 24 has
2392 3686 32 16 no
2440 3687 40 24 ap-

1895 3718 109 26 pearance
2015 3711 27 24 of
2050 3719 14 16 a
2074 3719 64 24 spur.

1928 3744 51 31 Eye
1998 3744 77 25 rather
2092 3744 83 30 small;
2194 3746 40 22 iris
2252 3745 26 23 of
2292 3753 30 16 an
2341 3753 85 24 orange
2441 3746 39 24 red

1896 3779 84 24 colour.

1928 3812 165 24 Dissection.
2106 3824 34 5 —
2152 3811 61 24 Skin
2241 3811 140 32 moderately
2407 3812 72 29 thick,

1896 3846 93 30 having,
2012 3845 25 23 in
2058 3845 39 24 the
2119 3845 82 24 female
2230 3845 124 31 specimen,
2378 3854 14 16 a
2403 3860 7 4 ~
2419 3846 61 30 large

1897 3879 103 33 quantity
2012 3878 27 24 of
2054 3878 34 24 fat
2099 3878 117 35 deposited
2227 3879 25 23 in
2264 3878 45 24 and
2319 3878 74 25 under
2404 3880 25 28 it,
2441 3878 39 24 but

1897 3911 73 27 which
1982 3919 46 17 was
2041 3912 96 32 entirely
2148 3911 101 31 wanting
2266 3913 24 22 in
2302 3912 40 25 the
2352 3911 60 26 male
2422 3911 58 24 bird.

1898 3946 50 25 The
1967 3946 96 29 viscera,
2075 3946 25 23 in
2119 3944 39 26 the
2177 3945 88 30 female,
2278 3953 47 17 was
2336 3945 49 24 also
2401 3944 79 25 loaded

696 292 37 24 As
752 301 13 15 a
782 292 92 32 general
891 292 57 28 rule,
960 292 18 23 it
996 290 52 28 will,
1060 297 33 16 we
1103 289 94 29 believe,
1215 289 29 23 be

663 325 116 30 admitted,
799 325 50 23 that
867 326 25 22 in
911 324 31 24 all
958 331 50 16 new
1027 322 82 24 settled
1122 322 121 28 countries,

664 358 137 32 agriculture
830 357 81 24 should
940 356 95 33 preceed
1067 355 176 29 manufactures,

664 395 81 28 except
762 390 73 24 under
856 398 56 23 very
933 389 99 33 peculiar
1052 389 175 23 circumstances
1236 396 6 20 ;

664 423 44 24 and
719 431 42 16 our
780 428 92 26 present
889 424 106 23 situation
1008 423 23 22 in
1043 421 46 23 this
1100 424 102 27 country,
1220 424 23 20 to

663 464 63 16 some
738 461 84 24 extent,
835 456 73 31 might
915 455 82 32 justify
1008 454 39 24 the
1060 454 125 31 exception.

697 490 56 23 Had
773 497 33 15 we
816 489 120 31 possessed
947 489 37 22 the
1004 487 132 30 knowledge
1157 485 25 25 of
1190 494 59 23 pre-.

662 523 83 31 paring
765 522 39 24 the
825 522 54 28 flax,
897 521 74 24 which
993 522 57 28 may'
1065 520 28 23 be
1097 513 3 12 1
1111 518 71 25 called
1204 519 38 23 the

663 555 134 31 indigenous
818 555 134 31 production
972 553 23 24 of
1016 553 39 23 the
1077 552 43 24 soil
1142 552 24 24 of
1185 552 59 24 New

663 588 110 29 Zealand,
796 595 34 16 we
849 587 80 31 might,
951 594 61 24 upon
1034 593 41 16 our
1092 586 50 23 first
1161 585 82 24 arrival

663 621 61 29 here,
735 621 71 30 being
815 621 120 30 possessed
952 620 24 24 of
991 619 113 23 sufficient
1122 618 81 31 capital
1219 623 23 19 to

662 654 112 31 purchase
786 653 38 24 the
835 654 51 23 first
898 653 137 24 necessaries
1047 652 25 23 of
1080 652 46 28 life,
1135 652 34 23 for
1180 659 62 16 some

663 687 92 23 definite
766 685 95 33 period/
864 691 24 19 at
898 686 59 24 least
966 685 57 25 have
1035 684 123 32 proceeded
1169 689 23 18 to
1204 684 38 24 the

662 720 156 24 manufacture
836 720 25 23 of
881 719 49 24 that
947 719 76 24 article
1041 726 26 15 as
1084 725 13 16 a
1119 725 78 16 means
1219 717 26 24 of

663 757 87 28 export,
763 752 45 24 and
825 753 18 23 it
853 752 75 32 might
944 752 67 31 fairly
1018 752 29 22 be
1059 750 131 25 considered
1204 750 38 24 the

655 811 1 4 ,
662 786 73 31 staple
747 785 135 32 commodity
895 786 25 23 of
929 786 37 23 the
978 789 103 26 country;
1114 805 2 4 .

654 836 2 5 .
694 819 120 31 Although
825 819 47 23 flax
883 819 21 23 is
921 823 40 20 not
972 818 25 23 of
1011 817 64 23 itself
1084 825 29 15 an
1124 816 77 24 article
1216 817 26 23 fit

655 852 47 24 •for-
706 852 87 24 human
804 853 165 30 consumption,
988 850 47 24 still
1054 851 18 22 it
1084 850 28 29 is,
1124 858 25 15 so
1166 850 35 23 far
1216 858 25 15 as

661 886 30 22 its
700 885 90 32 growth
800 886 20 22 is
833 885 131 28 concerned,
977 891 29 16 an
1024 883 145 31 agricultural
1187 891 53 23 pur-

661 919 53 28 suit,
731 918 44 24 and
787 917 133 32 dependant,
925 926 29 15 on
966 917 37 24 the
1015 924 61 16 same
1088 916 108 23 elements
1206 917 35 23 for

661 952 30 22 its
701 951 98 31 growth.
801 959 26 15 as
838 951 90 23 articles
940 951 26 23 of
974 950 59 28 food,
1046 949 45 24 and
1101 949 112 24 therefore
1223 950 19 23 it

661 984 75 23 would
747 992 24 15 so
780 984 34 23 far
825 984 59 23 form
900 992 28 15 an
938 983 118 31 exception
1066 987 23 19 to
1101 983 38 23 the
1150 983 92 31 general

661 1017 56 29 rule,
729 1018 26 22 in
771 1025 26 15 as
809 1016 68 24 much
888 1025 25 15 as
924 1016 38 24 the
981 1016 131 31 population
1128 1015 58 24 need
1202 1020 40 19 not

660 1051 69 30 begin
740 1050 31 30 by
781 1050 51 23 first
840 1050 86 31 raising
938 1050 37 23 the
986 1057 78 16 means
1074 1049 25 24 of
1118 1049 122 29 existence,

660 1084 41 23 but
717 1084 56 23 with
791 1082 39 24 the
846 1084 142 31 preparation
1006 1082 44 24 and
1068 1082 132 24 cultivation
1218 1082 26 23 of

661 1117 49 23 that
721 1116 74 24 which
808 1117 73 23 would
891 1124 82 16 ensure
983 1115 37 24 the
1031 1116 85 30 largest
1127 1115 44 23 and
1182 1119 60 19 most

661 1153 105 20 constant
776 1157 79 16 means
867 1150 25 23 of
900 1149 117 32 profitable
1029 1149 115 30 exchange
1156 1149 35 22 for
1202 1152 40 19 not

661 1183 54 30 only
727 1183 38 23 the
776 1183 51 23 first
843 1183 139 23 necessaries
993 1181 25 24 of
1025 1181 48 30 life,
1088 1186 38 19 out
1137 1181 37 24 the
1187 1189 54 16 con-

662 1216 120 23 veniences
794 1216 45 23 and
850 1216 107 23 comforts
968 1215 56 24 also.

694 1249 44 23 We
754 1249 57 23 have
822 1248 83 31 always
917 1249 61 23 been'
989 1248 26 23 of
1032 1249 99 30 opinion,
1143 1248 49 23 that
1204 1247 37 25 the

661 1286 49 19 true
721 1282 74 31 policy
808 1282 25 23 of
849 1282 38 23 the
906 1282 88 23 settlers
1011 1279 74 26 would
1102 1281 57 24 have
1177 1282 63 29 been,

661 1315 37 23 the
710 1315 132 23 cultivation
853 1315 28 23 of
894 1315 39 24 the
950 1315 46 24 flax
1015 1322 24 16 as
1049 1315 31 23 its
1092 1315 60 23 main
1163 1315 78 23 article

661 1348 25 24 of
700 1353 88 27 export,
801 1348 38 23 the
850 1349 91 31 rearing
952 1348 25 24 of
987 1348 66 23 cattle
1065 1356 25 15 as
1107 1355 14 16 a
1132 1355 79 16 source
1220 1348 26 23 of

661 1381 60 29 food,
733 1381 55 24 with
799 1381 38 24 the
849 1381 99 24 addition
965 1381 25 24 of
1005 1381 38 23 the
1062 1385 80 27 export
1162 1381 25 23 of
1204 1381 37 29 oil,

661 1414 66 30 bone,
740 1414 45 24 and
801 1414 90 24 timber.
928 1415 36 31 By
977 1414 37 23 the
1025 1414 117 31 profitable
1153 1415 90 30 pursuit

661 1448 26 23 of
696 1447 38 27 the
746 1448 70 23 above
826 1456 86 21 course,
921 1456 33 15 we
965 1447 80 24 should
1056 1447 57 23 have
1124 1447 119 32 gradually

662 1481 88 23 cleared
761 1481 39 23 the
810 1481 78 29 forest,
901 1481 45 24 and
957 1481 30 31 by
998 1481 38 22 the
1046 1484 103 19 constant
1161 1480 80 32 depas-

661 1515 79 30 turing
762 1514 68 24 herds
853 1514 24 24 of
893 1514 67 24 cattle
982 1514 43 23 and
1043 1514 74 23 flocks
1129 1514 23 22 of
1164 1514 78 31 sheep,

662 1547 110 24 rendered
784 1547 38 23 the
841 1551 72 20 tracts'
921 1548 25 23 of
957 1555 76 16 coarse
1044 1547 43 23 low
1097 1547 65 23 lands
1174 1547 69 31 ready

661 1581 36 23 for
709 1581 140 23 cultivation.
995 1588 2 7 '
1036 1594 10 5 -

695 1614 45 23 We
758 1622 37 15 are
815 1613 76 33 happy
903 1620 22 18 to
945 1614 47 24 find
1010 1614 48 24 that
1077 1618 23 19 at
1118 1614 44 24 last
1180 1614 63 23 there

663 1655 73 15 seems
748 1652 23 18 to
783 1647 27 23 be
823 1648 129 31 something
963 1648 46 24 like
1021 1656 13 15 a
1046 1648 126 23 conviction
1183 1648 59 23 forc-

662 1681 39 30 ing
724 1679 64 24 itself
815 1688 61 24 upon
899 1681 38 23 the
959 1681 73 24 minds
1055 1682 26 23 of
1107 1689 40 15 our
1169 1681 74 24 fellow

664 1713 123 29 Colonists,
799 1713 49 23 that
859 1714 38 23 the
908 1715 79 30 profits
997 1719 24 18 to
1037 1715 28 23 be
1084 1714 91 24 derived
1185 1714 58 24 from

663 1747 38 23 the
721 1746 123 32 supplying
861 1747 39 23 the
917 1747 103 24 fisheries
1039 1748 19 23 is
1079 1752 39 19 uot
1137 1747 72 31 likely
1220 1752 23 19 to

663 1780 71 22 afford
745 1779 118 32 profitable
874 1780 151 31 employment
1042 1781 37 23 for
1091 1788 56 16 even
1158 1788 13 16 a
1182 1780 60 24 limi-

663 1813 38 24 ted
715 1814 95 30 .portion
832 1813 22 22 of
878 1821 41 16 our
937 1814 173 31 comparatively
1133 1813 111 33 speaking

663 1846 66 24 small
747 1846 130 32 population
889 1856 6 20 ;
915 1847 44 23 and
977 1848 47 22 still
1042 1855 63 16 more
1123 1854 119 17 erroneous

662 1880 21 23 is
694 1879 38 24 the
744 1881 141 30 supposition
903 1880 49 23 that
969 1888 32 15 we
1020 1888 42 16 can
1079 1881 68 23 much
1164 1881 78 30 longer

664 1914 59 22 exist
734 1921 61 23 upon
808 1912 38 24 the
857 1914 146 31 expenditure
1012 1910 33 27 of'
1052 1914 130 31 emigrants,
1194 1914 48 24 who

663 1954 52 23 may
727 1946 166 32 progressively
901 1947 72 24 arrive
983 1947 61 29 here,
1054 1947 95 24 because
1156 1948 19 23 it
1184 1952 59 19 must

663 1980 27 23 be
702 1980 135 23 recollected
848 1980 48 22 that
910 1988 66 23 every
987 1980 62 23 fresh
1060 1981 82 23 arrival
1154 1980 55 23 adds
1216 1985 37 29 <to^

663 2013 38 22 the
712 2012 97 23 number
821 2016 22 19 to
855 2013 27 22 be
895 2013 122 30 supported
1036 2020 60 23 upon
1117 2013 37 22 the
1166 2013 75 29 outlay

663 2045 24 23 of
702 2045 55 23 each
769 2045 135 30 succeeding
915 2046 81 23 arrival
1007 2054 6 20 ;
1027 2046 43 22 and
1082 2046 159 30 consequently

662 2086 32 15 we
706 2082 68 25 must,
787 2077 43 24 and
842 2079 48 23 that
903 2079 92 23 without
1007 2078 51 25 .loss
1077 2079 25 23 of
1116 2081 60 26 time,
1189 2082 52 19 turn

662 2119 41 16 our
723 2112 111 23 attention
852 2116 22 19 to
893 2112 37 23 the
948 2112 133 31 production
1099 2112 24 23 of
1138 2111 52 24 food
1209 2112 33 22 for

662 2152 47 16 own
721 2145 166 30 consumption,
899 2145 96 23 because
1006 2145 19 22 it
1042 2149 61 19 must
1113 2145 28 23 be
1152 2144 91 24 evident

662 2178 55 28 that,
733 2178 81 23 labour
831 2178 69 30 being
919 2178 38 23 the
977 2177 51 31 only
1041 2185 78 16 source
1130 2178 25 23 of
1169 2178 73 23 man's

662 2211 114 23 existence
785 2220 6 18 ;
811 2211 24 23 in
853 2210 38 24 the
910 2211 94 23 absence
1018 2211 24 23 of
1051 2211 30 23 all
1093 2211 62 26 o£her
1165 2218 77 16 means

662 2244 25 23 of
700 2244 121 30 profitably
840 2244 128 31 employing
988 2244 36 23 his
1041 2244 87 29 labour,
1141 2244 101 23 however

662 2277 88 23 tedious
770 2277 38 23 the
829 2285 99 23 process,
947 2277 44 23 and
999 2295 3 3 .
1008 2277 104 23 however
1129 2278 113 23 laborious

662 2310 37 23 the
712 2316 78 17 nature
802 2310 26 23 of
844 2310 37 23 the
893 2310 137 28 cultivation;
1043 2317 57 17 even
1118 2314 22 20 to
1152 2310 38 23 the
1203 2318 39 16 ex-
1251 2331 2 5 ,

662 2348 48 19 tent
722 2344 25 23 of
757 2343 125 31 occupying
892 2343 36 23 his
940 2342 69 25 whole
1017 2341 57 26 time'
1080 2343 44 25 and
1136 2343 107 25 exhaust-

662 2376 40 32 ing
713 2377 35 23 his
763 2376 90 31 capital,
865 2376 29 24 he
912 2382 61 18 must
990 2384 94 24 procure
1101 2377 35 24 for
1153 2377 93 24 himself

661 2410 38 23 the
711 2417 79 16 means
802 2409 25 23 of
837 2411 122 23 existence.
992 2410 45 23 We
1049 2410 87 24 believe
1147 2418 33 16 we
1192 2418 52 23 may

661 2448 24 18 at
695 2443 45 23 last
752 2443 155 31 congratulate
924 2443 115 24 ourselves
1058 2444 49 23 that
1127 2452 14 15 a
1152 2444 92 23 decided

663 2476 65 24 effort
739 2477 20 23 is
770 2484 51 16 now
833 2476 94 31 making
943 2481 22 19 to
983 2477 68 30 bring
1061 2477 39 23 the
1110 2477 61 24 Flax
1181 2477 64 24 trade

662 2514 22 18 to
702 2510 62 29 bear,
785 2509 45 24 and
850 2510 49 23 that
917 2514 36 19 too
971 2510 24 23 in
1016 2518 13 15 a
1049 2518 49 24 way
1115 2510 74 24 which
1199 2511 47 23 will

662 2543 66 23 effect
737 2552 15 14 a
762 2547 64 26 great
839 2543 71 23 moral
921 2543 163 31 improvement
1090 2544 24 23 in
1126 2543 36 25 the
1175 2544 71 23 social

662 2576 112 24 condition
788 2576 25 23 of
828 2576 37 23 the
877 2577 84 23 Native
971 2577 139 31 population.
1138 2585 9 10 •'

695 2609 51 24 The
758 2609 90 24 natural
865 2610 134 31 disposition
1011 2610 78 23 6'fthe
1104 2611 67 23 brute
1183 2618 62 16 crea-

661 2643 48 23 tion
721 2643 44 23 and
776 2642 38 25 the
834 2643 85 23 human
938 2644 85 30 species
1041 2644 24 23 in
1082 2644 30 23 its
1131 2644 115 31 primitive

662 2681 67 24 state,
747 2677 21 22 is
785 2683 69 16 never
871 2681 23 18 to
915 2681 65 19 exert
999 2676 137 25 themselves

662 2709 60 24 what
734 2710 20 23 is
774 2717 121 23 necessary
908 2714 21 19 to
947 2709 78 24 enable
1043 2710 62 24 them
1125 2714 23 19 to
1167 2711 79 31 satisfy

662 2743 59 23 their
741 2742 128 24 immediate
888 2747 80 19 wants.
1004 2743 66 24 Take
1088 2744 35 23 for
1143 2744 103 24 instance

662 2776 38 23 the
712 2776 96 23 Natives
821 2776 25 23 of
854 2776 64 23 these
929 2776 99 24 Islands.
1065 2777 68 24 After
1140 2785 24 16 as
1171 2783 75 26 pretty

662 2810 50 22 nice
724 2809 136 24 calculation
879 2817 62 24 upon
961 2810 38 23 the
1009 2810 115 31 .probable
1143 2812 104 30 quantity

663 2843 25 22 of
701 2843 39 23 the
752 2843 43 23 few
807 2843 89 23 articles
919 2843 24 23 of
959 2843 130 24 cultivation
1107 2843 73 24 which
1192 2844 54 32 they

662 2876 86 31 mainly
760 2876 88 31 depend
858 2884 62 23 upon
931 2884 26 16 as
968 2882 78 18 means
1059 2877 25 23 of
1099 2878 147 29 subsistence,

663 2910 44 23 and
717 2909 37 24 for
774 2909 61 28 seed,
848 2910 103 31 together
968 2909 55 24 with
1041 2918 13 15 a
1065 2909 113 25 sufficient
1195 2919 51 16 sur-

662 2942 52 31 plus
726 2947 23 19 to
762 2942 115 32 exchange
889 2943 35 23 for
945 2942 113 31 blankets,
1070 2944 100 29 tobacco,
1182 2952 64 16 mus-

663 2976 59 29 kets,
736 2977 54 28 &c,
802 2976 53 31 they
867 2976 28 23 do
917 2982 38 18 not
976 2984 49 17 see.
1031 2977 39 26 the
1087 2977 75 31 utility
1175 2985 24 16 or
1210 2979 36 23 in-

663 3009 120 23 ducement
794 3013 22 19 to
833 3010 82 22 extend
934 3010 58 23 their
1011 3011 122 28 exertions,
1147 3011 43 23 ani
1209 3012 38 24 the

663 3050 61 16 same
734 3050 53 24 may
798 3043 29 22 be
839 3043 48 23 said
899 3043 25 23 of
933 3043 32 23 all
977 3045 165 28 communities,
1152 3045 96 32 varying

663 3076 19 22 it
692 3076 20 22 is
729 3079 50 20 true
798 3083 25 15 as
845 3080 21 19 to
886 3076 38 23 the
943 3077 103 30 quantity
1065 3077 45 23 and
1128 3078 87 29 variety
1225 3079 25 24 of

664 3109 90 23 articles
771 3109 108 31 requisite
900 3114 23 19 to
942 3109 80 31 satisfy
1033 3111 59 22 their
1110 3115 79 25 wants,
1201 3112 47 24 real

663 3150 26 15 or
700 3142 136 31 imaginary.

696 3175 45 24 We
764 3175 30 24 all
816 3175 75 30 know,
912 3176 116 29 however,'
1046 3184 26 17 as
1090 3185 42 16 one
1149 3182 60 19 want
1228 3178 21 24 is

664 3209 102 23 satisfied
774 3217 14 15 a
799 3216 49 16 new
858 3217 42 15 one
912 3210 26 22 is'
951 3210 88 23 created
1048 3219 7 20 ;
1079 3210 44 24 and
1142 3212 23 22 in
1185 3212 62 29 time,

663 3242 61 23 what
735 3250 46 15 was
794 3246 23 19 at
823 3242 51 23 first
881 3242 133 24 considered
1023 3252 15 15 a
1044 3243 93 31 luxury,
1145 3244 104 25 becomes

664 3275 58 24 from
733 3276 38 23 the
779 3280 105 19 constant
894 3276 134 31 indulgence
1037 3276 26 24 of
1070 3278 20 22 it
1102 3285 13 15 a
1122 3285 128 24 necessary,

664 3309 44 23 and
719 3309 24 23 in
755 3309 131 31 proportion
905 3318 24 15 as
950 3309 63 24 fresh
1030 3310 88 32 objects
1130 3318 45 19 ,are
1197 3319 52 23 pre-

663 3341 81 24 sented
755 3347 22 18 to
790 3350 50 22 out,,
844 3344 62 28 view,
917 3351 25 15 so
954 3343 28 23 do
994 3351 39 21 we,
1051 3344 31 31 by
1091 3344 103 26 renewed
1206 3345 42 24 and

663 3375 117 24 increased
794 3377 121 28 exertions,
928 3376 55 24 seek
995 3381 23 18 to
1030 3377 91 31 acquire
1131 3377 69 24 them.

696 3408 131 31 Admitting
849 3409 38 23 the
910 3410 62 23 truth
995 3410 25 23 of
1045 3410 46 24 this
1119 3412 129 31 reasoning,

664 3441 44 23 and
724 3441 40 23 the
779 3441 83 25 results
879 3443 130 31 emanating
1025 3443 59 24 from
1096 3443 39 28 the
1143 3446 107 30 practical

665 3476 127 29 operations
804 3475 24 23 of
844 3475 63 24 these
921 3476 95 24 motives
1027 3485 62 23 upo.n
1109 3477 38 24 the
1164 3477 87 25 human

664 3507 70 29 mind,
746 3508 20 23 it
775 3508 21 23 is
806 3507 25 25 of
847 3509 37 23 the
895 3514 87 19 utmost
992 3511 139 31 importance
1143 3515 23 20 to
1177 3519 37 22 us,
1226 3521 24 15 as

665 3540 97 29 settlers,
775 3540 46 25 and
832 3542 24 22 in
874 3543 66 23 strict
958 3543 133 32 conformity
1109 3544 54 24 with
1183 3553 68 24 every

663 3573 111 32 principle
784 3573 25 24 of
823 3573 127 33 humanity,
967 3584 25 16 as
1002 3577 51 23 well
1063 3585 25 15 as
1102 3577 38 24 the
1155 3578 95 25 dictates

665 3606 24 23 of
709 3607 73 24 sound
807 3607 81 31 policy,
908 3609 51 23 that
979 3617 41 16 our
1041 3610 50 24 first
1112 3611 138 25 endeavours

665 3639 81 23 should
754 3640 29 23 be
794 3644 22 18 to
828 3645 74 19 create
915 3649 13 15 a
943 3641 74 25 desire
1033 3643 35 23 for
1090 3643 38 24 the
1144 3646 107 23 conveni-

665 3680 67 15 ences
755 3672 45 24 and
823 3674 106 23 comforts
952 3674 26 24 of
992 3675 38 24 life
1048 3676 24 23 in
1091 3676 38 24 the
1144 3678 76 23 minds
1229 3678 25 24 of

665 3706 37 22 the
714 3706 76 23 native
799 3706 140 31 population,
959 3708 44 23 and
1019 3709 114 31 secondly,
1152 3715 23 19 to
1187 3712 65 30 point

665 3743 39 19 out
715 3743 23 19 to
752 3739 62 24 them
827 3747 14 15 a
851 3740 66 24 mode
929 3741 25 24 of
969 3741 115 32 obtaining
1097 3743 62 25 them
1169 3745 81 28 which,

665 3771 66 24 while
741 3773 20 22 it
771 3772 75 24 would
856 3773 72 24 afford
945 3774 111 24 thenTthe
1070 3784 79 16 means
1166 3777 26 24 of
1210 3779 41 23 ob-

665 3805 88 32 taining
764 3805 70 29 them,
846 3807 74 24 would
930 3812 24 19 at
969 3808 39 23 the
1026 3816 62 17 same
1100 3810 54 24 time
1164 3810 31 24 be
1214 3811 37 24 the

665 3846 78 16 means
754 3839 25 23 of
794 3840 86 31 raising
890 3840 62 24 them
964 3841 24 23 in
1006 3841 38 24 the
1063 3843 61 24 scale
1142 3843 24 24 of
1182 3845 70 24 social

665 3872 139 32 enjoyment.

698 3905 31 29 If,
743 3906 118 30 therefore,
874 3914 33 17 we
919 3908 80 24 induce
1007 3908 38 25 the
1051 3915 94 25 present
1155 3918 96 24 genera-

666 3939 45 23 tion
724 3939 26 25 of
764 3940 87 23 natives
863 3944 23 19 to
898 3940 103 25 abandon
1020 3942 59 25 their
1094 3944 56 24 rude
1165 3949 87 26 system

1273 131 25 23 of
1321 123 135 37 .Cultivation
1478 129 35 24 foe
1535 129 39 24 the
1762 130 26 23 of
1813 130 38 23 the

1272 164 76 23 native
1359 163 54 28 flax,
1426 163 29 30 by
1466 164 136 30 proving/to,
1610 161 58 25 them
1679 160 50 26 that
1740 162 38 31 fhe
1790 170 62 17 same

1273 189 105 39 qdtjjitity\
1394 196 25 23 of
1432 195 80 24 labour
1528 195 108 24 bestowed
1652 204 61 23 upon
1721 204 5 17 :
1730 197 123 31 preparing

1272 230 26 22 if
1318 230 36 22 for
1491 228 47 24 will
1559 229 94 30 produce
1679 237 63 15 more

1267 261 134 28 .wherewith
1413 266 23 18 to
1447 262 111 30 purchase
1570 261 54 30 food,
1637 261 56 24 than
1704 263 19 22 it
1741 261 74 24 would
1834 261 21 24 if

1271 294 112 24 bestowed
1411 301 62 24 upon
1502 294 59 24 their
1585 295 108 30 primitive
1715 299 86 26 system
1829 294 26 23 of

1272 327 139 29 cultivation,
1424 334 32 16 we
1467 327 83 24 should
1561 327 132 31 accomplish
1705 332 42 19 two
1764 327 87 31 objects

1272 361 24 23 of
1310 364 135 27 paramount
1646 364 4 3 '
1671 382 3 4 .
1690 363 3 6 '
1769 364 4 5 '
1841 361 10 10 '■

1306 403 45 21 Ist.
1352 412 34 6 —
1386 400 51 24 Wet
1436 403 3 8 1
1449 399 93 30 should;
1546 401 58 23 raise
1616 400 35 24 the
1663 402 75 22 native
1754 400 97 32 popula-

1272 435 47 22 tion
1329 435 25 22 in
1365 433 38 23 the
1419 433 60 23 scale
1496 434 26 23 of
1543 433 69 24 social
1625 441 117 24 economy,
1761 433 45 24 and
1826 434 25 22 in

1271 467 37 23 the
1321 466 83 24 second
1414 466 70 32 place,
1502 475 33 15 we
1553 466 76 24 should
1644 474 90 17 remove
1745 466 63 24 them
1825 474 25 16 as

1271 499 145 32 competitors
1429 499 53 24 with
1491 499 113 24 ourselves
1615 500 21 23 in
1641 512 4 5 ■
1654 500 37 23 the
1708 499 90 24 market
1815 499 36 23 for

1270 532 37 24 the
1319 533 50 23 first
1380 533 138 23 necessaries
1530 532 26 24 of
1570 532 38 24 life
1618 533 79 29 which,
1709 533 42 24 but
1764 532 36 24 for
1811 532 39 24 the

1272 567 113 22 existence
1397 565 26 23 of
1443 573 62 16 some
1524 566 73 31 staple
1617 566 133 31 commodity-

1270 598 119 30 taneously
1397 600 144 30 progressing
1549 607 24 15 as
1581 607 29 15 an
1616 599 75 23 article
1698 599 26 23 of
1733 598 117 31 exchange

1269 632 74 23 Would
1356 636 40 18 not
1406 631 80 24 admit'
1491 632 26 23 of
1531 632 39 23 the
1583 632 112 30 profitable
1714 632 137 31 application

1270 665 25 24 of
1308 665 63 23 the.-c
1383 665 115 31 improved
1510 673 77 16 means
1599 665 23 23 of
1640 665 142 31 production,
1806 665 45 23 and

1270 701 138 28 consequent
1419 698 135 31 application
1562 698 25 23 of
1596 698 33 24 the
1641 698 97 24 division
1750 698 26 23 of
1786 698 62 23 labor

1270 731 72 23 which
1363 731 73 23 would
1456 731 64 24 alone
1538 731 84 31 justifyi
1646 731 37 23 the
1712 731 135 30 embarking

1271 764 83 31 capital
1371 764 25 22 in
1407 764 58 23 their
1476 764 132 31 production
1617 772 4 21 ;
1640 764 45 23 aud
1702 764 95 28 further,
1817 772 33 15 we

1270 797 82 24 should
1373 797 56 23 thus
1451 802 92 19 convert
1564 797 39 23 the
1619 797 69 24 whole
1710 797 138 31 population,

1269 826 54 28 both
1344 829 84 24 Native
1449 830 44 24 and
1514 830 125 31 European,
1662 832 48 22 into
1731 830 119 31 profitable

1270 870 130 17 consumers
1426 863 44 24 and
1488 886 3 3 .
1499 863 144 31 reproducers
1651 872 7 20 ;
1679 863 111 29 whereas,'
1811 863 39 24 the

1270 897 97 23 absence
1378 895 26 24 of
1412 904 63 16 some
1487 897 57 23 such
1552 903 101 17 resource
1662 896 81 30 would,
1755 896 96 24 Without

1269 930 38 23 the
1318 929 137 31 probability
1470 929 26 23 of
1516 937 88 23 escape,
1615 930 22 22 in
1660 938 30 15 no
1711 937 57 23 very
1787 929 64 24 short

1269 970 67 24 space
1348 961 25 24 of
1388 962 61 29 time,
1462 962 81 24 reduce
1552 962 38 24 the
1599 962 67 24 whole
1676 962 69 24 white
1753 963 97 30 popula-

1269 997 47 22 tion
1327 1000 23 18 to
1363 1002 13 16 a
1385 994 58 24 level
1453 995 56 24 with
1520 995 38 23 the
1571 995 91 23 Natives
1674 996 24 22 in
1711 995 38 24 the
1757 995 60 24 scale
1828 996 26 23 of

1270 1028 69 25 social
1350 1028 123 24 existence.

1302 1068 67 25 Then
1379 1075 76 16 comes
1469 1065 38 26 the
1520 1068 102 31 question
1622 1080 33 6 —
1657 1067 60 24 How
1730 1075 39 16 are
1785 1068 65 25 these

1269 1106 86 24 events,
1367 1109 25 15 so
1414 1101 109 23 desirable
1542 1101 24 23 in
1587 1101 53 23 their
1662 1101 92 29 results,
1776 1106 24 19 to
1822 1102 28 24 be

1269 1134 99 32 brought
1380 1134 76 23 about.

1287 1199 2 5 ,
1303 1176 24 23 It
1338 1181 94 25 appears
1443 1174 59 24 from
1514 1183 12 15 a
1538 1174 131 24 calculation
1680 1174 75 25 which
1768 1183 14 15 a
1793 1183 57 23 gen-

1269 1209 85 24 tleman
1364 1206 50 24 who
1426 1207 41 24 has
1479 1208 78 24 shewn
1569 1216 14 15 a
1602 1208 101 23 laudable
1722 1209 94 30 anxiety
1828 1213 23 18 to

1270 1246 101 27 promote
1390 1240 38 24 the
1443 1242 106 23 interests
1570 1240 25 24 of
1610 1240 34 24 the
1664 1241 95 31 Colony,
1773 1241 31 31 by
1815 1240 36 24 his

1270 1274 107 25 unvaried
1396 1275 114 22 exertions
1531 1282 30 16 on
1580 1274 30 24 all
1625 1275 124 28 occasions,
1770 1275 49 23 that
1839 1282 14 16 a

1270 1308 76 24 Maori
1359 1315 40 15 can
1410 1315 94 23 prepare
1526 1307 55 24 15lb
1603 1307 20 24 of
1637 1308 47 23 flax
1695 1315 14 16 a
1721 1308 43 30 day
1775 1308 76 23 work-

1270 1343 40 30 ing
1321 1340 62 32 eight
1394 1340 68 23 hours
1479 1348 14 16 a
1512 1341 50 31 day,
1575 1341 70 23 which
1663 1345 23 19 at
1706 1341 39 23 the
1762 1345 49 19 rate
1829 1341 26 23 of

1270 1376 52 23 £15
1335 1382 40 24 per
1387 1378 46 22 ton,
1445 1374 73 23 would
1535 1374 52 31 give
1605 1374 64 24 about
1690 1379 44 18 two
1747 1374 104 31 shillings

1270 1416 40 23 per
1321 1408 51 30 day.
1409 1406 57 24 This
1478 1408 20 22 is
1516 1407 95 31 making
1621 1407 131 24 allowances
1766 1407 35 23 for
1813 1408 38 23 the

1270 1442 101 23 indolent
1382 1447 94 16 manner
1486 1440 25 23 in
1523 1440 73 23 which
1607 1440 50 32 they
1665 1446 35 17 set
1707 1441 70 23 about
1785 1449 68 23 every

1271 1475 87 31 species
1375 1473 26 23 of
1422 1473 80 23 labour
1521 1474 54 31 they
1590 1474 129 29 undertake,
1742 1474 43 23 and
1804 1474 47 24 also

1270 1508 126 28 reckoning
1406 1506 49 23 that
1465 1514 61 22 men,
1539 1514 90 22 women,
1642 1507 45 23 and
1705 1507 110 29 children,
1829 1508 26 23 of

1272 1550 13 15 a
1296 1541 84 24 certain
1392 1547 42 23 age
1446 1547 38 15 are
1498 1540 80 30 nearly
1589 1540 85 31 equally
1687 1545 80 26 expert
1778 1545 24 19 at
1814 1541 38 23 the

1270 1574 113 24 business.
1421 1573 58 23 This
1498 1573 74 23 would
1591 1574 47 29 give
1650 1578 23 19 at
1684 1573 39 24 the
1735 1578 48 19 rate
1796 1574 24 23 of
1838 1576 11 21 1

1272 1612 38 19 ton
1322 1609 16 22 4
1350 1611 51 19 cwt.
1413 1614 40 23 per
1464 1606 66 29 head,
1542 1606 101 31 working
1663 1608 35 22 six
1719 1606 92 24 months
1827 1608 25 22 in

1271 1641 38 24 the
1320 1648 60 23 year,
1394 1647 24 16 or
1430 1639 53 24 £18
1495 1647 40 23 per
1552 1639 59 23 head
1622 1648 37 22 per
1670 1646 93 17 annum.
1801 1640 50 23 Ad-

1272 1675 91 30 mitting
1371 1674 35 22 for
1416 1672 38 24 the
1465 1672 57 24 sake
1533 1672 26 24 of
1573 1672 38 24 the
1623 1678 119 25 argument
1752 1674 51 22 that
1813 1674 38 23 the

1271 1708 119 30 foregoing
1401 1706 133 23 calculation
1554 1705 71 24 would
1642 1707 29 22 be
1690 1707 69 22 borne
1773 1712 39 18 out
1822 1707 31 31 by

1273 1741 37 25 the
1328 1740 80 28 result,
1430 1739 32 23 let
1482 1747 27 15 us
1530 1747 38 15 see
1586 1739 55 23 what
1656 1740 148 24 inducement
1815 1740 38 23 the

1271 1773 107 32 probable
1397 1776 57 20 state
1471 1773 25 22 of
1512 1772 38 24 the
1570 1772 74 24 Home
1663 1773 95 24 Market
1778 1774 74 23 would

1272 1808 52 22 hold
1343 1812 39 18 out
1402 1810 23 19 to
1444 1813 28 15 us
1491 1810 21 18 to
1533 1810 115 27 prosecute
1668 1806 46 23 this
1731 1807 87 30 species
1830 1808 26 22 of

1271 1841 111 29 industry.
1418 1839 44 23 We
1481 1846 37 16 are
1539 1839 81 24 almost
1635 1839 72 24 afraid
1721 1844 21 19 to
1754 1840 97 30 proceed

1270 1874 54 23 with
1345 1881 41 15 our
1408 1872 137 24 endeavours
1556 1876 33 20 ■to
1609 1873 106 23 elucidate
1737 1881 40 16 our
1789 1874 63 22 ideas

1272 1913 61 25 upon
1344 1907 46 23 this
1403 1905 94 32 subject,
1510 1906 36 23 for
1561 1905 47 24 fear
1627 1906 24 24 of
1666 1907 137 30 exhausting
1815 1907 38 23 the

1272 1948 61 16 more
1351 1940 55 24 than
1423 1940 102 30 parental
1549 1940 140 23 forbearance
1712 1939 75 23 which
1810 1948 41 14 our

1272 1978 171 26 contemporary
1458 1973 38 22 the
1516 1971 100 24 Colonisl
1630 1973 80 31 mildly
1727 1973 126 22 insinuates

1270 2007 28 22 he
1319 2007 42 22 has
1368 2005 124 22 'exercised
1511 2005 97 22 towards
1624 2006 42 26 us,'
1672 2012 24 15 as
1714 2004 50 23 well
1777 2011 25 15 as
1815 2005 38 21 the

1271 2037 123 32 reciprocal
1406 2037 165 30 apprehension
1589 2035 69 23 which
1676 2036 29 22 he
1724 2035 42 23 has
1777 2035 75 23 raised

1270 2072 23 22 in
1305 2079 41 15 our
1359 2070 69 28 mind,
1441 2069 43 23 lest
1496 2076 32 15 we
1542 2068 79 23 should
1629 2069 31 30 by
1668 2076 41 15 our
1719 2069 134 22 obtuseness

1272 2105 21 22 oi
1309 2103 103 24 intellect
1424 2103 57 30 keep
1492 2102 48 23 him
1553 2102 22 22 in
1594 2102 45 22 that
1660 2105 103 20 constant
1782 2102 71 22 dread

1271 2137 25 23 of
1310 2136 133 30 mistaking,
1456 2143 24 16 or
1492 2143 25 15 as
1534 2136 18 21 it
1570 2135 69 22 Would
1658 2143 83 23 appear
1752 2135 102 23 his'ina-

1270 2170 66 31 bility
1347 2175 22 18 to
1380 2169 150 31 comprehend
1542 2176 41 15 our
1595 2169 110 30 meaning.

1304 2211 123 28 However,
1448 2217 33 15 we
1502 2208 97 29 confess,
1619 2216 29 16 we
1670 2209 58 23 have
1750 2213 41 19 not
1815 2209 40 24 the

1271 2245 76 31 vanity
1360 2248 22 19 to
1395 2251 96 23 suppose
1505 2250 33 15 we
1551 2249 38 16 are
1601 2246 31 19 too
1646 2242 37 23 old
1695 2246 22 19 to
1736 2243 72 28 learn,
1822 2251 32 15 we

1271 2278 60 24 shall
1347 2277 48 23 like
1407 2284 14 15 a
1432 2276 82 23 dutiful
1525 2275 62 23 child
1621 2275 46 23 kiss
1679 2276 38 22 the
1807 2276 44 23 and

1272 2312 126 23 endeavour
1411 2314 22 19 to
1444 2309 68 31 profit
1522 2309 30 31 by
1559 2309 30 22 its
1602 2305 123 35 correcting
1733 2309 121 24 influence.

1272 2344 132 30 Returning
1415 2343 66 30 again
1490 2347 22 18 to
1522 2350 41 16 our
1570 2341 137 32 hypothesis,
1716 2342 45 24 and
1769 2343 84 23 calcul-

1272 2373 76 35 ating*
1354 2376 38 25 the
1411 2376 75 23 native
1497 2375 129 31 population
1637 2380 24 18 at
1674 2377 116 28 100,000,
1812 2376 45 23 and

1272 2411 48 23 that
1332 2418 42 16 one
1386 2410 62 23 third
1459 2409 72 23 could'
1541 2409 29 23 be
1582 2408 92 24 induced
1687 2413 22 19 to
1720 2408 76 24 follow
1807 2409 50 24 that

1272 2444 162 32 employment,
1446 2443 38 22 the
1496 2442 72 23 result
1579 2441 69 24 would
1659 2442 28 23 be
1699 2444 97 29 36,000,
1804 2447 51 19 tons

1272 2486 40 23 per
1323 2484 92 17 annum.
1450 2476 85 23 Which
1547 2475 73 23 would
1629 2476 50 31 give
1688 2483 26 16 us
1726 2476 130 31 exchange-

1273 2511 49 24 able
1346 2509 142 31 commodity,
1512 2509 124 31 equivalent
1657 2513 22 19 to
1700 2517 13 15 a
1733 2509 83 31 capital
1834 2510 26 23 of

1273 2545 130 28 £540,000
1421 2550 40 24 per
1479 2550 92 21 annum,
1594 2542 40 23 and
1652 2542 137 31 calculating
1806 2543 50 23 that

1273 2578 37 25 the
1321 2578 54 24 £15
1396 2584 41 24 per
1454 2580 47 24 ton,
1522 2576 20 23 is
1560 2575 52 31 paid
1627 2575 34 24 for
1677 2576 26 23 in
1714 2576 84 28 barter,
1818 2576 39 23 the

1274 2611 118 24 difference
1403 2610 100 23 between
1515 2617 82 22 money
1604 2613 103 26 payment
1719 2609 44 23 and
1775 2610 80 29 goods,

1274 2644 73 24 would
1358 2651 33 16 we
1404 2645 103 21 conceive
1519 2643 28 22 be
1568 2642 56 23 little
1640 2642 64 23 short
1716 2643 25 22 of
1750 2642 60 23 from
1822 2645 33 21 20

1274 2682 22 19 to
1308 2680 32 22 25
1352 2684 41 24 per
1406 2681 58 19 cent,
1476 2676 77 31 profit.
1588 2675 41 23 We
1638 2675 59 23 have
1707 2679 57 20 next
1782 2680 29 23 to.
1818 2684 39 15 see

1275 2711 58 24 what
1345 2710 45 23 will
1401 2710 28 23 be
1441 2709 37 23 the
1491 2713 47 19 cost
1551 2708 25 23 of
1585 2710 101 28 transfer,
1698 2709 119 31 including
1825 2709 31 24 all

1276 2751 111 25 expenses
1399 2748 23 18 to
1438 2743 28 23 be
1482 2742 113 28 incurred,
1613 2742 54 23 after
1681 2742 31 23 its
1723 2742 101 31 delivery
1834 2747 24 19 at

1276 2778 37 23 the
1337 2782 117 26 exporters
1473 2776 138 28 warehouse,
1627 2775 59 24 until
1705 2776 32 23 its
1754 2775 104 24 ultimate

1274 2811 98 32 disposal
1378 2811 25 22 in
1410 2810 38 22 the
1455 2808 91 24 market
1553 2813 23 19 at
1582 2805 71 27 home.
1672 2809 44 23 We
1723 2809 58 23 have
1789 2809 70 24 heard

1274 2845 17 23 it
1298 2843 120 25 estimated
1425 2847 23 19 at
1455 2843 68 23 about
1530 2850 29 16 an
1568 2842 62 31 equal
1640 2850 60 21 sum,
1706 2842 91 32 namely
1804 2843 53 24 £15

1274 2886 40 23 per
1325 2883 47 22 ton,
1391 2877 107 30 bringing
1517 2876 40 23 the
1576 2875 53 24 total
1646 2883 99 24 expense
1763 2880 27 24 to,
1804 2877 54 23 £30

1274 2919 41 23 per
1326 2916 49 17 ton.

1308 2944 51 24 The
1380 2944 105 30 question
1503 2943 56 23 then
1577 2944 95 22 remains
1690 2947 23 19 to
1724 2943 32 22 be'
1773 2942 85 28 solved,

1274 2978 45 23 will
1331 2977 38 24 the
1381 2977 86 28 article,
1487 2977 126 31 supposing
1622 2977 15 22 it
1650 2983 41 16 can
1709 2975 29 23 be
1749 2975 111 30 prepared

1274 3012 24 22 in
1315 3010 58 24 such
1390 3018 15 15 a
1416 3015 57 18 state
1491 3017 26 15 as
1529 3014 22 18 to
1568 3010 73 21 insure
1659 3010 31 22 its
1707 3008 96 31 bearing
1821 3008 39 23 the

1274 3044 104 32 package
1394 3043 45 23 and
1449 3050 94 23 voyage,
1562 3049 25 16 so
1599 3041 45 23 that
1655 3042 18 23 it
1683 3041 48 24 will
1748 3045 54 19 turn
1820 3046 40 19 out

1275 3079 24 23 in
1310 3077 60 32 good
1382 3076 121 28 condition,
1517 3074 116 24 command
1644 3074 49 24 that
1703 3074 63 31 price
1776 3074 10 24 ?
1799 3085 2 5 ■

1308 3109 133 31 According
1452 3114 22 18 to
1495 3108 38 24 the
1543 3107 89 31 general
1651 3109 101 30 opinion,
1772 3116 34 16 we
1817 3108 41 24 be-

1276 3145 43 23 live
1331 3151 34 16 we
1382 3150 54 23 may
1446 3150 42 23 say
1497 3142 20 23 it
1528 3140 54 30 will,
1604 3140 39 24 and
1660 3141 90 24 further
1761 3142 99 31 varying

1276 3178 59 23 from
1347 3178 31 23 30
1390 3180 24 19 to
1425 3176 63 23 £35.
1510 3175 25 23 If
1543 3175 20 23 it
1573 3174 70 24 would
1651 3174 83 24 realize
1746 3182 29 16 no
1786 3182 73 22 more,

1277 3219 31 16 we
1320 3210 96 28 believe,
1429 3208 37 24 the
1477 3216 61 16 mere
1548 3208 47 23 fact
1606 3208 23 23 of
1635 3208 30 23 its
1677 3208 70 31 being
1757 3208 104 31 equival-

1277 3248 39 20 ent
1326 3248 24 19 to
1369 3250 13 15 a
1392 3242 133 34 remittance
1545 3241 25 23 in
1587 3241 59 29 cash,
1663 3241 76 24 would
1754 3241 64 24 leave
1837 3250 25 15 as

1278 3285 31 17 we
1329 3275 140 25 understand
1481 3283 14 16 a
1514 3274 69 33 profit
1594 3274 63 31 equal
1677 3279 24 19 to
1712 3274 40 24 the
1763 3283 99 23 expense

1278 3311 24 24 of
1310 3309 118 30 remitting
1445 3309 61 28 cash,
1525 3316 25 16 as
1562 3315 33 17 we
1608 3308 54 24 have
1681 3308 101 24 hitherto
1803 3308 60 24 been

1278 3342 90 32 obliged
1379 3347 24 18 to
1410 3342 28 23 do
1449 3342 25 23 in
1484 3346 109 27 payment
1602 3341 23 23 of
1632 3349 41 16 our
1679 3342 105 31 imports.
1808 3342 56 24 And

1279 3377 112 24 therefore
1409 3382 68 24 every
1488 3374 102 24 addition
1601 3375 25 23 of
1636 3375 38 23 £1
1686 3382 41 24 per
1745 3379 39 19 ton
1801 3383 62 23 upon

1277 3410 38 24 the
1334 3412 93 29 present
1445 3408 116 24 estimates
1573 3408 70 23 would
1663 3408 53 30 give
1728 3417 14 14 a
1757 3408 70 31 profit
1839 3410 26 22 of

1278 3445 54 24 £15
1345 3450 40 24 per
1392 3446 53 19 cent
1455 3449 61 24 upon
1528 3441 38 23 the
1577 3442 69 30 prime
1658 3446 49 19 cost
1718 3443 26 22 of
1756 3441 38 24 the
1806 3443 56 23 arti-

1279 3478 33 23 cle
1324 3485 26 15 or
1362 3474 32 33 1^
1407 3483 60 23 upon
1479 3474 39 24 the
1530 3474 56 24 total
1597 3474 145 32 expenditure
1753 3476 109 30 previous

1279 3515 21 19 to
1321 3509 112 30 realizing
1452 3508 39 23 the
1502 3507 79 24 whole-
1594 3508 112 31 proceeds,
1726 3508 45 24 and
1783 3516 30 16 on
1824 3509 39 24 the

1279 3543 64 25 other
1353 3542 62 24 hand
1427 3549 67 23 every
1505 3542 36 23 £1
1556 3549 26 15 or
1597 3541 43 24 less
1653 3542 24 23 in
1694 3541 39 24 the
1744 3542 51 24 first
1815 3548 49 18 cost

1279 3578 70 30 price,
1358 3575 75 24 would
1439 3575 63 23 leave
1515 3583 13 15 a
1537 3574 173 32 corresponding
1721 3575 69 31 profit
1801 3576 63 24 to'be

1279 3609 90 25 divided
1390 3608 101 23 between
1509 3608 39 23 the
1566 3608 87 23 retailer
1676 3608 45 24 and
1741 3608 123 25 wholesale

1279 3643 133 32 purchaser.

1312 3681 45 24 We
1369 3680 57 23 have
1437 3679 58 23 been
1505 3679 99 23 induced
1615 3683 19 19 to
1643 3679 38 32 lay
1689 3680 65 24 these
1761 3681 104 24 remarks

1279 3714 78 25 before
1378 3720 44 17 our
1439 3712 98 30 readers,
1554 3713 25 22 in
1598 3713 35 22 the
1650 3713 72 31 hopes
1740 3713 54 31 they
1813 3718 54 28 mfay

1279 3747 50 25 lead
1342 3752 24 19 to
1385 3754 14 16 a
1417 3754 62 16 more
1498 3747 88 22 minute
1604 3746 158 31 investigation
1780 3746 26 24 of
1827 3747 40 25 the

1279 3781 97 32 subject,
1390 3779 45 24 and
1447 3779 58 24 shall
1525 3780 29 23 be
1573 3779 71 31 happy
1657 3784 22 19 to
1691 3780 59 24 have
1769 3787 42 16 our
1822 3781 45 24 im-

1279 3815 89 32 perfect
1378 3813 70 24 views
1460 3820 29 16 on
1500 3812 39 24 the
1559 3817 78 19 matter
1659 3817 35 19 set
1705 3813 63 32 right
1779 3813 32 32 by
1823 3822 45 24 any

1279 3855 85 25 person
1387 3846 51 24 who
1456 3846 47 23 will
1523 3845 54 24 take
1596 3846 35 24 the
1648 3847 90 31 subject
1756 3847 24 22 in
1797 3847 70 31 hand,

1280 3882 102 30 trusting
1393 3884 23 19 at
1435 3880 37 23 the
1493 3887 63 17 same
1574 3880 54 23 time
1646 3880 50 24 that
1712 3881 26 23 in
1756 3880 61 24 what
1834 3889 35 16 we

1279 3915 59 24 have
1347 3913 111 25 ventured
1469 3917 23 20 to
1500 3918 43 27 put
1555 3921 61 24 upon
1626 3921 67 25 paper
1705 3913 47 25 will
1762 3919 41 19 not
1811 3916 58 23 mis-

1279 3947 52 26 lead
1345 3947 85 29 others,
1443 3954 25 16 or
1479 3946 73 25 check
1563 3947 40 23 the
1620 3954 110 24 progress,
1737 3947 26 25 of
1777 3947 40 25 the
1828 3956 41 16 ex-

556 47 98 45 Ei)t
677 45 119 43 Wrtu
821 44 208 41 Zralauti
1055 43 190 46 <&a}tttc
1269 43 92 40 au6
1385 42 298 45 metlutQtou
1705 37 258 51 £pcctat<H\

657 116 94 61 New
782 116 219 61 Zealand
1032 116 218 61 Gazette

701 188 70 23 AND
785 184 214 25 WELLINGTON
1018 177 186 36 SPECTATOR.

754 240 154 26 Wednesday,
924 240 110 21 January
1048 239 33 25 11,
1098 239 59 20 1843.

59 129 7 12 *
112 129 24 40 '(\
158 137 178 26 Preliminary
347 136 80 21 Land
441 130 92 26 Order.'

58 167 121 52 TO^BE
193 169 87 27 SOLD,
298 176 28 15 an
345 168 72 22 Order
432 167 34 22 for
481 167 38 21 the
537 167 99 26 Country

115 205 7 10 i-
132 197 68 26 Land,
211 198 38 25 yet
258 195 127 22 unselected
385 205 28 6 —
414 198 66 18 terms
488 193 83 23 liberal.
594 192 43 22 For

56 224 137 27 particulars,
204 222 73 28 apply
281 225 24 19 to
349 240 6 5 .
440 223 6 7 '
453 235 3 5 .
465 240 5 3 .

176 251 90 20 Messrs.
282 249 99 22 Brewer
395 247 47 23 and
455 247 154 22 Blathwayt.

83 276 100 27 January
192 277 33 24 11,
237 277 71 24 1843..

224 320 77 21 Meat
322 320 147 24 Company.

57 351 91 49 THE
167 351 234 27 UNDERSIGNED,
420 350 84 28 having
520 350 58 21 been
598 356 38 21 ap-

129 379 90 27 pointed
234 379 109 26 Manager
352 378 25 21 of
390 377 38 22 the
442 377 63 22 Meat
514 377 120 27 Company,

54 405 55 26 begs
119 409 22 17 to
151 412 116 16 announce
276 405 49 22 that
338 411 14 15 a
360 404 89 26 regular
457 403 77 28 supply
543 403 26 21 of
578 402 56 26 beef,

56 435 94 24 mutton,
170 431 45 23 and
230 431 57 28 pork
302 438 52 20 may
373 430 82 27 always
472 430 28 21 be
519 426 118 31 depended

56 465 60 20 upon
127 462 24 18 at
160 459 42 21 this
213 458 170 22 establishment.

82 485 33 21 As
139 485 42 21 this
204 485 115 26 Company
337 490 106 25 purposes
461 482 79 27 selling
558 485 23 18 at
599 481 36 22 the

54 510 79 22 lowest
140 511 71 28 prices
220 514 23 18 at
258 510 71 22 which
338 514 18 17 it
370 510 18 21 is
396 508 71 23 found
476 509 38 22 the
523 511 60 20 meat
596 515 40 14 can

54 538 29 20 be
93 537 106 27 afforded,
209 536 38 22 the
256 536 150 28 undersigned
413 536 19 21 is
446 536 52 26 only
508 534 126 23 authorized

56 567 23 18 to
88 564 50 26 give
145 571 52 20 very
202 564 87 21 limited
298 564 76 25 credit,
381 562 46 22 and
433 562 41 21 has
480 567 54 16 been
543 561 94 22 ordered

54 592 23 19 to
93 593 49 25 stop
157 590 29 22 all
200 592 103 20 accounts
317 589 72 22 which
404 595 38 15 are
456 592 41 18 not
510 588 52 28 paid
577 595 58 20 upon

54 616 103 23 demand.
218 638 3 4 ,
227 626 6 21 ;
520 628 4 7 ■

70 649 5 7 •
81 643 48 22 The
139 643 98 22 business
247 642 26 22 of
280 642 37 22 the
328 642 113 26 Company
450 641 19 22 is
479 641 85 22 carried
573 648 28 15 on
611 640 23 22 in

54 669 58 22 their
126 677 50 15 new
190 669 107 27 building,
309 670 86 20 erected
413 668 101 22 between
532 667 103 23 France's

54 696 69 22 Hotel
142 696 43 22 and
204 695 37 22 the
256 695 61 24 Tiead
334 695 25 22 of
373 695 38 22 the
426 694 56 28 Bay,
500 694 43 22 and
559 693 76 28 nearly

54 723 98 27 opposite
163 725 22 20 to
195 722 44 23 Mr.
251 722 82 27 Lyon's
343 722 69 21 Store.

324 748 36 22 W.
374 748 101 27 Flyger,
483 747 3 9 '
492 748 116 27 Manager.

41 799 1 6 ,
56 781 2 6 ■
82 776 128 22 November
218 777 35 25 23,
265 776 59 21 1842.
434 790 3 3 .
550 769 6 17 v
575 771 6 15 /
588 778 9 10 *

222 826 65 20 Just
306 825 157 25 Published,
500 835 11 11 v
524 824 22 20 V

52 859 93 22 riIHE
167 858 212 22 WELLINGTON
401 857 182 23 ALMANACK
584 851 3 12 1
599 857 36 22 for

58 880 29 28 X
126 887 67 21 1843:

281 919 123 15 CONTENTS.
498 914 3 5 '
512 922 5 3 •
542 917 3 5 '

79 939 106 23 Weather
206 939 78 27 Table,
305 939 76 27 Cycles
401 938 46 22 and
469 938 166 22 Astronomical

51 966 118 27 Numbers,
183 966 116 26 Calendar,
316 966 136 22 Gardener's
467 964 45 22 and
526 965 108 21 Farmer's

50 993 115 27 Calendar,
176 992 182 28 Meteorological
371 992 69 22 Table
451 992 34 22 for
501 993 61 26 1840,
573 993 59 25 1841,

49 1019 45 23 and
104 1021 60 26 1842,
176 1019 97 28 Eclipses
284 1021 22 20 of
315 1019 38 22 the
362 1020 48 22 Sun
421 1019 45 21 and
484 1019 78 27 Moon,
578 1019 56 21 New

50 1047 99 21 Zealand
165 1048 120 25 Company,
298 1047 52 21 Post
364 1046 71 22 Office
446 1046 145 27 Regulations
600 1046 35 21 for

41 1073 1 11 1
49 1073 62 22 New-
115 1070 108 30 Zealand,
234 1073 63 22 Civil.
306 1073 188 27 Establishment,'
503 1073 57 21 Fees
571 1073 61 21 Land

50 1100 90 22 Claims'
164 1100 76 26 Office,
266 1100 54 22 Post
343 1100 99 22 Office—
444 1100 99 22 Colonial
571 1099 61 27 Law,

50 1126 74 22 Police
150 1127 70 21 Office
220 1138 28 4 —
249 1127 65 27 Petty
339 1127 107 26 Sessions,
477 1126 111 27 Holidays
612 1129 23 18 at

50 1153 77 22 Public
139 1153 87 27 Offices,
237 1153 110 22 Discount
357 1154 70 27 Days.

236 1197 3 4 •
253 1188 78 26 Price,
348 1190 30 19 Is.
393 1187 36 22 6d.

67 1227 4 3 •
78 1215 86 20 Gazette
173 1214 77 27 Office,
262 1214 98 28 January
372 1216 18 25 1,
402 1216 61 22 1843.

45 3396 121 24 "'Notice
179 3405 38 15 'to
242 3399 162 22 Subscribers.
405 3411 28 4 —
433 3399 49 23 The
508 3401 87 23 settlers
614 3406 22 19 at

47 3425 127 27 Wanganui
183 3425 111 27 complain
305 3426 49 21 that
369 3426 54 27 they
441 3426 29 22 do
486 3431 41 18 not
543 3432 39 23 get
597 3437 39 15 our

46 3459 80 20 papers
135 3452 112 27 regularly
248 3464 28 3 —
277 3453 44 21 and
329 3453 65 27 plead
406 3453 55 28 that,
473 3462 24 14 as
512 3462 29 14 an
556 3463 80 15 excuse

47 3479 35 21 for
91 3483 39 17 not
139 3479 84 32 paying
239 3479 59 22 their
313 3484 115 18 accounts.
467 3481 41 23 We
526 3490 42 14 can
584 3483 52 28 only

46 3509 41 23 put
105 3506 59 22 their
180 3513 81 20 papers
275 3506 23 22 in
315 3506 38 22 the
367 3511 58 24 post,
444 3507 43 22 and
507 3513 85 19 cannot
609 3510 26 22 be

46 3533 139 26 responsible
194 3533 35 21 for
244 3532 58 22 their
319 3533 47 22 safe
382 3534 89 22 arrival.
510 3535 66 23 From
593 3536 43 23 this

47 3558 51 22 date
106 3567 33 15 we
150 3564 49 23 stop
207 3559 39 22 the
254 3567 82 24 papers
345 3561 33 21 of
387 3560 31 22 all
432 3568 94 21 persons
538 3563 98 28 residing

47 3589 25 17 at
92 3586 126 28 Wanganui
237 3586 67 22 with'
311 3594 43 15 one
373 3588 127 27 exception.
542 3590 26 22 If
583 3589 53 28 they

46 3612 59 22 need
112 3620 79 21 papers
202 3613 52 28 they
264 3621 42 15 cau
317 3614 57 22 have
382 3614 63 22 them
456 3622 59 19 upon
526 3617 76 26 giving
611 3624 25 15 us

47 3638 39 22 the
94 3644 108 22 gurantee
213 3640 26 22 of
249 3648 63 14 some
320 3641 139 28 respectable
473 3650 81 19 person
569 3641 67 25 resid-

46 3665 40 27 ing
93 3666 61 27 here,
164 3667 49 22 that
221 3671 108 24 payment
338 3667 58 23 shall
401 3669 29 22 Be
436 3669 67 22 made
514 3670 62 22 when
587 3670 48 22 due.

47 3692 42 22 We
99 3697 89 23 suspect
196 3702 33 14 we
239 3694 58 22 shall
306 3702 53 20 very
369 3702 55 14 soon
433 3695 48 23 find
490 3697 18 21 it
520 3704 116 21 necessary

47 3721 25 18 td
82 3719 67 27 adopt
159 3720 36 22 the
206 3728 60 15 same
278 3729 77 15 course
364 3722 23 22 in
398 3722 96 22 relation
503 3727 24 19 to
540 3724 31 22 all
585 3725 51 21 sub-

47 3746 94 22 scribers
150 3751 40 17 not
199 3749 98 27 residing
306 3749 23 22 in
341 3749 146 28 Wellington.

75 3772 141 28 Wellington,
228 3774 101 29 January
341 3778 18 25 1,
373 3777 61 21 1842.
467 3793 5 6 .

167 3824 99 21 Notice
281 3827 29 19 to
324 3827 186 21 Subscribers.

46 3850 80 26 Papers
140 3851 46 20 will
196 3848 39 24 not
247 3852 25 20 be
283 3855 47 19 sent
348 3856 21 18 to
381 3860 91 20 persons
484 3855 69 26 living
568 3857 37 19 out
614 3857 22 24 of

72 3877 54 21 Vort
135 3878 128 29 Nicholson^
273 3881 70 20 unless
357 3885 162 23 arrangements
531 3890 38 14 are
577 3885 59 19 made

68 3904 38 24 for
116 3905 36 20 the
155 3909 102 23 payment
266 3908 28 24 of
299 3909 36 20 the
344 3915 63 20 same,
421 3911 94 24 through
525 3918 28 14 an
566 3913 70 22 Agent

71 3934 23 18 at
106 3933 136 23 Wellington.
