2520 4029
23 151 53 24 ■with
86 151 41 27 fat,
136 149 26 22 of
170 147 74 24 which
255 146 63 23 there
330 152 46 16 was
381 151 38 20 vno
431 147 93 26 vestage
534 142 26 22 in
569 140 38 24 the

24 184 66 24 male.
129 201 3 4 .
244 191 3 5 •
348 189 3 5 '
378 189 2 7 '
405 190 3 7 '

57 216 106 23 Organs
170 220 30 17 of
208 212 176 24 Mastication
390 218 56 15 and
453 209 154 24 Digestion.

24 262 34 5 —
58 249 51 23 The
120 247 55 24 Bill-
180 248 20 21 is
212 251 80 25 strong
301 244 67 23 when
379 243 85 28 closed,
476 240 133 33 presenting

26 283 38 24 the
82 279 94 34 general
192 279 58 25 form
271 278 26 23 of
310 285 14 15 a
343 284 62 21 cone,
425 273 145 33 compressed
588 277 22 19 at

27 316 38 23 the
77 314 68 24 sides.
181 312 50 24 The
248 311 69 24 lower
336 309 115 24 mandible
462 309 21 22 is
494 311 40 19 cut
545 306 66 24 down

26 347 96 25 towards
134 347 29 23 its
174 346 71 31 point,
258 344 45 26 and
320 343 54 24 thus
385 341 84 25 affords
482 348 14 16 a
506 340 51 23 nice
570 346 40 24 ap-

26 381 108 32 plication
154 379 25 24 of
205 378 39 23 the
261 384 73 24 upper
353 375 124 27 mandible,
495 372 76 24 which
591 373 20 22 is

28 413 116 31 distinctly
155 411 82 25 arched
257 410 44 24 and
312 417 57 18 even
379 406 96 33 slightly
486 405 92 24 hooked
590 409 22 19 at

27 448 30 23 its
69 446 129 30 extremity,
209 444 39 24 the
263 443 90 24 hooked
371 446 51 27 part
432 439 128 33 projecting
571 438 40 24 be-

28 479 60 33 yond
99 479 39 24 the
149 478 68 24 lower
228 474 122 27 mandible;

63 512 96 32 Tongue
172 514 13 22 1
200 512 33 23 in.
252 509 34 33 4|
304 510 60 23 lines
381 509 24 23 in
424 505 89 31 length,
525 504 86 29 elastic,

28 546 81 31 fleshy,
121 545 94 32 slightly
225 542 117 26 feathered
359 545 23 22 at
398 541 41 31 tip,
451 539 93 24 bruccal
562 546 51 15 sur-

29 580 49 23 face
90 579 112 31 perfectly
214 574 96 27 smooth.

64 612 51 24 The
132 610 115 26 intestinal
266 609 60 29 tube,
332 619 4 15 i
339 606 117 30 including
474 605 41 23 the
534 604 79 31 gullet,

29 647 21 23 is
62 646 77 23 about.
143 646 31 23 s6
186 644 77 23 inches
282 643 33 23 in.
324 640 96 32 length;
438 639 40 23 the
496 637 119 32 glandular

31 687 54 24 crop
97 679 20 23 is
129 678 67 24 small
207 676 61 24 close
278 680 23 19 to
313 674 38 23 the
363 672 86 33 gizard,
457 671 75 23 which
543 671 21 23 is
576 674 40 20 not

32 711 116 33 powerful.
184 710 91 27 Cloaca,
286 711 44 20 two
341 708 23 22 in
374 706 104 27 number,
487 707 14 21 5
509 704 80 23 inches
601 705 15 22 6

31 746 59 23 lines
104 745 67 30 ,long,
190 741 80 33 placed
287 741 68 24 about
375 741 14 22 3
409 738 81 23 inches
507 737 60 24 from
579 737 46 24 the,

33 779 83 23 cloaca.
137 796 3 4 .
152 776 51 24 The
216 775 97 24 joviduct
331 771 127 25 resembled
477 770 50 24 that
539 770 26 24 of
579 770 38 24 the

33 811 108 24 domestic
153 809 59 24 fowl.

66 844 171 23 Generative
261 841 115 23 Organs.
381 851 35 4 —
422 838 53 24 Ova
496 845 56 24 very
574 845 44 16 nu-

32 885 98 21 merous,
143 876 31 24 all
182 876 68 28 sizes,
263 874 57 23 from
339 881 14 16 a
363 873 63 30 large
437 880 45 23 pea
497 876 24 18 to
533 878 14 16 a
558 878 61 15 mere

34 910 152 31 microscopic,
197 909 71 31 point.
303 906 52 24 The
375 906 63 23 tesbs
458 905 24 23 in
502 904 38 24 the
560 904 66 29 male,

33 944 115 31 specimen
160 944 64 22 Were-
237 943 16 22 6
273 940 79 24 inches
369 939 64 31 long,
445 937 46 24 and
513 937 13 24 I
539 937 81 24 should

35 984 98 24 suppose
141 976 59 24 from
211 975 59 23 their
277 980 139 25 appearance
423 972 50 23 that
482 971 39 23 the
529 975 92 26 present

34 1008 152 33 (December)
198 1016 46 15 was
254 1010 41 21 not
305 1007 39 23 the
353 1005 120 31 breeding,
477 1012 90 15 season.
626 1023 2 10 ,

28 1055 12 14 .!
68 1042 116 25 Food,—
186 1041 78 25 ln.the
276 1040 81 24 female
377 1039 117 30 specimen
506 1036 123 32 (Novem-,

33 1076 41 23 ber
85 1076 41 26 22,
141 1072 85 32 1841,)
235 1073 14 22 I
261 1072 71 23 found
343 1071 53 30 only
407 1072 94 27 insects,
513 1071 109 23 numbers

35 1108 26 24 of
76 1107 68 24 small-
154 1107 42 23 but
214 1113 56 22 very
280 1104 101 23 brilliant
401 1103 96 29 beatles,
511 1104 44 23 &c.
593 1103 29 23 In

169 1139 114 31 specimen
294 1135 141 33 (December
454 1137 40 27 27,
510 1135 87 31 1842,)
609 1135 13 23 I

35 1173 54 29 find,
102 1174 39 22 the
160 1172 98 24 remains
278 1171 24 23 of
325 1170 93 28 insects,
437 1168 43 24 but
498 1168 48 23 also
565 1168 57 23 from

36 1208 70 30 thirty
119 1212 22 17 to
153 1206 59 30 forty
223 1204 82 32 yellow,
313 1201 103 25 rounded
431 1201 94 28 berries,
538 1201 86 31 having

36 1249 14 15 a
62 1241 108 23 diameter
181 1239 26 23 of
221 1238 71 23 about
301 1239 14 22 3
327 1236 67 29 lines,
407 1234 49 25 and.
550 1234 73 24 inside

36 1273 54 24 with
103 1281 14 15 a
128 1271 67 25 small
203 1272 34 31 jet
247 1270 70 24 black
328 1269 61 25 seed.

71 1300 202 30 Osteolagy'or
292 1304 148 23 Skeleton.
442 1314 34 4 —
482 1301 51 24 The
553 1301 71 23 bones

38 1340 53 23 with
104 1340 38 23 the
157 1339 126 30 .exception
301 1337 24 23 of
341 1337 64 23 those
414 1335 38 24 •of
466 1335 39 23 the
524 1335 50 30 legs
586 1342 37 15 are

38 1374 102 27 delicate,
153 1372 41 23 but
205 1379 62 16 more
287 1369 120 32 especially
419 1369 65 23 those
501 1367 125 24 connected

40 1406 52 24 with
103 1405 75 31 flight.
214 1404 50 24 The
282 1408 101 19 sternum
404 1410 24 16 or
440 1402 78 23 breast
536 1401 58 23 bone
605 1401 20 23 is

41 1440 52 30 only
105 1440 15 22 2
132 1438 78 24 inches
224 1438 56 30 long
290 1435 34 32 by'
333 1438 15 22 9
367 1436 59 23 lines
444 1435 78 27 broad,
536 1434 45 23 and
601 1441 25 16 as

40 1474 49 23 thin
102 1480 25 15 as
137 1479 78 24 paper.
238 1470 51 24 :No
300 1470 86 30 vestige
395 1485 3 5 .
405 1468 26 24 of
446 1476 13 15 a
470 1468 84 23 mescal
568 1471 59 19 crest

40 1515 26 15 or
84 1506 74 31 spine.
200 1504 50 24 The
274 1503 126 24 accromion
407 1513 4 5 •
423 1502 94 23 clavicle
538 1499 88 32 (Four-

40 1539 95 31 chette,)
155 1538 53 30 only
218 1537 106 31 partially
339 1534 130 32 developed.
506 1534 52 24 The
580 1534 47 22 ribs

42 1574 85 22 consist
137 1572 26 24 of
177 1579 67 16 seven
255 1570 57 32 pair.
449 1586 3 4 .
489 1578 3 5 -
528 1584 3 3 -

75 1611 195 26 Distribution,
293 1607 206 28 Locamt#?»&c.
501 1619 33 3 —
538 1606 12 23 I
572 1605 56 24 have

43 1645 58 23 been
112 1643 111 25 informed
232 1642 50 24 that
293 1642 38 23 the
343 1640 97 24 Wei-ka
452 1640 19 23 is
489 1647 105 16 common
606 1643 24 19 at

44 1678 83 25 Queen
145 1675 136 25 Charlotte's
301 1675 86 28 Sound,
408 1673 74 24 South
501 1673 16 15 *
540 1672 88 23 Island.

45 1711 66 31 They
122 1718 38 16 are
179 1713 75 28 pretty
264 1705 106 35 plentiful
389 1708 49 23 also
456 1708 25 22 in
499 1706 39 23 the
555 1706 76 23 North

46 1744 87 28 Island,
146 1744 23 23 in
181 1743 37 24 the
238 1742 89 23 district
339 1742 25 23 of
379 1741 58 24 Port
457 1739 136 29 Nicholson,
605 1746 26 16 as

46 1786 29 16 on
87 1778 38 23 the
137 1777 69 28 Hutt,
219 1776 42 23 and
281 1774 81 24 indeed
379 1774 31 24 all
430 1774 74 23 round
521 1772 38 24 the
571 1772 58 31 Bay.

47 1811 50 24 The
109 1810 81 24 female
210 1809 114 31 specimen
335 1805 2 9 '
346 1808 13 23 I
377 1807 58 24 have
448 1815 55 15 seen
514 1814 46 15 was
572 1805 59 24 from

46 1845 38 23 the
103 1836 186 39 neighbourhood
306 1842 26 22 of
348 1841 87 23 Evans'
448 1841 59 30 Bay,
529 1840 45 23 and
595 1839 37 23 the

47 1878 58 24 male
123 1885 46 15 was
188 1876 71 23 killed
277 1876 29 30 by
322 1883 15 15 a
357 1875 45 30 dog
419 1882 29 15 on
468 1873 40 24 the
527 1873 35 23 Te
583 1873 49 23 Aro

48 1911 60 24 Flat.
144 1910 75 24 These
240 1908 63 24 birds
322 1916 38 15 are
379 1907 50 23 said
449 1911 23 19 to
491 1907 50 30 pair
558 1911 23 18 at
593 1906 38 23 the

47 1944 108 31 breeding
174 1951 88 15 season.
305 1941 52 24 The
376 1941 82 24 female
476 1939 96 24 hatches
591 1939 40 24 her

47 1986 63 24 eggs,
122 1976 75 32 (eight
215 1984 24 15 or
259 1978 31 22 10
307 1976 26 22 in
351 1973 118 32 number.)
504 1973 53 23 The
578 1980 55 23 eggs

46 2019 37 14 arc
96 2010 122 25 sojaewhat
228 2009 75 30 larger
314 2008 57 23 than
381 2016 14 15 a
411 2008 91 30 pigeon,
516 2006 25 23 of
556 2014 14 15 a
586 2005 49 23 dull

47 2042 68 24 white
127 2041 85 29 colour,
224 2041 54 23 with
297 2040 58 23 well-
365 2039 90 24 defined
471 2038 79 23 brown
563 2042 70 25 spots.

49 2076 66 30 They
126 2082 38 15 are
176 2073 103 31 reported
291 2077 21 18 to
325 2071 73 23 thrive
410 2072 24 22 in
447 2079 13 15 a
473 2075 59 18 state
544 2070 26 23 of
581 2071 54 21 bon-

50 2108 167 31 dage—eating
233 2105 77 29 bread,
331 2103 102 25 softened
451 2108 112 26 potatoes,
583 2103 52 28 &c,

49 2143 41 22 but
102 2141 101 29 shewing
214 2148 14 14 a
240 2138 94 25 marked
342 2137 116 32 penchant
468 2137 36 22 for
517 2136 38 24 the
567 2136 70 23 cock-

50 2175 68 24 roach
130 2174 44 24 and
186 2173 63 24 other
261 2172 92 23 insects.

85 2208 35 23 As
132 2215 28 15 an
177 2205 78 25 article
276 2205 25 23 of
317 2204 51 24 food
386 2204 37 23 for
442 2211 61 21 man,
524 2203 12 23 I
556 2202 81 24 should

54 2241 65 24 think
130 2241 53 30 they
199 2238 74 25 would
289 2239 28 23 be
328 2237 70 24 much
414 2237 78 31 prised
501 2246 7 20 ;
529 2237 43 23 the,
578 2235 59 24 flesh

54 2277 21 22 is
97 2275 92 24 delicate
212 2272 44 24 and
273 2271 80 32 highly
365 2270 127 29 flavoured,
510 2270 88 23 similar
616 2274 22 18 to

56 2316 63 23 game
130 2308 25 22 in
166 2307 104 23 -Britain.
306 2304 76 25 There
404 2304 83 24 can.be
498 2303 59 24 little
569 2303 70 23 doubt

56 2342 40 23 but
108 2341 52 31 they
171 2340 74 31 might
261 2339 29 23 be
307 2337 135 25 introduced
454 2338 49 22 into
522 2336 116 31 England,

56 2375 54 23 with
122 2382 65 23 every
198 2377 105 28 prospect
314 2372 26 23 of
345 2371 122 31 becoming
478 2370 100 24 setthrs.

89 2408 81 23 Under
181 2407 59 24 what
254 2406 97 25 division
362 2405 133 30 systematic
506 2404 134 23 naturalists

57 2442 44 23 will
113 2449 94 23 arrange
223 2440 38 24 the
278 2438 103 28 Wei-ka,
395 2445 41 21 we,
449 2437 25 24 of
484 2445 88 21 course,
586 2445 54 16 can-

56 2480 40 19 not
115 2475 122 23 determine
248 2483 6 15 :
275 2474 22 22 in
317 2480 39 23 my
368 2479 51 15 own
440 2471 100 32 opinion,
559 2471 19 23 it
595 2470 47 24 will

57 2509 57 23 form
132 2516 28 15 an
178 2507 95 30 entirely
289 2513 50 16 new
356 2505 67 24 order
444 2504 25 24 of
491 2504 149 28 Ga'llinacece,

57 2542 44 23 and
123 2540 162 32 consequently
309 2540 25 22 in
357 2546 28 16 an
415 2538 97 30 entirely
536 2538 106 23 different

58 2575 64 23 order
132 2575 61 23 from'
199 2574 49 23 that
259 2574 25 23 of
293 2573 38 23 the
343 2572 100 28 Apterix
454 2579 26 16 or
492 2571 72 24 Kiwi.

84 2630 13 12 •
113 2627 23 22 It
143 2627 19 21 is
169 2633 52 18 .now
236 2628 72 25 pretty
318 2624 117 28 generally
443 2623 140 22 understood
597 2623 47 21 that

57 2654 37 22 the
105 2653 75 22 Island
188 2653 30 27 by
229 2659 61 15 some
301 2651 73 22 called
389 2651 72 22 South
477 2651 78 21 Island
565 2650 79 21 should

57 2681 28 22 be
95 2680 82 22 known
193 2680 53 26 only
262 2686 25 15 as
302 2678 112 22 Stewart'-s
425 2677 90 28 Island,
532 2677 53 22 thus
600 2676 44 22 dis-

57 2708 95 27 pensing
161 2705 53 23 witH
230 2706 38 21 the
283 2709 57 18 term
351 2706 91 21 Middle
452 2704 127 27 altogether
586 2711 5 19 ;
606 2703 39 22 the

57 2738 44 19 two
111 2736 61 25 great
184 2732 87 23 Islands
282 2732 23 21 of
313 2732 57 22 New
375 2731 103 22 Zealand
485 2731 70 26 being
564 2730 80 22 known

57 2761 30 27 by
96 2761 38 21 the
144 2764 58 18 term
211 2759 72 22 North
290 2758 129 26 and.South,
428 2757 90 22 divided
524 2757 60 21 from
591 2757 54 21 each

57 2787 64 22 other
129 2787 31 27 by
169 2786 79 22 Cook's
261 2785 84 21 Straits.

336 2815 29 17 :♦■
375 2828 4 4 .
403 2826 2 5 .
430 2826 3 4 ■
445 2826 4 4 •
471 2825 4 4 •
485 2825 3 4 ■

96 2844 67 23 Since
176 2850 41 16 our
231 2849 72 24 paper
313 2845 61 19 went
390 2845 24 18 to
419 2847 72 24 -press
503 2847 33 16 we
554 2840 58 23 have
623 2844 24 19 to

61 2884 117 16 announce
195 2875 38 24 the
252 2873 87 25 arrival-
345 2873 26 24 of
386 2873 40 23 the
444 2872 76 30 Ariel,
532 2872 59 24 from
609 2873 38 23 the

61 2910 60 24 East
144 2910 77 27 Coast,
240 2907 46 24 and
364 2908 3 4 '
374 2906 38 24 the
432 2905 134 32 Lowestoff,
588 2906 60 25 from

61 2942 153 29 Launceston,
227 2941 30 31 by
270 2941 37 23 the
318 2948 50 23 way
377 2940 26 26 o.f
412 2939 132 25 Auckland.

97 2975 47 24 She
162 2979 86 27 reports
264 2974 39 24 the
315 2974 158 23 Government
489 2973 54 31 brig
554 2974 95 30 bearing

61 3014 22 18 to
90 3009 39 23 the
137 3007 134 29 southward,
280 3012 23 19 at
307 3007 114 32 mid-day,
434 3015 29 15 on
471 3006 112 32 Monday,
586 3008 63 22 since

60 3042 76 24 which
152 3042 54 23 time
205 3039 3 9 1
227 3040 41 25 she
287 3040 40 24 has
348 3045 38 19 not
405 3040 93 32 sighted
518 3040 51 24 her.
603 3040 45 24 We

60 3075 65 24 learn
132 3075 33 31 by
174 3073 42 25 her
226 3073 50 25 that
292 3072 38 25 the
343 3073 118 25 Governor
473 3081 47 16 was
531 3073 82 24 unable
625 3078 24 19 to

50 3115 108 24 '.arrange
175 3108 39 24 the
235 3107 154 24 differences..
388 3107 111 23 between-
513 3106 40 25 the
573 3108 76 23 native

163 3141 46 23 and
226 3139 49 25 that
278 3139 35 23 -he
331 3139 47 23 had'
387 3139 134 24 withdrawn
532 3139 59 24 from
610 3140 40 24 the

63 3182 67 18 scene
143 3174 27 23 of
183 3173 74 24 action
268 3173 54 23 with
341 3173 36 22 his
386 3176 87 27 troops.
509 3172 45 25 We
571 3173 29 24 do
611 3179 40 18 not

62 3207 121 25 vouch'for
187 3209 4 4 *
201 3206 43 24 the'
251 3206 62 24 truth
323 3205 26 24 of
364 3204 43 31 the.
416 3205 86 28 .above,,
513 3206 93 31 .though
617 3214 34 16 we

64 3249 42 18 can
117 3240 72 32 easily
196 3240 112 25 conceive.
311 3239 52 24 that
370 3235 44 27 the*
421 3239 94 23 natives,
522 3239 21 22 if
551 3244 99 19 muster-

64 3275 42 31 ing
115 3275 24 23 in
151 3282 45 23 any
206 3270 116 32 numibersj
329 3286 3 3 ■
340 3272 75 24 would
426 3275 40 20 not
483 3271 29 23 be
522 3271 130 31 frightened

66 3312 23 19 at
101 3308 38 23 the
150 3307 95 24 handful
257 3307 25 23 of
291 3306 94 24 soldiers
405 3305 39 24 his
456 3305 142 31 Excellency
607 3305 45 24 had

65 3341 55 23 with
137 3341 56 24 him.
228 3340 46 24 We
292 3340 58 24 shall
368 3347 56 16 soon
439 3339 65 23 learn
524 3331 40 30 $ie
581 3340 71 29 parti-

67 3374 82 29 culars,
172 3374 44 23 and
238 3373 60 27 shall
319 3381 90 16 reserve
433 3380 45 24 any
498 3372 154 23 observations

66 3415 62 20 upon
139 3407 38 23 the
189 3407 88 28 subject
288 3406 35 24 till
334 3406 64 24 then.

206 3468 116 22 WEST
351 3467 165 23 INDIES.

99 3520 46 25 We
163 3518 130 25 mentioned
308 3519 24 22 in
353 3526 50 15 our-
412 3518 46 22 last
475 3517 40 23 the
532 3516 86 31 receipt
632 3515 26 24 of

68 3554 38 24 the
115 3552 104 33 journals
231 3551 25 24 of
271 3555 61 19 most
343 3550 24 24 of
377 3550 38 24 the
431 3550 68 24 West
510 3550 92 24 Indian'
608 3549 46 24 Co-

68 3588 80 24 lonies.
183 3586 45 23 We
238 3592 52 16 now
301 3588 88 20 extract
398 3583 61 24 from
477 3583 72 30 them,
567 3587 88 27 regret-

69 3621 49 30 ting
136 3625 23 19 to
177 3623 58 20 state
247 3618 59 24 their
324 3616 62 25 chief
403 3621 105 20 contents
524 3624 39 17 are
574 3616 81 24 details

70 3654 25 23 of
111 3653 39 24 the
161 3651 102 26 dreadful
275 3650 114 31 mortality
401 3649 75 25 which
494 3649 163 32 accompanied

70 3687 38 24 the
119 3687 79 32 spring
209 3686 25 24 of
250 3684 39 25 the
304 3687 94 28 present
417 3691 61 23 year.
515 3683 35 24 At
566 3682 89 25 Barba-

72 3720 60 29 does,
151 3720 37 24 the
207 3726 54 24 very
279 3717 60 24 Rev.
351 3716 39 24 the
407 3716 155 24 Archdeacon
581 3716 75 31 Parry

72 3752 40 26 has
122 3753 71 24 found
209 3753 19 23 it
245 3758 122 23 necessary
379 3754 23 19 to
421 3749 95 24 address
536 3749 122 24 Governor

73 3785 96 33 Barling
191 3794 29 15 on
239 3785 40 24 the
301 3783 137 31 distressing
460 3783 97 31 subject.
605 3781 53 25 The

73 3818 112 31 following
195 3820 21 22 is
227 3827 30 15 an
268 3821 89 21 extract
367 3825 7 16 :
375 3828 33 6 —

168 3855 135 27 Excellency
311 3853 46 23 will
370 3852 103 29 perceive
484 3852 49 23 that
550 3852 38 23 the
598 3860 61 15 mor-

73 3881 63 27 tality
146 3881 42 22 this
195 3889 54 21 year
257 3881 40 22 has
306 3881 58 22 heen
377 3879 122 28 unusually
509 3883 70 24 great,
589 3879 70 28 being

73 3907 63 22 three
150 3908 63 22 times
227 3908 37 23 the
278 3914 96 21 average
389 3910 103 23 amount,
513 3906 45 22 and
576 3906 24 22 in
620 3905 39 23 the

73 3934 78 23 month
160 3935 26 22 o£
200 3935 101 27 October,
313 3935 12 21 I
341 3933 141 23 understand
496 3933 40 22 the
544 3932 115 29 mortality

73 3968 44 17 was
125 3961 45 22 still
179 3969 59 16 more
249 3961 116 26 alarming.

1860 119 103 27 hampers
1973 118 25 21 of
2007 116 122 28 provisions
2129 128 28 4 —
2158 116 48 27 ship
2216 115 69 28 going
2298 114 35 22 six
2341 114 66 22 knots
2416 121 30 15 an

1860 146 68 22 hour.

1889 173 33 25 11,
1941 178 48 15 a.m.
2011 169 69 27 Light
2096 169 70 22 winds
2181 169 58 21 from
2258 168 38 22 the
2311 167 137 25 north-west,

1863 198 53 22 with
1926 205 13 14 a
1955 198 67 24 short,
2034 195 59 22 brisk
2109 203 38 14 sea
2147 206 27 4 —
2174 195 78 26 bishop
2269 192 139 30 complained
2425 193 26 22 of

1862 225 69 27 beting
2091 221 46 23 and
2145 222 66 27 piped
2221 221 30 21 all
2265 220 71 23 hands
2350 223 23 19 to
2382 219 68 22 lunch

1864 252 24 21 in
1899 251 38 21 the
1948 253 56 19 state
2015 249 66 22 cabin
2081 260 27 4 —
2110 248 101 28 chaplain
2220 246 145 23 commenced
2373 246 78 32 saving

1865 285 74 19 grace,
1951 277 41 21 but
2008 279 38 18 cut
2054 275 25 22 it'
2088 276 62 22 short
2166 277 23 19 at
2202 274 101 26 bishop's
2314 272 135 28 instigation,

1866 304 48 22 who
1925 302 153 28 immediately
2087 304 75 24 set-to,
2173 300 44 23 like
2232 307 14 15 a
2263 300 72 26 shark,
2345 304 24 17 at
2378 307 13 14 a
2401 298 51 23 cold

1865 330 129 28 pigeon-pie
1994 340 28 4 —
2023 328 56 23 ditto
2101 331 116 23 secretary,
2236 326 55 22 ditto
2310 323 108 30 chaplain,
2437 332 16 15 a

1867 356 85 23 sudden
1963 356 41 22 roll
2015 355 25 22 of
2052 356 37 21 the
2107 355 50 26 brig
2166 352 114 28 deposited
2294 356 42 18 two
2349 353 71 27 plates
2429 351 27 22 of

1867 384 57 21 ham'
1938 382 136 22 sandwiches
2089 382 23 21 in
2131 380 96 26 bishop's
2239 379 43 28 lap,
2294 379 46 22 and
2353 382 50 19 sent
2417 378 36 22 his

1867 410 50 21 fork
1928 409 60 27 right
1999 408 96 27 through
2105 408 37 21 the
2152 406 122 28 chaplain's
2283 406 49 26 wig.

1896 438 34 25 12,
1942 443 50 14 a.m.
2008 435 81 27 Bishop
2102 434 43 22 and
2161 433 34 22 his
2209 432 54 23 staff
2274 439 62 15 came
2352 439 28 14 on
2396 431 59 22 deck

1870 463 59 21 after
1941 462 96 22 lunch—
2037 461 78 27 bishop
2129 459 80 23 looked
2223 466 54 15 over
2292 459 38 21 the
2343 458 110 27 gunwale,

1870 490 53 26 and,
1935 488 76 28 seeing
2020 496 14 15 a
2041 488 62 26 large
2112 486 43 23 fish
2166 486 123 26 swimming
2302 485 72 27 about,
2385 482 71 24 asked

1868 516 21 21 if
1895 516 23 21 it
1924 522 44 15 was
1977 523 15 14 a
2002 514 69 24 whale
2071 526 29 4 —
2100 512 95 23 cracked
2204 520 14 14 a
2224 512 55 27 joke
2286 511 52 23 with
2343 511 35 22 his
2389 511 67 28 chap-

1870 542 45 22 lain
1926 542 70 22 about
2005 542 77 22 Jonah
2082 553 27 3 —
2109 540 44 23 bad
2159 539 62 27 joke,
2231 539 41 22 but
2287 539 58 22 what
2361 545 41 14 can
2411 544 45 22 you

1870 572 80 24 expect
1964 568 58 23 from
2041 575 15 15 a
2075 567 79 27 bishop
2160 565 140 28 '—chaplain
2317 564 98 28 laughed
2433 564 26 22 of

1871 603 77 14 course
1949 606 26 4 —
1976 595 58 22 wind
2042 594 113 28 chopping
2164 592 72 23 round
2246 595 21 18 to
2277 591 38 22 the
2324 591 97 22 nor'ara.

1897 624 78 24 1/r.M.
1976 633 28 5 —
2006 622 21 21 A
2041 621 74 28 heavy
2124 619 61 23 swell
2185 631 26 3 —
2212 626 13 15 a
2239 618 73 27 bleak,
2328 618 50 21 blue
2395 618 62 27 tinge

1871 649 110 27 appeared
1997 652 22 19 at
2035 648 38 22 the
2083 648 32 27 tip
2126 646 26 23 of
2165 646 37 22 the
2216 645 99 27 bishop's
2329 645 128 22 noser-face

1872 676 65 21 white
1954 674 45 23 and
2013 679 64 23 pasty
2077 686 28 4 —
2106 672 138 28 complained
2260 672 26 21 of
2299 671 159 32 qualmishness

1871 702 24 22 in
1910 702 36 21 his
1955 702 106 27 apostolic
2077 700 82 23 bowels
2159 711 27 4 —
2186 699 81 22 looked
2289 697 170 27 disconsolately

1872 732 22 18 at
1903 729 35 21 his
1948 732 116 23 secretary,
2076 728 50 22 who
2137 734 43 15 was
2190 726 43 22 fast
2242 725 74 26 asleep
2327 731 53 15 over
2386 731 42 15 one
2436 724 27 21 of

1872 755 33 22 his
1915 755 40 22 old
1968 754 123 29 pamphlets
2107 754 87 27 against
2209 753 39 21 the
2258 751 94 22 catholic
2362 751 98 22 emanci-

1873 782 180 27 pation—bishop
2059 782 52 21 shot
2116 781 34 22 his
2155 779 59 22 head
2219 777 109 28 suddenly
2335 784 52 15 over
2392 777 68 26 ship's

1873 808 54 28 side,
1943 810 46 21 and
2001 808 101 27 groaned
2115 807 46 22 like
2176 814 14 14 a
2204 808 111 25 martyr—
2316 803 95 33 dropped
2426 803 35 22 his

1873 836 77 21 shovel
1959 836 40 22 hat
2007 836 25 21 in
2046 835 39 22 the
2096 842 44 18 sea,
2155 833 46 22 and
2216 831 118 23 borrowed
2352 831 33 21 his
2394 830 68 28 chap-

1874 862 64 22 lain's
1948 866 77 22 castor,
2042 862 72 21 which
2124 860 71 23 didn't
2203 859 53 22 fit—
2257 858 92 23 another
2357 857 70 23 heave
2438 857 27 21 of

1875 889 36 22 the
1932 889 55 28 ship,
2008 888 41 22 and
2065 895 14 15 a
2092 887 171 27 corresponding
2281 885 83 22 motion
2379 884 26 22 in
2422 883 39 22 the

1875 916 110 27 episcopal
2004 915 141 27 epigastrium
2146 926 29 4 —
2176 913 102 27 chaplain
2296 911 68 22 asked
2378 910 82 27 bishop

1875 942 50 22 how
1935 942 29 23 he
1971 942 68 22 felt—
2040 942 79 26 bishop
2122 940 92 29 replied,
2225 942 29 20 he
2264 937 113 24 neverfelt
2384 944 25 14 so
2419 944 44 14 un-

1877 969 142 22 comfortable
2033 969 61 22 since
2106 968 30 22 he
2146 975 44 15 was
2199 965 107 29 deprived
2314 965 26 21 of
2345 964 34 22 hi
2375 964 21 22 3
2387 963 73 28 living

1879 996 26 21 of
1912 996 121 27 Stanhope.

1903 1025 20 24 2,
1931 1030 76 14 p.m.—
2008 1022 67 23 Wind
2082 1022 115 28 gradually
2202 1020 115 26 abating—
2317 1018 77 27 bishop
2401 1019 60 26 quite

1878 1050 144 21 comfortable
2037 1049 65 27 again
2103 1060 28 4 —
2131 1056 44 15 saw
2192 1056 14 14 a
2215 1046 109 29 porpoise,
2338 1045 45 22 and
2392 1045 71 21 asked

1879 1077 36 21 the
1926 1076 102 27 chaplain
2037 1076 21 21 if
2064 1076 18 22 it
2091 1076 79 22 wasn't
2177 1081 53 21 very
2235 1074 46 21 like
2290 1073 83 22 Docter
2383 1071 52 22 C—
2435 1081 20 5 —
2455 1086 6 11 ,

1878 1103 25 22 of
1909 1103 83 22 Exeter
1992 1114 28 4 —
2021 1103 101 27 chaplain
2128 1102 48 23 said
2185 1109 45 20 yes,
2241 1100 26 22 of
2273 1106 76 15 course
2350 1110 27 4 —
2377 1098 57 22 tried
2441 1100 22 18 to

1879 1130 75 28 laugh,
1964 1130 40 22 but
2015 1137 42 15 was
2067 1129 78 28 nearly
2155 1127 86 24 choked
2251 1127 53 22 with
2313 1125 37 22 the
2361 1125 69 22 effort.

1905 1167 21 24 3,
1938 1172 46 15 p.m.
1985 1177 28 5 —
2014 1165 42 22 Sea
2061 1165 69 21 much
2136 1163 113 23 smoother
2249 1174 30 5 —
2279 1161 78 27 bishop
2366 1159 100 23 remark-

1880 1191 28 23 ed
1926 1191 48 22 that
1989 1192 35 22 his
2039 1191 73 28 fleshy
2125 1189 128 24 tabernacle
2268 1196 46 14 was
2329 1188 23 21 in
2366 1189 61 20 want
2444 1186 25 21 of

1881 1218 81 27 repair,
1968 1220 45 21 and
2020 1218 65 28 piped
2096 1219 30 21 all
2136 1217 70 23 hands
2216 1220 23 18 to
2246 1212 221 29 dinner—despatch-

1881 1245 27 22 ed
1919 1253 14 14 a
1943 1245 70 28 pullet
2022 1247 22 20 in
2054 1245 44 22 less
2108 1245 54 22 than
2171 1251 30 15 no
2211 1243 61 26 time,
2279 1245 23 19 to
2310 1243 37 21 the
2358 1240 110 22 astonish-

1881 1274 64 20 ment
1954 1273 26 21 of
1993 1273 37 22 the
2039 1275 68 23 mate,
2123 1271 51 23 who
2189 1270 47 22 said
2253 1269 52 22 he'd
2318 1269 75 23 rather
2409 1267 57 26 keep

1881 1299 48 22 him
1938 1299 33 21 for
1988 1307 13 14 a
2016 1299 62 22 week
2093 1299 54 21 than
2162 1306 14 14 a
2189 1296 79 23 month
2269 1308 31 5 —
2300 1294 168 24 hob-a-nobbed

1882 1325 54 23 with
1945 1326 38 22 the
1990 1325 102 28 chaplain
2093 1337 31 5 —
2125 1324 86 23 toasted
2242 1323 89 22 Church
2336 1322 44 22 and
2389 1321 68 25 State,

1882 1363 27 5 —
1909 1360 46 14 was
1969 1353 121 27 beginning
2109 1355 22 19 to
2145 1352 50 27 sing
2211 1350 39 22 the
2269 1356 55 21 song
2340 1349 25 22 of
2380 1349 6 11 '
2404 1347 63 27 Toby

2031 1379 73 26 when,
2118 1379 49 27 just
2181 1386 24 14 as
2220 1377 29 21 he
2263 1380 39 23 got
2316 1384 23 14 as
2349 1376 34 22 far
2396 1381 24 15 as
2429 1374 38 21 the

1884 1406 60 22 word
2087 1413 15 14 a
2116 1405 143 23 tremendous
2273 1403 41 22 roll
2325 1403 24 21 of
2363 1402 38 22 the
2418 1400 50 28 ship

1885 1436 49 19 sent
1943 1433 46 22 him
1999 1433 57 22 head
2066 1433 107 21 foremost
2181 1438 28 15 on
2216 1430 38 22 the
2263 1429 145 25 cabin-floor-
2414 1430 55 19 -two

1873 1460 1 22 I
1884 1460 71 27 hams,
1974 1468 14 14 a
2003 1459 72 23 round
2092 1459 26 22 of
2131 1458 56 27 beef,
2202 1458 50 22 four
2264 1457 80 21 bottles
2359 1456 26 22 of
2395 1454 76 22 cham-

1885 1494 81 21 pagne,
1977 1487 45 22 and
2032 1487 35 21 six
2076 1485 55 22 ditto
2142 1486 25 21 of
2173 1485 37 22 old
2216 1487 51 29 port
2276 1483 39 22 fell
2324 1486 50 25 atop
2384 1482 26 22 of
2416 1481 54 26 him,

1886 1515 45 20 and
1940 1513 54 28 kept
2002 1513 46 22 him
2060 1512 49 23 cool
2119 1512 45 22 and
2179 1514 66 20 moist
2245 1521 27 5 —
2274 1509 101 28 chaplain
2390 1508 82 22 alarm-

1886 1541 36 26 ed,
1934 1547 54 21 sang
1997 1543 39 19 out
2069 1539 49 23 The
2129 1538 83 23 church
2220 1537 25 23 in
2255 1537 84 27 danger

1912 1575 22 27 4,
1945 1582 75 14 p.m.—
2021 1574 68 27 Scilly
2100 1573 56 22 Isles
2168 1572 24 22 in
2201 1571 86 28 sight—
2288 1570 123 27 aborigines
2419 1568 53 23 rush

1887 1601 64 22 down
1961 1604 22 18 to
1993 1600 37 22 the
2040 1607 38 15 sea
2094 1600 65 21 shore
2176 1602 21 18 to
2213 1605 39 15 see
2265 1597 38 22 the
2317 1600 63 24 great
2393 1603 53 15 man
2446 1605 28 5 —

1888 1628 126 22 astonished
2023 1631 21 18 to
2054 1626 50 23 find
2113 1626 47 21 him
2168 1626 47 27 just
2223 1625 46 21 like
2279 1631 45 20 any
2335 1623 61 34 ofher
2406 1629 53 16 man
2466 1621 6 22 !

1887 1667 30 5 —
1917 1655 79 27 bishop
2002 1654 65 22 lands
2077 1656 24 19 at
2110 1652 37 23 the
2155 1652 60 22 head
2220 1652 26 21 of
2253 1651 34 22 his
2296 1650 56 28 staff,
2359 1650 45 23 and
2408 1649 65 22 holds

1888 1689 13 15 a
1911 1681 147 22 consultation
2073 1680 53 22 with
2142 1687 14 14 a
2173 1678 75 23 native
2267 1678 65 26 chief,
2348 1676 125 26 respecting

1888 1708 38 22 the
1945 1708 97 26 culinary
2062 1706 203 23 accommodations
2281 1704 26 22 of
2317 1701 37 24 the
2369 1702 105 23 island--

1889 1735 127 22 denounces
2026 1734 29 21 all
2065 1734 38 21 the
2113 1732 108 23 islanders
2229 1739 24 14 as
2262 1738 98 20 savages,
2369 1730 34 22 for
2418 1729 58 22 their

1889 1761 144 22 indifference
2056 1763 24 19 to
2109 1758 171 30 gastronoraical
2307 1758 92 26 science,
2429 1756 47 22 and

1890 1788 75 22 orders
1975 1788 34 21 his
2016 1790 40 19 two
2066 1786 132 23 men-cooks
2212 1789 23 18 to
2253 1784 112 28 enlighten
2374 1784 60 21 them
2446 1790 29 14 on

1891 1816 43 20 this
1942 1814 62 28 pomt
2004 1826 31 5 —
2036 1814 83 28 repairs
2129 1817 23 18 to
2162 1813 36 22 the
2208 1812 102 27 lodgings
2317 1810 107 29 provided
2441 1810 35 21 for

1889 1842 35 22 his
1935 1842 116 31 reception,
2063 1840 45 23 and
2117 1840 62 28 gives
2189 1847 29 14 an
2228 1838 65 23 order
2300 1845 29 15 on
2335 1838 35 22 the
2377 1841 100 23 treasury

1891 1872 22 18 to
1924 1869 38 21 the
1971 1869 67 26 snip's
2052 1866 102 27 steward,
2169 1866 36 22 for
2220 1865 148 28 ninety-three
2381 1863 95 29 pounds,

1891 1896 38 22 the
1940 1902 95 21 expense
2046 1895 26 21 of
2082 1894 35 21 his
2126 1901 92 20 voyage.

1974 1928 100 28 (Signed)
2103 1918 4 35 [
2219 1927 102 22 Nathan
2335 1926 87 26 Noqgs,

2103 1960 92 28 Captain
2206 1960 25 21 of
2243 1959 38 22 the
2290 1958 108 23 schooner
2406 1958 71 20 Hoax.

1926 2006 109 24 Debtor
2053 1991 57 37 A»i
2122 2004 145 24 Ceeditok.
2267 2014 35 5 —
2302 2001 50 24 The
2370 2005 44 19 two
2424 2000 55 24 bills

1892 2038 100 32 brought
2001 2028 100 34 forward!
2115 2037 31 31 by
2159 2036 63 24 Lord
2239 2035 139 30 Brougham,
2398 2035 25 22 in
2439 2033 40 24 the

1894 2072 81 24 House
1988 2072 25 23 of
2030 2071 84 28 Lords,
2134 2078 29 16 on
2175 2070 37 23 the
2230 2068 65 25 22nd
2310 2069 94 27 instant,
2422 2066 57 24 have

1893 2106 59 23 been
1970 2104 98 32 printed.
2097 2096 60 45 JTbe
2175 2103 52 24 bills
2246 2102 70 23 relate
2334 2106 22 19 to
2367 2101 115 24 insolvent

1894 2139 99 28 debtors,
2006 2138 43 23 and
2060 2137 90 30 furjther
2161 2141 22 18 to
2194 2135 109 24 facilitate
2312 2137 170 27 arrangements

1895 2179 29 16 on
1939 2172 37 23 the
1995 2176 79 18 nature
2093 2170 26 23 of
2133 2169 139 24 trust-deeds
2291 2167 54 24 with
2364 2167 117 24 creditors.

1896 2205 25 24 It
1937 2205 21 23 is
1976 2203 113 34 proposed
2107 2207 22 19 to
2147 2203 51 30 give
2221 2202 39 23 the
2277 2200 104 31 working
2402 2200 25 24 of
2443 2200 39 23 ttie

1896 2245 115 18 measures
2030 2241 21 19 to
2072 2236 38 23 the
2131 2236 71 23 Court
2220 2235 27 24 of
2262 2234 158 31 Bankruptcy,
2439 2234 45 22 and

1896 2271 59 25 from
1967 2271 37 23 the
2016 2270 155 24 observations
2183 2268 49 24 that
2243 2268 39 24 fell
2295 2268 57 23 from
2368 2266 38 24 the
2417 2266 67 24 noble

1898 2304 43 25 and
1954 2303 90 25 learned
2053 2303 53 24 lord
2117 2310 30 15 on
2157 2303 132 31 presenting
2297 2301 69 29 them,
2378 2301 19 23 it
2408 2308 75 16 seems

1899 2338 49 24 that
1968 2338 52 30 they
2037 2337 60 23 have
2115 2336 57 23 been
2189 2335 88 23 framed
2293 2334 31 31 by
2343 2341 42 16 one
2405 2333 25 24 of
2446 2332 39 25 the

1900 2372 181 23 commissioners
2089 2369 26 24 of
2124 2369 49 23 that
2181 2373 72 19 court.
2321 2367 47 24 will'
2375 2367 30 24 be
2411 2363 73 27 recol-

1900 2405 73 23 lected
1984 2404 50 24 that
2044 2403 65 24 Lord
2121 2402 135 24 Cottenham
2274 2402 41 22 has
2333 2401 66 31 given
2410 2400 74 24 notice

1901 2438 25 24 of
1936 2438 35 23 his
1983 2438 112 23 intention
2107 2440 56 19 next
2174 2436 100 23 sessions
2281 2440 23 18 to
2316 2434 66 31 bring
2389 2433 97 24 forward

1901 2471 39 24 the
1953 2471 87 31 subject
2051 2470 26 24 of
2092 2470 173 30 imprisonment
2274 2468 37 23 for
2328 2467 60 29 debt,
2407 2466 43 25 and
2462 2467 24 22 in

1901 2505 39 24 the
1952 2504 89 25 interim
2053 2504 38 23 the
2100 2517 3 6 .
2109 2506 93 28 present
2220 2508 116 17 measures
2352 2500 57 24 have
2425 2500 59 24 been

1902 2538 139 28 introduced,
2063 2536 55 24 with
2128 2536 74 23 which
2219 2535 64 24 Lord
2302 2534 130 31 Brougham
2445 2541 41 16 ex-

1901 2571 95 33 pressed
2013 2571 35 23 his
2069 2569 149 24 satisfaction.
2255 2568 51 24 The
2316 2567 116 32 principal,
2444 2566 43 24 bill

1902 2607 20 21 is
1936 2605 37 24 the
1992 2612 42 16 one
2044 2603 99 31 relating
2162 2607 23 19 to
2196 2602 114 23 insolvent
2327 2600 96 29 debtors,
2444 2599 44 24 and

1893 2654 3 4 •
1903 2638 38 23 the
1954 2638 62 23 other
2028 2637 41 23 has
2081 2636 114 23 reference
2201 2659 3 4 .
2213 2640 22 18 to
2249 2635 38 23 the
2298 2634 88 31 subject
2397 2633 92 31 already

1901 2670 140 26 •mentioned.
2077 2670 52 22 The
2146 2668 115 32 preamble
2272 2668 25 23 of
2314 2667 37 24 the
2361 2667 51 24 first
2425 2674 63 17 mea-

1905 2713 52 16 sure
1969 2710 78 22 states,
2160 2703 18 22 it
2189 2703 20 22 is
2227 2699 120 33 expedient
2363 2705 22 19 to
2404 2703 87 28 protect

1904 2739 59 24 from
1975 2738 30 24 all
2016 2745 92 24 process
2119 2736 90 31 against
2218 2735 38 23 the
2267 2742 82 24 person
2361 2733 56 24 such
2435 2740 54 24 per-

1905 2780 54 16 sons
1977 2779 26 16 as
2022 2771 57 24 have
2098 2770 92 23 become
2206 2767 116 25 indebted;:
2333 2767 93 24 without
2446 2774 45 23 any

1905 2806 66 23 fraud
1983 2812 25 16 or
2025 2811 66 24 gross
2104 2811 25 15 or
2145 2802 105 31 culpable
2267 2800 140 32 negligence,
2425 2807 31 17 so.
2463 2807 25 16 as

1895 2839 71 24 .their'
1983 2842 84 19 estates
2084 2836 92 31 maybe
2193 2835 55 31 duly
2259 2834 133 24 distributed
2410 2840 83 23 among

1907 2872 59 24 their
2131 2864 76 32 jThere
2216 2876 39 16 are
2262 2870 31 22 12
2303 2868 110 28 sections,,
2415 2866 31 32 by
2454 2866 38 23 the

1907 2906 51 23 first
1961 2906 34 23 ;of.
2000 2896 127 38 whicbjany
2135 2910 83 24 person
2225 2905 41 20 not
2273 2901 68 30 being
2348 2908 14 16 a
2369 2899 88 28 trader,'
2462 2900 29 22 oh

1907 2940 80 30 giving
1997 2938 82 28 notice,
2097 2943 53 24 may
2161 2939 92 28 present
2264 2942 13 15 a
2287 2934 103 31 petition,
2404 2932 86 31 stating

1908 2972 39 23 the
1966 2971 64 24 debts
2049 2970 75 30 owing
2142 2973 21 19 to
2180 2967 44 24 and
2242 2967 30 31 by
2272 2971 6 7 v
2289 2966 38 24 the
2342 2966 92 29 debtor;
2455 2965 38 24 the

1909 3006 73 23 notice
1994 3004 28 23 of
2028 3003 38 24 the
2077 3001 106 27 intended
2195 3000 136 33 application
2348 3001 62 22 to-be
2422 2999 69 31 given

1908 3040 25 22 in
1945 3039 37 23 the
1999 3037 96 24 London
2109 3035 93 24 Gazette
2217 3033 49 24 'and
2281 3038 43 19 two
2342 3039 150 25 newspapers,

1910 3072 45 24 and
1976 3073 28 22 ia'
2011 3064 59 38 form
2093 3070 21 22 is
2136 3067 103 25 annexed
2258 3072 26 19 to
2300 3066 45 24 the'
2355 3066 77 24 'notice
2453 3072 38 17 re-

1910 3101 87 36 quired.
2039 3103 52 24 The
2110 3101 72 33 judge
2195 3109 26 16 or
2242 3100 169 28 cpjnmissioner
2430 3106 61 23 may,

1910 3146 30 16 on
1952 3138 38 24 the
1999 3137 104 32 petition,
2115 3139 67 28 grant
2191 3143 13 14 a
2215 3134 125 32 protection
2347 3133 58 24 from
2413 3136 79 21 arrest.

1911 3173 25 23 It
1947 3173 20 22 is
1978 3171 89 24 further
2078 3168 118 32 proposed.
2200 3158 93 41 blithe*
2298 3166 42 24 bill
2357 3171 23 19 to
2401 3166 93 31 appoint

1911 3213 13 16 a
1947 3206 102 29 hearing,
2079 3207 29 19 to'
2120 3206 70 27 'grant
2213 3209 28 15 an
2265 3200 120 24 allowance
2406 3199 44 23 and
2472 3202 23 19 to

1911 3239 95 24 endorse
2018 3237 38 24 the
2068 3235 127 33 protection
2212 3234 36 24 for
2266 3242 14 15 a
2300 3233 137 31 subsequent
2455 3239 40 16 ex-

1911 3273 131 23 amination.
2092 3269 76 24 There
2187 3268 19 23 is
2227 3275 13 16 a
2251 3275 75 23 power
2337 3271 23 19 to
2372 3265 92 24 commit
2473 3271 22 16 to

1910 3306 81 31 prison
1999 3305 35 23 for
2043 3312 14 15 a
2068 3301 80 25 month
2161 3308 29 17 on
2201 3301 38 23 the
2251 3300 87 32 ground
2356 3300 25 23 of
2396 3298 99 32 prevari-

1912 3340 83 23 cation.
2028 3336 65 24 ,;On,
2102 3336 93 31 passing
2214 3334 38 23 the
2269 3333 60 24 final,
2345 3331 151 25 examination

1911 3373 41 23 the
1964 3368 75 27 estate-
2044 3371 21 22 Is
2081 3374 25 18 to
2123 3373 50 20 vest
2190 3368 25 23 in
2232 3367 39 23 the
2291 3367 124 31 assignees.
2443 3364 53 31 ,By

1912 3406 40 23 the
1961 3404 40 25 Bth
2013 3404 85 28 clause,
2110 3400 38 25 the
2159 3402 76 23 future
2254 3404 70 21 estate
2342 3399 25 24 of
2372 3397 47 26 'the
2437 3397 59 32 peti-

1913 3440 80 27 tioner,
2006 3437 46 24 real
2065 3444 24 16 or
2101 3434 113 33 personal,
2225 3434 22 23 is
2265 3432 124 31 absolutely
2406 3436 21 19 to
2448 3435 49 19 vest

1912 3473 26 23 in
1948 3472 37 24 his
1995 3472 126 29 assignees.
2157 3468 81 24 Under
2250 3475 13 15 a
2272 3466 141 31 bankruptcy
2418 3465 77 22 future

1913 3509 107 28 property
2041 3504 21 23 is
2084 3501 81 25 barred
2185 3501 31 31 by
2237 3500 40 24 the
2307 3500 125 26 certificate,
2455 3496 42 24 but

1913 3539 73 23 under
1996 3537 132 30 insolvency
2140 3534 48 28 the.
2195 3534 139 30 subsequent
2351 3534 105 28 property
2476 3531 20 24 is

1914 3572 76 24 liable.
2037 3571 30 23 In
2085 3569 39 23 the
2136 3572 77 27 report
2222 3566 73 25 under
2305 3566 37 23 the
2354 3564 144 24 commission

1914 3605 117 31 relating,
2032 3609 22 18 to
2072 3602 146 30 bankruptcy
2236 3600 51 24 and.
2291 3598 143 30 (insolvency,
2448 3596 48 24 Mr.

1916 3638 178 25 Commissioner
2107 3635 64 28 Law,
2184 3634 25 23 of
2216 3633 39 24 the
2261 3630 117 26 Insolvent
2389 3630 108 24 Debtors'

1917 3672 79 28 Court,
2020 3668 154 30 strenuously,
2183 3665 99 28 jnsiste'd
2303 3671 30 18 on
2341 3663 2 8 '
2352 3663 38 26 the
2402 3663 96 30 liability

1916 3705 26 24 of
1956 3705 75 23 future
2042 3706 119 28 property,;
2170 3700 44 24 and
2225 3696 100 26 adduced
2336 3705 14 16 a
2363 3696 95 25 number
2476 3696 26 23 of

1915 3739 115 24 instances
2042 3742 23 18 to
2077 3736 62 23 show
2152 3739 29 18 its
2194 3731 106 31 effecacy,
2319 3731 42 23 but
2376 3730 40 24 the
2435 3729 64 24 other

1917 3771 183 24 commissioners
2119 3774 60 16 were
2195 3764 25 24 of
2234 3768 12 13 t:
2246 3772 14 15 a
2277 3763 103 24 different
2398 3763 99 29 opinion.

1917 3804 77 24 There
2004 3803 27 24 is'
2037 3811 14 15 a
2062 3801 114 33 provision
2193 3797 66 24 made
2267 3795 3 6 '
2276 3798 33 36 fy
2322 3796 38 25 the
2376 3794 49 28 bill''
2429 3796 24 26 to'

1917 3838 63 23 seine
2053 3834 57 25 final
2127 3832 64 24 order
2209 3830 35 25 for
2263 3830 43 32 tjie;
2313 3834 159 28 appmjment
2477 3828 26 28 pf

1917 3870 117 30 assignees
2051 3867 51 25 and*
2117 3865 61 24 rules
2195 3864 36 24 for
2476 3870 14 15 o
2490 3862 11 24 f

1917 3903 40 24 the
1964 3893 107 33 businesV
2080 3904 25 20 to
2115 3899 29 25 be
2155 3898 102 30 created,;
2264 3896 73 30 which,

1918 3936 28 25 be
1958 3933 112 35 approved
2082 3933 25 24 of
2115 3924 163 40 byjti^ord-
2284 3927 141 28 Chancellor,
2444 3940 7 13 i

1299 1580 48 22 The
1359 1581 99 20 Courtier
1470 1581 108 24 Francois,
1594 1587 29 15 on
1637 1580 35 22 the
1687 1579 112 28 authority
1811 1579 25 23 of
1846 1588 14 14 a

1273 1607 103 22 traveller
1384 1607 103 28 recently
1494 1607 87 22 arrived
1587 1607 59 21 from
1653 1607 107 26 Bombay,
1770 1607 90 22 unfolds

1273 1641 14 14 a
1305 1635 152 21 tremeradous
1477 1635 47 27 plot
1534 1642 5 14 :
1542 1645 27 4 —
1595 1633 73 22 There
1687 1633 68 22 exists
1776 1634 25 21 in
1822 1634 37 21 the

1275 1660 83 23 British
1366 1668 62 20 army
1435 1661 23 22 in
1467 1661 66 22 India
1542 1669 13 14 a
1561 1663 72 20 secret
1638 1661 138 26 association,
1787 1661 72 21 whose

1275 1688 73 27 object
1361 1688 19 21 is
1390 1692 21 17 to
1425 1688 82 21 render
1521 1688 38 21 the
1577 1690 93 25 country
1680 1687 149 28 independent
1839 1688 26 21 of

1275 1714 111 27 England.
1414 1715 55 21 This
1487 1714 137 27 association,
1642 1714 71 22 which
1726 1715 19 21 is
1755 1722 54 19 very
1818 1722 42 14 nu-

1275 1748 94 20 merous,
1387 1742 20 21 is
1423 1741 83 28 chiefly
1520 1741 119 28 composed
1656 1741 25 21 of
1698 1741 105 26 Captains
1818 1741 43 22 and

1276 1768 152 27 Lieutenants,
1443 1767 56 23 with
1514 1776 13 13 a
1540 1769 43 22 few
1597 1768 97 27 superior
1708 1769 93 25 officers,
1820 1768 42 21 and

1277 1802 42 14 one
1335 1802 25 15 or
1376 1798 43 19 two
1435 1795 115 22 Generals.
1580 1795 22 22 A
1620 1795 43 21 few
1681 1794 86 22 officers
1783 1795 26 21 of
1824 1794 37 22 the

1276 1821 66 28 Navy
1352 1822 44 21 and
1405 1822 86 21 several
1499 1822 51 21 civil
1560 1822 101 26 employes
1668 1821 25 21 of
1700 1821 37 21 the
1748 1821 115 28 Company

1275 1848 98 23 likewise
1383 1849 80 26 belong
1473 1852 23 17 to
1507 1849 22 21 it.
1559 1848 128 26 According
1696 1850 23 19 to
1730 1847 37 22 the
1777 1848 53 27 plan
1841 1849 26 20 of

1277 1875 37 22 the
1324 1876 90 27 society,
1427 1875 36 22 the
1470 1875 69 22 entire
1547 1876 26 21 of
1580 1875 84 22 British
1675 1875 65 21 India
1747 1875 19 21 is
1774 1879 24 17 to
1806 1875 57 22 form

1277 1902 63 21 itself
1345 1903 46 21 into
1399 1909 29 15 an
1438 1902 136 22 aristocratic
1582 1902 100 27 Military
1693 1901 110 28 Republic
1809 1909 5 20 ;
1827 1902 36 21 the

1279 1929 114 22 President
1399 1929 26 22 of
1430 1928 74 23 which
1512 1929 19 22 is
1538 1932 22 19 to
1569 1929 28 22 be
1606 1928 87 23 elected
1699 1929 34 20 for
1737 1929 50 21 four
1793 1936 68 20 years,

1278 1956 45 21 and
1338 1956 82 22 chosen
1435 1956 59 21 from
1508 1963 81 20 among
1603 1956 38 21 the
1658 1955 96 22 General
1765 1956 98 21 Officers.

1278 1983 48 22 The
1336 1984 101 26 territory
1442 1983 19 21 is
1470 1986 23 18 to
1501 1983 28 22 be
1536 1983 88 22 divided
1631 1983 46 22 into
1684 1982 70 22 shires
1761 1990 25 14 or
1795 1990 69 15 coun-

1273 2010 47 21 ities
1329 2010 26 21 of
1362 2011 112 25 1,000,000
1483 2005 135 26 inhabitants
1628 2009 56 22 each
1692 2009 55 26 (and
1755 2016 30 14 no
1792 2010 70 26 more)

1279 2047 27 4 —
1306 2036 111 27 governed
1431 2036 30 26 by
1471 2043 14 14 a
1496 2036 94 22 General
1606 2036 44 22 and
1663 2035 98 27 Council,
1776 2036 89 21 nomin-

1279 2063 52 21 ated
1347 2063 29 27 by
1386 2063 37 21 the
1439 2063 234 22 Marshal-President.
1701 2062 49 21 The
1764 2062 68 21 limits
1843 2063 27 21 of

1280 2089 38 21 the
1337 2089 109 28 Republic
1465 2096 39 14 are
1522 2093 23 18 to
1560 2090 28 21 be
1606 2090 38 21 the
1660 2090 83 25 Ocean,
1762 2089 101 27 Tartary,

1281 2116 81 26 Persia,
1382 2116 44 21 and
1444 2116 80 21 China.
1561 2117 48 21 The
1628 2116 135 28 possessions
1783 2116 25 21 of
1828 2117 38 21 the

1280 2143 94 26 French,
1385 2143 200 26 Portuguese,-and
1600 2143 77 22 Danes
1691 2143 24 21 in
1729 2143 136 27 Hindostan,

1281 2177 36 14 are
1329 2173 22 18 to
1360 2170 58 21 form
1426 2173 50 24 part
1486 2170 26 21 of
1517 2169 38 22 the

1307 2196 48 21 The
1365 2199 100 18 autocrat
1474 2196 26 21 of
1512 2196 30 21 all
1552 2196 38 22 the
1605 2197 92 21 Russias
1714 2203 71 15 seems
1795 2197 73 22 deter-

1282 2223 75 22 mined
1372 2226 23 18 to
1408 2226 78 19 return
1496 2223 44 22 evil
1555 2223 35 22 for
1602 2223 59 27 good
1696 2223 70 22 What
1775 2223 44 22 will
1829 2230 40 15 our

1283 2250 99 22 Liberals
1392 2250 65 21 think
1463 2250 27 21 of
1496 2250 42 21 this
1545 2250 107 21 monarch
1658 2250 44 22 and
1712 2250 37 21 the
1755 2257 115 15 resources

1283 2277 25 22 of
1313 2277 36 22 his
1359 2278 87 26 empire,
1462 2277 65 21 when
1538 2277 52 27 they
1601 2284 37 15 are
1647 2277 47 22 told
1704 2277 55 26 that,
1774 2282 23 17 to
1808 2277 63 22 build

1284 2311 12 14 a
1305 2304 78 26 bridge
1390 2311 75 14 across
1470 2304 38 21 the
1515 2304 70 26 Neva,
1592 2304 29 22 he
1629 2304 20 22 is
1656 2304 122 28 compelled
1783 2306 23 19 to
1811 2304 37 27 lay
1856 2311 15 15 a

1284 2334 38 18 tax
1331 2337 28 15 on
1371 2330 29 22 all
1409 2330 111 28 imported
1528 2330 86 28 foreign
1620 2330 71 28 goods
1698 2331 26 21 of
1731 2333 8 19 1
1744 2332 11 24 1
1764 2338 42 20 per
1811 2334 57 23 cent,

1284 2361 21 18 to
1366 2358 35 21 for
1409 2358 27 21 37
1449 2365 66 19 years
1520 2358 9 21 ?
1544 2358 44 21 and
1595 2358 51 21 that
1654 2358 30 21 all
1698 2358 69 27 goods
1776 2358 25 21 in
1811 2361 59 18 store

1285 2392 27 14 on
1323 2384 37 22 the
1366 2384 47 22 first
1419 2384 25 22 of
1451 2384 102 28 January
1559 2388 61 24 next,
1632 2385 55 22 shall
1696 2384 28 23 be
1729 2384 65 23 made
1804 2384 68 23 liable

1285 2415 22 18 to
1317 2411 38 22 the
1361 2412 88 27 impost.
1475 2411 154 27 Recollecting
1637 2411 47 22 that
1692 2419 11 14 a
1711 2411 79 27 bridge
1797 2419 73 14 across

1285 2438 37 22 the
1332 2438 65 22 Neva
1405 2438 23 22 is-
1433 2438 35 22 for
1482 2438 37 22 the
1529 2438 80 22 almost
1623 2439 60 22 totaF
1687 2439 149 22 convenience
1847 2438 26 21 of

1284 2466 38 21 the
1332 2465 96 28 subjects
1438 2466 26 21 of
1475 2465 39 22 the
1529 2465 127 28 Emperior,'
1668 2466 20 21 is
1697 2465 18 22 it
1726 2466 47 27 just
1787 2465 48 22 that
1844 2465 29 22 he

1286 2492 79 23 should
1382 2492 37 27 lay
1433 2499 13 14 a
1462 2496 39 17 tax
1515 2496 23 18 to
1554 2492 62 22 build
1632 2493 22 20 it-
1666 2494 35 20 oh'
1710 2492 37 26 fhe
1755 2493 4 11 (
1761 2492 76 32 ;goods
1851 2492 26 21 of

1286 2520 125 27 foreigners,
1427 2519 22 22 fo
1460 2520 56 21 raise
1531 2519 38 22 the
1585 2519 66 22 funds
1661 2520 34 21 for
1700 2519 65 22 -such
1776 2527 18 23 ,a
1806 2519 66 27 work,

1286 2553 123 21 necessary,
1427 2546 85 26 though
1526 2546 18 21 it
1558 2546 106 27 certainly
1672 2546 35 22 is-?
1715 2567 4 5 ,
1734 2546 76 22 When
1823 2546 19 21 it
1856 2546 19 21 is

1287 2574 70 21 stated
1370 2573 50 22 that
1430 2572 26 22 of
1469 2573 41 22 the'
1517 2573 87 27 foreign
1620 2576 124 19 commence
1754 2573 25 22 of
1793 2572 82 23 Russia

1287 2600 70 23 Great
1373 2600 86 23 Britain
1474 2600 78 28 enjoys
1561 2600 38 21 the
1609 2600 82 27 largest
1700 2600 71 27 share,
1788 2599 43 22 this
1841 2600 35 21 in-

1287 2627 70 22 direct
1374 2627 67 22 mode
1460 2627 27 22 of
1506 2627 79 27 impost
1607 2626 19 22 is
1641 2626 121 28 extremely
1780 2626 94 27 shabby,

1288 2654 118 28 especially
1413 2654 58 21 after
1482 2654 39 21 the'
1524 2654 127 21 'relaxation
1661 2654 25 21 in'
1694 2661 40 14 our
1743 2654 57 21 New
1809 2653 72 22 Tariff

1288 2681 23 22 in
1320 2682 78 21 favour
1407 2681 25 21 of
1444 2681 96 22 Russian
1555 2680 81 27 tallow,
1654 2681 91 26 timber,'
1758 2680 119 22 ahd'other

1289 2708 87 22 articles
1382 2715 31 15 we
1423 2708 153 22 receive'from
1588 2708 94 21 Russian
1692 2712 67 23 ports.
1761 2718 28 5 —
1790 2708 87 26 Sunday
1889 2703 1 24 I

1291 2736 73 21 Times.

1316 2763 54 22 Five
1388 2770 52 15 men
1459 2762 58 23 have
1531 2762 57 22 been
1606 2762 129 22 committed
1745 2762 33 23 for
1794 2762 50 22 trial
1855 2765 24 18 at

1291 2791 101 21 Swansea
1413 2790 41 21 for'
1464 2790 46 21 the'
1517 2789 90 22 murder
1623 2790 26 21 of
1661 2797 28 14 an
1696 2800 2 5 •
1707 2789 111 22 Irishman
1828 2789 50 22 who

1291 2816 43 23 had
1345 2817 88 22 worked
1440 2816 75 22 under
1524 2816 67 28 price.
1747 2830 1 3 ■
1768 2826 3 4 •

1317 2844 22 22 A
1345 2844 73 22 notice
1424 2844 41 21 has
1472 2842 141 28 been'posted
1620 2846 22 19 at
1651 2842 134 23 th'eCustom
1792 2842 85 27 Etouse,

1291 2870 92 27 Dublin,
1399 2870 102 27 warning
1514 2870 123 27 intending'
1648 2870 123 26 emigrants,
1783 2873 23 18 to
1813 2869 1 10 '
1822 2870 57 21 New

1292 2898 128 22 Brunswick
1437 2897 50 22 that
1501 2904 13 14 a
1527 2900 65 24 great
1607 2896 147 28 redundancy
1764 2896 26 26 o.f
1800 2896 80 24 labour

1292 2925 67 21 exists
1367 2924 68 27 there,
1447 2924 47 22 and
1505 2924 161 27 consequently
1674 2926 64 24 great
1740 2927 1 7 1
1747 2923 97 22 distress.

1319 2952 102 21 Another
1430 2958 76 21 young
1511 2957 86 15 woman
1607 2950 42 22 has
1656 2950 131 21 committed
1796 2949 84 23 suicide

1291 2978 30 28 by
1331 2978 113 27 throwing'
1448 2976 87 23 herself
1543 2977 35 22 off
1581 2977 36 21 the
1630 2976 140 24 Monument.
1806 2980 10 8 '"

1319 3006 47 22 The
1376 3005 143 27 Corporation
1529 3004 26 22 of
1566 3003 94 23 London
1670 3004 47 22 will
1715 3005 3 14 1
1722 3004 59 21 •have
1791 3006 23 23 fa
1828 3011 53 15 con-

1293 3032 78 22 tribute
1382 3032 61 24 £370
1491 3030 40 22 Bd.'
1536 3030 77 28 yearly
1619 3030 72 22 under
1696 3030 38 22 the
1740 3030 88 22 income
1835 3034 46 18 tax.
1881 3038 1 8 1

1319 3059 151 22 Emigration
1485 3066 27 14 to
1522 3065 47 15 the
1579 3058 91 21 United
1681 3058 96 21 States.'
1777 3068 27 5 —
1804 3058 77 21 Thou-

1294 3086 66 22 sands
1374 3086 26 22 of
1412 3086 101 26 working
1529 3092 53 14 men
1602 3092 38 14 are
1659 3086 43 20 out'
1712 3085 26 21 of
1742 3091 4 7 '
1754 3084 88 28 employ
1857 3085 26 21 in

1294 3113 56 22 New
1359 3112 62 23 York
1430 3112 45 22 and
1489 3112 27 22 its
1525 3112 110 27 vicinity.'
1655 3112 32 21 As
1697 3111 124 23 connected
1829 3111 54 22 with'

1294 3139 37 23 the
1347 3139 86 28 subject
1447 3139 27 21 of
1487 3138 152 28 employment
1656 3138 23 21 in
1693 3138 44 22 this
1752 3141 100 23 country,
1870 3145 13 14 a

1294 3171 100 23 stronger
1411 3169 154 23 commentary
1575 3167 84 20 cannot
1672 3165 28 21 be
1718 3164 102 23 adduced
1828 3164 54 22 than

1294 3193 38 23 the
1338 3194 45 22 fact
1392 3193 49 21 that
1449 3193 63 21 thiee
1524 3192 97 28 packets,
1632 3191 136 23 which'have
1776 3192 42 21 left
1824 3192 56 21 New

1295 3220 63 22 York
1365 3220 35 22 for
1410 3220 97 27 Europe,
1517 3218 77 22 within
1609 3219 38 21 the
1656 3218 43 22 last
1708 3218 44 22 few
1762 3218 55 28 days
1826 3218 58 22 have

1295 3248 84 21 carried
1387 3248 52 20 back
1447 3247 65 26 again
1525 3248 22 19 to
1556 3247 57 20 their
1621 3247 68 19 homes
1698 3247 73 25 nearly
1773 3247 45 26 five
1831 3246 53 20 hun-

1295 3276 53 20 dred
1357 3276 112 25 emigrants
1479 3273 49 23 who
1544 3273 44 22 had
1602 3273 101 27 recently
1713 3273 95 22 arrived.
1835 3272 49 22 The

1295 3303 151 24 Andromache,
1458 3301 54 26 also,
1526 3300 41 22 left
1576 3300 61 26 New.
1642 3300 77 26 York,;
1729 3302 31 20 on!
1765 3300 119 27 Thursday

1296 3329 35 23 for
1340 3329 125 28 Liverpool,
1475 3327 54 23 with
1537 3329 42 20 220
1587 3326 106 23 returned
1703 3326 127 27 emigrants.

1324 3356 116 23 President
1446 3355 70 27 Tyler
1525 3354 41 22 has
1578 3353 83 23 caused
1676 3360 15 15 a
1690 3359 3 8 ;
1699 3357 63 23 great
1771 3353 114 22 sensation

1296 3383 24 23 in
1329 3383 37 22 the
1376 3382 85 23 United
1470 3383 73 21 States
1553 3381 30 27 by
1588 3380 87 29 putting
1685 3387 14 15 a
1704 3385 51 17 veto
1764 3387 30 15 on
1804 3387 13 15 a
1827 3380 62 22 tariff

1296 3410 41 22 bill
1345 3409 80 29 passed
1433 3410 30 27 by
1474 3409 116 26 Congress.

1313 3444 4 3 ■
1326 3437 48 23 Loo
1385 3445 26 14 of
1421 3444 47 14 the
1479 3435 87 22 Bishop
1582 3442 27 14 of
1625 3434 116 22 Exeter's
1750 3441 92 15 voyage
1855 3440 29 15 to

1298 3471 47 15 the
1355 3465 82 21 Scilly
1448 3463 106 22 Islands.
1555 3474 29 3 —
1686 3461 19 21 is
1715 3468 49 14 now
1772 3468 15 14 a
1795 3464 51 18 vote
1856 3467 29 15 on

1298 3490 38 24 the
1346 3498 67 21 paper
1423 3490 26 22 of
1460 3489 55 26 £93,
1527 3488 33 21 for
1575 3487 38 23 the
1629 3494 98 22 expense
1744 3487 26 22 of
1781 3487 105 28 carrying

1299 3517 37 23 the
1347 3518 82 27 Bishop
1439 3516 26 22 of
1473 3516 82 22 Exeter
1565 3518 23 18 to
1598 3515 39 21 the
1647 3514 68 27 Scilly
1804 3526 28 3 —
1834 3515 53 21 Vide

1300 3546 87 25 Captain
1396 3543 102 23 HechelVs
1503 3543 73 25 speech
1584 3543 66 20 in'the
1653 3548 3 8 1
1659 3543 71 19 House
1739 3541 27 26 of
1773 3547 113 18 commons.

1327 3572 57 22 N.B.
1405 3571 48 23 The
1468 3569 84 26 Bishop
1569 3569 26 21 of
1616 3569 83 22 Exeter
1709 3568 92 28 'having
1818 3569 69 26 lately

1300 3599 64 22 made
1374 3606 14 14 a
1397 3605 87 20 voyage
1495 3601 22 17 to
1533 3595 38 23 the
1587 3595 69 28 Scilly
1665 3595 62 27 Isles,
1740 3595 52 23 with
1807 3602 14 15 a
1829 3595 58 22 view

1300 3626 26 21 of
1336 3626 131 28 impressing
1476 3630 31 16 on
1520 3623 38 21 the
1574 3622 123 28 benighted
1716 3623 94 21 Natives
1825 3630 15 14 a
1848 3622 40 22 be-

1300 3653 88 27 coming
1403 3658 65 16 sense
1484 3650 26 22 of
1527 3649 37 22 the
1575 3649 116 26 -blessings
1705 3649 26 21 of
1743 3649 143 28 Episcopacy,

1299 3677 39 24 the
1353 3679 87 28 captain
1457 3678 27 22 of
1501 3676 38 22 the
1559 3677 48 27 ship
1628 3677 64 20 Hdax
1692 3687 27 4 —
1719 3676 37 22 the
1775 3675 73 22 vessel
1865 3677 23 20 in

1299 3706 73 22 which
1382 3706 38 22 the
1427 3704 89 27 ghostly
1522 3703 85 28 prelate
1617 3702 45 23 and
1667 3703 34 23 his
1708 3703 54 22 staff
1768 3702 121 22 embarked

1299 3745 28 3 —
1327 3733 40 22 has
1376 3732 79 27 kindly
1465 3729 125 24 forwarded
1605 3733 22 19 to
1636 3736 26 16 us
1676 3731 39 21 the
1729 3729 114 27 following
1851 3729 39 27 log

1301 3760 26 22 of
1339 3760 56 21 their
1404 3757 153 30 proceedings,
1573 3756 73 23 which
1661 3756 28 23 he
1706 3757 60 21 drew
1777 3763 32 20 up
1818 3760 23 18 at
1851 3755 38 23 the

1301 3787 61 27 time,
1373 3785 43 23 and
1432 3793 17 15 a-
1463 3791 56 21 copy
1530 3784 25 21 of
1567 3783 72 23 which
1654 3783 29 23 he
1699 3783 40 23 has
1755 3782 48 22 also
1818 3787 71 17 trans-

1301 3813 80 22 mitted
1391 3818 22 17 to
1423 3813 38 21 the
1470 3810 136 28 Admiralty.

1329 3841 61 21 July
1400 3841 20 25 1,
1439 3841 27 19 10
1481 3838 102 26 o'clock,
1594 3844 49 16 a.m.
1644 3848 28 4 —
1673 3837 38 22 Set
1726 3835 41 23 sail
1781 3835 61 22 from
1852 3835 37 22 the

1303 3865 146 27 Lands-end,
1466 3863 118 27 Cornwall,
1601 3864 22 23 in
1643 3863 38 22 the
1699 3863 49 26 brig
1766 3863 73 25 Hoax,
1855 3863 36 21 six

1302 3893 175 24 hundredtons,'
1484 3890 114 22 exclusive
1616 3890 26 22 of
1653 3890 37 22 the
1707 3893 97 22 tonnage
1815 3889 26 21 of
1852 3888 38 22 the

1303 3920 83 27 Bishop
1401 3919 26 21 of
1443 3918 91 25 Exeter,
1554 3915 34 23 his
1606 3919 44 22 two
1666 3915 140 26 men-cooks,'
1821 3921 70 22 upper

1303 3947 47 22 and
1357 3945 72 24 under
1435 3944 94 27 butlers,
1541 3943 112 28 chaplain,
1659 3944 115 28 secretary,
1840 3941 51 31 four,

663 136 62 22 With
741 138 87 23 respect
843 137 23 18 to
879 133 40 22 the
933 139 78 15 causes
1025 131 27 22 of
1061 130 45 22 this
1124 130 96 22 unusual

635 162 119 27 mortality,
765 163 38 20 the
811 159 115 27 following
934 159 58 22 have
1001 158 58 22 been
1068 164 63 15 more
1145 164 25 14 or
1178 156 43 22 less

636 189 116 28 generally
762 186 104 28 assigned
875 186 30 27 by
915 185 38 23 the
964 185 81 32 Clergy
1052 192 35 14 :—

664 217 20 21 1.
699 215 48 22 The
757 213 134 29 prevalence
907 212 26 22 of
945 211 127 28 epidemics,
1084 211 85 26 though
1183 212 39 19 not

637 240 58 24 with'
700 241 108 24 violence,
821 239 55 23 such
886 246 24 15 as
920 238 120 26 whooping
1051 236 80 28 cough,
1142 236 79 28 dysen-

638 272 42 25 try,
691 268 44 22 and
744 268 41 22 low
795 267 69 26 fever,
876 262 120 26 combined
1007 264 54 22 with

665 297 20 21 2.
700 294 69 22 Want
780 294 26 22 of
814 293 108 28 adequate
933 298 58 20 care,
1004 291 83 27 arising
1098 289 125 23 sometimes

638 323 57 21 from
713 321 131 28 ignorance;
869 319 129 22 sometimes
1021 318 60 21 from
1103 316 118 27 necessity,

639 348 46 22 and
694 347 148 31 occasionally
851 346 19 22 it
883 346 20 22 is
917 344 85 26 feared,
1019 344 50 22 fron
1085 344 44 22 less
1137 342 87 28 worthy

638 375 101 26 motives,
752 374 45 22 and
806 372 94 22 suitable
910 371 156 22 nourishment
1075 370 84 26 arising
1167 369 56 22 from

640 402 38 21 the
692 401 89 22 distress
792 401 138 26 consequent
937 405 62 20 upon
1009 398 39 21 the
1061 398 55 26 long
1129 396 96 26 drought

642 427 72 23 which
723 426 113 29 prevailed
842 426 59 22 from
908 424 104 27 October,
1021 425 62 25 1840,
1080 430 5 6 l
1090 427 23 18 to
1124 424 101 26 Septem-

640 456 47 26 ber,
695 455 61 26 1841,
767 453 94 27 causing
873 455 63 24 great
948 450 97 28 scarcity
1055 450 46 22 and
1110 449 78 22 dearth
1203 448 26 23 of

640 481 131 28 provisions.

668 509 21 21 3.
705 507 67 23 Want
781 507 28 22 of
820 505 88 28 regular
924 504 47 22 and
984 504 79 27 timely
1072 503 47 22 and
1131 503 95 22 medical

642 534 127 27 assistance,
789 533 84 26 arising
891 532 58 21 from
967 530 141 28 negligence,
1126 537 25 14 or
1169 529 57 22 from

642 561 104 28 inability
754 565 23 17 to
793 563 61 19 meet
870 558 36 22 the
922 564 104 22 expense,
1046 556 120 23 combined
1175 555 53 22 with

642 587 168 28 unwillingness
820 589 23 19 to
858 588 78 25 accept
946 584 26 22 of
983 584 38 22 the
1032 584 36 21 aid
1079 582 110 29 proffered
1198 582 30 27 by

644 615 108 22 directors
761 614 26 22 of
794 616 87 20 estates.

670 643 21 21 4.
692 652 29 5 —
721 641 67 22 Want
807 640 26 22 of
847 638 110 23 attention
972 638 25 21 in
1012 637 162 26 adminstering
1192 636 37 21 the

644 668 127 26 medicines,
783 674 57 15 were
848 664 135 28 prescribed,
1000 671 25 15 or
1034 663 77 28 giving
1120 662 110 23 medicine

644 695 94 23 without
747 701 80 22 proper
836 693 86 21 advice.

671 723 50 21 s.—
722 720 138 28 Emigration
886 719 26 22 of
937 718 89 26 fathers,
1056 716 111 28 throwing
1193 716 37 21 the

646 749 72 22 whole
727 747 87 23 burden
825 747 25 21 of
859 745 131 28 supporting
1005 742 37 24 the
1057 743 102 22 children
1171 749 59 21 upon

646 775 38 22 the
694 775 94 26 mother,
805 773 44 22 and
864 772 100 27 obliging
978 771 62 22 them
1055 773 24 19 to
1091 770 64 22 leave
1174 769 58 22 their

646 802 101 22 children
755 800 145 26 unattended,
911 800 23 20 in
946 798 65 22 order
1021 801 22 18 to
1052 797 61 22 work
1127 797 35 22 for
1176 796 57 22 their

646 833 103 24 support.
783 827 64 26 (This
861 827 19 21 is
895 824 88 28 alleged
999 824 53 28 only
1061 822 58 24 from
1133 824 98 26 hearsay,

647 859 41 19 not
696 856 57 22 from
764 853 73 23 actual
847 852 160 26 observation.)

674 883 48 22 The
739 882 44 22 last
799 881 64 21 three
881 886 51 20 may
1004 877 104 23 resolved
1125 877 49 22 into
1196 876 37 21 the

649 909 89 25 second,
758 908 52 22 but-
819 907 11 22 I
849 907 58 21 have
924 904 96 28 thought
1036 905 18 21 it
1070 902 123 29 necessary'
1211 905 23 18 to

648 935 152 29 particularize
810 934 62 22 them
882 931 132 29 separately.
1110 935 18 12 >fi

682 970 34 24 At
733 968 109 29 Jamaica,
860 967 39 24 the
922 974 63 16 same
1009 965 118 24 clamitous
1149 963 88 32 subject

650 1003 103 31 occupies
772 1001 93 32 general
884 1000 119 24 attention.
1051 998 51 24 The
1124 996 113 31 Morning

649 1036 100 24 Journal
755 1034 122 33 published
887 1038 24 19 at
924 1033 118 31 Kingston
1051 1040 53 23 says
1113 1040 6 15 :
1120 1043 35 5 —
1171 1041 4 4 -

678 1073 23 22 It
709 1073 19 21 is
738 1072 52 22 with
807 1071 57 24 deep
880 1072 75 25 regret
970 1076 33 16 we
1019 1068 61 27 daily
1097 1068 87 21 witness
1199 1066 38 21 the

650 1106 93 19 ravages
751 1098 74 22 which
837 1098 38 21 the
891 1096 107 22 sarlatina
1013 1095 19 21 is
1049 1095 93 26 making
1157 1100 81 20 among

651 1134 40 13 our
697 1125 76 22 fellow
785 1124 99 22 citizens.
922 1123 50 22 The
990 1121 116 23 reflection
1125 1121 18 21 is
1159 1120 80 22 almost

652 1151 87 27 enough
750 1155 22 17 to
782 1151 73 26 weigh
865 1150 65 21 down
940 1149 39 21 the
988 1148 64 22 mind
1062 1148 26 21 of
1094 1147 38 22 the
1138 1149 99 19 stoutest.

651 1179 71 21 There
733 1185 36 15 are
780 1184 55 20 very
851 1177 43 21 few
908 1175 97 22 families
1019 1175 24 21 in
1059 1174 112 27 Kingston
1191 1173 48 21 who

651 1212 37 14 are
699 1208 39 18 not
752 1211 61 15 more
831 1210 25 15 or
870 1203 43 21 less
932 1201 82 22 visited
1028 1201 31 28 by
1077 1201 43 22 this
1139 1207 100 20 scourge.

652 1231 93 26 Indeed,
757 1231 53 21 such
820 1230 19 22 is
849 1229 37 22 the
896 1228 106 22 situation
1018 1228 26 22 of
1060 1235 61 15 some
1136 1227 103 27 families,

652 1259 48 21 that
708 1258 53 27 they
771 1264 38 15 are
821 1256 94 27 entirely
931 1255 109 22 indebted
1054 1257 23 19 to
1087 1255 37 21 the
1134 1254 106 22 kindness

652 1285 25 21 of
688 1284 83 23 friends
777 1283 46 23 and
832 1283 135 27 neighbours
974 1282 35 22 for
1016 1281 37 22 the
1058 1281 57 22 little
1122 1281 118 22 assistance

652 1311 109 23 rendered
784 1311 62 21 them
871 1309 79 27 during
972 1309 44 21 this
1036 1308 66 22 awful
1120 1308 119 26 visitation,

652 1339 68 21 there,
725 1338 67 26 being
801 1341 41 18 not
851 1344 43 14 one
903 1337 24 21 in
938 1342 62 16 some
1009 1335 95 21 families
1114 1339 22 17 to
1146 1334 52 27 help
1204 1333 36 22 the

654 1365 69 22 other.
762 1365 100 21 Whence
879 1370 62 15 arose
956 1362 39 22 the
1005 1361 85 23 disease
1099 1362 18 22 it
1126 1362 19 21 is
1153 1360 56 22 hard
1218 1363 22 18 to

653 1400 46 19 say.
729 1393 65 21 Some
805 1398 94 20 suppose
908 1391 19 21 it
936 1393 27 18 to'
968 1389 58 21 have
1039 1389 58 21 been
1107 1395 81 19 among
1204 1387 37 21 the

654 1419 92 22 females
765 1418 46 22 and
830 1417 101 22 children
947 1416 27 22 of
993 1415 37 22 the
1049 1415 54 22 60th
1124 1415 116 27 regiment,

655 1445 64 23 while
730 1445 74 22 others
813 1452 38 14 are
868 1444 26 21 of
905 1443 92 28 opinion
1012 1442 49 22 that
1077 1442 19 21 it
1113 1442 49 22 first
1178 1440 64 23 made

654 1473 30 21 its
694 1479 138 21 appearance
847 1477 84 20 among
946 1477 61 15 some
1026 1469 27 21 of
1069 1469 38 21 the
1124 1469 116 26 European

655 1499 128 28 emigrants.
822 1499 31 21 Be
868 1497 43 22 this
926 1504 26 14 as
960 1497 18 21 it
990 1503 61 24 may,
1061 1503 44 14 one
1114 1495 46 22 fact
1168 1495 19 21 is
1197 1501 47 15 cer-

656 1527 54 26 tain,
722 1525 44 23 and
780 1525 50 22 that
845 1525 46 21 is—
893 1524 38 22 the
946 1523 119 23 scarlatina
1079 1522 95 28 prevails
1192 1528 52 14 over

656 1553 37 22 the
704 1553 70 21 whole
783 1551 82 27 island,
877 1551 45 22 and
930 1551 20 21 is
960 1550 111 27 sweeping
1079 1549 33 22 off
1117 1555 76 21 young
1200 1548 44 22 and

657 1579 42 28 old,
712 1579 45 22 and
763 1579 49 22 rich
823 1579 43 21 and
873 1585 61 21 poor,
946 1577 55 22 with
1013 1576 69 22 awful
1096 1575 147 23 fearlessness.

689 1613 78 30 Again
780 1614 38 22 the
830 1621 63 15 same
904 1619 71 25 paper
986 1619 53 23 says
1049 1619 5 15 :—:
1056 1623 34 4 —

686 1652 47 21 Our
743 1654 79 19 streets
831 1658 38 15 are
884 1650 61 27 daily
955 1649 62 22 filled
1033 1649 54 21 with
1098 1647 88 22 funeral
1195 1654 51 20 pro-

659 1678 113 26 cesssions,
784 1678 46 21 and
844 1685 69 19 many
927 1676 146 22 unfortunate
1089 1678 89 24 parents
1194 1673 52 28 only

659 1709 37 23 get
712 1705 35 22 rid
762 1705 26 21 of
800 1712 42 15 one
857 1704 128 26 full-grown
1001 1702 60 22 child
1075 1705 24 18 to
1112 1708 92 26 prepare
1214 1701 33 21 for

659 1732 37 22 the
705 1730 87 24 funeral
802 1731 136 22 ceremonies
949 1730 27 21 of
986 1729 94 22 another
1096 1736 29 14 on
1143 1725 38 24 the
1198 1734 49 15 suc-

661 1759 92 27 ceeding
764 1758 110 27 morning.
903 1757 60 24 How
977 1756 55 26 long
1049 1755 43 22 this
1107 1754 68 23 awful
1191 1756 55 20 state

661 1786 25 21 of
698 1786 73 26 things
781 1785 45 22 will
835 1785 48 26 last,
896 1784 52 22 God
959 1784 52 26 only
1018 1782 85 22 knows.
1132 1782 42 21 We
1181 1781 66 27 hope,

660 1812 107 26 however,
778 1812 38 22 the
827 1818 91 20 scourge
929 1810 45 23 will
988 1817 53 14 soon
1058 1817 50 20 pass
1119 1816 73 19 away,
1202 1806 45 23 and

660 1847 61 14 more
731 1839 91 26 smiling
836 1838 46 22 and
896 1837 90 27 healthy
996 1837 55 26 days
1067 1839 74 19 return
1150 1843 6 20 ;
1171 1835 40 21 but
1225 1835 24 21 in

662 1866 37 22 the
718 1866 121 21 meantime
857 1865 39 22 the
913 1864 75 28 spirits
1007 1864 26 21 of
1053 1863 39 22 the
1109 1862 79 28 people
1212 1868 37 15 are

662 1893 77 27 nearly
748 1893 91 25 broken,
851 1892 45 22 and
906 1891 53 28 they
967 1898 62 15 seem
1039 1893 22 18 to
1071 1890 58 21 view
1137 1896 28 15 an
1176 1888 74 22 attack

662 1920 25 21 of
698 1920 60 21 fever
768 1920 46 21 and
824 1927 48 14 sore
882 1918 73 23 throat
962 1925 23 14 as
995 1925 14 14 a
1017 1917 100 26 warning
1126 1919 23 18 to
1158 1922 91 21 prepare

662 1947 34 22 for
711 1946 75 23 death.
825 1946 40 21 We
884 1948 83 19 cannot
982 1944 67 22 avoid
1065 1944 129 27 expressing
1210 1948 41 15 our

663 1974 89 27 opinion
761 1973 50 22 that
819 1980 70 20 many
898 1972 51 27 give
958 1970 133 23 themselves
1100 1977 31 20 up
1139 1970 35 21 for
1185 1968 66 23 death

663 2001 48 22 who
722 2000 116 22 otherwise
848 1999 75 22 would
931 1999 57 22 have
1003 1996 95 28 escaped
1106 1996 25 22 it.
1161 1996 41 21 We
1212 1995 39 22 ad-

664 2027 45 20 vise
720 2033 38 14 our
767 2026 178 21 fellow-citizens
953 2027 24 18 to
986 2024 28 21 be
1025 2023 26 21 of
1057 2023 58 26 good
1126 2023 72 25 cheer,
1206 2021 52 22 and-

663 2059 55 20 pray
727 2056 23 17 to
760 2052 83 21 Divine
856 2051 139 21 Providence
1012 2050 34 20 for
1061 2050 38 20 the
1114 2047 100 23 removal
1230 2048 25 21 of

664 2078 43 21 this
719 2078 107 26 afflicting
842 2077 120 22 visitation.
990 2075 83 22 Floods
1088 2075 26 21 of
1129 2075 49 21 rain
1195 2073 57 22 have

665 2104 120 22 continued
804 2108 23 17 to
846 2104 114 21 devastate
980 2103 89 20 various
1087 2104 61 25 parts
1169 2101 25 21 of
1214 2100 38 22 the

664 2131 81 25 island,
755 2131 101 27 carrying
866 2130 67 27 along
943 2129 54 22 with
1006 2129 60 21 them
1083 2129 38 21 the
1139 2130 58 20 most
1206 2127 46 22 for-

664 2158 96 22 midable
771 2158 144 21 destruction.

699 2192 30 24 In
741 2200 14 16 a
765 2192 96 24 number
874 2191 25 23 of
913 2190 39 24 the
967 2190 89 24 Guiana
1075 2189 75 24 Times
1161 2197 34 15 we
1206 2188 47 24 find

666 2233 63 16 some
748 2225 100 31 striking
867 2224 104 24 remarks
990 2231 29 16 on
1039 2224 39 23 the
1100 2222 116 31 mortality
1231 2222 26 23 of

666 2263 77 27 troops
753 2259 25 23 in
790 2259 39 23 the
842 2257 91 32 colony.'
955 2280 2 8 ,
968 2257 67 31 They
1047 2256 46 24 will
1108 2256 29 23 be
1148 2255 72 24 found
1230 2260 24 18 to

667 2293 111 30 comprise
790 2292 64 23 three
865 2291 71 24 heads
937 2303 33 5 —
971 2290 38 24 the
1021 2289 125 24 ill-chosen
1156 2289 98 23 location

668 2326 24 23 of
707 2326 39 23 the
757 2330 76 26 troops
847 2332 30 16 on
888 2325 44 29 the;
938 2325 43 23 low
993 2332 40 15 sea
1045 2327 72 24 coast,
1128 2322 89 24 instead
1229 2322 27 23 of

668 2359 80 31 higher
758 2367 31 23 up
801 2358 39 24 the
857 2362 95 26 country
963 2366 6 20 ;
979 2357 48 23 the
1046 2357 174 23 inconvenience
1233 2355 26 23 of

667 2393 118 30 removing
804 2397 85 26 troops,
910 2391 59 23 after
989 2391 55 30 they
1064 2390 65 28 have,
1150 2393 23 19 at
1192 2393 65 27 great

669 2431 56 23 cost,
736 2426 94 23 become
848 2424 111 25 seasoned
965 2431 3 3 '
978 2429 22 18 to
1008 2439 2 5 .
1021 2424 37 23 the
1082 2423 90 23 climate
1183 2431 6 20 ;
1209 2422 45 23 and

668 2459 38 24 the
718 2459 107 31 impolicy
833 2459 25 23 of
867 2458 132 32 employing
1010 2456 72 31 solely
1089 2456 65 24 those
1162 2455 96 24 medical

668 2501 52 15 men
738 2492 59 29 who,
816 2492 133 30 itinerating
966 2491 55 23 with
1042 2490 47 23 the-
1098 2494 85 26 troops,
1204 2489 54 30 only

669 2527 90 30 acquire
778 2526 134 31 experience
932 2525 26 23 in
975 2524 58 24 local
1052 2523 100 23 diseases
1170 2522 30 31 by
1218 2522 40 23 the

670 2560 54 23 time
746 2559 52 31 they
818 2559 64 23 leave
901 2558 38 23 the
962 2558 72 30 place.
1082 2557 30 23 In
1135 2556 39 24 the
1194 2555 65 24 52nd

671 2593 124 31 Regiment
819 2593 29 23 of-
870 2592 67 28 Foot,
960 2591 77 23 which
1058 2590 45 23 had
1122 2590 51 31 just
1199 2589 59 23 been

671 2626 94 24 ordered
774 2626 60 23 from
845 2625 128 24 Demerara
983 2629 24 19 to
1018 2624 68 23 Nova
1098 2623 89 29 Scotia,
1196 2618 64 40 jfctiere

671 2659 45 24 had
736 2659 108 24 occurred
861 2659 25 23 in
892 2656 53 26 ''six
966 2657 92 25 months
1082 2659 49 21 208
1152 2663 63 16 cases
1237 2655 26 23 of

671 2693 63 23 fever
746 2692 44 24 and
811 2693 32 26 27
863 2691 80 24 deaths
953 2701 6 19 ;
966 2704 3 14 ;
978 2691 91 24 besides
1088 2690 39 23 the
1147 2689 79 24 deaths
1239 2689 24 23 of

673 2726 63 24 three
748 2726 96 29 officers,
858 2725 124 24 attributed
999 2724 87 31 mainly
1098 2729 23 17 to
1136 2723 59 23 their
1211 2729 50 16 own

673 2760 153 30 imprudence.
862 2759 43 23 We
917 2758 98 32 proceed
1025 2757 55 24 with
1099 2757 38 23 the
1157 2755 105 24 remarks

675 2792 24 23 of
714 2792 39 24 the
764 2792 97 24 colonial
871 2800 70 24 paper
953 2800 6 16 :

703 2829 31 21 Of
746 2829 130 27 Europeans
885 2830 24 21 in
919 2828 98 28 general,
1025 2835 33 15 we
1068 2835 53 19 may
1136 2826 70 27 safely
1221 2825 42 22 ob-

676 2862 69 20 serve,
755 2855 50 22 that
813 2856 53 21 with
875 2863 15 14 a
897 2856 115 21 moderate
1023 2855 81 27 degree
1113 2854 26 21 of
1148 2851 115 29 prudence

677 2881 52 27 they
752 2888 52 20 may
824 2889 77 21 escape
920 2882 39 22 the
982 2882 108 21 maladies
1112 2880 75 23 which
1205 2879 58 22 have

675 2908 84 28 proved
769 2908 55 21 fatal
833 2912 23 17 to
865 2916 25 14 so
899 2915 68 21 many
985 2907 137 25 individuals
1136 2906 129 28 neglecting

675 2939 23 18 to
705 2943 39 14 use
752 2934 42 23 due
803 2935 149 27 precautions.
979 2936 48 21 The
1032 2935 97 26 military
1136 2941 61 19 man,
1203 2931 62 24 how-
1265 2934 1 10 1

677 2969 57 21 ever,
745 2962 41 21 has
795 2965 37 19 too
840 2969 122 14 numerous
971 2969 90 14 reasons
1077 2965 28 19 to.
1115 2960 149 28 contemplate

677 2989 43 22 this
735 2989 80 27 colony
833 2995 24 16 as
870 2988 35 23 his
920 2988 107 28 probable
1044 2995 75 20 grave.
1161 2988 65 21 Some
1242 2990 23 18 at

675 3016 56 22 least
741 3016 25 22 of
769 3016 47 26 .the
826 3023 77 14 causes
911 3016 27 21 of
948 3015 38 22 the
995 3018 64 24 great
1068 3014 118 23 difference
1195 3013 70 23 which

676 3043 18 22 is
704 3042 130 23 observable
844 3050 45 20 are,
900 3050 32 15 we
942 3042 93 28 humbly
1043 3049 42 14 con
1089 3041 59 27 tend,
1160 3040 106 28 suscepti-

677 3070 35 22 ble
722 3070 27 21 of
758 3070 68 27 being
839 3069 115 22 removed.
989 3068 49 23 The
1050 3068 109 32 frequent'
1170 3068 96 26 changes

677 3097 23 22 in
710 3096 38 23 the
757 3097 93 22 stations
861 3097 25 25 pf
898 3096 38 22 the
946 3096 88 28 foreign
1043 3102 84 15 service
1138 3095 127 28 companies

678 3127 89 25 operate
776 3124 24 21 in
811 3131 14 14 a
839 3123 92 22 twofold
949 3123 74 22 mode.
1062 3122 66 27 First,
1148 3122 54 31 they
1214 3128 54 15 con-

677 3150 94 28 tinually
779 3150 66 28 bring
854 3158 31 19 up
895 3158 13 15 a
917 3158 50 15 new
972 3154 39 19 .set
1019 3150 27 22 of
1052 3149 87 22 victims
1145 3152 22 19 to
1175 3148 91 22 disease.

678 3177 68 27 Next,
756 3177 55 32 they
821 3177 89 28 deprive
916 3177 38 22 the
959 3184 113 20 surgeons
1078 3176 26 22 of
1110 3174 158 30 all-possibility

679 3204 26 22 of
715 3204 117 28 acquiring
840 3204 73 22 useful
931 3204 140 27 experience.
1110 3202 112 30 Probably
1228 3201 39 23 the

680 3231 74 27 object
771 3230 109 23 intended
904 3234 23 19 to
952 3230 214 23 be-accomblished
1230 3228 38 22 the

680 3258 94 26 changes
785 3258 18 22 is
813 3265 14 15 a
833 3257 98 22 humane
938 3257 46 22 and
997 3258 49 27 just
1060 3263 43 15 one
1103 3268 28 5 —
1132 3253 96 31 namely,
1243 3254 24 22 in

679 3285 66 21 order
754 3284 48 22 that
812 3292 30 14 no
851 3284 241 28 particular'regiment
1103 3290 59 21 may-
1169 3284 100 25 undergo,

680 3319 29 14 an
718 3312 86 27 unduly
814 3319 77 14 severe
898 3310 80 28 length
987 3311 25 22 of
1024 3310 84 23 service
1119 3310 22 21 in
1152 3317 13 14 a
1174 3308 95 29 perilous

680 3338 96 22 climate.
814 3338 47 22 But
870 3345 31 15 we
911 3341 90 25 suspect
1011 3337 48 22 that
1074 3336 45 23 this
1127 3336 21 22 is
1159 3336 54 27 only
1220 3338 50 19 tan-

681 3367 101 20 tamount
792 3368 23 19 to
825 3373 13 14 a
846 3365 129 22 reluctance
985 3367 23 20 to
1018 3364 64 22 allow
1089 3364 26 21 of
1126 3371 44 20 any
1185 3362 84 23 forlorn

681 3392 65 27 hope,
758 3392 44 22 and
812 3397 23 17 to
845 3399 14 15 a
869 3391 171 23 determination
1051 3394 22 19 to
1084 3390 67 23 make
1160 3390 38 22 the
1207 3388 62 23 main

681 3418 59 28 body
752 3419 25 21 of
787 3420 39 21 the
840 3426 70 20 army,
926 3426 26 14 as
966 3418 18 22 it
999 3425 64 20 were,
1074 3418 65 22 share
1150 3416 88 29 equally
1246 3416 24 22 in

682 3445 37 22 the
729 3453 95 20 carnage
832 3446 26 22 of
868 3446 37 22 the
914 3446 50 21 first
972 3444 114 30 approach
1094 3447 23 20 to
1131 3444 39 22 the
1179 3442 89 25 assault.

682 3472 61 22 Take
761 3479 29 15 an
804 3473 103 21 instance
922 3473 27 21 of
960 3479 14 15 a
988 3479 64 21 corps
1066 3472 75 22 whose
1155 3470 115 23 residence

682 3498 52 22 here
744 3499 39 22 has
792 3500 56 21 been
857 3503 131 24 permanent
988 3511 31 4 —
1020 3507 34 13 we
1061 3498 88 22 believe
1159 3497 39 26 the
1199 3496 3 7 1
1211 3496 61 22 artil-

682 3524 56 29 lery.
765 3526 65 28 They
839 3534 39 14 are
887 3533 14 15 a
912 3526 144 27 remarkably
1068 3524 99 28 healthy-
1174 3523 59 34 body
1249 3522 25 23 of

683 3559 59 21 men,
753 3557 39 17 not
800 3554 85 26 having
893 3552 46 22 had
951 3560 14 14 a
979 3552 69 22 death
1062 3559 83 19 among
1160 3550 66 23 them-
1237 3549 35 22 for

684 3586 59 15 some
758 3587 65 20 years
836 3580 66 22 back.
944 3579 65 28 They
1023 3587 36 14 are
1074 3577 110 24 seasoned
1197 3580 31 19 to-
1233 3576 39 23 the

684 3606 85 28 colony.
781 3627 9 8 v
797 3606 64 22 With
869 3606 38 22 the
913 3606 123 28 regiments
1042 3605 73 23 which
1124 3603 148 28 successively

684 3633 70 21 arrive
770 3634 46 21 and
831 3634 84 26 depart,
932 3632 110 28 however,
1060 3632 46 32 the^
1117 3639 50 15 case
1186 3632 19 21 is
1219 3630 52 26 this,

684 3667 14 14 a
715 3660 118 22 multitude
852 3660 27 22 of
898 3667 50 14 new
973 3667 85 14 comers
1083 3658 44 28 die,
1148 3657 44 22 and
1214 3656 56 28 that,

684 3686 104 28 precisely
805 3694 25 14 as
844 3686 38 22 the
898 3686 101 22 skeleton
1012 3686 26 22 of
1054 3686 39 21 the
1108 3684 110 28 regiment
1232 3683 41 22 has

684 3713 76 27 begun
772 3717 23 18 to
805 3714 28 21 be
843 3713 95 23 innured
953 3717 24 17 to
992 3713 125 22 Demerara
1133 3711 71 27 heats,
1220 3710 20 22 it
1254 3710 19 22 is

685 3740 206 27 countermarched,
901 3747 33 15 we
950 3740 57 21 shall
1017 3746 100 21 suppose,
1136 3738 45 26 (for
1195 3737 46 22 this
1254 3737 19 22 is

685 3773 13 15 a
708 3774 101 15 common
818 3767 120 27 instance,)
950 3766 24 22 in
983 3766 65 22 order
1058 3770 22 17 to
1092 3766 28 21 be
1136 3763 99 29 exposed
1249 3763 24 22 in

685 3793 37 22 the
732 3794 58 22 dead
798 3794 27 22 of
835 3795 78 21 winter
922 3796 24 18 to
953 3793 39 21 the
1001 3792 71 27 biting
1080 3792 67 22 frosts
1162 3791 27 22 of
1199 3789 75 24 North

685 3820 112 22 America.
840 3820 29 22 In
892 3820 67 26 short,
961 3822 3 8 1
983 3819 38 22 the
1039 3822 90 25 present
1148 3820 84 25 system
1252 3816 25 22 of

684 3847 96 22 rotation
786 3854 53 20 may
849 3848 28 20 be
887 3846 85 27 shortly
987 3845 115 23 described
1117 3848 21 18 to
1155 3844 28 22 be
1196 3849 78 22 a-per-

685 3874 75 31 petual
771 3874 138 27 experiment
926 3880 30 15 on
971 3872 39 23 the
1026 3872 78 21 health
1122 3870 26 23 of
1166 3877 24 15 so
1207 3877 68 20 many

685 3900 101 22 hundred
800 3903 111 23 strangers
920 3901 24 20 to
959 3898 37 23 the
1012 3898 97 26 climate,
1124 3896 149 29 productions,

687 3927 44 22 and
741 3930 97 18 customs
848 3926 27 21 of
880 3926 38 21 the
929 3929 101 23 country.

786 3952 75 23 would
872 3955 39 20 not
920 3951 56 24 wish
985 3955 24 18 to
1016 3950 63 24 write
1089 3958 14 15 a
1111 3950 93 28 syllable
1212 3950 63 22 hurt-

532 51 102 46 Hftt
657 48 119 46 Wftip
802 46 212 46 S&talw*
1035 43 193 48 4&W#t
1253 41 92 41 an*
1367 38 302 47 Wttllimton
1694 31 255 51 gtptttatitt.

1247 128 33 21 ful
1289 130 23 18 to
1327 127 37 22 the
1381 126 94 27 feelings
1491 126 26 21 of
1531 125 39 21 the
1587 131 62 20 army
1660 129 111 20 surgeons.
1796 121 38 23 'As

1247 161 33 15 we
1296 161 39 14 are
1352 160 71 15 aware
1437 154 26 19 of
1470 152 47 22 -the
1537 151 63 22 strict
1616 150 126 26 regulation
1762 149 73 22 which

1247 180 110 28 prohibits
1366 180 61 21 them
1442 179 60 21 from
1512 177 172 28 corresponding
1698 176 54 22 with
1762 183 73 15 news-

1250 213 84 21 papers,
1346 206 53 27 they
1409 213 37 14 are
1458 205 38 22 the
1513 205 42 21 last
1566 209 33 16 set
1609 203 26 22 of
1650 210 51 15 men
1715 203 73 21 whom
1804 210 31 14 we

1249 232 75 23 would
1339 232 167 26 unnecessarily
1522 230 81 23 attack.
1634 230 44 22 But
1694 229 54 28 they
1764 229 72 22 them-

1250 260 71 21 selves
1331 262 82 19 cannot
1421 259 42 21 but
1471 258 29 21 be
1511 257 96 22 sensible
1625 256 48 22 that
1681 275 3 6 ,
1690 256 38 22 the
1743 255 94 23 circum-

1250 290 88 18 stances
1348 286 23 21 in
1381 285 73 22 which
1471 285 55 26 they
1541 291 39 14 are
1588 283 80 28 placed
1682 282 106 29 preclude
1799 282 38 22 the

1252 312 143 28 opportunity
1404 312 24 21 of
1435 311 39 22 the
1484 310 131 25 acquisition
1626 309 27 22 of
1658 309 37 22 the
1704 309 134 27 knowledge

1253 339 121 22 calculated
1383 342 22 18 to
1413 339 29 22 be
1449 341 61 20 most
1518 337 120 22 beneficial
1648 339 21 19 to
1677 336 38 22 the
1724 343 51 15 men
1785 343 54 15 con-

1253 365 60 22 fided
1322 369 24 18 to
1362 365 58 22 their
1435 372 60 15 care.
1525 364 45 21 For
1586 363 108 26 example,
1710 370 32 14 we
1759 366 81 23 expect

1250 392 41 21 the
1298 392 62 22 42nd
1373 392 111 27 regiment
1499 391 56 21 from
1570 390 119 22 Gibraltar.
1718 389 48 22 The
1780 389 59 22 52nd

1253 418 45 23 will
1306 419 58 22 have
1373 425 57 21 gone
1437 425 71 20 away,
1517 417 104 27 carrying
1631 416 53 22 with
1694 420 17 18 it
1721 415 36 22 the
1769 415 71 23 whole

1253 445 95 22 medical
1355 445 132 28 experience
1495 443 107 28 acquired
1606 443 81 26 during
1691 443 28 21 its
1726 446 48 23 stay
1779 443 60 21 here.

1253 472 48 21 The
1308 479 105 21 surgeons
1420 471 26 22 of
1447 471 40 22 the
1493 472 59 25 46th,
1561 470 57 27 who,
1627 471 25 20 in
1662 469 30 22 all
1698 469 141 28 probability,

1254 499 56 21 hare
1320 506 66 15 nevei
1400 499 60 21 been
1475 498 100 21 between
1585 497 38 21 the
1633 496 106 27 Trophies
1750 496 87 26 before,

1254 525 44 22 will
1306 525 57 22 have
1370 530 22 17 to
1402 532 129 15 commence
1538 524 38 22 the
1586 523 98 28 studyof
1691 530 39 14 our
1739 522 98 22 diseases

1258 552 24 21 de
1298 559 50 14 novo
1366 552 45 22 and
1432 552 24 20 ab
1476 552 68 21 initio.
1583 551 43 21 Ere
1646 549 56 22 their
1726 549 75 22 lesson
1823 550 19 22 is

1256 579 100 27 learned,
1366 577 117 29 probably,
1500 585 69 20 many
1577 577 69 22 brave
1661 584 51 14 men
1723 576 46 22 will
1785 576 57 22 have

1256 606 76 22 fallen.
1363 606 72 21 When
1443 605 20 22 it
1471 605 19 21 is
1500 604 76 27 nearly
1587 603 131 28 completed,
1735 603 54 28 they
1797 603 45 22 will

1257 633 58 22 have
1325 637 23 18 to
1357 636 73 24 tramp
1446 636 24 17 to
1484 638 63 15 some
1557 631 80 21 station
1647 631 23 21 in
1680 629 72 23 which
1764 630 19 21 it
1798 630 44 22 will

1262 660 24 21 be
1302 660 27 21 of
1339 667 28 14 no
1383 659 85 22 service
1485 662 22 18 to
1520 658 69 21 them.
1620 657 41 21 We
1679 664 38 14 are
1735 657 109 27 perfectly

1260 686 125 28 astonished,
1393 685 49 22 that
1454 686 18 21 it
1482 685 53 21 does
1548 687 42 19 not
1599 691 66 15 occur
1675 687 23 18 to
1710 683 38 22 the
1764 683 80 23 autho-

1260 713 60 22 rities
1330 716 23 19 at
1361 713 38 22 the
1418 713 73 20 Horse
1506 711 94 26 Guards,
1611 711 50 21 how
1670 718 119 20 necessary
1798 711 18 21 it
1825 710 19 22 is

1251 742 31 19 'to
1290 739 58 23 have
1361 742 133 24 permanent
1503 745 113 20 surgeons,
1627 737 48 23 who
1693 737 45 22 will
1755 737 89 28 acquire

1261 772 25 16 as
1294 766 111 28 complete
1414 765 162 28 acquaintance
1583 764 54 22 with
1642 764 37 22 the
1689 763 58 23 local
1755 764 91 22 distem-

1261 800 50 20 pers
1321 794 26 21 of
1354 793 36 22 the
1399 793 115 27 province,
1526 792 51 27 and,
1587 791 61 22 what
1656 791 106 28 is,highly
1771 791 74 27 requi-

1261 820 49 26 site,
1320 820 53 21 with
1382 820 28 21 its
1426 819 166 28 typographical
1605 818 154 29 peculiarities,
1771 824 24 15 as
1806 825 40 14 our

1261 846 99 23 resident
1376 847 161 27 practitioners,
1557 845 49 22 who
1625 845 103 22 however
1747 845 99 21 talented

1262 874 53 26 they
1331 880 52 21 may
1397 873 35 27 be,
1440 880 41 15 are
1498 880 69 14 never
1584 871 118 28 implicitly
1719 871 84 22 trusted
1819 871 26 21 'in

1263 900 124 27 dangerous
1393 907 65 17 .cases
1474 899 56 22 until
1545 899 54 27 they
1610 899 57 21 have
1684 897 44 23 had
1738 898 55 27 long
1802 898 46 22 and

1263 927 75 21 varied
1496 927 23 21 in
1533 925 59 22 their
1605 925 131 28 profession.
1769 925 19 21 A.
1799 932 48 15 sur-

1263 961 56 19 geon
1339 954 60 21 fresh
1418 954 58 21 from
1499 960 13 15 a
1532 953 107 22 northern
1658 951 94 23 latitude
1769 951 21 22 is
1809 954 39 20 not

1263 980 85 27 merely
1356 980 102 27 ignorant
1468 980 27 21 of
1505 979 37 23 the
1550 987 81 21 proper
1641 979 66 22 mode
1717 979 26 21 of
1754 979 94 26 treating

1264 1007 81 26 others,
1355 1007 40 22 but
1404 1007 158 27 apprehensive
1573 1007 36 21 for
1618 1006 96 22 himself.
1743 1005 37 22 He
1791 1006 58 21 fears

1264 1036 23 19 to
1300 1034 102 26 undergo
1421 1033 37 22 the
1476 1033 84 27 fatigue
1580 1033 106 22 involved
1703 1033 24 21 in
1747 1033 103 26 frequent

1265 1059 68 28 visits,
1353 1064 23 18 at
1394 1060 30 21 all
1439 1060 69 21 hours
1524 1060 79 27 during
1619 1060 38 21 the
1675 1059 70 26 night,
1769 1062 23 18 to
1811 1059 38 21 the

1266 1087 105 22 chamber
1381 1087 25 21 of
1412 1087 37 21 the
1458 1087 49 20 sick
1512 1087 86 20 soldier.
1620 1087 37 20 He
1663 1087 18 20 is
1686 1085 164 28 unacquainted

1265 1114 53 22 with
1326 1114 37 21 the
1371 1113 73 22 habits
1453 1113 47 22 and
1508 1116 96 24 tempers
1614 1113 27 21 of
1647 1113 36 21 the
1693 1112 73 22 native
1774 1119 77 15 nurses

1266 1141 46 22 and
1320 1141 134 22 attendants.
1485 1139 37 22 All
1539 1143 23 18 at
1577 1147 37 14 sea
1624 1139 96 26 himself,
1729 1139 28 22 he
1771 1142 81 19 cannot

1266 1172 63 17 enter
1336 1168 46 21 into
1397 1167 37 22 the
1451 1166 99 28 peculiar
1566 1167 94 26 feelings
1668 1167 26 20 of
1704 1166 39 21 the
1758 1166 92 27 patient,

1267 1202 25 15 or
1310 1194 35 22 hit
1362 1201 59 20 upon
1437 1193 138 29 appropriate
1591 1193 70 28 topics
1675 1193 25 21 of
1718 1200 135 19 encourage-

1267 1225 69 18 ment.
1375 1221 36 22 He
1430 1221 69 22 views
1516 1228 14 13 a
1549 1227 104 15 common
1671 1222 110 25 symptom
1800 1220 53 21 with

1268 1248 77 27 alarm,
1356 1248 71 22 which
1439 1248 36 21 his
1490 1250 152 19 countenance
1658 1247 43 21 and
1719 1247 63 21 voice
1793 1254 61 14 com-

1268 1275 113 22 municate
1397 1278 23 18 to
1435 1274 38 21 the
1491 1274 126 27 despairing
1631 1273 53 22 sick.
1714 1273 36 22 He
1766 1273 25 26 is,
1802 1273 23 22 in
1841 1280 14 15 a

1268 1302 67 26 word,
1353 1302 35 21 the
1404 1300 186 28 superintendent
1605 1301 26 20 of
1642 1308 28 14 an
1687 1300 168 21 establishment

1268 1328 24 22 in
1298 1328 76 23 -which
1384 1328 34 22 his
1428 1331 34 18 art
1474 1328 19 21 is
1503 1331 23 18 at
1534 1327 63 27 fault,
1608 1327 60 22 since
1684 1334 65 21 years
1760 1327 26 21 of
1796 1327 59 22 book

1269 1355 66 27 study
1345 1363 36 14 are
1390 1355 137 22 insufficient
1536 1357 30 18 to*
1575 1354 65 22 teach
1650 1354 36 21 the
1698 1353 50 22 skill
1758 1354 73 21 which
1841 1361 14 14 a

1270 1389 52 15 man
1333 1382 26 23 of
1369 1381 128 26 commonly
1508 1381 73 21 clever
1594 1384 61 23 parts
1669 1388 43 14 can
1729 1381 51 26 gain
1798 1380 58 22 from

1270 1416 42 15 one
1323 1409 62 22 week
1402 1408 25 22 of
1438 1408 139 27 experience.
1578 1421 28 3 —
1606 1408 83 21 Hobart
1700 1409 63 20 Town
1771 1408 85 21 Adver-

1270 1438 61 19 tiser.

1271 1492 176 24 SUMMARY
1474 1492 99 23 FROM
1600 1492 72 23 THE
1700 1492 155 23 ENGLISH

1499 1525 143 23 PAPERS.
