3442 4511
2303 2045 83 143 The
2414 2045 167 143 Oxford
2609 2045 251 143 Observer.

2393 2188 194 21 PUBLISHED
2604 2189 161 24 WEEKLY.

2303 2261 178 35 SATURDAY
2503 2261 134 35 AUGUST
2659 2261 201 35 17th,1895

2393 2406 93 35 OUR
2521 2408 242 33 BIRTHDAY.

2351 2511 222 42 Congratulate
2583 2522 38 21 us
2635 2512 75 31 dear
2722 2514 124 29 readers

2310 2563 40 20 on
2363 2553 64 30 this
2441 2562 57 21 our
2512 2554 85 30 natal
2611 2554 71 40 day.
2724 2553 33 30 It
2783 2555 65 30 -will

2309 2594 137 40 surprise
2460 2604 84 21 some
2558 2595 34 30 of
2615 2604 64 30 you
2698 2598 34 27 to
2759 2595 87 30 learn

2308 2635 71 31 that
2392 2635 64 31 this
2471 2636 62 42 day
2545 2645 49 21 we
2616 2635 80 32 have
2719 2636 128 31 entered

2307 2685 87 29 upon
2408 2677 55 30 the
2476 2676 129 31 seventh
2634 2686 77 29 year
2724 2677 34 32 of
2788 2688 59 20 our

2308 2715 203 33 Journalistic
2531 2715 65 38 life,
2631 2716 64 31 and
2727 2717 28 29 it
2783 2717 63 30 will

2309 2757 135 41 surprise
2458 2767 60 21 our
2531 2757 134 31 enemies
2681 2751 66 36 still
2760 2767 83 24 more,

2310 2799 67 31 who
2412 2799 184 40 prophesied
2631 2809 59 21 our
2730 2800 115 40 speedy

2309 2840 115 32 demise
2437 2840 34 31 m
2480 2840 61 32 less
2554 2840 78 31 than
2646 2850 20 21 a
2676 2850 76 31 year
2764 2841 81 31 from

2309 2892 57 20 our
2379 2881 93 31 birth.
2587 2881 73 31 take
2693 2882 64 30 this
2791 2892 54 30 op-

2308 2923 163 41 portunity
2485 2923 34 31 of
2531 2923 156 40 thanking
2713 2933 64 30 you
2798 2925 49 29 for

2308 2965 55 30 the
2384 2968 209 27 countenance
2620 2963 64 29 and
2718 2970 130 33 support

2308 3003 71 31 that
2392 3014 63 30 you
2464 3003 80 31 have
2558 3003 94 40 given
2667 3014 38 20 us
2725 3004 123 40 'during

2309 3045 86 31 these
2405 3044 63 31 last
2481 3044 49 32 six
2540 3054 92 31 years
2647 3045 62 30 and
2723 3055 47 21 we
2784 3045 65 31 also
2851 3048 9 22 -l

2310 3086 154 40 apologise
2477 3088 34 28 to
2632 3086 133 30 enemies
2799 3086 50 30 for

2310 3126 134 41 proving
2504 3125 83 31 their
2649 3126 211 31 calculations'

2310 3177 175 27 erroneous,
2498 3168 43 40 by
2549 3164 114 44 taking
2669 3168 56 30 the
2735 3164 113 44 liberty
2857 3173 3 11 •

2309 3214 33 27 to
2356 3209 62 32 live
2432 3218 35 22 so
2480 3209 86 40 long.
2608 3209 59 31 We
2675 3209 81 30 have
2769 3210 80 30 tried

2309 3250 78 31 hard
2401 3250 63 31 and
2478 3262 47 19 we
2559 3250 120 32 believe
2706 3250 70 31 that
2787 3279 4 3 .
2803 3262 47 20 we

2309 3292 80 32 have
2417 3291 170 32 succeeded
2621 3291 33 31 m
2688 3292 96 40 being
2818 3293 34 30 of

2311 3343 85 21 some
2409 3343 55 20 use
2478 3335 34 28 at
2531 3333 81 30 least
2634 3335 35 28 to
2697 3343 57 21 our
2782 3344 69 20 own

2310 3374 242 39 neighborhood,
2570 3374 283 41 notwithstanding

2311 3416 127 30 adverse
2448 3415 106 31 critics
2565 3418 109 34 assert,
2685 3416 71 30 that
2764 3417 88 41 therje

2310 3457 28 29 is
2351 3467 42 18 no
2407 3456 156 39 necessity
2591 3456 51 28 for
2677 3466 20 19 a
2730 3456 121 39 weekly

2310 3496 77 30 local
2424 3497 136 39 journal,
2596 3497 93 29 when
2732 3498 128 29 several/

2312 3537 84 38 daily
2418 3537 63 29 and
2502 3536 119 40 weekly
2650 3547 113 30 papers
2799 3547 53 21 are
2855 3559 4 11 ;

2312 3577 126 41 already
2453 3577 168 31 circulated
2631 3577 34 30 m
2692 3577 55 31 the
2779 3578 71 30 Dis-

2311 3619 75 30 trict
2401 3618 61 30 and
2476 3628 42 20 on
2531 3619 63 30 this
2610 3618 78 32 head
2717 3630 47 20 we
2792 3620 60 39 beg
2855 3643 4 12 ;

2312 3662 82 28 most
2408 3659 220 40 emphatically
2643 3663 35 27 to
2693 3660 92 30 differ
2801 3661 48 29 be-

2313 3709 91 21 cause
2414 3710 81 20 none
2506 3700 35 30 of
2551 3700 54 30 the
2618 3701 141 39 journals
2796 3702 55 30 cir-

2313 3741 123 29 culated
2450 3741 83 38 here,
2551 3741 80 30 have
2656 3751 72 20 ever
2754 3742 96 30 inter-

2302 3787 2 24 I
2313 3781 86 31 ested
2413 3782 188 30 themselves
2615 3782 34 30 m
2662 3792 81 28 your
2770 3783 81 30 local

2313 3822 105 30 affairs
2434 3832 32 20 as
2481 3832 46 20 we
2561 3821 81 32 have
2674 3822 78 30 done
2789 3824 61 29 and

2312 3862 112 30 indeed
2437 3863 76 40 they
2528 3862 40 30 do
2582 3866 56 27 not
2662 3873 122 32 possess
2798 3864 52 30 the

2312 3900 144 33 facilities
2471 3904 32 29 of
2535 3905 163 37 becoming
2719 3913 34 20 so
2777 3905 73 29 inti-
2859 3915 2 2 ■

2302 3937 2 27 i
2312 3944 116 38 mately
2443 3944 184 38 acquainted
2662 3943 75 30 with
2773 3954 79 29 your

2312 3983 80 30 local
2407 3984 226 38 acquirements
2658 3994 35 20 as
2728 3995 47 19 we
2789 3985 41 29 do
2840 3996 10 25 ;

2313 4034 34 21 so
2361 4023 69 31 that
2444 4024 88 31 there
2546 4024 27 31 is
2587 4035 18 19 a
2619 4025 65 30 real
2698 4026 154 40 necessity

2312 4066 51 28 for
2377 4076 18 19 a
2410 4065 79 30 local
2522 4065 125 40 journal
2681 4067 33 28 m
2750 4067 102 30 which

2312 4109 63 36 ybu
2390 4116 61 21 are.
2455 4109 34 26 at
2503 4107 115 40 liberty
2642 4112 34 25 to
2712 4108 46 29 air
2772 4119 81 28 your

2314 4146 188 40 grievances,
2537 4151 128 37 suggest
2698 4149 154 40 improve-

2313 4191 111 33 ments,
2474 4189 63 30 and
2571 4189 157 32 advertise
2773 4201 80 30 your

2312 4239 108 21 wares.
2464 4229 39 30 In
2518 4240 56 20 our
2589 4233 264 38 correspondence

2314 4269 125 31 column
2453 4281 47 20 we
2514 4281 53 21 are
2584 4272 118 41 always
2730 4274 125 39 pleased

2313 4313 32 26 to
2360 4312 109 28 record
2495 4313 174 39 anybody's
2693 4315 96 30 views
2813 4315 42 31 ir-

2313 4350 173 38 respective
2507 4353 34 28 of
2555 4356 142 38 country,
2712 4355 85 31 color
2822 4366 35 20 or

2314 4389 100 37 creed,
2429 4390 141 32 whether
2596 4404 87 30 upon
2704 4396 151 40 political,

2883 156 104 35 social,
3019 155 155 39 religious,
3208 163 36 20 or
3270 152 153 32 scientific

2884 197 146 40 subjects,
3046 196 62 30 and
3123 205 57 20 our
3203 195 130 30 farmers
3369 204 55 19 are

2884 237 148 40 specially
3046 235 118 31 invited
3180 235 99 31 either
3293 240 31 26 to
3349 235 73 39 give

2882 288 39 20 or
2933 278 57 30 ask
3004 278 51 29 for
3061 275 199 32 information
3271 286 83 30 upon
3368 275 55 30 the

2884 328 94 30 many
2991 318 63 30 and
3069 316 106 32 varied
3197 316 134 40 subjects
3348 327 73 19 con-

2883 359 110 30 nected
3006 358 78 30 with
3112 357 197 41 agriculture.
3353 358 84 31 Our.

2882 399 139 40 political
3053 399 92 31 creed
3179 398 27 30 is
3255 402 52 26 too
3350 397 69 31 well

2871 440 2 42 |
2882 441 114 30 known
3010 445 32 25 to
3057 440 79 30 need
3157 438 93 31 much
3265 444 152 26 comment

2882 478 107 33 suffice
3012 479 26 30 it
3067 482 34 27 to
3135 487 68 34 gay,
3229 488 45 20 we
3302 481 116 38 always

2882 520 78 31 have
2974 520 61 31 and
3046 520 117 41 always
3182 519 82 31 shall
3285 526 132 34 support

2882 572 19 19 a
2935 562 112 31 liberal
3081 570 204 32 programme,
3314 561 103 32 which

2881 603 88 40 gives
2983 607 33 26 to
3029 602 54 31 the
3110 605 139 38 greatest
3275 603 142 35 number,

2880 643 55 31 the
2953 646 147 37 -greatest
3137 643 91 40 good.
3272 642 145 41 Socially,

2881 696 47 19 we
2954 685 82 30 have
3069 684 117 41 always
3222 684 195 31 contributed

2880 725 79 31 with
2980 735 57 21 our
3046 725 76 30 mite
3149 724 64 32 and
3247 726 171 38 supported

2881 765 76 30 with
2978 774 58 21 our
3062 774 61 31 pen
3161 774 63 31 any
3244 770 195 31 movement^

2871 807 2 26 1
2881 810 49 26 set
2943 815 40 21 on
2997 805 68 30 foot
3077 805 55 31 for
3141 804 55 32 the
3209 804 168 40 happiness

2881 857 59 20 our
2952 846 200 40 neighbours.
3192 843 129 34 Besides
3349 850 72 36 pat-

2881 887 139 41 ronising
3032 886 80 32 bills
3127 886 62 32 and
3218 886 56 32 the

2882 939 46 20 we
2941 928 81 32 have
3034 927 92 42 given
3142 927 61 31 full
3218 927 153 42 publicity
3384 931 35 27 to

2871 969 2 34 \
2882 969 42 30 all
2938 978 106 31 games
3057 968 78 32 such
3149 977 35 23 as
3211 969 118 31 cricket
3356 970 63 29 and

2871 1005 2 16 '
2881 1010 142 37 football,
3056 1009 112 40 racing
3204 1010 62 30 and
3293 1010 126 39 general

2871 1073 2 16 ,
2882 1050 143 32 athletics
3060 1050 63 30 and
3142 1061 48 21 we
3223 1050 80 31 have
3327 1050 93 41 given

2871 1104 2 28 ;
2881 1091 97 31 fuller
2991 1092 112 31 details
3116 1092 36 30 of
3163 1091 55 31 the
3237 1101 136 31 prowess
3387 1093 35 29 of

2871 1142 2 25 ;
2881 1134 55 29 the
2963 1132 137 40 hunting
3126 1132 81 39 field,
3242 1132 79 31 than
3359 1143 61 30 any

2881 1174 125 40 journal
3025 1172 165 41 published
3210 1173 34 30 m
3267 1174 55 29 the
3350 1183 70 29 pro-

2882 1214 100 35 vince,
2996 1214 62 30 and
3071 1214 27 31 it
3111 1214 26 30 is
3151 1217 57 27 not
3215 1218 52 26 too
3281 1214 94 30 much
3389 1219 32 25 to

2881 1265 56 29 sa}-
2950 1253 72 32 that
3035 1263 95 31 many
3142 1252 81 33 local
3234 1256 130 28 matters
3388 1254 34 29 of

2881 1300 89 34 great
2985 1294 133 33 interest
3131 1295 80 31 have
3232 1295 79 30 been
3322 1296 100 29 venti-

2883 1336 85 30 lated
2981 1338 44 38 by
3038 1346 38 21 us
3091 1335 101 32 which
3215 1336 132 31 without
3364 1346 58 20 our

2884 1377 51 30 aid
2962 1388 30 25 w
2992 1387 40 20 ou
3031 1378 52 37 ld?,
3096 1378 83 31 -have
3213 1387 95 20 never
3342 1377 78 30 been

2883 1417 115 32 known
3011 1421 35 28 to
3059 1418 55 31 the
3151 1419 124 39 general
3304 1418 116 40 public.

2875 1489 5 2 .
2924 1458 141 41 Perhaps
3100 1459 125 40 nobody
3269 1470 83 21 cares
3386 1463 32 28 to

2882 1499 94 32 know
2991 1500 83 31 what
3086 1510 60 21 our
3168 1500 147 40 religious
3329 1502 89 29 creed

2883 1541 52 38 is.;.
2962 1541 82 31 Well
3058 1541 64 31 like
3234 1542 10 12 r
3244 1552 15 20 s
3291 1552 45 20 we
3367 1543 51 29 be-

2882 1582 79 31 lieve
2989 1583 33 29 m
3054 1584 98 28 man's
3189 1583 163 40 humanity
3386 1588 31 26 to

2881 1634 83 20 man.
2989 1622 56 32 but
3079 1633 49 21 we
3163 1623 120 31 decline
3309 1628 33 26 to
3377 1625 38 30 be

2883 1664 104 30 bound
3001 1665 43 40 by
3058 1663 195 42 Orthodoxy,
3278 1664 62 31 and
3367 1675 46 20 re-

2881 1713 88 23 serve
2977 1708 60 37 djif
3046 1705 86 41 right
3145 1708 34 28 to
3190 1708 51 28 act
3251 1705 43 41 by
3307 1715 108 21 reason

2881 1746 59 30 and
2955 1755 141 22 common
3105 1757 98 25 sense,
3212 1746 62 30 and
3287 1746 128 40 willing-

2880 1785 33 41 ly
2934 1785 99 31 admit
3046 1786 70 31 that
3123 1793 95 34 every
3231 1786 89 30 other
3330 1788 87 28 creed

2880 1830 75 28 sect.
2969 1823 37 34 6V
3017 1827 118 34 society
3157 1827 112 31 should
3295 1837 122 31 possess

2879 1868 56 30 the
2949 1879 84 19 same
3041 1868 167 31 inviolable
3223 1868 110 40 rights.

2921 1910 68 30 Our
3034 1909 190 41 advertising
3279 1910 160 40 columns^

2879 1950 81 31 have
2987 1954 56 27 not
3056 1950 79 31 been
3169 1950 131 32 without
3335 1951 104 48 thei^

2879 2001 80 23 uses.
3003 1992 78 31 Lost
3106 1995 85 28 boats
3212 1991 64 32 and
3303 1982 136 54 cloaks^

2879 2032 150 32 brooches
3042 2033 61 30 and
3119 2037 88 36 stray
3231 2033 94 40 sheep
3352 2033 65 31 val-

2879 2074 92 32 uable
2984 2074 78 41 dogs
3096 2074 62 31 and
3192 2074 106 32 horses
3335 2074 81 32 have

2879 2116 78 31 been
2978 2116 173 31 recovered.
3194 2115 90 32 Good
3312 2115 103 32 billets

2879 2156 80 31 have
2972 2157 79 31 been
3062 2157 158 40 procured,
3232 2157 111 40 buyers
3354 2157 63 30 and

2879 2197 105 31 sellers
2998 2197 80 31 have
3097 2196 81 32 been
3204 2197 138 40 brought
3371 2201 45 27 to-

2879 2238 110 39 gether
2999 2241 33 27 to
3046 2236 83 33 their
3154 2237 122 31 mutual
3299 2238 116 30 advan-

2879 2280 80 39 tage.
3004 2277 217 31 Commerce^
3231 2278 57 29 has
3337 2279 79 29 been

2879 2319 181 31 stiaralated
3059 2320 5 14 5
3072 2319 42 40 by
3136 2319 194 40 advertising
3356 2327 60 21 our

2879 2369 108 31 games
3012 2359 62 31 and
3109 2362 206 29 amusements
3352 2359 64 30 and

2879 2402 72 40 last;
2962 2402 59 31 but
3034 2402 56 30 hot
3103 2401 79 31 least
3199 2402 61 31 bur
3274 2401 139 31 columns

2878 2442 80 32 have
2971 2444 80 30 been
3056 2442 124 41 'always
3196 2447 33 25 at
3241 2441 54 31 the
3309 2442 104 41 public

2879 2484 117 30 service
3015 2484 68 30 free
3096 2483 37 31 of
3141 2484 122 38 charge,
3290 2483 34 29 m
3352 2482 61 30 for-

2877 2524 144 40 warding
3034 2534 62 31 any
3110 2523 62 31 and
3199 2534 94 30 every
3320 2524 93 30 bene-

2878 2566 105 30 volent
2996 2568 184 27 movement.
3422 2590 2 2 .

2917 2605 52 32 All
2980 2606 106 40 things
3107 2606 178 31 considered
3299 2616 46 20 we
3361 2615 52 20 are

2877 2647 229 41 presumptious
3142 2646 124 41 enough
3300 2649 33 28 to
3363 2646 51 31 be-

2877 2688 80 30 lieve
2970 2688 70 30 that
3053 2698 53 21 we.
3114 2688 128 30 deserve
3252 2698 79 27 your
3345 2698 70 28 sup-

2875 2729 82 39 porfej
2973 2738 78 21 even
3064 2726 28 31 if
3103 2726 45 42 by
3167 2735 110 22 reason
3311 2727 34 30 of
3358 2736 58 20 our

2877 2768 179 33 contracted
3069 2768 190 37 circulation,
3273 2778 48 23 we
3342 2778 71 20 can-

2876 2814 56 27 not
2952 2811 73 40 give
3037 2820 63 31 you
3114 2820 35 21 as
3163 2810 95 31 much
3284 2810 132 39 reading

2876 2855 114 27 matter
3002 2851 49 31 for
3064 2861 79 31 your
3156 2862 106 30 penny
3286 2861 33 21 as
3330 2862 84 20 some

2878 2894 33 30 of
2924 2903 58 20 our
3018 2893 108 40 bigger
3161 2893 151 33 brothers.
3356 2893 59 32 We

2877 2945 52 20 are
2942 2935 176 40 bumptious
3142 2934 125 39 enough
3300 2938 33 26 to
3364 2934 50 30 be-

2876 2975 90 34 lieve,
2980 2975 71 30 that
3063 2975 27 30 it
3103 2975 28 30 is
3145 2975 85 36 quite
3254 2983 41 18 an
3316 2974 99 27 honor

2879 3019 32 25 to
3007 3013 131 31 District
3164 3020 35 23 to
3229 3015 131 38 support
3396 3023 18 18 a

2879 3055 76 31 local
2968 3055 126 40 journal
3108 3055 62 29 and
3183 3055 103 29 there-
3296 3063 65 21 can*
3375 3054 38 29 be

2879 3107 40 19 no
2935 3096 142 39 question
3095 3096 71 29 that
3180 3105 19 19 a
3211 3100 120 34 greater
3342 3098 72 36 part

2880 3138 32 28 of
2927 3147 56 19 our
3008 3136 124 30 readers
3160 3131 109 35 realise
3296 3136 40 29 its
3356 3131 83 33 im-*

2879 3182 157 38 portance.
3061 3180 17 9 '"
3091 3187 5 21 :
3126 3175 83 18 ''•■-■-

2922 3220 58 30 We
2994 3230 53 20 are
3062 3218 165 42 cognizAntf
3240 3219 32 29 of
3282 3218 54 30 the
3350 3218 66 30 fact

2881 3263 69 33 tljat
2965 3255 74 45 bofeji
3055 3272 47 19 we
3116 3260 61 30 and
3192 3268 56 22 oiir
3263 3260 154 30 contribu-

2874 3307 73 32 tors
2959 3312 51 21 are
3178 3301 162 36 criticised,
3375 3310 42 21 es-

2882 3343 140 41 pecially;
3027 3343 56 40 by.
3096 3343 89 30 those
3217 3342 68 31 who
3319 3353 117 29 swear^

2875 3385 82 32 ithat,
2966 3385 75 39 they
3055 3384 63 33 will
3133 3395 96 23 Jeyer
3255 3383 162 40 purchase,

2877 3426 65 33 .and
2957 3436 94 20 never
3065 3436 40 19 on
3121 3436 61 28 any
3193 3429 131 26 account
3336 3436 84 19 com-

2876 3467 133 36 jin^t-the;
3031 3467 78 38 folly
3145 3466 33 27 of
3211 3466 127 38 reading
3373 3476 47 18 us.

2881 3506 81 33 Well
2972 3500 32 37 ii
3011 3502 77 45 tiafij
3096 3506 103 36 "...don't
3221 3507 61 28 and
3317 3506 101 37 won't,

2883 3548 104 38 sureLy
2988 3567 5 10 ;
3001 3547 52 29 for.
3062 3547 54 30 the
3128 3547 73 30 sake
3216 3547 32 30 of
3251 3568 2 9 •.
3257 3547 81 30 their
3351 3557 70 19 own

2882 3589 131 35 honour,
3018 3588 84 38 .(they
3117 3588 65 31 will
3208 3588 118 39 pardon
3347 3598 35 20 us
3396 3587 25 30 if

2881 3640 47 20 we
2943 3630 72 39 beg.
3014 3631 35 28 6f
3055 3630 97 36 them,
3167 3634 57 25 not.
3234 3634 32 26 to
3277 3630 61 39 beg
3351 3630 58 29 bor

2881 3681 75 25 row,
2972 3681 35 19 or
3022 3671 78 29 steal
3102 3681 56 19 us.
3201 3671 66 30 But
3302 3671 47 29 far
3383 3672 37 28 be

2881 3712 26 29 it
2922 3712 82 29 from
3018 3723 37 19 us
3065 3715 34 26 to
3112 3712 120 39 impute
3256 3712 183 37 unwortb^p-

2884 3752 131 31 motives
3030 3762 40 20 on
3084 3752 61 30 this
3161 3763 56 19 our
3230 3752 87 30 natal
3347 3752 72 39 day,

2882 3803 20 19 a
2912 3794 61 38 day
2985 3803 40 21 on
3040 3793 101 31 which
3157 3803 45 20 we
3217 3796 88 27 court
3340 3802 80 29 your

2882 3834 104 30 smiles
2998 3834 62 29 and
3074 3834 61 38 beg
3149 3843 62 29 you
3239 3836 34 28 to
3296 3841 122 23 reserve

2881 3884 81 30 your
2975 3874 118 31 frowns
3108 3874 82 30 until
3217 3884 47 20 we
3292 3874 126 31 deserve

2881 3914 86 30 them
2983 3915 136 39 through
3129 3923 57 22 our
3201 3923 69 22 own
3287 3914 132 30 miscon-

2881 3956 86 35 duct,
2983 3956 99 29 which
3100 3965 44 20 we
3159 3954 131 40 promise
3305 3963 62 29 you
3390 3952 28 30 is

2881 4005 78 30 very
2974 3995 126 30 distant.
3144 3994 220 40 Congratulate
3382 4003 37 20 us

2882 4036 75 31 dear
2969 4036 119 32 friends
3102 4047 41 20 on
3157 4035 63 31 this
3234 4045 57 20 our
3305 4034 116 31 advent

2882 4078 35 29 m
2931 4088 57 19 our
3002 4078 129 31 seventh
3145 4088 73 30 year
3249 4077 61 30 and
3347 4083 92 43 ma^|

2884 4118 121 31 Oxford
3019 4129 84 30 grow
3136 4119 33 29 m
3204 4108 235 49 Agricultural!

2884 4160 63 30 and
2984 4159 196 32 commercial
3229 4159 210 40 importances

2884 4200 63 31 and
2956 4212 47 20 we
3013 4201 19 30 I
3039 4201 82 40 hope
3145 4201 64 30 will
3234 4210 85 31 grow
3349 4202 78 31 with

2883 4243 43 31 its
2940 4242 123 41 growth
3077 4241 64 31 and
3151 4243 185 40 strengthen
3350 4232 89 47 witt

2884 4284 44 31 its
2949 4284 151 39 strength.
3224 4295 53 21 are
3309 4273 130 44 willmß

2886 4329 33 27 to
2934 4325 98 30 admit
3042 4325 72 30 that
3149 4335 57 21 our
3241 4328 92 38 plant
3340 4336 3 22 :
3344 4336 6 14 ;
3368 4340 71 19 a™

2888 4365 208 41 premisesjxe^
3116 4368 56 31 but
3186 4366 34 32 of
3229 4356 210 56 modesj^piH

2888 4408 147 37 tentions,
3049 4407 68 39 but;
3123 4419 64 31 you
3199 4416 85 28 must
3299 4399 140 54 oonc^B

1142 17 170 33 OXFORD
1348 20 232 31 OBSERVER
1624 17 245 35 SATURDAY,
1910 14 172 33 AUGUST
2126 14 50 37 17,
2220 14 91 31 1895.

2298 1813 37 94 A'
2370 1813 285 54 HARMO^ItJM,
2695 1828 37 31 m
2765 1827 85 42 good

2372 1869 102 36 order,
2497 1869 158 37 CHEAP.
2688 1869 119 41 Apply.

2499 1914 99 33 Office
2614 1915 34 31 of
2660 1914 63 33 this
2736 1914 112 42 Paper.

2536 165 71 21 NEW

2313 211 252 46 WINTEE

2555 289 297 46 DEAPEEY

2381 366 56 48 R.
2478 369 58 46 H.
2567 368 219 49 PABISH

2442 445 102 49 East
2574 446 166 50 Oxfor4

2442 520 135 23 INTENDS
2590 521 40 21 TO
2645 521 74 22 SELL

2312 559 177 31 seasonable
2498 561 97 39 goods
2604 564 34 27 at
2642 561 101 41 prices
2751 562 96 36 below,

2311 604 71 31 that
2399 605 35 31 of
2446 616 63 29 any
2532 605 224 35 Ghristchurch
2780 609 68 30 firm

2438 699 4 4 .
2565 673 30 23 .?»
2618 695 2 1 .
2632 694 3 3 ,
2635 680 55 7 —
2690 681 24 6 -

2355 721 55 34 .A
2424 710 102 46 Li,
2562 722 246 36 WOOL

2311 773 199 51 Colonial
2549 774 178 51 Fhnnrf
2774 777 76 50 »1

2312 852 133 42 cheaper
2457 853 79 31 than
2550 864 58 21 can
2628 856 39 29 be
2677 856 172 40 purchased

2312 907 35 28 at
2374 905 126 31 auction
2527 915 37 21 or
2580 906 85 30 from
2700 906 151 33 itinerant

2496 953 139 41 drapers:

2450 1040 130 23 DOUBLE
2599 1040 113 23 WIDTH
2853 1031 4 28 I

2326 1113 197 46 DRESS
2578 1115 278 61 TWEEDS;

2489 1185 82 42 (half
2585 1186 123 40 price)'
2799 1199 6 10 i
2852 1193 3 17 i

2367 1241 185 43 Homespun
2567 1243 36 33 6i
2619 1242 102 32 worth
2736 1230 60 59 10^

2324 1294 113 30 better:
2451 1294 92 30 v?lue
2566 1294 78 30 than
2667 1294 171 40 travelling

2388 1348 127 38 drapers
2529 1347 66 31 will
2601 1349 81 38 Lgive
2695 1357 71 31 you.

2423 1421 125 31 DIVIN^
2568 1426 149 26 SERVIGB

2378 1481 34 26 U.
2432 1476 82 32 H.rP
2514 1500 12 12 r
2547 1476 110 47 Church;
2671 1479 93 29 Oifora
2768 1501 56 16 Vi

2306 1560 78 35 .^West
2395 1556 97 42 Ojxfcfrd
2502 1562 32 28 II
2545 1572 61 18 a.m.
2617 1565 53 25 Rev
2678 1556 37 34 &.
2727 1565 118 26 Hounsel

2306 1624 6 15 L
2312 1604 71 29 West
2391 1607 95 26 Oxford
2494 1609 14 24 6
2517 1609 40 24 30.
2564 1616 56 24 p.m
2634 1607 45 26 Mr
2693 1608 33 25 R.
2733 1595 101 42 ,iiose

1775 3497 254 28 FLANNELETTS
2042 3500 20 24 &
2074 3499 191 29 3ALATEAS,
2264 3501 3 15 ;

1743 3556 31 26 In
1797 3558 124 31 quantitia
1943 3558 51 26 and
2014 3558 117 32 qualities
2149 3566 74 18 never
2241 3560 43 31 yet

1743 3595 87 33 placed
1841 3596 83 25 before
1936 3596 91 25 Oxford
2039 3596 99 33 buyers.
2149 3596 69 27 Such
2228 3598 55 31 pat-

1745 3637 75 28 terns,
1834 3634 61 25 such
1907 3636 106 28 colours,
2025 3636 63 24 such
2100 3636 120 28 textures,
2229 3636 55 25 that

1745 3680 47 17 one
1803 3674 126 30 naturally
1940 3674 59 25 asks
2010 3674 56 24 how
2078 3673 60 33 they
2149 3681 43 17 are
2210 3674 74 25 made

1744 3713 39 24 for
1804 3713 44 24 the
1870 3713 74 30 price.
1988 3713 44 31 My
2056 3713 116 32 Glasgow
2194 3714 91 32 buyers

1743 3751 115 31 pounced
1875 3758 68 24 upon
1962 3759 16 16 a
2000 3751 52 25 line
2074 3751 67 25 fresh
2161 3751 64 26 from
2240 3751 44 25 the

1743 3789 88 30 looms,
1843 3789 73 24 made
1929 3789 121 24 excellent
2062 3790 76 23 terms
2157 3788 63 25 with
2239 3788 45 26 the

1744 3826 95 29 maker,
1848 3826 104 31 shipped
1962 3828 27 22 at
2001 3835 61 16 once
2074 3828 26 23 to
2108 3834 51 21 me,
2168 3826 50 24 and
2224 3826 60 25 here

1745 3866 59 31 they
1815 3874 50 23 are,
1879 3875 66 17 some
1957 3868 50 24 100
2017 3867 90 31 pieces,
2116 3866 49 25 and
2171 3866 15 24 I
2196 3866 88 25 intend

1745 3906 26 24 to
1781 3904 74 26 make
1867 3912 15 17 a
1892 3905 72 25 noise
1983 3904 78 25 about
2084 3904 70 26 thorn
2163 3911 7 23 ,*
2182 3911 34 19 no
2236 3911 48 19 one

1745 3944 50 25 else
1805 3944 48 25 has
1865 3944 40 25 the
1917 3946 113 29 patterns
2037 3951 6 23 ;
2055 3951 35 18 no
2112 3951 49 18 one
2182 3944 52 25 else
2256 3944 28 25 m

1745 3982 44 25 the
1801 3982 71 25 trade
1881 3990 46 17 can
1940 3982 61 25 offer
2018 3981 63 25 such
2091 3982 82 24 value.

1773 4020 257 27 FLANNELETTE
2046 4021 29 24 2s
2094 4021 48 24 lid
2151 4020 78 26 dozen
2238 4020 46 33 yds

1745 4071 29 16 or
1784 4069 48 24 any
1842 4061 89 31 length
1942 4062 43 23 cut
1997 4062 26 23 at
2043 4061 33 24 8d
2095 4069 44 23 per
2158 4061 69 31 yard.
2262 4061 22 25 A

1745 4099 113 32 splendid
1874 4106 77 24 range
1968 4098 28 25 of
2009 4100 120 29 patterns.

1908 4214 81 21 ALL
2006 4214 118 22 WOOL

1767 4269 217 41 WELLINGTON
2012 4269 117 39 TWEED
2159 4268 101 40 SUITS

1792 4337 243 46 Reduced
2061 4339 55 42 to
2138 4334 103 57 19/6

1882 4442 120 33 (Siaesl.
2020 4442 24 24 2.
2063 4440 66 39 2ty

1774 1637 135 68 /■'jHr
1949 1659 181 26 goloniaij
2152 1661 131 26 tweed

1782 1817 130 35 From
1935 1816 91 44 12/6
2046 1826 75 34 per
2142 1815 96 56 suijt.

1868 1876 90 35 (three,
1966 1877 150 33 garments.)

1744 1922 94 26 Cannot
1849 1922 27 25 be
1882 1922 139 32 purchased
2030 1926 30 21 at
2072 1921 173 27 Christchurch
2255 1923 31 26 6r\
2288 1934 2 16 \

1858 1964 125 28 elsewhere
1992 1965 157 33 dttheprie*.
2265 1964 3 29 !
2282 1983 4 7 .

1749 2054 7 7 •■
1771 2049 23 14 -:
1872 2054 5 9 ■■
1914 2055 4 4 •
1954 2060 3 3 ■
1984 2062 1 1 ■
1994 2061 2 2 •
2063 2056 2 2 ■
2107 2052 32 14 .:,<
2158 2056 28 10 .•:•
2205 2054 27 11 >■■-.
2281 2052 4 16 t

1770 2096 146 49 LACK
1966 2096 288 50 cURTAINS

1742 2212 94 44 inn
1867 2207 139 47 D^ffiS
2070 2204 211 44 CUJITAiNS

1742 2244 95 47 lUU
1866 2256 24 34 1
1945 2251 112 32 Latest
2081 2251 136 40 Designs

1836 2298 83 29 from
1944 2296 55 40 2/6
2024 2306 57 31 per
2093 2297 80 41 pair.
2205 2328 2 6 ,

1872 2406 2 2 .
1902 2402 24 2 ■--
1938 2397 58 12 .^■—
1996 2398 36 8 -■—
2053 2405 2 3 .
2083 2403 39 6 ...
2154 2399 12 10 \.
2172 2404 2 2 ■
2218 2406 4 5 
2230 2406 10 5 ,
2269 2404 12 16 -j

1741 2545 122 31 Ladies'
1885 2545 89 31 Rock
1988 2544 104 32 Straw
2105 2545 134 31 Boaters
2275 2559 4 16 ;

1782 2620 20 15 
1886 2596 114 43 Fancy.
2017 2595 95 33 Scfllbi

1741 2648 95 42 Boys'
1851 2649 63 31 and
1927 2648 102 32 Maids
2045 2647 144 35 Galateas

1741 2742 101 31 Black
1857 2741 121 32 French
1996 2741 182 31 Cashmeres

1740 2790 101 35 Black
1855 2795 30 29 &
1897 2793 66 32 Col.
1982 2793 123 32 French
2125 2792 155 33 Merinoes

1758 2930 240 25 MANCHESTER
2014 2928 250 26 DEPARTMENT.

1742 2976 116 37 Prints,
1879 2974 115 34 checks
2008 2975 63 32 and
2093 2974 115 42 stripes

1743 3024 96 31 Table
1862 3022 161 39 Damasks,
2046 3023 226 32 unbleached—
2272 3038 6 8 •

1824 3075 116 41 special
1960 3076 94 31 value
2069 3074 83 32 from
2170 3074 44 41 1/-

1742 3131 116 31 Brown
1895 3129 140 32 Holland
2070 3140 79 31 very
2184 3129 97 40 cheap

1742 3183 193 31 Flannelette
1950 3182 61 31 and
2027 3182 152 41 Shirting,
2199 3182 82 41 good

1824 3235 92 30 value
1935 3235 81 30 from
2038 3235 51 30 4d.
2201 3262 2 3 .

1742 3285 95 31 Floor
1858 3284 91 32 Cloth
1970 3286 87 40 good
2071 3289 38 34 #
2130 3285 51 32 9d.
2215 3274 19 30 ■'
2266 3270 23 55 |.

1742 3336 90 33 Wide
1853 3338 78 30 Forf
1931 3348 36 20 ar
1987 3341 34 28 at
2043 3338 50 31 6d.

1762 163 221 42 tyiBIES'
2014 165 255 41 JACKETS

1853 233 81 30 New
1956 233 79 31 This
2056 233 126 31 Season

1745 306 37 30 8s
1804 306 43 30 6d
1888 306 147 31 Reduced
2050 306 80 32 from
2188 309 55 30 12s
2264 309 20 30 6

1747 367 39 30 15
1809 367 41 31 6d
1975 391 20 14 „
2079 393 18 14 „
2187 370 56 30 20s
2263 370 21 30 0

1766 460 30 42 f
1798 460 59 42 U»
1879 461 141 42 UWV
2054 463 208 42 CIO/IKES

1746 523 56 32 12s
1825 523 40 32 6d
1895 523 150 34 Reduced
2060 525 85 33 from
2166 527 56 31 30s
2243 528 20 30 0

1889 586 126 31 Giving
2034 586 106 33 Away

1757 636 122 32 Ladies'
1902 637 128 32 Jackets
2051 642 35 27 at
2107 638 54 41 3/6
2182 639 87 32 each.

1742 751 247 49 KAIAPOI
2030 754 253 49 TWEEDS.

1740 831 124 84 PUlili
1879 828 145 45 M^GE
2036 838 36 30 of
2076 830 67 45 #is
2155 838 128 33 Season'

1820 874 147 35 Patterns
1985 881 37 27 to
2049 875 96 36 hand.'

1844 971 39 35 R,
1907 970 43 32 .H
1971 970 200 35 PARISH'S

1886 1031 94 28 EAST
1996 1033 149 28 OXPOBD.

1315 3528 263 46 NOTICE.

1179 3662 62 80 ON
1256 3663 61 30 and
1329 3663 78 30 after
1435 3662 64 30 this
1534 3662 72 31 date
1639 3666 76 28 tres-

1239 3713 122 30 passers
1387 3714 37 19 on
1462 3713 55 20 our
1545 3705 172 38 properties

1177 3745 142 39 portions
1342 3744 34 30 of
1390 3744 53 30 the
1470 3743 118 41 Ashley
1613 3744 104 40 Gorge

1178 3790 108 31 Estate
1315 3789 64 30 will
1392 3789 38 30 be
1445 3791 191 38 prosecuted,
1654 3791 60 30 and

1178 3838 41 29 all
1233 3838 79 38 dogs
1324 3837 99 30 found
1444 3838 129 29 thereon
1587 3838 65 30 will
1677 3840 38 29 be

1177 3885 174 38 destroyed.

1424 3930 37 30 F.
1492 3929 161 32 CROWE.

1427 3975 37 31 a.
1487 3975 40 32 d.
1553 3977 162 32 crowe.

1325 4152 246 46 FOUND.

1179 4279 42 57 A
1233 4278 74 26 small
1334 4278 96 26 terrier'
1454 4279 57 31 dog.
1547 4279 91 25 Owner
1659 4287 59 23 may

1244 4311 63 25 have
1335 4311 44 25 the
1408 4318 69 18 game
1506 4311 33 31 by
1566 4312 94 31 paying
1675 4320 42 16 ex-

1176 4358 94 26 penses.
1480 4349 81 34 Apply
1583 4353 35 29 to,
1662 4370 4 4 .
1715 4360 10 13 x

1285 4405 2 2 ■
1280 4403 20 23 4
1397 4396 29 21 >
1472 4388 28 26 S.
1512 4388 138 26 BLUETT
1684 4394 38 31 r&,

1349 4444 1 2 ■
1580 4426 103 26 Oxford.

1311 2507 117 32 Copies
1450 2517 40 23 of
1510 2517 63 23 the

1225 2558 175 33 OXFORD
1433 2559 225 33 OBSERVER

1291 2622 33 19 an
1347 2614 32 27 be
1402 2615 121 26 obtained
1545 2618 28 24 at
1699 2629 19 21 ;.

1190 2651 159 28 ARGILL'S
1361 2662 88 17 corner
1471 2655 28 25 of
1513 2654 139 27 CASHEL
1663 2655 50 26 and

1273 2691 164 27 COLOMBO
1457 2693 155 28 STBEETS

1348 2732 188 26 Christchurch.

1404 2823 86 22 FROM

1235 2860 411 84 CANTERBURY

1440 2953 44 26 TO

1180 2994 508 80 COOLGAEDIE

1174 3106 327 28 BYACANTEBBORY
1533 3107 169 28 SETTLEE.

1214 3161 160 58 For
1400 3163 174 57 sale
1600 3163 98 57 at

1176 3243 231 57 office
1448 3245 99 55 of
1550 3245 162 57 tills

1310 3339 257 55 paper

1175 3405 63 22 AND
1253 3405 36 21 IN
1299 3405 242 23 CHRISTCHURCH.
1612 3406 37 22 4d.
1659 3407 56 22 each

1171 1077 315 82 BDREELL
1514 1080 195 96 BROS.,

1285 1178 321 45 Photographers

1172 1227 192 41 VICTORIA
1385 1225 151 54 STUDIO,
1558 1229 64 41 CH.
1646 1229 63 41 CH.

1255 1280 71 25 Take
1342 1281 43 24 the
1401 1281 57 25 lead
1475 1288 61 18 once
1552 1288 71 19 more

1173 1324 68 39 Our
1248 1324 250 52 Photographs
1505 1325 115 40 allthe
1625 1336 87 41 rage

1173 1389 59 18 IA
1258 1387 23 21 of
1287 1393 42 15 our
1337 1387 52 21 well
1395 1387 81 21 known
1486 1382 82 33 highly
1583 1389 19 18 M
1609 1389 39 31 |%'
1663 1381 46 39 frjf|

1178 1416 14 19 ■
1201 1415 31 20 M
1241 1413 100 23 finished
1357 1408 286 28 namelledOabinetslll
1655 1408 13 33 /
1677 1408 33 33 1%

1175 1430 58 37 111
1399 1442 120 28 f0r,,«8-
1585 1430 125 40 lU/U

1175 1507 17 39 1
1203 1505 105 41 dozen
1328 1505 206 41 Enamelled
1549 1507 165 40 Calinets

1173 1557 97 39 with
1282 1568 61 28 one
1351 1557 88 40 15x1
1444 1558 122 39 2Matt
1575 1559 139 39 surface

1174 1610 300 47 Enlargement
1489 1610 226 50 Beautifully

1282 1655 150 40 Eramed
1453 1654 54 40 for
1528 1655 63 40 £1.
1653 1687 14 16 v

1173 1702 62 26 This
1246 1702 22 26 is
1279 1709 34 19 no
1323 1703 83 27 sham,
1417 1702 47 26 but
1475 1711 15 17 a
1502 1702 52 27 real
1565 1703 47 33 gift
1622 1703 39 26 for
1669 1704 45 26 the

1173 1741 100 30 coming
1290 1740 125 31 holidays.
1456 1741 46 23 All
1522 1740 68 25 work
1605 1742 65 24 done
1681 1742 33 30 by

1173 1778 161 32 experienced
1354 1778 92 25 hands.
1498 1776 150 28 Kemember
1667 1787 47 17 our

1190 1815 157 30 Concession,
1356 1817 32 24 18
1400 1817 27 24 to
1437 1817 44 24 the
1488 1816 80 27 dozen
1579 1817 39 26 for
1627 1818 69 25 1076.

1173 1855 61 26 This
1252 1856 44 25 the
1314 1857 59 32 only
1388 1857 61 25 time
1464 1857 27 24 m
1509 1857 45 26 the
1573 1858 104 32 History
1689 1858 28 25 of

1172 1893 180 34 Photography
1364 1894 56 26 that
1438 1895 63 26 such
1517 1904 16 17 a
1556 1895 93 28 cbance
1666 1895 48 28 has

1173 1940 57 18 ever
1249 1932 61 27 been
1330 1933 106 33 brought
1455 1933 83 26 before
1557 1934 44 26 the
1620 1933 92 35 public,

1173 1973 50 25 and
1234 1981 58 25 may
1303 1981 76 18 never
1394 1982 75 18 occur
1490 1975 84 33 again.
1594 1975 40 26 Sit
1644 1976 70 32 eprly

1173 2013 186 33 appointments
1370 2014 92 26 should
1472 2015 31 25 be
1514 2015 75 26 made
1605 2015 23 25 if
1644 2023 70 25 poss-

1172 2051 58 26 ible.
1252 2051 202 28 REMEMBER
1474 2046 148 44 OUB^BIG
1634 2053 78 31 CON-

1173 2091 149 27 CESSION
1334 2092 68 26 FOR
1418 2093 14 24 2
1444 2093 146 26 MONTHS
1609 2093 103 27 ONLY.

1171 2163 101 29 Letters
1282 2165 33 32 by
1325 2166 58 32 post
1393 2166 150 32 punctually
1554 2165 120 27 attended
1685 2168 28 24 to

1185 2224 227 26 PICTURE

1321 2257 26 21 m
1355 2257 33 21 all
1396 2258 33 20 its
1437 2257 122 22 branches.

1171 2288 167 26 BURRELL
1354 2289 108 30 BROS.,
1483 2290 212 33 Photographers,

1299 2328 112 26 Victoria
1421 2331 86 28 street,
1519 2330 192 26 Christchurch.

1171 2373 113 33 opposite
1305 2371 33 27 he
1349 2372 130 27 Salvation
1491 2373 77 34 Array
1580 2373 130 28 Barracks.

1223 168 26 21 A.
1264 168 86 21 Flesher
1361 168 18 27 ].
1584 168 36 27 [F.
1632 169 82 20 Fuller.

1190 214 206 39 FLESHEB
1418 214 71 39 and
1510 214 190 40 FULLEE.

1355 271 183 25 SOLICITORS,

1216 310 14 20 9
1239 307 125 22 Cathedral
1374 308 94 26 Square,
1484 308 192 22 Chbistchubch.

1177 344 116 26 (Between
1303 342 112 21 Morten's
1423 341 119 27 buildings
1552 342 18 21 k
1579 342 57 22 Post
1642 342 75 22 Office.

1216 374 189 59 Money
1434 378 55 44 to
1524 377 144 45 Lend

1166 448 2 22 I
1174 444 37 20 On
1220 444 33 19 all
1260 442 58 20 kind
1327 442 25 20 of
1361 442 113 27 Security,
1481 443 27 19 at
1526 443 57 19 .Low
1596 443 79 19 Batks
1692 443 25 19 of

1166 476 2 38 j
1202 487 108 20 Interest.
1340 476 181 36 Special^ffift'ma
1531 484 35 22 for
1574 484 112 22 Farmers.

1174 616 47 45 J.
1242 616 56 43 T.
1326 610 385 71 BroMn^^Son

1227 681 112 21 TIMBER
1348 682 19 21 &
1376 681 75 22 GOAL
1464 659 186 61 UE^AkCS.

1348 703 246 55 mvoKHßßaf^r
1705 713 4 36 ]

1171 754 38 29 Of
1237 753 143 30 TIMBER
1407 755 56 27 and
1491 741 71 48 JfT
1572 754 90 28 Kinds
1685 753 30 30 of

1225 801 190 28 BUILDING
1439 796 30 32 if
1470 795 194 34 ATEiEtIALS.

1362 843 153 31 CORNI3R

1171 886 168 29 COLOMBO
1379 890 19 23 &
1427 876 100 39 TlltiM
1555 888 157 28 BTBEETB

1330 930 197 29 Obbistohuboh

705 4191 4 4 ■
784 4172 178 47 SALE.
1000 4224 2 2 .

687 4288 14 26 r
710 4292 166 37 COEI^ET
890 4296 160 39 by.a^rst
1068 4298 80 29 class

687 4362 38 22 to.
811 4353 120 41 Apply,
937 4358 18 33 f

687 4432 29 20 m
816 4421 101 45 Offic^
922 4421 32 32 of
962 4421 64 32 this
1035 4421 110 41 Paper.

687 4476 14 17 r
841 4469 26 28 £5
910 4483 8 10 r

660 2676 197 42 MUSICAL
898 2677 181 40 TUITION

605 2743 141 41 PIANO,
776 2744 188 38 SINGING,
986 2739 158 44 VIOLIN,

646 2786 150 32 ORGAN
860 2786 86 31 ETC.
1009 2787 94 31 ETC.

709 2856 64 34 MR
810 2859 32 31 S.
872 2859 183 34 MAYSON.

607 2923 66 28 Has
708 2923 162 28 vacancies
899 2923 48 28 for
967 2923 103 38 pupils
1084 2930 3 14 '
1111 2923 34 29 m

735 2968 98 29 above
868 2967 148 40 subjects.

706 3094 88 25 Terms
823 3102 32 17 on
884 3094 160 32 application.

608 3194 190 46 Pianos
820 3194 101 45 and
946 3194 199 57 Organs

738 3261 79 25 tuned
833 3261 51 24 and
900 3261 122 32 repaired.

608 3394 118 26 AGENT
744 3395 69 25 FOR
830 3394 137 25 MILNER
978 3393 168 26 THOMSON

756 3492 84 41 FOR
884 3491 116 41 SALE

599 3588 2 25 |
642 3583 50 26 AN
706 3582 157 27 UPRIGHT
876 3582 119 26 GRAND
1007 3581 107 26 PIANO

643 3658 170 25 Instruments
824 3665 46 17 can
882 3657 31 25 be
929 3657 121 32 procured
1061 3664 33 17 on
1105 3656 43 25 the

610 3702 58 25 time
683 3704 121 30 payment
814 3702 99 30 system.

753 3746 75 24 From
840 3746 34 24 £1
893 3753 15 17 a
920 3744 95 26 month.

678 3833 117 26 SHEET
807 3832 108 26 MUSIC
925 3831 38 25 IN
973 3831 108 26 STOCK

599 3890 2 35 ;
610 3880 145 37 SONGS,
979 3878 167 32 DUETTS

759 3926 121 26 VIOLIN
892 3925 116 25 SOLOS.

599 3965 2 44 I
610 3977 116 25 Address.
729 3991 32 4 —
764 3976 118 31 Opposite
911 3974 73 24 Bank
1002 3973 28 25 of
1055 3973 32 25 N.
1117 3974 29 24 Z.

599 4010 2 48 [
805 4029 148 25 OXFORD.

606 1941 226 28 PREVENTION
848 1941 34 26 IS
898 1941 140 26 BETTER
1049 1937 94 32 TfIAN

839 1981 105 26 CURE.

719 2054 55 27 that
783 2054 46 27 the
839 2055 133 26 Influenza
983 2055 129 33 Epidemic
1121 2056 24 26 is

606 2080 38 34 1Y
679 2088 77 26 about
774 2088 244 39 the.jijeifi^bpuring
1035 2089 110 26 districts

605 2129 34 18 no
651 2121 75 26 home
736 2121 89 25 should
837 2120 31 27 be
878 2122 105 25 without
994 2122 45 25 the
1057 2122 86 32 Platy-

606 2162 47 24 pus
657 2154 86 25 Brand
754 2154 27 25 of
792 2154 155 33 Eucalyptus
957 2154 124 26 Glbbulus
1091 2155 53 25 Ex-

606 2188 64 25 tract
682 2188 26 24 to
720 2187 30 25 be
762 2187 76 25 taken
849 2195 68 24 upon
934 2195 82 24 sugar,
1037 2195 30 18 or
1081 2187 28 26 m
1129 2195 15 18 a

606 2220 66 24 little
682 2218 73 25 milk.
766 2238 5 3 .
790 2220 52 22 The
851 2223 68 22 most
933 2221 149 23 convenient
1093 2221 52 24 and

606 2250 112 32 pleasant
729 2259 56 24 way
795 2254 28 23 to
834 2251 59 25 take
914 2250 157 34 Eucalyptus
1081 2251 23 26 is
1115 2251 28 25 m

606 2284 33 26 he
649 2284 121 31 Platypus
781 2284 87 24 Brand
888 2284 27 24 of
932 2284 147 32 Euacyptus
1098 2286 45 24 Ju-

603 2317 83 31 jubes,
696 2309 59 43 t|tey
767 2323 42 18 are
816 2317 28 24 m
854 2317 62 24 such
925 2324 15 17 a
946 2317 126 31 palatable
1079 2317 65 26 form

606 2350 131 40 pleasant
760 2350 27 26 to
820 2349 71 30 taste,
925 2350 140 33 ..antiseptic
1093 2350 52 27 and

606 2376 141 35 stimuli.
790 2383 118 31 Sprinkle
929 2391 65 24 your
1018 2385 125 25 handker-

605 2416 69 26 chief
681 2416 51 25 and
750 2423 84 19 rooms
846 2415 59 27 with
925 2417 43 25 the
985 2416 42 26 oil.

606 2468 28 27 BE
643 2467 60 27 SURE
708 2467 44 26 YOU
761 2467 118 27 PURCHASE
885 2468 47 25 THE
940 2468 115 26 PLATYPUS
1063 2469 81 26 BRAND.

682 2512 33 26 R.
727 2512 93 26 Parish
831 2511 83 34 Agent
924 2512 40 26 for
976 2512 102 26 Oxford.

606 2556 75 25 Office
689 2555 41 25 No
740 2557 15 23 9
767 2555 176 33 Cathedralsq.
957 2555 183 26 Christchurch

741 889 269 51 NOTICE.

607 968 22 58 I
645 969 49 31 beg
711 969 27 24 to
753 967 93 26 inform
874 967 45 26 the
939 967 157 25 inhabitants
1118 961 28 46 ojf

647 997 94 31 Oxford
752 1001 50 25 and
810 1000 44 26 the
861 1000 85 33 public
954 999 124 33 generally
1086 992 57 38 thai

607 1039 14 25 I
632 1038 63 26 have
713 1038 75 26 taken
799 1046 59 17 over
875 1038 44 25 the
930 1037 114 26 business
1066 1037 77 32 lately

607 1079 95 26 carried
713 1086 33 18 on
755 1079 33 32 by
797 1078 137 26 MESSRS
952 1072 191 31 GRIFFITHS

607 1119 97 31 BRQS.
717 1118 103 26 General
830 1118 109 25 Carriers
962 1117 51 26 and
1028 1119 65 24 trust
1110 1117 33 32 bf

607 1157 124 25 attention
739 1157 27 26 to
776 1155 116 26 business
903 1158 27 23 to
940 1157 75 24 merit
1034 1164 14 15 a
1070 1154 73 26 share

606 1195 29 24 of
639 1195 85 31 public
734 1197 112 28 support.

639 1241 109 27 Covered
759 1241 73 27 Vans
843 1241 51 27 will
905 1249 47 19 run
974 1240 65 27 from
1051 1241 93 27 Oxford

607 1288 26 23 to
644 1286 128 32 Rangiora
794 1285 51 26 and
866 1284 181 29 Christchurch
1070 1293 74 24 every

607 1330 155 34 MONDAY,
774 1331 230 35 WEDNESDAY,
1014 1331 130 26 FRIDAY

611 1390 5 3 .
712 1384 4 15 :
799 1369 150 33 Returning.
968 1384 6 4 -

607 1409 165 31 TUESDAY,
825 1409 191 27 THURSDAY
1072 1409 73 26 AND

764 1448 214 27 SATURDAY'S

640 1491 135 27 Furniture
786 1491 50 26 and
847 1491 86 26 Goods
954 1490 29 27 of
1002 1486 74 39 eveify
1094 1489 50 28 dls-

606 1530 114 32 cription,
731 1529 94 33 packed
835 1529 52 26 and
897 1529 117 26 removed
1025 1525 31 30 at'
1063 1529 81 26 short-

606 1572 38 23 est
654 1569 92 26 notice.
806 1586 29 13 .:._
855 1584 38 16 -;.,..
989 1580 90 20 ■■',•:
1126 1572 4 13 :

612 1636 2 4 ,
640 1614 141 28 ORDERS
801 1614 130 26 entrusted
943 1616 26 24 to
980 1615 43 25 Mr
1032 1614 33 26 L.
1078 1614 66 26 Grif-

605 1652 50 29 fith
666 1655 101 30 Oxford,
784 1656 53 24 who
847 1655 52 25 will
915 1658 42 22 act
967 1663 28 17 as
1007 1663 44 24 my
1061 1656 83 31 agent,

606 1703 29 18 or
645 1697 28 24 to
683 1695 29 25 C.
724 1696 31 25 A.
766 1695 76 33 Tyler
848 1694 135 36 Rangiora,
992 1694 50 26 will
1051 1694 94 27 receive

606 1735 100 30 prompt
726 1734 137 26 attention*
873 1754 7 3 ..
912 1738 3 19 ;
923 1755 10 4 _

600 1768 2 35 ;
623 1759 105 44 ./.■';*
1066 1757 31 43 '',
1136 1794 2 3 .

767 1807 91 9 '■'■■■-
990 1805 154 33 Proprietbr.

624 159 518 47 DRESSMAKING.

692 271 97 30 MISS
812 271 34 30 E.
864 269 200 35 HAWKER,

612 328 11 40 (
634 327 92 41 Pupil
741 327 33 30 of
792 326 76 31 Miss
882 325 138 40 Keating
1043 325 104 31 Scien-

609 369 65 31 tific
684 368 210 38 Dressmaker,
909 365 236 40 Christchurch)

651 421 81 40 Begs
753 423 34 24 to
821 419 115 28 inform
971 418 57 29 her
1057 417 90 40 Lady

609 461 132 29 Friends
865 459 29 30 is
908 467 72 21 now
993 455 152 42 prepared

608 504 34 27 to
656 501 90 31 make
763 501 119 30 dresses
895 499 34 31 m
943 498 203 32 Fashionable

609 542 62 30 and
675 542 110 30 Latest
795 541 108 41 styles,
913 544 33 26 at
957 537 190 34 Reasonable

609 582 136 40 charges.

659 632 51 26 She
748 631 48 26 has
823 631 123 32 arranged
981 631 39 26 for
1046 632 100 30 present

611 671 196 26 WORKROOM
831 673 28 23 at
886 671 72 25 MRS
976 669 169 27 ESKETT'S

609 710 119 31 Opposite
739 709 73 24 Bank
823 709 29 24 of
859 709 63 25 New
932 708 112 26 Zealand
1052 708 93 26 Oxford

734 750 54 32 Bay
800 749 70 27 Road
883 749 135 27 Entrance.

218 3984 175 47 LOST.

64 4055 108 79 tnew
186 4057 61 28 two
265 4056 62 30 tine
339 4056 83 31 fork.
466 4057 114 31 Finder

102 4096 164 39 returning
279 4097 53 30 the
355 4108 84 20 same
466 4104 33 24 to
527 4099 53 29 the

64 4138 70 34 >#??
149 4142 32 30 erf
196 4143 62 30 this
273 4153 94 31 paper
396 4143 66 32 will
479 4144 36 31 be
529 4156 51 19 re-

285 3188 67 27 TO

50 3231 369 40 WAIMAKARIRI-ASHLEY
449 3232 115 38 WATER

118 3311 125 39 SUPPLY
266 3311 240 40 CONTRACTORS

68 3379 54 21 Just
130 3380 105 21 received
243 3387 15 14 a
264 3381 157 26 consignment
430 3381 24 21 of
470 3381 83 27 strong

39 3445 262 44 MOLESKIN
327 3447 253 43 TROUSERS

280 3513 45 14 AND

65 3549 241 39 COTTON
336 3550 225 40 SHIRTS

44 3636 58 40 for
118 3638 93 49 price
227 3637 69 39 and
311 3638 143 50 quality
467 3638 63 38 not
544 3638 37 38 to

210 3706 41 38 be
273 3706 128 39 beaten

104 3765 41 30 It.
160 3763 42 33 H.
219 3765 169 37 PARISH,
403 3766 137 30 .Draper

312 3841 86 31 E^st
420 3843 145 30 Oxford.

130 2047 135 50 FOR
315 2041 176 52 S&LE.

42 2173 40 56 A
99 2170 94 27 FOUR
225 2169 117 28 HORSE
380 2169 121 26 COACH.
545 2169 33 26 In

99 2204 65 31 good
179 2203 114 31 working
303 2203 82 25 order.
430 2202 82 32 Apply
527 2212 3 13 ;

306 2237 173 27 W.PAGET

362 2276 71 27 West
445 2276 99 25 Oxford.

74 2387 33 24 30
141 2385 103 26 PAIRS
284 2385 27 26 of
346 2385 120 31 Henley's
493 2384 85 26 Roller

39 2423 135 28 SKATES
190 2424 34 25 all
242 2423 28 25 m
287 2423 65 33 good
370 2423 80 25 order.

340 2462 82 33 Apply

336 2495 175 26 W.PAGET

390 2538 71 26 West
473 2538 104 26 Oxfords

137 2675 135 46 FOR
297 2675 183 46 SALE.

36 2790 54 42 J.
151 2780 385 51 F.A.RL.AJS'E

143 2852 112 32 EAST
277 2851 184 33 OXFORD.

80 2900 66 31 Has
161 2912 41 20 on
216 2901 86 30 hand
319 2912 17 19 a
360 2900 143 40 splendid
531 2900 46 30 lot

37 2947 35 31 of
86 2947 145 32 BACON
246 2947 64 31 and
324 2945 113 33 LARD
447 2947 51 31 for
512 2947 65 31 sale

37 2996 85 31 from
136 3006 19 20 a
169 2996 107 40 pound
291 2999 33 26 to
338 3006 19 19 a
370 2998 65 28 ton.

137 3041 105 31 Bacon
257 3043 70 40 pigs
342 3042 130 41 bought.

60 755 497 38 WMMAKARTRI-ASHLEY

138 810 160 33 WATER
313 807 161 33 SUPPLY

226 861 160 31 BOARD,

144 974 333 47 TENDERS.

61 1056 213 33 Headwobks
287 1053 151 34 Bbown's
466 1052 92 32 Rock

179 1106 125 31 Water
319 1106 115 31 Stjppy.

82 1212 192 33 TENDERS
296 1209 197 48 are/ifrritecl
528 1211 51 31 for

42 1257 55 30 the
110 1255 212 32 constriistiori
332 1253 38 32 of
377 1254 54 30 the
449 1251 129 33 •follow-

40 1298 59 39 ing
111 1296 108 31 works:
221 1313 42 5 —
489 1315 9 3 -

84 1336 170 33 TUNNEL
324 1336 62 30 and
440 1334 138 31 HEAD-

42 1378 146 33 GATES.

84 1419 97 31 Groin
213 1423 33 26 at
282 1417 142 32 Brown's
438 1416 99 33 Rock.

85 1460 72 31 Side
177 1459 124 41 cutting
308 1451 205 45 sntL^atikifH

40 1501 96 31 Plans
148 1501 63 31 and
224 1499 229 41 Specifications
469 1508 56 21 can
539 1499 40 31 be

40 1552 74 21 seen
126 1545 33 27 at
174 1541 51 31 the
238 1541 100 31 Office
352 1541 33 31 of
398 1541 54 30 the
465 1539 113 37 Board,

40 1583 106 31 where
159 1582 124 31 tenders
298 1578 165 34 addressed
476 1585 34 26 to
524 1581 54 30 th
581 1578 3 36 6

41 1621 168 34 Chairman
230 1622 65 32 will
308 1624 39 30 be
367 1621 211 32 feceived*not

41 1665 79 31 later
129 1665 78 30 than
223 1665 38 29 10
276 1666 60 29 a.tri
351 1672 40 22 on
416 1662 163 41 Thursday

42 1706 54 30 the
111 1706 83 30 22nd
209 1705 61 38 day
284 1705 34 31 of
337 1704 128 39 August-
487 1704 91 33 1895,

84 1744 65 35 The
169 1745 108 31 lowest
299 1753 38 22 or
369 1752 65 31 any
467 1743 113 32 tender

40 1790 59 28 not
108 1785 187 41 necessarily
336 1785 158 41 accepted.

82 1846 31 30 J.
138 1845 172 31 Johnston
364 1843 173 30 Webster.

162 1890 161 40 Engineer
334 1892 35 27 to
396 1889 54 30 the
464 1887 115 33 Board.

108 174 141 25 OXFORD
278 173 93 25 ROAD
388 171 127 25 BOARD.

188 217 259 45 NOTICE.

43 299 143 35 \TOTICE
204 299 22 24 is
252 299 89 24 hereby
361 298 72 31 given
456 298 54 25 that
538 296 43 26 the

44 323 32 35 ll
336 331 113 31 crossing
461 330 44 26 the
516 330 65 25 river

43 366 67 32 Eyre
127 363 174 33 and.*Coppelrl
318 363 78 26 Creek
413 371 32 17 on
468 363 113 25 Brown's

44 398 70 26 Road
131 406 41 17 aie
184 398 80 25 closed
275 398 65 24 from
357 396 51 26 this
419 397 65 29 date,
498 399 26 22 to
546 396 35 25 all

44 431 99 24 Traffic.

43 475 39 32 By
94 474 70 24 order
173 475 27 22 of
212 473 41 24 the
265 472 83 25 Board

77 518 99 32 August
193 517 55 29 Bth,
264 516 72 26 1895.

176 559 113 27 JAMES
301 558 36 26 H.
351 557 148 29 SHARPE,

475 596 90 26 Clerk..

42 659 50 26 No.
111 661 13 22 1
411 673 11 6 .
