2520 4010
545 628 128 32 PORT
698 629 283 39 NICHOLSON,
1006 628 257 34 SATURDAY
1284 626 237 58 MpRNING,
1544 630 267 33 NOVEMBER
1829 635 51 34 26,
1905 635 89 29 1842.

2232 633 99 40 [Vol.
2352 632 68 31 111.

71 64 2357 42 THE

71 116 434 140 NEW
609 106 1819 254 ZEALAND
2427 106 1 254 GAZETTE

71 360 2357 70 AND

71 430 1123 69 WELLINGTON
1306 430 1122 69 SPECTATOR.

573 514 219 36 PUBLISHED
837 515 131 37 EVERY
1012 515 256 37 WEDNESDAY
1310 512 86 37 AND
1442 514 227 38 SATURDAY
1714 515 198 38 MORNING.

80 634 47 33 No.
143 629 81 38 197.]

172 720 53 21 For
240 720 117 21 London
371 719 96 25 direct,

143 757 27 19 To
183 755 42 19 sail
244 755 34 19 the
293 754 40 19 end
346 753 27 25 of
380 753 12 26 '
392 753 115 26 November;

68 787 79 36 '^^^l
181 790 92 28 T^HE
297 788 51 23 well
367 788 80 23 known
472 789 43 21 fast
535 788 81 26 sailing

81 811 81 38 b£je&
188 811 30 28 JL
269 816 83 27 barque
388 816 112 26 Clydeside,
534 815 82 22 Alfred

65 837 109 38 /flpi-jffi
195 840 86 25 Adams
291 843 150 22 commander.
470 842 54 22 This
533 841 45 22 will
587 842 28 21 be

63 864 115 38 aKSJHgfc
194 869 37 22 the
247 870 47 21 first
309 870 30 21 oil
359 869 53 28 ship*
416 869 44 22 this
472 876 86 18 season,
570 868 46 21 and

63 893 113 34 £jjjggg7
195 903 24 15 as
238 900 49 24 part
305 896 27 22 of
346 896 42 22 her
406 904 66 20 cargo
490 896 21 21 is
524 894 92 27 already

169 927 7 6 *
197 923 106 26 engaged,
319 922 99 27 shippers
427 922 46 22 will
490 922 88 26 require
593 925 23 17 to

63 953 41 24 make
119 948 56 25 early
194 948 139 27 application.
371 948 48 22 The
440 948 106 26 Clydeside
564 947 50 26 will,

63 975 116 29 immediately
191 982 27 14 on
230 974 139 27 discharging
382 974 41 22 her
440 981 66 20 cargo
515 974 23 21 in
555 973 60 22 Lon-

64 1008 30 24 don,
101 1009 82 23 prepare
195 1004 21 19 to
233 1005 77 18 return
324 1004 22 17 to
362 1001 56 21 New
435 1000 106 23 Zealand.
571 999 43 22 She

64 1033 25 23 Kill
100 1028 100 25 therefore
216 1027 69 22 afford
300 1034 29 15 an
346 1027 111 22 excellent
474 1026 141 28 opportunity

64 1061 18 22 for
93 1056 57 30 goods
168 1054 102 28 required
287 1057 23 18 at
324 1053 38 22 the
383 1054 89 21 earliest
489 1053 78 28 period
586 1053 30 27 by

63 1087 54 27 parties
125 1083 54 24 here,
189 1082 49 21 who
248 1088 37 14 are
294 1081 119 26 requested
421 1083 23 19 to
453 1081 94 21 instruct
557 1079 59 22 their

64 1115 49 26 agents
121 1108 41 23 and
169 1108 85 21 friends
264 1110 22 19 at
295 1107 68 21 home
372 1110 23 18 to
405 1107 51 27 give
463 1107 45 21 this
514 1106 101 22 Colonial

64 1139 46 23 trader
125 1136 33 21 the
175 1135 129 27 preference
320 1141 30 14 on
366 1133 36 22 all
416 1134 121 22 occasions.
572 1133 44 22 For

63 1165 53 27 freight
124 1170 20 15 or
152 1168 97 21 passage,
261 1161 66 27 apply
338 1164 22 18 to

342 1192 87 23 Waitt.
441 1192 46 22 and
500 1192 86 22 Tyser.

77 1221 121 27 Wellington,
210 1220 96 21 October
317 1221 33 25 11,
362 1221 61 20 1842.

141 1263 162 28 Survey-office,
316 1264 55 21 New
381 1263 102 23 Zealand
494 1263 120 27 Company,

219 1291 144 26 Wellington,
376 1290 49 22 Oct.
436 1291 20 26 7,
468 1291 60 21 1842.

63 1324 114 53 NOTICE
192 1324 27 22 IS
235 1322 129 23 HEREBY
379 1323 108 27 GIVEN,
510 1322 48 22 that
579 1322 38 21 the

118 1353 91 24 Country
220 1350 65 23 Land
294 1357 49 14 now
354 1349 72 22 under
437 1357 80 19 survey
526 1348 45 22 will
586 1348 29 23 be

64 1382 58 20 thrown
132 1385 51 20 open
194 1378 32 21 for
241 1376 105 22 selection
363 1376 35 22 for
415 1376 37 22 the
469 1376 149 26 Preliminary

65 1406 76 25 Sections,
159 1407 21 18 at
198 1407 88 23 present
302 1403 127 27 remaining
446 1402 122 27 iinchosen,
589 1409 29 14 on

65 1432 76 26 Monday,
152 1430 34 22 the
198 1432 33 20 Ist
240 1431 106 26 January,
360 1430 59 26 1843,
439 1430 45 21 and
501 1429 117 27 following

65 1461 55 27 days—
121 1458 148 26 commencing
279 1460 22 18 at
316 1458 23 20 11
357 1463 60 20 a.m.,
435 1456 45 21 and
496 1456 83 26 closing
594 1462 24 15 at

63 1489 58 25 4p.m.,
130 1484 112 28 precisely,
252 1484 45 21 and
306 1483 67 26 being
383 1490 24 14 as
418 1483 85 22 follows
510 1491 5 13 :
517 1494 28 4 —

458 1516 35 16 No.
504 1516 19 16 of
537 1516 80 16 Sections

304 1535 2 7 '
416 1551 3 4 ,
467 1536 57 16 under
532 1536 73 20 Survey.

79 1566 93 21 District
183 1570 26 14 or
216 1570 44 14 the
268 1562 101 26 Ohariu,
377 1561 37 22 the
421 1561 100 22 Sections

99 1599 30 14 are
138 1590 91 22 situated
244 1590 23 20 in
284 1589 36 20 the
332 1588 79 27 valley,
431 1587 91 28 parallel

97 1618 44 21 with
160 1616 46 22 that
225 1616 66 27 given
312 1618 38 18 out
368 1619 24 17 at
416 1615 36 21 the
478 1615 42 21 last

97 1644 101 25 selection,
210 1643 44 21 and
265 1641 106 28 comprise
381 1644 23 18 at
412 1641 67 22 least.
486 1655 32 6 ...
562 1641 28 21 44

85 1672 64 26 [Plans
160 1677 54 20 open
228 1670 34 21 for
275 1667 125 29 inspection
410 1672 22 17 at
442 1667 37 22 the
491 1667 88 26 Office.]

77 1706 96 22 District
189 1710 25 14 of
230 1710 45 14 the
290 1702 69 21 Hutt
551 1702 39 20 100

96 1732 40 21 The
154 1730 97 22 Sections
270 1736 35 14 are
328 1728 45 22 laid
388 1731 38 18 out
442 1732 23 17 at
484 1728 36 21 the

96 1766 61 19 upper
164 1761 48 24 part
218 1757 25 21 of
251 1756 36 21 the
296 1756 66 26 river,
371 1755 43 21 and
424 1762 37 14 are
469 1762 53 14 con-

96 1784 72 22 nected
186 1783 53 22 with
259 1783 62 21 those
346 1782 91 27 already
455 1782 67 27 given

96 1815 38 18 out.
162 1811 66 21 Plans
238 1813 21 18 to
269 1810 27 21 be
305 1809 69 26 ready
385 1810 33 20 Ist
425 1809 96 21 Decem-

94 1839 41 26 ber,
146 1839 59 20 1842.

76 1874 97 21 District
185 1879 25 13 of
220 1871 102 24 Horokt,
334 1869 122 26 extending
465 1870 54 21 from

96 1907 47 14 near
153 1898 88 21 Section
251 1900 32 24 10,
294 1898 116 25 Kinapora
419 1897 100 25 District,

94 1924 88 23 towards
203 1924 38 21 the
265 1927 60 18 coast
347 1927 23 17 at
393 1923 128 21 Wai-kanai

93 1952 102 28 probably
549 1950 40 20 150

86 1979 71 28 [Plans
167 1983 22 16 to
198 1978 28 21 be
236 1977 67 27 ready
313 1978 33 20 Ist
357 1977 130 25 December,
500 1975 73 28 1842.]

73 2006 101 21 Djstiuct
203 2012 27 13 of
263 2004 81 21 Loury
378 2003 57 26 Bay,
470 2003 52 21 Port

96 2036 111 24 Nicholson
576 2036 12 20 5

207 2062 78 28 [Plans
294 2070 51 14 now
355 2062 88 28 ready.]

75 2092 97 24 Porirua,
186 2090 129 26 Kinapora,
325 2089 43 21 and
374 2090 84 26 sundry
463 2092 59 24 parts

96 2117 75 22 around
183 2117 52 21 Port
244 2116 120 22 Nicholson
564 2117 25 20 18

87 2145 67 26 [Plans
163 2147 21 17 to
194 2144 26 20 be
230 2143 68 27 ready
309 2144 32 20 Ist
354 2142 135 27 November,
501 2141 73 29 1842.]

76 2179 96 22 District
183 2185 26 14 or
219 2178 147 23 Manawatu,
376 2176 36 22 the
423 2177 98 21 Sections

97 2204 72 22 extend
197 2204 66 27 along
291 2203 37 22 the
352 2203 59 21 bank
435 2204 24 21 of
484 2203 36 21 the

97 2232 60 21 River
165 2231 68 21 above
244 2231 60 20 those
315 2231 66 26 given
392 2232 39 19 out
444 2233 24 18 at
484 2229 36 21 the

96 2258 36 21 last
144 2258 111 26 selection,
274 2257 80 21 thence
371 2259 22 18 to
415 2257 37 21 the
470 2256 51 22 hills

97 2285 35 21 and
142 2285 103 26 comprise
263 2287 23 18 at
301 2284 57 25 laajSt
548 2285 42 20 300

90 2312 67 26 [Plans
167 2316 21 16 to
199 2311 26 22 be
235 2311 66 26 ready
313 2312 33 19 Ist
356 2311 131 25 December,

77 2344 36 21 The
122 2343 58 22 Field
193 2343 60 21 Plots
262 2349 51 20 may
325 2342 30 21 be
368 2349 52 14 seen
438 2345 24 18 at
473 2342 37 21 the
527 2345 91 23 present

62 2370 34 21 time
105 2373 18 18 at
131 2370 34 21 the
175 2370 84 26 Survey
270 2368 96 23 Stations
383 2369 25 20 of
418 2368 37 21 the
472 2368 86 22 several
573 2368 44 22 dis-

62 2398 41 20 tricts
110 2396 144 28 respectively.

80 2423 18 21 In
105 2424 57 21 order
171 2427 22 17 to
203 2422 165 23 accommodate
378 2421 38 22 the
425 2421 88 22 holders
524 2421 26 22 of
557 2422 61 26 early

63 2450 67 26 choices,
141 2453 163 23 arrangements
313 2448 57 21 have
387 2448 56 22 been
459 2448 64 21 made
534 2448 35 21 for
579 2448 38 21 the

63 2481 42 22 party
113 2477 118 27 possessing
246 2476 38 21 the
300 2475 49 21 first
359 2474 64 23 order
440 2475 25 21 of
473 2474 82 27 choice,
569 2482 49 14 suc-

62 2504 77 26 cessively
148 2503 92 27 making
256 2502 56 21 their
327 2502 106 21 selection
442 2505 24 18 at
482 2501 35 21 the
533 2502 82 26 Survey

63 2530 47 21 Office
118 2538 21 13 as
148 2537 54 14 soon
212 2537 24 14 as
245 2529 37 21 the
291 2528 69 21 Plans
370 2535 36 14 are
416 2528 75 26 ready.

276 2560 92 20 Samuel
385 2559 107 21 Charles
507 2559 82 26 Brees,

376 2584 241 28 Principal-Surveyor.

138 2630 194 22 SUFFOLK
360 2629 150 28 HOTEL,

56 2666 2 12 I
308 2664 29 14 BY

56 2678 2 14 1
239 2684 32 20 H.
290 2684 55 20 Gar
346 2684 60 25 rod,

98 2725 112 15 THORNDON
230 2725 66 19 QUAY,
313 2725 62 14 NEAR
395 2725 94 15 PIPITEA
509 2725 52 15 PAH.

68 2772 50 27 Wines,
136 2774 82 27 Spirits,
239 2773 36 26 Sfc.
293 2773 28 25 of
337 2773 35 19 the
384 2774 54 25 first
458 2773 87 28 quality,
563 2780 55 19 upon

225 2801 117 19 reasonable
354 2801 69 20 terms.

66 2843 40 26 Ship
118 2845 74 21 Hotel
205 2846 21 20 &
240 2846 115 23 Tavern,
369 2845 132 21 Manners
515 2845 97 24 Street,

180 2879 40 22 BY
234 2878 85 22 JOHN
334 2878 131 26 FULLER,

67 2909 53 21 VINES,
131 2913 87 20 SPIRITS,
230 2913 45 15 AND
285 2912 62 14 MALT
357 2912 98 15 LIQUORS
466 2911 27 15 OF
505 2911 113 15 SUPERIOR

268 2939 107 16 QUALITY.

116 2958 143 22 Commodious
269 2966 73 14 rooms
353 2958 52 22 with
414 2957 56 28 good
479 2957 62 23 heds.

84 2984 71 21 Sinners
169 2988 34 23 got
224 2987 62 25 ready
306 2993 26 13 on
353 2986 35 20 the
400 2987 92 19 shortest
512 2986 75 19 notice.

124 3027 24 13 AN
158 3027 113 15 ORDINARY
282 3027 70 15 DAILY
362 3027 28 14 AT
400 3022 14 19 2
432 3019 102 22 p'cLOCK.

69 3060 147 27 WILLIAM
234 3064 106 24 ALLEN
361 3064 145 28 respectfully
522 3064 95 22 informs

78 3093 20 16 '»
135 3090 32 22 the
176 3092 133 22 inhabitants
324 3092 27 21 of
362 3092 53 21 Port
426 3091 129 27 Nicholson,
567 3090 49 22 that

71 3120 15 13 «
96 3114 32 23 has
144 3119 86 21 entered
245 3119 47 21 into
312 3121 168 24 iirrangements
498 3118 68 23 with.
571 3118 45 21 Mr.

73 3143 36 19 Watt
116 3142 29 22 for
155 3150 12 14 a
174 3145 82 26 regular
265 3145 78 28 supply
354 3145 26 21 of
391 3144 58 26 beef,
459 3146 96 24 mutton,
562 3144 54 26 -&c,

71 3167 46 22 which
125 3169 40 22 will
174 3171 73 22 enable
257 3172 46 22 him
313 3175 23 19 to
347 3170 40 23 sell
400 3174 24 19 at
433 3184 3 11 (
439 3170 99 23 reduced
545 3170 72 27 prices

71 3198 21 15 w
98 3195 57 28 ready
162 3203 77 23 money
249 3199 59 27 only.

88 3223 21 19 W.
118 3223 23 21 A.
150 3223 50 27 begs
207 3225 47 22 that
263 3226 28 21 all
306 3224 145 28 outstanding
459 3226 107 20 accounts
574 3223 43 22 due

71 3247 13 18 to
90 3254 32 15 mm
129 3257 45 20 may
185 3251 24 22 be
218 3252 76 22 settled
303 3252 121 26 forthwith,
435 3259 25 14 as
469 3250 36 23 his
518 3250 100 23 business

70 3273 26 21 wll
103 3274 17 22 in
127 3276 66 23 future
201 3278 28 22 be
239 3278 123 23 conducted
371 3279 72 21 under
454 3278 93 22 another
557 3278 58 21 firm.

177 3313 59 21 1842.

177 3356 138 23 CHARLES
331 3356 141 27 HARVEY,

238 3384 100 25 Tailor,
353 3384 54 24 &c,

163 3417 108 26 Adjoining
284 3419 71 19 Kumu
371 3418 51 20 Toto
436 3417 55 26 Pah,

71 3468 29 48 B
245 3458 158 20 WELLINGTON,
492 3462 5 4 -

103 3474 43 22 EGS
158 3478 21 20 to
193 3481 75 19 return
283 3478 82 22 thanks
382 3481 23 18 to
421 3477 38 22 the
476 3478 80 26 gentry
571 3475 45 22 and

71 3520 5 7 ,
121 3502 64 25 public
194 3505 21 21 of
224 3506 56 21 New
289 3504 101 23 Zealand
399 3504 34 22 for
440 3504 39 21 the
489 3505 90 25 support
587 3502 29 22 he

107 3529 86 22 received
204 3532 57 21 from
277 3532 61 21 them
353 3532 61 21 since
428 3530 30 22 he
472 3528 145 24 commenced

72 3551 74 30 business,
162 3557 40 22 and
220 3559 27 21 he
265 3565 87 15 assures
366 3556 62 23 them
444 3555 52 23 that'
508 3556 18 21 it
545 3556 19 21 is
581 3554 36 23 his

158 3585 20 19 to
188 3586 100 21 continue
296 3585 36 21 his
348 3588 59 18 most
421 3586 118 20 strenuous
553 3589 64 14 exer-

71 3606 39 20 tions
117 3608 17 20 to
142 3610 59 21 merit
209 3619 13 14 a
232 3612 146 22 continuance
388 3611 26 21 of
420 3610 58 22 their
487 3613 129 24 patronage.

71 3633 62 26 ,>H.
142 3636 55 22 takes
212 3638 43 23 this
275 3638 143 28 opportunity
433 3638 26 21 of
470 3636 83 26 stating
569 3635 48 22 that

71 3659 20 17 nis
98 3660 48 22 stock
155 3664 85 23 consists
251 3665 24 23 of
286 3673 14 14 a
309 3664 58 28 good
376 3664 86 27 variety
473 3663 26 23 of
505 3662 111 28 superfine

72 3686 52 26 Whs,
132 3687 100 31 doeskins,
247 3692 89 26 tweeds,
352 3690 127 28 moleskins,
490 3689 125 26 velveteen,

72 3713 36 18 P°t
118 3713 56 29 cloth,
185 3717 94 29 &C.&C,
293 3718 46 22 and
353 3717 35 22 his
399 3718 94 26 charges
504 3716 47 26 (for
569 3716 49 20 cash

71 3737 7 14 o
72 3735 151 36 J%jnoderate.
463 3748 3 3 •

224 3789 25 20 J.
264 3790 37 20 M.
315 3789 110 26 Taylor,

80 3810 119 32 LICENSED
223 3822 238 23 CUSTOM-HOUSE
484 3820 116 28 AGENT,

71 3864 13 6 -
279 3857 27 13 TE
320 3856 51 14 ARO.
397 3869 3 4 ,

196 3892 137 23 PRINTED
355 3892 210 27 INDENTURES,
586 3899 30 14 on

121 3920 60 22 paper
197 3920 43 22 and
259 3919 139 28 parchment,
411 3921 41 23 -for
468 3916 46 26 Bale
533 3922 24 19 at
579 3918 38 23 the

816 720 77 21 Meat
914 720 148 26 Company.

648 752 91 49 THE
759 752 235 28 UNDERSIGNED,
1011 747 85 33 llaving
1116 753 57 22 been
1194 760 38 21 ap-

721 779 90 28 pointed
825 781 109 26 Manager
945 780 24 21 of
984 780 36 21 the
1035 780 62 21 Meat
1107 780 121 27 Company,

642 806 57 27 •begs
708 809 23 19 to
741 813 115 16 announce
867 807 48 21 that
929 814 14 14 a
954 807 88 27 regular
1050 806 77 28 supply
1138 806 25 21 of
1171 807 58 25 beef,

646 835 102 25 mutton,,
760 834 44 21 and
821 834 56 28 pork
893 841 52 19 may
964 833 82 28 always
1067 834 26 20 be
1114 833 117 27 depended

647 867 58 20 upon
718 860 76 22 at.this
804 861 172 21 establishment.
988 882 3 6 ,

673 887 33 20 As
731 886 42 22 this
797 887 113 27 Company
930 889 95 25 pupo'ses
1049 886 79 26 selling
1147 889 24 18 at
1179 898 2 4 •
1194 886 36 21 the

646 912 77 21 lowest
731 913 71 27 prices
814 917 21 17 at
850 914 72 20 which
931 915 18 19 it
962 914 18 20 is
990 913 71 21 found
1071 913 36 20 the
1117 915 59 18 meat
1190 919 40 14 can

646 938 27 21 be
684 939 106 27 afforded,
802 940 37 21 the
848 940 149 26 undersigned
1006 940 19 20 is
1040 940 51 26 only
1100 938 128 22 authorized

647 968 21 17 to
679 965 50 26 give
735 973 53 19 very
795 966 84 21 limited
889 966 75 25 credit,
973 966 46 21 and
1027 966 38 20 has
1072 966 53 21 been
1136 965 94 22 ordered

646 994 22 18 to
685 995 48 23 stop
748 992 30 21 all
792 995 102 19 accounts
910 992 72 22 which
997 999 45 15 arc-
1049 995 40 18 not
1103 992 54 27 paid
1170 998 58 20 upon

647 1017 100 22 demand.

672 1044 48 21 The
730 1044 99 23 business
840 1045 25 22 of
872 1046 37 21 the
920 1045 114 27 Company
1043 1044 18 22 is
1072 1044 85 22 carried
1167 1052 27 14 on
1204 1044 24 22 in

647 1070 56 22 their
717 1078 50 15 new
781 1072 108 27 building,
900 1073 88 20 erected
1006 1072 99 21 between
1124 1071 104 22 France's

646 1096 68 23 Hotel
734 1098 43 21 and
797 1099 36 22 the
852 1099 57 22 head
927 1098 25 22 of
966 1099 45 22 the'
1020 1099 55 27 Bay,
1093 1098 44 21 and
1152 1098 78 27 nearly

647 1125 98 26 opposite
755 1128 22 18 to
844 1126 82 27 Lyon's
936 1126 70 21 Store.

824 1151 3 8 '
917 1152 35 22 W.
967 1152 101 27 Flyger,
1084 1152 117 26 Manager.

673 1178 129 22 November
811 1180 33 25 23,
854 1181 11 19 1
870 1180 46 21 842.
934 1190 3 4 •
1187 1182 3 8 '

673 1224 44 20 Ex
731 1225 16 18 '.'
898 1224 56 21 and
995 1225 105 24 George

849 1253 83 30 coffee,'
972 1277 1 8 ,

649 1281 59 25 JLVJL
734 1282 42 25 Do',
886 1285 48 22 best
948 1285 91 27 quality,

728 1311 56 22 Fine
798 1315 56 24 teas,'

729 1339 80 26 Sugars
820 1338 84 23 refined
914 1338 45 22 and
969 1345 50 20 raw,

728 1365 95 27 Brandy,
833 1373 57 19 rum,
901 1365 105 27 whiskey,

726 1392 62 26 Port,
799 1392 83 27 sherry,
892 1392 44 21 and
952 1392 104 21 Madeira
1070 1391 68 22 wines
1156 1391 25 21 of
1192 1390 37 22 the

646 1425 54 20 very
710 1418 50 21 best
769 1419 91 27 quality.

729 1445 73 22 Rhine
812 1446 67 21 wines
888 1444 23 22 in
919 1448 64 23 great
991 1444 92 27 variety,

731 1472 63 21 Good
804 1472 102 21 blankets
916 1470 44 22 and
971 1478 59 20 rugs,

729 1498 37 21 An
776 1498 88 22 invoice
873 1498 25 21 of
909 1498 78 26 lamps,

730 1525 107 24 Oatmeal,
848 1525 55 24 pork
912 1525 91 22 barrels,

730 1549 70 22 Slates
811 1552 101 18 countess
922 1548 44 21 and
975 1547 76 26 ladies,

731 1576 77 26 Sperm
819 1573 42 24 arid
873 1575 75 21 mould
955 1575 97 26 candles,

729 1602 85 27 Butter,
835 1601 101 22 Colonial
955 1601 45 22 and
1020 1601 69 22 South
1108 1601 122 21 American

648 1629 64 27 flour,

730 1656 61 27 Oats,
802 1655 108 26 walnuts,.
914 1655 47 26 &c.j
973 1655 48 26 &c,
1033 1655 40 21 &c.

842 1689 130 25 RIDGWAYS,
990 1689 103 25 GUYTON,
1107 1695 45 15 AND
1163 1688 38 21 Co.

837 1733 64 20 Just
921 1733 120 21 Landed.

651 1767 97 50 SEED
773 1766 126 23 BARLEY
926 1766 45 21 and
995 1766 86 27 OATS,
1105 1765 57 22 bran
1185 1765 45 22 and

713 1794 72 27 Hops.
814 1794 35 21 On
859 1794 45 21 sale
914 1797 24 17 at

941 1824 21 22 J.
978 1825 33 21 M.
1027 1824 121 27 Taylor's,

887 1857 126 24 Wholesale
1025 1859 68 25 Store,
1104 1858 32 21 Te
1147 1858 53 21 Aro.

818 1905 94 20 Wines
926 1904 29 20 in
969 1905 89 20 wood.

649 1940 71 48 ON
736 1940 78 21 SALE
828 1940 29 26 by
867 1938 38 22 the
915 1938 157 27 undersigned,
1082 1937 58 22 from
1150 1945 42 14 one
1206 1937 27 22 of

725 1966 37 21 the
773 1966 47 22 first
828 1966 95 21 London
933 1965 82 22 houses
1017 1976 26 4 —

675 1993 81 22 Choice
780 1993 60 25 Port,
865 1992 87 26 Sherry,
978 1992 108 26 Madeira,
1111 1990 117 27 Tenerifte,

649 2020 87 26 Alican,
766 2020 45 21 and
828 2020 118 25 Taragon'a
968 2019 75 26 wines,
1063 2018 24 21 in
1104 2018 62 26 pipes
1187 2018 43 21 and

647 2049 89 25 quarter
746 2046 70 26 casks,

674 2073 53 22 Port
737 2073 43 21 and
791 2073 81 26 Sheny
880 2072 25 21 in
919 2079 68 15 cases.

926 2105 22 21 J.
964 2105 33 23 M.
1013 2105 102 26 Taylor,
1131 2105 31 21 Te
1174 2105 53 21 Aro.

675 2133 97 22 October
781 2135 34 24 14,
827 2134 59 20 1842.

769 2184 40 19 On
823 2183 68 24 Sale,
907 2189 36 14 ex

650 2219 43 31 fi
704 2217 128 21 UNTER'S
847 2223 113 21 preserves
973 2216 47 21 and
1030 2215 82 22 bottled
1128 2215 64 21 fruits
1205 2215 25 21 in

650 2237 53 29 VjT
846 2250 68 19 cases,
933 2243 85 21 bottled
1035 2243 97 26 vinegar,
1144 2249 84 19 sauces,

647 2271 93 26 herring
748 2274 69 23 paste,
827 2272 50 25 pat
872 2272 45 25 6au
927 2269 79 26 diable,
1016 2269 91 28 pickles,

675 2298 80 21 Choice
768 2297 102 21 Chedder
879 2297 78 21 cheese
967 2297 46 21 and
1023 2296 170 27 confectionery,

675 2324 171 22 London-made
857 2323 88 22 saddles
954 2323 44 21 and
1010 2323 86 26 bridles,

675 2351 136 22 Bush-made
821 2351 87 21 saddles
917 2350 43 21 and
971 2350 87 27 bridles,

675 2380 57 25 10-4,
744 2379 56 26 11-4,
812 2377 44 22 and
867 2378 50 21 12-4
926 2377 109 27 blankets,
1046 2375 109 27 coloured,

675 2406 51 19 12-4
736 2412 51 19 rugs
797 2405 43 21 and
851 2409 169 22 counterpanes,
1032 2403 62 22 toilet
1103 2410 84 20 covers,

675 2432 115 21 Women's
799 2436 67 22 stays,
877 2431 40 20 red
927 2430 72 27 shirts,

675 2458 53 22 Two
736 2465 61 14 cases
806 2457 138 22 fashionable
954 2454 83 30 shaped
1046 2457 102 26 bonnets,

675 2485 99 21 Ribbons
785 2485 45 21 and
839 2484 217 27 general>millinery,

676 2511 74 22 Coffee
760 2511 25 21 in
794 2512 61 26 bags,
1174 2511 4 10 '

677 2538 75 21 Green
762 2540 36 18 tea
807 2538 23 20 in
840 2537 72 21 chests
921 2537 45 20 and
974 2537 50 21 half
1032 2536 78 26 chests,

677 2565 63 25 OarsJ
749 2564 77 21 mould
836 2563 97 26 candles,

675 2591 65 21 Nails
750 2590 24 21 of
781 2598 66 19 every
857 2590 140 27 description,

675 2617 81 22 Tinn'd
769 2620 36 18 tea
813 2617 87 26 kettles,
912 2624 130 20 saucepans,
1054 2617 47 26 &c.,

675 2645 75 20 White
760 2644 57 27 lead,
828 2644 80 27 paints,
920 2651 60 20 soap,
992 2645 40 20 &c.
1042 2644 40 21 &c.

957 2676 22 21 J.
995 2676 34 21 M.
1044 2675 101 23 Taylor,

1105 2701 31 22 Te
1147 2702 54 22 Aro.

675 2730 97 21 October
781 2731 33 25 11,
826 2731 59 20 1842.

877 2775 40 19 On
932 2774 69 25 Sale,

649 2808 138 27 T>OLICE
802 2807 89 22 DARK
907 2807 172 27 LANTERNS,

637 2832 47 27 JT
721 2835 121 22 American
853 2841 74 14 ovens.

960 2860 23 21 J.
998 2860 34 21 M.
1046 2860 102 26 Taylor,

1101 2887 32 22 Te
1148 2887 53 22 Aro.

675 2916 97 21 October
782 2917 33 25 11,
827 2916 59 21 1842.

738 2961 41 19 On
793 2961 69 24 Sale,
877 2965 37 15 ex
1094 2959 44 20 &c.

649 2994 165 49 MARINE
828 2993 218 26 BAROMETERS,

740 3021 132 26 Quadrants,
884 3022 103 24 sextants,

675 3048 160 27 Hydrometers
844 3047 43 22 and
898 3046 182 27 sachraumeters,

673 3074 185 27 Thermometers,
869 3074 62 28 spirit
938 3073 76 27 levels,

669 3102 112 26 .Drawing
789 3100 290 27 instruments,,telescopes,

675 3128 48 26 Log
732 3130 44 19 and
786 3128 54 22 hour
849 3128 91 26 glasses,
949 3127 41 21 &c.
1001 3128 39 20 &c.

987 3160 22 21 J.
1025 3160 34 21 M.
1073 3160 103 26 Taylor,

1107 3186 31 22 Te
1149 3186 53 22 Aro.

649 3215 96 23 Octoher
755 3216 33 26 11,
799 3215 60 21 1842.
1155 3232 4 3 -

647 3267 53 20 For
710 3265 70 25 Sale,
791 3266 44 19 the
846 3269 82 21 cargo
941 3263 29 20 of
983 3264 45 20 the

652 3301 101 27 QAA
772 3296 79 22 TONS
872 3295 74 23 BEST
966 3294 135 23 CHILIAN
1117 3294 113 27 FLOUR,

647 3318 105 33 OvFvf
766 3343 4 6 ,
782 3323 58 22 fresh
850 3321 87 28 ground
947 3321 72 22 direct
1027 3321 57 22 from
1091 3321 138 28 Valparaiso,

756 3353 24 19 at
788 3350 47 22 £20
844 3356 40 21 per
895 3353 48 22 ton,
954 3348 60 22 cash.

999 3382 83 21 Waitt
1091 3381 47 22 and
1147 3381 83 23 Tyser.

648 3411 144 27 Wellington,
804 3409 127 23 November
940 3410 20 26 4,
971 3410 64 21 1842.

647 3464 53 20 For
712 3462 69 24 Sale,
792 3462 44 19 the
853 3466 83 21 cargo
954 3460 30 20 of
995 3460 46 20 the

655 3495 15 30 1
689 3494 63 31 KA
780 3493 19 22 T
800 3493 20 31 P
821 3492 39 22 NS
884 3492 26 21 of
929 3496 37 17 tne
990 3492 49 21 best
1061 3491 12 22 f
1082 3498 38 15 esn
1118 3519 3 4 .
1143 3497 15 21 e
1159 3490 73 23 round

653 3513 99 28 JLtJvF
768 3519 86 22 Chilian
870 3518 64 28 flour,
950 3525 51 15 now
1016 3518 91 27 landing
1118 3518 59 21 from
1182 3523 3 6 '
1194 3518 36 21 the

769 3547 102 26 Cheerful,
888 3546 71 21 direct
973 3545 58 22 from
1050 3544 130 28 Valparaiso
1181 3555 27 5 —
1209 3548 23 18 at

648 3574 46 22 £20
703 3581 40 21 per
755 3576 44 20 ton.
822 3595 5 3 .
841 3579 5 4 '

956 3598 87 23 •Waitt
1058 3605 47 16 and
1117 3598 85 23 Tvsb'r.

675 3628 49 22 Oct.
734 3629 34 25 23,,
780 3629 60 21 1842.

823 3673 44 21 Ex
899 3694 4 4 ,
1091 3689 3 3 .

651 3705 66 26 Q./\
733 3705 80 22 TONS
825 3703 49 24 first
888 3700 66 25 fresh'
962 3702 95 28 ground-
1067 3701 90 28 Sydney
1166 3701 60 23 flour

646 3725 70 28 t)\j
747 3733 26 20 15
789 3732 72 21 chests
867 3730 74 27 liyson
950 3732 44 24 tea,

734 3760 41 21 100
788 3758 73 22 chests
870 3762 69 21 green
947 3755 44 27 tea',

749 3787 27 20 10
789 3785 53 27 bags
851 3783 78 25 coffee,
962 3793 3 4 •
988 3792 3 4 ■

760 3812 13 21 5
787 3812 55 26 bags
850 3815 91 23 pepper,
964 3826 3 3 .

663 3848 3 4 •
693 3847 4 3 •
964 3838 80 18 Waitt
1058 3835 46 21 and
1117 3835 84 23 Tysbk.

676 3866 96 21 October
781 3865 34 27 25,
827 3864 59 22 1842.
1032 3865 3 4 '
1077 3882 4 3 .

649 3909 91 49 JUST
754 3906 183 28 OPENEP,jftnd
1047 3904 68 23 at-the
1126 3905 71 23 Office
1207 3905 27 22 of

711 3929 468 35 thisPap«r;in^.Bt«pid«(ifTari*u«ti»««.
1213 3935 23 25 '■;

1317 726 8 13 i
1372 717 53 21 For
1440 717 69 25 Sale,
1524 723 36 15 ex

1261 748 105 50 Pj*LE
1380 748 97 22 INDIA
1491 748 63 22 ALE
1568 748 24 22 in
1608 748 82 28 bottle/
1695 749 86 27 Bryant
1795 750 39 23 and

1317 771 110 35 JDavis's,
1476 792 4 12 ;

1287 802 67 26 Stout,
1365 802 86 27 Bryant
1461 800 43 23 and
1514 801 96 28 Davis's,

1287 828 59 22 Bass'
1356 828 85 22 Burton
1452 828 41 27 ale,
1512 842 4 4 •

1287 854 51 22 Pate
1357 855 77 25 sherry
1454 855 44 21 and
1514 854 111 28 Madeira,
1644 855 136 24 Rutherford
1795 855 39 24 and

1260 882 90 26 Drutfo's
1359 882 78 25 brand,

1287 908 58 29 Very
1354 908 36 21 old
1402 907 108 27 Madeira,
1522 910 51 24 port
1588 908 42 22 arid
1645 908 77 29 sherry
1730 909 24 22 in
1769 909 64 26 wood,

1260 933 130 24 Rutherford
1402 934 44 21 and
1456 934 93 27 Drury's
1561 935 77 26 brand,

1287 955 42 26 Old
1338 967 85 20 cognac
1430 961 89 27 fcran'dy
1529 962 23 21 in
1564 962 73 26 bottle,

1286 987 80 25 Cherry
1377 986 85 27 brandy
1473 988 22 20 in
1506 996 69 20 cases,

1286 1009 115 35 Sparkling
1411 1013 144 28 champagne,
1582 1022 5 5 •

1286 1040 138 21 Maraschion
1435 1040 46 21 and
1487 1042 76 25 punch
1575 1048 95 20 essence,

1285 1066 48 22 Eati
1343 1066 26 22 de
1383 1067 105 26 Cologne,

1286 1094 10 20 I
1308 1100 47 16 case
1366 1093 87 22 French
1456 1091 4 10 :
1463 1100 60 19 rugs.

1285 1119 105 24 Aslbrted
1402 1121 101 25 anchors,
1532 1135 4 3 -

1285 1147 68 23 Chain
1364 1149 81 24 cables,
1456 1148 89 22 various
1555 1147 63 26 sizes,

1263 1184 3 5 '
1285 1173 78 24 Parent
1373 1180 92 22 carpets,

1286 1201 93 28 Glasses,

1285 1227 122 28 Tumblers,

1286 1254 69 28 Pickle
1355 1254 23 28 3,

1285 1282 76 21 Butter
1369 1283 24 20 in
1401 1282 52 26 jars,

1285 1309 53 22 Pirie
1349 1309 84 25 cheese,
1448 1308 39 21 &c.
1499 1308 41 21 &c.

1568 1334 81 21 Waitt
1663 1333 46 22 and
1726 1334 83 23 Tyser.

1251 1368 2 8 '
1286 1361 141 26 Wellington,
1439 1361 129 27 September
1576 1362 34 25 30,
1625 1362 57 20 1842.

1286 1408 38 20 To
1335 1406 199 26 Ship-builders
1550 1406 54 20 and
1619 1406 190 25 Ship-owners.

1261 1437 69 49 ON
1345 1437 77 22 SALE
1437 1437 29 26 by
1477 1436 37 22 the
1524 1437 147 27 undersigned
1678 1444 5 14 :
1686 1448 28 4 —
1797 1450 9 8 *

1321 1464 103 22 Anchors
1436 1465 26 20 of
1473 1463 28 21 all
1512 1464 63 27 sizes,

1287 1489 67 23 Chain
1365 1490 74 22 cables
1449 1490 44 21 and
1507 1490 62 22 short
1582 1489 76 23 linked
1674 1490 83 27 chains,
1769 1489 65 23 tested

1260 1519 29 26 by
1298 1524 13 14 a
1321 1517 131 26 hydrostatic
1463 1517 87 26 engine,
1558 1516 97 22 assorted
1665 1516 56 22 sizes
1730 1517 45 21 and
1785 1524 48 14 war-

1255 1544 85 26 ranted,

1285 1571 104 21 Bitheads
1399 1570 45 22 and
1453 1577 62 20 spare
1526 1569 107 27 shackles,

1285 1597 110 22 Windlass
1406 1599 65 19 metal
1482 1597 23 21 in
1517 1597 108 27 complete
1634 1599 59 24 setts,

1260 1642 5 7 „
1285 1624 110 22 Mariners
1406 1630 130 21 compasses,

1286 1651 44 23 Sail
1340 1658 91 14 canvass
1441 1650 44 21 and
1496 1651 72 26 twine,

1282 1677 73 27 •Pitch,
1368 1682 40 22 tar,
1420 1678 40 20 &c.
1471 1677 41 21 &c.

1619 1703 88 24 WILUS
1717 1710 46 14 AND
1773 1703 37 21 Co.

1260 1731 95 22 October
1365 1732 32 25 11,
1410 1731 60 21 1842.

1312 1776 51 21 For
1383 1775 61 21 Sale
1467 1776 29 20 at
1518 1775 45 20 the
1578 1774 106 21 Nelson
1703 1774 82 25 Dairy

1536 1803 29 19 at

1435 1828 105 20 Nelson
1554 1828 102 20 Haven.

1263 1861 64 24 On
1341 1855 84 22 COWS
1441 1855 33 21 IN
1491 1854 86 27 CALF,

1258 1884 68 25 tJ\J
1354 1884 27 19 30
1390 1881 82 22 heifers
1482 1881 22 21 in
1515 1881 51 28 calf,

1353 1910 29 20 50
1390 1916 77 19 young
1475 1908 89 27 heifers,

1286 1938 14 19 4
1309 1935 113 22 halt-bred
1430 1935 104 21 Durham
1547 1934 64 27 bulls,

1286 1965 23 20 II
1321 1966 73 23 steers,

1312 1989 120 28 6^working
1441 1988 117 26 bullocks,'

1310 2017 15 19 4
1335 2014 61 22 stock
1404 2014 84 27 horses,

1313 2043 39 19 100
1362 2048 63 19 ewes,

1311 2069 27 21 50
1347 2068 101 27 wethers,

1285 2097 46 21 The
1347 2095 69 21 above
1430 2102 37 14 are
1482 2094 57 23 from
1554 2094 41 21 Dr.
1607 2093 91 26 Imlay's
1716 2091 119 23 celebrated

1258 2123 61 22 stock
1329 2124 21 18 at
1361 2121 99 23 Twofold
1472 2121 56 27 Bay.
1557 2120 47 22 The
1616 2120 65 21 cattle
1696 2127 36 13 are
1743 2119 37 21 the
1791 2119 44 21 best

1258 2150 59 27 bred,
1329 2148 56 22 have
1396 2149 56 22 been
1462 2148 85 22 landed
1556 2149 23 21 in
1592 2147 38 21 the
1641 2147 64 21 finest
1716 2146 69 25 order,
1797 2144 37 23 and

1258 2178 57 21 form
1325 2177 37 21 the
1375 2177 50 20 best
1434 2175 105 22 selection
1548 2175 25 21 of
1579 2181 43 20 any
1629 2174 30 20 lot
1668 2177 39 22 yet
1716 2172 93 27 brought
1815 2176 19 18 to

1259 2204 55 21 New
1324 2203 104 22 Zealand.
1458 2202 44 21 For
1509 2201 135 28 particulars,
1655 2199 65 28 apply
1730 2203 22 18 to

1446 2229 21 21 S.
1483 2229 100 26 Revans,
1600 2227 142 26 Wellington,
1755 2233 24 14 or

1446 2255 28 21 D.
1484 2255 146 24 Drummond,
1642 2253 85 21 Nelson
1738 2253 82 21 Haven.

1286 2283 52 27 July
1348 2284 20 23 7.
1380 2284 59 21 1542.

1430 2326 108 21 Heifers
1552 2326 29 21 in
1597 2325 66 21 Calf.

1260 2360 86 49 FOR
1360 2359 85 26 SALE,
1456 2358 69 21 about
1538 2359 28 21 50
1576 2357 98 28 superior
1682 2355 58 22 bred
1752 2356 80 24 heifers,

1317 2391 57 17 most
1391 2387 25 20 of
1427 2386 61 20 them
1503 2385 73 26 heavy
1590 2385 23 21 in
1631 2383 58 26 calf,,
1698 2382 45 22 and
1758 2382 76 26 having

1260 2415 55 21 been
1335 2420 59 14 some
1409 2412 53 21 time
1478 2412 22 21 in
1513 2411 39 24 the
1572 2411 90 26 Colony,
1681 2413 39 18 not
1735 2409 65 22 liable
1814 2412 20 18 to

1260 2441 64 21 suffer
1334 2441 54 20 from
1399 2439 37 21 the
1446 2438 75 22 effects
1531 2438 26 21 of
1568 2438 37 21 the
1622 2438 60 20 Toot.
1711 2436 48 21 The
1771 2436 63 21 above

1261 2467 64 22 cattle
1341 2474 42 14 can
1398 2467 27 21 be
1442 2465 98 26 strongly
1554 2462 178 28 recommended,
1751 2470 23 14 as
1787 2462 47 26 they

1260 2495 56 21 have
1332 2493 55 22 been
1404 2492 96 22 selected
1515 2493 58 20 from
1589 2491 36 21 the
1642 2497 119 15 numerous
1776 2488 59 22 cattle

1260 2521 59 27 ships
1329 2519 70 23 which
1408 2519 57 21 have
1482 2518 87 22 arrived
1582 2518 59 21 here.
1670 2516 76 28 Apply
1761 2519 21 18 to
1795 2516 38 21 Mr.

1261 2548 93 25 Revans,
1368 2548 86 19 Gazette
1463 2545 70 26 office,
1547 2552 23 14 or
1579 2548 23 18 to
1612 2544 43 22 Mr.
1667 2543 85 26 Hulke,
1761 2541 73 23 Evans'

1262 2574 53 27 Bay.

1287 2600 60 26 Also,
1357 2599 62 22 three
1428 2598 117 22 well-bred
1554 2605 71 14 mares
1631 2597 23 21 in
1664 2596 53 26 foal,
1729 2599 22 18 to
1761 2601 73 21 impor-

1251 2627 45 24 ,ted
1305 2627 82 21 horses.
1816 2629 22 26 __'

1352 2671 92 20 Union
1458 2669 79 21 Bank
1551 2669 30 20 of

1260 2705 92 21 London
1371 2705 91 24 Office,
1479 2702 44 22 No.
1537 2703 36 25 33,
1592 2702 49 21 Old
1656 2700 178 22 Broad-street.

1313 2736 93 27 Capital,
1415 2735 121 26 £800,000;
1557 2733 52 28 paid
1617 2740 36 20 up,
1669 2733 117 25 £500,000.

1249 2774 2 10 I
1491 2772 110 12 DIRECTORS
1606 2772 5 12 :

1364 2796 67 20 George
1439 2794 39 17 Fife
1484 2794 68 20 Angas,
1560 2794 49 19 Esq.,

1364 2817 67 15 Robert
1438 2815 75 19 Brooks,
1523 2815 48 19 Esq.,

1364 2838 61 15 James
1433 2836 48 16 John
1489 2836 99 17 Cummins,
1596 2834 48 20 Esq.,
1668 2841 6 5 -

1363 2859 68 15 Robert
1439 2857 95 18 Gardener,
1546 2856 48 20 Esq.,
1606 2855 120 18 Manchester,

1363 2879 48 16 John
1420 2878 45 16 Gore
1470 2888 4 5 .
1481 2877 49 20 Esq.,

1363 2899 48 17 John
1419 2898 79 16 William
1505 2897 75 19 Huckle,
1585 2897 49 20 Esq.,

1364 2919 94 21 Benjamin
1466 2919 21 16 E.
1494 2918 63 19 Lindo,
1566 2918 47 19 Esq.,

1363 2940 72 17 Charles
1444 2939 75 17 Edward
1526 2938 88 20 Mangles,
1622 2937 48 20 Esq.,

1363 2960 115 20 Christopher
1484 2959 84 19 Rawson,
1576 2959 48 19 Esq.,
1635 2958 81 18 Halifax,

1363 2982 79 16 Thomas
1449 2978 63 21 Sands',
1521 2980 47 20 Esq.,
1576 2978 98 20 Liverpool,

1362 3003 62 16 James
1432 3001 55 20 Bogle
1495 3000 64 19 Smith,
1565 3000 48 19 Esq.,

1362 3024 61 16 James
1431 3021 80 17 lluddell
1517 3020 56 20 Xodd,
1581 3020 42 20 Esq.

1265 3052 100 17 Trustees:-
1373 3050 83 16 George
1467 3048 56 16 Carr
1535 3047 61 19 Gltn,
1608 3047 47 20 Esq.,
1665 3046 54 16 John
1730 3046 61 20 Gore,
1799 3046 38 20 Esq.

1402 3070 38 16 and
1446 3069 66 16 Jakes
1519 3068 17 16 J.
1544 3069 98 17 Cummins,
1651 3067 45 19 Esq.

1284 3099 91 17 Bankers:
1386 3097 76 17 Messrs.
1468 3096 62 18 Giyn,
1540 3095 114 18 Haxiipax.
1662 3094 72 19 Milis,
1742 3094 36 16 and
1784 3094 27 17 Co,

1375 3126 102 18 Secretary:
1489 3123 83 16 Samuel
1578 3122 94 18 Jackson,
1679 3121 43 20 Esq.

1347 3152 81 18 Colonial
1434 3152 103 20 Inspector:
1549 3151 18 16 J.
1574 3150 19 17 C.
1601 3149 102 19 M'Laken,
1710 3149 44 21 Esq.

1378 3201 69 20 New
1465 3198 124 21 Zealand
1606 3197 115 21 Branch.

1261 3235 52 19 Local
1319 3235 92 17 Director*
1416 3239 4 11 :
1436 3234 47 16 Geo.
1495 3233 17 16 S.
1524 3232 73 19 Evans,
1609 3231 48 21 Esq.,
1669 3231 66 16 D.C.L.
1754 3232 36 16 and
1801 3232 36 16 Geo

1478 3254 91 18 Hunter,
1581 3253 44 20 Esq.

1261 3283 92 19 Manager:
1364 3281 50 17 John
1421 3280 72 18 Smith,
1500 3279 50 19 Esq.,
1558 3278 36 16 late
1601 3278 21 16 of
1629 3278 31 16 the
1667 3278 116 17 Commercial
1789 3277 47 17 Bsnk

1425 3301 21 16 of
1454 3300 89 20 England,
1555 3299 120 16 Manchester.

1368 3327 113 23 Branches
1491 3328 24 19 at
1529 3325 97 27 Sydney,

1530 3349 90 25 Hobart
1627 3351 75 26 Town,

1531 3379 148 25 Launceston,
1691 3377 45 22 and

1531 3405 54 22 Port
1593 3405 81 27 Philip.

1262 3437 52 22 Port
1322 3434 130 27 Nicholson,
1463 3432 80 23 March
1553 3433 34 26 24,
1599 3433 59 20 1840.

1262 3488 88 51 THE
1366 3488 115 23 Directors
1497 3485 27 23 of
1594 3485 54 21 New
1665 3483 100 23 Zealand
1779 3482 58 24 Land

1334 3515 115 28 Company
1455 3513 96 26 -hereby'
1564 3512 50 27 give
1629 3511 82 26 notice,
1727 3510 49 22 that
1790 3511 46 26 they

1261 3544 55 21 have
1322 3549 113 14 effected
1443 3548 31 14 an
1484 3545 171 16 arrangement
1662 3535 54 23 with
1722 3537 39 22 the
1768 3537 68 22 Union

1260 3569 63 23 Bank
1336 3569 26 21 of
1377 3566 121 26 Australia,
1504 3581 3 3 •
1514 3565 45 22 No.
1575 3565 34 26 38,
1615 3574 3 10 i
1624 3563 44 22 Old
1684 3563 151 26 Broad-street,

1260 3596 99 23 London,
1367 3595 38 22 for
1414 3594 37 21 the
1464 3591 168 23 establishment
1644 3589 26 22 of
1683 3596 14 14 a
1713 3589 122 23 BRANCH

1260 3622 86 24 BANK
1357 3612 123 36 IN.^TEW
1494 3614 157 29 ZEALAND,
1665 3615 96 28 through
1771 3615 65 23 which

1260 3650 36 22 the
1305 3648 100 22 business
1416 3647 28 20 of
1455 3645 38 21 the
1510 3643 57 23 New
1582 3642 100 22 Zealand
1695 3642 66 22 Land
1776 3643 59 21 Com-

1260 3683 58 19 pany
1326 3674 44 22 will
1378 3674 29 21 be
1416 3669 134 25 transacted.
1578 3669 47 22 The
1640 3669 114 23 Directors
1769 3669 66 22 there-

1259 3704 46 21 fore
1314 3699 144 24 recommend
1465 3702 23 18 to
1505 3696 112 23 Colonists
1630 3695 38 26 the
1686 3695 75 22 Union
1777 3695 58 23 Bank

1260 3730 26 22 of
1295 3727 120 24 -Australia
1432 3733 24 15 aa
1474 3732 29 16 an
1529 3722 168 24 establishment
1716 3722 120 28 possessing

1260 3755 55 24 their
1330 3755 71 21 entire
1422 3752 138 26 confidence,
1579 3749 46 24 and
1640 3749 53 22 able
1710 3751 35 23 to,
1750 3748 85 29 provide

1260 3781 122 27 effectually
1397 3781 36 21 for
1447 3779 38 22 the
1498 3776 108 24 financial
1619 3779 70 19 wants
1705 3775 26 21 of
1742 3777 36 20 the
1794 3776 42 22 first

1260 3808 131 25 settlement.
1443 3812 3 4 •
1560 3807 194 30 „.,,,'

1422 3833 36 27 By
1467 3831 67 23 order
1539 3831 30 21 of
1578 3830 38 22 the
1625 3829 82 27 Board;

1499 3864 86 23 JOHN
1599 3863 104 27 WARD,
1717 3862 117 28 Secretary,

1258 3896 56 24 New
1322 3893 100 24 Zealand
1431 3891 65 25 Land
1505 3891 135 29 Company's
1647 3890 79 26 Office,

1251 3942 4 3 ■
1274 3930 31 25 <.l,
1315 3919 160 32 Adam-Btreßti
1484 3922 106 29 Adelphl,
1601 3922 120 26 27&.Au*.
1737 3922 62 24 1889.

1867 720 68 36 ~\\T
1968 720 106 27 SEEAR,
2091 722 146 23 Carpenter-
2243 724 42 21 and
2295 740 2 5 ,
2300 724 110 28 Builder,
2415 732 37 15 re-

1881 745 14 22 V
1905 750 13 17 T
1940 757 9 11 •
1981 747 117 27 spectfully
2106 755 130 18 announces
2244 754 21 17 to
2271 750 38 22 the
2318 750 133 23 inhabitants

1867 772 24 21 of
1909 772 52 22 Port
1980 773 127 28 Nicholson,
2127 774 49 23 that
2189 776 29 21 he
2227 776 41 23 has
2278 777 123 27 completed
2416 778 34 21 his

1866 805 48 15 new
1935 799 132 28 workshops,
2079 800 44 23 and
2135 802 17 21 is
2171 809 49 15 now
2239 803 68 27 ready
2323 807 22 18 to
2361 804 50 26 give
2425 804 26 21 in

1865 825 99 22 Tenders
1974 827 34 22 for
2018 826 37 21 the
2065 828 99 21 erection
2174 829 25 21 of
2206 829 122 27 Buildings.

1892 856 192 28 Manners-street,
2096 858 31 23 Te
2138 856 52 30 Aro,
2203 860 61 22 Nov.
2273 862 35 20 11.

1865 901 136 47 DAVID
2016 901 192 30 WILKINSON,
2223 904 89 31 begs.to
2321 905 82 21 inform
2411 905 39 22 the

1947 927 82 28 public,
2051 929 47 21 that
2117 930 28 21 he
2161 930 40 22 has
2217 938 50 14 now
2284 931 68 27 ready
2361 931 35 22 for
2405 931 46 22 sale

1865 954 72 25 plants
1953 954 27 21 of
1990 955 47 21 that
2053 956 107 22 beautiful
2176 964 49 14 new
2241 957 98 28 seedling
2354 959 97 20 mimulus

1868 981 138 26 Wilkinsonii,
2017 978 38 26 the
2065 983 104 22 varieties
2177 985 85 24 youngii
2269 985 44 21 and
2322 986 82 20 smithis
2413 993 37 14 are

1864 1011 39 17 not
1920 1011 23 17 to
1959 1009 28 19 be
2003 1009 119 26 compared
2138 1013 21 17 to
2178 1011 30 26 it;
2231 1008 47 24 the'
2291 1011 105 23 blossoms
2411 1019 39 15 are

1864 1036 53 18 neat
1926 1034 44 21 and
1980 1034 89 26 regular
2083 1035 24 21 in
2121 1036 64 27 form,
2204 1037 45 21 and
2265 1041 58 18 most
2337 1036 114 29 distinctly

1863 1059 91 22 marked
1973 1058 54 24 with
2044 1061 96 23 crimson
2161 1070 27 14 on
2208 1063 79 27 yellow
2302 1065 94 26 ground,
2413 1065 37 21 the

1863 1086 86 21 flowers
1959 1094 39 14 are
2008 1088 115 26 produced
2130 1089 23 21 in
2164 1089 133 23 abundance
2308 1091 45 21 and
2359 1090 92 22 renders

1864 1112 37 21 the
1910 1112 65 27 plant
1983 1121 53 19 very
2046 1114 83 27 showy,
2141 1115 44 21 and
2201 1116 110 27 produces
2324 1124 14 14 a
2353 1117 98 22 brilliant

1863 1146 136 20 appearance
2006 1148 5 19 ;
2024 1140 37 21 the
2072 1141 63 27 plant
2143 1142 20 21 is
2172 1149 53 20 easy
2234 1145 22 19 to
2265 1143 107 22 increase.

1890 1164 50 23 P.S.
1958 1166 124 28 Flowering
2091 1168 73 27 plants
2173 1173 42 17 two
2224 1169 100 26 shillings
2333 1170 63 22 each.

1891 1192 51 22 Oct.
1954 1194 35 25 21,
2002 1195 60 20 1842.

2088 1239 53 20 For
2156 1239 70 25 Sale,

1865 1269 96 36 npWO
1975 1270 118 22 well-built
2107 1272 131 22 substantial
2253 1273 87 27 houses,
2354 1274 96 22 situated

1872 1293 28 24 JL
1924 1295 24 22 in
1959 1304 43 14 one
2012 1297 25 21 of
2050 1297 36 22 the
2095 1302 58 19 most
2163 1300 134 22 convenient
2305 1303 60 25 parts
2375 1302 26 20 of
2411 1301 38 21 the

1863 1325 67 23 town,
1947 1323 94 27 directly
2055 1324 23 21 in
2096 1324 37 22 the
2148 1333 49 14 rear
2215 1327 26 20 of
2251 1327 106 21 Barrett's
2373 1328 75 21 Hotel.

1863 1348 48 21 One
1923 1350 26 20 of
1959 1350 61 21 them
2035 1351 102 22 contains
2150 1352 51 22 four
2217 1360 79 20 rooms,
2309 1354 44 21 and
2367 1354 19 21 is
2401 1361 49 15 now

1863 1376 107 27 realizing
1980 1378 43 21 10s.
2034 1378 94 22 a-week.
2166 1380 22 20 A
2198 1380 104 21 fourteen
2316 1387 64 20 years
2391 1381 58 21 lease

1863 1409 41 14 can
1914 1403 27 21 be
1949 1404 74 26 given.
2060 1404 48 22 The
2124 1406 87 26 ground
2225 1406 19 21 is
2262 1406 52 23 well
2328 1407 78 22 fenced
2414 1408 32 27 in,

1863 1429 45 21 and
1916 1436 52 20 may
1977 1430 29 21 be
2015 1438 53 14 seen
2079 1438 28 14 on
2118 1432 133 27 application
2264 1436 22 19 to

2226 1469 22 21 J.
2259 1470 134 25 Shepherd,

2154 1495 32 21 At
2196 1495 92 22 Colonel
2299 1495 149 22 Wakefield's.

1863 1536 39 20 To
1919 1537 45 20 the
1981 1538 140 20 Creditors
2177 1539 107 27 Wright
2293 1540 54 21 and
2357 1540 91 21 Clark.

1863 1571 51 47 A
1929 1569 161 23 DIVIDEND
2100 1571 26 21 of
2131 1572 43 22 five
2184 1572 101 27 shillings
2291 1573 24 21 in
2325 1573 38 21 the
2371 1573 77 26 pound

1942 1597 46 21 will
2006 1597 27 22 be
2049 1597 52 28 paid
2117 1601 22 19 to
2154 1599 38 21 the
2207 1599 106 23 creditors
2326 1600 25 20 of
2361 1599 89 27 Wright

1865 1623 42 21 and
1928 1623 72 28 Clark,
2022 1631 28 14 on
2070 1623 42 23 and
2133 1625 57 22 after
2210 1626 106 27 Monday,
2336 1626 37 22 the
2396 1627 54 21 28th

1863 1650 91 26 instant,
1968 1654 22 17 at
2001 1650 36 22 the
2054 1651 76 21 offices
2147 1652 26 21 of
2193 1652 90 22 Messrs.
2304 1652 79 22 Waitt
2403 1660 45 15 and

1863 1676 84 22 Tyser.

1890 1703 145 28 Wellington,
2052 1703 50 23 Oct.
2113 1705 34 26 92,
2161 1706 61 21 1842.

2103 1749 108 21 Notice.

1865 1780 90 49 ALL
1981 1782 138 21 PERSONS
2138 1782 84 28 having
2241 1790 43 20 any
2303 1782 96 23 demand
2418 1791 30 15 on

1928 1808 38 21 the
1982 1808 156 27 undersigned,
2163 1816 37 15 are
2215 1810 116 27 requested
2354 1814 21 18 to
2394 1818 56 14 sena

1865 1834 36 21 the
1925 1841 60 15 same
2003 1835 24 21 in
2046 1835 154 28 immediately
2219 1840 22 18 to
2260 1837 89 22 Messrs.
2368 1837 81 28 Henry

1864 1860 81 28 Ta3'lor
1954 1861 46 22 and
2010 1862 58 21 Cos.
2081 1862 69 22 Store.

2171 1889 30 21 D.
2217 1890 22 21 S.
2253 1890 80 22 Durie
2347 1891 19 20 &
2381 1891 39 21 Co.

1865 1914 142 27 Wellington,
2019 1914 129 23 November
2159 1917 31 25 18,
2203 1917 59 20 1842.

2069 1960 38 20 To
2123 1961 33 20 be
2171 1961 75 24 Sold,

1865 1991 50 47 A
1947 1990 179 22 BEAUTIFUL
2157 1991 114 22 half-bred
2306 1991 140 24 DURHAM

1930 2015 87 28 BULL,
2037 2020 23 17 to
2079 2016 28 21 be
2127 2024 53 14 seen
2199 2021 23 18 at
2240 2017 130 23 Trelessick.
2404 2019 44 21 For

1865 2045 73 24 terms,
1950 2043 65 26 apply
2026 2046 23 18 to

1883 2082 3 3 •
2145 2070 103 22 Captain
2263 2070 27 23 E.
2305 2070 114 23 Daniell.

2001 2115 87 20 Town
2105 2115 31 20 of
2147 2116 165 21 Manewatu.

1865 2147 92 49 THE
1980 2147 214 23 PROPRIETORS
2218 2149 26 21 of
2267 2149 38 22 the
2325 2149 61 22 three
2399 2150 47 21 first

1952 2174 89 22 choices
2057 2177 22 18 at
2089 2175 37 21 the
2144 2175 43 21 last
2201 2175 106 22 selection
2317 2177 29 20 of-
2356 2180 92 24 country

1864 2201 70 26 lands,
1947 2201 83 26 having
2050 2201 137 22 determined
2201 2209 61 19 upon
2278 2203 38 21 the
2332 2203 39 21 site
2387 2204 33 20 for
2434 2211 14 14 a

1877 2227 94 22 TOWN
1987 2227 42 21 ON
2044 2227 65 22 THE
2125 2228 187 22 MANEWATU
2326 2229 105 26 RIVER,

1864 2254 56 21 after
1924 2255 79 19 several
2011 2255 59 19 visits
2080 2258 21 18 to
2111 2254 37 22 the
2158 2255 184 26 neighbouroood,
2354 2256 46 21 and
2409 2257 37 21 the

1863 2283 58 19 most
1940 2281 85 22 careful
2044 2281 45 21 and
2106 2281 83 22 minute
2210 2282 148 22 examination
2373 2283 26 21 of
2410 2283 38 22 the

1865 2312 70 17 entire
1950 2308 92 26 district,
2050 2307 3 4 '
2058 2307 65 22 aided
2140 2309 30 26 by
2178 2308 38 22 the
2232 2309 143 27 professional
2389 2309 55 28 skill,

1864 2334 136 27 knowledge,
2020 2334 44 22 and
2079 2335 130 26 experience
2224 2335 25 21 of
2261 2335 36 22 the
2314 2339 58 18 most
2387 2343 59 14 com-

1864 2364 76 23 petent
1947 2361 87 27 judges,
2051 2368 92 20 propose
2159 2365 22 17 to
2198 2361 53 22 offer
2262 2363 33 20 for
2312 2362 101 27 disposal,
2424 2366 24 18 at

2012 2387 38 22 the
2063 2391 89 24 present
2162 2389 58 25 time,
2234 2389 66 21 about

1864 2414 218 22 TWENTY-FIVE
2116 2415 106 26 ACRES,
2260 2415 35 22 IN
2333 2415 114 23 ALLOT-

1865 2441 112 27 MENTS,
1993 2441 85 22 EACH
2099 2440 39 22 OF
2164 2441 62 21 ONE
2247 2441 147 24 QUARTER
2408 2443 38 21 OF

2082 2467 43 21 AN
2142 2468 88 21 ACRE.

1890 2494 47 22 The
1947 2497 49 26 spot
2005 2494 50 22 thus
2065 2493 96 23 selected
2173 2502 110 19 possesses
2291 2493 37 23 the
2338 2498 58 19 most
2410 2503 38 15 ex-

1864 2521 85 22 tensive
1963 2521 101 27 frontage
2079 2523 22 19 to
2119 2521 55 27 deep
2186 2526 67 17 water
2270 2521 25 21 of
2307 2528 42 25 any
2364 2529 28 15 on
2411 2522 37 22 the

1864 2548 64 21 river.
1957 2547 23 22 It
1997 2548 18 21 is
2034 2547 97 21 situated
2145 2548 47 26 just
2205 2551 23 18 at
2244 2548 54 22 that'
2311 2549 62 25 point
2391 2549 57 21 from

1926 2573 73 23 which
2008 2581 14 14 a
2031 2573 54 22 road
2097 2574 71 21 would
2179 2575 83 21 branch
2273 2575 34 21 off
2312 2578 21 18 to
2344 2574 37 22 the

1865 2608 94 14 WOODED
1983 2608 45 14 AND
2050 2607 97 15 FERTILE
2168 2608 115 14 DISTRICTS
2305 2608 75 14 ALONG
2402 2609 45 15 THE

2034 2634 56 14 BASE
2104 2634 27 14 OF
2145 2634 46 14 THE
2206 2634 74 20 HILLS,

1865 2653 43 21 and
1921 2653 70 21 above
2001 2652 73 22 which
2084 2652 36 22 the
2135 2653 128 26 navigation
2276 2654 35 21 for
2320 2653 81 22 vessels
2409 2654 40 22 be-

1865 2687 74 15 comes
1949 2681 85 24 tedious,
2044 2681 25 24 if
2073 2681 37 19 not
2119 2681 94 25 difficult.
2243 2681 22 21 It
2271 2681 18 21 is
2296 2679 106 23 therefore
2410 2681 36 21 the

2062 2707 63 27 point
2133 2707 73 21 where
2217 2707 36 21 the

1866 2740 88 22 LAND
1970 2740 66 22 AND
2051 2740 114 22 WATER
2179 2740 161 23 CARRIAGE
2354 2740 93 23 MEET,

1866 2767 44 21 and
1921 2768 71 21 where
2003 2775 13 14 a
2025 2767 69 22 Town
2110 2775 61 14 must
2185 2775 29 14 be
2229 2774 90 15 formed
2335 2768 65 21 when
2410 2768 38 22 the

1867 2794 84 21 district
1966 2794 19 21 is
1995 2794 87 21 settled.
2110 2794 23 21 It
2141 2801 44 14 was
2196 2794 95 22 selected
2308 2794 29 27 by
2347 2794 37 21 the
2398 2795 52 22 Sur-

1867 2820 80 28 veying
1957 2821 58 22 Staff
2027 2828 23 14 as
2061 2820 36 22 the
2107 2821 137 22 rendezvous
2252 2821 36 22 for
2303 2820 57 22 their
2373 2821 59 27 body
2441 2829 7 19 ;

1867 2848 42 21 and
1921 2847 39 22 has
1970 2848 56 21 been
2036 2855 51 14 now
2098 2847 78 28 found,
2187 2848 57 21 after
2254 2847 85 22 several
2355 2849 95 22 months'

1865 2874 104 26 location,
1981 2878 22 17 to
2018 2874 26 21 be
2053 2874 38 21 the
2101 2878 58 17 most
2172 2874 165 27 advantageous
2346 2875 102 27 position,

1866 2900 57 21 from
1940 2902 27 20 its
1982 2900 97 28 peculiar
2098 2901 85 27 facility
2200 2901 26 21 of
2237 2900 111 29 approach
2358 2901 52 22 both
2420 2902 30 27 by

1867 2927 52 22 land
1929 2927 45 22 and
1982 2931 80 23 water.,

1893 2954 29 21 In
1933 2954 153 21 confirmation
2096 2953 26 21 of
2128 2954 37 21 the
2175 2954 130 26 superiority
2315 2953 26 22 of
2349 2953 42 22 this
2401 2957 49 24 spot

1867 2987 53 14 over
1929 2988 44 19 any
1983 2980 62 22 other
2053 2984 39 24 yet
2099 2980 90 26 known,
2201 2980 38 21 the
2249 2981 89 20 Messrs.
2347 2980 101 27 Kebbell,

1867 3008 56 20 after
1941 3008 38 20 the
1998 3007 150 22 examination
2165 3007 26 21 of
2207 3006 37 21 the
2262 3006 58 22 river
2335 3006 58 22 from
2410 3006 38 22 the

1867 3033 89 22 Paneiri
1965 3034 46 21 Pah
2022 3037 23 18 to
2053 3033 30 22 its
2092 3033 85 26 mouth,
2189 3033 138 22 determined
2340 3040 29 14 on
2379 3037 70 18 erect-

1899 3059 11 12 <k
1913 3069 6 4 -
1983 3065 4 4 '
2103 3060 39 26 ing
2156 3059 57 22 their

1867 3093 66 21 SAW
1947 3093 80 21 MILL
2048 3092 229 21 IMMEDIATELY
2291 3091 158 23 OPPOSITE.

1866 3120 48 21 The
1932 3120 71 21 works
2021 3118 25 22 of
2060 3118 49 21 that
2128 3118 167 22 establishment
2313 3125 36 15 are
2368 3122 23 18 at
2406 3119 44 22 this

1867 3149 101 19 moment
1984 3146 24 21 in
2022 3144 64 29 rapid
2100 3152 108 20 progress,
2225 3145 44 22 and
2287 3145 37 22 the
2342 3146 108 27 proposed

1867 3173 69 22 Town
1945 3173 45 21 will
1999 3172 132 26 necessarily
2137 3173 92 27 partake
2235 3172 25 21 of
2266 3172 43 21 this
2319 3171 130 28 advantage.

1893 3200 49 22 The
1961 3199 92 22 nucleus
2069 3198 24 22 of
2109 3206 14 13 a
2140 3199 69 22 Town
2224 3199 26 27 is,
2259 3199 24 21 in
2297 3198 52 27 iact,
2360 3199 91 27 already

1868 3226 95 26 created,
1973 3227 30 26 by
2011 3225 39 22 the
2060 3225 164 22 concentration
2241 3225 25 22 of
2280 3225 37 22 the
2328 3226 122 27 Surveying

1867 3253 59 22 Staff
1931 3260 30 14 on
1971 3253 48 21 that
2027 3255 56 25 spot,
2095 3259 24 14 as
2129 3253 37 20 the
2175 3254 75 19 centre
2265 3252 26 21 of
2301 3252 149 22 communica-

1867 3281 46 20 tion
1923 3282 23 19 to
1957 3280 37 20 the
2004 3278 148 27 surrounding
2161 3278 96 28 district;
2274 3278 37 22 the
2321 3279 96 21 erection
2427 3280 26 21 of

1867 3307 90 21 Messrs.
1969 3305 116 22 Kebbell's
2099 3306 50 21 Saw
2165 3304 63 22 Mills
2244 3304 96 30 opposite
2347 3313 5 19 ;
2369 3306 29 26 by
2411 3306 37 21 the

1867 3335 163 25 arrangements
2044 3332 35 21 for
2093 3338 30 14 an
2138 3332 113 21 extensive
2264 3331 96 22 General
2373 3333 75 26 Store;

1867 3360 45 21 and
1922 3360 28 26 by
1958 3360 38 21 the
2005 3359 44 21 late
2059 3358 133 28 application
2197 3358 35 21 for
2240 3365 13 14 a
2258 3357 108 22 Licensed
2373 3358 76 23 House

1867 3393 28 15 on
1903 3386 39 21 the
1950 3389 51 25 part
2010 3385 25 22 of
2046 3391 30 15 an
2085 3384 122 21 individual
2221 3384 49 21 who
2284 3384 46 26 has,
2342 3384 59 21 since
2411 3385 38 22 the

1867 3413 117 21 formation
2003 3412 24 21 of
2042 3411 37 21 the
2095 3411 91 26 Colony,
2201 3410 105 27 pursued'
2313 3417 13 14 a
2345 3410 104 23 lucrative

1868 3439 62 21 trade
1940 3439 53 21 with
2003 3438 37 22 the
2050 3437 92 27 natives,
2154 3436 45 22 and
2210 3436 71 23 whose
2291 3437 129 27 knowledge
2427 3438 26 21 of

1867 3466 36 21 the
1914 3466 136 25 advantages
2060 3464 25 21 of
2091 3463 39 22 the
2138 3464 103 26 position,
2247 3464 116 27 prompted
2373 3464 45 22 him.
2427 3467 24 19 at

1867 3499 56 14 once
1934 3496 22 17 to
1964 3492 73 27 prefer
2046 3490 49 22 that
2107 3490 141 28 application.

1892 3518 48 22 The
1950 3518 94 22 Natives
2059 3517 29 27 by
2097 3519 73 19 whom
2185 3516 45 22 this
2239 3516 53 22 land
2304 3523 43 15 was
2356 3516 94 23 claimed

1867 3552 36 15 are
1914 3546 64 26 quite.
1984 3543 109 29 prepared
2094 3551 6 7 v
2101 3546 23 18 to
2132 3542 318 29 giveup,possession,'andare

1867 3572 145 26 exceedingly
2021 3570 93 21 anxious
2128 3574 21 16 to
2157 3568 64 25 .have
2232 3576 12 15 a
2253 3569 118 29 European
2380 3577 69 21 popu-

1865 3598 68 22 lation
1943 3604 82 20 among
2034 3597 68 25 them,
2114 3595 83 27 having
2214 3595 57 22 been
2278 3602 60 22 upon
2348 3596 41 21 the'
2394 3600 57 18 most

1865 3624 96 28 friendly
1968 3624 85 26 footing
2063 3622 53 21 with
2126 3622 37 21 the
2175 3622 125 27 Surveying
2309 3622 57 21 Staff
2372 3622 79 27 during

1864 3652 38 21 the
1910 3651 51 22 four
1970 3657 25 15 or
2003 3650 43 21 five
2056 3648 89 22 months
2153 3648 54 27 they
2227 3648 57 22 have
2300 3648 55 21 been
2364 3648 88 23 located

1864 3678 71 23 there.
2002 3681 3 6 '

1891 3705 35 22 As
1936 3704 36 23 the
1980 3703 137 27 Proprietors
2126 3708 93 22 purpose
2229 3704 22 18 to
2262 3701 85 26 dispose
2357 3701 27 21 of
2389 3704 40 20 but
2438 3709 13 15 a

1864 3731 86 24 limited
1963 3729 90 26 portion
2069 3728 26 23 of
2105 3728 39 23 the
2158 3728 76 23 Town,
2243 3730 24 19 at
2283 3724 96 32 psreßent»
2398 3728 54 28 thay

1864 3758 79 28 pledge
1952 3756 134 26 themselves
2094 3755 55 27 that,
2160 3758 23 18 at
2192 3762 28 14 no
2241 3754 144 27 fuburesales,
2396 3755 57 24 shall

1866 3785 38 22 the
1914 3784 128 23 allotments
2050 3782 29 22 be
2088 3784 40 25 put
2133 3788 31 20 up
2173 3784 24 19 at
2206 3788 13 15 a
2230 3777 44 25 'ese
2283 3786 49 16 sum
2340 3781 55 22 than
2403 3789 50 16 now

1866 3810 90 23 offered.
2088 3819 3 2 ■
2254 3829 1 6 ,
2322 3808 3 6 '
2344 3811 2 4 '

1891 3840 23 22 A
1934 3838 135 27 Proßpec*ua.
2083 3833 47 23 and
2147 3833 57 23 Flan
2222 3834 29 21 of
2265 3833 37 23 the
2320 3833 69 24 Town
2407 3836 48 25 will

1865 3864 85 28 shortly
1960 3864 27 22 be
1997 3862 68 27 ready
2074 3861 34 22 for
2116 3861 125 28 inqpiecxtioa
2255 3864 24 19 at
2291 3860 165 25 tae:Officeß~oY

1867 3894 90 21 Messrs.
1969 3890 68 22 Waitt
2046 3888 45 23 end
2100 3887 75 28 Tyser,
2185 3887 33 22 Te
2229 3888 57 21 Aro;

1894 3918 146 26 Wellington,
2051 3914 65 28 April
2126 3915 33 27 23,
2171 3911 61 24 1842:
2265 3911 2 9 '
