2520 4010
1882 614 35 25 ''To
1926 619 35 20 the
1968 618 78 21 Editor
2055 619 26 24 if
2092 619 36 20 ihe
2158 620 51 20 iVew
2222 620 92 19 Zealand
2317 612 6 13 3
2325 620 90 25 Gazette,
2427 621 42 20 and

2044 647 124 25 Wellington
2179 647 125 25 Spectator.'
2308 648 5 10 1

1888 677 136 22 CAUTION
2048 677 44 23 TO.
2116 677 169 22 COLONISTS
2309 679 66 21 AND
2399 679 71 22 EMl-

2018 699 229 36 •:<%s*-'-\GRAiNTS.

1915 731 46 25 Sin,
1963 742 28 4 —
1992 731 166 28 HavingV.b'eeri
2179 731 86 28 greatly
2282 731 190 24 inconvenienced

1889 758 81 26 myself
1980 759 31 28 by,
2019 758 58 25 false,
2090 757 186 30 representations
2290 757 65 22 made
2366 762 21 17 to
2398 766 34 14 me
2442 759 30 27 by

1995 785 163 27 and\Tißlady,
2177 783 108 29 brokers,-
2292 785 22 21 in
2329 784 111 28 England,
2460 786 11 22 I

1888 810 85 22 wish'to
1984 818 59 15 warn
2054 811 64 21 other
2133 810 104 23 colonists
2252 809 46 24 and
2314 812 119 27 emigrants
2443 812 29 28 by

1887 844 38 20 my
1935 837 53 27 fate,'
1999 837 68 22 and'l
2076 837 57 29 J^ave
2143 845 30 14 no
2187 844 86 15 course,
2276 845 24 14 so
2315 838 91 27 goodjas
2416 846 56 19 your

1886 871 73 20 paper,
1970 863 73 30 whiph
2050 864 29 23 is,
2085 865 68 21 much
2168 863 54 23 read
2236 865 30 27 by
2274 865 89 27 parties,
2369 865 102 29 at-home

1887 891 48 21 who
1944 898 37 14 are
1992 890 97 22 desirous
2100 891 26 21 of
2137 891 94 26 settling
2244 891 25 21 in
2282 891 43 21 this
2340 891 90 28 Cokfny.
2460 893 11 22 I

1888 924 23 14 as
1927 917 49 21 well
1991 924 24 15 as
2039 924 67 20 many
2125 925 67 19 more,
2216 917 46 22 left'
2273 915 108 29 England,
2401 918 72 23 under

1888 943 37 22 the
1946 946 57 19 most
2021 945 78 20 solemn
2123 950 110 16 assuranc*
2253 943 47 23 that
2314 943 46 28 ,the,
2373 944 47 28 ship
2440 952 32 15 we

1968 971 24 21 in
2007 971 79 23 would,
2098 971 54 28 call,,
2156 975 23 18 at
2188 971 105 28 ,Nelspn,:
2302 977 25 14 on
2342 972 38 20 her
2394 978 46 19 way
2450 976 22 18 to

1885 997 45 26 ,this
1941 1000 53 25 port,
2006 997 45 22 and
2060 997 49 22 that
2119 1005 32 14 we
2160 997 82 23 should
2258 999 26 21 be
2299 997 81 23 landed
2395 998 75 29 there;

1886 1023 87 23 instead
1989 1025 25 21 of
2024 1024 73 22 which
2112 1032 32 14 we
2159 1025 58 22 have
2232 1024 58 22 been
2304 1024 96 28 brought
2412 1025 59 28 here,

1888 1051 43 21 and
1952 1051 88 28 wilLby
2055 1051 49 21 that
2119 1058 76 15 means
2210 1051 47 21 lose
2270 1051 43 21 five
2328 1051 27 21 of
2373 1052 35 21 the
2425 1053 48 22 best

1888 1077 71 22 weeks
1968 1077 70 23 in-the
2049 1085 53 20 year
2113 1079 34 21 for
2161 1079 102 26 farmers,
2274 1077 87 23 besides
2371 1079 102 28 suffering

1887 1111 61 20 many
1958 1105 63 22 other
2030 1112 149 19 annoyances.
2209 1104 72 26 Therp
2297 1112 36 14 are
2344 1112 81 20 among
2436 1105 35 23 the

1888 1138 125 19 passengers
2024 1129 128 28 for'JKels'on
2162 1132 24 21 in
2196 1130 43 22 this
2248 1131 68 28 .ship,',
2321 1138 120 21 possessors
2451 1134 25 21 of

1888 1160 61 25 1,200
1968 1165 61 15 acres
2043 1159 26 20 of
2079 1158 61 27 land,
2152 1159 49 21 who
2218 1158 74 21 would
2305 1158 31 21 be'
2349 1158 124 29 employing

1889 1188 23 18 at
1921 1184 42 22 this
1978 1183 54 23 time
2049 1185 58 21 from
2123 1183 173 33 twenty-fiye^to
2310 1185 139 26 thirtyimen,
2460 1194 13 14 a

1889 1211 63 26 thing
1962 1213 23 19 to
1996 1210 26 22 be
2034 1210 129 22 considered
2178 1211 11 21 I
2200 1210 72 27 fancy,
2276 1207 39 30 'iff,
2370 1216 103 19 accounts

1890 1244 32 14 we
1937 1237 60 23 hear)
2004 1237 58 21 from
2072 1237 49 21 that
2137 1237 62 27 place
2217 1237 26 21 be
2265 1240 53 18 true.
2343 1237 76 27 'Now,
2436 1239 37 22 the

1889 1263 76 21 advice
1979 1263 8 21 I
1998 1263 73 21 would
2078 1263 52 26 give
2146 1267 22 18 to
2183 1270 91 21 persons
2290 1263 48 22 who
2349 1272 60 14 come
2421 1265 51 22 here

1890 1294 21 18 to
1921 1289 63 23 settle
1994 1289 73 22 would
2076 1289 29 22 be
2110 1311 3 8 :
2122 1293 22 19 to
2161 1290 58 22 have
2233 1290 31 21 all
2273 1291 149 28 transactions,
2437 1293 36 21 be-

1890 1320 69 18 tween
1976 1316 61 22 them
2053 1316 46 22 and
2116 1317 36 21 the
2170 1316 97 27 brokers,
2282 1317 22 25 ip
2320 1319 90 26 writing,
2428 1319 45 22 and

1890 1342 115 29 especially
2020 1347 24 17 to
2059 1343 59 21 have
2126 1343 42 24 ,the
2185 1346 51 25 port
2251 1346 22 18 at
2288 1343 72 23 which
2376 1345 36 21 the
2423 1345 48 28 ship

1888 1370 19 22 is
1918 1374 20 18 to
1949 1369 42 23 call
2001 1370 46 21 first
2064 1370 109 27 specified,
2185 1370 44 22 and
2239 1372 21 18 in
2270 1377 25 14 no
2305 1378 47 14 cote
2365 1371 107 23 whatever

1890 1400 21 18 to
1921 1397 47 27 rely
1978 1403 28 15 on
2022 1397 75 21 verbal
2115 1398 118 21 assertions
2249 1397 102 23 however
2365 1399 107 27 solemnly

1889 1424 51 27 they
1949 1430 51 19 may
2010 1423 28 21 be
2050 1423 71 21 made.
2148 1424 14 22 I
2171 1423 67 23 ■tbiuk.
2253 1424 53 27 they
2317 1425 72 22 would
2399 1425 46 21 find
2455 1427 18 20 it

1889 1450 68 22 worth
1983 1449 57 23 their
2060 1449 64 23 while
2133 1452 3 4 '
2142 1454 23 18 to
2184 1451 57 21 have
2262 1451 56 21 their
2337 1457 136 22 agreements

1889 1477 78 21 looked
1978 1475 59 23 over'
2045 1477 29 27 by
2085 1477 57 22 their
2158 1477 114 24 solicitors,
2285 1477 47 22 that
2347 1479 59 21 there
2422 1486 49 21 may

1888 1504 28 22 be
1925 1511 29 14 no
1969 1503 158 23 inaccuracies.
2158 1504 94 27 Hoping
2266 1505 11 21 I
2293 1505 28 21 do
2331 1510 41 17 not
2380 1508 92 25 trespass

1890 1533 35 19 too
1934 1530 67 22 much
2010 1538 29 14 on
2048 1537 54 20 your
2111 1530 103 22 valuable
2224 1538 71 20 space,

2040 1578 3 3 .
2060 1554 5 6 '
2135 1557 12 22 I
2158 1557 93 22 remain,

2052 1606 19 10 ;i
2111 1601 3 5 >
2161 1584 82 22 Your's
2253 1585 47 27 &c,

2163 1618 3 4 •
2187 1611 163 23 Constantine
2361 1613 96 22 DiliLon.

1918 1638 52 28 Ship
1982 1639 78 26 George
2070 1638 54 27 Fife,
2136 1639 130 21 November
2274 1637 39 28 25,'
2319 1640 61 21 1842.

1308 1345 43 24 We
1364 1347 72 22 insert
1448 1347 23 22 in
1482 1347 100 30 to-day's
1595 1354 78 23 paper,
1686 1355 14 14 a
1714 1347 67 23 letter
1801 1347 59 24 from

1269 1378 50 24 ;the,
1326 1380 134 23 Honorable
1471 1380 150 23 Constantine
1632 1380 89 28 Dillon,
1734 1380 125 31 complain-

1277 1413 42 30 ing
1338 1413 26 22 of
1385 1421 14 14 a
1417 1413 85 23 breach
1521 1413 23 22 of
1560 1417 108 25 contract,
1689 1421 29 15 on
1730 1413 38 23 the
1777 1419 50 26 part
1839 1414 24 23 of

1277 1445 39 23 the
1326 1446 132 23 brokers'-to
1472 1446 38 23 the
1530 1446 50 31 ship
1599 1446 89 31 Gporge
1705 1446 68 30 Fyfe.
1826 1447 34 23 As

1278 1479 181 29 recommended,
1481 1480 20 22 it
1528 1480 19 22 is
1585 1479 82 31 always
1695 1479 115 24 advisable
1830 1481 23 22 iti

1276 1514 122 29 arranging
1422 1512 54 24 with
1498 1512 95 24 brokers
1617 1517 28 19 to.
1662 1514 58 22 have
1739 1521 14 15 a
1772 1514 88 22 written

1276 1550 139 26 agreement.
1446 1545 59 24 i'We
1524 1546 57 23 need
1598 1545 80 32 hardly
1684 1550 2 5 '
1695 1549 57 20 state
1764 1547 48 22 that
1823 1547 38 23 the

1276 1578 57 24 New
1346 1578 102 24 Zealand
1461 1579 115 31 Company
1589 1580 21 22 is
1623 1580 23 22 in
1658 1587 29 15 no
1700 1587 47 22 way
1755 1584 22 18 to
1783 1580 76 23 blame

1277 1612 23 22 in
1314 1612 37 23 the
1368 1616 83 19 matter
1465 1612 141 32 complained
1618 1613 29 28 of,
1665 1621 25 14 as
1707 1613 19 22 it
1737 1613 19 22 is
1769 1617 91 20 notione

1277 1644 25 24 of
1318 1645 58 23 their
1385 1644 121 25 chartered
1517 1646 71 30 ships.
1634 1653 3 4 '
1689 1646 6 18 ;-

1310 1702 107 25 Another
1439 1702 159 25 mad-brained
1621 1707 95 27 attempt
1737 1703 42 24 has
1803 1704 58 23 been

1277 1736 67 24 made
1364 1743 30 16 on
1412 1736 39 23 the
1471 1736 38 23 life
1529 1737 24 22 of
1678 1737 110 29 Victoria,
1801 1737 44 31 by.
1844 1760 4 9 ;
1850 1745 12 15 a

1270 1774 4 8 ;
1277 1769 72 30 youth'
1366 1769 84 23 named
1470 1770 71 29 Bean,
1566 1778 28 15 an
1618 1770 80 24 errand
1719 1771 46 30 boy
1787 1775 24 19 at
1834 1778 28 16 an

1276 1802 166 31 Apothecaries
1454 1803 65 31 shop.
1551 1803 55 24 The
1624 1808 107 19 accounts
1742 1804 120 30 published

1276 1837 139 30 concerning
1427 1836 48 25 the,
1481 1836 104 31 pleasant
1596 1837 39 23 life
1655 1836 49 24 lead
1723 1837 29 30 by
1766 1837 95 29 Oxford,

1276 1877 74 16 seems
1363 1874 21 18 to
1382 1869 5 4 J
1397 1869 59 24 have
1467 1870 56 23 been
1537 1870 36 23 the
1587 1877 67 16 cause
1665 1870 25 23 of
1700 1870 54 23 both
1765 1870 24 23 of
1798 1870 64 23 these

1277 1902 56 24 after
1346 1905 116 28 attempts',
1476 1903 263 32 anticip'atingnodoubt
1752 1903 36 23 the
1801 1912 62 15 same

1272 1940 125 19 'treatment
1417 1936 54 23 and-
1481 1936 47 23 fare
1547 1936 49 23 that
1615 1936 38 23 the
1671 1936 85 24 lunatic
1774 1936 88 24 Oxford

1276 1968 41 24 has
1323 1995 3 8 r
1338 1969 112 23 received.
1505 1969 91 24 Unlike
1613 1969 110 30 'Francis,
1747 1969 115 30 however,

1266 2011 6 11 f
1277 2001 95 23 Bean-is
1384 2007 41 16 not
1437 2007 22 16 to
1471 2003 29 21 be
1508 2003 60 27 jtried
1580 2003 31 27 by
1624 2002 43 27 the,
1672 2000 73 31 Privy
1758 2002 103 28 Council,

1276 2034 41 22 but
1336 2035 19 21 is
1375 2034 131 22 committed
1527 2038 22 18 to
1570 2034 54 22 take
1648 2034 35 23 his
1705 2034 53 23 trial
1779 2039 24 18 at
1825 2036 37 22 the

1277 2067 93 23 Central
1390 2067 112 22 Criminal
1524 2067 78 28 Court,
1622 2067 44 23 and
1689 2067 37 24 the
1747 2068 116 23 witnesses

1276 2103 44 20 are'
1326 2100 83 23 bound-
1415 2108 54 15 over
1480 2104 23 19 to
1516 2105 127 25 prosecute.

1312 2157 50 24 The
1380 2157 85 23 Native
1483 2157 61 23 chief
1560 2158 127 31 Warepori,
1709 2158 49 24 who
1777 2159 41 23 has
1838 2167 26 15 so

1277 2191 62 23 often
1350 2191 58 23 been
1420 2191 104 31 reported
1534 2199 24 15 as
1570 2191 64 29 dead,
1646 2192 90 31 expired
1750 2200 28 15 on
1788 2192 76 24 Tues-

1277 2224 44 30 day
1340 2225 51 28 last,
1405 2223 39 25 the
1465 2225 67 23 22nd.
1545 2226 93 27 instant,
1657 2230 24 18 at
1701 2225 163 31 Ngahuranga.

1277 2258 51 23 The
1342 2257 102 24 Colonist
1456 2266 109 23 purposes
1584 2259 78 30 giving
1682 2267 28 14 an
1731 2264 95 18 account
1844 2263 24 24 of

1277 2291 36 23 his
1324 2291 49 28 life;
1385 2291 76 23 which
1472 2296 62 18 must
1545 2292 28 23 be
1585 2291 84 30 replete
1681 2292 54 24 with
1747 2293 102 23 interest.

1312 2346 51 24 The
1382 2346 88 31 barque
1495 2345 66 25 Lord
1582 2345 127 31 Auckland,
1733 2349 49 22 628
1805 2352 59 25 tons,

1280 2379 97 31 Captain
1390 2379 101 29 Jardine,
1504 2379 73 24 which
1598 2380 88 23 arrived
1706 2385 23 18 at
1747 2380 56 28 this.
1803 2381 64 30 place

1278 2413 24 22 in
1314 2412 120 32 February
1445 2413 52 29 last,
1510 2413 53 23 with
1583 2413 123 31 emigrants
1723 2413 36 24 for
1771 2414 94 29 Nelson,

1278 2446 20 23 is
1310 2446 107 31 reported
1429 2447 69 26 to/be^
1503 2447 120 23 wrecked,.
1625 2448 25 21 in
1669 2447 85 23 Torres
1775 2448 90 28 Straits,

1279 2484 40 18 not
1340 2479 35 23 far
1396 2479 61 24 from
1479 2480 39 23 the
1540 2484 52 26 spot
1613 2479 72 24 where
1707 2481 37 22 the
1768 2478 99 26 Martha

1279 2512 111 31 Ridgoay
1403 2521 47 15 was
1460 2514 54 23 lost.
1548 2513 44 24 We
1606 2517 81 19 cannot
1698 2513 73 24 vouch
1782 2514 35 23 for
1829 2514 37 23 the

1279 2545 151 31 authenticity
1443 2547 25 22 of
1482 2547 46 22 tins
1538 2550 85 28 report,
1636 2546 44 24 and
1691 2547 84 30 merely
1787 2547 51 31 give
1849 2548 18 22 it

1279 2587 26 14 as
1317 2587 101 14 rumour.

1928 2401 57 23 This
1998 2409 67 15 cause
2077 2401 109 31 occupied
2198 2401 39 23 the
2249 2405 63 19 court
2323 2401 77 30 nearly
2410 2401 62 22 three

1895 2434 77 24 hours.
2068 2448 3 4 ■
2091 2442 2 5 '

1894 1698 158 27 COUNTY
2067 1698 126 28 COURT,
2228 1697 238 25 WELLINGTON.

1894 1743 116 20 BEFORE
2027 1743 58 19 -HIS
2107 1743 114 20 HONOR
2242 1743 25 19 E:
2292 1743 177 25 HALSWLEL,

2017 1768 139 22 JUDGE.'—
2158 1768 88 22 CIVIL
2262 1768 78 22 SIDE.

1925 1803 74 24 Baker
2016 1812 22 15 v.
2048 1804 4 4 '
2062 1804 89 31 Gatley.
2154 1818 34 3 —
2188 1803 85 24 Action
2292 1804 33 23 for
2343 1804 69 30 goods
2424 1804 48 24 sold

1894 1837 41 23 and
1944 1837 118 30 delivered,
2075 1839 135 28 amounting
2221 1841 22 19 to
2255 1838 37 23 £5
2311 1839 36 21 2s.
2360 1837 38 24 6d.

1924 1870 43 24 Dr.
1982 1870 79 24 Evans
2072 1871 113 31 appeared
2200 1870 34 23 for
2257 1870 38 23 the
2313 1870 104 31 plaintiff,
2430 1870 42 24 and

1894 1904 102 23 evidence
2008 1912 46 15 was
2067 1905 113 30 produced
2192 1907 22 19 to
2227 1911 68 23 prove
2316 1903 38 23 the
2375 1903 97 32 delivery

1894 1937 24 23 of
1926 1937 84 23 certain
2022 1937 99 29 articles,
2135 1937 44 23 and
2192 1937 38 22 the
2242 1941 95 18 account
2349 1936 59 23 book
2420 1944 52 16 con-

1894 1971 85 30 taining
1990 1971 38 23 the
2038 1971 67 23 items
2118 1971 57 23 from
2187 1969 39 24 the
2236 1969 59 25 20th
2304 1969 168 29 March,.lß4l,

1894 2008 20 17 to
1930 2003 44 22 .the
1997 2004 60 21 2-itli
2079 2003 67 27 June,
2172 2004 73 26 1842,
2266 2009 45 16 was
2328 2008 44 24 put
2387 2003 25 22 in
2429 2003 43 22 and

1894 2036 91 31 proved.
2001 2034 77 17 ■•""'<•
2126 2032 57 25 '",""'

1926 2069 46 22 Mr.
1986 2068 62 23 Ross
2060 2069 35 22 for
2107 2067 148 29 the.defence,
2266 2072 41 26 put
2325 2067 23 23 in
2368 2067 102 24 evidence

1894 2102 47 22 that
1959 2102 38 22 the
2018 2102 122 22 defendant
2158 2109 68 15 never
2246 2102 44 22 had
2309 2109 44 22 any
2368 2101 101 30 -dealings

1894 2135 53 23 with
1968 2135 37 22 the
2029 2135 101 30 plaintiff
2155 2136 63 22 since
2241 2135 61 29 July,
2333 2136 71 27 1841,
2429 2134 43 23 that

1894 2168 61 23 there
1975 2176 45 15 was
2040 2168 53 23 then
2115 2176 13 15 a
2147 2168 94 24 balance
2261 2168 25 22 of
2299 2168 36 23 £1
2361 2169 49 22 10s.
2434 2168 38 23 due

1895 2206 21 18 to
1928 2201 128 29 defendant,
2069 2202 35 22 for
2123 2201 73 24 which
2217 2201 105 30 repeated
2340 2201 132 30 application

1895 2235 43 23 had
1949 2235 57 23 been
2019 2234 151 24 made.befbre
2182 2234 125 29 witnesses,
2321 2235 44 22 and
2378 2234 46 22 that
2437 2234 35 24 the

1895 2267 98 32 plaintiff
2001 2268 90 30 always-
2097 2268 49 23 said
2158 2268 29 23 he
2207 2267 44 23 had
2269 2275 28 15 no
2317 2267 93 31 change,
2431 2268 41 23 and

1895 2301 63 23 made
1978 2309 28 15 no
2025 2301 98 23 demand
2133 2302 92 30 against
2237 2300 38 24 the
2288 2300 118 24 defendant
2417 2300 55 24 until

1895 2335 132 22 threatened
2051 2334 55 23 with
2130 2333 158 32 proceedings.
2340 2334 132 30 Judgement

1895 2368 111 20 deferred.

1931 2466 126 32 Wakefield
2065 2476 22 15 v.
2100 2467 84 24 Smith.
2186 2480 34 4 —
2220 2467 39 24 An
2272 2468 72 23 action
2358 2472 21 18 to
2387 2475 88 15 recover

1895 2502 105 30 damages
2023 2501 44 23 laid
2090 2506 32 19 at,
2133 2502 62 27 £10,
2219 2501 36 23 for
2276 2502 129 29 destroying
2431 2500 44 24 five

1895 2535 62 23 fowls
1967 2544 5 15 :
1993 2535 67 23 much
2083 2535 26 23 of
2130 2535 38 23 the
2186 2535 53 22 time
2259 2534 24 23 of
2298 2535 38 22 tlie
2351 2535 68 22 Court
2431 2541 43 15 was

1895 2568 106 31 occupied
2024 2568 25 23 in
2071 2569 134 29 examining
2232 2568 119 23 witnesses
2371 2575 28 16 on
2420 2567 54 23 both

1895 2601 68 23 sides.
2010 2601 25 23 It
2058 2602 111 30 appeared
2194 2601 50 23 that
2266 2601 60 23 Mrs.
2351 2600 125 24 Wakefield

1895 2634 54 31 kept
1967 2643 13 14 a
1996 2634 78 23 school
2092 2642 55 15 near
2159 2634 98 30 Captain
2270 2634 96 23 Smith's
2384 2633 90 31 garden,

1895 2667 71 23 which
1978 2668 103 22 contains
2091 2675 75 23 many.
2170 2667 104 23 valuable
2286 2667 82 30 plants,
2382 2666 42 24 and
2436 2667 40 23 she

1896 2700 128 31 constantly
2035 2700 94 23 allowed
2142 2700 40 23 her
2192 2699 65 23 fowls
2271 2704 21 19 to
2307 2707 44 16 run
2369 2707 51 16 over
2438 2699 38 24 the

1895 2738 105 27 property
2013 2733 25 24 of
2055 2733 127 29 defendant,
2204 2733 67 23 much
2290 2733 24 23 of
2340 2732 72 23 which
2432 2740 44 16 was

1897 2767 125 30 destroyed,
2036 2766 45 24 and
2093 2766 30 23 he
2135 2772 23 19 at
2175 2766 81 31 length
2274 2766 51 23 shot
2339 2766 43 23 five
2401 2766 25 22 of
2440 2765 36 24 the

1897 2800 68 29 birds,
1977 2800 73 23 which
2062 2800 38 23 the
2112 2799 101 32 plaintiff
2222 2807 44 15 was
2281 2799 92 23 allowed
2384 2803 22 19 to
2414 2806 63 23 carry

1898 2841 70 24 away.
2003 2833 97 24 Verdict
2116 2834 37 23 £2
2173 2836 46 25 55.,
2241 2838 59 17 costs
2320 2838 41 17 not
2379 2832 97 23 allowed.

1898 2867 47 24 Mr.
1960 2867 99 23 Hanson
2078 2866 111 32 appeared
2205 2866 35 23 for
2259 2866 36 24 the
2313 2865 103 32 plaintiff,
2435 2865 42 23 and

1898 2901 45 24 Dr.
1957 2900 79 24 Evans
2046 2900 35 23 for
2093 2900 39 23 the
2144 2899 129 24 defendant.
2326 2900 2 6 '
2364 2895 3 12 '

1932 2931 173 26 Northuoocfv.
2118 2931 142 28 Neale.-^A.
2276 2932 85 24 verdict
2379 2932 30 31 by
2427 2940 49 15 con-

1899 2972 50 19 sent
1958 2973 45 17 was
2022 2966 70 24 taken
2111 2967 34 22 for
2165 2968 48 23 £5>
2226 2969 50 21 10s.
2292 2984 3 3 •
2322 2966 48 23 Mr.
2390 2966 88 23 Brewer

1899 3001 34 23 for
1951 3000 38 23 the
2004 2999 115 32 plaintiff,;
2130 3000 50 24 and-
2196 2999 49 25 Mr.
2269 2999 99 25 Hanson
2387 2999 35 23 for
2440 2999 34 23 the

1900 3033 127 29 defendant,
2039 3033 51 24 who
2101 3034 83 30 agreed
2196 3032 50 24 that
2264 3033 85 23 certain
2366 3033 72 31 pieces
2455 3031 23 24 of

1899 3067 70 32 goods
1981 3062 119 35 and,sdine
2111 3067 85 23 hanks.
2200 3065 24 24 of
2241 3074 81 23 copper
2337 3067 52 23 wire
2401 3064 75 25 should

1898 3101 28 24 be
1938 3100 67 30 given
2017 3109 40 23 up.
2128 3110 37 15 ■,■
2179 3122 3 3 .
2236 3101 148 24 ,''*'"

1909 3152 3 4 .
1932 3131 97 34 Harvey
2041 3142 22 16 v.
2072 3152 3 6 ,
2080 3133 104 25 William
2202 3131 111 34 Stephen';
2319 3132 119 24 Butler.—
2438 3132 42 23 -An

1900 3168 73 26 action
1985 3171 22 20 to
2020 3175 92 16 recover
2123 3168 35 23 for
2170 3168 86 23 certain
2267 3166 99 29 articles,
2369 3165 24 23 of
2409 3172 71 15 wear-

1899 3202 44 30 ing-
1961 3201 94 31 apparel
2072 3200 120 25 furnished
2211 3205 23 19 to
2257 3199 158 27 defendant..;.
2429 3197 50 24 The

1900 3235 45 23 sale
1969 3234 44 23 and
2036 3234 101 32 delivery
2147 3248 3 5 •
2159 3242 47 16 was
2213 3250 6 8 t
2232 3232 131 32 completely
2386 3231 92 30 proved.

1894 3269 53 23 .Mr.
1959 3267 92 25 Brewer
2062 3269 113 30 appeared
2186 3267 34 23 for
2235 3267 39 23 the
2291 3263 124 29 defendant,
2424 3272 4 6 ■
2435 3264 45 23 and

1900 3301 72 24 stated
1995 3302 50 23 that
2065 3301 32 24 he
2120 3302 45 23 had
2195 3305 39 18 not
2260 3300 54 21 been
2345 3297 135 30 sufficiently

1899 3335 131 29 instructed,
2053 3334 48 32 )\e^
2107 3332 101 27 believed
2228 3332 65 26 there,
2312 3337 46 16 was
2381 3338 13 15 a
2422 3330 59 31 good

1900 3368 99 24 defence.

1933 3402 50 24 The
1995 3401 74 32 Judge
2082 3402 83 24 said—
2166 3399 49 25 The
2227 3404 51 16 case
2284 3396 45 24 had
2337 3397 57 23 been
2404 3397 76 23 before

1900 3436 37 23 the
1961 3435 71 24 Court
2052 3443 29 16 on
2100 3443 14 15 a
2128 3434 82 24 former
2229 3431 111 28 occasion,
2360 3430 37 23 the
2408 3430 72 23 whole

1898 3469 58 23 facts
1968 3476 57 16 were
2036 3463 233 29 welLknowntoMr.
2281 3463 134 32 Blathwayt,
2429 3463 48 24 Mr.

1900 3502 112 24 Brewer's
2029 3506 99 27 partner;
2138 3493 140 35 -'something
2288 3497 45 23 had
2352 3497 56 24 been
2431 3497 49 23 said

1899 3536 67 24 about
1979 3551 2 3 •
1989 3536 38 22 the
2038 3535 3 6 '
2048 3534 45 23 late
2112 3533 41 23 fire
2173 3530 86 31 having
2278 3530 117 31 destroyed
2407 3530 68 24 docu-

1899 3573 81 24 ments,
1992 3568 36 25 he,
2034 3565 75 32 hoped
2126 3565 28 24 he
2174 3563 82 25 should
2274 3563 54 24 hear
2345 3572 28 15 no
2384 3571 61 16 more
2457 3563 24 23 of

1900 3602 55 24 such
1977 3607 103 20 excuses,
2100 3599 19 23 it
2138 3605 47 17 was
2203 3602 42 18 not
2262 3597 122 23 creditable
2402 3601 22 19 to
2441 3596 38 24 the

1898 3635 91 32 parties,
2009 3635 20 22 it
2051 3640 46 15 was
2119 3632 91 23 evident
2233 3631 39 23 the
2290 3630 120 24 defendant
2427 3629 52 31 only

1898 3667 82 32 sought
1991 3671 23 19 to
2026 3669 80 22 create,
2113 3664 121 28 vexatious,
2244 3664 64 31 delay
2320 3668 24 19 to
2356 3662 70 26 which
2443 3662 35 29 he,

1898 3701 38 24 the
1947 3700 80 32 Judge,
2039 3698 77 25 would
2126 3703 41 20 not
2183 3702 102 20 consent.
2299 3718 2 6 ,
2337 3697 43 24 Dr.
2389 3717 3 4 ,
2400 3695 80 25 Butler

1899 3734 69 31 ought
1979 3737 22 20 to
2019 3733 60 24 have
2095 3732 57 25 been
2166 3730 119 35 prepared.
2294 3756 5 5 #
2314 3746 2 3 •
2332 3730 94 25 Verdict
2445 3729 36 23 for

1890 3779 3 20 ;
1898 3766 98 33 plaintiff
2004 3767 45 24 and
2060 3770 70 21 costs.

1924 3918 48 23 The
1996 3921 106 20 accounts
2124 3916 77 24 which*
2221 3916 59 21 have
2302 3915 58 22 been
2382 3911 98 25 received

1898 3945 74 23 hither
1980 3945 45 23 this
2034 3945 65 23 week
2108 3947 72 21 create
2191 3949 14 16 a
2214 3942 69 25 doubt
2290 3942 98 23 whether
2403 3941 36 22 the
2447 3947 33 15 re-

2137 3829 136 21 INDIA.

2026 3866 73 27 [■FVd»»
2108 3868 35 20 tlie
2151 3866 82 22 Friend
2241 3865 26 26 of

1314 2629 46 27 We,
1377 2629 140 24 understand
1536 2631 48 22 that
1602 2639 13 14 a
1633 2637 67 24 purse
1713 2630 25 23 of
1755 2633 37 22 20.
1798 2639 66 15 sove-

1279 2664 78 30 reigns
1376 2663 42 23 has
1437 2664 57 22 been
1514 2664 122 30 presented
1654 2669 22 18 to
1689 2664 95 31 Captain
1798 2664 68 28 Pike,

1281 2696 24 22 of
1319 2697 40 22 the
1373 2696 90 32 George
1472 2697 68 29 Fyfe,
1552 2697 31 30 by
1595 2697 38 22 the
1646 2697 64 23 cabin
1728 2705 138 23 passengers

1281 2737 30 15 on
1333 2730 71 23 board
1428 2730 48 23 that
1500 2730 80 28 vessel,
1601 2738 24 15 as
1644 2737 13 15 a
1676 2730 69 24 mark'
1759 2730 23 23 of
1798 2736 3 5 '
1809 2731 59 23 their

1281 2768 84 18 esteem
1377 2763 36 23 for
1425 2763 39 23 the
1479 2763 119 29 kindness,
1618 2764 117 28 attention,
1758 2764 43 23 and
1814 2764 55 23 skill

1283 2796 116 31 displayed
1422 2796 31 31 by
1464 2820 2 5 ,
1474 2796 49 24 him
1533 2818 2 6 ,
1540 2796 83 32 during
1646 2796 37 24 the
1705 2804 85 25 voyage
1810 2798 59 22 from

1281 2829 117 31 England.

1386 2881 201 24 MUNICIPAL
1603 2881 164 24 COUNCIL.

1337 2947 154 24 Thursday,
1511 2947 147 20 Novjember
1681 2947 40 26 24,
1745 2947 73 20 1842.

1317 3003 100 24 Present
1427 3012 5 15 :
1441 3017 33 3 —
1481 3003 102 29 Hunter,
1614 3004 84 30 Mayor
1707 3012 6 20 ;
1744 3001 127 26 Aldermen

1283 3036 74 31 Lyon,
1370 3037 94 28 Dorset,
1476 3036 81 29 Waitt,
1571 3038 73 27 Scott,
1653 3036 106 29 Jenkins,
1768 3037 103 32 Guyton,

1283 3070 159 29 Molesworth,
1456 3070 154 23 Fitzherbert.
1728 3086 4 4 •
1745 3077 4 13 :
1781 3087 4 3 ■

1316 3103 155 32 Proceedings
1483 3104 25 22 in
1510 3110 2 8 1
1526 3103 45 24 last
1583 3104 98 23 Council
1691 3101 55 25 read
1761 3104 44 24 and
1817 3112 54 16 con-

1281 3136 90 23 firmed.
1482 3145 3 3 ■

1271 3187 6 11 »
1316 3170 80 22 Letter
1404 3170 61 23 from
1475 3170 48 23 Mr.
1535 3170 82 28 Brees,
1629 3170 116 31 Principal
1757 3170 115 31 Surveyor

1282 3202 25 24 of
1317 3203 37 23 the
1366 3202 58 24 New
1434 3203 101 23 Zealand
1544 3204 127 30 Company,
1679 3203 52 24 read
1741 3212 6 20 ;
1761 3212 110 16 concern-

1280 3236 41 31 ing
1340 3236 42 23 the,
1390 3236 47 23 line
1448 3236 24 23 of
1481 3236 54 23 road
1547 3236 70 31 along
1627 3236 208 33 Thorndon-quay.

1315 3274 80 24 Letter
1407 3273 63 25 from'
1478 3276 57 23 Mr.'
1544 3274 99 25 Hanson
1654 3275 62 29 read,
1735 3272 142 35 concerning'

1282 3307 187 25 encroachments
1482 3314 3 4 '
1499 3312 29 19 tin
1554 3308 38 24 the
1614 3312 59 20 'acre
1706 3302 114 40 occupied

1282 3333 149 37 Mouh'sheer,
1441 3340 162 33 Puckeridge,.
1617 3342 54 29 &c,
1684 3344 85 30 stating
1775 3333 96 33 liisile-

1281 3374 148 35 terminption.
1444 3379 23 19 to
1474 3375 87 28 .defend
1573 3375 39 24 the
1624 3376 62 30 right
1697 3377 26 22 of
1732 3376 38 23 the
1782 3377 89 31 propri-

1281 3412 36 19 tor
1328 3412 24 19 to
1364 3407 39 24 the
1416 3415 78 23 same,.
1500 3409 104 30 ;against.
1613 3417 45 22 any
1669 3410 150 31 proceedings
1833 3410 39 23 the

1283 3441 151 32 Corporation
1446 3440 74 33 migTit
1531 3443 115 23 institute.

1449 3480 31 31 by
1492 3480 47 24 Mr.
1655 3481 112 24 seconded
1783 3478 32 35 by
1818 3481 52 25 -Dr.

1283 3514 87 25 Dorset
1377 3519 47 18 i-—
1476 3512 16 30 ."'
1565 3507 11 34 ';
1636 3529 3 4 •
1676 3530 2 6 <
1738 3521 3 5 '
1786 3534 4 3 -
1799 3520 28 16 »'*
1861 3533 15 4 -

1307 3553 59 23 That
1380 3552 38 22 the
1429 3552 74 24 Town-
1509 3552 66 23 Clerk
1588 3553 39 26 be.
1631 3553 99 22 directed
1746 3557 22 19 to
1778 3554 62 23 write
1850 3558 22 19 to

1282 3579 222 28 Surveyor-General
1514 3583 30 23 at.
1547 3580 127 26 Auckland,
1688 3582 129 27 requesting
1822 3582 50 21 'him

1283 3611 22 18 to
1314 3604 87 25 furnish
1411 3606 39 22 the
1463 3606 68 21 Town
1544 3607 94 22 Council
1647 3607 25 21 of
1683 3607 144 29 Wellington,
1843 3615 29 15 an

1282 3633 169 23 authenticated
1465 3640 58 20 copy
1531 3633 26 21 of
1569 3633 38 22 the
1621 3640 60 21 map.
1689 3634 25 22 of
1726 3631 39 26 the
1778 3636 56 28 plan
1839 3635 37 22 'of

1281 3661 38 22 the
1338 3661 71 22 Town
1425 3659 26 22 of
1462 3659 144 28 Wellington,
1622 3660 78 28 signed
1718 3661 32 32 by
1764 3662 38 22 the
1820 3662 52 22 Sur-

1281 3687 179 29 veyor-General
1471 3687 26 21 of
1511 3687 55 22 New
1575 3687 108 28 Zealand,
1697 3688 45 22 and
1758 3688 119 29 deposited^

1281 3716 24 21 in
1315 3714 35 23 his
1359 3714 64 22 office
1433 3716 24 19 at
1464 3713 128 22 Auckland.
1622 3712 91 30 Agreed
1723 3718 29 19 to.
1795 3714 3 9 '
1818 3732 4 5 .
1855 3714 10 30 I;

1314 3748 24 24 A
1355 3747 56 32 long
1429 3747 128 24 discussion
1575 3747 57 24 took
1650 3748 66 32 place
1735 3749 137 30 concerning

1281 3781 38 24 the
1338 3788 84 25 proper
1441 3781 54 24 time
1513 3780 36 23 for
1568 3780 38 24 the
1625 3786 57 19 next
1702 3782 104 29 election,
1826 3782 45 23 and

1281 3815 90 25 various
1384 3814 66 24 other
1462 3814 82 31 topics.
1594 3823 9 11 ■•
1646 3822 5 19 {

1315 3848 121 32 Proposed
1457 3847 29 31 by
1507 3847 48 24 Mr.
1579 3847 108 30 Jenkins,
1707 3848 112 24 seconded
1839 3848 32 30 by

1281 3881 49 25 Mr.
1344 3881 69 31 Lyon
1425 3890 6 15 :—:
1432 3894 34 4 —

1307 3920 60 22 That
1380 3919 40 22 the
1430 3918 95 23 Council
1535 3919 28 22 do
1573 3925 51 16 now
1638 3919 93 28 adjourn
1742 3919 33 22 till
1789 3919 82 22 Thurs-

1281 3946 43 28 day
1333 3949 62 24 next,
1409 3946 53 27 (this
1472 3946 44 26 day
1526 3946 72 27 week)
1609 3946 129 23 November
1748 3947 33 22 31.

645 123 222 27 SHIPPING
895 123 361 27 INTELLIGENCE.

704 202 10 3 ..
725 193 2 6 .
764 188 63 12 ->,-•
878 179 149 26 ARRIVED^
1072 179 26 27 /•;
1147 194 29 9 -

665 205 9 21 .!
684 208 120 22 November
816 208 35 23 23,
861 207 48 26 brig
919 207 160 33 N~imrod;<s.7s^
1087 210 94 28 Cooney,
1189 211 55 22 from

655 236 44 20 the-
703 236 45 26 Bay
757 237 26 19 of
792 235 82 22 Islands
885 236 34 20 via
933 235 90 21 Nelson.
1109 257 3 4 ,

895 284 116 20 SAILED.
1157 279 11 18 *
1239 273 16 27 \

682 310 122 22 November
814 311 35 24 25,
858 311 104 21 schooner
975 312 73 25 Ganet,
1060 313 35 25 40,
1105 313 139 27 Popplewell.

656 338 33 20 for
700 338 92 27 Poverty
803 339 53 25 Bay.
1148 357 4 3 r
1154 360 4 2 _
1237 336 6 4 '

658 394 37 20 Vv
695 403 2 5 .
716 374 90 44 .>Cp;
840 383 22 29 :,.
882 376 136 43 INjpgRT.
1077 371 16 27 r

684 416 218 28 BaxftvLe'Clydeside,
912 413 115 32 25§Jtons,
1044 418 133 27 Mathieson,
1189 421 57 20 refit-

646 445 77 27 'tingV"
736 446 71 20 Waitt
815 445 43 20 and
866 445 77 27 Tyser,
949 446 89 25 Agents.

682 474 84 25 Barque
774 473 128 25 Indemnity,
912 474 42 19 450
971 477 58 22 tons,
1044 474 88 25 Adams,
1144 475 102 27 refitting.

655 501 96 30 Agents^
752 501 72 21 Waitt
834 501 42 19 and
885 501 90 26 Tyser.-;
987 505 21 27 £
1008 504 25 20 *
1083 501 78 32 f\""'.;'
1159 509 4 5 J
1225 518 2 4 ■
1248 512 6 9 ♦

646 527 31 20 i'-.
683 529 110 19 Schooner
816 522 63 32 Sinn/
889 529 37 20 -22
951 524 169 35 torfs^Brown,'
1142 530 45 20 laid

656 556 75 25 Agent,
743 556 70 20 Waitt
823 555 41 20 and
874 556 82 28 Tyser.,
973 578 33 7 „,,.
1022 578 10 6 r
1035 575 18 8 t,
1062 576 27 7 ^T
1093 576 68 7 O-^_,
1173 563 13 19 V.
1221 574 34 8 .....

682 579 179 30 Bn^'Eluabeih,
877 584 41 20 230
930 578 198 33 tons^Guthridge.

657 610 166 27 Ridgways.anA
831 610 12 23 C
843 610 36 23 0.
888 625 5 4 ,.
904 623 9 3 -
975 620 36 20 •y;
1019 619 12 11 r
1039 607 11 18 '•*
1070 619 11 9 --
1097 616 24 15 cr
1130 616 63 19 «,r
1222 615 4 4 ■
1235 615 11 15 r

684 638 110 21 Schooner
802 638 79 23 Maori,
895 639 25 19 15
932 640 67 18 tons/
1113 633 7 12 '■
1130 634 2 5 '
1148 639 24 5 '*
1236 634 8 10 L

684 665 84 26 Barque
780 666 78 23 George
865 665 62 26 Fyfe,
936 665 42 20 460
988 665 137 27 tons,^Pyke..
1133 686 5 3 ,
1159 666 98 26 Agents,*

651 692 115 26 ■Ridgways
776 692 96 21 ancTCo.'
897 691 10 5 '
1018 715 4 3 .
1029 688 10 30 \
1056 687 13 33 J
1077 713 4 2 .
1090 687 18 25 *.-
1236 696 2 16 i

684 720 108 20 Schooner
810 719 73 25 Oceiari,
891 718 37 22 '30"
934 720 197 27 'tons/Ferguson.,
1159 721 86 26 Agents,

656 747 92 21 Wallace
758 748 43 20 and
909 753 2 7 '
1009 743 16 17 ''-
1033 741 5 19 l
1043 745 33 27 «',
1116 752 3 5 •
1137 745 27 13 ■''
1186 746 32 24 -vji,
1237 753 21 18 ;-

684 774 124 26 Brigantine
814 774 67 21 Ariel.
892 775 39 20 104
940 777 57 23 tons,
1006 773 141 22 Cruiksh'ankl
1173 774 71 21 WadeL
1256 782 2 4 •

656 802 76 25 Agent,
762 810 6 6 x
872 812 4 5 •
982 807 3 7 •
1017 800 3 4 '
1032 804 6 8 J
1087 799 3 4 '
1129 808 3 3 ■
1184 801 8 10 r
1190 819 3 9 ,

685 829 109 20 Schooner
806 829 106 20 Governor
928 830 92 26 Hobson,
1027 831 29 19 '40
1067 832 57 26 tons,
1136 831 108 21 Crumner.

657 857 87 25 Agents,
757 857 93 20 Wallace
860 858 49 19 and-
912 855 38 23 Co!
974 868 2 7 .
1004 854 4 11 r
1011 854 3 8 '
1025 854 4 12 ;
1058 853 25 18 '•"
1119 873 2 6 ,
1190 861 30 20 *

686 884 108 21 Schooner
802 884 55 25 Imp,
870 885 26 20 20
915 887 56 18 tons.
1029 888 22 29 \'
1061 899 2 14 ;
1095 899 3 17 \
1208 887 3 4 '
1239 906 4 6 ,

684 911 110 21 Schooner
803 912 39 20 Sir
850 912 56 20 John
915 913 110 25 Franjklin,
1034 913 28 20 52
1071 914 56 24 tons,
1141 913 50 21 Gill.

684 939 51 26 Brig
745 939 104 25 Nimrod,'
856 939 41 21 175
904 936 62 28 'tons,
978 940 92 26 Cooney.
1078 941 5 4 *
1158 960 2 7 ,
1218 936 4 7 '

833 997 123 22 CUSTOM
973 989 132 32 HOUSE.

806 1059 140 18 OTJTWARns,
958 1060 142 19 COASTWISE.
1116 1069 10 10 

684 1080 30 20 In
731 1087 48 14 the
799 1080 134 25 "Manna,'
936 1082 4 11 1
962 1087 45 14 for.
1025 1082 101 21 Manna.
1128 1093 28 5 —
1158 1084 83 25 Swany,

656 1108 77 25 Agent.
735 1119 27 4 —
762 1110 13 19 1
788 1111 36 18 ton
836 1114 67 20 sugar,
916 1107 13 25 §
942 1107 59 22 cKest
1011 1111 40 24 tea,
1058 1109 19 25 ,§
1081 1110 55 24 .cask
1152 1110 92 26 tobacco,

658 1136 12 19 8
681 1136 103 24 muskets,
796 1137 12 19 6
818 1141 60 19 gross
888 1136 77 26 pipes,.
970 1137 13 19 2
1000 1143 58 14 cases
1068 1138 149 25 merchandize,
1233 1139 13 19 6

658 1163 49 25 bags
717 1163 56 27 shot,
792 1165 9 19 1
813 1163 42 25 keg
869 1164 60 19 nails.
960 1162 141 28 Passenger—
1102 1165 52 25 Mr...
1162 1166 82 21 Frazer.

872 1221 165 23 FREIGHTS.

645 1597 93 56 New
769 1597 216 56 Zealand
1016 1597 247 56 Gazette.

699 1665 69 22 AND
784 1665 218 23 WELLINGTON
1011 1660 2 10 '
1021 1653 186 41 SPECTATOR.

749 1720 133 27 Saturday,
898 1719 131 23 November
1044 1722 33 25 26,
1094 1722 62 24 18,42.

695 1771 98 31 Captain
816 1771 100 29 Bruce,',
926 1771 24 24 of
971 1772 47 23 the-
1032 1777 71 18 cutter
1128 1773 119 30 Brothers,

660 1804 161 31 accompanied
832 1804 30 31 by
873 1805 96 30 Captain
984 1806 82 28 Smith,
1078 1806 74 29 R.A.;
1162 1808 87 23 arrived

660 1839 56 22 from
729 1838 105 28 Akaroa,
848 1838 23 23 in
884 1838 56 24 Mr.'
947 1839 88 23 Price's
1048 1839 87 31 sealing
1146 1841 60 28 boat,
1219 1849 28 15 on

660 1871 147 32 Wednesday
818 1871 75 31 night.
949 1888 3 5 ,
1033 1872 19 21 '.'
1147 1866 5 8 '
1171 1870 68 32 ?,?;'•>

693 1905 69 23 After
775 1914 13 14 a
806 1904 56 31 lojig
872 1905 45 23 and
934 1906 126 27 .successful
1079 1908 74 22 cruise
1170 1912 22 18 to
1211 1908 37 23 the

661 1938 143 29 Southward,
818 1937 38 23 the
874 1938 115 24 Brothers
1001 1939 89 23 entered
1109 1940 38 23 the
1169 1940 79 24 Heads

661 1971 23 23 of
695 1971 96 24 Akaroa
811 1971 111 24 Harbour
942 1979 29 16 on
990 1972 128 32 Thursday,
1134 1973 38 23 the
1183 1974 64 30 ,16th

662 2004 137 29 November,
823 2004 73 22 under
921 2009 71 18 storm
1017 2006 57 26 sail,'.
1081 1999 106 37 '.havingV
1198 2007 57 30 juar

662 2037 95 30 escaped
767 2038 57 22 from
834 2044 55 23 very
898 2036 71 30 heavy
980 2037 104 23 weather.
1121 2038 50 23 The
1181 2040 66 28 wind,

660 2070 73 23 which
752 2071 21 22 is
794 2070 128 30 frequently
940 2070 38 23 the
996 2078 59 15 case-
1070 2070 71 30 there,
1165 2073 82 29 proved

662 2111 53 23 very
736 2103 105 30 baffling.
889 2103 23 23 It
936 2110 45 16 was
1005 2105 129 23 sometimes
1143 2102 3 6 '
1157 2105 89 30 a-head,

662 2137 130 23 sometimes
811 2136 33 23 aft
863 2135 37 24 the
919 2136 83 29 vessel,
1023 2137 43 24 and
1084 2138 133 31 alternately
1230 2140 18 23 it

662 2169 118 32 fell/calm.
816 2169 131 23 Numerous
968 2170 78 31 hands,
1063 2171 35 23 for
1118 2180 13 14 a
1143 2173 72 23 vessel
1227 2174 24 22 of

662 2204 40 23 her
717 2204 56 28 size,
787 2211 57 16 were
862 2203 126 31 attending.
993 2204 44 23 the-
1045 2204 62 30 sails,
1121 2204 72 24 which
1204 2206 44 23 had

662 2244 53 23 very
726 2236 132 33 frequently
870 2241 22 18 to
904 2237 29 23 be
945 2236 91 25 shifted.
1072 2238 29 23 In
1115 2246 30 15 an
1156 2239 91 30 instant,

663 2270 65 23 while
740 2271 40 23 the
799 2270 75 23 vessel
886 2270 45 30 'lay
947 2270 123 30 becalmed,
1084 2280 14 15 a
1118 2272 79 30 squall,
1208 2279 42 17 -not

662 2304 104 31 equalled
778 2305 24 23 in
814 2303 51 30 fury
876 2303 31 31 by
919 2310 45 24 any
977 2304 64 31 thing
1051 2305 25 23 of
1084 2305 39 23 the
1133 2305 54 23 kind
1196 2314 52 16 seen

662 2338 30 30 by
705 2345 44 23 any
761 2338 27 23 of
803 2336 38 24 the
860 2336 37 23 old
916 2337 43 22 and
973 2339 148 29 experienced
1131 2339 72 24 hands
1221 2348 29 15 on

660 2371 72 23 •board
743 2371 87 27 before,
839 2370 65 23 burst
915 2378 62 23 upon
986 2371 37 23 the
1036 2371 62 30 craft,
1111 2372 45 24 and
1166 2372 82 32 though

663 2405 30 22 all
712 2412 59 16 were
795 2403 114 29 watchful,
935 2404 113 24 sufficient
1065 2403 55 26 tithe
1143 2413 45 16 was
1211 2412 39 18 not

663 2438 93 24 allowed
776 2443 23 19 to
819 2437 32 23 let
870 2445 30 23 go
920 2445 15 15 a
950 2438 73 31 single
1044 2446 53 23 rope
1116 2439 76 23 before
1213 2441 37 22 the

662 2472 73 23 vessel
747 2480 47 15 was
806 2470 81 24 buried
903 2471 25 22 in
945 2470 39 25 the
1004 2472 62 31 deep.
1103 2472 147 33 Fortunately

663 2505 37 23 the
711 2505 53 23 boat
778 2512 44 16 was
834 2509 40 18 not
886 2504 79 23 lashed
977 2510 23 18 to
1012 2505 38 23 the
1069 2505 66 30 deck,
1150 2507 44 23 and
1206 2507 44 23 had

663 2538 40 24 her
715 2538 51 24 keel
780 2537 148 29 downwards,
938 2545 25 16 or
975 2543 39 18 not
1026 2547 14 15 a
1051 2539 49 24 soul
1110 2540 73 23 would
1194 2537 56 27 have

663 2572 59 23 lived
734 2577 23 18 to
777 2575 90 21 narrate
887 2571 39 23 the
938 2571 103 25 disaster.
1077 2573 42 23 All
1135 2581 29 15 on
1183 2573 68 24 board

664 2606 38 23 the
714 2606 83 28 vessel,
811 2605 121 31 excepting
943 2613 14 14 a
969 2605 77 23 Moari
1056 2613 88 16 woman
1156 2606 44 24 and
1210 2613 41 18 two

664 2639 102 23 children
785 2637 49 25 who
855 2646 59 15 were
935 2638 79 29 below,
1034 2640 94 31 stepped
1146 2641 57 23 into,
1213 2641 38 24 the

664 2672 52 23 boat
732 2672 67 24 while
812 2671 37 23 the
867 2671 75 24 vessel
954 2679 46 16 was
1011 2672 94 32 sinking
1116 2682 6 20 ;
1143 2674 38 23 the
1197 2674 55 24 boat

663 2706 127 31 proceeded
809 2710 23 18 to
852 2705 104 29 Akaroa,
976 2706 41 23 but
1034 2711 40 18 not
1091 2707 95 24 without
1198 2716 53 15 con-

664 2740 112 23 siderable
784 2738 50 25 risk
841 2743 22 18 to
870 2738 38 24 the
916 2746 142 24 passengers,
1067 2740 23 23 in
1098 2748 153 23 consequence

665 2773 24 23 of
699 2773 75 31 filling
785 2771 55 25 with
850 2777 79 24 water,
941 2773 45 23 and
1006 2777 40 19 not
1052 2773 78 33 'being
1147 2775 104 31 properly

666 2807 119 31 equipped,
798 2805 67 24 while
877 2806 39 23 the
935 2806 61 23 wind
1013 2814 46 15 was
1070 2806 100 32 blowing
1187 2808 64 24 hard.

667 2840 49 23 The
729 2840 146 23 unfortunate
888 2839 77 23 Moari
984 2848 87 15 woman
1090 2841 44 23 and
1152 2841 100 24 children

666 2873 44 23 lost
729 2873 60 23 their
808 2872 63 28 lives,
885 2873 24 22 in
922 2881 154 23 consequence
1087 2874 27 23 of
1128 2872 40 25 riot
1186 2875 67 32 being

667 2906 48 23 able
728 2911 24 18 to
764 2911 39 26 get
815 2909 40 19 out
866 2906 27 22 of.
900 2905 38 23 the
950 2905 54 25 hold
1016 2907 25 23 of
1053 2907 36 23 the
1105 2908 80 23 vessel.

702 2940 67 30 Capt.
778 2938 75 25 Smith
861 2938 46 23 had
914 2939 82 23 visited
1005 2940 81 30 Otago,
1093 2940 39 24 the
1139 2941 65 24 Bluff
1207 2942 46 24 and

666 2973 57 23 New
731 2972 75 24 River
813 2972 23 22 in
845 2971 37 24 the
891 2972 90 23 Middle
989 2972 80 24 Island
1077 2974 44 23 and
1130 2975 55 23 Port
1195 2976 58 23 Wil-

666 3006 62 29 liam,
741 3005 145 25 Patterson's
898 3005 73 23 River
983 3006 44 23 and
1039 3006 56 24 Port
1111 3008 140 30 Adventure,

666 3040 23 22 in
701 3040 98 24 Stewart
811 3038 87 30 Island,
915 3038 45 24 and
971 3038 118 33 Ruapuki,
1103 3049 30 15 an
1145 3042 73 25 island
1228 3043 25 23 in

665 3073 113 24 Foveaux
795 3072 92 29 Straits,
901 3072 86 24 distant
1006 3073 70 24 about
1092 3075 79 23 twelve
1189 3076 64 27 miles

665 3107 57 23 from
735 3107 40 24 the
794 3105 71 25 Bluff.
904 3105 35 24 Of
942 3105 38 25 -all
990 3106 38 24 the
1041 3107 109 25 harbours
1160 3109 37 23 -he
1208 3109 44 24 had

665 3140 65 23 made
750 3144 105 20 accurate
876 3147 102 23 surveys.
1015 3140 50 23 The
1083 3140 106 26 latitudes
1210 3143 43 23 and

665 3173 130 32 longitudes
818 3180 58 16 were
899 3173 114 24 obtained.
1050 3173 112 25 Sketches
1185 3177 25 22 of
1223 3176 31 23 all

665 3209 75 30 points
753 3206 72 31 likely
838 3210 22 19 to
872 3206 68 32 guide
953 3206 39 24 the
1002 3212 102 26 stranger
1114 3216 57 16 were
1179 3210 72 23 made.

665 3242 24 23 A
712 3241 93 24 sketch,
818 3240 25 23 of
863 3239 79 31 nearly
962 3240 30 23 all
1014 3240 117 25 theeoast
1153 3242 100 25 between

667 3274 75 32 Otago
755 3274 44 25 and
811 3272 38 24 the
862 3273 111 24 Foveaux
985 3273 83 24 Straits
1079 3274 45 24 had
1196 3276 62 26 been-

665 3308 114 29 obtained,
799 3307 44 23 and
862 3307 38 23 the
912 3314 53 23 map
977 3307 27 23 of
1017 3307 38 23 the
1072 3307 89 25 Middle
1174 3309 79 24 Island

665 3346 23 18 to
701 3341 37 24 the
752 3340 136 25 Southward
900 3340 26 23 of
941 3340 96 24 Akaroa
1049 3349 44 15 was
1107 3342 71 24 found
1190 3347 23 19 to
1224 3344 28 23 be

665 3382 54 23 very
729 3375 138 27 inaccurate,
881 3373 45 23 and
936 3373 45 24 had
993 3374 57 24 been
1069 3376 113 23 corrected
1193 3376 35 25 for
1240 3385 13 15 a

666 3408 102 24 distance
787 3406 126 32 exceeding
929 3414 42 16 one
987 3407 102 25 hundred
1107 3408 45 24 and
1170 3413 84 28 twenty

665 3441 73 24 miles.
777 3439 77 26 These
872 3440 104 24 valuable
996 3440 147 31 documents,,
1149 3444 106 30 together,

665 3474 54 24 with
731 3475 31 24 all
775 3474 38 25 the
825 3474 124 30 surveying
957 3474 148 24 instruments
1113 3476 44 23 and
1168 3477 85 32 sundry

666 3508 64 24 other
749 3509 78 28 things
846 3511 50 25 are,'
903 3507 51 23 itTs
1070 3507 52 25 'losi:
1137 3509 48 30 for,

667 3542 96 31 Captain
794 3540 76 25 Smith
898 3540 42 24 has
970 3540 90 32 already
1087 3542 79 30 'made,
1194 3544 66 31 from,

666 3582 109 25 memory,
781 3575 3 4 '
794 3574 66 32 plans
880 3574 25 24 of
923 3573 39 25 the
982 3574 118 31 harbours,
1119 3576 73 24 which
1208 3578 46 23 will

666 3608 61 23 show
739 3609 61 24 their
820 3608 47 23 size
880 3607 45 24 and
936 3608 107 31 position,
1053 3609 47 23 and
1119 3609 29 24 he
1225 3611 34 23 be'

658 3641 104 25 •enabled
778 3646 29 20 to'
815 3641 63 23 write
896 3649 14 15 a
928 3645 83 26 report,
1028 3641 135 33 descriptive
1181 3645 25 23 of
1222 3644 40 24 all'

666 3674 29 23 he
705 3674 46 25 had
830 3674 44 24 and
886 3674 66 30 done,
964 3674 41 24 but
1013 3673 87 33 though
1107 3676 82 31 useful,
1199 3678 55 31 they
1260 3676 3 28 !

667 3707 45 23 will
722 3713 42 19 not
775 3707 90 31 replace
877 3707 39 24 the
928 3707 50 24 lost'
984 3716 90 24 papers.

702 3740 151 25 Commodore
864 3740 98 25 Lavaud
973 3741 109 24 rendered
1093 3744 160 30 every/assist-

667 3780 55 16 ance
733 3774 25 23 in
769 3775 38 23 his
824 3781 76 24 power
912 3779 23 18 to
948 3774 98 32 Captain
1063 3775 84 31 Bruce,
1160 3777 44 24 and
1215 3778 39 24 the

667 3806 56 30 brig-
731 3806 75 24 Guide
817 3814 46 15 was
876 3807 106 24 obtained
998 3812 22 20 to
1033 3808 126 25 endeavour
1176 3815 23 19 to
1217 3811 36 24 lift

667 3839 38 23 the
727 3840 148 24 unfortunate
898 3840 66 29 craft,
980 3841 42 24 but
1037 3841 38 25 the
1095 3843 78 24 efforts
1195 3840 58 29 we're

667 3872 139 25 unattended
825 3873 54 23 with
895 3880 101 18 success.
1032 3875 49 24 The
1097 3877 75 24 vessel
1190 3878 21 23 is
1229 3879 24 22 in

667 3907 53 23 nine
737 3906 101 24 fathoms
856 3911 77 25 water,
954 3907 45 23 and
1016 3907 64 33 lying
1100 3917 61 24 upon
1178 3918 14 16 a
1206 3908 51 26 stiff

666 3940 87 24 bottom
773 3940 25 24 of
815 3939 54 24 mud
888 3941 44 23 and
952 3940 57 32 clay,
1029 3942 44 23 and
1090 3944 163 31 consequently

558 38 99 45 f£i)i
686 38 115 42 jtfeto
828 37 209 40 ZcalaniJ
1063 37 188 47 <&cisttu
1278 39 92 39 anti
1394 39 306 46 meWngtou
1723 37 252 49 Sbptttatov.

1916 128 102 23 Amount
2034 129 26 22 of
2075 129 165 31 subscriptions
2258 129 121 31 published
2393 131 24 23 in
2431 131 37 24 the

1886 159 99 24 Colonist
2004 160 24 23 of
2039 162 131 31 -yesterday
2196 161 36 24 for
2253 163 38 22 the
2310 162 67 24 relief
2392 164 25 23 of
2431 164 37 24 the

1885 193 105 23 sufferers
2043 194 38 23 the
2094 195 45 23 late
2156 195 56 24 fire'i
2280 195 91 24 '.£323
2405 198 14 22 5
2455 199 13 22 8

1268 126 49 23 not*
1320 125 72 31 easily
1409 131 23 18 to
1444 127 28 23 be
1477 126 74 24 'dealt
1561 146 5 7 ,
1566 126 63 25 with.
1650 127 113 35 'Captain
1780 129 76 24 Bruce

1327 158 77 24 traded
1417 158 195 32 successfully>.for
1628 167 69 24 many
1706 168 67 23 years
1785 162 70 23 on'all

1346 191 25 23 of
1382 191 39 23 the
1431 191 64 25 New:
1500 187 100 37 Zealand
1607 192 84 29 'Coast,
1704 193 34 24 for
1749 202 22 15 a<
1776 194 88 28 House,

1266 224 31 23 -in'
1297 224 9 13 L
1313 223 104 32 Sydney;
1427 218 426 40 and'witK'*liis"accumuiationVpur-

1272 257 82 23 chased
1364 257 38 23 the
1410 256 121 29 Brothers,
1540 258 22 22 in
1574 258 74 22 which
1656 258 28 24 he
1692 266 45 16 was
1747 267 61 23 upon
1820 260 37 23 his

1272 290 83 23 second
1364 291 44 30 trip
1416 291 54 30 only
1479 289 63 24 when
1551 291 38 22 the
1600 291 145 24 unfortunate
1756 292 102 24 accident

1272 322 118 31 happened
1402 322 74 24 which
1493 322 42 24 has
1552 323 108 31 deprived
1678 324 47 23 him
1743 325 25 23 of
1778 325 30 23 all
1819 326 38 22 the

1380 356 72 23 of<his
1458 355 59 24 -hard
1526 357 114 30 earnings.
1650 374 5 11 (
1656 357 60 26 ;The
1728 358 129 32 yessel'ahd

1273 388 38 23 the
1322 389 70 23 whole
1404 388 29 24 of
1437 389 40 23 her
1488 396 66 23 cargo
1563 396 60 16 were
1634 389 97 24 hi's'own
1742 395 120 28 property:.;

1274 421 39 23 He
1326 421 164 24 endeavoured'
1490 426 1 7 1
1495 422 81 30 tb^-get
1594 423 119 24 insurance
1730 423 97 24 effected
1835 423 31 24 hi

1274 454 100 31 Sydney,
1387 455 42 22 but
1441 454 64 24 could
1517 459 39 18 not
1573 455 104 24 succeed.
1697 462 4 4 '
1712 456 51 22 The
1782 457 76 23 offices

1273 487 64 23 there
1358 487 166 32 would^have-'
1533 487 68 30 given
1624 488 45 24 him
1693 496 22 16 a-
1728 489 138 30 preference'

1266 517 88 33 -justly,'
1410 520 68 23 think
1488 520 50 23 that
1549 520 36 23 his
1589 519 3 12 1
1603 521 99 24 uniform
1714 517 144 29 suc'cess"eri-
1865 524 1 3 '

1266 552 78 30 .titled.
1349 553 47 23 him
1408 553 191 25 to..bejnade..an-
1615 555 243 30 exception-j-but-the

1273 585 72 31 heavy
1363 586 73 23 losses
1457 586 54 30 they
1531 586 44 23 had
1598 586 66 23 made
1683 588 23 23 in
1725 587 58 25 their
1801 588 57 31 IjTew

1266 615 310 30 fZealaVdHnsuVariceshad
1594 619 64 23 made
1678 612 71 32 them'-
1761 625 68 19 come'
1836 626 22 18 to

1274 651 38 23 the
1324 652 173 23 determination
1500 656 47 31 jiot
1565 657 24 18 to
1600 652 77 24 insure
1690 653 56 23 craft
1758 654 100 30 engaged

1476 685 69 28 trao[e,
1544 681 5 6 J
1552 704 4 7 ,
1559 685 54 28 and,
1622 685 54 32 only
1687 691 22 18 to
1731 687 52 23 take
1794 687 63 23 risks

1274 725 59 23 upon
1355 717 93 24 vessels'
1580 719 103 24 between
1705 720 51 23 well
1772 720 86 23 .known

1266 799 2 10 ;
1278 802 4 10 ;
1293 788 111 31 .(Captain
1417 788 212 32 Smith,proceeded
1641 790 29 29 by
1676 790 55 24 land
1739 795 22 19 to
1771 791 87 30 Pigeon

1272 821 67 30 Bay,;
1345 821 43 23 and
1400 821 30 30 by
1443 822 53 24 boat
1514 823 80 23 thence
1614 827 22 19 to
1657 823 69 24 Ports
1738 824 64 31 Levy
1815 825 43 22 and

1274 855 96 31 Cooper,
1384 854 24 24 of
1418 855 32 23 all
1461 855 72 24 which
1545 856 28 23 he
1584 856 42 23 has
1638 856 98 31 brought
1744 857 114 29 sketches,

1266 887 138 33 jbut.which'
1410 888 39 30 he,
1453 888 66 24 could
1530 893 40 19 not
1580 896 82 24 survey
1671 890 24 23 iv
1705 898 154 23 consequence

1266 939 3 7 ,
1273 920 124 32 oft-haying
1408 921 46 24 lost
1465 921 36 24 his
1521 922 158 24 instruments.
1714 923 34 23 At
1765 924 37 22 the
1813 924 45 22 last

1267 954 87 24 -named
1361 958 56 27 ;port
1427 954 33 24 he'
1469 962 45 16 was
1524 955 81 31 -joined
1667 956 97 32 Captain
1776 957 82 28 Bruce,

1274 986 44 24 arid
1329 988 125 30 proceeded
1465 988 54 23 with
1537 988 47 25 him
1601 989 26 22 in
1647 988 58 25 their
1723 989 59 24 little
1803 990 57 23 craft

1267 1028 35 18 ,on
1303 1041 10 13 ((
1315 1020 57 24 their
1380 1021 103 31 .perilous
1495 1029 85 24 voyage
1592 1026 24 19 to
1628 1021 45 25 this
1686 1023 71 31 place.
1785 1042 2 5 ,
1806 1042 4 5 .

1280 1058 125 31 -'Captain
1418 1058 75 24 Smith
1505 1060 84 29 speaks
1600 1060 24 22 in
1636 1060 38 24 the
1688 1061 89 30 highest
1789 1065 69 20 terms

1266 1087 86 27 •'.bf-'tlie
1360 1091 104 23 -uniform
1464 1087 2 18 1
1476 1092 167 23 kinaness'and
1658 1094 110 23 attention
1778 1094 28 24 he
1819 1103 39 15 ex-

1274 1124 126 30 perienced,
1410 1124 149 31 throughout,
1567 1125 37 23 his
1624 1127 43 29 trip
1686 1126 57 24 from
1764 1127 95 32 Captain

1274 1152 82 34 Bruce)
1368 1157 50 23 who
1430 1157 109 24 rendered
1551 1158 47 23 him
1619 1166 67 23 every
1704 1160 99 30 possible
1822 1169 36 14 as-

1274 1191 134 25 sistancerin
1422 1190 38 24 the
1477 1192 150 29 prosecution,
1641 1191 24 23 of
1682 1192 37 23 the
1837 1193 25 23 of

1275 1223 37 23 the
1314 1223 12 9 v
1324 1217 164 37 voyige"-Vand'
1497 1224 113 23 wherever
1620 1223 54 32 they
1681 1224 82 24 landed
1775 1226 85 23 similar

1274 1258 110 22 attention
1396 1257 45 23 and
1456 1258 123 22 assistance
1600 1265 57 17 were
1669 1258 78 23 shown
1754 1266 4 4 ■
1765 1258 47 24 him
1831 1259 29 30 by

1274 1289 31 24 all
1314 1290 38 23 the
1364 1290 68 23 white
1444 1290 112 24 residents
1567 1296 24 18 to
1604 1291 37 23 the
1653 1291 139 23 southward.

659 1266 99 21 London
1233 1270 15 20 0

659 1292 56 22 New
730 1293 80 22 South
825 1292 86 23 Wales
926 1300 46 15 and
983 1293 29 22 V.
1022 1294 29 21 D.
1063 1294 25 21 L:
1130 1310 5 5 .
1153 1296 14 20 2
1194 1297 13 19 0
1234 1298 14 19 0

659 1319 94 22 Nelson
881 1322 90 18 .....'..
980 1320 26 20 .V
1151 1323 53 20 20
1233 1324 14 19 0

659 1345 126 23 TARANAKI
796 1353 46 16 AND
850 1346 85 23 CoASX..
942 1361 9 12 •,
1155 1350 13 19 2
1195 1350 22 21 0.
1234 1352 14 19 0

659 1373 130 22 Auckland
804 1374 155 20 ■;....'..'....'
1109 1375 13 20 '.
1129 1390 5 5 .
1179 1376 38 20 nil.

1918 225 98 24 Further
2027 226 115 31 deposited
2150 228 22 23 in
2183 228 39 23 the
2231 227 69 24 Bank

1890 266 25 22 ap
1928 263 21 18 to
1962 260 15 22 3
1990 259 89 23 o'clock
2089 261 120 31 yesterday
2220 268 5 15 :—:
2227 273 35 4 —

1890 295 62 32 Capt.
1966 295 151 25 Cruikshank
2138 297 24 23 of
2178 299 38 21 the
2232 297 70 23 Ariel
2356 300 14 22 1
2406 300 63 23 1-0

1890 328 43 23 Mr.
1947 328 97 30 Rennie,
2059 330 180 23 Custom-house
2268 339 8 14 <.
2286 346 8 7 .
2357 332 63 23 10
2455 335 15 20 0

1890 360 51 31 Me}'
1945 361 38 23 W.
1992 360 94 33 'Flyger
2102 368 27 18 ..•
2203 378 90 8 ......
2352 366 16 20 0
2403 366 13 22 5
2453 367 15 21 0

1890 393 43 24 Mr.
1943 393 181 26 A.Sutherlarid
2133 396 68 31 sheep
2214 394 83 25 farmer
2353 398 65 22 010
2453 400 16 21 0

1890 425 165 33 Mfr.M'Nelly
2064 426 17 24 V
2213 426 2 4 '
2354 432 16 20 0
2389 431 30 22 10
2454 433 15 21 0

1920 459 96 31 Specific
2028 462 110 29 promises
2154 466 40 19 not
2204 461 54 30 paid
2270 469 30 22 up

1890 491 37 25 [Jut
1938 493 62 30 early
2011 494 110 30 expected
2138 495 24 22 in
2180 494 63 29 cash,
2256 494 44 23 and

1890 532 22 16 is
1931 526 101 23 received
2056 526 39 23 the
2117 527 82 24 donors
2223 535 77 16 names

1890 558 42 23 will
1947 558 28 23 be
2122 562 37 21 T.
2310 560 4 5 '
2338 561 35 23 46
2391 560 39 24 12'
2457 564 15 21 0

762 1422 5 6 '
779 1421 99 23 Notice
940 1420 183 24 Subscribers.

660 1462 78 24 Papers
753 1461 46 19 will
811 1461 37 18 not
862 1458 24 20 be
898 1459 47 18 sent
962 1458 21 19 to
995 1463 88 19 persons
1095 1458 66 26 living
1175 1461 35 18 out
1213 1461 38 25 rof

684 1489 55 19 Port
748 1488 122 24 Nicholson,
888 1487 68 20 unless
971 1490 155 24 arrangements
1139 1493 37 15 are
1182 1490 66 20 'made

682 1515 37 25 for
729 1516 35 20 the
769 1517 102 24 payment
880 1516 28 25 of
913 1515 36 21 the
957 1520 63 20 same,
1031 1517 92 25 through
1140 1522 28 14 an
1180 1517 68 26 Agent

686 1545 23 18 at
721 1544 136 25 Wellington.

65 126 97 22 Public
190 125 59 22 Sale
277 125 31 21 of
322 125 100 30 JTown
448 124 78 21 Land
554 124 54 22 and

33 163 4 4 •
36 155 2 7 j
87 155 2 6 '
148 151 4 6 '
195 151 18 21 t~
236 151 201 23 Merchandize.

214 183 150 22 BETHUNE
380 188 45 16 and
435 181 138 24 .HUNTER
582 181 45 22 will

135 209 41 22 sell
194 210 29 28 by
242 209 83 22 Public
338 205 105 29 Auction',
461 214 30 15 on
508 207 120 23 Lambton-

40 244 70 20 ■quay,
121 243 29 15 on
160 235 115 28 Thursday
285 238 60 23 next,
357 235 38 21 the
407 236 35 20 »lst
453 234 31 21 -of
495 234 130 27 December,

179 270 69 22 TWO
268 269 93 22 TOWN
383 268 108 26 ACRES,

44 296 137 22 Subdivided
202 298 47 20 into
274 295 136 22 convenient
435 294 138 27 Allotments,
597 294 30 22 all

170 323 84 26 having
261 322 112 26 frontages
383 325 23 18 to
416 324 84 19 streets.

69 355 60 27 Viz.,
145 357 40 19 Ist.
199 355 68 20 Town
280 353 66 27 Acre,
358 352 124 22 numbered
494 353 42 23 556
551 361 27 15 on
589 353 38 22 the

42 382 112 27 Surveyor
173 380 112 22 General's
304 381 55 21 Plan
368 388 5 18 ;
399 379 101 26 frontage
526 388 28 14 oofn
552 402 7 10 f
580 379 47 23 Hill

43 409 78 26 Street,
131 407 150 26 immediately
286 406 87 22 'behind
383 406 37 22 the
429 405 116 24 residence
548 406 31 23 !6f
585 407 41 21 Dri;

42 435 82 25 Evans,
148 433 140 28 beautifully.,
299 431 103 28 situated,
427 432 54 22 and.
501 434 127 26 presenting

41 468 67 24 many
119 460 135 27 advantages
268 464 23 16 to
307 459 64 23 small
387 459 118 27 capitalists
522 461 43 21 and
580 467 47 15 me-

42 487 96 26 chanics,
149 486 48 22 who
207 486 45 22 will
267 485 51 23 thus
333 487 58 20 have
406 492 28 15 an
452 487 139 31 opportunity
605 486 26 21 of

41 513 125 28 possessing
179 512 98 22 freehold
291 517 106 23 property
413 512 23 22 in
456 513 49 21 that
524 512 110 22 centrical'

41 543 50 24 part
101 539 25 22 of
134 539 37 21 the
181 539 76 22 Town.
454 550 4 16 \
555 536 35 13 4!>J-
597 538 4 7 '
614 541 21 7 **

68 566 51 22 2nd.
144 566 67 22 Town
226 566 58 22 Acre
299 565 44 22 No.
355 566 47 26 134,
420 566 76 29 on^Te
514 565 123 27 Are.EJat,.

24 593 86 26 ''being
119 599 14 15 a
143 592 258 26 Corner^xlotment,
412 592 98 27 fronting
519 592 109 22 Taranaki

41 619 45 22 and
97 619 112 26 Ingestrie.
213 620 88 25 Streets,
311 619 43 21 and
361 619 96 21 situated
467 626 32 14 on
508 619 57 22 what
570 623 59 17 must

40 645 28 23 be
78 645 38 23 the
126 645 65 23 Main
200 646 72 21 Street
280 645 96 27 through
387 645 43 21 this
440 645 86 22 district
529 647 4 14 ;
536 646 26 21 of
569 644 69 22 Wel-

40 672 94 27 lington,
144 672 44 21 and
197 672 90 26 leading
296 675 23 18 to
329 672 38 21 the
378 672 117 22 Suburban
501 672 74 23 Lands
585 672 44 22 and

27 714 4 4 .
40 699 72 27 Dairy
131 699 78 21 Farms
227 698 87 28 rapidly
331 699 101 27 forming
449 699 77 21 'about'

42 725 48 28 Bay
96 725 44 21 and
147 726 95 22 towards
246 725 120 22 Terawitti.
391 726 32 20 Its
430 722 196 30 chiefadvantage,

40 751 109 27 however,
164 752 19 21 is
192 752 22 22 in
224 752 65 27 being
303 753 25 21 in
339 752 37 21 the
391 759 55 14 near
456 752 91 27 vicinity
554 750 28 23 'of
592 752 36 21 the

41 779 54 27 only
110 778 76 28 public
201 786 88 14 reserve
295 786 4 4 -
308 779 84 25 having
411 778 176 26 water-frontage
587 787 2 12 :
600 778 28 22 in

40 806 77 26 Town,
136 804 45 22 and
196 806 83 26 where,'
292 812 29 14 no
328 805 83 26 .doubt,
427 811 19 14 a'
451 804 83 22 'Public
550 805 82 21 Wharf

40 832 53 26 will,
105 832 103 27 erelong,
215 832 29 22 be
255 832 146 26 constructed,
408 831 45 22 and
463 831 165 22 Publicßuild-

39 858 51 28 ings
105 859 95 27 erected,
219 858 72 22 which
305 858 43 21 will
364 858 51 26 give
430 858 145 22 incalculable
590 858 39 22 ad-

40 889 107 23 vantages
157 889 23 17 to
190 886 61 20 these
261 884 134 27 allotments,
409 884 93 30 beyond,
508 885 59 22 what
569 885 60 27 'they

40 911 93 28 already
142 919 92 20 possess,
251 910 24 23 in'
282 911 68 28 being
364 910 97 23 situated
477 911 73 23 where
559 912 69 22 leases

39 945 37 15 are
86 945 24 15 so
119 938 68 22 much
197 938 68 22 soucli
274 938 64 22 after.
417 940 3 7 '
444 940 11 13 •'
483 939 10 11 ''
493 957 8 11 u
506 938 18 17 ''•

109 966 74 20 Plans'
185 973 47 19 may
243 966 22 20 be
274 972 46 14 seen
329 966 28 25 of
367 967 36 19 the
414 964 148 23 Auctioneers!

247 1000 85 25 A^TER,
339 1007 86 20 WHICH,
467 1021 3 10 ;
500 996 41 34 V,'

69 1027 19 21 A
105 1026 102 28 quantity
222 1027 27 21 of
263 1025 165 27 Merchandise,
441 1028 49 25 &c,
508 1026 122 27 consisting

39 1053 27 22 of
82 1054 167 27 Ironmongery,
263 1053 4 11 :
269 1052 73 28 T6ols,
361 1051 175 27 Manufacture's,
555 1054 72 25 Glass,

40 1080 47 21 and
110 1080 164 27 Earthenware,
284 1081 75 26 ',Soap,
389 1079 105 28 Vinegar,
504 1101 4 6 ,
520 1080 108 25 Mustard,

40 1106 75 27 Flour,
126 1107 54 24 Tea,'
191 1107 76 27 Sugar,
275 1107 83 26 Wines,
370 1106 44 22 and
422 1114 13 14 a
446 1107 61 27 large
517 1107 83 27 variety
608 1107 24 20 of

41 1133 66 22 other
115 1133 96 22 articles.
228 1136 2 4 '
241 1135 27 12 '•'-
297 1134 3 3 '
558 1139 4 4 '

68 1160 54 21 Part
132 1159 26 22 of
164 1159 61 23 these
237 1159 75 22 Goods
322 1167 37 14 are
366 1167 60 15 more
434 1168 25 13 or
468 1160 44 21 less
519 1160 109 27 damaged

39 1187 31 26 by
76 1187 43 22 -fire
121 1198 27 4 —
150 1187 43 21 will
203 1188 28 21 be
242 1187 47 21 sold
300 1187 94 21 without
403 1186 95 23 reserve.
536 1187 3 4 '
560 1187 22 28 \,

171 1213 49 22 Sale
231 1218 23 17 to
263 1213 67 27 begin
340 1216 23 19 at
377 1216 27 19 12
413 1213 94 22 o'clock.

67 1246 129 22 November
214 1247 39 25 24,.
260 1247 59 21 1842.

25 1289 3 16 :
94 1292 2 9 '
114 1295 3 6 '
192 1291 36 20 St.
251 1289 142 23 Andrew's
413 1291 67 25 Day.

42 1325 94 34 rpHE
160 1327 153 27 Anniversary
331 1326 25 22 of
373 1326 38 21 the
429 1326 84 22 Patron
519 1343 3 5 ,
531 1324 61 24 Saint
607 1324 27 22 of

49 1348 31 26 _L
119 1354 106 22 Scotland
241 1354 42 22 will
301 1355 26 20 be
343 1352 125 22 celebrated
485 1352 31 26 by
515 1363 3 13 ;
526 1359 13 14 a
552 1351 77 22 Public

41 1379 88 23 Dinner
143 1381 23 21 at
184 1380 128 23 Barrett's
327 1380 100 27 Hotel,.
433 1387 30 14 on
479 1378 148 28 Wednesday,

42 1405 38 23 the
90 1407 53 22 30th
153 1408 84 21 instant
238 1423 11 13 v
267 1416 11 19 •,
333 1424 1 10 ,
348 1404 4 3 '

70 1439 87 27 George
169 1439 94 26 Hunter,
274 1439 60 28 Esq.,
345 1439 88 26 Mayor,
444 1438 25 22 in
481 1437 43 26 the.
528 1437 72 23 Chair.
611 1450 4 4 •

69 1466 124 22 Alderman
204 1467 70 26 Lyon,
287 1466 113 27 Croupier.

192 1513 2 14 i
278 1501 114 21 Stewards.

179 1528 122 22 Alderman
314 1528 76 26 Waitt,

101 1558 16 15 '-
133 1561 3 5 '
180 1552 226 29 Kenneth'^Bethune,
418 1556 61 25 Esq.,
495 1556 2 5 '
553 1559 4 5 -

180 1581 23 23 P.
215 1581 114 28 D.Hogg,
340 1581 62 28 Esq.,

179 1608 84 22 Robert
274 1606 64 29 Park,
350 1608 62 27 Esq.,
425 1623 2 7 ,

179 1635 103 22 Kenneth
295 1635 134 28 Mathieson,
442 1637 61 26 Esq.,

178 1661 96 23 Thomas
284 1662 33 22 M.
330 1662 132 27 Machattie,
474 1663 52 27 Esq.

44 1698 85 19 Tickets
139 1698 44 21 10s.
199 1698 36 19 6d.
252 1698 57 23 each,
323 1699 20 18 to
355 1698 24 19 be
388 1698 42 19 had
439 1698 28 25 of
472 1698 35 20 the
518 1698 111 20 Stewards.

69 1724 89 22 Dinner
167 1731 28 15 on
206 1724 38 21 the
253 1724 69 22 Table
333 1728 22 18 at
365 1726 17 24 .6
393 1724 86 23 o'clock
486 1724 115 28 precisely.

39 1755 148 28 Wellington,
198 1756 59 22 Nov.
267 1756 34 27 25,
314 1757 60 21 1842.
482 1776 5 2 .

143 1802 40 20 To
204 1801 170 26 Proprietors
392 1801 29 21 of
434 1802 92 20 Stock.

40 1835 54 48 A
118 1835 197 22 GENTLEMAN
336 1835 50 21 who
407 1836 41 21 has
546 1835 86 23 several

121 1869 64 19 years
192 1862 24 21 in
227 1862 80 26 charge
317 1862 25 21 of
354 1862 64 22 stock
428 1863 24 21 in
463 1862 112 27 England,
587 1862 45 22 and

41 1888 51 22 who
107 1888 41 22 has
157 1889 59 21 been
235 1896 61 14 more
315 1889 55 21 than
391 1884 79 27 twelve
489 1889 96 21 months'
607 1889 23 21 in

42 1915 82 28 charge
136 1915 24 22 of
179 1923 41 15 one
239 1915 25 22 of
281 1914 37 24 the
337 1916 83 26 largest
439 1916 81 22 dairies
536 1916 22 21 in
580 1916 53 21 Port

40 1942 133 27 Nicholson,
183 1943 40 21 has
235 1942 137 22 determined
383 1945 23 19 to
417 1942 105 22 establish
538 1950 12 14 a
564 1942 68 28 sheep

40 1969 46 22 and
96 1969 66 22 cattle
173 1970 86 26 station,
269 1969 101 22 between
383 1969 142 22 Poriruaand
533 1969 99 27 Wauga-

40 1996 50 27 nui,
110 1996 54 22 with
178 1997 38 21 the
232 1997 110 21 intention
361 1996 26 22 of
404 1997 90 26 taking',
500 1996 67 27 sheep
587 1996 47 22 and

42 2022 68 22 cattle
120 2030 30 14 on
160 2022 82 27 shares,
254 2029 24 14 or
286 2022 123 26 otherwise,
421 2030 24 14 as
451 2022 183 27 mayu>e..agr.eed

41 2056 68 20 upon.
139 2049 48 22 The
202 2056 49 14 new
262 2048 71 22 North
344 2049 72 25 Road,
429 2056 51 14 now
488 2049 31 21 in.
524 2056 107 20 progress,

41 2076 47 21 will
98 2076 50 27 give
159 2076 37 21 the
207 2079 58 17 most
273 2076 86 26 perfect
369 2076 86 26 facility
474 2076 24 20 of

33 2123 5 3 .
41 2103 76 25 eating
126 2103 31 26 by
167 2102 54 22 land
231 2102 51 22 with
293 2102 38 21 tlie
345 2102 94 27 grazing
451 2102 97 21 districts
561 2102 24 21 in
595 2103 38 20 the

41 2129 72 21 above
137 2129 112 22 indicated
272 2129 115 22 direction.
436 2129 45 21 For
503 2129 131 27 particulars

40 2157 69 26 apply
117 2161 22 17 to
150 2157 37 22 the
199 2157 86 20 Gazette
295 2156 72 22 office.
500 2161 3 17 i

69 2191 128 22 November
207 2192 35 25 25,
253 2192 60 21 1842.

159 2241 61 21 Fir*
235 2241 91 21 Relief
338 2241 172 21 Committee.
561 2240 3 6 '
599 2248 4 12 :

40 2276 148 49 NOTICE
209 2275 28 21 IS
260 2274 126 22 HEREBY
406 2275 108 26 GIVEN,
535 2276 47 21 that
601 2283 31 13 no

123 2302 83 22 Claims
221 2302 42 21 will
279 2302 28 21 be
327 2302 103 21 received
449 2309 24 14 or
487 2302 105 22 attended
609 2305 24 18 to

41 2329 58 22 after
109 2330 116 26 Saturday,
235 2328 52 27 (this
295 2328 62 27 day,)
366 2328 38 22 the
412 2329 53 21 26th
475 2332 100 24 current;
588 2329 46 21 and

42 2363 29 14 on
90 2356 48 22 that
157 2356 42 27 day
213 2356 38 21 the
265 2356 134 21 Committee
418 2356 70 22 closes
502 2356 29 21 its
544 2356 90 27 regular

42 2383 95 27 sittings.

178 2410 33 27 By
221 2409 64 21 order
295 2409 24 21 of
329 2409 37 21 the
377 2409 140 22 Committee.

85 2445 3 5 ■
113 2455 3 4 .
352 2436 103 22 -George
467 2436 107 23 Hunter.

479 2463 126 23 Chairman.

46 2490 130 27 Exchange,
187 2490 52 22 24th
249 2490 134 27 November,
395 2491 63 21 1842.

147 2535 173 26 Wellington
333 2535 111 21 Cricket
453 2535 78 22 Club.

44 2569 93 48 THE
157 2568 79 22 CLUB
254 2572 59 18 meet
336 2576 30 15 on
390 2569 104 26 Tuesday
514 2570 117 21 afternoon

119 2597 62 24 next,
199 2596 129 21 November
346 2596 60 26 29th,
427 2603 28 15 on
475 2596 37 21 the
533 2596 101 24 Ground,

42 2622 33 22 Te
87 2622 46 22 Aro
141 2630 5 14 :
162 2622 44 22 and
217 2629 29 14 on
254 2622 39 21 the
303 2622 128 22 afternoons
442 2623 25 21 of
475 2623 102 27 Tuesday
587 2624 48 21 and

43 2648 83 28 Friday
136 2649 55 22 each
205 2649 68 22 week.
303 2650 99 21 Wickets
418 2650 90 26 pitched
524 2654 23 17 at
561 2652 15 20 4
586 2658 48 14 p.m.

44 2676 111 22 Punctual
162 2676 134 22 attendance
307 2676 24 22 of
338 2676 111 22 members
459 2677 19 21 is
487 2677 124 27 requested.

281 2719 3 3 •
298 2709 23 21 J.
332 2709 31 21 H.
374 2709 125 26 Wallace,
512 2709 123 28 Secretary.

75 2743 88 21 Season
178 2743 106 26 Tickets,
301 2744 43 20 10s.
356 2742 45 27 6d.,
418 2746 23 18 to
456 2742 29 22 be
500 2742 45 22 had
559 2743 25 21 of
597 2743 38 22 the

46 2768 127 27 Treasurer,
184 2770 46 21 Mr.
240 2769 34 22 W.
286 2769 75 22 Lyon.

74 2801 128 22 November
209 2801 34 26 25,
254 2802 60 21 1842.

142 2846 192 28 Immigration
350 2847 186 25 Department.
568 2856 3 2 -

52 2880 208 25 /CLASSIFIED
275 2879 49 23 List
340 2879 27 23 of
385 2879 141 27 immigrants
545 2880 96 28 brought

53 2912 40 18 Vy
124 2911 38 18 out
173 2911 22 18 at
210 2907 38 22 the
265 2914 97 21 expense
380 2907 26 21 of
415 2906 39 22 the
470 2906 54 22 New
541 2907 99 23 Zealand

53 2935 123 27 Company,
187 2935 23 21 in
221 2933 37 22 the
267 2934 86 27 barque
366 2935 79 25 George
453 2933 62 27 Fyfe,
530 2935 41 21 460
581 2937 57 23 tons,

48 2961 94 28 Captain
154 2961 63 27 Pike,
228 2961 56 22 from
296 2961 105 22 London.

346 2995 55 17 Male.
444 2994 78 18 Female.
564 2995 61 17 Total.

76 3020 188 23 Adultsmarried
362 3022 39 21 19'
474 3022 26 21 19
581 3023 27 21 38

77 3047 85 22 Adults
172 3047 70 27 single
378 3050 15 21 3
489 3049 15 22 2
598 3049 14 22 5

364 3104 29 21 22
475 3104 25 21 21
582 3104 29 21 43

51 3127 78 22 Under
140 3128 27 21 14
176 3135 64 20 years
249 3128 25 22 of
284 3136 42 20 age
488 3139 5 3 ■
583 3132 28 20 23

583 3186 28 20 66

344 3237 85 18 Married.
460 3238 66 20 Single.
568 3238 59 17 Total.

78 3255 152 28 Agricultural
239 3256 105 23 laborers'
380 3260 14 20 7
425 3262 5 4 '
489 3260 11 20 1
597 3261 13 20 8

76 3283 142 27 Carpenters'
237 3290 3 5 •
376 3286 14 21 8
485 3288 121 20 0S

79 3309 135 23 Gardeners'
227 3321 3 4 ■
378 3313 12 20 1
488 3314 15 20 0
597 3314 12 21 1

77 3337 134 22 Labourers'
378 3340 10 19 1
486 3340 15 21 2
596 3342 13 19 ii

77 3358 117 42 Smi^\
379 3366 15 21 2
488 3366 15 21 0
596 3368 15 21 2

112 3406 3 9 1
134 3405 18 33 ::
181 3420 14 26 f
368 3419 27 21 19
461 3435 4 4 .
487 3420 16 21 3
582 3422 29 21 22
632 3438 2 3 .

103 3445 135 26 lypixy'malA
488 3447 12 19 11
525 3455 4 4 ■
597 3450 12 19 1

56 3491 3 3 .
97 3468 103 26 Servant
487 3474 11 20 1
596 3476 12 19 1

535 3542 6 3 -
581 3530 26 20 24
623 3529 3 6 '

305 3553 30 23 D.
347 3553 140 26 RIDDIFORD,

390 3580 156 27 Immigration
555 3582 81 27 Agent.

78 3607 147 28 Wellington,
236 3607 131 23 November
376 3608 33 26 23,
423 3609 61 20 1842.

227 3663 53 21 Por
294 3662 166 28 Wangatoui.
540 3659 5 5 v
597 3668 27 5 ..
642 3667 2 7 «

197 3698 30 20 To
237 3697 48 21 Sail
293 3702 27 15 on
330 3697 97 25 Tuesday
435 3699 59 19 next.

92 3728 71 39 vlg£jjs!
232 3734 92 33 rpHE
331 3733 47 23 fine
387 3733 47 23 fast
442 3733 82 28 sailing
531 3733 110 24 schooner

81 3756 128 39 jggPj®^
238 3756 29 27 J-
309 3761 65 27 IMP,
396 3760 78 27 Smith,
493 3764 87 25 master,
599 3761 41 23 has

78 3784 135 38 Plrs*sg)|j
230 3788 99 27 superior
338 3787 204 23 accommodations
547 3788 35 22 for
588 3795 53 20 pas-

222 3821 106 20 .sengera.
357 3815 76 28 Apply
449 3818 23 19 to
491 3814 38 22 the
546 3815 93 28 Master,

53 3837 161 31 iSsSSSww
231 3848 27 15 on
269 3842 77 22 board.

81 3874 129 22 November
219 3874 33 27 25,
264 3874 61 21 1842.

52 3917 72 48 ON
140 3918 86 28 SALE,
241 3921 22 19 at
272 3914 130 32 tbirjoffice,
413 3918 70 24 blank
494 3920 56 22 Bim,
561 3920 77 22 Books

153 3944 94 23 Gaaette
283 3945 72 27 offio#,
362 3945 60 23 -Deo.
432 3946 30 23 4.,
