2530 3980
66 186 56 30 past
141 190 57 23 year
217 181 77 25 which
311 179 59 24 have
472 177 58 30 faliy
548 177 54 23 well

68 226 111 26 attended
205 225 30 31 by
263 224 42 24 the
336 221 121 25 members.
492 219 110 30 Nothing

66 268 176 31 extraordinary
258 264 114 28 occurred
388 263 87 31 during
491 262 41 23 the
547 269 55 23 year

66 313 77 27 which
155 311 75 27 called
253 311 37 25 for
308 309 88 34 special
412 306 102 26 remark.
550 305 51 25 The

63 356 111 31 teaching
184 354 58 24 staff
264 353 136 31 undergone
419 358 33 17 no
470 348 130 26 alteration

64 400 66 25 since
160 407 34 16 we
226 397 59 25 took
312 396 76 25 office.
423 393 50 26 The
502 394 99 24 amount

63 443 105 26 received
196 442 47 24 and
280 440 56 32 paid
364 447 66 23 away
457 438 26 24 in
511 437 89 24 salares

62 485 128 26 amounted
205 486 26 23 to
251 484 72 24 £498
344 484 37 23 6s.
405 481 65 29 10d.,
494 480 106 24 received

63 527 38 24 for
111 523 138 27 incidentals
261 524 50 24 £59
324 524 37 25 7a.
375 523 23 23 3.
424 521 51 24 The
487 519 111 33 expendi-

63 572 52 23 ture
126 569 43 24 has
181 568 66 28 been,
260 567 36 24 for
307 564 148 29 incidentals*
468 565 52 25 £60
539 565 16 23 8
576 564 23 29 9,

63 613 40 25 the
126 612 39 26 Cr.
186 611 104 24 Balance
314 618 30 16 on
357 608 85 25 March
464 608 65 25 31st.
550 614 55 17 was.

63 657 50 25 £H
135 657 35 23 ss.
185 653 65 29 lid.,
275 654 42 23 but
379 652 39 23 the
430 651 46 24 last
496 650 104 31 meeting

61 699 28 25 of
99 698 40 24 the
154 696 133 26 committee
299 696 99 31 cheques
410 696 27 22 to
448 694 41 24 the
499 694 99 23 amount

62 742 27 25 of
97 742 37 27 £7
147 742 51 24 10s.
213 739 39 25 6d.
264 747 58 17 were
334 738 83 32 passed
428 738 37 23 for
476 738 121 31 payment,

62 793 27 17 so
111 785 54 24 that
187 786 27 21 at
233 783 40 23 the
295 784 103 30 present,
416 781 41 23 the
478 779 121 32 incoming

62 828 133 26 committee
208 826 48 26 will
275 826 61 25 have
346 832 14 18 a
379 825 75 24 credit
466 823 97 26 balance
574 823 25 24 of

63 873 37 23 £6
115 873 50 24 15s.
189 871 41 25 sd.
253 873 26 22 to
302 872 61 22 start
390 868 67 29 with,
480 868 57 24 with
557 867 41 24 the

62 915 124 31 exception
208 914 25 24 of
245 922 15 16 a
268 913 47 24 few
335 912 109 30 shillings
456 910 47 24 due
520 913 26 21 to
558 910 40 24 the
607 918 4 4 •

62 960 123 30 secretary.
221 955 45 26 We
289 955 59 25 have
381 962 31 17 no
444 952 154 32 outstanding

61 1001 128 25 liabilities.
223 1000 50 23 The
292 999 75 25 books
379 997 61 24 have
462 997 60 24 been
541 995 57 33 duly

61 1045 99 25 audited
170 1045 30 30 by
214 1043 40 25 the
265 1043 102 25 Board's
379 1040 102 26 Auditor
492 1040 49 25 and
560 1047 38 18 are

61 1096 52 17 now
125 1096 31 17 on
176 1087 41 25 the
237 1085 71 30 table,
329 1085 75 25 where
426 1084 56 33 they
504 1092 44 17 can
571 1084 27 24 be

61 1131 123 34 inspected
195 1131 31 33 by
241 1138 91 25 anyone
344 1129 51 26 who
407 1128 91 27 wishes.

95 1176 51 26 The
176 1175 118 33 principal
322 1174 63 25 work
416 1173 71 24 done,
496 1172 33 32 by
558 1172 41 25 the

60 1219 143 27 committee:
223 1218 54 25 -has
314 1218 66 24 been.
416 1215 112 33 Clearing
558 1216 41 24 the

59 1263 134 33 plantation
292 1261 43 25 the
346 1259 78 26 school
437 1259 91 33 ground
537 1259 62 25 from

59 1303 99 27 stunted
170 1306 68 26 trees,
256 1302 106 32 erecting
373 1301 67 25 fence
456 1301 25 25 in
492 1301 65 25 front
574 1301 25 24 of

59 1346 181 27 schoolmasters
250 1346 73 25 house
332 1345 58 25 .and
401 1344 112 33 painting
525 1352 73 17 same.

61 1387 24 26 A
94 1387 67 33 large
183 1385 64 26 filter
254 1386 43 25 has
308 1385 59 26 been
378 1385 114 33 procured
503 1387 25 22 to
539 1385 61 24 filter

61 1432 41 24 the
120 1430 52 26 rain
191 1432 73 23 water
285 1430 38 25 for
345 1428 114 33 drinkjng
473 1436 125 24 purposes.

94 1472 113 34 Through
227 1474 41 24 the
289 1472 202 31 instrumentality
513 1472 26 24 of
558 1472 41 24 Mr

61 1518 99 29 Adams,
177 1525 45 17 one
249 1517 26 25 of
303 1517 42 24 the
362 1516 115 24 members
503 1516 26 24 of
557 1515 40 25 the

63 1561 88 31 Board,
163 1569 36 18 we
210 1561 116 32 managed
347 1564 24 21 to
390 1562 42 30 get
454 1559 40 26 the
517 1559 81 26 school

61 1606 106 33 painted.
193 1606 61 28 Two.
264 1613 47 20 new
329 1613 67 24 maps
407 1604 61 26 have
478 1603 51 27 also
540 1604 59 24 been

61 1649 109 33 supplied
181 1649 87 33 during
278 1649 41 25 the
329 1656 64 25 year.
481 1665 5 3 -

96 1693 52 25 The
158 1693 146 24 .attendance
323 1693 26 24 of
370 1691 50 25 the:
431 1691 105 26 children
555 1691 43 25 has

61 1738 44 24 not
116 1736 58 25 been
185 1734 33 27 all
228 1735 55 25 that
290 1734 72 27 could
371 1734 29 25 be
410 1734 100 26 desired.
530 1734 68 28 With

61 1780 42 25 the
115 1780 59 26 view
185 1779 25 25 of
219 1778 163 33 encouraging
398 1780 65 24 them
480 1780 25 24 to
516 1778 82 26 attend

61 1827 64 18 more
152 1819 126 32 regularly,
308 1820 42 24 the
377 1818 135 26 committee
539 1818 60 25 have

61 1864 72 32 given
144 1872 14 16 a
169 1863 100 25 number
280 1863 24 25 of
315 1861 86 34 prizes.

95 1907 77 26 There
183 1914 40 18 are
234 1914 54 19 now
306 1906 49 25 222
378 1905 108 26 children
508 1913 31 18 on
559 1904 40 25 the

60 1950 43 27 roll
122 1959 31 17 an
173 1950 107 27 addition
297 1950 26 26 of
333 1952 17 24 8
369 1950 88 31 dnring
473 1949 40 25 the
536 1957 62 24 year.

94 1995 52 25 The
165 1994 110 33 teaching
297 1994 57 25 staff
372 1993 88 32 during
482 1994 40 24 the
544 2000 56 25 year

58 2039 43 25 has
121 2039 70 31 given
202 2046 69 24 every
294 2037 156 29 satisfaction,
463 2044 28 17 as
505 2036 93 25 witness

58 2083 41 25 the
122 2081 141 33 Inspector's
275 2083 82 31 report
367 2081 102 24 wherein
479 2080 21 25 it
520 2079 78 26 stated

59 2127 54 25 that
128 2128 63 23 most
213 2125 149 31 satisfactery
382 2124 64 24 work
468 2124 49 24 had
539 2124 67 27 been,

55 2168 177 33 accomplished
266 2165 30 34 by
329 2168 41 24 the
416 2169 89 23 master
546 2167 49 24 and

58 2213 117 25 mistress.

92 2256 41 25 Mr
146 2255 96 27 Walter
255 2255 71 34 Ryde
346 2262 51 18 was
419 2254 80 26 called
517 2255 27 25 to
555 2253 43 26 the

58 2299 79 29 chair,
162 2298 73 27 when
257 2298 45 26 the
324 2298 107 31 electing
453 2297 28 25 of
501 2305 15 17 a
542 2305 56 17 new

57 2343 147 26 committee
219 2342 39 26 for
280 2342 45 26 the
336 2342 107 33 ensuing
464 2349 60 26 year
546 2349 52 18 was

56 2387 139 32 proceeded
203 2386 69 25 with.
301 2386 56 25 The
367 2385 230 33 following-gentle-

58 2438 62 18 men
130 2438 65 17 were
214 2429 61 26 then
285 2429 61 33 duly
359 2429 140 25 elected:—
500 2428 99 25 Walter

59 2472 71 34 Ryde
171 2472 162 34 (chairman),
371 2471 79 27 Louis
463 2494 10 6 ..
494 2470 102 31 Powell,

58 2517 88 26 James
194 2516 126 32 Aldridge,
355 2516 84 24 Frank
485 2516 110 29 Garlick,

59 2560 106 25 Andrew
177 2559 103 29 Baxter,
301 2559 95 31 Joseph
419 2558 105 25 Weeber
544 2559 51 24 and

59 2603 96 27 Arthur
178 2601 103 28 Stubbs.
310 2602 31 27 .A
372 2601 94 26 cordial
489 2603 55 24 vote
571 2601 28 26 of

57 2646 94 27 thanks
163 2648 27 24 to
208 2646 42 24 Mr
269 2646 70 31 Ryde
358 2645 50 25 and
430 2645 41 25 Mr
492 2646 105 31 Ingram

59 2697 52 19 was
132 2688 90 33 passed
240 2688 33 33 by
291 2688 166 26 acclamation
480 2688 49 26 and
552 2688 44 26 the

56 2732 113 32 meeting
181 2731 158 26 terminated.

76 2856 120 32 WEST
212 2855 173 32 OXFORD
405 2853 167 34 SCHOOL

197 2923 256 34 COMMITTEE.

97 3018 76 31 This
197 3018 174 30 committee
390 3021 62 27 met
478 3022 33 26 at
525 3018 68 31 half

54 3064 72 37 past
151 3060 48 31 six
226 3071 41 19 on
292 3059 138 41 Monday
458 3060 134 40 evening

54 3103 50 29 for
122 3101 54 31 the
190 3111 134 30 purpose
338 3101 34 31 of
386 3102 147 39 agreeing
557 3106 33 26 to

53 3153 20 20 a
87 3146 106 36 report
202 3142 50 31 for
267 3142 210 37 presentation
489 3147 33 26 to
536 3143 54 30 the

53 3183 221 32 householders
282 3183 80 32 later
376 3194 49 21 on.
449 3184 140 38 Present,

53 3224 114 31 Messrs
205 3224 150 31 Prichard
392 3225 196 40 (chairman),

52 3266 99 37 Dnan,
187 3265 159 32 Knowles-
368 3266 63 29 and
476 3265 111 32 Wratt.

52 3307 66 32 The
132 3307 134 31 minutes
280 3307 41 30 of
327 3307 143 40 previous
492 3313 96 26 meet-

51 3349 56 39 ing
141 3360 82 20 were
258 3348 167 31 confirmed
461 3349 61 30 and
569 3360 19 19 a

51 3393 105 36 report
171 3389 112 39 agreed
297 3399 91 24 upon.
424 3389 163 42 Secretary

51 3429 158 42 produced
243 3429 53 35 tbe
325 3430 128 32 balance
501 3430 86 31 sheet

52 3471 75 40 duly
141 3472 126 30 audited
282 3472 138 41 shewing
442 3483 19 19 a
488 3473 99 30 credit

51 3514 33 28 of
98 3523 73 20 over
185 3514 45 28 £1
235 3514 26 29 6.
306 3513 47 31 No
367 3513 219 32 householders

51 3553 116 39 having
181 3554 154 38 appeared
349 3556 33 28 to
397 3554 78 31 elect
489 3565 19 19 a
518 3565 68 21 new

52 3594 181 37 committee,
270 3594 54 30 the
358 3595 91 30 usual
478 3606 108 20 course

51 3633 65 30 will
130 3634 77 31 have
222 3637 32 27 to
273 3635 39 30 be
327 3635 142 39 adopted,
486 3636 41 33 of.
532 3636 54 31 the

51 3673 104 30 Board
170 3674 190 40 advertising
379 3676 131 30 another
526 3676 60 40 day

51 3713 52 30 for
121 3714 53 30 the
195 3713 139 40 election,
357 3716 88 30 when
477 3716 28 30 if
535 3717 53 31 the

53 3754 217 32 householders
299 3756 91 40 again
418 3757 92 31 make
539 3758 48 30 de-

51 3796 82 29 fault
158 3807 18 19 a
204 3798 229 30 commissioner
459 3798 63 30 will
551 3799 37 30 he

51 3836 169 40 appointed
269 3841 33 28 at
350 3838 54 31 the
468 3839 119 32 schools

51 3888 144 32 expense.

687 183 191 59 LOCAL
897 184 34 56 and
952 179 269 61 GENERAL

722 303 163 26 Lecture:—
887 303 53 24 The
963 303 53 24 Rev
1028 302 68 25 John
1108 299 116 33 Hosking

687 343 52 25 will
750 344 54 29 give
816 351 15 16 a
842 343 84 31 Magic
941 343 112 24 Lantern
1072 342 106 24 Lecture
1190 347 33 17 on

689 381 157 32 Astronomy,
870 388 28 18 or
920 380 44 25 the
991 379 121 26 Wonders
1135 378 27 26 of
1179 377 44 26 the

687 422 125 30 Heavens,
837 423 26 24 at
891 421 43 25 the
962 421 94 25 United
1084 419 139 26 Methodist

687 460 63 25 Free
789 459 109 28 Church,
932 459 72 25 West
1037 458 101 29 Oxford,
1189 465 33 18 on

687 500 122 31 Tuesday,
822 498 59 33 May
904 499 67 30 2nd.,
988 498 51 26 and
1058 506 33 17 on
1103 497 118 25 Wednes-

687 537 56 33 day,
780 539 59 30 May
874 537 53 25 3rd.
961 538 27 24 at
1021 536 64 26 East
1119 535 101 26 Oxford.

689 577 102 34 Subject
802 577 109 27 Marvels
922 577 28 26 of
958 577 104 26 Nature.

720 628 101 26 Oxford
855 629 131 25 Debating
1021 628 111 26 Society.
1136 642 33 5 —
1169 626 52 26 The

685 673 73 25 usual
767 673 90 30 weekly
874 672 103 31 meeting
987 680 48 17 was
1054 671 63 30 held,
1136 671 26 24 in
1180 670 41 25 the

685 715 101 32 Library
797 724 31 17 on
840 716 110 31 Tuesday
968 715 62 31 last;
1043 716 41 25 the
1095 723 67 17 room
1173 722 48 17 was

685 759 52 26 well
767 759 68 26 filled
858 760 30 31 by
910 758 55 32 lady
999 759 48 24 and
1086 758 135 33 gontleman

685 803 122 24 members.
843 802 95 26 Several
960 811 50 15 new
1028 802 113 25 members
1161 809 60 17 were
1249 821 2 8 ,

686 843 94 25 elected
810 842 50 26 and
894 842 84 26 others
1019 841 129 34 proposed.
1183 841 39 33 By

684 887 142 27 invitation,
859 885 44 27 the
925 886 61 25 Rev.
1010 886 32 25 D.
1066 886 33 24 D.
1124 885 99 32 Rodger

685 930 58 25 read
771 938 15 17 a
814 938 59 24 very
899 929 150 32 interesting
1079 936 77 25 paper
1188 936 34 17 on

685 972 153 35 Hypnotism
850 972 51 28 and
908 981 52 18 was
971 972 104 34 warmly
1083 972 139 33 applauded

685 1019 26 24 at
722 1018 34 26 its
767 1017 146 33 conqlusiqn
929 1016 32 33 by
972 1016 35 26 all
1026 1018 101 31 present
1159 1016 64 26 after

685 1070 16 16 a
723 1062 94 25 cordial
826 1063 58 24 vote
902 1061 27 25 of
946 1060 94 26 thanks
1061 1069 17 17 a
1096 1061 127 24 universal

685 1105 63 26 wi3h
771 1113 51 18 was
850 1105 131 32 expressed
1006 1104 57 27 that
1090 1105 44 25 the
1159 1104 62 25 Rev.

685 1149 145 33 gentleman
840 1148 84 28 would
945 1148 88 26 favour
1055 1148 44 26 the
1123 1148 100 33 Society

684 1193 33 33 by
739 1193 104 32 reading
853 1193 107 26 another
981 1200 77 25 paper
1069 1194 27 24 at
1106 1200 34 18 an
1154 1192 69 33 early

684 1236 66 30 date,
774 1235 44 28 the
829 1236 139 27 discussion
978 1244 52 18 was
1052 1236 59 32 kept
1126 1244 34 24 up
1182 1235 41 27 till

684 1279 45 29 the
739 1280 67 26 hour
816 1280 29 26 of
852 1279 105 33 closing.
993 1279 103 33 Subject
1113 1280 39 25 for
1161 1280 62 25 next

685 1324 115 32 Tuesday
809 1324 75 33 night
988 1323 44 26 the
1051 1322 172 27 Government

685 1368 32 25 do
737 1367 69 33 right
832 1367 28 26 in
888 1367 130 33 acquiring
1045 1366 44 26 the
1118 1366 105 26 Cheviot

720 1451 94 26 Water
826 1451 70 26 Race
908 1449 94 26 Board.
1002 1465 33 4 —
1035 1449 26 26 It
1075 1449 23 26 is
1108 1456 114 19 rumour-

685 1486 31 27 ed
729 1487 56 25 that
804 1487 44 25 the
872 1488 53 24 seat
948 1486 84 27 which
1051 1486 47 26 has
1120 1486 102 26 become

647 1547 3 4 .
659 1542 3 6 :
684 1528 92 25 vacant
788 1527 33 33 by
831 1527 44 26 the
886 1527 76 25 death
979 1527 28 25 of
1027 1527 42 25 Mr
1075 1543 10 5 -
1092 1527 131 32 Chapman

685 1566 51 27 will
753 1566 32 26 be
795 1566 70 26 filled
875 1565 33 34 by
920 1566 40 25 Mr
967 1566 26 25 J.
1003 1566 153 26 Dickenson.

718 1606 89 26 Beans
818 1613 94 19 versus
924 1606 73 26 Oats.
999 1621 33 4 —
1032 1606 41 25 Mr
1084 1606 25 26 J.
1119 1605 104 27 Dcbson

685 1645 106 25 informs
804 1652 29 18 us
840 1645 57 25 that
908 1644 33 25 he
952 1644 47 25 has
1011 1643 64 26 been
1085 1651 60 26 very
1168 1650 54 18 suc-

684 1682 93 27 cessful
799 1683 29 25 in
850 1682 105 33 topping
976 1690 34 25 up
1032 1682 106 26 freezers
1162 1681 61 26 with

684 1720 86 27 beans.
805 1721 54 26 The
870 1720 64 27 bean
946 1720 41 25 fed
1007 1720 77 33 sheep
1107 1721 34 24 he
1164 1727 59 25 says

685 1754 94 33 topped,
788 1754 43 26 the
842 1753 98 27 market
952 1754 50 25 and
1013 1754 43 25 the
1079 1753 97 34 quality
1198 1753 28 26 of

684 1794 44 26 the
739 1795 100 25 mutton
851 1794 22 26 is
884 1794 177 32 unsurpassed.
1119 1814 4 4 .

720 1842 33 26 St
770 1842 105 29 Mart's,
876 1856 34 4 —
911 1842 88 32 Owing
1029 1843 27 24 to
1084 1850 16 17 a
1124 1841 99 26 clerical

685 1888 68 17 error
775 1880 28 25 in
830 1888 47 18 our
905 1880 51 25 last
983 1879 75 31 issue,
1082 1879 42 26 Mr
1140 1879 83 25 'Dean

685 1919 122 32 appeared
841 1928 28 17 as
899 1919 44 25 the
953 1918 218 33 -superintendent
1198 1917 28 26 of

685 1957 53 26 this
772 1957 104 34 Sunday
913 1957 100 30 School,
1032 1957 135 30 .whereas,
1201 1956 22 26 it

684 1997 93 26 should
788 1997 64 27 have
860 1998 63 25 been
934 1998 54 25 Mrs
999 1998 80 25 Dean.
1101 2011 4 4 -
1139 2009 111 19 •■*■.•-

717 2042 54 26 Bad
788 2043 190 29 Behaviour,—
979 2043 49 25 We
1066 2044 84 31 regret
1195 2044 26 24 to

684 2084 64 26 have
777 2086 26 24 to
831 2093 44 24 say
903 2084 57 26 that
993 2084 91 32 during
1116 2084 107 31 evening

685 2122 93 28 service
800 2124 27 24 at
849 2122 29 26 St
901 2122 94 32 Mary's
1018 2122 109 30 Church,
1151 2121 72 26 West

685 2161 105 25 Oxford:
812 2166 70 21 dome
904 2168 146 24 annoyance
1072 2168 52 18 was
1151 2167 69 18 occa-

685 2201 87 25 sioned
790 2201 26 26 to
836 2201 44 26 the
896 2200 186 32 congregation,
1106 2199 32 33 by
1160 2199 62 33 boys

684 2239 104 33 making
816 2248 15 17 a
858 2239 71 25 noise
963 2239 105 25 outside.
1103 2238 50 25 For
1178 2237 44 26 the

685 2279 78 25 credit
774 2279 27 25 of
816 2279 43 25 the
876 2280 103 30 parents
995 2278 28 25 of
1037 2278 73 25 these
1137 2285 85 25 young

671 2316 107 33 -people,
793 2325 35 18 we
839 2317 66 32 hope
917 2316 55 26 that
992 2316 20 26 it
1030 2316 50 26 will
1090 2317 46 25 not
1148 2323 74 19 occur

684 2349 85 40 again!
791 2362 4 5 •
1104 2381 4 2 .

718 2407 22 25 A
757 2406 135 27 Valuable
920 2408 106 24 Parcel.
1028 2421 33 4 —
1061 2406 88 26 Under
1178 2405 43 26 the

684 2446 109 34 heading
803 2448 28 24 of
840 2448 64 24 Hull
916 2447 58 25 Fire
985 2455 111 24 appears,
1112 2446 45 25 the
1176 2446 45 25 fol-

683 2486 256 34 lowing.—-Theblue
945 2486 98 34 jackets
1050 2486 111 27 arrested
1172 2487 49 25 two

683 2533 60 17 men
753 2525 39 26 for
802 2526 101 31 placing
924 2533 16 17 a
960 2525 138 32 suspicious
1120 2524 102 33 looking

682 2564 84 30 parcel
778 2563 107 26 beneath
898 2571 16 17 a
925 2563 62 25 shed
1007 2563 148 31 containing
1172 2571 49 17 one

684 2603 125 26 thousand
820 2603 51 26 free
882 2603 136 26 labourers.
1052 2603 94 26 Which
1162 2610 57 19 con-

684 2641 83 24 tained
779 2641 44 25 the
834 2641 128 26 labourers
973 2641 43 26 the
1025 2642 85 31 parcel
1126 2649 29 18 or
1177 2641 44 25 the

684 2680 62 25 shed
755 2681 12 24 ?

845 2778 95 27 VIEW
959 2777 94 27 HILL.

755 2868 92 18 SCHOOL
868 2867 141 19 COMMITTEE
1018 2867 128 18 ELECTION.

715 2907 54 27 The
781 2909 95 25 annual
886 2909 111 31 meeting
1008 2907 38 27 for
1057 2907 43 26 the
1113 2907 107 27 election

682 2948 27 25 of
724 2957 15 17 a
757 2949 84 25 school
859 2948 150 27 committee,
1036 2956 51 18 was
1115 2948 61 25 held
1192 2948 26 24 in

682 2988 42 26 the
743 2988 155 26 schoolroom
920 2996 33 18 on
972 2987 110 33 Mdnday
1105 2987 122 32 evening,'

680 3028 72 26 there
764 3037 49 17 was
825 3038 15 16 a
852 3037 59 24 very
922 3028 47 25 fair
981 3028 157 26 attendance.
1166 3027 54 27 The

680 3067 129 32 following
842 3067 143 32 gentlemen
1019 3075 64 17 were
1126 3067 94 25 elected

680 3106 94 24 Messrs
788 3106 85 25 Smith
886 3105 40 34 (cb
929 3106 108 33 airman)
1049 3105 69 30 Pole,
1131 3105 87 29 Harle,

679 3145 85 25 Bunn.
804 3144 84 30 Clark,
922 3144 101 26 Durant
1056 3145 51 25 and
1143 3144 78 26 Amos

681 3184 110 32 Wright.

844 3229 49 18 OUR
905 3229 158 18 CBICKETEBS.

716 3264 54 26 The
793 3271 120 25 expenses
933 3264 28 25 of
981 3273 45 16 our
1049 3264 58 26 club
1131 3264 91 32 during

682 3302 43 26 the
737 3304 58 30 past
808 3310 89 18 season
913 3302 65 25 have
988 3302 63 25 been
1062 3311 59 24 very
1132 3302 88 33 heavy,

682 3344 85 31 owing
789 3345 27 23 to
837 3342 96 33 having
955 3351 16 17 a
992 3351 55 17 new
1069 3342 71 33 pitch
1161 3342 60 30 laid,

682 3383 154 33 purchasing
868 3382 121 33 matting,,
1009 3391 56 17 new
1091 3382 65 26 tools
1179 3384 42 23 &c.

676 3423 22 25 A
750 3422 52 26 this
821 3422 74 26 could
912 3424 47 23 not
980 3422 64 26 have
1065 3422 64 26 been
1149 3422 64 25 done

677 3463 51 26 had
752 3465 45 24 net
825 3462 94 26 several
947 3462 142 33 gentlemen
1114 3462 27 25 in
1170 3462 51 25 the.

677 3504 98 26 district
790 3503 127 26 advanced
936 3503 43 25 the
1000 3511 133 24 necessary
1143 3502 61 25 cash
1211 3521 5 6 .

678 3542 22 25 A
710 3542 143 25 committee
859 3548 51 19 was
918 3541 133 31 appointed
1060 3541 38 24 for
1106 3541 43 24 the
1157 3548 59 24 pur-

677 3589 59 25 pose
747 3581 28 26 of
781 3582 97 32 getting
890 3588 32 24 up
937 3581 209 25 entertainments
1157 3580 57 25 dur-
1238 3602 3 3 .

677 3621 44 30 ing
734 3619 42 26 the
785 3619 96 28 winter,
894 3619 27 24 in
945 3619 41 24 aid
1008 3618 28 25 of
1047 3618 53 28 .the
1122 3618 93 25 cricket

679 3659 85 25 funds.
800 3659 13 24 I
835 3659 62 24 hear
917 3657 71 29 that.
996 3657 43 25 the
1073 3657 133 25 committe

679 3697 64 25 have
756 3697 118 31 departed
886 3696 64 24 from
958 3696 43 24 the
1013 3696 73 24 usual
1137 3696 84 24 Jrand

679 3737 111 25 Concert
810 3736 50 25 and
983 3735 63 32 style
1068 3735 25 25 of
1124 3735 96 32 raising

681 3786 100 23 money,
794 3776 50 25 and
852 3776 88 25 intend
952 3775 105 32 holding
1068 3775 79 32 cheap
1164 3783 54 17 var-

680 3816 51 31 iety
743 3815 214 27 entertainments,
964 3814 28 24 of
1000 3822 33 16 an
1046 3814 105 31 entirely
1173 3822 45 17 no-

680 3854 40 25 vel
743 3854 136 25 character.
915 3852 54 25 The
991 3852 56 24 first
1075 3852 52 24 will
1160 3852 58 25 take

679 3892 71 35 place
772 3899 34 19 on
829 3890 93 34 Fiiday
944 3890 121 32 evening,^
1079 3890 60 33 May
1162 3890 54 30 sth,

1313 163 81 29 when,
1407 163 72 32 given
1492 172 14 16 a
1529 163 50 25 fine
1600 163 113 30 evening,
1734 163 14 24 I
1771 163 77 25 doubt

1312 204 53 27 not,
1376 201 44 25 but
1430 210 14 15 a
1456 201 113 25 crowded
1579 201 79 24 house
1681 200 52 24 will
1752 201 96 23 reward

1313 238 42 26 the
1368 239 112 32 untiring
1491 238 84 26 efforts
1587 239 27 25 of
1624 238 42 26 the
1678 238 152 25 committee.

1432 348 70 24 THE
1521 348 90 24 ROCK
1629 347 103 25 FORD.

1345 434 20 24 A
1378 435 180 31 correspondent
1578 435 101 24 iuforms
1697 442 28 17 us
1737 435 55 24 that
1808 435 41 24 the

1310 477 68 25 Bock
1390 478 88 25 Intake
1499 478 103 25 selected
1613 479 30 31 by
1656 478 39 24 the
1706 478 141 31 Engineers,

1310 520 20 26 is
1342 530 14 15 a
1368 522 93 24 natural
1473 521 57 25 rock
1541 522 97 31 trough,
1650 521 132 33 projecting
1797 521 51 25 into

1310 564 42 25 tbe
1374 565 161 25 inain-streatn
1553 566 25 24 of
1595 565 40 25 the
1652 565 63 25 river
1731 565 49 25 and
1807 564 42 26 the

1310 612 131 28 up-stream
1461 609 33 31 lip
1512 609 135 33 projecting
1665 609 38 24 far
1715 609 95 32 enough
1823 611 26 23 to

1278 666 4 4 •
1309 653 39 24 act
1359 660 26 17 as
1397 660 15 16 a
1431 652 78 31 groin,
1522 652 56 25 thas
1599 652 112 31 shooting
1731 661 66 23 away
1816 651 33 26 all

1308 695 102 31 floating
1427 703 27 17 or
1465 696 147 31 subapueous
1625 695 60 25 drift
1696 694 61 26 clear
1768 696 27 24 of
1802 696 46 24 'the

1308 738 67 26 inlet.
1410 738 41 25 He
1463 738 78 26 would
1560 741 42 23 not
1622 739 48 25 like
1683 740 25 23 to
1730 747 43 23 say
1795 739 52 25 how

1309 781 72 25 much
1397 783 59 23 such
1468 790 31 16 an
1510 782 82 24 intake
1604 781 76 26 would
1693 783 52 24 coat
1755 785 26 22 to
1792 790 55 16 con-

1310 826 76 24 struct
1409 825 140 32 artificially,
1572 825 44 25 but
1639 826 57 25 does
1719 828 44 22 not
1785 826 65 32 deny

1309 868 53 25 that
1384 868 20 25 it
1426 868 68 25 could
1526 868 29 25 be
1589 870 74 29 done;
1686 869 32 24 he
1741 869 109 25 however

1309 911 108 24 ridicules
1445 912 41 23 the
1520 912 127 32 necessity,
1673 912 68 24 when
1763 913 86 24 nature

1308 953 71 27 offers
1389 962 27 18 us
1428 962 45 18 one
1484 954 100 26 without
1593 963 86 25 money
1690 955 48 25 and
1749 954 100 27 without

1307 999 72 32 price.
1860 1015 15 18 A

1342 1042 41 25 He
1401 1042 127 31 mentions,
1548 1042 56 25 that
1626 1051 65 17 some
1712 1052 68 23 years
1803 1052 45 24 ago

1309 1084 69 27 when
1390 1085 40 26 the
1440 1086 53 25 idea
1510 1086 27 26 of
1546 1086 40 26 tho
1599 1086 80 33 Gorge
1690 1086 89 33 Bridge
1801 1096 48 17 was

1308 1129 53 26 first
1381 1130 108 31 mooted;
1503 1130 40 26 An
1558 1131 132 26 Ameiican
1712 1131 136 33 gentleman

1309 1174 59 30 said,
1381 1174 64 32 Why
1457 1174 68 26 don't
1535 1183 50 24 you
1604 1178 46 29 put
1661 1184 12 16 a
1687 1175 41 32 big
1739 1178 110 23 concrete

1308 1217 53 25 wall
1377 1225 92 19 accross
1485 1218 63 25 from
1576 1219 59 25 rock
1660 1221 32 28 to.
1713 1214 58 31 rock
1797 1219 61 25 and-

1308 1261 67 25 build
1386 1268 60 25 your
1459 1261 80 33 bridge
1558 1270 32 17 on
1600 1263 42 24 the
1659 1265 42 29 top
1712 1263 26 24 of
1748 1263 29 29 it,
1789 1263 58 25 then

1308 1312 49 24 you
1371 1305 74 24 would
1456 1305 61 25 have
1529 1314 14 15 a
1556 1305 41 32 big
1607 1305 63 29 lake,
1683 1306 58 31 high
1753 1306 95 31 enough

1309 1348 27 24 to
1355 1355 66 24 carry
1432 1350 72 22 water
1524 1348 124 32 anywhere
1670 1357 47 24 you
1729 1343 65 37 like;'
1802 1350 47 24 and

1308 1389 113 34 powerful
1433 1391 96 32 enough
1543 1394 26 22 to
1589 1391 64 26 work
1664 1391 32 25 all
1708 1393 40 24 the
1759 1392 90 26 machi-

1308 1442 57 23 nery
1375 1434 26 24 in
1421 1434 157 32 Canterbmy.
1612 1435 26 25 It
1649 1435 22 25 is
1682 1437 45 23 not
1747 1438 39 31 top
1798 1437 50 23 late

1308 1478 26 25 to
1345 1485 66 24 carry
1423 1481 43 22 out
1477 1477 59 26 such
1549 1486 30 17 an
1600 1478 53 25 idea
1665 1480 26 23 at
1702 1478 41 25 the
1756 1478 95 34 Ashley

1271 1538 4 5 .
1308 1521 82 33 Gorge
1406 1521 48 25 and
1470 1521 21 26 it
1508 1530 55 24 may
1579 1524 41 30 yet
1637 1522 28 25 be
1693 1522 70 31 done,
1792 1524 57 24 who

1308 1563 99 27 knows?

1379 1672 416 40 CORRESPONDENCE.

1286 1779 3 6 :
1306 1765 72 21 While
1387 1771 38 16 our
1434 1766 91 21 columns
1534 1771 37 16 are
1577 1773 52 20 open
1639 1768 20 20 to
1669 1767 32 20 att
1719 1773 30 15 we
1768 1764 39 30 dof
1814 1769 38 19 not
1858 1784 3 2 .

1335 1797 91 28 identify
1432 1799 102 21 ourselves
1538 1799 99 27 withany
1641 1799 97 26 opinions
1742 1799 109 27 expressed

1335 1829 88 21 therein.

1390 1909 171 27 FARCICAL
1572 1910 181 26 RELIGION.

1361 1999 34 24 To
1407 1999 37 24 the
1459 2000 91 24 Editor
1561 2002 33 28 of
1600 2001 38 24 the
1651 2004 6 12 <
1670 2001 130 25 Observer.'
1804 2011 9 18 ?

1342 2047 87 30 Sir,—
1429 2047 14 25 l
1459 2047 71 26 don't
1548 2048 74 26 know
1633 2057 50 24 any
1706 2049 98 32 subject
1823 2050 28 24 in

1307 2087 84 25 which
1416 2095 27 18 so
1469 2095 77 26 many
1561 2088 3 7 '
1579 2088 206 27 inconsistencies
1809 2098 28 17 ar

1307 2125 165 32 perpetrated,
1485 2133 28 18 as
1532 2126 114 32 religion.
1682 2126 23 25 A
1717 2128 71 31 great
1798 2128 54 26 fuss

1308 2165 47 25 has
1367 2165 63 26 been
1449 2166 75 25 made
1535 2165 76 33 lately
1630 2166 78 26 about
1719 2167 105 34 making
1835 2176 16 16 a

1308 2203 92 33 charge
1411 2204 27 25 at
1449 2203 44 26 the
1504 2204 60 25 door
1572 2204 39 26 for
1621 2204 104 33 Sunday
1733 2205 116 32 lectures,

1308 2242 51 25 and
1370 2243 43 31 yet
1425 2250 47 17 one
1484 2243 136 31 particular
1638 2243 73 33 body,
1724 2243 57 26 who
1792 2244 59 32 play

1309 2288 16 17 a
1332 2280 121 32 religious
1464 2280 67 25 farce
1542 2288 74 26 e^ery
1628 2281 105 33 Sunday
1745 2282 49 31 (viz
1806 2282 44 25 the

1285 2327 4 9 '
1309 2317 98 34 Army),
1421 2326 42 18 are
1485 2318 28 26 in
1532 2318 44 26 the
1587 2319 73 26 habit
1671 2319 28 26 of
1707 2319 142 33 frequently

1308 2357 104 32 making
1423 2364 16 18 a
1460 2357 92 33 charge
1563 2358 38 25 for
1612 2358 139 26 admission
1767 2359 27 25 at
1806 2359 44 25 the

1308 2396 70 25 door.
1413 2395 114 33 Possibly
1539 2396 44 25 the
1596 2396 95 29 Saints,
1703 2404 29 18 or
1751 2397 100 32 regular

1312 2435 135 30 members,
1472 2443 42 17 are
1534 2436 131 24 furnished
1675 2436 62 24 with
1757 2444 16 16 a
1783 2444 66 24 pass,

1308 2472 22 26 if
1339 2481 28 18 so
1379 2472 44 27 the
1435 2472 101 34 takings
1548 2481 42 18 are
1601 2473 131 26 iumished
1745 2472 106 35 entirely

1275 2531 2 2 •
1307 2513 34 33 by
1360 2514 44 26 the
1430 2514 106 25 sinners.
1572 2514 47 25 We
1638 2515 64 25 wish
1722 2515 63 25 'emf<
1791 2515 59 25 luck

1281 2572 3 3 .
1307 2552 62 25 with
1381 2552 44 25 the
1437 2552 88 25 devil's
1537 2559 100 26 money.
1762 2548 49 32 V;\-

1507 2594 83 27 Yours
1604 2597 45 25 &c.

1583 2641 163 25 Beelzebub.
1806 2645 3 15 ;

1344 2752 89 30 Sir,—
1433 2751 51 26 The
1495 2751 71 27 Press
1578 2752 21 26 is
1616 2752 121 34 generally
1749 2752 108 38 suppos-j

1309 2796 30 25 ed
1352 2799 24 23 to
1388 2797 28 24 be
1435 2806 14 15 a
1461 2799 70 29 great
1546 2797 152 25 educational
1709 2801 81 28 agent,
1802 2799 48 24 and

1308 2848 61 24 your
1383 2848 73 24 paper
1475 2841 26 23 of
1525 2839 120 33 Saturday
1666 2839 48 26 last
1736 2841 115 33 certainly

1308 2891 49 17 was
1369 2891 32 16 no
1424 2883 122 32 exception
1560 2886 25 22 to
1605 2884 42 25 the
1666 2882 50 26 rule
1735 2885 40 24 for
1796 2893 55 17 over

1308 2926 41 25 the
1364 2926 123 33 signature
1698 2928 28 25 in-
1746 2937 16 17 a
1783 2928 69 27 letter

1308 2970 78 25 which
1410 2970 14 24 I
1435 2978 101 24 suppose
1548 2971 20 25 is
1580 2973 83 23 meant
1685 2973 25 23 to
1733 2972 29 24 be
1784 2972 67 32 witty

1308 3022 36 17 we
1357 3014 60 25 hare
1428 3022 14 16 a
1454 3014 124 25 definition
1589 3016 26 25 of
1616 3015 61 30 ..-fun.',
1697 3016 52 25 also
1760 3016 54 26 how
1825 3018 26 24 to

1308 3067 54 24 pass
1374 3067 31 16 an
1417 3059 122 31 agreeable
1555 3059 110 33 evening.

1343 3102 70 26 Since
1421 3110 60 23 your
1487 3102 75 26 scribe
1574 3110 55 24 says
1640 3103 31 25 ho
1682 3111 48 17 was
1743 3107 96 29 present

1308 3146 31 24 ed
1355 3145 57 26 with
1440 3154 16 16 a
1480 3145 81 26 liberal
1590 3145 87 33 supply
1704 3147 26 24 of
1754 3143 97 29 sheoak'

1310 3189 59 25 then
1389 3197 14 17 a
1415 3189 70 32 seedy
1498 3189 99 33 looking
1616 3189 41 26 old
1674 3190 86 33 codger
1779 3191 73 25 about

1310 3233 66 23 three
1388 3232 78 25 sheets
1482 3232 24 25 in
1527 3234 40 23 the
1580 3234 62 24 wind
1665 3241 48 17 was
1734 3235 81 35 voted;
1826 3237 26 23 to

1310 3276 41 24 the
1362 3276 71 29 chair,
1453 3276 58 25 then
1535 3277 128 32 somebody
1682 3277 75 25 called
1775 3286 76 17 some-

1310 3320 64 33 body
1402 3319 47 25 else
1466 3328 13 16 a
1496 3320 54 29 liar,
1569 3321 58 24 then
1644 3316 42 29 the
1703 3321 74 29 bone?
1793 3330 59 20 were

1311 3362 86 26 rattled
1408 3363 48 24 and
1456 3361 3 9 ;
1473 3371 65 17 some
1550 3364 25 24 of
1590 3364 42 25 the
1644 3372 116 25 company
1771 3365 80 25 riihcd
1871 3387 4 4 .

1311 3414 14 15 a
1337 3405 97 32 shilling
1453 3407 49 23 and
1512 3406 41 25 the
1565 3407 92 25 winner
1672 3408 108 29 shouted,
1792 3409 61 25 then

1312 3449 66 25 there
1388 3457 50 18 wag
1451 3449 59 26 Pick
1522 3458 32 18 on
1573 3451 41 25 the
1625 3451 73 32 piano
1716 3451 47 25 aud
1776 3460 79 22 some-,

1312 3500 45 17 one
1368 3493 105 32 singing,
1498 3494 57 25 then
1566 3494 62 25 Jack
1639 3494 101 33 playing
1755 3504 14 15 a
1780 3495 71 26 horn-

1312 3535 62 33 pipe,
1397 3536 48 24 and
1460 3536 48 25 this
1531 3536 21 26 is
1564 3538 120 25 described
1701 3546 26 17 as
1750 3539 45 24 fun
1814 3540 39 24 for

1312 3589 13 15 a
1338 3578 35 25 lot
1384 3579 25 25 of
1431 3579 137 25 reasonable
1579 3588 65 22 men,
1666 3581 62 25 shall
1740 3581 18 25 I
1778 3582 73 26 fillin

1312 3622 78 31 seguit
1401 3623 25 23 to
1438 3622 61 25 their
1510 3623 52 29 fun,
1574 3632 14 16 a
1600 3623 67 25 weak
1684 3623 97 26 minded
1793 3632 62 20 man.

1310 3665 105 25 arrested
1431 3667 27 22 to
1474 3669 98 28 prevent
1588 3666 105 30 murder,
1722 3667 73 26 taken
1825 3670 26 23 to

1310 3717 135 33 Lyttelton,
1467 3719 136 26 afterwards
1623 3720 20 25 it
1654 3720 23 25 is
1696 3721 108 31 reported
1814 3723 37 23 ?t:>

1310 3759 43 28 the
1376 3762 107 31 Asylum,
1506 3763 89 26 broken
1614 3764 99 25 hearted
1734 3764 54 26 wife
1808 3765 40 24 &c.

1309 3806 26 24 A
1346 3806 51 26 fine
1409 3806 63 31 piece
1484 3807 24 23 oE
1519 3807 125 25 education
1665 3807 38 25 for
1713 3808 42 24 the
1769 3816 81 24 young

1308 3850 85 31 people
1405 3848 24 25 in
1450 3857 44 17 our
1516 3850 73 26 midst
1609 3851 73 32 truly.
1717 3850 47 26 Ae
1784 3851 65 25 'hero

1308 3897 31 17 no
1356 3889 117 32 clippings
1486 3891 26 24 to
1524 3891 28 24 be
1561 3911 2 3 .
1571 3893 43 31 got
1635 3891 61 25 from
1703 3902 8 18 /
1718 3891 41 26 the
1778 3891 71 27 homt

1935 171 14 15 a
1958 170 54 24 pers
2029 170 27 17 or
2068 161 135 31 something
2220 161 108 25 readable
2346 162 26 23 to
2383 161 28 25 bo
2422 161 45 30 got

1940 206 45 28 Sir,
2010 205 93 25 instead
2119 205 26 24 of
2162 203 47 25 this
2226 202 46 26 vile
2300 203 110 29 twaddle,
2438 203 24 23 le

1938 252 146 30 temperance
2103 248 84 33 ptople
2209 248 28 24 be
2259 247 63 25 what
2344 247 56 32 they
2418 254 52 23 may

1938 294 57 32 they
2007 294 31 25 do
2049 296 44 23 not
2110 293 88 25 behave
2209 299 28 18 as
2258 290 82 26 idiots.

2138 337 78 24 Yours
2229 336 44 23 &c.

2197 379 177 25 Tevpebanok.

2053 478 125 26 PLAINS
2202 476 143 28 SCHOOL.

1972 556 81 27 There
2075 565 51 18 was
2159 565 16 18 a
2197 556 47 26 fair
2267 555 148 27 attendance
2449 553 28 28 of

1938 595 190 26 house-holders
2140 594 50 26 and
2203 594 45 25 the
2269 595 84 31 report
2375 591 99 28 shewed

1938 641 33 17 an
1983 642 104 24 average
2098 633 150 26 attendance
2259 632 28 26 of
2296 631 115 33 eighteen
2423 631 51 26 and

1938 673 49 25 No.
2004 680 33 18 on
2060 673 43 25 the
2124 672 78 26 hooks
2223 671 163 33 twenty-five.
2420 670 54 26 The

1938 713 126 31 following
2083 713 151 25 Gentlemen
2256 720 65 18 were
2342 712 95 25 elected
2458 719 16 17 a

1938 750 151 26 Committee
2122 751 39 25 for
2195 750 42 26 the
2271 749 107 33 ensuing
2406 757 68 24 year.

1938 791 96 25 Messrs
2043 791 100 32 Sayers,
2155 790 93 30 Ffitch,
2260 790 109 30 Hockin,
2382 788 93 27 Lassin

1938 830 50 24 and
2009 828 138 27 Schofield'
2158 828 51 27 and
2228 830 27 24 at
2283 837 15 17 a
2321 827 154 35 subsequent

1938 868 111 33 meeting
2060 868 41 25 Mr
2112 869 90 32 Sayere
2214 875 51 19 was
2277 866 94 27 elected
2392 866 81 26 cfoair-

2027 908 17 9 '"
2090 912 3 2 '
2152 907 2 3 '
2170 914 3 2 '
2214 915 9 20 ;
2258 924 2 2 ■
2308 932 1 1 .
2318 914 3 2 ■
2395 912 2 2 '
2409 902 16 34 \

2037 982 117 34 WOODSIDE
2154 982 221 34 SCHOOL.

1970 1063 64 26 This
2044 1071 51 18 was
2107 1071 15 17 a
2132 1063 82 32 lively,
2219 1062 120 33 meeidng.
2363 1073 4 19 ;
2371 1061 57 26 The
2434 1068 39 18 re-

1936 1105 58 31 port
2004 1103 99 26 shewed
2114 1104 33 29 70
2169 1111 35 18 on
2225 1103 50 26 the'
2291 1103 49 26 roll
2363 1102 55 26 und
2440 1110 33 17 an

1937 1151 104 25 average
2047 1143 150 26 attendance
2208 1142 27 27 of
2245 1144 40 26 55.
2303 1141 55 27 The
2369 1141 105 26 balance

1937 1181 71 28 sheet
2015 1191 51 18 was
2074 1184 107 32 adopted
2190 1183 82 25 which
2281 1181 81 27 shews
2369 1190 16 17 a
2393 1181 80 26 hand-

1937 1228 69 19 some
2035 1221 79 26 credit
2141 1221 105 26 balance
2273 1221 28 26 of
2326 1221 52 26 £16
2390 1222 30 24 <5s
2420 1221 6 6 J
2430 1219 42 26 Bd.

1937 1262 60 29 The.
2002 1256 131 39 foilowirig^^
2140 1261 142 33 gentlemen
2294 1269 62 18 were
2378 1259 95 28 elected

1936 1308 29 17 as
1976 1308 16 17 a
2002 1300 145 25 committee
2157 1299 101 26 Messrs.
2263 1299 125 28 Bonesch,
2406 1298 66 34 Tay-

1936 1339 39 26 lor
1978 1342 3 14 1
1986 1340 123 29 Herman,
2117 1339 122 30 Holbrok,
2249 1339 126 30 Vallarice,
2385 1338 87 27 Cleav-

1938 1386 26 17 er
1975 1378 52 25 and
2037 1378 95 30 Marsh,
2145 1380 28 24 at
2183 1386 15 17 a
2202 1379 4 10 !
2221 1377 152 34 subsequent
2394 1378 78 24 meet-

1936 1418 45 33 ing
1992 1418 42 26 Mr
2056 1418 117 27 Bonesch
2189 1421 57 23 fwas
2268 1417 96 26 elected
2386 1417 87 26 Chair-

1936 1463 62 18 man
2009 1456 51 25 and
2070 1456 42 26 Mr
2124 1456 114 26 Herman
2252 1456 143 25 Treasurer.
2411 1454 60 28 >;Mr

1938 1496 29 26 T.
1980 1496 116 26 Bonesch
2104 1505 52 17 was
2178 1495 146 34 appoin,tei.
2333 1495 140 32 Secretary,

1937 1534 61 26 with
2007 1535 164 26 instructions
2181 1536 27 24 to
2215 1534 103 33 publish
2324 1534 37 26 all
2367 1534 107 26 matters

1938 1574 28 25 of
1973 1573 85 33 public
2072 1574 105 26 interest
2187 1572 138 27 connected
2343 1572 64 27 with
2429 1572 45 27 the

1924 1635 3 3 .
1940 1612 85 32 schboj
2032 1612 74 29 in.all
2127 1619 89 26 papers
2227 1611 149 33 circulating
2393 1611 28 26 in
2432 1611 43 26 the

1923 1643 142 34 'District/
2212 1681 3 2 .
2250 1647 7 36 ',
2309 1652 5 13 ?

2121 1766 199 18 WEDDING.

1906 1856 44 33 '■'.'■'"
1973 1849 40 40 6ii
2035 1861 165 33 Wednesday;
2224 1859 71 34 April
2313 1860 79 30 2?tb.,
2411 1859 67 27 .Gust

1938 1910 50 19 was
2000 1903 75 32 again
2097 1902 44 27 the
2153 1894 228 36 sceiie'of:aacltiier
2394 1897 83 36 pbtty

1938 1941 123 33 wedding,
2074 1941 41 26 Mr
2126 1940 82 27 David
2228 1940 119 26 Garland:
2352 1939 52 26 and
2414 1938 63 27 Miss

1919 1993 15 10 w
1939 1980 123 26 Gardner;
2078 1995 3 10 :
2086 1990 4 15 :
2105 1980 33 26 In
2150 1980 81 28 i-!the:
2237 1981 2 18 ;
2242 1978 167 33 iVinorhuig,,
2413 1999 2 9 :
2416 1978 73 25 -iain'

1931 2009 546 42 ;I^a'^^to-sppU'lh%;da7/.Wt.))efore

1938 2056 46 30 the
2009 2057 66 25 hour
2106 2055 135 34 appointed
2267 2056 21 25 it
2315 2054 98 27 cleared
2441 2061 34 25 up

1937 2095 156 32 beautifully.
2128 2095 54 25 The
2194 2094 101 26 Church
2310 2103 52 17 was
2373 2093 102 33 prettily

1938 2131 130 29 decorated
2088 2133 50 26 and
2154 2133 113 26 crowded
2294 2133 63 26 with
2372 2131 103 26 friends.

1938 2171 55 26 The
2004 2172 78 28 brideV
2093 2172 57 25 who
2161 2180 50 17 was
2222 2171 74 32 given
2308 2179 70 24 away
2388 2169 34 33 by
2434 2169 41 26 Mr

1938 2210 101 33 Wright
2049 2210 28 26 of
2086 2209 113 34 Kaiapoi,
2210 2218 52 17 was
2277 2209 92 26 attired
2390 2208 37 26 in'
2440 2214 34 20 an

1938 2255 99 32 elegant
2048 2254 70 26 dress
2135 2254 28 26 of
2182 2253 132 32 helitrdpe?
2328 2252 57 26 silk.
2420 2251 55 26 The

1938 2292 163 28 bridesmaids
2107 2310 3 3 ■
2121 2292 63 25 Miss
2197 2291 125 26 'Gardner
2333 2286 59 32 -and
2397 2303 3 6 >
2410 2289 64 26 Misa

1938 2331 34 26 N.
1990 2331 118 26 Garlands
2114 2331 50 25 had
2172 2338 83 18 cream
2267 2329 50 26 and
2333 2336 76 26 green
2419 2336 55 18 cos-

1938 2378 83 19 tumes
2032 2371 50 26 and
2093 2371 44 26 the
2145 2373 50 24 two
2205 2378 112 25 younger
2324 2382 3 10 .
2339 2369 88 26 sisters
2448 2368 28 26 of

1938 2411 45 24 the
1993 2410 69 25 bride
2074 2418 64 27 w^ore
2149 2416 93 19 cream.
2262 2408 212 31 ./Hterperemony

1922 2472 7 5 ,
1938 2456 51 17 was
1999 2448 141 32 performed
2158 2447 34 32 by
2213 2445 45 26 the
2280 2446 61 25 Rev.
2361 2445 113 32 Rpdgers

1910 2494 14 18 v
1938 2488 104 36 assisted
2054 2487 87 34 bycthe
2158 2488 63 25 Rev.
2245 2483 101 34 Muhro,
2359 2484 51 27 and
2421 2492 52 19 was

1937 2526 47 26 full
1995 2526 94 29 choral,
2112 2526 42 25 Mr
2182 2524 96 28 Searell
2305 2524 103 33 playing
2429 2522 45 27 the

1937 2566 115 33 wedding
2063 2566 87 25 march
2162 2573 28 18 as
2213 2564 44 26 the
2279 2564 84 33 happy
2385 2562 89 33 couple

1937 2606 46 26 left
1993 2604 43 28 the
2048 2606 103 26 church.
2186 2605 55 25 Mrs
2263 2601 119 38 G/^nier
2399 2603 75 26 after-

1938 2646 81 26 wards
2030 2645 156 27 entertained
2197 2644 77 26 about
2285 2646 49 24 200
2342 2646 89 31 guests
2448 2645 27 23 to

1938 2684 165 33 asumptubus
2113 2679 253 36 wedding-breakfast
2377 2683 27 25 at
2427 2681 47 26 her

1917 2729 2 11 '
1938 2731 134 26 residence.
2105 2730 33 25 In
2149 2731 44 25 the
2213 2729 130 27 afternoon
2361 2728 42 25 Mr
2425 2727 50 27 and

1913 2775 3 10 :
1938 2769 54 26 Mrs
2002 2770 33 25 Di
2060 2768 113 31 Oarland
2192 2768 45 26 left
2317 2766 120 26 Dunedin
2448 2768 27 24 to

1939 2808 79 33 spend
2025 2808 66 25 their
2101 2807 82 32 honey
2195 2813 85 18 moon.
2315 2806 55 25 The
2392 2804 82 26 brides

1902 2869 3 3 .
1939 2848 136 32 travelling
2083 2849 112 24 costume
2207 2854 51 18 was
2265 2862 4 8 :
2276 2854 16 16 a
2314 2847 84 31 pretty
2417 2852 59 25 grey

1938 2888 71 24 dress
2020 2886 51 26 and
2082 2886 44 25 felt
2137 2885 46 26 hat
2204 2884 52 25 and
2267 2892 15 17 a
2293 2884 82 33 lovely
2397 2883 79 26 sealet

1912 2939 5 12 r
1936 2925 100 34 jacket.,
2063 2925 32 25 In
2108 2924 44 27 the
2163 2922 106 34 evening
2285 2931 16 18 a
2314 2938 3 20 s
2323 2922 79 27 dance
2425 2929 51 20 was

1939 2966 60 25 held
2009 2966 28 25 in
2049 2974 15 17 a
2075 2964 68 33 large
2155 2969 134 27 marquee.,
2317 2962 71 32 Tjbe,
2394 2962 81 26 music
2498 2982 2 4 .

1939 3013 53 18 was
2002 3003 113 33 supplied
2136 3003 33 31 by
2181 3002 41 26 Mr
2244 2997 160 37 Wooldicidge
2426 3000 51 26 and

1940 3045 109 32 dancing
2059 3052 53 18 was
2123 3043 64 33 kept,
2206 3050 33 25 up
2263 3042 68 26 until
2347 3039 128 36 'dayh'ght,

1940 3092 122 25 everyone
2081 3083 95 31 having
2198 3081 152 33 thoroughly
2373 3079 106 34 enjoyed

1940 3125 160 25 themselves.
2135 3123 55 25 The
2200 3123 115 31 presents
2322 3129 65 20 were
2402 3128 75 18 num-

1907 3169 3 5 -1
1941 3163 74 26 erbus
2027 3162 50 26 and
2096 3161 148 26 handsome.
2273 3164 2 14 ;
2311 3182 10 3 -.

520 66 171 35 OXFORD
712 66 91 33 AND
827 66 108 33 OUST
980 58 229 38 OBSERVER
1254 56 242 39 SATURDAY,
1539 56 129 33 APRIL
1691 59 50 35 29,
1786 57 91 32 1893.

1940 3792 212 37 lirANTEI)
2195 3784 279 48 Known-rf^fiid-

1940 3886 33 25 at
1987 3881 38 30 R.
2037 3872 239 51 Pansh's^Easg
2428 3898 4 12 :

1955 3266 3 9 '
1974 3262 112 40 M^ket
2096 3263 283 32 REPORT.-r-Miserable,
2385 3262 94 28 weath-

1941 3315 27 18 er
1979 3304 120 27 favoured
2110 3305 43 25 the
2166 3298 101 31 saile^at^
2274 3302 45 26 tine
2329 3302 66 27 local
2404 3302 75 33 yards

1941 3346 40 27 on'
1997 3345 132 31 Thursday
2151 3343 58 30 last,
2242 3338 171 30 nevertheless
2435 3341 45 27 the

1941 3386 73 31 entry
2025 3391 51 19 was
2087 3382 68 34 quite
2167 3390 16 17 a
2194 3381 56 25 nice
2258 3379 5 18 ;
2272 3389 57 17 one.
2364 3380 55 26 The
2441 3382 38 23 at-

1931 3422 133 28 ttetidaiice
2076 3429 51 18 was
2134 3420 50 29 'riofr
2194 3419 149 33 very;.largfe;
2354 3416 47 28 but
2408 3418 71 26 bidd-

1941 3462 45 33 ing
1997 3469 51 19 was
2059 3468 60 25 very
2138 3458 76 27 brisk.
2249 3456 24 27 A:
2292 3457 114 33 splendid
2427 3456 54 27 line

1941 3501 28 25 of
1978 3502 49 23 184
2034 3502 50 22 two
2091 3498 85 26 tooths
2182 3496 107 26 reached
2301 3496 69 32 15/3.
2406 3495 73 26 Store

1942 3540 95 25 Lambs
2065 3539 66 25 from
2159 3537 43 34 8/8
2232 3538 27 23 to
2288 3535 59 33 d/.-.i
2380 3535 99 24 Merino
2491 3552 3 5 .

1941 3578 83 30 Ewes,
2033 3577 65 33 good
2107 3575 113 28 mouths,
2232 3573 139 33 upto4/4..
2376 3597 9 10 i
2387 3572 90 25 ,Gum-

1941 3616 64 28 mies
2016 3617 26 24 to
2054 3615 53 33 2/7.
2141 3612 71 33 Aged
2222 3609 222 27 cross-bred'Ewes
2451 3610 28 23 to

1941 3657 52 32 8/6.
2005 3655 49 25 Fat
2065 3653 75 26 Ewes
2151 3644 204 39 to.ia/1.-'Bams
2366 3648 110 32 brought

1941 3695 35 31 2£
1986 3693 113 32 guineas.
2107 3686 5 7 '
2126 3690 78 31 Pigsr
2213 3684 124 29 Weanfers
2357 3686 52 32 7/6.

1974 3730 163 26 Chickwheat
2146 3728 43 33 8/6
2201 3724 123 33 per-sack.
