3300 4360
204 223 417 84 Hot
760 223 695 84 Lakes
1594 223 1391 84 Chronicle.

456 422 66 37 -A.
525 423 145 37 ISTID
724 423 501 41 TOUE-ISTS'

2098 435 478 44 CTOTJ^Xq-^X,.

469 534 449 90 Circulating
941 538 452 84 throughout
1418 536 125 68 the
1570 537 286 71 Tourist
1903 541 302 75 Resorts
2252 551 80 66 of
2366 552 125 69 the
2536 553 264 72 World.

88 685 60 19 VOL.
162 688 19 16 4.
210 686 40 18 No.
266 688 36 17 212

1253 687 139 21 BOTOBUA,
1407 687 59 21 N.Z.,
1482 688 164 22 THURSDAY,
1663 688 153 20 DECEMBER
1828 692 32 20 24,
1877 692 46 17 1896

2853 711 237 24 P.RICE—TIIREEPE
3094 719 13 16 N
3113 718 21 17 CI

155 825 47 24 Do
214 826 58 25 not
284 826 119 31 Forget

154 873 250 45 CRAIG'S

117 936 165 19 CURIOSITY
297 937 80 18 SHOP
390 936 45 19 and

206 964 141 22 MUSEUM,

136 1003 112 23 Opposite
256 1004 79 18 Grand
341 1003 77 22 Hotel,

96 1047 125 26 PRINCES
233 1047 45 28 ST,
289 1047 169 26 AUCKLAND.

148 1168 140 17 INSUR6
314 1168 92 15 WITH

62 1202 50 16 THE
117 1202 79 15 SOUTH
205 1202 97 15 BRITISH
310 1202 57 16 FIRE
373 1201 14 16 &
395 1200 96 16 MARINE

136 1223 42 16 Coy.
187 1223 29 16 OF
227 1223 56 16 NEW
291 1223 121 16 ZEALAND.

60 1252 74 16 Capital
390 1251 101 19 £1,900,000

104 1280 94 17 Unlimited
211 1281 76 20 liability
296 1281 18 15 of
321 1280 128 17 Shareholders.

61 1303 56 20 Beiny:
124 1307 9 12 a
143 1303 76 15 Colonial
233 1303 102 15 Institution
349 1302 62 16 Profits
424 1307 29 10 are
465 1302 18 15 in-

209 1324 59 16 vested
274 1324 67 21 locally.

60 1345 50 15 Head
126 1345 57 19 Office,
401 1344 90 16 Auckland

60 1366 52 16 Local
120 1368 53 19 agent
350 1366 11 15 J
379 1366 27 17 W.
413 1365 78 21 Wrigley

61 1433 162 42 ROTORUA
246 1435 92 40 BOOT
359 1435 26 39 &
402 1433 89 41 SHOE

212 1500 126 41 DEPOT,

187 1599 175 54 mm

60 1889 17 18 A
96 1888 68 26 Large
183 1889 61 19 Stock
263 1890 21 18 of
301 1889 95 23 German,
413 1886 78 20 French

127 1915 40 19 aud
178 1915 91 20 Colonial
279 1915 62 19 Boots
351 1915 76 24 always

220 1942 22 19 in
260 1941 67 20 Stock.

61 1978 70 20 BEST
139 1978 153 20 MATERIAL.
329 1978 68 19 BEST
406 1976 85 20 WORK

136 2019 159 20 AUCKLAND
305 2018 106 20 PRICES.

60 2098 160 22 Iland-sewn
232 2098 78 22 Boots
321 2105 14 15 a
351 2096 137 30 Specialty.

61 2152 239 56 KUfeABS
334 2160 154 47 BROS

165 2218 218 33 MAMAKU

58 2258 71 40 SAW
195 2258 53 40 &
249 2258 100 40 PLANING
372 2256 116 41 MILLS.

60 2328 268 22 7TOUNTRIN
352 2328 136 23 RI7VYVJ,

214 2364 42 12 THE
270 2364 54 12 ONLY

59 2387 131 21 GENUINE
205 2388 60 19 DRY
282 2388 79 20 LAND
378 2387 111 19 TIMBER

161 2418 29 18 IN
202 2419 53 17 THE
268 2418 115 18 MARKET.

67 2465 34 42 M
109 2465 75 18 essrs
202 2465 101 18 icusabs
321 2464 69 18 p.ros.
405 2464 37 21 beg
459 2469 20 12 re-

101 2504 6 3 .
132 2488 101 23 spectfully
238 2489 21 16 to
267 2488 71 17 inform
346 2488 32 17 the
391 2484 66 21 Public
470 2487 19 17 of

58 2511 76 15 Rotorua
142 2512 34 15 and.
185 2511 73 20 viciuity
268 2512 39 15 that
315 2512 41 19 they
371 2511 43 15 have
429 2512 49 14 estab-

58 2533 53 15 lished
119 2538 10 10 a
138 2533 43 19 yard
188 2533 18 15 in
220 2532 127 19 Hiuemoa-st.,
357 2533 32 14 and
406 2536 30 11 can
451 2536 37 11 now

58 2555 61 20 supply
127 2554 29 16 the
163 2556 51 14 linest
222 2554 45 15 class
281 2554 18 15 of
313 2553 83 19 Budding
409 2552 79 16 Material

58 2575 16 15 in
82 2575 29 15 the
119 2575 74 15 Market.
209 2575 19 15 It
235 2575 15 15 is
258 2575 103 21 unequalled
369 2575 16 14 in
395 2574 94 20 durability

58 2597 32 14 and
98 2596 104 21 impervious
211 2599 17 12 to
239 2597 28 14 the
276 2598 67 13 attacks
359 2596 18 15 of
391 2596 49 15 borer
455 2595 31 15 and

58 2618 29 19 dry
98 2620 32 14 rot.
154 2618 52 15 Their
214 2618 84 16 sawmills
306 2622 28 11 are
343 2617 49 16 fitted
402 2616 42 16 with
460 2616 29 16 the

58 2642 42 13 most
108 2639 70 16 modern
186 2639 100 20 appliances
295 2639 34 15 aud
338 2639 29 15 the
375 2639 38 15 firm
426 2638 15 15 is
451 2637 38 16 able

58 2663 15 12 to
88 2660 63 21 supply
167 2665 34 16 any
216 2661 82 20 quantity
315 2660 18 16 of
348 2660 39 21 Dry
404 2659 84 19 Building

57 2681 79 16 Material
145 2686 21 11 on
175 2682 28 15 the
211 2684 76 13 shortest
294 2682 63 16 notice.

58 2732 137 29 Skirtings,
204 2733 179 26 Architraves,
390 2732 82 22 Mould-

91 2768 66 29 ings,
170 2768 51 23 and
231 2768 113 23 Dressed
354 2768 101 22 Timber

121 2807 27 23 of
157 2814 80 22 every
253 2807 165 29 description,

147 2850 109 28 Always
268 2857 33 15 on
311 2850 84 22 Hand.

80 2884 118 23 HENAU
209 2884 108 23 HOUSE
331 2883 129 24 BLOCKS.

75 2932 49 16 Price
133 2932 47 15 Lists
188 2937 21 10 on
218 2931 106 21 application
333 2933 19 14 to

57 2966 224 33 KUSABS
317 2965 149 33 BB.OS

129 3017 117 17 MAMAKU
259 3022 27 12 on
298 3015 114 19 OHAUPO.

81 3053 3 21 i
182 3054 26 17 Or
216 3055 21 16 at
245 3055 33 16 the
291 3053 68 21 Yards,

76 3090 125 18 lIINEMOA
213 3090 104 21 STREET,
336 3088 128 19 ROTORUA.

58 3217 419 32 CARPENTER

159 3265 105 19 FENTGN
281 3266 101 20 STREET,

148 3316 99 18 OrrosiTE
296 3316 80 19 Grand.

77 3351 68 18 Sashes
152 3351 55 17 made
215 3352 20 16 to
245 3352 60 17 order.

79 3397 41 43 G
134 3397 53 18 Ea
207 3397 51 43 M
274 3398 14 17 C
297 3398 46 42 A
355 3397 102 18 DLEY
460 3397 3 43 '

58 3474 118 24 Plumber
193 3475 21 22 &
225 3474 113 23 General
350 3474 137 23 Mechanic

147 3533 130 19 Tutanekai
296 3532 92 22 Street,

117 3589 121 22 ROT
256 3589 28 22 O
303 3589 32 20 R
351 3589 33 21 U
400 3588 33 20 K

57 3713 103 22 SADDLE,
175 3714 125 20 HARNESS,
315 3714 54 17 AND
387 3713 101 19 COLLAR

221 3746 101 20 MAKER,

96 3786 180 22 FENTON-ST.,
292 3786 152 19 ROTORUA.

58 3848 97 23 Saddles,
173 3849 94 23 Bridles,
284 3849 94 22 Collars,
394 3848 90 23 Chains,

76 3881 55 22 Bits,
140 3881 78 23 Spurs,
227 3880 106 19 Harness
346 3881 67 22 Soap,
421 3880 40 19 &c.

76 3946 117 20 Coaelialine,
203 3951 11 11 a
230 3945 117 22 waterproof
362 3945 125 22 preservative

58 3968 25 18 for
91 3969 25 17 all
124 3968 56 18 kinds
188 3968 19 18 of
220 3968 79 17 leather.

77 4001 83 19 Axleine,
178 4007 11 10 a
202 4000 74 22 perfect
291 3999 96 18 lubricant
402 3999 30 17 for
446 4005 30 11 car-

58 4023 61 24 riages,
129 4029 97 18 waggons,
237 4024 33 16 &c.

76 4055 72 17 Collars
156 4055 54 17 made
223 4056 21 16 to
257 4059 86 12 measure
357 4059 24 11 on
397 4053 32 17 the
443 4059 33 16 pre-

58 4078 50 17 mise.';
116 4085 11 10 a
135 4078 104 22 speciality.
277 4076 125 23 Lengthened
414 4076 62 22 experi-

58 4105 38 13 suee
104 4102 20 16 in
133 4101 25 17 all
167 4101 67 18 classes
243 4101 20 17 of
269 4100 95 18 Saddler's
373 4099 58 17 work.
456 4099 32 17 All

58 4124 59 17 orders
125 4125 98 22 promptly
231 4123 91 18 attended
334 4124 27 16 to.

56 4174 75 23 Agent
140 4174 36 18 for
184 4174 28 18 H.
223 4174 28 18 H.
262 4173 112 21 Howden,
390 4172 81 18 Watch-

74 4198 81 19 maker
160 4197 46 19 and
213 4197 113 21 Jeweller,
334 4195 127 20 Hamilton.

808 916 146 47 ROTO
963 916 123 48 Rim
1132 916 127 46 .NEW
1296 916 273 47 ZEJiLJIJJD.

517 1004 36 44 1)
561 1004 109 18 OTOIIITA.
672 1004 68 17 —This
748 1004 106 19 wonderful
860 1006 74 18 district
941 1007 17 17 is
966 1005 128 24 unparalleled
1102 1006 20 16 in
1130 1006 32 17 the
1171 1006 70 17 known
1250 1005 60 17 world
1318 1005 30 17 for
1355 1006 33 16 the
1396 1006 81 17 number
1484 1006 38 17 and
1531 1007 73 22 variety
1614 1008 20 16 of
1642 1007 25 17 its
1675 1008 87 17 Thermal
1771 1008 86 23 Springs.

543 1028 14 19 I
585 1029 26 17 As
619 1034 11 11 a
639 1027 65 17 health
712 1030 60 14 resort
779 1028 25 17 its
812 1030 110 22 popularity
930 1030 15 17 is
954 1029 74 23 rapidly
1037 1029 110 22 increasing,
1157 1029 38 17 and
1207 1029 44 17 that
1265 1028 80 23 entirely
1362 1034 25 11 on
1399 1029 25 17 its
1441 1035 43 11 own
1501 1030 70 21 merits,
1590 1036 19 12 as
1626 1030 84 18 hitherto
1726 1031 82 23 nothing
1825 1032 33 17 has

514 1051 48 17 been
571 1051 48 17 done
628 1051 19 16 in
656 1051 33 16 the
697 1056 42 16 way
748 1051 20 16 of
776 1051 122 24 advertising.

538 1074 87 17 Patients
633 1073 91 22 suffering
731 1074 49 17 from
789 1074 86 22 Chronic,
885 1076 102 19 Articular,
996 1075 38 17 and
1042 1075 96 17 Muscular
1146 1074 129 21 rheumatism,
1286 1075 56 19 Gout,
1352 1074 102 19 Rhumatic
1460 1076 57 20 Gout,
1531 1076 46 17 Skin
1587 1076 91 20 Diseases,
1695 1076 86 22 Sciatica,
1799 1078 45 17 Lum-

515 1097 56 22 bago,
590 1096 109 23 Neuralgia,
717 1096 85 18 Nervous
819 1097 125 22 Exhaustion,
963 1098 78 18 Uterine
1056 1098 99 20 Ailments,
1173 1097 38 18 and
1227 1098 57 22 tardy
1300 1098 140 18 convalescence
1457 1098 50 18 from
1522 1100 56 16 acute
1594 1099 80 18 diseases
1691 1106 44 17 may
1751 1100 40 23 rely
1806 1107 51 17 upon

515 1119 101 24 obtaining
623 1121 90 16 immense
721 1119 59 21 relief,
790 1121 38 17 and
835 1122 21 16 in
862 1122 33 18 the
903 1122 90 22 majority
1002 1121 21 17 of
1031 1126 49 12 cases
1089 1126 11 12 a
1108 1121 93 22 complete
1209 1126 51 12 cure.

538 1180 53 17 THE
604 1180 112 17 PRIEST'S
724 1180 146 19 BATH.—This
878 1182 15 17 is
903 1182 87 23 strongly
998 1182 47 17 acid,
1060 1181 111 21 aluminous,
1187 1181 80 23 sulphur
1283 1182 64 19 water,
1366 1182 64 22 acting
1446 1187 21 12 as
1484 1189 12 10 a
1512 1183 93 22 powerful
1622 1183 42 18 skin
1680 1183 104 19 stimulant.
1818 1185 40 18 Hot

515 1203 38 17 and
562 1203 42 18 cold
612 1204 87 19 showers,
710 1203 37 17 and
755 1203 82 19 douches
846 1211 31 11 are
885 1205 91 22 provided
985 1204 38 18 and
1030 1204 126 23 comfortably
1164 1204 87 18 enclosed
1260 1204 87 23 dressing
1354 1210 62 12 rooms

539 1227 113 17 MADAME
673 1227 126 17 RACHEL'S
819 1228 145 18 BATH.—This
972 1227 107 18 celebrated
1086 1227 71 24 Spring
1164 1227 16 17 is
1188 1233 12 11 a
1215 1227 63 17 Saline
1292 1229 59 15 water
1363 1227 48 18 with
1427 1228 90 22 Silicates,
1533 1229 37 17 and
1582 1229 35 17 has
1634 1235 24 11 an
1672 1230 81 18 alkaline
1769 1231 89 18 reaction.

514 1249 39 18 The
564 1251 58 16 water
630 1250 15 17 is
654 1250 40 16 also
703 1255 21 11 us
731 1250 17 16 ;d
756 1250 102 24 internally
866 1251 30 18 for
904 1251 25 18 its
937 1251 98 18 beneficial
1043 1251 61 17 action
1113 1256 25 11 on
1147 1251 32 16 the
1187 1250 86 22 kidneys.

538 1273 53 17 THE
612 1272 69 18 BLUE
701 1272 145 19 BATH.—This
862 1274 16 17 is
893 1274 34 18 the
942 1274 72 23 largest
1030 1274 75 17 natural
1121 1274 109 22 swimming
1245 1273 48 17 bath
1306 1274 20 16 in
1341 1274 32 17 the
1390 1274 94 17 Southern
1492 1275 132 23 Hemisphere.
1649 1276 19 17 It
1677 1276 69 17 affords
1755 1276 103 19 rheumatic

514 1296 82 17 invalids
604 1302 12 10 a
624 1302 64 10 means
696 1295 21 17 of
724 1295 69 22 taking
799 1296 82 21 painless
890 1298 86 20 exercise,
988 1297 61 17 which
1056 1297 46 22 they
1110 1296 68 23 highly
1186 1296 114 23 appreciate.

538 1319 53 17 THE
600 1319 123 17 SULPHUR
731 1319 105 18 VAPOUR
845 1321 146 17 BATH.—This
997 1321 16 16 is
1018 1326 12 11 a
1035 1320 75 17 natural
1115 1320 35 17 hot
1154 1326 79 16 vapour,
1239 1319 69 23 highly
1313 1319 82 23 charged
1401 1320 47 18 with
1453 1321 81 22 sulphur
1541 1327 61 17 gases,
1615 1322 105 17 conducted
1733 1323 41 17 into
1788 1329 11 11 a
1813 1329 34 16 pro-

514 1342 55 22 perly
577 1341 121 18 constructed
703 1342 57 19 chest,
768 1342 19 16 in
793 1342 61 18 which
860 1343 32 17 the
900 1344 32 17 the
937 1344 74 21 patient
1016 1343 38 20 sits,
1063 1343 55 17 while
1124 1342 80 23 sulphur
1209 1343 20 16 in
1234 1349 24 10 an
1263 1343 115 22 impalpable
1385 1343 48 18 form
1439 1343 16 18 is
1460 1343 59 23 being
1524 1345 108 22 constantly
1637 1345 98 22 deposited
1740 1352 24 11 on
1771 1346 32 17 the
1810 1347 48 17 skin.

538 1365 54 17 THE
612 1365 60 17 NEW
693 1364 121 19 SULPHUR
835 1367 146 17 BATH.—This
993 1366 15 17 is
1021 1373 11 10 a
1044 1371 45 18 very
1101 1367 66 21 strong
1180 1366 59 17 acidic
1252 1368 58 15 water
1322 1366 19 17 of
1354 1366 46 21 high
1413 1368 132 21 temperature,
1559 1368 39 17 and
1613 1368 87 22 strongly
1717 1370 141 17 recommended

514 1388 20 17 in
551 1394 51 11 cases
619 1389 20 16 of
653 1388 125 17 rheumatism
786 1389 37 17 and
831 1389 58 18 allied
896 1390 87 17 diseases.
1007 1390 40 16 The
1054 1389 47 17 bath
1115 1389 59 17 house
1189 1390 16 16 is
1222 1389 76 17 divided
1314 1389 40 17 into
1371 1389 67 18 Ladies
1455 1390 38 18 and
1509 1391 121 17 Gei.tlomens
1647 1391 128 22 departments
1789 1392 38 18 and
1843 1393 15 17 is

515 1411 78 22 capable
601 1411 20 18 of
629 1411 164 21 accommodating
800 1413 34 16 400
843 1413 76 17 bathers
928 1413 57 22 daily.

538 1434 101 18 LADIES'
652 1434 60 17 NEW
720 1434 140 19 SWIMMING
872 1436 146 17 BATH.—This
1025 1436 16 17 is
1049 1441 12 12 a
1075 1437 63 16 recent
1149 1441 74 12 annexe
1230 1437 21 16 to
1260 1436 32 17 the
1301 1436 71 17 Rachel
1381 1436 92 18 Pavilion.
1500 1438 19 17 It
1527 1438 15 17 is
1551 1439 23 16 50
1583 1439 39 16 feet
1631 1438 46 22 long
1685 1438 27 22 by
1720 1439 22 17 24
1752 1439 38 18 feet
1803 1440 55 20 wide,

515 1458 24 17 its
548 1458 84 22 greatest
640 1457 59 22 depth
706 1457 16 17 is
731 1459 10 15 4
750 1457 39 17 feet
796 1458 37 18 and
842 1459 24 17 its
877 1460 86 22 capacity
972 1460 65 19 20,000
1046 1459 78 22 gallons.
1151 1460 18 16 It
1178 1459 15 17 is
1202 1459 52 17 filled
1266 1459 48 17 with
1322 1464 59 13 water
1388 1460 49 17 from
1448 1460 32 17 the
1489 1461 71 17 Rachel
1569 1461 72 23 Spring
1648 1462 62 17 which
1718 1462 15 17 is
1743 1462 115 18 maintained

515 1481 21 17 at
544 1487 11 11 a
563 1482 126 20 temperature
698 1481 20 16 of
726 1481 22 16 98
757 1481 83 21 degrees.

539 1504 53 17 THE
600 1504 162 17 ELECTRICAL
771 1504 252 19 DEPARTMENT.—This
1033 1505 118 23 department
1166 1505 15 18 is
1198 1505 72 23 replete
1285 1505 47 18 with
1345 1505 33 18 the
1394 1507 50 16 most
1457 1507 79 17 modern
1552 1507 108 23 appliances
1677 1508 30 17 for
1722 1509 89 22 carrying
1825 1510 33 16 out

514 1527 76 17 various
599 1527 57 17 forms
666 1526 20 18 of
694 1526 80 18 medical
781 1526 94 19 electrical
882 1530 104 15 treatment
993 1528 20 17 in
1022 1528 48 17 their
1081 1528 86 22 entirety.

539 1550 53 17 THE
597 1549 190 19 HYDROPATHIC
795 1550 115 18 PACKING
916 1552 54 16 AND
978 1550 118 19 MASSAGE
1101 1551 226 18 DEPARTMENT.—A
1333 1552 55 17 series
1394 1552 20 17 of
1420 1558 62 12 rooms
1488 1559 32 12 are
1528 1553 99 18 furnished
1635 1554 39 17 and
1682 1555 28 16 set
1715 1556 56 21 apart
1777 1556 30 15 for
1813 1555 45 18 each

515 1578 38 15 sex,
560 1573 20 16 in
586 1573 55 18 order
646 1574 20 16 to
675 1578 54 17 carry
734 1574 34 17 out
776 1573 37 18 this
819 1573 105 24 important
929 1574 80 23 adjunct
1013 1575 20 17 to
1040 1575 107 17 treatment.
1153 1575 39 17 The
1198 1575 78 17 services
1283 1575 20 17 of
1308 1581 11 11 a
1324 1575 89 22 qualified
1419 1576 96 18 Masseuse
1520 1577 38 17 and
1563 1577 86 17 Masseur
1657 1583 31 11 are
1696 1577 115 19 obtainable.

515 1629 90 17 Resident
614 1629 96 21 Engineer
717 1629 4 21 :

585 1652 116 17 CAMILLE
713 1652 133 22 MALFROY,
856 1654 46 18 Esq.

1406 1631 91 19 Resident
1505 1633 82 17 Medical
1596 1631 168 24 Superintendent:

1484 1657 103 16 ALFRED
1601 1656 120 18 GINDERS.
1735 1657 52 17 M.D.

722 1897 57 23 Two
792 1898 70 23 miles
875 1898 76 31 from
969 1898 121 28 Rotorua,
1112 1897 135 31 adjoining
1260 1898 151 32 interesting
1420 1900 83 23 native
1514 1900 137 23 settlement

720 1952 337 39 iFVQFR
1237 1932 393 59 MMis
1341 1954 120 37 UA
1482 1955 110 36 TP
1620 1956 8 35 I

693 1985 46 22 VJS
766 1985 38 20 6
843 1985 8 21 B
887 1985 45 23 W
1016 1985 9 20 B
1043 1985 13 20 I
1342 1985 8 21 i
1376 1990 9 16 fi
1412 1989 48 20 W
1503 1985 9 23 I
1554 1985 40 23 6™
1620 1985 40 22 L>
1669 1998 10 10 ■

1035 2054 116 23 PAT
1166 2055 24 23 R
1211 2055 21 23 O
1251 2055 32 23 N
1300 2054 21 24 S
1331 2063 10 16 ;

655 2093 55 19 Earl
734 2093 26 18 of
782 2093 106 23 Kintore,
915 2094 54 18 Earl
994 2093 27 19 of
1043 2094 99 22 Onslow,
1164 2094 106 24 Marquis
1291 2095 26 17 of
1335 2095 129 23 Drogheda,
1488 2096 61 18 Lord
1570 2095 145 24 Carrington.

514 2125 88 30 rpHIS
616 2125 94 19 HOTEL
720 2125 36 19 lias
767 2125 89 25 receutly
866 2126 52 18 been
928 2125 141 26 considerably
1079 2126 102 24 enlarged,
1193 2126 116 24 renovated,
1321 2127 40 18 and
1371 2127 130 19 refurnished
1511 2127 115 25 regardless
1635 2128 21 17 of
1672 2134 93 18 expanse,
1783 2128 40 19 and
1841 2129 17 18 is

519 2145 26 25 X
580 2151 73 24 widely
663 2151 75 19 known
748 2151 33 19 for
791 2151 25 18 Its
826 2151 100 19 excellent
933 2151 179 21 .accommodation,
1124 2151 89 23 Cuisine,
1225 2154 33 17 &c.

891 2186 74 23 Here
977 2194 45 15 are
1034 2186 40 23 the
1088 2186 79 32 Chief
1176 2187 87 30 Sights
1275 2187 32 31 of
1314 2187 40 23 the
1366 2187 118 23 District.

645 2227 46 18 The
700 2227 140 18 Wonderful
849 2228 80 18 Steam
938 2228 47 18 and
994 2228 48 18 Hot
1051 2227 82 19 Water
1142 2228 130 24 Petrifying
1281 2228 99 23 G-eysers
1394 2229 80 23 playing
1486 2230 66 22 nearly
1570 2231 32 15 100
1620 2229 37 17 feet
1673 2229 53 23 high.

512 2250 133 24 Petrifying
653 2251 106 22 Geysers,
771 2250 129 19 Cauldrons
908 2252 27 17 of
941 2251 91 23 Boiling
1040 2251 57 18 Mud
1106 2252 46 17 and
1162 2252 41 18 Oil.
1230 2252 76 22 Spout
1315 2252 65 22 Bath,
1392 2252 36 18 Oil
1436 2252 66 22 Bath,
1512 2252 72 19 Alum
1594 2252 59 19 Bath
1663 2252 19 19 &
1697 2253 79 18 Jack's
1789 2253 67 19 Bath.

512 2274 82 19 Known
605 2275 32 18 for
644 2274 34 19 the
685 2274 154 25 extraordinary
847 2281 58 12 cures
911 2276 22 17 oE
942 2274 148 24 Eheuiuatisui,
1101 2274 120 26 Neuralgia,
1231 2275 113 25 Lumbago,
1354 2276 91 23 Sciatica,
1453 2276 89 25 Kidney,
1555 2276 62 19 Liver
1625 2276 40 19 and
1672 2276 57 19 other
1737 2277 120 25 complaints

630 2308 41 47 c.
699 2309 40 45 e.
762 2309 237 50 aelsoji.

924 2366 103 27 Guide

1461 2311 278 55 Proprietor.

934 2529 38 23 On
996 2529 41 22 the
1061 2529 89 24 Direct
1173 2531 81 22 Route
1275 2534 22 19 to
1315 2531 121 26 Rotorua-

748 2569 45 17 For
810 2569 107 23 Scenery,
933 2569 110 19 Curative
1055 2569 130 24 Properties
1195 2571 26 18 of
1227 2571 40 18 the
1276 2571 73 18 Baths
1359 2571 46 19 and
1413 2572 208 23 accommodation,

657 2600 121 25 EXCEL
810 2600 69 29 A.LL
914 2600 139 26 PLACES
1085 2602 45 24 OF
1160 2602 74 24 THE
1269 2603 87 24 KIND
1389 2604 32 24 IN
1454 2604 74 24 THE
1561 2604 160 25 COLONY.

538 2665 66 19 Those
615 2665 92 25 Springs,
719 2665 65 19 winch
795 2665 32 19 for
837 2665 53 19 their
909 2665 97 19 Curative
1015 2665 117 26 Properties
1142 2666 40 19 niul
1192 2666 138 19 Comfortable
1340 2666 96 25 Fittings,
1447 2668 53 18 have
1511 2667 50 20 been
1579 2669 129 23 pronounced
1724 2669 27 24 by
1767 2669 27 19 all
1811 2670 44 18 who

511 2692 52 18 have
583 2691 74 19 visited
676 2691 57 19 them
749 2697 76 13 second
843 2697 23 12 to
884 2696 55 14 none
955 2697 23 13 in
994 2691 52 19 New
1062 2691 106 19 Zealand.
1196 2692 43 19 The
1253 2699 110 12 numerous
1372 2693 135 20 testimonials
1517 2694 92 19 received
1620 2701 21 11 as
1653 2698 21 15 to
1683 2694 55 19 their
1747 2702 58 13 cures
1814 2696 41 19 and

511 2717 86 19 comfort
608 2717 75 19 should
702 2717 26 19 be
745 2717 99 19 sufficient
862 2720 20 15 to
899 2717 73 19 induce
987 2717 91 19 Tourists
1093 2717 42 19 and
1147 2720 68 17 others
1233 2720 20 17 to
1263 2718 47 19 visit
1321 2718 62 20 them.
1412 2718 32 20 No
1455 2723 58 16 extra
1522 2720 76 25 charge
1608 2720 18 19 is
1635 2720 59 19 made
1705 2721 30 18 for
1746 2722 34 18 the
1790 2728 35 13 use
1835 2723 20 18 of

511 2743 34 19 the
556 2743 61 19 baths
627 2746 21 16 to
657 2750 85 18 persons
752 2743 82 26 staying
843 2746 21 16 at
874 2743 35 19 the
919 2743 61 19 hotel.

831 2790 82 26 THE
940 2790 217 26 OKOROIRE
1188 2792 140 25 SANAT
1332 2792 24 25 O
1360 2792 76 26 RIU
1439 2793 31 25 M

538 2832 21 18 Is
569 2832 110 19 connected
689 2832 49 18 with
749 2831 35 19 the
794 2831 134 25 Telegraphic
939 2833 74 23 system
1024 2832 21 18 of
1054 2832 34 18 the
1099 2831 81 26 Colony,
1191 2832 35 19 the
1234 2833 116 25 Telegraph
1361 2833 61 19 Office
1432 2834 108 25 adjoining
1550 2835 35 18 the
1596 2835 70 18 Hotel.
1694 2835 36 19 All
1737 2835 118 26 Telegrams

511 2858 103 25 promptly
624 2858 78 24 replied
712 2860 26 16 to.

538 2884 96 22 Coaches,
645 2884 99 24 Buggies,
756 2883 40 18 and
806 2882 144 26 Conveyances
959 2884 21 18 of
990 2883 27 18 all
1027 2883 59 19 kinds
1105 2884 57 19 leave
1180 2884 40 19 this
1238 2884 63 19 Hotel
1318 2891 26 12 on
1362 2885 110 25 Tuesdays,
1494 2886 124 26 Thursdays,
1638 2887 40 18 and
1695 2886 120 26 Saturdays,
1834 2895 21 11 or

511 2910 56 25 daily
576 2910 18 19 if
603 2910 104 25 required.
749 2909 87 19 Persons
855 2916 24 11 en
899 2912 58 16 route
976 2910 32 17 for
1026 2909 90 20 Rotorua
1130 2917 35 12 are
1183 2910 103 19 therefore
1306 2911 87 19 enabled
1413 2915 19 16 lo
1452 2913 48 18 visit
1509 2912 35 23 tije
1695 2910 104 28 Okoroire,
1816 2915 39 18 and

511 2936 62 25 enjoy
582 2936 36 19 the
628 2932 90 23 Natural
728 2936 43 18 Hot
781 2936 65 18 Baths
855 2936 41 17 and
904 2942 12 11 a
926 2935 57 25 day's
994 2938 40 16 rest
1043 2936 94 24 previous
1147 2938 20 17 to
1178 2936 140 26 undertaking
1328 2944 11 11 a
1349 2937 87 25 journey
1446 2941 20 16 to
1477 2939 34 18 the
1521 2938 76 19 Lakes.

1071 2985 82 15 THIS
1179 2985 120 17 HOTEL

683 3011 46 19 Has
737 3012 89 24 recently
837 3012 49 19 been
898 3011 86 24 erected,
993 3012 40 18 and
1047 3012 17 18 is
1074 3013 76 24 replete
1161 3014 48 18 with
1226 3020 60 17 every
1297 3010 85 22 comfort
1391 3014 33 18 for
1433 3014 92 19 Tourists
1535 3015 39 18 and
1586 3015 98 19 Invalids.

540 3039 186 19 Note.—Tourists
736 3040 21 17 to
766 3037 103 29 Rotorua!
898 3037 30 19 Be
938 3044 47 12 sure
997 3040 22 16 to
1035 3037 47 19 take
1100 3045 51 18 your
1170 3040 29 18 rai
1210 3046 43 18 way
1273 3040 72 18 tickets
1363 3040 32 19 for
1411 3040 115 20 Okokoike.
1563 3041 143 25 Conveyances
1720 3044 53 17 meet
1791 3042 64 19 trains

512 3065 103 23 Okoroire,
627 3065 96 24 carrying
732 3070 121 19 passengers
863 3066 20 16 to
894 3063 64 19 Hotel
967 3064 43 18 free
1026 3065 21 17 of
1056 3064 81 25 charge.

1480 3101 241 49 Manager

1053 3434 18 26 I
1085 3434 44 29 tin

513 3485 228 56 Carrying
760 3485 97 46 .Her
882 3484 253 58 .Majesty's

675 3556 275 19 TAURANGA-ROTORUA
962 3557 69 16 LIXE.

509 3590 107 23 Tauranga,
666 3589 67 22 depart
780 3588 86 23 Tuesday
875 3587 38 18 and
922 3588 94 22 Saturday
1071 3589 11 17 8
1090 3595 44 12 a.m.

509 3614 25 16 Te
544 3613 58 19 Puke,
664 3613 61 16 arrive
812 3625 12 7 „
968 3624 12 8 ~
1031 3612 50 17 10.30
1089 3618 45 12 a.m.

1169 3436 17 36 2
1221 3434 70 42 OF
1329 3436 266 40 COACHES.

1171 3486 137 46 JWails
1341 3499 51 36 as
1430 3500 82 44 per
1543 3489 310 53 Time-tables,

776 3680 86 22 Monday
878 3679 38 18 and
932 3680 71 22 Friday

1030 3636 50 15 10.43
1089 3641 38 12 a.m

1070 3660 11 14 li
1087 3664 39 16 p.m

1070 3682 9 16 7
1089 3688 36 10 a.m

1028 3705 50 16 12.30
1087 3710 38 16 p.m

1027 3728 50 16 12.43
1085 3733 40 16 p.m

1037 3751 88 21 3.15,p.m

1183 3590 85 18 Rotorua

1183 3614 97 17 Ateamuri

1182 3637 94 17 Wairakei

1181 3660 72 22 Taupo,

1181 3683 71 22 Taupo,

1181 3706 94 17 Wairakei

1181 3729 104 19 Ateamuri,

1181 3752 91 20 Rotorua,

1361 3560 217 18 ROTORUA-TATJPO
1596 3561 70 17 LINE,

1324 3590 68 23 depart
1438 3592 119 23 Wednesday
1573 3592 38 17 and
1632 3592 95 23 Saturday

1439 3684 99 23 Thursday
1552 3684 38 17 and
1606 3684 85 22 Monday

678 3804 125 34 Special
817 3805 230 32 Conveyances
1060 3808 158 30 arranged
1230 3807 49 25 lor
1292 3808 34 25 at
1338 3807 54 26 the
1406 3808 146 26 Shortest
1564 3809 121 25 Notice.

835 3842 200 26 STABLES:
1054 3843 169 27 Tutanekai
1252 3844 112 30 Street,
1387 3844 142 28 Rotorua,

675 3883 113 33 Buggies,
806 3883 118 32 Goacfyes
941 3883 52 33 arpd
1010 3883 95 28 §addle
1233 3894 31 24 or?
1351 3894 31 24 or?
1400 3886 45 32 tl?e
1463 3886 120 33 Shortest
1600 3886 96 33 %>tiee.

995 3926 130 16 TEI=27U£S
1152 3927 218 17 7TODERHTG.

860 3954 145 31 Telegrams
1017 3954 53 24 and
1078 3955 101 24 Letters
1186 3956 152 31 punctually
1351 3958 117 22 attended
1477 3961 28 21 to.

510 4024 77 25 NB.
624 4021 114 27 Please
750 4020 74 25 note
838 4020 133 25 address

631 4062 61 66 e.
727 4059 473 69 'ROBERTSON
1248 4062 48 66 2
1332 4062 127 68 GO.
1499 4072 234 46 Rotorua.

839 4143 306 42 contractors
1169 4138 78 47 for
1261 4138 181 48 .Messrs
1463 4139 45 47 T.
1531 4139 127 48 Cook
1680 4139 47 48 &
1748 4139 102 50 Son.

1885 797 426 61 GEYSER
2394 805 367 63 HOUSE

1914 911 336 58 Hydropathic
2274 917 158 54 Hotel,
2465 919 267 51 Wairakei.

2076 994 36 19 Six
2123 995 58 19 miles
2190 996 53 20 from
2252 997 56 19 Lake
2318 997 70 26 Taupo
2399 998 100 26 (Rotorua
2509 1001 59 26 side.)

2058 1056 180 28 SUPERIOR
2259 1060 332 31 ACCOMMODATION.

2080 1113 52 18 ALL
2144 1114 52 17 THE
2210 1115 134 20 COMFORTS
2356 1117 32 16 OP
2401 1117 16 17 A
2429 1118 77 18 lIO.AIE
2518 1120 51 18 FOE

2127 1149 147 20 TOURISTS
2291 1151 64 18 AND
2369 1152 153 21 INVALIDS.

1882 1218 65 25 Hot
1972 1218 188 34 Swimming
2182 1222 110 30 Baths,
2318 1223 184 28 Kiri-o-Kai
2523 1233 35 18 or
2584 1228 78 26 New
2687 1230 78 26 Skin

1958 1259 92 32 Bath,
2064 1261 64 24 Hot
2142 1262 129 26 Douche
2286 1264 110 30 Baths,
2417 1265 110 27 Grand
2548 1268 144 28 Climate.

1999 1301 171 26 Elevation
2192 1305 91 30 1,350
2302 1305 63 25 feet
2378 1306 100 26 above
2492 1314 54 20 sea
2559 1310 91 25 level.

1883 1349 196 23 COMPETENT
2095 1351 120 25 GUIDES
2232 1360 121 19 accompany
2368 1355 84 19 tourists
2467 1359 21 16 to
2506 1358 34 18 Ilie
2561 1359 80 19 various
2663 1360 67 25 places
2747 1362 20 19 of

2013 1376 90 23 interest,
2112 1378 67 19 whioli
2191 1379 59 20 baffle
2260 1380 35 19 tlie
2306 1383 50 16 most
2366 1381 60 19 facile
2436 1388 45 19 peu,
2493 1384 40 18 and
2551 1392 36 11 can
2606 1385 47 22 only
2673 1386 24 19 be
2715 1388 42 18 real-

2013 1402 44 19 ized
2066 1403 59 19 when
2135 1410 54 13 seen.

2100 1470 31 21 \/L
2137 1473 28 18 i—X
2175 1472 24 20 I—
2205 1472 91 22 L6Y
2311 1472 91 19 contains
2418 1473 34 18 the
2471 1473 104 27 following
2593 1477 122 24 unequalled
2726 1478 28 19 Na-

1961 1494 54 17 tural
2035 1494 91 19 wonders
2148 1503 32 10 :
2185 1498 7 16 i
2200 1497 106 22 übuatahi,
2326 1504 22 11 or
2371 1498 62 19 Great
2457 1499 134 26 Champagne
2608 1501 111 25 Cauldron;
2734 1505 33 18 the

1961 1519 63 19 Great
2034 1519 106 20 Wairakei
2149 1519 90 34 Geyser;
2252 1524 34 17 the
2297 1523 85 25 Donkey
2393 1524 91 26 Engine;
2499 1526 34 19 the
2544 1526 54 20 Bath
2609 1527 20 19 of
2640 1529 33 17 the
2683 1529 84 24 Fairies;

1961 1545 34 18 the
2014 1545 115 24 Lightning:
2145 1545 63 34 Pool;
2222 1548 35 19 the
2273 1548 88 20 Cascade
2377 1550 82 24 Geyser,
2477 1559 23 11 or
2518 1552 102 25 Dragon's
2638 1545 82 34 Mouth;
2735 1556 32 19 the

1961 1570 64 20 Black
2034 1571 89 25 Geyser;
2139 1573 34 19 the
2186 1574 52 19 Mud
2249 1575 87 24 Geyser;
2352 1575 34 20 the
2406 1576 51 19 Blue
2474 1577 69 25 Lake;
2554 1579 35 18 the
2607 1579 31 19 Oil
2655 1579 66 26 Bath;
2735 1582 32 18 the

1960 1596 83 25 Eagle's
2052 1597 60 24 Nest;
2126 1599 35 19 the
2170 1599 76 20 Devil's
2254 1601 71 18 Punch
2333 1601 56 19 Bowl
2398 1609 5 15 ;
2418 1603 34 18 the
2461 1603 72 20 Prince
2542 1606 21 17 of
2572 1606 76 18 Wales'
2657 1607 97 19 Feathers
2764 1596 3 35 ;

1961 1622 35 19 the
2014 1623 86 24 Mirror;
2116 1625 34 19 the
2170 1626 57 19 Twin
2247 1626 87 25 Geyser:
2349 1628 35 18 the
2402 1628 58 20 Coral
2477 1629 90 26 Geyser;
2582 1631 34 18 the
2627 1632 65 19 Green
2707 1622 60 35 Pool;

1965 1649 125 19 lerekerehe
2100 1657 23 13 or
2142 1651 49 19 Hell
2210 1652 88 25 Geyser;
2321 1653 33 19 the
2373 1653 69 20 Steam
2462 1655 106 21 Hammer.
2597 1657 83 20 Guide's
2698 1659 32 20 fee
2749 1663 18 16 to

1961 1674 77 25 Geyser
2047 1675 79 26 Valley,
2138 1679 21 15 5s
2168 1674 4 30 ;
2187 1677 91 21 distance
2287 1680 52 18 from
2348 1679 34 19 the
2396 1680 61 24 hotel,
2472 1674 4 30 1
2491 1682 53 19 mile.

1883 1734 100 22 THG
2003 1728 334 33 JtRGHTSHTGH
2350 1745 22 12 w
2391 1738 79 21 Ladder
2488 1740 85 26 Rapids.
2611 1742 42 19 The
2669 1743 98 21 Grandest

1961 1760 78 25 Rapids
2050 1761 21 19 in
2081 1762 35 19 the
2126 1762 102 21 Southern
2238 1760 146 30 Hemisphere;
2400 1766 73 24 falling
2490 1766 20 19 in
2527 1767 32 19 six
2577 1768 83 20 distinct
2677 1771 90 19 cascades

1962 1789 93 23 amongst
2065 1788 63 19 weird
2139 1789 40 18 and
2189 1790 79 25 rugged
2286 1797 81 18 scenery
2395 1790 95 21 Distance
2509 1793 52 20 from
2580 1794 34 19 the
2632 1795 61 24 hotel,
2713 1797 54 19 three

1962 1812 63 19 miles.
2053 1813 74 19 Saddle
2138 1814 69 20 horses
2217 1819 21 16 to
2246 1816 48 19 visit
2308 1817 34 18 the
2356 1816 79 26 Rapids
2450 1818 22 19 7s
2482 1819 26 18 C<d
2518 1820 55 19 each.

1886 1872 229 24 KSRKPITI
2133 1880 23 12 or
2166 1874 35 19 the
2210 1874 78 20 Devil's
2298 1875 97 26 Trumpet
2413 1877 17 17 is
2449 1877 43 19 said
2511 1880 21 16 to
2551 1879 49 19 emit
2619 1886 12 12 a
2646 1886 93 19 pressure
2749 1882 18 18 of

1965 1898 67 19 180lbs
2043 1900 21 17 of
2074 1903 64 16 steam
2150 1903 21 16 to
2180 1900 35 19 the
2226 1901 52 22 inch,
2291 1902 51 18 from
2353 1908 26 12 an
2396 1906 94 21 aperture
2500 1905 21 17 of
2539 1905 63 19 about
2620 1906 72 19 twelve
2700 1907 67 20 inches

1961 1924 21 18 in
1992 1924 105 20 diameter.
2126 1926 98 20 Distance
2241 1927 21 19 fr
2275 1934 20 12 m
2316 1927 54 19 hotel
2389 1928 56 19 three
2464 1930 42 19 and
2525 1937 12 12 a
2556 1931 45 19 half
2618 1932 67 23 miles;
2700 1933 67 19 saddle

1961 1950 69 19 horses
2040 1954 20 15 to
2067 1951 48 20 visit
2126 1952 33 19 the
2170 1952 71 22 above,
2252 1955 22 16 2s
2285 1953 24 19 6d
2319 1953 56 20 each.

1883 2010 100 22 TWO
2003 2011 141 23 HUKK
2163 2013 165 24 FHLLS,
2346 2013 34 18 the
2398 2013 101 20 Grandest
2516 2014 56 20 Falls
2582 2016 19 18 in
2621 2016 34 18 the
2673 2018 94 19 southern

1964 2036 135 25 hemisphere.
2128 2038 43 19 The
2181 2038 57 19 Falis
2247 2046 44 17 may
2306 2040 23 18 be
2338 2039 74 19 visited
2421 2046 24 12 on
2455 2040 35 19 the
2502 2047 56 13 same
2576 2042 116 25 expedition
2702 2050 21 12 as
2734 2044 33 19 the

1963 2061 78 19 Devil's
2052 2063 104 26 Trumpet.
2186 2064 96 19 Distance
2292 2065 52 19 from
2354 2065 55 18 hotel
2419 2065 57 20 three
2487 2067 39 19 and
2537 2075 12 11 a
2565 2068 45 19 half
2618 2068 67 25 miles;
2699 2069 68 20 saddle

1960 2087 58 20 horse
2029 2095 22 12 or
2061 2088 71 27 buggy
2142 2091 23 18 2s
2175 2090 27 19 6d
2215 2091 57 18 each.

1884 2146 127 52 MRS
2038 2147 47 51 E-
2109 2148 293 63 CIFiJIIHIJIiI,,
2439 2151 326 55 Proprietress.

2083 2294 58 26 Hot
2169 2295 96 26 Lakes
2285 2296 33 25 of
2335 2295 70 25 New
2423 2296 144 25 Zealand.

1883 2454 263 54 BRENT'S
2173 2456 345 55 BATHGATE
2547 2459 218 55 HOUSE.

2019 2558 29 18 IS
2060 2559 22 17 A
2095 2559 193 20 FIRST-CLASS
2301 2561 205 19 TEMPERANCE
2520 2562 107 20 HOTEL.

1970 2627 236 23 HIIMe7VYOP[
2224 2629 196 23 STREET,
2442 2629 237 24 ROTGRUH.

1881 2690 83 17 'MHIS
1976 2690 60 17 NEW
2048 2691 54 17 AND
2115 2691 191 18 COMFORTABLE
2318 2691 217 19 ESTABLISHMENT
2543 2693 16 17 is
2568 2693 81 17 situated
2657 2693 20 17 in
2686 2693 32 17 the
2726 2698 41 12 new

1888 2709 19 23 1
1942 2713 95 23 township
2046 2714 19 17 of
2074 2714 90 21 Rotorua,
2175 2715 48 17 close
2232 2717 20 15 to
2261 2715 32 16 the
2302 2715 126 17 Government
2443 2715 120 18 Sanatorium
2576 2717 38 16 and
2627 2716 65 21 Baths,
2707 2715 60 18 which

2201 2738 91 22 comprise
2300 2738 32 17 the
2340 2738 106 18 celebrated

1879 2765 93 18 Priest's
1981 2765 65 22 Bath,
2058 2766 107 18 Madame
2175 2766 87 18 Rachel
2271 2766 77 23 Baths,
2359 2766 140 19 Chameleon
2509 2768 94 17 Douche
2613 2768 65 21 Bath,
2694 2767 73 23 Large

1950 2788 55 18 Blue
2015 2788 137 25 Swimming
2161 2789 66 22 Bath,
2245 2789 102 24 Sulphur
2359 2789 94 23 Vapour
2462 2790 61 19 Bath
2532 2791 47 18 and
2587 2790 110 19 Galvanic

2236 2813 97 23 Battery
2342 2813 65 22 Bath,

1879 2835 70 18 OVER
1960 2835 92 17 WHICH
2067 2836 86 17 LARGE
2172 2836 118 18 BATIIING
2306 2836 139 18 I'AVILIONS
2466 2837 72 17 HAVE
2559 2837 70 18 BEEN
2648 2837 119 18 ERECTED

1984 2858 44 17 with
2039 2864 100 12 numerous
2147 2859 93 23 Dressing
2255 2860 76 20 Rooms,
2340 2860 35 16 etc.
2401 2860 75 17 Besides
2485 2860 53 17 these
2546 2863 5 14 1
2556 2861 43 17 hero
2607 2861 15 16 is
2631 2860 35 18 the'
2687 2858 2 24 '

1879 2881 133 18 Pain-killer
2024 2881 66 23 Bath,
2105 2882 134 23 Coffee-pot,
2255 2882 132 18 Cameron's
2400 2883 46 18 and
2460 2883 129 19 Hinemaru
2603 2883 72 18 Baths
2689 2883 24 18 in
2727 2883 40 19 the

2183 2905 149 19 Sanatorium
2349 2905 113 19 Grounds.

1879 2949 113 19 Bathgate
2011 2949 74 19 House
2101 2949 38 19 lias
2155 2950 52 19 been
2227 2950 79 25 greatly
2323 2950 96 24 enlarged
2434 2951 32 18 for
2483 2950 92 20 Tourists
2592 2957 21 12 as
2633 2950 46 20 well
2695 2957 21 12 as
2735 2952 32 18 fur

2114 2976 72 25 people
2200 2976 73 25 taking
2283 2983 12 12 a
2304 2982 69 13 course
2383 2976 22 19 of
2413 2977 35 18 the
2459 2976 71 20 Baths.

2133 3010 133 20 TERMS
2287 3011 229 21 MODERATE.

2055 3071 53 36 S.
2156 3072 52 36 T.
2263 3074 42 31 B
2333 3074 179 34 ReN
2537 3075 51 37 T,

2201 3118 242 17 PROPRIETOR.

1878 3143 48 17 N.B.
1952 3143 51 18 Most
2012 3144 20 17 of
2041 3145 53 17 those
2102 3145 43 18 who
2154 3147 44 17 visit
2206 3147 76 18 Brent's
2291 3149 23 16 do
2324 3154 20 12 so
2352 3149 84 23 through
2445 3150 32 18 the
2492 3151 46 17 kind
2551 3153 180 18 recommendations
2747 3154 20 17 of

2217 3171 88 22 previous
2314 3173 108 17 customers.

1971 3279 226 48 K,OBtiK.T
2232 3283 254 48 KUR-NESS
2518 3285 46 46 &
2597 3285 81 51 Co.,

1915 3379 381 31 MANUFACTURERS
2333 3384 112 26 AND
2481 3385 252 33 IMPORTERS,

2071 3474 182 35 FORT
2288 3476 291 36 STReeT,

2013 3601 162 25 ROTORUA.

2065 3687 57 19 THE

1877 3725 428 88 Langham.

1899 3824 50 23 (One
1955 3825 88 18 minute's
2051 3826 50 17 walk
2110 3827 49 17 from
2166 3827 33 18 the
2204 3827 74 18 Govern-

2028 3850 53 16 ment
2089 3849 75 23 Buths.)

1996 3945 189 24 TORTUS:

1903 3987 46 23 35s
1956 3994 45 23 per
2020 3989 88 28 week;
2128 3990 29 22 6s
2171 3997 47 22 per
2226 3991 58 28 day.

1903 4034 61 22 Two
1976 4035 89 22 weeks
2074 4042 28 16 or
2112 4036 99 29 longer,
2229 4037 54 24 30s.

1912 4132 28 32 C.
1973 4132 135 33 HAWKER
2136 4135 142 38 WILSON,

2003 4183 187 21 PKQPBIETOK.

2333 3606 34 19 TO
2382 3606 57 19 THE
2454 3607 106 20 PUBLIC
2574 3608 35 19 OF
2626 3607 135 20 EOTOEUA.

2336 3709 24 43 I
2374 3709 55 19 BEG
2439 3714 20 14 to
2469 3711 66 19 thank
2545 3712 34 18 the
2592 3711 71 19 Public
2673 3711 21 18 of
2701 3710 48 18 Roto-

2388 3742 38 12 rua
2445 3737 32 17 for
2491 3737 54 19 their
2551 3739 82 17 favours
2644 3737 73 23 during
2729 3736 32 18 the

2334 3764 45 22 past
2389 3761 69 19 fifteen
2468 3769 65 18 years,
2545 3763 40 19 and
2599 3766 20 15 to
2635 3762 65 24 notify
2718 3761 43 19 that

2334 3788 32 17 for
2376 3787 34 19 the
2421 3789 132 18 convenience
2564 3789 21 18 of
2593 3788 98 19 residents
2700 3788 20 17 in
2729 3787 32 18 the

2336 3813 50 18 New
2397 3813 115 26 Township,
2524 3815 40 18 and
2574 3820 32 18 my
2618 3813 57 19 trade
2692 3819 58 19 gener-

2334 3839 47 24 ally,
2393 3839 11 18 I
2414 3839 52 20 have
2477 3840 52 19 built

2360 3893 53 20 New
2421 3894 104 20 Premises
2531 3901 24 13 in
2561 3895 45 19 Fen
2608 3900 36 13 ion
2651 3893 83 23 Street,

2333 3951 67 19 which
2410 3958 34 13 aie
2454 3959 44 12 now
2509 3959 51 18 open
2568 3953 32 18 for
2609 3951 98 22 business,
2722 3949 39 19 and

2333 3977 11 19 I
2355 3984 32 12 am
2406 3979 99 24 prepared
2527 3982 20 15 to
2559 3977 73 25 supply

2473 4025 70 18 Prime
2562 4024 63 19 Meat

2334 4064 21 17 in
2366 4064 50 19 both
2426 4064 51 19 New
2488 4064 39 19 and
2538 4063 38 19 Old
2585 4062 124 25 Townships.

2360 4141 49 27 fAn
2422 4142 150 30 Inspection
2586 4141 23 22 is
2624 4141 107 23 invited.

2542 4187 102 18 HENRY
2657 4186 81 19 KIRK.

2786 773 215 47 IMPERIAL
3056 781 144 49 HOTEL,

2826 829 123 24 PORT
2973 833 193 26 STREET.

2918 869 158 22 AUCKLAND.

2812 929 95 25 Splendid
2923 934 164 20 accommodation
3100 937 31 18 for
3143 938 48 19 Tour-

2786 955 36 19 ists
2831 955 39 19 and
2879 956 117 22 Travellers.

2803 994 180 31 High-class
3002 997 108 27 Wines
3131 1002 61 24 and

2896 1027 114 32 Spirits
3022 1030 82 33 kept.

2831 1105 40 26 W.
2906 1107 29 24 H.
2966 1108 48 25 PE
3029 1110 21 24 A
3066 1111 17 24 R
3100 1112 21 24 C
3139 1113 27 28 E,

2912 1144 174 32 Proprietor.

2817 1199 51 44 E.
2915 1201 141 46 LYO
3076 1205 103 47 NS.

2909 1265 183 39 TAILOR,

2778 1311 1 30 (
2791 1311 35 25 (In
2835 1312 34 19 the
2883 1314 95 24 premises
2994 1315 61 24 lately
3076 1319 94 22 occupied
3187 1320 25 21 by

2895 1338 28 19 11.
2932 1339 34 19 W.
2975 1340 136 28 Neighbour.)

2809 1371 81 19 MAIN
2902 1373 89 22 ROAD,
3005 1375 189 23 OHINEMUTU.

2779 1420 1 28 :
2838 1421 196 21 ESPECTFULLY
3043 1425 47 19 calls
3099 1427 34 19 the
3149 1430 63 18 atten*

2779 1444 1 32 |
2793 1444 43 21 XI)
2864 1447 42 19 tion
2916 1448 21 19 of
2946 1448 106 21 Residents
3059 1453 21 17 to
3087 1451 31 20 his
3126 1459 41 13 new
3175 1455 37 19 and

2779 1469 1 26 I
2791 1473 68 18 varied
2869 1474 54 19 stock
2938 1475 21 18 of

2792 1506 122 24 SPRING
2925 1508 21 22 &
2958 1508 135 25 SUMMER
3107 1512 105 25 GOODS.

2806 1574 65 20 Stvi;,-,
2886 1577 15 18 &
2909 1576 92 20 Perfect
3011 1578 37 19 Pit
3055 1579 146 22 Guaranteed.

2826 1629 22 24 J.
2871 1630 29 24 H.
2922 1630 18 24 B
2953 1631 19 24 U
2987 1632 21 24 C
3020 1632 21 24 H
3053 1634 20 24 A
3087 1634 20 25 N
3119 1635 20 25 A
3151 1636 30 31 N,

2865 1679 93 25 Stone
2972 1680 168 29 Merchant.

2882 1725 174 20 ESTABLISHED
3073 1729 49 18 1892.

2815 1773 115 24 Statuary,
2958 1775 158 21 Monumental
3147 1781 45 18 and

2907 1798 96 18 General
3011 1799 88 21 Mason.

2791 1831 106 18 MARBLE
2906 1833 15 17 &
2926 1834 146 19 FREESTONE
3081 1837 122 19 CHIMNEY
3210 1831 2 25 -

2814 1855 96 22 PIECES,
2926 1856 124 23 MANTELS,
3064 1859 84 24 VASES,
3158 1862 32 18 &c.

2819 1888 135 28 VICTORIA
2972 1891 116 28 STREET
3106 1895 80 29 EAST,

2794 1928 418 42 HUCKLHND.

2817 1989 87 26 Designs
2922 1991 39 18 and
2979 1991 66 20 Prices
3061 1993 112 22 forwarded
3192 2001 20 14 to

2779 2011 1 36 j
2791 2022 39 17 any
2840 2018 45 22 part
2894 2016 21 19 of
2924 2016 34 20 the
2966 2016 96 22 Province
3072 2026 21 12 or
3101 2020 76 26 Colony
3187 2029 25 12 on

2791 2041 127 25 application.

2841 2098 159 45 Steele
3023 2100 135 47 Bros.

2803 2197 184 40 MARAEROA
3032 2199 166 42 SAWMILL,

2796 2280 125 43 DESIRE
2930 2281 24 17 to
2963 2281 73 19 thank
3045 2283 38 17 the
3092 2284 76 22 public
3177 2285 35 19 for

2857 2305 53 21 past
2923 2304 77 18 favors
3014 2305 45 18 and
3073 2306 44 24 beg
3135 2309 25 16 to
3173 2314 26 12 an-

2778 2324 1 30 ]
2790 2331 89 14 nounce
2887 2327 52 18 that
2947 2327 84 24 having
3040 2334 13 12 a
3066 2329 63 23 large
3143 2331 67 18 stock

2790 2349 26 18 of
2825 2349 171 19 well-seasoned
3003 2351 118 20 first-class
3130 2353 82 19 timber

2778 2373 2 24 !
2789 2377 31 14 on
2828 2373 62 18 hand
2897 2373 56 22 they
2961 2379 38 13 are
3007 2376 109 21 prepared
3123 2377 24 17 to
3154 2377 58 18 fulfil

2778 2393 1 24 1
2790 2396 77 18 orders
2876 2397 24 18 at
2909 2393 98 22 reduced
3015 2399 66 18 rates.

2791 2462 50 43 T.
2879 2462 64 43 M.

2824 2526 141 18 BARRISTER
2977 2527 52 17 AND
3038 2527 138 22 SOLICITOR,

2778 2559 1 34 j
2803 2566 37 20 118,
2861 2566 96 17 Victoria
2976 2566 86 21 Arcade,
3083 2568 116 18 Auckland.

2965 2605 63 19 ALSO

2789 2645 91 17 Barrister
2893 2645 36 17 and
2943 2645 84 17 Solicitor
3041 2646 19 16 of
3074 2646 33 17 the
3123 2647 88 23 Supreme

2881 2668 63 20 Court,
2951 2669 81 20 Ontario,
3039 2669 80 18 Canada.

2789 2899 73 17 Losses
2870 2899 51 17 Paid
3090 2899 122 23 £20,000,000

2789 2930 50 17 Fire
2852 2930 97 17 Premium
2964 2930 91 17 Exceeds
3102 2930 110 22 £1,100,000

2789 2961 147 18 Accumulated
2940 2961 68 17 Funds
3012 2961 81 18 Exceed
3100 2961 111 23 £1.000,000

2858 3000 35 19 W.
2916 2999 92 19 WARD
3026 3000 109 23 BAKER,

2822 3039 94 19 District
2924 3039 114 23 Manager,
3048 3040 127 20 Auckland.

2874 3079 36 19 W.
2923 3079 27 18 A.
2964 3079 161 23 WILLIAMS,

2846 3119 70 18 Local
2935 3119 82 22 Agent,,
3045 3119 106 20 Rotorua.

2843 3175 106 42 DAVID
2979 3175 179 48 SHERRIFF,

2873 3251 31 18 FA
2910 3250 20 19 SI
2936 3250 48 19 ILY
2998 3250 136 25 BUTCHER,

2841 3300 79 19 Arawa
2942 3300 89 22 Street,
3054 3299 105 21 Rgiokua.

2814 3349 22 18 Is
2853 3355 44 12 now
2915 3347 93 25 carrying
3026 3354 24 12 on
3069 3348 34 19 the
3119 3348 93 20 business

2787 3382 62 25 lately
2869 3381 109 20 conducted
2996 3381 27 25 by
3040 3382 73 19 Messrs
3131 3383 79 18 Jecklin

2787 3417 40 18 and
2838 3416 73 22 Cotter,
2922 3415 39 19 and
2971 3415 17 18 is
2998 3415 97 25 prepared
3105 3419 20 15 to
3138 3417 73 25 supply

2787 3451 35 18 the
2831 3450 68 26 public
2909 3450 46 19 with
2966 3450 63 24 prime
3036 3450 78 25 quality
3124 3451 21 18 of
3158 3454 53 15 meat

2787 3485 40 18 and
2836 3485 57 19 small
2902 3485 63 24 goods

2859 3528 34 18 AT
2907 3527 115 19 LOWEST
3037 3527 102 19 PRICES.

2817 3590 166 24 WYNYARD
2997 3591 187 30 &FURCHAS,

2846 3642 127 19 Barristers
2980 3647 42 13 and
3031 3641 121 25 Solicitors,

2786 3696 76 19 B.N.Z.
2871 3695 118 24 Chambers,
2997 3695 67 21 Queen
3070 3697 28 23 St,
3106 3696 104 20 Auckland

2879 3791 52 18 have
2940 3798 72 17 money
3021 3794 20 16 to
3050 3791 46 19 lend
3107 3798 25 12 en
3147 3790 49 19 Mort-

2803 3822 7 10 '
2822 3822 5 10 '
2875 3823 53 18 gage
2937 3817 21 18 of
2973 3817 96 19 Freehold
3085 3817 38 19 and
3137 3817 60 17 Lease-

2786 3842 47 18 hold
2843 3847 94 21 property
2947 3845 21 16 at
2977 3848 79 13 current
3064 3846 58 15 rates.

2788 3899 198 42 Auckland
2999 3897 210 19 advertising

2939 3921 109 21 AGENCY,

2808 3949 98 17 Victoria
2918 3949 88 20 Arcade,
3019 3949 69 18 Queen
3104 3947 81 17 Street.

2839 3997 122 23 Advertising
2966 3997 20 17 in
2994 3997 24 17 all
3029 3997 23 16 its
3060 3995 95 17 branches.

2786 4021 52 20 New,
2853 4021 75 22 Unique
2943 4020 38 17 and
2993 4019 81 17 Tasteful
3089 4017 121 23 Advertising

2956 4042 88 18 Medium.

2809 4066 69 18 Orders
2886 4067 49 16 from
2943 4066 25 17 all
2975 4066 51 21 parts
3034 4063 88 18 attended
3130 4064 20 16 to
3163 4064 49 18 with

2787 4095 41 12 care
2837 4089 37 17 and
2883 4089 111 22 expedition.

2787 4137 68 43 JOB
2880 4134 137 21 PRINTING
3040 4134 19 18 of
3082 4139 60 19 every
3165 4134 32 19 des-

2846 4163 85 25 cription
2942 4159 95 20 executed
3052 4159 47 19 with
3118 4162 94 17 neatness

2787 4189 40 19 and
2836 4188 95 24 despatch
2941 4189 20 16 at
2973 4186 33 19 the
3016 4186 117 19 Chronicle
3144 4186 68 19 Office.
