3300 4360
1089 2319 127 22 VISITORS'
1226 2324 61 17 LIST.

1039 2369 87 18 Brent's
1138 2370 111 17 Bathgate
1261 2371 78 17 Hottse.

996 2397 105 17 Mesdames
1115 2397 98 21 McEnnis,
1233 2397 103 22 Haseldon,
1354 2399 39 17 Wel-

973 2420 74 23 lington
1056 2420 3 24 ;
1079 2420 116 23 Langridge,
1230 2421 70 17 Nelson
1341 2422 64 22 Bates,

973 2443 57 20 Lane,
1052 2443 248 23 WangimuiCrawford,
1326 2445 79 21 McKee,

974 2466 74 22 Sydney
1056 2466 4 24 ;
1074 2466 53 20 Goss,
1138 2467 131 17 Christchu-rch
1298 2468 107 22 Raymond,

973 2490 73 17 Tam-an
1048 2495 25 17 ga
1080 2490 4 22 ;
1098 2490 58 20 Tuke,
1174 2490 80 22 Napier;
1277 2491 63 20 Shaw,
1355 2491 39 18 Ade-

973 2512 48 18 laide
1030 2512 3 21 ;
1057 2513 100 20 Fountain,
1177 2513 124 18 Queensland.
1340 2515 66 17 Misses

973 2535 111 21 Johnstone,
1096 2536 119 22 Wairarapa;
1234 2537 102 18 Haseldon,
1354 2538 39 17 Wel-

973 2559 74 22 lington
1061 2559 3 24 ;
1079 2559 62 19 Clark,
1152 2559 169 23 GlasgowTuke,
1328 2561 77 22 Napier;

974 2582 88 19 Graham,
1084 2582 112 20 Auckland,-.
1216 2582 80 18 Siddfi'ls
1312 2583 33 23 (2),
1363 2585 43 17 Mc-

973 2605 64 18 Ennis,
1185 2606 61 20 Shaw,
1256 2606 96 18 Adelaide.
1379 2608 28 16 Dr

973 2628 79 20 Russell,
1070 2628 87 20 Ireland;
1171 2629 45 17 Rev.
1234 2629 60 22 Ingle,
1309 2630 95 21 Rotorua;

973 2651 195 23 MessrsStrauglitan,
1176 2652 52 20 Holt,
1234 2652 170 23 ChartefrsTowers;

973 2674 80 21 Carnell,
1067 2674 45 23 Hay
1114 2675 57 18 ward,
1185 2675 134 22 Corornandcl;
1342 2676 62 21 Shaw,

973 2697 32 22 (2),
1016 2695 111 25 Coolgardie
1135 2695 4 26 ;
1156 2698 100 20 Fountain,
1274 2698 130 23 Queensland;

973 2721 120 21 Clapperton,
1103 2721 87 17 Dunedih
1199 2721 4 24 ;
1217 2721 81 23 Haggit,
1310 2723 99 22 Fielding;'

973 2744 105 17 Middleton
1090 2744 3 22 ;
1116 2744 100 22 Papakura
1229 2744 3 22 ;
1255 2745 53 20 Gos's,
1334 2745 62 18 Christ-

974 2766 68 18 church
1051 2766 3 25 ;
1065 2766 94 18 Haseldon
1167 2767 33 23 (2),
1208 2768 115 23 Wellington
1331 2766 3 25 ;
1349 2769 55 19 Cran,

974 2789 117 19 Queensland
1099 2796 8 14 ?
1129 2790 80 23 Harper,
1228 2791 56 20 Roth,
1294 2792 110 21 Auckland;

973 2813 90 21 Delaney,
1077 2813 120 22 Devonport;
1220 2814 57 20 Scott,
1300 2815 104 21 Pahintua;

973 2836 89 22 Cropper,
1084 2836 75 22 Sydney
1174 2836 4 23 ;
1204 2837 66 22 Bayly,
1293 2838 70 17 Tariinh
1378 2839 5 16 i
1400 2836 3 23 ;

973 2858 68 21 Miller,
1053 2859 89 19 Thames;
1159 2858 82 20 Clarfcin,
1258 2860 68 17 Wailii.
1359 2862 47 17 Miss

973 2882 52 20 Peat,
1051 2882 113 22 Wangamvi.
1203 2883 108 18 Mesdauies
1336 2884 68 23 Bayly,

973 2905 104 21 Taranaki;
1099 2905 90 19 Stewart',.
1215 2906 97 22 Hawera;-
1335 2907 69 21 MiHer,

973 2928 90 21 Thames;
1077 2928 82 19 Clarkii:,
1167 2929 67 16 Waihi.

1075 2974 59 17 Lake
1147 2975 69 17 llocse
1229 2975 76 18 Hotel.

995 3005 106 18 Mesdames
1110 3006 66 22 Parry,
1192 3006 87 18 Beddard
1294 3008 37 16 and
1348 3008 56 21 maid,

973 3029 90 19 London;
1090 3029 80 22 Marlpy,
1193 3030 115 20 Masterton;
1338 3031 66 22 Grant,

973 3051 88 21 Gaiwtea;
1075 3052 119 20 Bloomfield,
1201 3053 73 20 Clarke,
1290 3054 111 22 Auckland;

972 3075 65 20 Thom,
1049 3075 80 22 Sydney.
1155 3076 66 17 Misses
1227 3076 92 21 Beddard,
1326 3077 78 21 Mcßae,

973 3098 57 22 Reay.
1060 3098 45 17 Hon
1124 3098 26 18 H.
1174 3099 101 20 Mossiiian,
1303 3100 105 21 Brisbane;'

972 3121 69 17 Messrs
1060 3121 83 21 Hemes,
1164 3122 79 16 M.H.R.
1270 3122 134 23 Shaftesbury;

972 3144 84 17 Hiekson
1067 3144 3 23 ;
1096 3144 61 21 Slnno,
1188 3145 105 20 Wanganui
1302 3144 3 23 ;
1337 3147 67 20 Smith,

972 3167 90 17 Adelaide
1071 3167 4 23 ;
1097 3168 90 19 Robison,
1211 3168 89 17 Tokaanu
1310 3170 8 19 ;'
1338 3169 66 21 Grant,

973 3191 93 20 Galatea;-
1093 3191 80 18 Wilson,
1204 3191 80 18 Thaiites
1291 3191 4 22 ;
1329 3192 80 21 Brown,-

973 3213 111 18 Melbourne
1091 3213 4 23 ;
1118 3213 72 21 Clarke,
1207 3215 98 17 Auckland
1315 3213 4 23 ;
1338 3215 18 17 J.
1364 3216 32 17 Ste-

973 3238 47 15 wart
1028 3237 65 20 Thom,
1104 3236 82 23 Sydney.

1105 3283 44 17 Tim
1161 3283 110 18 LA.ngjiam.

995 3310 106 17 Mesdames
1111 3306 72 22 Corleft
1192 3311 36 17 and
1238 3307 55 23 et'iild,
1303 3312 91 17 Tokaanu
1401 3306 3 26 ;

972 3333 82 21 Holiart,
1064 3333 124 23 Wellington;
1198 3334 76 22 Turpin,
1282 3334 122 22 Stratlmiore;

972 3357 67 20 Baker,
1051 3356 104 17 Auckland.
1169 3356 66 18 Misses
1244 3358 78 19 Tunnel,
1330 3358 65 17 Strath-

972 3385 51 12 more
1030 3380 3 23 ;
1056 3380 60 20 Betts,
1141 3380 60 20 Wilts,
1222 3380 81 23 Sydney.
1337 3381 69 17 Messrs

972 3403 78 21 Corlett,
1058 3403 96 21 Tokaanu;
1162 3403 77 22 Turpin,
1247 3403 78 19 Tunnel,
1331 3404 64 16 Strath-

973 3432 50 11 more
1030 3426 4 22 ;
1037 3426 2 22 :
1049 3426 105 22 Spadacini,
1168 3426 165 22 Murrumliidgee;
1356 3427 40 17 Peli-

972 3450 36 19 nel,
1019 3449 135 20 Coromandel;
1169 3449 80 20 McNab,
1257 3450 77 19 Turner,
1341 3450 52 17 Auck-

972 3472 44 17 land
1025 3472 3 23 ;
1044 3472 76 20 Arthur,
1131 3472 127 23 Wellington;
1277 3473 63 19 Davis,
1357 3472 37 23 Syd-

972 3501 36 17 ney
1014 3502 9 8 -■
1040 3495 90 20 Madden,
1153 3493 133 20 Cliristcliurch
1293 3499 8 17 ;'
1326 3496 79 20 Burnes,

972 3519 89 20 Galatea;
1092 3518 78 21 Corlett,
1194 3519 25 16 Te
1241 3518 59 17 Whiti
1309 3518 3 22 ;
1334 3519 70 21 James,

973 3542 129 17 Coromandel-.
1128 3542 40 16 Mrs
1176 3541 78 21 Joshua,
1264 3542 105 17 Auckland.

1108 3588 84 17 Mokoia
1204 3587 63 18 Vie#.

995 3615 70 18 Messrs
1073 3615 89 21 Wallace,
1169 3615 97 20 Dunedin;
1277 3615 70 21 Stuart,
1357 3613 36 25 Syd-

972 3644 47 16 ney;
1033 3639 52 20 Parr,
1104 3638 63 22 Otago
1176 3638 4 22 ;
1200 3638 78 22 Malloy,
1293 3638 111 21 Johnstone,

972 3661 51 22 Gt-ey
1031 3662 37 16 and
1077 3663 38 15 two
1124 3662 47 21 boys
1173 3661 4 22 J
1188 3661 122 22 Wellington.

973 3720 56 23 THE
1051 3720 55 24 HOT
1123 3720 97 24 LAKES
1239 3720 165 22 CHRONICLE

1157 3759 56 13 AND

1074 3786 109 19 Tourists'
1199 3786 192 23 Journal.

984 3845 156 26 THURSDAY,
1147 3845 134 26 DECEMBER
1298 3847 28 21 24,
1341 3845 74 26 1896.

996 3906 87 22 Owing,
1089 3906 24 17 to
1129 3906 40 17 the
1185 3904 81 24 length
1282 3904 25 18 of
1319 3904 40 18 the
1373 3909 23 13 re-

973 3937 54 23 port
1035 3937 27 18 of
1073 3937 40 18 the
1131 3937 128 22 Waiotapu
1274 3941 53 13 case
1336 3935 71 18 much

972 3968 60 18 local
1054 3968 87 18 matter
1158 3968 20 18 is
1202 3967 52 19 held
1269 3972 61 14 over.
1361 3967 45 18 We

973 4000 92 22 cannot,
1073 4000 114 22 however,
1194 3999 67 18 allow
1266 3999 40 18 the
1312 3999 96 22 present

973 4031 63 17 issue
1044 4031 24 18 to
1076 4036 30 18 go
1113 4031 26 18 to
1149 4036 66 18 pre3s
1230 4030 101 18 without
1338 4029 56 19 wish-

973 4062 40 23 ing
1028 4067 42 13 our
1094 4062 89 18 friends
1200 4062 47 18 and
1270 4062 137 22 supporters

1019 4094 22 17 A
1053 4094 109 17 MERRY
1177 4093 180 21 CHRISTMAS,

1169 4125 46 17 and

973 4156 21 18 A
1008 4156 199 18 PROSPEROUS
1226 4155 75 19 NEW
1315 4154 91 19 YEAR.

1431 156 103 22 LOCAL
1549 155 95 23 NEWS
1668 149 74 28 AND
1754 153 110 24 NOTES.

1452 216 35 15 The
1496 215 52 16 Town
1558 215 56 17 Board
1621 216 33 15 call
1661 216 27 15 for
1696 214 70 17 tenders
1773 213 27 16 for
1809 213 45 16 clear-

1432 238 30 19 ing
1470 237 75 15 inauuka
1553 237 55 16 scrub.

1452 267 21 16 In
1482 267 72 16 another
1562 267 67 16 column
1639 267 34 16 will
1682 267 21 15 be
1719 267 54 14 found
1789 265 64 20 particu-

1430 289 35 15 lars
1472 289 19 15 of
1498 289 35 15 sale
1538 290 17 14 of
1563 291 52 16 town,
1621 288 87 16 suburban
1717 287 33 15 and
1758 287 47 15 rural
1812 286 42 16 allot-

1431 312 55 14 ments
1494 313 18 12 to
1519 312 40 14 take
1573 311 48 19 place
1629 310 40 15 here
1677 314 22 11 on
1707 309 80 19 January
1794 309 27 15 21.

1454 340 61 16 Notice
1522 340 18 15 of
1556 340 29 15 the
1600 339 102 15 dissolution
1719 339 17 14 of
1755 337 107 21 partnership

1431 361 52 20 lately
1489 361 94 19 subsisting
1596 361 77 15 between
1689 360 18 17 C.
1718 359 17 16 S.
1752 359 66 16 Corier.t
1832 359 30 16 and

1431 384 29 16 \V.
1469 383 20 15 C.
1498 382 81 18 Robison,
1588 382 130 20 sbeepfarmers,
1731 381 15 15 is
1754 380 108 16 announced.

1452 413 36 16 The
1496 412 63 15 annual
1567 411 56 20 picnic
1639 411 17 15 of
1671 411 29 15 the
1718 410 61 16 united
1795 410 67 20 Sunday

1431 434 69 16 Pchools
1514 434 34 14 will
1560 433 21 15 be
1594 432 39 16 held
1647 434 18 14 at
1681 432 24 15 Te
1720 431 51 20 Ngae
1783 436 22 10 on
1820 431 42 16 New

1432 455 60 16 Year's
1499 454 46 20 Day.

1453 485 48 15 Some
1510 483 44 16 little
1562 483 102 16 excitement
1672 487 35 10 was
1719 481 99 16 observable
1826 482 36 15 here

1432 512 21 10 on
1463 505 84 20 Saturday
1555 504 33 16 last
1603 505 81 18 amongst
1700 504 29 14 the
1745 503 68 15 natives
1825 508 37 11 over

1432 528 29 15 the
1468 528 72 14 election
1548 526 18 14 of
1575 530 10 10 a
1592 525 134 21 representative
1738 523 26 16 for
1773 525 29 15 tho
1813 524 40 15 East-

1432 554 27 11 em
1467 547 55 16 Maori
1530 547 71 15 district.
1625 546 37 16 The
1676 547 68 14 returns
1759 546 44 15 from
1826 549 27 12 out-

1432 570 48 18 lying
1487 569 75 15 Hi-tricts
1569 573 28 10 are
1606 570 29 13 not
1644 569 29 18 yet
1680 567 83 20 complete
1771 567 31 15 bit
1818 567 44 16 there

1432 591 14 15 is
1453 596 22 10 no
1483 590 53 15 doubt
1544 589 38 16 that
1590 589 30 16 Wi
1628 589 9 16 l
1637 591 5 6 J
1643 594 27 11 ere
1678 589 30 16 has
1717 594 9 9 a
1728 588 41 17 train
1783 588 40 16 been
1838 593 16 10 re-

1432 613 61 14 turned
1501 611 65 20 though
1573 615 19 11 ns
1599 611 27 15 far
1635 615 18 11 as
1661 610 78 16 Rotorua
1747 610 14 16 is
1774 610 88 16 Concerned

1432 633 43 15 Tarn
1486 633 45 15 Mete
1540 631 65 16 headed
1613 632 29 15 the
1649 631 42 21 poll.

1455 662 62 19 Seeing
1527 662 39 15 that
1579 661 30 15 the
1622 661 63 15 festive
1698 660 94 16 Christmas
1805 666 57 10 season

1434 690 34 9 was
1477 683 34 16 like
1519 685 18 14 to
1545 687 39 16 pass
1591 682 74 16 without
1678 681 109 21 recognition
1800 682 18 15 in
1836 682 26 16 the

1434 710 37 15 way
1480 705 18 15 of
1507 707 71 13 outdoor
1586 705 56 18 sports
1650 703 29 16 Mr
1687 703 59 16 James
1755 703 51 16 Shaw
1818 705 36 19 step-

1433 727 31 20 ped
1475 727 37 14 into
1520 724 4 23 I
1528 727 19 14 lie
1556 725 62 15 bieaeh
1628 725 33 15 and
1670 725 17 15 in
1693 730 10 9 a
1711 724 34 16 few
1750 725 52 15 hours
1809 725 53 15 raised

1433 747 85 16 sufficient
1526 752 60 15 money
1595 748 19 13 to
1622 748 76 13 warrant
1707 746 35 15 him
1753 746 109 19 announcing

1433 775 9 9 a
1451 768 57 16 (jrar.d
1520 768 73 19 Aquatic
1602 767 44 16 Gala
1658 770 18 13 to
1684 767 40 16 take
1740 767 47 20 place
1802 773 19 10 on
1837 767 25 17 the

1433 790 46 15 Lake
1487 794 22 11 on
1518 789 68 20 Boxing
1601 789 46 19 Day.
1672 789 30 15 Pix
1719 791 60 13 events
1794 789 36 16 will
1845 789 17 16 be

1433 811 85 15 contested
1527 810 33 16 and
1569 810 68 16 natives
1646 812 40 19 only
1694 810 35 15 will
1740 810 19 15 he
1767 810 71 15 allowed
1846 812 16 14 to

1432 834 54 14 enter.
1509 832 41 15 Two
1557 837 53 10 canoe
1618 832 61 15 hurdle
1691 836 47 11 races
1745 836 29 11 are
1783 831 79 16 included

1432 854 17 15 in
1458 854 28 14 the
1494 858 108 16 programme
1610 853 55 15 which
1673 852 42 19 will,
1724 858 22 10 on
1761 857 73 12 acouuut
1847 857 15 11 ul

1433 874 43 16 their
1484 874 73 20 novelty,
1567 876 64 14 attract
1639 880 51 14 many
1702 874 96 16 onlookers.

1457 904 73 17 Stead's
1538 904 123 22 Masterpiece
1670 904 86 21 Library,
1773 904 89 17 Numbers

1434 928 15 19 1,
1460 928 10 16 2
1479 927 37 17 and
1525 928 10 16 3
1544 928 20 16 to
1576 927 57 20 hand,
1651 927 119 22 Threepence
1786 927 46 17 each
1846 928 16 16 at

1432 951 116 17 Chronicle
1557 949 63 18 Office.
1624 949 8 9 4

1456 986 32 16 Mr
1501 985 18 16 J.
1534 985 21 16 P.
1568 984 117 21 Backhouse,
1693 984 63 17 whose
1773 985 89 17 minature

1433 1008 97 22 paintings
1539 1008 18 16 in
1566 1008 34 16 oils
1609 1008 48 16 have
1671 1008 39 16 mot
1722 1008 45 17 with
1786 1014 11 11 a
1813 1007 49 23 large

1433 1031 38 17 sale
1479 1031 47 17 both
1534 1031 18 17 in
1560 1030 100 18 Auckland
1663 1031 38 16 and
1705 1030 76 23 locally,
1787 1031 16 17 is
1808 1031 54 17 about

1433 1056 20 15 to
1460 1054 54 17 make
1522 1061 12 10 a
1542 1054 100 22 sketching
1649 1055 44 16 tour
1703 1054 20 17 of
1731 1054 38 17 this
1785 1054 77 17 district.

1433 1076 79 23 Anyone
1520 1076 81 23 wishing
1613 1077 69 22 special
1694 1077 86 17 sketches
1794 1078 20 16 of
1828 1083 34 16 any

1432 1101 102 22 particular
1542 1100 76 21 locality
1628 1102 33 15 ciin
1670 1101 23 16 bo
1702 1100 86 22 supplied
1801 1102 19 15 at
1834 1101 28 16 the

1433 1130 50 11 same
1489 1125 41 16 rate
1538 1129 19 12 as
1566 1123 54 17 those
1634 1123 45 19 kept
1694 1123 19 17 in
1731 1123 52 18 stock
1800 1130 9 10 a
1813 1125 7 15 t
1833 1123 29 18 the

1435 1146 116 19 CjiROXICLF,
1568 1146 57 17 Office
1642 1146 26 23 by
1684 1147 67 23 giving
1767 1147 62 17 notice
1846 1148 16 16 nS

1433 1176 50 12 once.
1520 1170 31 17 Sir
1571 1170 111 17 Backhouse
1701 1170 40 17 will
1761 1170 60 18 arrive
1845 1170 17 17 in

1433 1194 83 16 Rotorua
1526 1193 92 22 to-niglit.

1456 1225 38 16 Tho
1501 1224 99 23 following
1607 1230 32 11 are
1647 1225 33 16 the
1687 1222 127 20 nominations
1828 1225 34 17 and

1433 1248 79 22 weights
1521 1248 28 17 for
1558 1248 32 16 the
1607 1248 44 17 four
1661 1248 92 22 principal
1767 1249 64 16 invents
1845 1249 17 17 to

1432 1271 23 17 bo
1468 1277 35 11 run
1520 1273 20 15 at
1553 1271 79 17 Galatea
1646 1277 23 11 on
1682 1271 31 17 ihe
1731 1272 40 16 lilst
1784 1272 44 16 inst.
1837 1276 25 12 :

1433 1294 40 22 Cup
1482 1294 3 22 :
1498 1294 90 21 Heather,
1595 1294 65 21 Whiti,
1669 1294 50 22 11st;
1734 1295 128 21 Rangiawliia,

1433 1316 96 23 lOst-llbs;
1543 1317 57 20 Belle,
1609 1318 79 17 Gazelle.
1696 1318 84 18 OstSlbs;
1790 1318 72 17 Hokete

1433 1342 29 16 9st
1470 1341 40 17 Jibs
1517 1341 4 22 ;
1536 1341 75 19 Donna,
1622 1342 35 16 9st.
1679 1341 71 21 Flying
1758 1341 104 22 Handicap:

1432 1363 90 20 Heather,
1533 1364 63 18 Whiti,
1609 1365 39 16 list
1662 1365 40 16 71bs
1710 1363 3 23 ;
1734 1365 128 21 Rangiawliia,

1434 1388 50 19 list;
1498 1387 56 20 Belle,
1565 1387 80 20 Gazelle,
1653 1388 142 19 lOstDornia,
1807 1388 44 17 Blue-

1432 1410 47 21 skin,
1489 1411 35 16 9st.
1555 1410 75 18 Hurdle
1646 1411 61 17 Race:
1728 1410 78 22 Expert,
1827 1412 35 16 list

1433 1433 49 19 lillis;
1497 1433 66 19 Hariri,
1583 1435 50 18 list,;
1647 1433 81 19 ITokete,
1746 1435 39 15 lOst
1801 1434 61 20 IOlbs;

1433 1456 81 22 Sandfly,
1538 1457 39 17 lOst
1594 1457 49 20 Tibs;
1666 1456 41 20 Tui,
1725 1457 71 21 Taupo,
1818 1457 44 18 lOst.

1432 1480 54 22 Pony
1495 1480 58 17 Race:
1567 1480 129 22 Mangamate,
1704 1481 30 16 Bst
1743 1480 58 22 Uilbs;
1815 1480 36 22 Top-

1432 1508 27 15 sv,
1487 1503 56 20 Kina,
1567 1502 68 21 Ohaki,
1657 1503 84 21 Pakoko,
1764 1503 98 23 Steeltrap,

1432 1526 99 18 Irishman,
1541 1526 75 20 Tena'd,
1630 1526 87 21 SstTlbs;
1741 1527 61 19 Pearl,
1818 1527 33 16 Tur-

1431 1549 41 22 key,
1484 1550 28 16 Bst
1520 1549 40 17 -libs
1569 1549 4 23 ;
1586 1549 70 21 Moses,
1667 1549 97 23 Stranger,
1774 1550 35 17 Sst.

1454 1581 25 17 At
1489 1581 167 21 tho'Magistrate's
1658 1581 2 22 -
1670 1581 59 17 Court
1743 1586 27 12 on'
1780 1581 82 22 Monday

1431 1603 37 18 last
1476 1604 63 17 before
1547 1603 115 18 Lieut.-Col.
1668 1603 82 18 Roberts
1752 1604 33 17 the
1792 1604 60 17 follow-

1432 1628 33 21 ing
1481 1633 50 11 cases
1547 1633 48 11 were
1610 1627 86 22 disposed
1717 1627 145 17 of:—Waratini

1431 1650 95 22 Eparania
1534 1650 82 23 charged
1625 1650 45 17 with
1677 1650 57 21 nsing
1744 1650 118 20 threatening

1432 1673 95 23 language
1533 1675 19 15 to
1558 1673 78 23 Panopa
1647 1673 94 17 Nihotalii
1757 1679 38 11 was
1805 1673 57 17 found

1432 1697 62 21 guilty
1510 1697 38 16 and
1564 1696 47 17 (hied
1631 1703 19 10 os
1667 1696 39 17 and
1713 1698 57 16 costs.
1772 1697 90 16 —-Rewiri

1431 1719 91 17 Mumakn
1548 1725 38 11 was
1615 1720 82 22 charged
1722 1720 27 21 by
1784 1720 78 17 Mekerei

1432 1743 70 21 Nga.tai
1509 1743 44 16 with
1564 1743 60 16 wilful
1640 1743 80 22 damage
1736 1745 21 15 to
1774 1746 88 19 property

1432 1768 19 14 at
1460 1766 99 17 Owhutioa
1566 1771 22 12 on
1599 1765 110 23 September
1727 1766 49 17 16th.
1811 1766 51 17 After

1419 1793 5 17 I,
1432 1789 78 19 hearing
1519 1789 31 16 the
1559 1789 87 17 evidence
1654 1790 33 16 tlid
1696 1795 41 11 case
1746 1795 38 11 was
1792 1789 60 17 dismis-

1432 1812 142 17 sed.—William
1585 1812 97 18 Calverlev
1700 1812 36 17 and
1754 1812 78 17 Atatalii
1849 1813 13 17 Ft

1432 1835 40 17 Kiri
1479 1841 47 11 were
1533 1835 80 22 charged
1619 1835 26 22 by
1653 1832 81 20 Matubu
1744 1835 67 17 Enoka
1820 1836 42 16 with

1432 1858 67 22 taking
1506 1858 49 17 from
1563 1858 33 17 the
1608 1858 49 17 bush
1675 1859 33 16 100
1724 1859 50 16 rimu
1790 1859 72 20 fencing

1430 1883 52 20 posts
1488 1882 19 16 of
1512 1882 32 16 the
1550 1881 54 17 value
1611 1882 19 16 of
1636 1881 32 18 £l.
1681 1882 55 16 After
1741 1882 80 22 hearing
1827 1882 27 17 evi-

1431 1904 56 17 dence
1497 1904 32 17 tho
1537 1904 69 20 charge
1616 1904 73 22 against
1700 1904 31 17 the
1748 1905 63 16 native
1827 1911 35 11 was

1430 1927 102 17 dismissed.
1557 1927 99 23 Calvcrley
1663 1933 40 11 was
1710 1927 79 18 ordered
1799 1929 19 15 to
1826 1934 36 16 pay

1431 1950 31 17 the
1472 1950 55 17 value
1533 1951 20 16 of
1570 1951 32 16 the
1619 1951 52 21 posts
1687 1951 89 22 together
1792 1951 46 17 with
1854 1958 8 10 a

1430 1974 76 21 penalty
1516 1974 19 17 of
1541 1975 32 15 !20s
1581 1974 39 16 and
1628 1975 54 17 costs,
1693 1979 20 11 or
1728 1972 57 19 suffer
1796 1974 57 22 .impri-

1430 1997 86 17 sonment
1525 1997 28 17 for
1566 1998 20 15 10
1603 1997 46 22 days
1666 1997 46 17 with
1730 1997 47 17 hard
1793 1997 69 17 labbVir.

1430 2020 16 16 A
1455 2020 36 17 few
1498 2019 44 18 debt
1551 2026 49 11 cases
1614 2025 48 12 were
1668 2019 87 23 disposed
1769 2024 25 13 ot.

1453 2051 31 16 Mr
1495 2051 29 17 W.
1537 2051 25 17 H.
1580 2051 83 20 lierries,
1681 2051 85 17 member
1782 2052 30 16 for
1832 2052 30 17 the

1430 2073 78 21 district,
1520 2074 73 17 arrived
1608 2075 18 15 in
1640 2075 86 16 Rotorua
1743 2081 23 11 on
1781 2075 81 21 Monday

1429 2097 56 20 night
1494 2097 37 17 and
1540 2097 35 17 left
1582 2097 57 23 again
1649 2098 30 15 for
1688 2097 125 23 Shaftesbury
1821 2104 31 16 yes-

1430 2120 64 21 terday
1503 2120 94 22 morning.
1623 2120 22 17 In
1654 2127 11 10 a
1674 2122 130 16 conversation
1819 2122 43 16 with

1429 2143 115 20 Mr'Herrics
1553 2143 23 17 lie
1585 2143 62 17 stated
1661 2144 43 16 that
1720 2144 24 16 lie
1761 2149 38 12 was
1814 2150 48 11 more

1430 2166 45 17 than
1483 2166 81 17 satisfied
1571 2167 45 15 with
1625 2167 31 16 the
1663 2172 85 11 measure
1757 2167 19 16 of
1787 2168 75 20 support

1430 2189 23 16 he
1461 2189 82 17 received
1560 2190 19 15 in
1597 2189 85 17 Rotorua
1698 2191 21 14 at
1735 2190 32 16 tho
1780 2190 82 17 election.

1429 2212 30 16 He
1467 2212 37 16 had
1513 2218 51 11 come
1570 2212 45 17 here
1624 2218 23 11 an
1656 2212 60 17 entire
1725 2214 87 20 stranger
1827 2212 35 18 but

1428 2235 24 17 he
1460 2235 38 17 had
1504 2235 46 17 been
1567 2235 91 22 cordially
1680 2235 85 17 received
1780 2236 46 17 both
1842 2236 20 22 by

1429 2260 107 20 supporters
1545 2258 37 17 and
1591 2259 111 21 opponents.
1727 2258 40 18 Tho
1783 2259 79 17 election

1430 2282 35 16 had
1473 2281 44 18 been
1527 2282 68 17 fought
1604 2282 46 16 with
1659 2282 32 16 tho
1700 2282 72 17 utmost
1787 2282 75 17 /airness

1428 2304 37 17 and
1475 2304 30 17 the
1514 2304 58 17 result
1586 2305 20 16 of
1614 2305 32 17 tho
1660 2305 73 17 contest
1742 2311 37 11 was
1804 2311 47 11 some-

1430 2328 50 16 what
1489 2328 19 16 of
1514 2334 11 10 a
1533 2328 81 22 surprise
1623 2329 19 15 to
1651 2328 43 20 him.
1709 2327 57 18 when'
1780 2328 23 16 ho
1820 2334 32 11 con-

1429 2350 71 17 sidered
1509 2351 32 16 the
1549 2351 93 21 powerful
1658 2351 92 17 influence
1767 2351 42 17 that
1825 2357 37 12 was

1429 2374 77 22 arrayed
1516 2374 74 22 against
1595 2374 45 17 him.
1655 2374 93 16 However
1755 2374 32 17 tho
1798 2375 64 22 people

1430 2402 47 12 were
1486 2397 45 17 with
1540 2397 38 17 him
1588 2397 37 17 and
1635 2397 32 18 tho
1677 2397 59 17 battle
1747 2404 37 10 was
1800 2404 52 11 conse-

1430 2420 77 22 quently
1517 2426 47 11 won.
1590 2420 33 17 Mr
1630 2420 77 17 Herries
1722 2421 39 16 will
1777 2426 37 16 pay
1829 2427 22 10 an-

1430 2444 53 16 other
1493 2443 41 17 visit
1544 2445 19 14 to
1573 2444 85 16 Rotorua
1666 2444 64 17 bofo*o
1747 2444 115 17 Parliament

1430 2467 57 16 meets
1496 2466 61 18 which
1566 2466 23 17 lib
1598 2466 65 18 thinks
1669 2466 39 18 will
1716 2466 24 18 bo
1752 2469 50 15 sonic
1819 2468 43 16 time

1428 2489 20 17 in
1458 2489 52 22 July.

1451 2521 17 17 A
1477 2520 87 18 selection
1581 2521 20 17 of
1618 2522 96 16 minature'
1724 2522 57 16 views
1795 2522 21 16 of
1832 2522 30 17 the

1428 2544 74 17 various
1511 2544 62 22 places
1581 2545 20 15 of
1609 2544 78 18 interest
1701 2545 20 16 in
1738 2545 36 16 and
1792 2545 70 17 around

1428 2567 90 20 Rotorua,
1527 2567 58 17 Wliak
1589 2573 32 11 are
1623 2573 47 12 ware
1673 2574 33 14 \va,
1717 2568 39 20 &c.,
1769 2568 34 17 lias
1816 2567 46 18 been

1428 2590 83 17 received
1520 2592 20 15 at
1548 2590 32 17 the
1590 2590 117 18 Chronicle
1716 2591 64 16 Office.
1805 2591 57 18 These'

1428 2613 49 17 little
1487 2614 25 16 oil
1521 2613 97 22 paintings
1627 2619 31 11 are
1667 2614 26 22 by
1701 2614 33 16 Mr
1742 2614 19 17 J.
1771 2614 21 17 P.
1794 2613 2 23 -
1802 2614 48 18 Back-

1428 2637 58 16 house
1498 2637 21 15 of
1531 2637 82 16 Newton
1626 2637 59 19 Road,
1702 2634 107 24 Auckland,
1827 2637 35 17 and

1428 2665 31 11 are
1468 2659 42 17 well
1524 2659 75 23 worthy
1614 2660 32 17 the
1663 2660 95 17 attention
1774 2660 20 17 of
1811 2660 51 18 those

1428 2682 83 18 desirous
1520 2683 19 16 of
1554 2684 107 21 possessing
1677 2689 21 11 or
1713 2684 19 16 of
1747 2683 79 22 sending
1842 2684 20 16 to

1428 2706 49 16 their
1483 2706 69 16 friends
1559 2712 23 10 an
1590 2706 155 21 interesting'and
1753 2706 109 23 artistically

1428 2729 89 17 executed
1526 2729 87 17 souvenir
1623 2730 19 16 of
1651 2730 31 16 tho
1689 2729 83 17 district.-

1471 2760 105 24 ACTION!
1590 2766 96 17 ACTION
1696 2760 4 24 \
1714 2765 96 19 ACTION
1820 2760 8 23 !'

1452 2819 19 16 It
1480 2819 15 16 is
1504 2819 37 17 this
1554 2819 81 17 element
1643 2819 43 17 that
1694 2825 21 11 so
1732 2819 130 18 characterises

1428 2842 78 17 Wolfe's
1533 2841 103 23 Schnapps.
1663 2842 17 17 It
1706 2843 39 16 acts
1760 2848 51 16 upon
1831 2842 31 17 tho

1428 2870 70 16 nerves,
1510 2865 32 17 tho
1551 2865 72 21 tissues,
1684 2867 83 15 I'embvcs
1785 2865 66 22 impuri-

1428 2889 40 16 ties.

1497 2940 52 17 THE
1562 2936 87 22 TAUPO
1666 2936 129 22 DISTRICT.

1528 2987 44 16 The
1605 2987 39 17 Spa
1674 2987 82 17 Hotel.-

1575 3018 12 23 (
1592 3018 105 17 Continued.
1699 3016 15 24 J

1451 3049 38 17 The
1502 3049 69 18 Crow's
1588 3049 48 17 Nest,
1658 3049 73 22 having
1753 3049 48 17 sunk
1817 3049 41 18 into

1428 3074 107 20 temporary
1552 3072 108 22 quiescence
1673 3077 27 12 we
1714 3072 79 22 proceed
1802 3072 18 17 in
1838 3079 25 10 an

1428 3101 25 16 u])
1463 3096 68 16 stream
1545 3095 91 17 direction
1653 3095 78 22 passing
1746 3095 26 22 by
1787 3096 75 17 various

1428 3119 75 21 springs
1512 3118 86 22 showing
1606 3124 67 16 geyser
1686 3118 63 20 action
1757 3118 20 17 in
1785 3124 12 17 a_
1811 3124 51 12 more

1429 3147 20 11 or
1458 3141 35 17 less
1510 3141 77 18 marked
1603 3141 73 23 degree.
1702 3140 41 18 One
1752 3142 19 16 of
1780 3142 52 17 these
1846 3142 16 17 is

1428 3164 68 17 known
1506 3170 18 11 jis
1536 3164 33 17 the
1585 3164 62 21 Milky
1664 3164 70 22 Geyser
1743 3167 22 14 oil
1783 3167 79 15 account

1428 3188 20 16 of
1456 3187 32 17 the
1499 3187 50 17 color
1567 3188 20 16 of
1601 3188 31 16 the
1649 3189 64 15 water.
1748 3188 19 16 It
1784 3187 78 18 buVbles

1428 3208 41 19 and'
1486 3209 105 18 effervesces
1606 3211 20 16 at
1641 3211 54 17 timed
1711 3210 19 17 in
1753 3212 10 15 it
1786 3215 77 13 manner

1430 3234 60 16 which
1503 3235 87 20 suggests
1607 3234 32 16 the
1648 3233 120 22 advisability
1777 3234 19 16 of
1805 3234 46 17 term-

1430 3257 35 21 ing
1482 3256 14 17 it
1509 3256 31 17 the
1554 3256 50 17 Soda
1620 3256 38 17 and
1674 3256 62 22 Milky
1757 3256 71 22 Geyser
1843 3257 19 17 in

1429 3280 69 17 future,
1531 3279 52 15 TVTnss
1603 3279 20 17 of
1648 3279 32 17 the
1704 3280 48 16 most
1777 3279 85 18 brilliant

1428 3308 56 16 green
1499 3308 43 16 maj'
1550 3302 24 17 lie
1583 3308 42 11 seen
1634 3302 20 17 ill
1666 3302 77 22 patches
1752 3302 110 21 al?around,

1431 3326 33 17 but
1481 3326 48 16 close
1545 3325 26 22 by
1596 3325 38 17 this
1651 3326 44 22 puia
1712 3325 16 17 it
1751 3326 110 22 completely

1428 3354 63 12 covers
1501 3349 31 16 the
1541 3350 52 20 steep
1602 3348 51 17 bank
1662 3348 37 17 and
1708 3349 89 17 stretches
1807 3349 55 17 down
1872 3348 2 22 |

1428 3371 24 18 ifa
1462 3371 46 18 sides
1517 3371 37 17 like
1562 3377 12 12 a
1582 3371 83 18 cascade.
1690 3371 71 17 Nearer
1769 3371 32 18 the
1815 3372 48 20 edge

1428 3395 20 16 of
1457 3395 31 16 tho
1497 3397 68 14 stream
1582 3395 15 16 is
1613 3395 33 16 the
1663 3394 60 17 Green
1745 3394 69 22 Geyser
1831 3396 32 16 the

1427 3416 52 18 Basin
1489 3418 20 16 of
1517 3417 60 17 which
1585 3418 16 16 is
1610 3419 33 15 not
1660 3417 69 17 unlike'
1741 3418 42 16 that
1798 3418 19 17 of
1830 3416 33 19 the

1428 3441 70 16 Rachel
1512 3438 75 24 Spring.
1621 3441 106 16 Numerous
1745 3441 54 16 other
1813 3446 37 17 nga-

1429 3463 50 17 whas
1488 3463 36 17 and
1533 3463 74 21 boiling
1615 3463 52 18 holes
1672 3469 32 11 are
1712 3464 49 17 close
1777 3465 20 16 iit
1804 3463 57 18 hand.

1429 3486 102 25 Retracing
1540 3492 33 11 our
1582 3486 92 23 footsteps
1683 3487 93 22 wo'again
1782 3493 43 16 pass
1831 3487 32 17 the

1429 3509 69 18 Crow's
1507 3509 47 17 Nest
1562 3510 37 16 and
1609 3509 70 23 guided
1688 3510 25 21 by
1722 3516 11 10 a
1742 3509 60 18 dense
1808 3510 54 18 cloud

1429 3533 20 16 of
1458 3533 57 16 steam
1522 3538 27 11 we
1557 3533 96 21 approach
1667 3533 33 16 the
1708 3533 88 16 Witches'
1806 3533 45 17 Caul-

1429 3555 53 17 dron.
1507 3556 43 15 This
1559 3556 68 17 fateful
1636 3557 43 21 spot
1687 3556 16 16 is
1711 3556 19 16 in
1746 3562 10 10 a
1770 3561 59 12 recess
1843 3556 20 17 of

1429 3578 32 17 the
1470 3578 47 17 river
1529 3578 51 17 bank
1594 3579 38 17 and
1648 3576 33 20 the
1697 3579 76 17 various
1789 3579 73 17 colored

1427 3601 63 17 earths
1499 3601 37 17 and
1545 3607 70 11 mosses
1623 3601 84 23 give'tho
1712 3602 124 22 background
1850 3608 11 11 a

1428 3625 49 16 ihost
1486 3624 80 22 striking
1576 3625 116 21 appearance
1708 3625 55 17 when
1780 3625 31 17 the
1829 3631 33 11 sun

1427 3647 61 17 shines
1498 3653 23 10 on
1529 3647 21 17 it.
1564 3648 39 16 Tho
1612 3648 95 17 Cauldron
1716 3648 15 17 is
1740 3653 11 12 a
1757 3648 52 22 large
1818 3648 44 22 pool

1427 3671 20 16 of
1456 3670 90 21 furiously
1552 3670 74 23 boiling
1633 3672 58 16 water
1707 3671 63 17 which
1785 3671 16 17 is
1818 3677 33 11 con-

1427 3693 80 22 tinually
1515 3693 58 23 being
1587 3693 31 18 fed
1634 3694 30 22 by'
1677 3700 11 10 a
1701 3695 72 16 stream'
1785 3694 84 22 flowing*

1428 3716 48 17 from
1485 3717 33 16 out
1526 3716 32 17 the
1568 3716 43 17 cliff.
1637 3717 39 17 The
1690 3723 67 16 geyser
1769 3717 62 17 action
1848 3717 15 17 is

1427 3739 115 17 underneath
1551 3739 32 18 the
1593 3740 40 16 cliff
1639 3740 37 17 and
1688 3740 32 17 the
1735 3742 59 15 water
1805 3740 58 18 issues

1428 3763 47 17 from
1484 3762 16 16 it
1508 3762 44 17 with
1562 3769 11 10 a
1587 3763 47 22 deep
1651 3764 90 16 sonoroiis
1755 3763 65 17 sound.
1846 3763 17 17 A

1428 3785 54 17 cloud
1491 3785 19 17 of
1519 3786 59 16 steam
1595 3786 106 22 overhangs
1718 3786 32 17 tho
1767 3786 43 22 pool
1828 3786 34 17 but

1428 3808 53 17 when
1490 3808 32 17 the
1530 3808 37 17 veil
1573 3809 16 16 is
1597 3808 71 17 wafted
1680 3808 51 19 aside
1737 3815 11 10 a
1753 3809 50 22 good
1815 3810 47 16 view

1428 3832 20 16 of
1453 3831 33 17 tho
1493 3831 94 17 Cauldron
1595 3832 16 16 is
1625 3832 114 17 obtainable)
1764 3832 16 16 A
1796 3833 67 22 strong

1428 3856 68 15 stream
1506 3855 18 16 of
1538 3854 35 17 hot
1587 3856 59 16 watet
1659 3855 109 22 constantly
1783 3855 79 22 flowing

1428 3877 47 17 from
1483 3877 32 17 tho
1523 3877 45 22 pool
1576 3879 20 16 to
1606 3878 31 17 the
1655 3878 48 17 river
1716 3878 34 17 has
1766 3878 71 17 formed
1852 3884 10 11 a

1428 3900 54 17 series
1492 3900 19 17 of
1519 3902 80 15 terraces
1609 3900 37 17 and
1655 3901 32 16 the
1696 3901 75 17 Volume
1778 3902 19 16 of
1804 3902 58 17 water

1428 3924 14 16 is
1452 3923 30 17 fed
1491 3923 24 22 by
1525 3923 54 17 other
1588 3924 79 22 springs'
1681 3924 59 23 along
1754 3923 25 18 it's
1796 3924 65 18 banks.

1428 3947 16 16 A
1455 3946 49 17 little
1519 3946 83 17 distance
1615 3947 60 17 below
1689 3947 33 17 tho
1740 3947 92 17 Cauldron
1847 3947 15 17 is

1428 3970 32 16 the
1469 3969 53 17 Flesh
1533 3969 42 20 Pot,
1585 3976 12 10 a
1606 3970 44 17 mud
1660 3976 67 16 geyser
1735 3971 19 16 of
1764 3970 56 17 blood
1830 3970 32 17 red

1428 3992 56 21 color,
1495 3992 33 16 but
1537 3992 125 23 changing'at
1672 3993 54 17 times
1737 3994 19 16 to
1765 3994 95 21 primrose,

1428 4015 51 22 pink,
1490 4020 20 12 or
1519 4015 63 17 white.
1607 4016 82 16 Further
1698 4016 55 17 down
1768 4016 31 17 the
1815 4017 48 17 river

1428 4038 50 17 bahk
1488 4038 15 17 is
1511 4038 32 17 tho
1551 4038 64 17 Venus
1627 4039 55 19 Bath,
1693 4044 11 11 a
1721 4039 81 22 pellucid
1819 4039 43 23 pool

1428 4062 21 16 of
1456 4062 58 16 wariii
1523 4063 58 15 water
1589 4062 99 17 contained
1698 4062 18 17 in
1732 4067 24 12 an
1770 4062 93 17 alabaster

1428 4084 53 17 basin
1490 4084 72 16 formed
1571 4084 26 22 by
1605 4084 32 17 the
1646 4084 132 23 precipitation
1795 4086 20 16 of
1830 4085 33 17 the

1429 4107 77 17 mineral
1514 4107 104 22 properties
1627 4108 20 16 of
1660 4107 33 17 the
1710 4107 71 23 spring.
1813 4109 18 16 It
1848 4109 14 15 is

1428 4130 115 17 surrounded
1559 4130 25 22 by
1599 4132 11 15 li
1623 4130 39 17 rich
1677 4131 74 21 growth
1764 4131 20 16 of
1799 4131 64 17 native

1428 4159 52 17 grass
1489 4153 37 17 and
1535 4158 68 12 mosses
1611 4153 38 17 and
1659 4159 11 11 a,
1680 4155 70 16 terrace
1761 4154 101 17 formation

1887 155 44 17 here
1940 154 39 18 also
1994 153 51 18 lends
2059 153 55 17 down
2127 154 20 16 to
2161 153 33 16 the
2209 152 54 21 river,
2281 153 41 18 into

1889 178 61 16 which
1957 177 33 17 the
2000 177 58 16 water
2067 176 102 16 overflows.
2195 175 84 23 Perhaps
2292 177 30 15 die

1888 202 48 16 most
1945 199 118 18 remarkable
2071 199 51 21 sight
2132 199 20 16 of
2159 198 31 21 all,
2201 198 92 21 however,
2307 199 15 17 is

1887 224 44 17 that
1950 229 24 11 on
1995 222 62 17 which
2074 222 32 16 the
2122 227 55 11 name
2190 222 21 16 of
2248 222 74 17 Satan's

1889 247 57 22 Glory
1977 246 34 17 has
2020 245 47 17 been
2076 244 102 18 conferred.
2204 244 56 17 From
2269 246 34 16 out
2312 251 11 11 a

1888 270 46 16 dark
1944 274 102 13 cavernous
2060 273 58 12 recess
2134 267 19 17 in
2166 267 33 17 the
2216 267 39 17 "lift'
2270 267 52 18 flows

1888 299 52 10 wave
1948 293 50 16 after
2006 297 52 11 wave
2067 292 21 15 of
2100 290 72 22 boiling
2181 292 64 18 water,
2260 291 62 16 which

1888 321 19 12 as
1916 316 46 21 they
1971 314 68 23 gurgle
2047 314 53 17 forth
2108 314 45 16 emit
2161 319 11 11 a
2181 313 60 17 sound

1929 339 47 16 Like
1985 344 12 10 a
2005 337 60 17 man's
2073 337 89 22 laughter
2166 335 59 19 heard
2232 336 19 16 in
2265 335 56 24 Hell;

1957 361 53 22 Deep

1911 385 44 16 This
1964 384 78 17 devilish
2053 382 131 18 oachinnation
2197 387 58 12 seems
2263 383 21 16 to
2293 388 20 11 re-

1887 409 45 15 turn
1941 407 37 17 and
1987 406 118 18 reverberate
2112 405 84 22 through
2210 405 32 17 the
2256 411 68 12 cavern

1888 431 48 17 from
1945 430 62 18 which
2015 430 16 16 it
2039 430 34 16 has
2079 429 68 17 issued.
2172 429 39 16 The
2218 429 105 21 regularity

1888 454 45 17 with
1942 453 62 17 which
2013 453 32 16 the
2053 458 62 11 waves
2122 451 77 18 succeed
2207 452 45 17 each
2253 451 2 20 1
2270 452 54 17 other

1887 476 15 17 is
1912 478 48 15 most
1969 476 122 17 remarkable.
2124 475 38 17 The
2179 475 59 17 Little
2253 475 70 17 Crow's

1887 500 47 17 Nest
1942 500 16 16 is
1971 499 80 17 another
2065 499 72 16 feature
2152 499 20 16 of
2185 499 78 17 interest
2279 499 44 17 here

1887 523 93 22 although
1988 523 16 16 it
2020 522 54 17 bears
2083 527 24 12 no
2124 521 125 18 resemblance
2266 523 20 15 to
2298 522 25 17 its

1887 547 75 21 greater
1969 545 99 17 namesake
2076 544 63 17 unless
2147 544 19 17 in
2175 544 33 17 the
2220 544 75 17 volume
2303 546 21 16 of

1889 570 56 16 water
1953 570 16 16 it
1977 568 124 21 occasionally
2110 568 65 17 shoots
2185 572 35 17 ap.>
2242 568 55 16 From
2312 574 12 11 a

1887 593 47 20 long
1943 592 65 17 fissure
2017 591 49 17 close
2075 592 19 16 to
2108 591 32 17 the
2155 591 49 17 river
2217 591 32 17 the
2264 592 60 16 water

1887 615 48 17 boils
1944 620 26 17 up
1979 613 134 23 continuously
2122 613 49 18 from
2179 615 39 16 two
2226 615 98 21 apertures

1888 639 37 16 and
1941 640 20 15 at
1976 638 56 17 times
2049 637 79 22 making
2144 643 11 11 a
2171 638 54 21 great
2241 637 81 22 display.

1888 661 108 22 Ascending
2005 662 19 16 to
2034 660 32 17 the
2074 660 68 23 higher
2151 660 74 21 ground
2234 666 28 11 we
2276 662 47 16 next

1887 685 44 17 visit
1950 685 33 16 the
2021 683 91 23 Porridge
2213 684 61 16 which
2291 690 31 11 are

1888 707 48 18 after
1945 707 32 17 the
1987 713 78 11 manner
2074 707 20 16 of
2106 707 53 16 those
2173 707 81 17 familiar
2267 708 20 15 to
2301 713 22 11 us

1888 732 20 16 at
1917 730 179 20 Whakarewarev/a,
2108 730 82 17 Tikitere
2204 730 37 17 and
2258 730 52 17 Waio-

1887 755 53 21 tapu.
1966 753 39 17 The
2013 756 45 14 mud
2069 758 83 12 assumes
2164 753 75 17 various
2256 753 66 21 colors,

1887 777 39 20 red,
1936 776 44 17 blue
1990 776 37 17 and
2035 776 47 22 pink
2090 776 158 22 predominating,
2256 777 37 16 and
2303 783 20 11 as

1887 800 16 17 it
1910 800 49 17 boils
1967 800 39 17 and
2014 800 84 21 sputters
2106 800 16 16 it
2130 799 70 18 throws
2209 800 32 17 the
2250 800 73 17 surface

1887 824 40 16 into
1936 824 33 16 the
1978 824 50 16 most
2036 822 90 18 fantastic
2138 822 75 23 shapes.
2242 821 30 19 On
2289 829 35 11 our

1888 848 64 16 return
1961 846 80 23 journey
2051 852 11 10 a
2071 845 58 21 slight
2138 845 67 17 detour
2214 852 37 11 was
2268 846 55 18 made

1888 870 19 17 in
1916 869 54 17 order
1978 871 21 15 to
2007 869 56 17 reach
2072 869 36 21 Big
2119 869 38 16 Ben
2167 874 21 11 or
2204 869 32 16 the
2251 869 72 18 Paddle

1889 892 64 17 wheel.
1978 892 39 17 The
2026 892 58 17 latter
2092 892 15 16 is
2115 897 24 12 an
2147 892 120 22 appropriate
2274 892 47 21 title,

1889 916 29 17 for
1926 921 38 16 you
1978 921 34 11 can
2026 915 46 17 hear
2085 915 32 17 the
2130 915 76 22 regular
2218 915 45 17 beat
2275 916 21 16 of
2312 922 11 10 a

1888 939 95 17 sfearner's
1992 938 69 17 wheels
2074 938 48 22 long
2134 938 65 17 before
2213 944 36 16 yon
2267 939 55 17 reach

1888 963 31 16 the
1929 962 47 22 edge
1985 962 21 17 of
2011 961 33 17 the
2054 962 60 17 crater
2122 961 19 17 in
2150 961 59 18 which
2220 962 14 16 it
2244 962 14 16 is
2274 962 39 17 situ-

1888 986 48 17 ated.
1962 984 89 23 Looking
2058 984 54 17 down
2128 985 47 16 from
2189 985 38 16 this
2241 986 82 19 vantage

1876 1007 2 24 •
1887 1009 54 22 point
1950 1009 20 16 to
1979 1014 11 10 a
2000 1007 58 22 depth
2068 1008 20 16 of
2096 1007 58 17 about
2164 1008 39 16 15ft
2212 1014 27 11 we
2248 1014 29 11 see
2289 1008 33 18 the

1888 1031 45 18 mui
1950 1031 19 17 in
1987 1033 54 19 great
2050 1031 99 21 agitation,
2168 1031 34 17 but
2218 1031 105 22 throbbing

1889 1055 45 17 with
1943 1054 77 21 regular
2028 1054 105 22 pulsations
2145 1054 38 17 and
2197 1055 78 22 making
2289 1055 34 17 the

1889 1078 50 18 noise
1948 1077 60 17 which
2016 1077 33 17 has
2059 1077 101 22 suggested
2169 1078 24 16 its
2202 1083 60 12 name.
2284 1078 39 17 The

1888 1101 45 17 mud
1941 1101 16 17 is
1966 1100 68 22 highly
2042 1100 83 21 charged
2133 1101 46 17 with
2192 1101 80 22 sulphur
2285 1101 37 17 and

1888 1125 33 17 has
1938 1123 83 23 peculiar
2041 1123 83 18 curative
2140 1124 104 22 properties
2261 1125 21 16 of
2298 1125 24 16 its

1888 1154 47 11 own.

1911 1170 76 18 Besides
1997 1170 31 17 the
2037 1170 57 17 baths
2103 1170 18 16 in
2130 1170 33 17 the
2171 1170 52 18 hotel
2238 1170 84 21 grounds

1888 1194 107 22 previously
2003 1193 83 17 referred
2093 1195 18 15 to
2119 1193 52 17 there
2178 1199 31 11 are
2214 1195 38 15 two
2260 1195 62 15 others

1888 1217 99 18 accessible
1995 1219 19 15 to
2021 1217 81 18 visitors,
2113 1217 43 17 each
2167 1217 71 21 having
2247 1217 24 16 its
2276 1223 46 11 -own

1887 1241 83 21 peculiar
1976 1240 111 22 properties.
2103 1240 33 16 We
2145 1240 44 17 visit
2198 1240 32 17 the
2239 1240 85 22 Sulphur

1887 1264 49 16 Bath
1946 1264 41 16 first
1996 1263 37 17 and
2042 1269 23 11 on
2076 1269 34 11 our
2119 1268 42 17 way
2174 1263 35 17 call
2223 1264 19 16 in
2256 1264 20 16 at
2290 1264 33 16 the

1888 1287 71 17 Devil's
1967 1287 55 17 Pitcli
2037 1287 37 16 Pot
2089 1286 61 17 which
2163 1287 15 16 is
2192 1293 12 10 a.
2220 1287 52 22 largo
2286 1287 27 17 cir-

1887 1310 52 17 cular
1947 1310 43 17 hole
1999 1310 35 17 full
2049 1310 20 17 of
2083 1316 11 10 a.
2109 1309 147 18 cream-colored
2271 1316 39 11 com-

1887 1334 81 21 position
1978 1334 19 15 of
2006 1333 45 16 mud
2060 1332 38 17 and
2105 1332 53 18 chalk
2166 1333 102 18 combined,
2277 1333 45 16 with
2336 1332 1 23 •

1879 1356 1 22 ,
1887 1363 11 10 a
1906 1356 55 17 black
1969 1356 39 22 oily
2017 1356 100 17 substance
2125 1356 81 19 floating
2215 1362 23 10 on
2244 1356 32 16 the
2282 1358 41 20 top.

1887 1380 39 16 The
1935 1379 53 17 smell
2002 1379 20 17 of
2036 1379 80 22 sulphur
2129 1379 16 17 is
2158 1381 67 19 strong
2239 1379 38 17 and
2290 1379 33 17 the

1887 1403 38 22 oily
1934 1409 52 11 scum
1994 1402 15 17 is
2016 1402 40 17 said
2062 1404 20 15 to
2088 1402 23 17 bo
2117 1409 23 10 an
2147 1402 92 17 infallible
2246 1402 77 23 remedy

1888 1426 29 17 for
1925 1426 78 22 sprains.
2028 1426 39 16 The
2084 1425 83 22 Sulphur
2181 1426 49 16 Bath
2244 1426 16 17 is
2275 1426 40 16 sit.u-

1875 1449 2 23 ---i
1887 1450 44 16 ated
1940 1450 20 16 at
1967 1449 34 17 the
2009 1449 48 17 head
2067 1449 20 16 of
2096 1449 31 17 the
2141 1449 34 16 hot
2190 1449 59 17 creek.
2283 1449 39 17 The

1887 1472 66 22 spring
1969 1472 61 17 which
2047 1472 82 22 supplies
2142 1472 15 17 it
2171 1472 59 17 issues
2246 1472 48 17 from
2312 1478 11 11 a

1887 1497 60 15 strata
1956 1495 20 16 of
1984 1495 79 22 sulphur
2072 1495 19 17 in
2100 1495 31 17 the
2195 1495 37 16 and
2246 1495 16 17 is
2277 1501 34 11 con-

1887 1518 60 22 voyed
1955 1518 41 17 into
2005 1525 10 10 a
2030 1518 157 22 well-appointed
2199 1518 123 18 bath-house.

1887 1542 39 16 The
1934 1542 126 21 temperature
2069 1544 20 14 at
2103 1541 32 17 the
2152 1547 64 12 source
2232 1542 16 16 is
2265 1542 59 16 about

1889 1565 32 16 112
1930 1565 83 21 degrees,
2022 1565 36 16 but
2067 1565 37 17 this
2121 1570 34 12 can
2171 1565 23 16 be
2210 1565 82 17 lowered
2308 1565 16 17 if

1887 1588 78 17 desired.
1991 1588 39 16 The
2039 1588 58 17 water
2114 1588 14 17 is
2143 1588 115 22 beautifully
2274 1588 50 17 clear

1887 1611 37 17 and
1934 1611 20 17 of
1962 1617 12 11 a.
1983 1611 38 17 soft
2030 1611 37 17 and
2077 1611 73 22 velvety
2160 1611 42 17 feel.
2216 1612 26 16 At
2251 1617 10 11 a
2270 1611 54 17 short

1887 1634 84 17 distance
1980 1640 54 16 away
2042 1635 16 16 is
2067 1635 32 16 the
2108 1635 56 17 Alum
2178 1640 21 11 or
2213 1635 45 17 A.C.
2272 1635 51 17 Bath

1889 1657 47 17 Imilt
1945 1657 24 22 by
1976 1657 33 17 the
2016 1657 132 23 constabulary
2155 1663 57 16 many
2218 1663 54 17 years
2279 1664 43 14 ago.

1887 1680 44 17 This
1940 1680 66 23 sprirtsr
2014 1680 40 17 also
2062 1681 58 17 issues
2129 1682 47 15 from
2187 1681 33 17 the
2228 1681 44 16 base
2281 1681 21 16 of
2313 1687 10 11 a

1888 1703 53 17 small
1952 1703 43 20 cliff,
2004 1704 37 16 hut
2049 1704 32 16 the
2090 1704 116 17 bath-house
2212 1704 15 17 is
2234 1710 42 11 now
2284 1704 29 16 dis-

1887 1727 91 16 mantled.
2003 1727 20 17 It
2031 1733 39 11 was
2079 1727 19 17 in
2110 1728 38 16 fact
2162 1732 125 17 unnecessary
2303 1729 20 15 to

1887 1749 92 18 maintain
1989 1749 15 17 it
2013 1756 20 11 so
2044 1750 29 17 fin-
2081 1756 19 11 as
2110 1751 31 16 the
2150 1750 38 22 Spa
2196 1751 15 16 is
2221 1751 102 16 concerned

1887 1779 20 11 as
1917 1773 37 17 this
1962 1774 59 16 water
2030 1773 60 18 mixes
2098 1774 45 16 with
2153 1774 32 16 the
2196 1773 83 22 Sulphur
2285 1774 37 17 and

1887 1796 74 16 various
1970 1796 41 16 iron
2021 1797 80 21 springs,
2115 1796 35 18 and
2160 1796 49 23 joins
2223 1797 32 17 the
2270 1796 54 18 creek

1888 1819 60 17 which
1957 1819 52 17 lends
2018 1819 83 21 through
2112 1820 31 17 the
2152 1820 38 22 Spa
2197 1819 84 24 grounds
2286 1820 38 17 and

1888 1848 19 11 so
1917 1842 82 22 supplies
2007 1842 34 17 the
2049 1843 59 18 house
2119 1843 62 18 baths.

1911 1866 44 16 This
1964 1865 103 18 concluded
2077 1873 34 10 our
2119 1867 139 22 peregrination
2266 1867 20 16 of
2292 1867 31 16 the

1888 1889 37 21 Spa
1934 1888 90 22 grounds.
2051 1889 28 17 On
2089 1896 34 10 our
2131 1891 64 16 return
2202 1892 19 16 to
2227 1890 33 18 the
2265 1890 58 18 house

1908 1911 32 17 the
1950 1911 60 18 tocsin
2020 1913 20 16 of
2048 1913 33 16 the
2089 1913 97 17 soul—the

1887 1935 83 16 sounded
1980 1935 37 16 and
2027 1941 27 10 we
2063 1941 48 12 were
2119 1942 46 11 soon
2179 1937 63 17 seated
2256 1937 19 16 in
2291 1937 33 17 the

1887 1958 61 17 Maori
1957 1958 72 17 Carved
2039 1958 73 22 Dining
2119 1960 52 16 Ilall.
2190 1960 30 17 An
2227 1960 30 17 old
2263 1960 61 21 adage

1887 1987 42 16 says
1938 1981 43 17 that
2009 1981 42 17 God
2060 1983 41 16 sent
2110 1984 50 16 meat
2176 1983 38 17 and
2227 1980 33 20 the
2274 1983 50 17 devil

1887 2005 42 16 sent
2023 2005 36 16 but
2068 2005 43 17 here
2119 2012 12 11 a
2139 2005 105 18 beneficent
2260 2007 53 21 provi-

1887 2027 58 17 dence
1954 2033 59 11 seems
2020 2029 20 15 to
2049 2028 47 17 have
2107 2028 81 18 directed
2197 2030 32 16 the
2235 2030 88 17 selection

1887 2050 20 17 of
1918 2056 11 11 a
1938 2050 42 22 chef
1986 2050 20 17 da
2015 2052 74 17 cuisine.
2114 2052 38 19 The
2161 2052 83 23 delicacy
2258 2052 20 18 of
2291 2053 33 17 the

1887 2074 63 21 repast
1959 2079 38 11 was
2006 2080 23 10 on
2041 2080 10 10 a
2060 2080 34 16 par
2109 2075 45 17 with
2169 2076 33 16 the
2219 2076 105 17 excellence

1887 2097 20 16 of
1915 2097 33 16 the
1957 2099 148 20 arrangements.
2131 2099 38 17 The
2177 2099 40 17 hall
2226 2099 15 17 is
2253 2099 42 17 able
2303 2101 20 15 to

1887 2122 40 14 seat
1938 2120 31 16 100
1978 2125 77 17 persons
2065 2122 36 16 and
2110 2122 32 16 the
2150 2122 61 17 tables
2220 2128 31 11 are
2268 2128 44 16 sepa-

1887 2143 40 16 rate
1936 2148 20 11 so
1966 2143 42 17 that
2021 2144 73 21 private
2100 2144 69 22 parties
2175 2151 21 11 or
2202 2145 71 17 friends
2279 2151 45 16 may

1887 2165 47 17 have
1943 2165 50 18 their
2001 2167 58 17 meals
2068 2167 18 16 in
2096 2172 98 17 company.
2220 2168 29 16 On
2259 2173 36 11 one
2304 2168 20 16 of

1887 2188 32 17 the
1928 2190 63 15 centre
1999 2190 53 21 posts
2061 2190 61 22 hangs
2131 2197 10 10 a
2150 2190 81 22 portrait
2240 2191 20 17 of
2268 2191 54 21 Lady

1887 2211 88 22 Glasgow
1985 2212 37 17 and
2030 2212 35 18 her
2073 2213 102 22 daughters
2184 2211 46 20 with
2239 2219 12 11 a
2267 2214 57 17 letter

1887 2235 48 16 from
1948 2235 33 17 the
1995 2235 91 18 Countess
2096 2235 1 23 .
2103 2237 68 21 asking
2186 2237 32 17 Mr
2234 2237 94 20 Josliua's,

1887 2259 111 21 acceptance
2007 2259 20 16 of
2035 2259 33 17 the
2076 2259 72 22 picture
2157 2265 19 12 as
2184 2266 12 11 a
2202 2261 94 16 memento
2303 2261 20 16 of

1887 2281 49 17 their
1943 2281 86 22 pleasant
2039 2283 42 19 stay
2089 2284 21 15 at
2117 2283 33 17 the
2165 2282 43 22 Spa.
2234 2284 60 19 There
2308 2284 15 17 is

1886 2310 24 10 no
1919 2304 61 17 doubt
1986 2304 14 17 it:
2007 2305 15 16 is
2032 2311 10 11 a
2051 2306 41 16 well
2100 2305 87 18 deserved
2194 2306 128 22 compliment.

1910 2327 38 19 The
1957 2327 101 22 foregoing
2066 2329 15 16 is
2089 2329 35 17 but
2133 2335 24 11 an
2170 2329 71 17 outline
2256 2330 20 16 of
2290 2330 35 19 the.

1886 2350 90 22 principal
1987 2351 72 22 objects
2068 2352 20 16 of
2096 2352 77 17 interest
2180 2353 18 16 in
2206 2353 38 16 and
2249 2353 74 17 around

1886 2373 32 17 the
1927 2373 44 22 Spa.
1985 2374 19 16 Tt
2011 2374 63 17 would
2080 2375 42 17 take
2128 2375 46 22 days
2180 2377 20 15 to
2205 2376 117 22 thoroughly

1886 2397 81 16 exhaust
1976 2397 50 17 them
2044 2398 31 18 all.
2088 2398 35 17 but
2133 2399 49 17 after
2195 2398 82 24 viewing
2293 2400 29 16 his

1887 2420 135 21 surroundings
2032 2421 32 16 the
2072 2421 66 17 visitor
2151 2422 16 16 is
2182 2422 52 18 fei;rn
2252 2423 19 16 to
2289 2428 22 12 ex-

1887 2443 54 16 claim
1950 2443 45 16 with
2006 2444 33 17 the
2047 2444 32 17 old
2088 2445 64 16 writer
2159 2443 4 24 :
2199 2445 26 17 Of
2233 2451 11 11 a
2261 2446 61 21 verity

1887 2466 37 16 this
1938 2466 15 17 is
1968 2466 32 17 the
2014 2468 44 21 spot
2074 2469 19 15 to
2110 2470 70 15 restore
2199 2468 50 17 mine
2265 2468 58 23 jaded

1886 2489 89 19 energies.
2002 2490 9 16 I
2020 2490 47 16 have
2078 2491 57 17 found
2145 2491 31 17 the
2186 2492 62 21 valley
2260 2492 62 17 wherfe

1886 2511 88 18 dwblleth
1983 2513 33 16 the
2025 2513 58 22 Spirit
2093 2514 19 17 of

1916 2564 53 17 THE
1978 2565 137 18 WAIOTAPU
2126 2565 166 20 DIFFICULTY.

1908 2610 27 17 At
1943 2611 105 19 the.Police
2065 2611 61 21 Court,
2139 2618 24 11 on
2180 2613 87 22 Tuesday
2284 2613 38 18 last

1885 2634 63 16 before
1957 2634 62 17 Lieut.
2038 2635 39 17 Col.
2088 2635 85 21 Roberts,
2182 2636 78 17 Miriata
2268 2637 19 16 to.
2296 2637 25 17 To

1886 2656 83 21 Awatea,
1987 2658 25 16 To
2027 2658 97 17 Matekino
2142 2658 80 18 Harata.
2239 2660 82 21 Ngihira

1885 2680 100 22 Ngarimu,
2002 2681 83 22 Nganga
2108 2682 81 21 Kapoui,
2207 2682 38 18 and
2261 2682 58 18 Tehai

1884 2703 99 17 Matekino
1992 2703 37 18 five
2037 2705 63 16 native
2107 2710 71 12 women
2189 2711 48 11 were
2251 2706 59 21 charg-

1885 2726 22 17 ed
1916 2726 47 17 with
1974 2726 113 23 unlawfully
2097 2727 118 23 obstructing
2227 2735 11 10 a
2252 2734 69 17 survey

1885 2750 19 16 at
1917 2749 101 22 Waiotapu
2036 2756 24 11 on
2077 2750 33 18 Bth
2126 2751 103 17 December
2244 2752 37 17 last
2295 2752 27 22 by

1884 2772 76 23 pulling
1976 2778 25 16 up
2010 2777 67 18 survey
2092 2780 46 16 pegs
2147 2774 38 17 arid
2201 2774 68 23 taking
2277 2781 33 16 pos-

1885 2795 69 18 session
1963 2796 20 16 of
1991 2797 104 21 surveyor's
2109 2795 64 23 tools..
2189 2797 62 18 Haere
2260 2798 51 20 Tak.O-

1885 2818 25 17 rei
1932 2818 37 17 and
1987 2819 85 18 Pivteriki
2090 2820 107 23 Toliorangi
2217 2827 48 12 were
2282 2822 39 17 also

1885 2842 82 21 charged
1976 2842 45 17 with
2030 2842 122 23 threatening
2165 2845 20 16 to
2194 2844 86 17 obstruct
2289 2845 33 17 the

1885 2870 97 16 surveyors
1991 2871 24 11 on
2026 2866 32 16 tho
2066 2872 50 11 same
2124 2866 49 18 date.
2195 2867 32 17 Mr
2235 2868 44 16 Tole
2286 2874 23 15 ap-

1884 2888 68 22 peared
1968 2889 19 16 to
2001 2891 98 19 prosecute
2111 2889 86 21 and.Mr
2213 2891 66 16 Cotter
2292 2891 30 17 for

1886 2911 31 17 the
1926 2910 82 18 defeneo.
2034 2912 31 16 Mr
2074 2912 21 17 F.
2105 2913 26 16 M.
2147 2913 110 18 Carnachan
2266 2914 55 17 acted

1884 2939 21 11 as
1917 2934 119 22 interpreter.
2061 2935 32 17 Mr
2105 2936 44 17 Tole
2164 2936 68 23 briefly
2247 2938 73 21 opened

1884 2957 33 17 the
1926 2962 41 12 case
1976 2957 37 17 and
2023 2958 59 17 called

1907 2980 64 17 James
1988 2980 69 21 Baber,
2075 2981 74 18 district
2164 2988 94 17 surveyor,
2275 2984 43 17 who

1884 3009 48 16 gave
1941 3003 88 18 evidence
2037 3010 20 11 as
2066 3006 19 16 to
2103 3005 32 17 tho
2151 3010 67 18 survey
2232 3012 77 16 progres-

1884 3027 43 21 sing
1936 3032 24 11 on
1970 3027 71 19 Paeroa
2050 3028 40 16 east
2098 3028 30 17 No
2145 3028 24 17 4b
2186 3029 58 17 Block
2261 3030 60 17 under

1884 3051 83 15 warrant
1975 3049 62 18 issued
2045 3050 20 17 in
2074 3051 106 17 November
2190 3053 6 15 I
2201 3049 39 20 StVl.

1907 3073 31 16 Mr
1947 3073 66 16 Cotter
2022 3073 86 22 objected
2117 3075 20 16 to
2153 3075 32 16 tho
2203 3077 83 16 warrant
2300 3082 21 11 as

1884 3097 33 15 not.
1928 3095 89 23 affecting
2026 3096 32 18 the
2066 3097 55 17 block
2128 3098 19 16 in
2156 3098 92 22 question.

1909 3119 82 17 Witness
2001 3119 62 17 stated
2071 3120 43 18 that,
2123 3121 31 17 the
2163 3123 82 15 warrant
2255 3122 56 17 affect-

1884 3142 23 16 ed
1916 3138 71 21 Paeroa
1996 3144 40 15 east
2043 3142 29 17 No
2081 3145 10 14 4
2102 3143 29 17 No
2142 3145 9 16 I'
2159 3144 61 18 which
2229 3145 88 17 included

1884 3165 71 17 Paeroa
1964 3167 40 15 east
2012 3166 31 16 No
2050 3168 10 14 4
2069 3166 12 17 b
2091 3166 29 17 No
2131 3168 15 15 1.

1907 3188 31 16 Mr
1949 3188 66 19 Cotter
2028 3189 102 17 submitted
2144 3190 42 17 that
2194 3196 24 12 no
2232 3191 89 17 evidence

1885 3211 55 17 could
1947 3211 24 17 be
1980 3212 57 17 taken
2046 3218 21 11 as
2075 3213 20 16 to
2104 3213 32 17 the
2151 3215 84 20 rheaning
2249 3215 20 16 of
2286 3215 33 17 tho

1886 3235 87 16 warrant.
2006 3235 20 16 It
2041 3235 45 17 bore
2102 3236 24 17 its
2143 3237 89 21 meaning
2251 3243 24 12 on
2296 3237 25 18 its

1885 3257 46 17 face.
1956 3257 30 17 He
1996 3258 86 21 objected
2091 3260 19 16 to
2121 3259 30 17 the
2164 3262 83 15 warrant
2263 3260 58 19 beinsr

1884 3279 106 23 produced.-

2017 3304 116 22 continuing,
2156 3305 61 17 stated
2231 3304 43 19 tliat
2295 3306 24 17 he

1884 3328 51 15 went
1943 3332 24 11 on
1977 3326 31 17 the
2018 3327 75 22 ground
2100 3328 59 17 under
2166 3329 33 16 the
2206 3331 84 15 warrant
2296 3336 24 10 on

1873 3349 1 21 I
1884 3349 103 17 December
1996 3350 27 19 19,
2032 3350 49 20 1894,
2100 3350 37 18 and
2146 3352 64 16 serVcd
2223 3354 11 15 ii
2251 3352 69 17 formal

1886 3372 74 22 printed
1969 3373 67 17 notice.

1898 3396 41 20 .Mr
1952 3396 65 17 Cotter
2032 3392 85 26 objected
2132 3397 20 16 to
2171 3397 31 17 flirt
2216 3399 68 16 nature
2300 3399 21 16 of

1884 3418 42 18 that
1933 3418 63 18 notiufe
2001 3418 58 23 being
2066 3420 55 21 given
2130 3420 29 22 by'
2164 3421 81 16 witness.
2265 3422 52 21 They

1884 3441 68 17 should
1960 3441 46 17 have
2016 3442 55 22 giTen
2079 3443 63 17 notice
2150 3444 20 16 to
2175 3444 88 21 produce.
2289 3444 31 18 He

1885 3464 57 17 asked
1951 3465 43 16 that
1999 3470 12 11 a
2019 3467 45 15 note
2079 3465 67 18 should
2154 3466 23 17 be
2194 3467 61 17 talten'
2260 3467 21 17 of
2294 3468 26 16 all

1884 3488 29 16 his
1923 3488 110 22 objections.

1907 3510 136 18 Examination
2064 3510 111 20 continued:
2194 3512 29 18 On
2239 3513 32 17 the
2286 3514 33 16 Bth

1884 3534 103 16 December
2004 3534 76 16 witness
2093 3536 39 15 met
2147 3535 38 17 tlid'
2202 3536 74 17 natives
2300 3538 20 15 at

1885 3557 79 21 Aporo's
1972 3557 58 17 house
2044 3557 37 17 and
2095 3557 40 18 told
2148 3558 51 17 them
2213 3559 43 17 that
2264 3559 53 17 there

1885 3585 47 12 were
1940 3580 53 17 three
2001 3585 42 12 new
2052 3580 54 17 roads
2115 3582 20 15 to
2143 3581 23 16 be
2172 3581 56 18 taken
2234 3582 85 21 through

1884 3603 49 17 their
1941 3603 44 17 land
1996 3603 3 20 ;
2011 3609 35 11 one
2054 3603 46 17 road
2108 3610 38 10 was
2155 3604 20 17 to
2191 3604 23 17 be
2231 3604 49 18 from
2286 3605 33 17 the

1885 3626 53 17 c'reek
1943 3627 20 16 to
1980 3626 32 17 the
2025 3627 76 21 present
2116 3626 67 23 bridge
2196 3628 21 16 to
2230 3627 40 23 join
2287 3628 32 17 the
2334 3626 2 24 •

1884 3649 65 22 Taupo
1957 3649 46 17 road
2012 3649 4 24 ;
2031 3650 76 16 dnothei
2116 3650 19 16 to
2152 3655 35 11 run
2206 3651 113 22 completely

1884 3672 61 17 round
1952 3672 35 18 thef
2000 3672 63 22 sights
2078 3674 20 16 at
2114 3672 101 23 Waiotapu
2231 3673 38 17 and
2286 3674 33 17 the

1884 3695 52 17 third
1945 3696 20 16 to
1974 3701 36 11 run
2020 3697 39 15 east
2076 3695 38 17 and
2126 3697 47 16 west
2185 3696 85 21 through
2286 3697 33 17 the

1885 3720 62 15 centre
1956 3716 23 19 of'
1992 3718 33 17 the
2033 3718 54 17 circle
2097 3716 3 21 :
2118 3719 32 17 the
2165 3721 38 15 two
2218 3719 49 18 riiiile
2284 3719 22 18 de-

1885 3741 88 17 fendants
1982 3742 85 21 objected
2074 3742 37 17 and
2120 3742 38 17 also
2167 3742 77 17 Mi-iata
2253 3749 35 10 one
2298 3743 20 17 of

1884 3764 32 17 the
1926 3764 67 18 female
2002 3761 111 21 defendants
2123 3761 3 23 ;
2141 3766 75 17 witness
2225 3766 93 17 informed

1884 3786 104 18 tliem'tliat
2004 3788 23 16 he
2043 3787 62 17 would
2117 3788 48 17 have
2179 3790 20 16 to
2214 3794 55 17 carry
2286 3790 34 16 out

1884 3810 28 17 his
1921 3810 122 18 instructions
2051 3810 4 21 ;
2072 3811 32 16 tho
2114 3811 71 18 natives
2202 3811 82 18 referred
2298 3813 20 16 to

1886 3834 45 16 then
1940 3834 61 17 stated
2015 3834 45 21 they
2076 3834 62 17 would
2152 3836 43 21 stop
2210 3835 33 17 tlie
2260 3838 56 14 work.

1884 3856 64 23 Harry
1956 3857 78 17 Takerei
2043 3857 95 22 distinctly
2147 3858 63 17 stated
2217 3858 43 17 that
2274 3858 45 23 they

1884 3879 63 18 would
1964 3881 43 21 step
2017 3880 32 17 the
2065 3879 52 18 work
2133 3881 20 16 at
2161 3886 52 12 once.
2237 3881 83 18 Witness

1884 3902 45 17 then
1938 3903 85 22 brought
2072 3905 43 15 mdn
2124 3909 25 11 on
2157 3905 20 16 to
2195 3904 32 17 tlid
2244 3905 76 21 ground

1884 3925 38 17 and
1935 3926 46 22 they
1991 3926 72 17 started
2071 3928 20 15 to
2101 3926 49 18 clear
2157 3933 12 11 a
2178 3927 37 17 line
2225 3925 4 23 ;
2243 3928 33 17 the
2291 3928 19 17 fo-

1884 3949 49 16 riiale
1947 3949 112 17 defendants
2080 3949 44 17 took
2140 3949 33 17 tho
2190 3950 59 18 hooks
2265 3956 55 17 away

1884 3971 49 18 from
1942 3972 32 17 the
1991 3978 43 11 men
2051 3972 37 17 and
2104 3972 33 17 the
2152 3973 52 21 poles
2213 3979 21 11 or
2247 3973 72 23 pickets

1884 3994 38 17 arid
1930 3995 71 16 carried
2009 3996 53 17 them
2071 4001 60 12 across
2146 3996 32 17 the
2187 3996 99 22 bouridary
2295 4003 24 11 on

1884 4018 20 16 to
1912 4018 33 16 tho
1954 4018 67 17 Crown
2030 4018 44 17 land
2084 4018 4 21 ;
2102 4018 76 18 witness
2184 4019 46 17 then
2238 4020 80 17 desisted

1884 4040 49 18 from
1942 4041 75 17 further
2024 4042 52 16 work
2085 4041 37 17 and
2131 4042 44 17 took
2184 4042 29 17 his
2229 4044 57 21 party
2294 4043 27 17 off

1884 4063 33 17 the
1935 4063 86 22 ground;
2041 4063 2 22 .
2050 4065 33 16 tho
2099 4065 49 17 male
2163 4065 113 18 defendants
2293 4066 25 17 all

1884 4086 39 17 this
1931 4087 45 16 tinld
1985 4087 55 17 stood
2050 4088 26 16 off
2087 4093 10 11 a
2106 4088 36 16 few
2152 4088 58 22 yards
2220 4086 4 24 ;
2243 4089 76 17 witness

1884 4115 20 11 as
1916 4114 23 12 an
1957 4110 108 17 authorised
2080 4116 90 17 surveyor
2186 4111 85 17 received
2287 4112 20 16 in-

1884 4132 100 17 structions
1994 4133 47 17 from
2055 4133 28 17 his
2097 4133 125 22 Department
2238 4135 20 16 to
2275 4140 33 17 pro-

1884 4154 44 17 ceed
1936 4155 46 16 with
1992 4156 31 16 the
2032 4161 73 17 survey.

2367 160 39 17 The
2414 161 121 18 instructions
2547 161 49 17 from
2610 160 33 16 the
2655 159 125 21 Department

2344 189 48 11 were
2401 184 94 20 produced
2504 184 34 17 but
2547 184 31 17 Mr
2587 183 66 17 Cotter
2661 181 88 23 objected
2760 182 20 16 to

2344 206 32 16 the
2392 206 99 18 document
2500 207 57 20 Loins:
2574 207 35 21 put
2625 205 20 17 in
2660 211 21 11 or
2698 205 82 17 referred

2343 230 21 15 to
2372 229 21 17 in
2397 235 37 16 any
2443 236 47 15 way,
2500 236 20 12 as
2528 230 16 17 it
2559 235 40 12 was
2615 228 70 22 simply
2699 234 12 11 a
2725 233 53 17 copy.

2344 252 30 17 He
2384 252 62 17 would
2451 253 32 17 ask
2493 254 28 16 for
2529 253 32 17 the
2568 252 64 23 ruling
2638 252 20 17 of
2666 252 32 16 the
2711 250 67 18 bench.

2344 275 38 17 The
2392 275 93 22 objection
2493 282 38 12 was
2540 275 76 23 upheld.

2366 297 135 19 Examination
2518 298 100 18 continued
2627 297 3 19 :
2643 297 82 18 Witness
2741 297 38 17 had

2343 321 48 16 been
2400 327 24 11 on
2432 322 32 17 the
2472 323 110 21 permanent
2597 321 45 17 staff
2654 321 50 16 since
2723 321 54 23 1879;

2344 344 24 16 he
2376 349 39 13 was
2422 351 23 11 an
2454 345 107 20 authorised
2571 349 94 17 surveyor.

2367 367 32 16 Mr
2415 367 64 17 Colter
2496 367 84 24 objected
2589 369 20 15 to
2629 367 32 17 the
2679 367 98 18 evidence:

2344 390 76 17 witness
2436 392 50 17 must
2502 391 82 22 produce
2598 390 29 17 his
2641 389 101 18 certificate
2759 390 20 17 of

2344 414 121 21 competency
2473 414 60 17 under
2538 414 32 17 the
2585 413 52 17 hand
2653 414 20 15 of
2685 413 33 17 the
2732 413 34 18 Sur-

2344 436 154 18 vevor-General.

2367 457 134 20 Examination
2514 457 112 20 continued:
2650 459 30 16 He
2699 459 38 17 had
2754 466 24 10 110

2345 482 100 17 certificate
2453 483 48 17 from
2510 483 32 17 the
2549 482 195 21 Surveyor-General;
2755 483 23 16 be

2344 504 38 18 had
2390 504 46 19 been
2446 506 63 22 acting
2518 513 20 9 as
2545 511 23 11 an
2575 505 108 17 authorised
2689 511 89 16 surveyor

2344 527 38 17 and
2391 528 58 18 called
2457 529 75 19 himself
2540 529 46 17 such
2596 534 19 11 as
2624 529 24 16 he
2660 528 38 17 had
2713 529 65 17 served

2344 551 29 16 his
2382 551 45 21 fime
2435 551 37 18 and
2481 552 28 19 his
2518 558 53 12 name
2580 556 39 13 was
2628 551 66 17 on-the
2703 551 37 18 list.

2368 574 163 22 Cross-examiped
2561 575 10 16 I
2588 574 23 17 do
2628 577 35 14 not
2678 574 47 17 hold
2740 575 38 16 and
2788 574 1 27 j

2344 596 48 18 have
2400 603 55 11 never
2467 598 44 17 held
2524 604 11 11 a
2550 597 101 18 certificate
2667 597 19 17 of
2703 603 74 17 conipe-
2788 591 2 31 |

2344 621 56 21 tency
2410 621 57 17 under
2480 622 31 16 the
2524 621 49 17 hand
2589 621 20 16 of
2625 620 32 16 the
2675 620 102 22 Surveyor-

2345 642 79 18 General
2431 642 4 21 ;
2453 649 23 12 on
2498 644 42 17 19th
2563 643 109 20 December,
2695 644 50 19 1894,
2768 645 10 16 I

2344 666 65 17 served
2425 673 11 10 a
2450 667 74 21 printed
2540 666 72 22 notice;
2636 667 78 16 matters
2731 673 47 12 were

2344 689 46 16 then
2398 689 34 17 left
2441 690 17 16 in
2469 690 93 22 abeyance
2570 690 29 17 till
2608 690 33 16 the
2656 689 33 17 7th
2704 690 21 16 of
2740 690 38 17 this

2345 711 72 18 month.
2443 713 38 17 The
2489 714 72 16 natives
2577 718 49 12 were
2640 712 40 17 told
2694 713 84 23 through

2346 735 31 16 the
2385 735 111 22 interpreter
2503 737 43 16 that
2554 736 10 17 I
2573 736 38 17 had
2624 741 52 11 come
2691 736 53 17 there
2759 737 18 16 in

2344 758 113 18 accordance
2463 759 46 17 with
2516 760 31 16 the
2553 759 63 17 notice
2625 758 64 18 served
2695 765 24 12 on
2726 760 52 17 them

2344 782 39 16 two
2391 786 53 17 years
2453 781 68 19 before.
2547 783 39 16 The
2596 782 74 16 natives
2685 782 92 21 objected.

2344 803 40 18 The
2391 805 55 16 roads
2454 805 20 16 to
2481 805 22 18 be
2511 805 55 18 made
2573 804 62 18 would
2645 805 69 17 inclose
2721 805 58 18 about

2347 827 32 16 100
2387 833 57 12 acres.
2465 828 58 17 There
2531 834 48 11 were
2588 829 39 16 two
2635 828 68 17 houses
2707 828 21 17 in
2736 829 43 16 that

2344 856 44 11 area
2407 850 36 18 but
2462 851 52 18 there
2531 852 63 21 might
2609 851 23 17 be
2650 857 57 11 more.
2740 852 39 17 The

2345 873 60 21 sights
2414 879 32 11 are
2453 874 65 17 within
2527 875 32 17 the
2565 880 43 12 urea
2617 875 107 17 mentioned
2732 873 4 22 ;
2746 875 33 17 the

2344 896 56 17 roads
2409 896 62 18 would
2479 899 33 16 not
2520 897 48 18 have
2574 897 102 18 interfered
2685 898 46 17 with
2747 899 32 16 the

2345 920 125 20 cultivations,
2479 920 35 18 but
2523 921 45 22 they
2576 920 65 17 would
2656 926 25 16 go
2695 921 83 20 through

2344 948 12 11 a
2375 943 45 17 wire
2437 943 57 17 foiice.
2524 944 40 17 The
2579 944 57 17 roads
2651 944 65 16 would
2731 944 48 18 have

2344 965 91 18 rendered
2443 966 31 17 the
2483 967 60 22 sights
2551 967 66 17 visible
2627 967 81 17 without
2714 973 54 11 neces-

2344 988 79 22 sitating
2437 990 65 21 people
2518 990 58 21 going
2590 990 67 17 within
2671 990 32 17 the
2719 991 59 17 fence.

2345 1012 9 16 I
2363 1012 41 16 told
2417 1012 32 17 the
2464 1013 71 17 natives
2551 1011 42 19 tl'iat
2610 1012 33 18 the
2658 1013 56 17 roads
2731 1019 48 12 were

2344 1035 57 17 taken
2409 1035 60 17 under
2481 1036 31 16 the
2527 1036 74 17 Statute
2615 1034 90 25 allowing
2719 1044 11 9 o
2745 1043 35 16 per

2344 1059 48 16 cent.
2418 1058 10 17 I
2437 1058 37 17 had
2483 1063 55 13 nevci-
2545 1059 55 17 taken
2610 1066 11 10 a
2631 1059 43 17 I'oad
2682 1059 18 17 in
2708 1059 72 18 similar

2344 1081 73 16 fashion
2426 1081 69 18 before.
2526 1082 113 22 Something
2652 1085 39 15 wit.4
2704 1083 40 17 said
2758 1089 8 11 a-

2344 1103 46 18 bout
2400 1110 31 15 my
2439 1103 91 24 breaking
2538 1105 56 17 down
2602 1106 37 16 the'
2647 1106 62 17 fences
2723 1106 37 17 and
2769 1107 9 16 I

2344 1127 41 17 told
2405 1127 32 17 the
2453 1128 72 17 natives
2541 1129 43 17 that
2600 1129 34 16 the
2650 1129 129 17 Government

2344 1150 63 17 would
2417 1150 92 23 probably
2517 1151 70 23 supply
2594 1151 78 22 fencing
2686 1153 92 17 material.

2368 1172 135 19 He-examined
2511 1172 3 26 :
2528 1175 38 16 The
2574 1175 74 17 natives
2661 1175 117 23 thoroughly

2344 1196 115 18 understood
2479 1198 32 16 the
2526 1198 90 16 direction
2631 1198 19 16 in
2669 1198 61 18 which
2747 1199 32 17 the

2344 1219 55 18 roads
2409 1226 47 11 were
2472 1221 64 21 going;.
2567 1221 38 17 The
2620 1221 111 18 cultivation
2749 1228 20 11 re-

2345 1243 61 16 ferred
2415 1244 20 15 to
2443 1249 38 12 was
2493 1245 34 16 not
2541 1244 51 17 there
2608 1250 24 11 on
2644 1250 32 16 my
2693 1245 86 21 previous

2344 1266 45 17 visit
2399 1266 18 16 in
2429 1264 49 19 1894.
2503 1265 38 19 The
2549 1266 55 18 roads
2613 1267 20 17 in
2639 1268 87 21 question
2731 1270 49 15 word

2345 1289 57 17 taken
2411 1289 30 17 for
2450 1289 63 22 public
2521 1293 96 19 purposes.

2368 1311 43 18 Fox'
2418 1310 65 20 Maule
2495 1313 116 19 Camachan,
2625 1313 82 18 licensed
2721 1314 48 17 inter-

2338 1336 3 20 ■
2345 1337 68 19 prefer,
2424 1336 60 17 stated
2493 1336 44 17 that,
2544 1336 19 17 in
2574 1337 44 16 J834
2627 1337 24 17 lie
2665 1337 23 16 vii
2694 1338 38 16 ited
2748 1338 32 17 the

2344 1358 73 18 Paeroa
2425 1357 47 19 East
2481 1359 57 17 Block
2552 1359 47 18 with
2613 1360 32 16 Mr
2658 1360 63 18 Baber
2737 1360 43 18 who

2345 1381 96 23 produced
2455 1382 29 16 his
2492 1384 83 16 warrant
2591 1383 38 17 and
2646 1384 65 16 served
2729 1384 50 17 them

2345 1405 46 16 with
2401 1412 9 9 a
2420 1405 75 20 notice;'
2505 1403 63 25 Aporo
2577 1406 38 17 and
2624 1406 28 17 his
2666 1407 49 18 wife,
2725 1407 44 17 Miri-

2345 1429 37 16 at.fi.
2392 1428 83 17 received
2484 1428 32 17 the
2525 1430 62 16 notice
2595 1435 24 10 on
2629 1430 66 16 behalf
2703 1430 20 17 of
2731 1430 49 17 their

2344 1451 73 22 people.
2443 1451 28 17 On
2481 1452 31 16 the
2522 1452 31 17 7th
2563 1452 21 17 of
2591 1452 115 18 the'curr&if
2714 1454 64 16 month

2345 1474 75 17 witness
2429 1475 55 20 again
2493 1476 51 16 went
2552 1476 20 16 to
2581 1475 101 23 Waiotapu
2692 1477 45 16 with
2750 1477 31 16 Mr

2345 1497 61 17 Baber
2415 1498 37 17 and
2461 1498 100 17 Constable
2568 1498 86 22 Murray,
2661 1499 37 17 and
2704 1505 11 11 a
2721 1501 59 17 meet-
2789 1492 1 28 |

2344 1520 35 23 ing
2387 1526 38 12 was
2434 1520 92 23 arranged
2535 1522 29 16 for
2572 1522 34 16 the
2619 1522 100 19 following
2731 1522 49 23 day;
2789 1520 1 25 |

2345 1545 19 15 at
2374 1543 43 17 that
2425 1544 84 21 meeting
2516 1545 46 22 they
2571 1550 47 12 were
2628 1545 57 17 asked
2694 1546 32 16 the
2738 1552 42 11 reu-
2789 1543 1 24 I

2345 1572 33 11 son
2389 1567 20 16 of
2415 1567 50 17 their
2474 1567 75 22 coining
2562 1568 37 17 and
2616 1568 45 21 they
2675 1574 49 12 were
2740 1569 40 17 told
2789 1567 1 25 j

2345 1590 43 17 that
2396 1590 15 16 it
2420 1595 37 12 was
2466 1592 20 15 to
2495 1592 82 16 execute'
2586 1597 10 10 a
2611 1593 89 18 vf-ai'i-ant,
2719 1592 61 17 notice
2789 1590 1 21 I

2345 1613 20 17 of
2376 1613 59 17 which
2444 1613 38 17 had
2491 1613 47 18 been
2547 1614 65 17 served
2622 1616 38 16 two
2669 1621 54 15 years
2738 1621 42 16 pre-
2789 1610 1 28 j

2345 1636 73 22 vionsly
2427 1634 4 29 ;
2444 1637 39 16 The
2491 1637 48 16 male
2549 1637 37 17 and
2592 1637 68 17 female
2669 1638 112 20 defendants
2789 1634 1 29 j

2345 1665 49 11 were
2410 1661 76 19 present
2498 1660 37 17 and
2550 1660 44 22 they
2611 1661 27 17 all
2654 1661 62 17 stated
2733 1662 50 17 their
2789 1660 1 25 |

2345 1682 139 18 disinclination
2493 1684 20 15 to
2522 1683 56 17 allow
2586 1684 34 17 the
2632 1684 56 17 roads
2700 1685 21 16 to
2736 1690 44 17 pro-
2789 1679 1 29 |

2346 1705 50 18 cecd.
2434 1706 80 17 Witness
2531 1706 44 17 then
2594 1707 131 17 corroborated
2751 1709 31 17 Mr

2345 1729 78 17 Bftber's
2432 1729 86 17 evidence
2527 1729 18 17 in
2554 1730 66 22 regard
2632 1732 19 14 to
2667 1731 32 17 the
2718 1731 52 22 objec-

2345 1752 50 17 tions
2403 1752 60 20 made,
2474 1752 37 17 and
2519 1752 61 17 added
2588 1753 44 17 that
2639 1753 78 19 Takei'ci
2727 1755 58 16 made'

2345 1781 33 11 use
2388 1776 20 16 of
2415 1781 12 11 a
2436 1775 80 22 proverb
2524 1775 61 18 which
2595 1782 65 11 means
2668 1777 44 17 that
2720 1783 11 11 a
2738 1784 42 11 man

2345 1799 51 17 must
2410 1798 42 18 first
2465 1799 23 17 be
2505 1799 47 17 dead
2566 1805 21 11 or
2599 1799 30 17 his
2642 1800 48 17 head
2707 1801 75 17 severed

2345 1822 50 17 from
2404 1821 29 17 his
2441 1821 52 23 body
2501 1821 64 18 before
2575 1822 31 20 his.
2612 1822 55 18 hinds
2676 1829 33 11 can
2719 1824 23 16 be
2751 1825 30 16 cut

2345 1851 32 15 up.
2403 1845 83 16 Patcriki
2497 1845 40 17 said
2545 1845 4 24 :
2585 1846 44 17 You
2638 1852 44 16 may
2691 1846 90 23 imprison

2345 1873 30 12 me
2392 1868 37 17 and
2443 1868 111 17 afterwards
2575 1869 71 19 crucify
2664 1875 28 11 nie
2709 1876 24 11 on
2750 1871 35 16 the'

2345 1891 56 17 Cross
2410 1891 36 17 and
2456 1892 37 16 still
2503 1897 37 16 you
2550 1892 36 18 will
2596 1894 35 14 not.
2642 1893 23 16 be
2674 1893 79 17 allowed
2762 1895 20 15 to
2789 1891 1 28 j

2345 1920 68 16 survey
2422 1920 43 11 over
2474 1920 32 16 my
2613 1915 81 18 Witness
2700 1916 45 17 then
2752 1922 29 12 re-
2789 1914 1 29 j

2345 1937 51 17 luted
2417 1938 33 16 the
2471 1938 142 17 circumstances
2634 1939 101 22 attending
2751 1940 31 17 the
2789 1934 1 27 I

2345 1960 62 18 actual
2417 1961 121 17 interference
2548 1961 45 17 with
2604 1962 32 16 the
2645 1967 68 17 survey
2719 1964 61 21 party,

2346 1983 143 23 corroborating
2497 1984 32 16 the
2537 1984 88 23 previous
2634 1985 82 19 witness.

2370 2006 177 19 Cross-examined:
2560 2007 39 18 The
2608 2008 73 18 natives
2695 2009 87 22 objected

2345 2031 20 16 to
2374 2030 32 17 the
2415 2030 45 17 road
2476 2030 59 22 going
2548 2030 84 23 through
2650 2031 50 18 their
2716 2033 53 16 fence
2777 2030 3 23 ;

2345 2053 32 17 the
2387 2053 49 17 male
2449 2053 110 18 defendants
2573 2060 49 11 were
2635 2056 77 20 present
2728 2056 53 16 when

2345 2077 33 16 the
2394 2082 72 11 women
2479 2077 101 17 interfered
2593 2077 37 17 but
2642 2078 48 22 they,
2703 2078 32 17 did
2748 2080 34 16 not

2345 2105 33 16 say
2388 2105 20 11 or
2417 2100 23 17 do
2448 2100 94 22 anything
2549 2105 7 15 ;•
2568 2100 70 19 I,went
2646 2100 48 18 back
2707 2108 23 10 on
2750 2102 32 17 the

2347 2122 42 18 12tli
2399 2122 58 18 about
2466 2122 88 23 four.day
2562 2123 112 18 afterwards
2689 2124 47 17 with
2751 2125 31 16 Mr

2345 2145 92 21 Mueller;
2451 2146 24 16 he
2483 2146 57 16 asked
2556 2147 32 15 the
2601 2147 74 19 iativ.es
2689 2148 20 16 to
2726 2148 55 18 allow

2345 2168 32 17 the
2387 2174 66 14 survey
2462 2170 20 15 to
2491 2169 79 21 proceed
2579 2169 37 16 and
2626 2169 40 17 told
2675 2170 51 17 them
2739 2171 43 16 that

2345 2192 46 21 they
2399 2191 32 17 did
2439 2192 35 16 not
2481 2191 117 18 understand
2611 2193 32 16 the
2658 2192 37 17 law
2709 2199 23 11 on
2750 2193 32 17 the

2344 2216 70 15 matter
2422 2214 37 17 find
2469 2215 41 17 that
2519 2215 32 17 the
2560 2221 67 16 survey
2636 2216 21 16 of
2664 2221 12 12 a
2684 2216 45 17 road
2744 2216 37 18 and

2344 2238 33 16 the
2386 2238 128 17 construction
2523 2238 20 16 of
2551 2238 13 17 it
2583 2244 48 11 were
2644 2240 39 16 two
2695 2239 87 18 different

2344 2261 66 21 things
2419 2261 38 16 and
2465 2261 43 17 that
2516 2267 42 11 now
2567 2267 39 12 was
2618 2263 35 16 not
2667 2263 33 16 the
2713 2268 69 17 proper

2344 2284 47 17 time
2399 2286 20 15 to
2428 2284 72 23 object;
2516 2284 31 17 the
2556 2284 73 17 natives
2634 2291 49 11 were
2689 2286 41 17 told
2739 2286 43 17 that

2345 2307 32 17 the
2385 2307 66 22 laying
2460 2308 33 16 out
2502 2307 36 17 and
2554 2308 31 16 the
2599 2308 103 23 surveying
2715 2310 20 16 of
2749 2310 32 16 the

2344 2330 47 17 road
2399 2330 63 17 would
2472 2332 32 15 not
2513 2331 112 21 necessarily
2633 2336 53 12 mean
2698 2333 32 15 the
2738 2333 32 16 tak-

2344 2353 34 21 ing
2387 2354 19 16 of
2415 2354 32 16 the
2455 2354 45 16 road
2507 2353 4 21 ;
2525 2354 33 16 Mr
2565 2354 81 17 Mueller
2654 2355 40 16 said
2709 2355 42 18 that
2766 2356 16 16 if

2344 2376 46 23 they
2399 2376 63 18 would
2471 2376 55 18 allow
2535 2377 33 17 the
2582 2383 68 16 survey
2664 2379 20 15 to
2702 2379 78 21 proceed

2344 2400 33 16 the
2397 2399 38 17 line
2451 2400 63 22 might
2531 2400 23 16 bo
2571 2400 71 17 altered
2662 2401 122 18 afterwards.-

2344 2423 39 17 The
2403 2423 72 18 natives
2495 2425 76 20 present
2584 2423 83 18 adhered
2690 2426 19 15 to
2731 2425 49 17 their

2345 2446 112 22 objections.

2368 2466 76 20 Charles
2449 2469 70 22 Hoyte-,
2526 2469 99 17 cliainman
2638 2470 21 17 in
2664 2470 33 17 Mr
2702 2471 78 17 Baber's
2789 2466 1 25 !

2344 2493 62 21 party,
2418 2492 60 17 stated
2487 2493 41 16 that
2538 2494 23 15 o;i
2577 2493 33 16 the
2625 2489 32 21 sth
2672 2494 39 16 inst
2725 2494 55 18 while

2344 2515 76 23 driving
2429 2521 10 11 a
2448 2521 37 16 peg
2493 2516 15 16 it
2519 2520 35 13 wffl
2564 2515 81 23 forcibly
2662 2517 56 17 taken
2731 2517 47 17 from

2343 2538 39 17 him
2389 2539 24 21 by
2421 2545 10 10 a
2440 2539 62 16 native
2510 2545 72 10 woman
2590 2538 4 22 ;
2609 2540 77 16 Miriata
2696 2541 44 16 took
2747 2541 33 16 the

2344 2561 50 18 slash
2404 2562 49 16 hook
2462 2562 49 16 from
2519 2562 39 17 him
2565 2561 3 25 ;
2583 2562 53 18 these
2651 2562 66 24 things
2731 2569 49 12 were

2343 2585 57 17 taken
2408 2591 61 13 across
2480 2585 33 17 the
2525 2585 54 17 creek
2591 2591 25 11 on
2629 2587 20 15 to
2662 2587 33 16 the
2712 2587 68 17 Crown

2343 2608 45 17 hind
2395 2608 3 21 ;
2421 2615 10 10 a
2439 2608 29 17 lot
2476 2609 20 16 of
2504 2614 43 11 men
2557 2608 64 21 whom,
2632 2609 24 17 he
2671 2609 55 18 could
2744 2612 34 15 not

2342 2631 82 22 identify
2432 2637 39 11 saw
2479 2631 51 17 what
2538 2637 39 11 was
2585 2632 61 22 going
2654 2638 30 11 on.

2366 2655 64 17 James
2439 2655 58 21 Foley
2505 2655 39 16 .also
2557 2660 48 15 gave
2620 2655 87 17 evidence
2722 2662 20 12 as
2759 2657 20 16 to

2343 2677 33 18 the
2392 2677 123 18 interference
2527 2678 21 17 of
2561 2678 94 22 Nganga,-
2663 2679 81 17 another
2759 2680 20 16 of

2342 2700 33 17 the
2384 2701 67 16 female
2460 2700 112 18 defendants
2580 2705 7 16 ;'
2598 2701 33 16 the
2641 2703 37 16 two
2686 2702 50 17 initio
2745 2702 22 17 de-

2343 2724 88 17 fendants
2446 2729 49 12 were
2511 2725 85 21 present;
2618 2724 99 18 Matekino
2734 2726 45 17 took

2343 2747 33 17 the
2389 2747 48 17 slash
2447 2747 50 17 hook
2505 2747 47 17 from
2567 2747 46 17 him'.

2367 2770 100 17 Constable
2476 2770 78 22 Murray
2567 2770 62 17 stated
2646 2770 42 18 that
2701 2771 24 17 ho
2741 2778 38 10 was

2342 2795 77 20 present
2427 2795 19 15 at
2459 2793 79 22 Aporo's
2555 2793 63 18 whare
2634 2800 24 10 on
2676 2794 103 18 December

2344 2816 33 18 Bth
2387 2817 52 16 whrfn
2449 2816 25 17 all
2480 2816 32 17 the
2518 2816 113 18 defendants
2638 2823 48 11 were
2693 2816 84 23 present;

2343 2839 110 17 afterwards
2463 2840 44 20 they
2516 2839 104 23 proceeded
2631 2841 20 15 to
2667 2841 33 16 the
2718 2841 59 19 creek,

2344 2863 37 16 and
2391 2869 22 10 on
2424 2863 30 16 Mr
2463 2863 60 16 Baber
2532 2863 76 21 coming
2615 2869 61 12 across
2685 2864 46 17 with
2749 2865 29 16 his

2342 2886 104 17 theodolite
2454 2886 23 17 he
2486 2891 37 12 was
2538 2886 89 21 stopped.,
2634 2886 36 17 but
2681 2892 24 11 on
2721 2887 59 23 being

2343 2909 76 17 warned
2427 2909 26 22 by
2462 2909 75 17 witness
2545 2909 46 22 they
2606 2909 80 17 allowed
2703 2910 38 18 him
2759 2912 19 16 to

2342 2938 50 16 pass.
2418 2931 28 18 On
2456 2932 31 17 Mr
2500 2932 77 16 Baber's
2591 2938 43 11 men
2649 2934 130 21 commencing

2342 2957 21 15 to
2371 2955 53 17 work
2431 2955 45 22 they
2487 2957 48 15 wdve
2544 2955 78 22 stopped
2632 2955 25 22 by
2666 2956 32 17 the
2714 2957 64 17 native

2342 2983 75 13 women
2424 2978 3 22 ;
2442 2978 36 17 find
2487 2978 50 17 their
2542 2978 125 22 implements,
2675 2979 39 21 &c.,
2721 2980 57 17 taken

2342 3007 60 16 away.

2366 3022 44 20 This
2427 3023 102 18 concluded
2545 3025 35 16 the-
2595 3025 87 17 evidence
2700 3026 30 16 for
2746 3027 32 16 the

2342 3048 125 22 prosecution.

2366 3071 55 17 After
2437 3070 32 18 the
2486 3070 134 22 adjournment
2637 3071 30 17 for
2683 3071 94 18 luncheon

2342 3094 33 17 Mr
2384 3094 43 16 Tole
2436 3093 60 17 stated
2505 3093 42 17 that
2556 3094 22 16 he
2584 3100 39 10 was
2631 3100 43 11 now
2683 3095 94 17 informed

2342 3117 43 17 that
2392 3117 31 17 Mr
2429 3117 76 16 Baber's
2512 3116 99 18 eertificat'a
2620 3117 31 22 lay
2660 3118 19 16 in
2685 3117 81 23 Welling-

2342 3142 44 15 ton.-

2365 3164 32 16 Mr
2406 3163 65 17 Cotter
2479 3162 67 18 submit
2550 3162 32 18 ted
2591 3163 43 17 that
2641 3163 31 17 the
2678 3169 41 12 case
2728 3165 50 17 must

2342 3187 22 16 be
2375 3186 106 17 dismissed.-
2502 3185 38 18 The
2549 3186 125 22 proceedings
2690 3187 37 17 had
2736 3188 30 16 evi-

2343 3209 65 22 dently
2417 3209 45 17 been
2471 3208 38 18 laid
2517 3209 60 17 under
2586 3215 36 11 sec.
2632 3211 21 14 (it
2665 3210 20 17 of
2694 3210 33 17 the
2735 3211 27 16 Na-

2342 3233 38 17 tive
2389 3232 54 18 Land
2452 3232 59 18 Court
2523 3232 37 17 Act
2573 3232 21 17 of
2604 3233 44 16 1894
2662 3232 61 18 which
2733 3239 33 16 pro-

2342 3256 55 16 vided
2415 3256 42 16 that
2472 3260 39 17 any
2532 3260 67 17 person
2621 3255 119 23 obstructing
2756 3262 22 11 or

2342 3278 127 22 threatening'
2479 3280 20 15 to
2516 3278 86 17 obstruct
2615 3284 36 16 any
2669 3279 109 17 authorised

2342 3307 89 17 surveyor
2440 3307 20 12 or
2469 3307 36 16 any
2514 3307 67 16 person
2598 3302 66 22 acting
2678 3309 55 10 unuui
2745 3303 32 17 the

2342 3324 97 22 authority
2448 3324 19 18 of
2476 3324 32 18 the
2517 3324 35 17 Act
2570 3323 52 24 (such
2638 3325 96 22 authority
2742 3326 23 17 be-

2342 3349 34 21 ing
2385 3347 101 23 produced)
2496 3347 47 17 shall
2552 3347 23 17 be
2592 3347 56 17 liable
2665 3349 20 16 to
2702 3349 36 16 line
2756 3355 21 11 or

2341 3371 148 22 imprisonment.
2515 3370 19 19 It
2542 3376 38 11 was
2589 3373 98 20 neecSsftry
2695 3371 43 18 that
2745 3372 32 17 the

2341 3394 97 22 authority
2447 3393 66 18 should
2521 3393 24 17 be
2554 3393 95 22 produced
2658 3396 19 15 tit
2687 3394 32 17 the
2731 3395 46 17 time

2342 3418 19 16 of
2370 3417 154 17 tlie'obstruction
2533 3416 37 17 and
2579 3417 45 16 such
2634 3417 38 17 had
2687 3419 33 15 not
2730 3418 45 17 been

2342 3441 53 16 done.
2420 3440 30 17 Its
2458 3439 111 23 production
2586 3441 38 16 two
2641 3446 54 16 years
2712 3441 65 17 before

2341 3463 32 18 the
2382 3463 115 18 obstruction
2505 3462 45 17 took
2558 3462 53 22 place
2617 3468 38 12 was
2664 3465 33 15 not
2706 3470 11 10 a
2725 3469 38 12 com-

2341 3486 73 23 pliance
2423 3486 44 17 with
2477 3486 32 16 the
2518 3486 42 16 Act.
2582 3486 31 16 Ho
2622 3486 40 17 also
2671 3487 105 17 contended

2341 3510 43 16 tlkit
2392 3510 32 16 the
2431 3509 96 21 authority
2534 3508 95 22 produced
2636 3514 38 12 was
2679 3514 35 12 not
2720 3510 44 16 with-

2341 3533 18 16 in
2369 3533 32 16 the
2410 3530 43 19 fiiur
2461 3535 73 14 corners
2543 3531 20 18 of
2580 3531 33 18 the
2627 3532 47 17 Act.-
2703 3532 40 18 Sec.
2753 3532 27 18 62'

2340 3561 35 17 pro
2377 3555 54 17 vided
2437 3555 42 17 that
2484 3554 32 17 the
2524 3554 185 23 Surveyor-General
2713 3556 62 22 might

2340 3575 96 21 authorise
2444 3584 37 15 any
2490 3583 88 16 surveyor
2587 3579 20 15 to
2617 3580 54 14 enter
2679 3584 50 16 upon
2738 3585 24 11 na-

2341 3602 38 16 tive
2387 3601 45 17 land
2441 3603 20 15 to
2469 3600 55 18 make
2532 3606 11 11 is,
2552 3606 73 16 survey.
2651 3601 19 17 It
2688 3601 38 17 had
2742 3603 34 16 not

2340 3625 47 17 been
2396 3625 65 17 shown
2469 3624 43 17 that
2516 3624 34 16 Mi*
2562 3624 62 16 Baber
2640 3624 37 17 had
2695 3631 37 15 any
2740 3631 24 11 au-

2340 3648 73 22 thority
2429 3647 60 17 under
2504 3646 43 18 that
2563 3647 76 17 section.
2665 3647 31 17 He
2712 3648 63 22 might

2341 3671 39 17 also
2389 3671 69 17 submit
2466 3670 43 16 that
2517 3669 38 18 this
2563 3669 45 17 land
2617 3676 38 10 was
2669 3672 34 15 not
2712 3671 63 17 native

2340 3694 45 17 land
2391 3693 133 18 astlio'title'to
2531 3693 15 16 it
2554 3693 37 16 had
2598 3693 46 16 beon
2651 3694 122 17 itsccrtaincd.

2341 3717 30 16 lie
2380 3716 86 22 repeiifod
2475 3716 18 17 hi
2495 3717 5 11 l
2500 3716 4 22 ;
2512 3716 96 22 objection
2622 3717 20 16 to
2650 3716 33 17 the
2691 3719 84 15 warrant

2341 3740 81 17 wherein
2429 3740 32 16 the
2470 3738 58 18 Block
2535 3745 37 11 was
2578 3738 87 23 wrongly
2672 3738 101 19 described.

2341 3763 65 17 Under
2415 3762 35 18 sec.
2460 3763 22 17 70
2491 3763 20 15 of
2519 3762 33 16 the
2568 3762 37 16 Act
2620 3762 16 16 it
2653 3768 38 11 was
2708 3762 67 18 lawful

2341 3786 30 16 for
2377 3785 32 18 the
2424 3786 126 17 Government
2565 3785 61 17 under
2642 3785 70 18 certttih
2730 3792 33 11 con-

2342 3808 68 18 ditions
2418 3810 20 15 to
2448 3808 42 17 take
2498 3808 36 17 and
2544 3808 31 22 lay
2585 3808 26 17 off
2618 3808 30 17 for
2656 3808 65 23 public
2728 3814 32 17 pur-

2341 3838 53 16 poses
2404 3837 34 11 one
2446 3837 20 11 or
2474 3832 38 16 two
2522 3831 46 17 lines
2577 3832 21 16 of
2612 3831 46 17 road
2667 3831 66 17 within
2742 3833 32 16 ten

2341 3860 53 18 years
2404 3855 20 17 Of
2432 3854 32 18 the
2472 3855 44 16 date
2533 3855 21 16 of
2570 3854 101 18 certificate
2690 3855 19 16 of
2726 3854 47 18 title.

2341 3875 39 20 The
2388 3879 32 16 ten
2429 3883 53 17 years
2491 3877 44 21 had,
2552 3877 93 24 however,
2664 3877 75 23 elapsed
2754 3884 20 11 as

2342 3902 31 16 the
2383 3901 79 22 original
2472 3900 54 18 order
2538 3901 30 17 for
2584 3900 32 18 the
2634 3901 66 17 Crown
2718 3903 57 20 grunt

2342 3930 38 12 was
2388 3924 56 17 dated
2453 3924 45 21 July
2507 3925 17 17 2,
2535 3924 51 20 1883,
2597 3923 38 18 and
2656 3923 61 17 notice
2735 3930 38 11 was

2342 3949 34 16 not
2384 3947 64 18 served
2456 3947 49 17 until
2513 3947 109 19 December,
2634 3947 51 16 1894.
2709 3946 66 18 Under

2342 3971 32 17 the
2381 3971 36 17 Act
2426 3971 20 17 of
2455 3971 43 16 1894
2508 3970 16 17 it
2532 3975 38 12 was
2580 3970 97 22 distinctly
2686 3971 29 16 set
2723 3970 51 17 forth

2342 3994 42 17 that
2392 4000 25 11 no
2425 3994 44 17 land
2479 3992 66 19 should
2554 3993 23 17 bo
2592 3993 57 17 taken
2666 3992 61 18 which
2736 3998 39 12 was

2342 4017 89 22 occupied
2439 4023 20 11 as
2467 4023 12 11 a
2486 4016 64 18 native
2554 4016 70 23 Village
2632 4022 20 11 or
2658 4016 117 17 SCtttlomcnt

2342 4039 111 18 cultivation
2462 4043 21 14 Or
2499 4039 83 23 burying
2599 4039 80 23 ground.
2704 4039 31 16 He
2744 4045 20 11 re-

2342 4063 67 22 peated
2421 4063 29 17 his
2466 4062 94 23 objection
2577 4068 20 11 as
2613 4064 21 15 to
2650 4062 32 17 Mr
2698 4062 76 17 Baber's

2342 4086 106 20 certificate,
2457 4086 37 17 and
2503 4085 103 18 submitted
2615 4086 43 16 that
2666 4085 52 17 there
2735 4091 38 12 was

2342 4115 24 11 no
2373 4114 40 12 ca.se
2422 4111 20 15 to
2455 4111 76 15 ahswer.

2365 4132 31 17 Mr
2404 4132 44 17 Tolo
2457 4131 40 18 said
2512 4131 44 18 that
2571 4131 92 17 sufficient
2678 4132 96 21 authority

2342 4155 37 17 had
2389 4155 45 17 '.-ecu
2454 4154 95 23 produced
2564 4154 30 18 for
2610 4154 33 18 the
2657 4159 73 18 survey.
2756 4155 21 17 It

2801 153 38 12 was
2848 148 92 22 perfectly
2949 149 42 16 true
2999 148 43 17 that
3050 148 16 16 it
3074 153 39 11 was
3129 149 32 16 not
3170 150 55 18 native

2801 171 51 20 land,
2863 170 34 17 but
2906 170 45 22 they
2963 171 38 17 had
3018 170 97 22 authority
3131 171 57 17 under
3196 179 30 12 sec.

2801 196 28 18 63,
2838 194 63 16 -which
2911 193 87 22 specified
3010 194 43 16 that
3068 193 46 17 land
3130 194 58 18 under
3194 202 33 17 any

2801 219 48 17 class
2858 217 20 16 of
2886 217 42 16 title
2938 217 55 16 could
3001 217 23 16 be
3032 217 53 16 dealt
3093 216 51 20 with.
3161 217 27 22 By
3194 224 30 14 sec.

2801 243 22 16 09
2832 240 21 19 of
2861 240 32 16 the
2901 239 69 18 Native
2979 239 54 17 Land
3042 240 55 16 Laws
3111 240 116 21 Amendment

2800 265 37 17 Act
2846 262 21 17 of
2874 264 33 15 189
2909 264 9 15 j
2928 263 70 17 certain
3007 262 80 18 sections
3096 263 20 16 of
3124 262 31 18 the
3171 264 33 18 Act
3210 268 17 15 of

2803 289 43 16 1894
2864 292 48 10 were
2928 285 93 23 repealed,
3038 285 58 23 being
3112 286 114 22 inconsistent

2801 311 46 17 with
2856 309 33 17 the
2897 308 68 18 Public
2980 308 68 18 Works
3064 309 42 17 Act.
3132 309 22 16 In
3166 313 61 19 regard

2800 335 20 16 to
2831 334 33 17 the
2872 332 95 22 objection
2974 333 20 16 to
3003 332 31 16 the
3048 331 117 23 designation
3174 334 18 16 of
3199 335 27 18 the

2800 357 60 18 Block
2865 355 16 17 it
2889 361 38 11 was
2937 355 48 17 clear
2994 355 42 17 that
3045 355 38 17 this
3099 360 38 12 was
3153 356 31 16 the
3196 363 30 12 one

2799 382 71 16 meant.
2896 379 20 16 It
2923 384 40 11 was
2971 378 68 17 absurd
3054 379 20 16 to
3088 377 44 18 take
3147 384 11 10 a
3173 384 45 17 punc

2799 403 65 18 tilious
2872 401 96 22 objection
2985 402 20 15 of
3013 402 43 16 that
3063 401 52 17 kind.
3140 402 25 16 As
3173 403 19 16 to
3199 404 31 18 the'

2799 424 113 24 production
2921 425 21 16 of
2954 424 32 17 Mr
2999 424 78 18 Baber's
3093 424 95 23 authority
3196 426 30 18 His

2799 450 88 19 Worship
2897 447 62 21 might
2965 454 20 10 as
3001 448 42 16 well
3057 447 24 19 be.
3088 447 57 17 asked
3158 449 20 15 to
3186 454 29 16 pro-

2799 473 47 17 duce
2855 473 35 16 his.
2916 471 31 16 Mr
2956 471 61 16 Baber
3026 471 54 16 acted
3092 470 59 19 under
3158 471 31 17 the
3197 478 20 11 au-

2799 496 72 21 thority
2880 494 20 16 of
2909 494 32 16 the
2950 494 102 17 Governor.
3073 494 39 16 The
3121 494 65 17 Crown
3194 495 33 18 had

2799 525 25 11 no
2833 519 59 17 desire
2901 518 20 16 to
2939 516 59 18 inflict
3014 517 60 21 heavy
3091 516 95 23 penalties,
3195 518 31 19 hut

2799 542 32 16 the
2840 542 36 16 law
2886 541 50 16 must
2949 539 23 17 be
2980 539 112 18 vindicated.

2823 565 32 16 Mi-
2864 564 65 18 Cotter
2936 563 39 17 said
3043 562 126 18 Government
3177 563 33 19 had
3218 572 9 12 a

2799 588 72 22 perfect
2879 586 53 23 right
2941 588 20 15 to
2970 588 21 14 t,a
2994 586 1 24 :
3003 592 10 11 o
3022 592 37 16 any
3067 586 45 17 land
3126 586 29 17 for
3171 588 57 20 public

2799 610 68 21 works,
2886 615 24 13 on
2926 609 68 22 giving
3010 609 140 22 compensation
3167 610 28 17 for
3209 612 18 19 it,

2799 634 35 16 but.
2844 634 14 16 it
2867 638 39 12 was
2914 632 82 17 beneath
3005 638 38 16 any
3050 630 125 20 Government
3184 635 17 15 to
3207 635 21 17 do

2800 663 20 10 so
2829 657 26 20 by
2864 655 68 18 stealth
2942 656 37 16 and
2993 655 65 18 deceit.

2822 680 33 16 Mr
2863 680 45 16 Tole
2920 678 41 18 said
2976 678 43 18 that
3036 679 31 16 Mr
3084 678 65 18 Cotter
3164 679 35 18 had
3207 687 22 12 no

2801 703 53 21 right
2869 704 20 15 to
2904 703 68 19 charge
2996 702 31 17 the
3045 702 127 17 Government
3187 704 42 18 with

2800 726 65 20 acting
2874 725 26 22 by
2910 725 69 18 stealth
2988 725 38 17 and
3040 725 65 17 deceit.

2824 749 31 16 Mr
2864 748 66 18 Cotter
2938 748 98 17 remarked
3044 748 43 17 that
3094 748 24 16 he
3126 748 37 17 had
3172 755 10 10 a
3191 755 28 15 per-

2801 772 38 17 fect
2845 771 53 22 right
2907 773 19 15 to
2937 777 33 16 say
2977 771 51 17 what
3037 771 23 17 lie
3066 770 56 18 liked.
3147 772 39 16 The
3188 772 30 17 'Go-

2800 796 100 16 vernment
2909 800 47 11 were
2965 796 33 16 not
3015 794 67 23 taking
3099 794 31 17 the
3146 795 45 17 road
3204 796 26 18 for

2800 818 65 22 public
2873 823 97 17 purposes,
2980 823 21 11 or
3010 816 19 19 to
3039 819 78 15 connect
3128 817 45 18 with
3184 824 46 13 some

2800 841 55 16 other
2862 840 52 21 road,
2926 841 35 16 but
2970 841 69 22 simply
3055 840 73 17 desired
3148 842 20 15 to
3184 842 47 18 leave

2800 864 32 16 the
2841 864 73 17 natives
2923 864 33 17 the
2972 864 50 17 husk
3034 864 19 16 of
3062 870 20 10 so
3091 870 57 16 many
3157 870 48 12 acres
3213 867 18 16 of

2800 887 45 17 land
2855 887 50 17 after
2912 886 47 22 they
2966 887 38 17 hud
3013 887 56 17 taken
3076 887 31 17 the
3116 887 37 17 ker.
3163 887 66 19 id—i.e.

2801 910 32 17 the
2843 910 51 22 sight
2912 911 158 21 spots—without
3086 910 72 22 paying
3166 917 10 10 a
3184 911 36 18 half-

2800 939 64 16 penny
2872 934 21 16 of
2902 934 146 21 compensation.
3074 933 31 18 He
3114 934 80 21 thought
3203 935 27 17 the

2800 957 97 22 language
2913 957 24 16 he
2952 957 37 17 had
3006 957 46 17 used
3068 962 39 11 was
3123 958 33 15 not
3170 958 61 23 strong

2801 979 75 21 enough
2888 979 21 17 in
2923 979 127 23 condemning
3066 980 44 17 such
3126 985 24 12 an
3166 981 63 18 action.

2801 1003 31 16 Mr
2841 1002 77 17 Baber's
2927 1003 88 17 evidence
3023 1003 91 17 disclosed
3132 1003 31 16 the
3172 1004 48 18 inten-

2801 1026 50 16 tions
2860 1026 20 16 of
2888 1026 32 17 the
2926 1026 127 17 Government
3064 1026 72 22 plainly
3153 1028 78 22 enough.

2801 1049 16 16 A
2826 1049 44 21 ring
2879 1049 63 17 would
2951 1049 24 18 bo
2982 1049 102 17 runi'tmnd
3090 1049 33 17 the
3128 1049 59 22 sights
3196 1052 35 17 and

2801 1078 11 11 a
2820 1071 46 18 road
2874 1072 63 17 would
2944 1073 45 16 then
2996 1072 23 17 be
3026 1072 55 18 made
3086 1073 52 21 right
3144 1073 87 23 through,

2801 1095 38 16 The
2848 1095 64 16 Bench
2921 1101 38 12 was
2968 1096 79 17 entitled
3055 1097 21 16 to
3089 1096 44 16 look
3140 1097 91 23 narrowly

2801 1118 40 17 into
2850 1118 32 16 the
2891 1118 88 18 evidence
2996 1119 60 17 which
3074 1119 38 17 had
3128 1119 47 17 been
3191 1125 30 16 pro-

2801 1141 59 17 duced
2869 1141 38 17 and
2916 1142 41 16 into
2965 1142 33 16 the
3007 1142 85 17 Statutes
3103 1141 64 18 wMek-
3172 1144 59 17 would

2801 1164 66 17 enable
2878 1164 33 17 the
2925 1165 127 17 Government
3068 1166 20 16 to
3106 1166 75 17 commit
3197 1167 34 17 this

2801 1188 30 17 act
2840 1188 20 17 of
2869 1188 106 21 spoliation.
3001 1188 39 17 The
3048 1188 73 17 natives
3131 1189 63 17 would
3201 1191 31 16 tell

2801 1211 36 17 His
2846 1211 88 22 Worship
2942 1211 43 17 that
2993 1211 46 22 they
3048 1212 37 16 had
3101 1212 48 17 lived
3163 1218 23 11 on
3203 1214 28 16 tlie

2801 1233 45 18 land
2853 1233 29 18 for
2888 1240 54 16 years
2958 1235 36 16 and
3012 1235 36 17 had
3066 1235 102 17 cultivated
3182 1236 50 18 those

2801 1257 78 21 patches
2897 1258 61 16 which
2972 1263 48 12 were
3038 1258 61 17 worth
3116 1258 115 24 cultivating.

2801 1280 38 17 The
2848 1280 45 22 only
2902 1286 42 16 way
2953 1281 45 22 they
3008 1281 54 17 could
3076 1282 73 21 protest
3161 1283 72 20 against,

2801 1304 33 20 the
2842 1304 63 18 action
2914 1304 21 18 of
2942 1304 33 16 the
2985 1303 127 19 Government
3121 1311 38 11 was
3168 1305 25 22 by
3201 1306 21 18 do-

2801 1327 34 21 ing
2843 1327 53 16 what
2904 1327 46 21 they
2959 1327 37 18 had
3005 1327 48 18 done
3062 1328 37 17 and
3109 1328 15 17 if
3132 1328 36 17 His
3182 1329 39 17 Wor-

2801 1350 42 22 ship
2853 1350 107 17 considered
2966 1350 44 17 that
3016 1351 51 17 these
3073 1357 41 11 men
3121 1351 38 17 and
3164 1358 69 11 women

2801 1379 49 11 were
2858 1373 65 22 acting
2932 1373 19 17 in
2960 1373 76 18 defence
3045 1373 21 18 of
3074 1374 49 17 their
3131 1375 41 16 title
3177 1377 20 14 to
3204 1376 29 16 the

2801 1396 45 17 land
2855 1396 32 17 the
2896 1398 75 20 present
2980 1397 59 17 Court
3044 1397 38 17 had
3088 1404 25 10 no
3119 1398 115 22 jurisdiction

2801 1425 19 11 m
2830 1419 32 18 the
2870 1421 75 16 matter.

2824 1442 32 17 Mr
2870 1443 44 16 Tole
2932 1443 40 17 said
2985 1444 43 16 that
3041 1444 53 17 wlmt
3106 1444 31 17 the
3153 1444 69 18 Govern-

2803 1466 52 16 ment
2863 1466 70 16 wished
2939 1468 20 15 to
2968 1466 24 17 do
3001 1473 38 11 was
3053 1468 20 16 to
3090 1468 53 17 make
3157 1468 32 17 the
3201 1474 22 11 na-

2791 1489 1 24 !
2803 1489 47 16 fives
2858 1489 109 17 reasonable
2977 1489 18 17 in
3005 1490 48 16 their
3062 1490 84 23 charges.

2826 1512 31 19 Mr
2866 1512 75 17 Cotter:
2975 1513 42 17 And
3027 1519 38 16 you
3078 1513 55 18 think
3148 1520 38 16 you
3198 1515 37 17 will

2791 1535 1 25 I
2803 1535 54 17 make
2878 1536 66 21 people
2962 1536 109 17 reasonable
3084 1536 26 23 by
3123 1537 60 23 fining
3199 1538 36 17 and

2791 1556 1 25 j
2803 1558 125 23 imprisoning
2937 1559 52 17 them

2827 1581 37 17 For
2872 1581 77 18 defence
2959 1582 63 18 Haere
3037 1583 77 17 Takerei
3123 1590 38 11 was
3170 1585 63 18 called,

2791 1600 2 32 j
2803 1605 31 16 He
2841 1605 61 16 stated
2911 1605 43 17 that
2962 1605 32 17 Mr
3008 1605 62 18 Baber
3085 1612 50 12 came
3144 1609 19 15 to
3173 1608 49 18 Waio-

2803 1628 76 22 tapiion
2895 1628 33 17 the
2944 1628 31 17 Stli
2985 1629 104 18 December
3097 1630 37 17 and
3142 1631 41 17 said
3194 1632 41 17 that

2803 1651 23 17 he
2836 1651 101 17 w'asaboiit
2945 1654 19 14 to
2970 1652 31 17 lav
3011 1652 26 17 off
3042 1652 70 18 certain
3119 1653 54 17 roads
3180 1654 18 17 in
3205 1656 33 16 the'

2791 1671 2 28 I
2803 1671 66 28 block;
2892 1675 17 16 in
2921 1676 44 16 18.SO
2982 1675 52 20 there
3044 1682 48 11 were
3100 1682 57 17 many
3162 1683 74 16 persons

2803 1697 61 22 living
2885 1703 23 11 on
2923 1698 32 17 the
2968 1698 56 18 block
3044 1699 18 17 in
3075 1700 97 22 question;
3186 1702 50 17 there

2803 1724 49 13 were
2871 1720 121 18 cultivations
3012 1722 54 17 there
3085 1728 23 11 on
3119 1723 67 20 .which
3206 1725 30 17 the

2803 1743 73 18 natives
2885 1743 60 26 lived;
2959 1745 17 17 it
2989 1751 38 11 was
3041 1746 50 16 after
3104 1746 32 18 the
3153 1748 85 21 eruption

2803 1767 44 16 that,
2871 1767 101 23 sightseers
2987 1770 51 15 went
3062 1769 64 21 there;
3152 1770 32 17 the
3196 1772 41 21 part

2803 1790 61 17 which
2883 1791 85 17 contains
2980 1792 32 16 the
3021 1792 61 22 sights
3091 1798 38 12 was
3137 1794 89 22 complete-

2803 1812 21 23 ly
2845 1813 65 18 fenced
2926 1814 61 18 round
3006 1815 37 17 last
3064 1816 58 21 y6ar;'
3138 1816 53 17 there
3209 1819 32 16 are'

2804 1836 123 18 cultivations
2934 1838 67 16 within
3016 1839 32 16 the
3063 1839 62 17 fences
3137 1840 100 22 consisting

2804 1860 20 16 of
2850 1861 92 21 potatoes,
2964 1861 81 21 melons,-
3059 1862 83 21 tobacco,
3163 1860 35 24 &c;
3217 1864 24 17 lie'

2804 1882 115 19 understood
2927 1884 48 17 from
2981 1884 32 17 Mr
3017 1884 62 18 Baber
3094 1886 41 17 that
3151 1886 31 17 the
3193 1887 43 17 road

2792 1904 2 26 !
2804 1906 63 17 would
2883 1912 24 15 go
2916 1906 85 24 through
3015 1908 32 16 the
3063 1908 109 21 cultivation
3181 1904 3 26 ;
3205 1916 32 11 one

2792 1927 2 28 J
2804 1929 63 17 whare
2873 1927 66 19 within
2949 1931 33 17 the
2992 1931 53 17 fence
3060 1931 94 23 belonged
3168 1934 20 16 to
3200 1933 39 18 him'

2805 1952 32 17 the
2846 1953 54 17 other
2906 1955 20 15 to
2938 1954 64 22 Aporo
3010 1952 2 24 ;
3028 1954 52 18 there
3087 1960 31 12 are
3126 1961 51 12 some
3186 1957 52 17 other

2805 1975 67 17 houses
2881 1982 24 11 on
2913 1977 32 16 the
2954 1978 97 16 srinebh.c
3053 1975 3 27 l
3069 1978 52 17 anda
3127 1981 54 19 great
3185 1985 54 17 many

2805 1999 54 17 other
2868 1999 104 18 cultivatioi
2981 2007 8 10 s
2998 2001 74 18 outside
3078 2001 33 18 the
3119 2002 62 21 fence;
3198 2004 30 16 wit-

2804 2027 43 12 ness
2854 2022 40 17 told
2904 2023 31 17 Mr
2942 2024 61 16 Bailor
3010 2024 24 16 he
3044 2025 61 16 would
3116 2024 33 18 not
3164 2028 74 16 consent

2805 2046 20 15 to
2839 2045 32 17 the
2887 2051 67 17 survey
2968 2047 55 17 heiiir
3039 2047 61 19 nude;
3115 2048 23 17 he
3150 2049 44 17 used
3208 2051 30 16 the

2804 2068 69 21 phrase,
2878 2070 104 17 attributed
2989 2072 20 15 to
3015 2070 38 17 liim
3064 2077 23 11 on
3093 2071 43 18 that
3145 2072 92 20 Occasion;

2804 2091 24 17 he
2838 2091 87 22 objected
2940 2095 19 15 to
2973 2094 32 16 the
3020 2100 68 16 survey
3102 2094 78 19 because
3196 2096 43 23 they

2804 2115 70 17 wished
2885 2117 19 16 to
2912 2122 73 11 reserve
2991 2117 32 17 the
3032 2117 136 22 Ngawliasasa
3177 2122 66 15 source'

2803 2138 21 16 of
2838 2143 80 13 revenue
2931 2141 20 16 to
2966 2140 113 17 themselves
3089 2138 3 22 ;
3107 2141 38 18 and
3160 2142 38 17 also
3207 2143 21 16 be-

2792 2159 1 28 !
2803 2166 55 12 cause
2865 2161 46 23 they
2916 2162 84 22 thought
3007 2164 52 16 there
3069 2169 37 12 was
3115 2170 10 11 a
3134 2165 104 22 sufficiency

2803 2183 21 17 of
2839 2184 56 18 roads
2918 2185 58 18 about
2994 2185 52 18 there
3059 2187 38 17 and
3113 2187 50 17 their
3179 2188 59 18 fences

2803 2206 64 18 would
2876 2206 23 19 Be
2906 2208 71 18 broken
2993 2209 61 21 down,
3070 2210 37 17 and
3122 2211 50 17 their
3185 2212 45 16 culti-

2803 2230 75 17 vations
2887 2231 100 18 interfered
2999 2233 51 17 with.

2827 2253 164 20 Cross-examined
3001 2253 3 26 :
3018 2256 64 23 Aporo
3092 2253 1 26 .
3105 2257 37 17 and
3164 2258 74 17 witness

2803 2276 37 17 and
2849 2275 50 19 their
2914 2279 56 17 wives
2984 2279 50 17 lived
3051 2280 65 16 within
3130 2280 33 17 the
3175 2281 51 17 fence
3234 2275 3 26 ;

2803 2300 32 16 the
2844 2300 55 17 other
2910 2301 67 19 houses
2994 2308 48 12 were
3051 2309 11 11 a
3071 2303 43 17 mile
3131 2303 77 22 distant,
3226 2305 13 17 if

2803 2323 33 17 the
2842 2324 46 17 road
2895 2325 77 21 started,
2977 2326 48 17 from
3034 2326 33 17 the
3076 2329 44 20 gate
3129 2327 15 17 it
3153 2329 50 16 must
3212 2334 24 16 go

2803 2346 84 23 through
2897 2348 32 16 the
2939 2348 117 18 cultivation.

2827 2369 84 19 Pateriki
2925 2372 107 22 Tokorangi
3050 2373 40 17 said
3105 2373 23 17 he
3142 2373 38 18 had
3193 2374 45 17 been

2802 2392 62 22 living
2872 2400 25 11 on
2902 2395 33 16 the
2944 2395 59 17 Block
3012 2396 50 17 since
3079 2397 44 16 1870
3130 2392 3 25 ;
3148 2397 32 17 the
3199 2398 28 16 cul-

2803 2416 82 18 tivation
2897 2423 43 11 now
2957 2418 60 17 inside
3034 2419 32 17 the
3084 2420 52 17 fence
3145 2426 37 12 was
3200 2421 38 17 first

2803 2439 79 21 planted
2891 2441 18 17 in
2921 2442 44 16 1888
2975 2439 4 22 ;
2994 2442 23 17 he
3031 2442 49 18 lived
3095 2442 58 19 about
3168 2450 11 11 a
3196 2444 42 17 mile

2791 2459 1 27 [
2801 2468 54 17 away
2862 2464 49 18 front
2923 2465 40 19 the.
2971 2465 53 17 fence
3032 2459 4 27 ;
3051 2472 24 10 on
3092 2466 33 16 Stli
3137 2467 101 17 December

2803 2489 24 16 he
2837 2487 39 16 told
2886 2488 34 19 Mr.
2926 2488 61 17 Baber
2993 2489 42 16 that
3045 2489 31 16 the
3085 2489 43 17 land
3139 2490 25 17 till
3165 2496 30 11 ten
3210 2491 28 16 for

2802 2510 55 18 roads
2867 2511 64 17 would
2941 2517 43 16 pass
2993 2512 83 21 through
3085 2512 43 17 that
3137 2514 75 20 portion
3220 2514 19 17 of

2801 2534 51 18 their
2860 2534 45 18 land
2914 2534 48 18 from
2972 2535 61 17 which
3048 2535 46 23 they
3109 2535 75 19 derived
3198 2543 30 11 sus-

2801 2559 90 21 tenance;
2905 2559 23 15 he
2938 2558 70 22 quoted
3017 2559 70 17 section
3096 2560 22 15 94
3127 2560 20 16 of
3156 2560 31 16 the
3201 2561 36 16 Act

2801 2582 21 16 of
2841 2581 45 16 1880
2899 2581 38 18 and
2952 2581 15 16 it
2982 2585 38 14 was
3034 2581 61 18 under
3110 2582 42 17 that
3168 2583 68 17 section

2800 2601 46 25 they
2855 2604 87 22 objected
2955 2606 20 15 to
2981 2605 33 16 the
3022 2611 68 16 survey
3103 2605 57 23 being
3173 2606 53 17 made
3233 2601 3 27 ■

2801 2628 23 16 he
2838 2628 55 16 made
2906 2628 33 16 the
2954 2628 80 17 allusion
3049 2630 20 15 to
3088 2628 58 22 being
3155 2632 11 6 •'
3179 2630 48 17 cruci-

2801 2651 36 17 fied
2847 2656 24 11 on
2881 2651 31 17 the
2920 2651 55 17 Cross
3008 2657 24 11 on
3041 2651 33 17 the
3084 2652 42 16 12th
3135 2652 101 18 December

2801 2674 37 17 and
2847 2675 35 16 not
2891 2674 32 17 the
2934 2674 39 17 Bth.

2825 2696 165 18 Cross-examined
2999 2696 2 23 :
3017 2698 28 16 On
3055 2698 32 17 the
3102 2698 33 17 Bth
3153 2699 22 17 he
3193 2700 43 19 only

2801 2720 61 17 stated
2872 2720 43 19 that
2923 2720 23 18 he
2955 2721 64 17 would
3028 2722 33 16 not
3077 2723 77 16 consent
3170 2724 20 16 to
3206 2723 32 17 the

2801 2749 68 17 survey
2878 2743 58 23 being
2944 2743 55 18 made
3006 2743 4 23 ;
3026 2744 31 17 Mr
3066 2745 60 17 Baber
3132 2745 75 17 showed
3213 2752 23 11 no
3239 2743 1 23 1

2800 2773 68 15 papers
2878 2773 24 10 on
2912 2766 32 17 the
2953 2767 39 17 Bth.
3023 2768 39 17 The
3079 2768 53 17 fence
3148 2774 38 12 was
3203 2770 33 21 put

2800 2790 62 17 round
2871 2790 32 17 the
2913 2790 75 23 springs
2998 2797 19 11 so
3030 2797 20 11 as
3060 2792 19 16 to
3093 2792 72 17 enclose
3179 2792 56 17 them.

2801 2813 42 19 The.
2849 2813 124 17 interference
2987 2814 54 19 with,
3048 2815 32 16 the
3098 2818 68 19 survey
3182 2816 55 21 party

2800 2836 46 17 took
2855 2837 54 21 place
2918 2842 24 11 on
2951 2837 33 17 the
2993 2837 45 17 road
3051 2837 61 18 which
3125 2838 31 17 led
3170 2839 20 16 to
3205 2839 31 17 the

2800 2860 65 22 Taupo
2879 2859 52 18 road.

2824 2883 64 22 Aporo
2897 2883 70 21 Apiata
2975 2883 62 17 stated
3045 2881 24 19 he
3081 2889 37 12 was
3135 2885 21 17 at
3172 2885 50 17 Waio-

2801 2907 46 21 tapu
2864 2912 24 11 on
2905 2906 104 18 December
3026 2906 45 22 Bth;
3093 2907 23 17 he
3132 2907 38 18 had
3186 2908 50 17 lived

2801 2929 52 17 there
2862 2929 50 17 since
2923 2930 43 17 1877
2973 2929 4 20 ;
2992 2929 120 18 cultivations
3121 2931 37 17 had
3165 2931 71 18 existed

2799 2952 54 17 there
2862 2953 49 17 from
2921 2953 32 16 the
2963 2953 45 22 days
3018 2954 20 16 of
3050 2953 29 18 his
3094 2955 95 16 ancestors
3206 2955 28 16 till

2799 2981 44 11 now
2850 2976 4 20 ;
2869 2976 49 17 from
2927 2976 52 17 what
2987 2976 32 17 Mr
3027 2976 63 18 Baber
3097 2977 40 17 said
3153 2978 24 16 he
3191 2983 32 12 con-

2800 2999 72 17 sidered
2881 2999 42 17 that
2935 3005 35 11 one
2984 3000 19 16 of
3016 2999 33 17 the
3064 3000 54 17 roads
3132 3001 62 17 would
3211 3007 23 16 go

2799 3022 84 22 through
2905 3022 32 17 the
2958 3022 125 18 ciiltivittioris'
3095 3023 37 17 and
3156 3023 78 18 another

2799 3045 26 22 by
2834 3045 32 17 the
2876 3045 122 23 Champagne
3008 3046 52 19 Pool,
3070 3046 47 17 Blue
3126 3047 56 20 Luke,
3196 3048 37 17 etc.,

2798 3068 49 17 back
2864 3070 21 16 to
2905 3069 33 17 the
2957 3069 82 22 starting
3053 3068 63 23 point;
3137 3070 31 17 the
3185 3070 50 17 third

2799 3091 98 22 would.go
2906 3091 83 21 throtVglt
2998 3093 43 21 part
3050 3093 21 16 of
3079 3093 32 17 the
3124 3093 61 21 sights
3198 3093 36 17 and

2799 3114 46 17 then
2857 3115 40 21 join
2912 3115 32 17 the
2959 3116 65 21 Taupo
3040 3116 52 16 road.
3204 3116 30 17 Mr

2799 3137 82 17 Mueller
2890 3143 51 12 came
2951 3138 75 18 witness
3034 3138 37 17 and
3081 3139 32 17 the
3122 3139 63 17 others
3201 3140 22 16 ob-

2799 3161 61 21 jected
2871 3162 19 16 to
2900 3161 33 17 the
2941 3167 68 16 survey
3017 3161 37 17 and
3067 3162 32 16 Mr
3107 3163 80 17 Mueller
3196 3163 38 17 said

2799 3183 16 17 if
2823 3183 45 23 they
2879 3184 32 17 did
2919 3185 46 21 they
2974 3184 62 18 would
3047 3183 23 18 lie
3083 3185 115 22 imprisoned
3214 3191 20 12 or

2798 3206 57 18 fined.

2822 3230 36 18 His
2867 3230 89 23 Worship
2963 3230 61 18 stated
3033 3237 20 11 as
3062 3231 52 18 there
3123 3237 49 12 were
3177 3238 56 16 many

2799 3253 64 21 points
2872 3255 20 15 to
2901 3254 24 16 be
2934 3254 107 17 considered
3050 3254 24 17 he
3082 3255 64 17 would
3161 3260 72 12 reserve

2799 3276 30 17 his
2838 3276 80 18 decision
2929 3276 30 18 till
2967 3279 46 15 next
3022 3277 59 18 Court,
3090 3277 42 23 day.

1105 93 58 19 TEE
1191 86 56 27 ±IOT
1275 92 94 22 LAKES
1397 92 171 22 CHRONICLE,
1597 90 163 23 THURSDAY,
1791 90 152 21 DECEMBER
1972 92 31 22 24,
2021 91 48 17 1896

229 215 11 17 V
245 215 1 17 .
303 215 2 17 ,
315 217 38 15 >!**

122 262 7 15 S
130 258 2 19 T
136 260 47 17 ION
188 260 84 17 STEAM
274 260 60 17 SHIP
338 258 127 19 COMPANY
467 258 33 17 OF

163 283 58 17 NEW
234 282 121 18 ZEALAND
364 281 89 19 Limited.

132 320 75 15 ri.-Oi'O
214 320 39 14 •.£!}
266 314 82 21 i)kFaK
354 314 3 21 i
367 319 8 16 ITKJis.l
376 314 3 21 T
385 319 47 15 KJis.

65 344 361 72 brndA

143 424 49 15 FOK
202 423 43 16 hulj
254 425 5 13 1
268 422 3 17 1
277 422 2 17 1
285 422 47 15 IiUN
344 422 73 14 I'OKIS

70 460 8 14 'I
85 464 83 11 akal'UNa.
176 465 49 14 every
235 458 74 20 Mmifl'iy

69 481 129 17 Maiiinapua
207 486 55 16 every
268 479 103 22 Thursday.

67 519 92 16 Atirl-liiiifl
167 518 65 16 Brimcli
284 517 106 16 Pulmerstou
402 516 98 21 Buildiuus,

70 657 17 23 1
101 658 9 25 |
119 656 111 20 ITDDART,
255 655 110 20 PARKER,
386 655 55 17 AND
463 654 30 18 CO

72 679 19 19 JL
98 681 19 17 .8.
231 678 107 23 (limited),

92 725 95 22 Splendid,
364 724 94 18 Steamers

68 748 23 17 Vie
100 748 113 22 despatched
222 748 48 17 from
279 750 118 14 Auckland,
407 753 21 11 us
442 747 58 16 under

66 771 92 22 (weather
174 771 37 17 and
230 771 54 17 other
299 771 144 17 circumstances
458 775 32 17 per-

69 794 121 23 mitting;-

68 818 42 16 Foil
116 817 135 18 GLSBORNE,
258 816 104 20 NAPIER,
369 816 115 17 WELLING-

91 841 57 20 TON,
159 840 156 19 LYTTELTON,
325 841 15 15 &
348 839 129 20 DUNEDIN,

70 864 115 16 Tasmania.
193 863 123 20 ...Tuesday,
323 863 45 17 Dee.
378 863 28 18 29,
416 863 78 16 linoon
494 863 2 20 1
496 863 4 20 .

70 888 101 19 Anglian,
178 887 101 18 Tuesday,
286 886 43 17 Jan.
343 887 56 18 12,12
406 891 55 11 noon.

196 933 50 17 FOR
261 932 111 20 SYDNEY,

115 955 114 23 (vßetiu-ning
241 957 20 16 to
269 955 98 17 Auckland
375 954 79 22 Direct.)

69 978 93 23 Carrying
181 979 113 22 Passengers
314 978 29 17 for
366 976 133 21 Melbourne,

80 1002 55 17 otlier
140 1003 130 16 Australian
277 1002 69 18 Pouts,
354 1001 38 17 and
397 1001 90 18 llohani',

71 1030 133 19 Anglian,...
212 1029 105 18 .Monday,
326 1028 45 18 Dee.
385 1029 28 19 28,
430 1030 10 14 4
454 1034 45 15 p.m.

71 1053 115 16 Tasmania.
194 1066 25 3 ...
225 1052 97 18 Monday,
331 1051 43 17 Jan.
386 1052 27 19 11,
427 1053 12 15 4
453 1056 46 16 p.m.

93 1079 31 17 All
132 1077 74 19 Tickets
213 1085 31 11 are
252 1079 94 17 available'
352 1079 40 16 also
406 1078 29 17 for
444 1077 45 23 Stop-

69 1108 44 11 over
122 1109 21 10 or
152 1103 69 16 Return
236 1102 26 22 by
273 1102 54 17 ANY
343 1102 85 17 UNION
442 1100 58 19 CO.'S

70 1125 139 20 STEAMERS,
219 1125 37 17 and
263 1124 74 18 holders
345 1126 21 16 of
374 1124 66 18 U.S.S.
458 1124 42 18 Go's

70 1148 75 18 Tickets
164 1154 43 16 may
223 1148 61 17 travel
299 1148 25 22 by
345 1147 117 17 ANGLIAN
480 1152 20 12 or

69 1171 138 18 TASMANIA.

167 1200 22 17 L.
202 1200 24 17 D.
235 1200 107 16 NATHAN
355 1200 16 16 &
384 1199 45 21 CO.,

397 1223 82 21 Agents.-

72 1277 219 46 Rotorua
310 1277 186 55 Sights.

70 1357 97 18 rMRIPS
190 1357 141 18 ARRANGED
345 1358 20 16 to
386 1357 61 18 ALL
468 1357 32 17 the

84 1374 8 23 I
133 1379 106 19 SIGHTS
248 1380 20 17 in
277 1381 31 16 the
317 1380 80 17 District
404 1380 23 22 by
437 1380 63 20 coach,

68 1404 139 17 steam-launch
217 1410 20 10 or
246 1404 61 16 horse.'

91 1427 90 21 Through
190 1432 89 17 passages
287 1426 72 18 booked
374 1427 21 16 to
408 1426 81 22 Welling-

67 1451 35 15 ton
111 1450 29 16 via
150 1450 98 19 Wairalcci,
263 1450 64 21 Taupo
339 1450 39 16 and
392 1446 71 25 Napier
480 1455 20 11 or

68 1473 32 17 the
110 1472 105 18 celebrated
224 1472 105 23 Wanganui
337 1472 58 18 River
404 1472 66 18 Route.

138 1504 153 25 LOWEST
308 1504 124 25 Rates.

69 1560 96 18 GUIDE
190 1559 101 19 BOOKS
315 1565 30 12 on
371 1559 52 19 Sale
454 1559 46 19 and

161 1583 149 18 distribution
325 1583 80 23 gratis.

145 1629 71 18 THOS.
226 1629 69 18 COOK
306 1629 53 17 AND
374 1629 54 21 SON,

122 1663 99 17 Jlinemoa
242 1662 83 21 Street,
348 1663 103 17 Rotorua.

188 1731 27 12 BY
227 1730 152 13 APPOINTMENT.'

266 1763 35 21 Jfe*.
312 1766 18 15 e?

289 1781 7 14 i
328 1781 9 10 V

187 1805 101 20 **i^

454 1892 10 19 J

66 1918 251 20 MANUFACTURING-
338 1918 160 20 JEWELLEE.

145 1945 60 18 AND
221 1941 197 26 SILYERSSIITH,

68 1980 99 25 QUEEN
188 1979 124 28 STREET,
329 1978 169 26 AUCKLAND.

257 2019 40 13 AND

103 2046 27 25 B.
152 2046 187 25 PETERSEN
357 2046 23 25 &
399 2045 64 32 CO.,

69 2087 63 23 High
153 2088 82 21 Street,
254 2086 243 19 CHRISTCHURCH.

90 2135 117 17 HIGHEST
219 2135 107 17 AWARDS
335 2135 138 17 OBTAINED.

67 2170 76 22 Sydney
152 2170 115 18 Exhibition,
277 2170 50 20 1879,
337 2170 38 17 and
387 2170 113 17 Melbourne'

193 2193 117 20 Exhibition,
322 2193 50 17 1890.

332 2382 14 15 V

219 2452 56 19 ASK
292 2452 51 19 FOR

105 2336 67 14 TRADE
397 2333 65 17 &A&IC.

66 2500 434 49 HANCOCKS'

192 2576 180 20 CELEBRATED

245 2628 85 32 un

176 2687 38 42 A
233 2687 37 42 L
284 2687 38 43 E
342 2686 43 51 S,

194 2749 57 12 MADE
260 2749 54 13 FROM
323 2749 43 14 TUB

70 2776 115 34 FINEST
318 2779 51 31 Mil
370 2779 46 31 AND
417 2779 79 36 HOPS,

105 2867 52 13 FREE
169 2867 55 13 FROM
236 2867 39 13 A*LL
287 2864 129 16 ANtfISEtfTICS
428 2867 25 13 OR

171 2894 27 12 D2s
200 2893 36 13 LET
237 2894 12 12 E
263 2894 7 12 J
273 2894 25 12 017
299 2894 10 12 S
327 2893 64 13 ACIDS.

70 2958 136 32 CAPTAIN
229 2958 81 31 COOK
328 2958 166 37 BREWERY,

170 3001 189 20 NEWMARKET.

79 3064 10 27 |
99 3064 57 17 OHN
179 3064 16 16 I.
226 3063 105 18 PHILIPS
363 3064 54 16 AND
450 3063 44 20 CO.,

66 3080 22 26 t)
174 3090 75 14 MINING
262 3090 120 18 engineers,

113 3114 129 13 authorised
256 3114 75 13 mining
344 3114 42 13 and
395 3112 54 15 band

159 3137 103 13 transfer
275 3136 122 14 surveyors.

65 3178 57 18 Head
131 3178 68 18 Office:
221 3179 105 22 Halyday's
342 3179 107 22 Buildings,
466 3179 28 20 26,

136 3201 175 21 iShortland-street,
320 3201 106 18 Auckland.

65 3230 46 17 P.O.
121 3230 41 17 Box
171 3231 40 17 332.
340 3231 107 21 Telephone
456 3231 39 16 980.

66 3257 58 18 Cable
132 3257 80 18 Address
221 3257 3 18 '
238 3258 135 17 Ttieodolite.
391 3258 104 17 Auckland.

193 3304 74 17 Branch
284 3304 66 18 Offices
358 3304 4 18 :

65 3329 172 23 Wharf-street,
246 3332 164 17 I'aeroa—MrF.
421 3333 21 16 A.
449 3334 36 17 Cut-

90 3357 38 18 ten,
140 3355 51 20 C.E.,
200 3355 77 23 Mining
290 3356 94 21 Surveyor
395 3356 21 16 in
428 3356 69 23 charge

90 3379 20 16 of
119 3378 78 17 district.

66 3402 167 19 Brown-street,
244 3402 139 17 Thames—Mr
394 3402 67 17 Albert
478 3402 17 17 S.

89 3424 70 21 Alloin,
169 3424 41 17 Min
219 3429 27 17 «g
255 3424 93 23 Surveyor
355 3425 21 17 in
392 3425 69 22 charge
478 3426 20 16 of

89 3447 78 17 district.

66 3470 101 17 Katanga
187 3470 62 20 Boad,
272 3470 168 18 Cohomandel—
450 3471 45 17 P.O.

90 3494 41 16 Box
149 3494 26 17 17.
200 3494 32 16 Mr
247 3494 23 16 E.
287 3494 25 16 11.
330 3494 74 22 Hardy,
421 3494 77 22 Mining

90 3515 93 24 Surveyor
190 3516 19 17 in
219 3516 67 23 clinrgc
296 3517 18 16 of
323 3516 79 18 district.

158 3572 133 18 ANNUAL
303 3572 101 19 PICNIC

68 3611 26 19 Of
102 3611 34 18 the
145 3611 76 19 United
230 3612 79 21 Sunday
318 3612 81 19 Schools
406 3613 20 18 of
433 3612 52 19 Roto-

67 3643 38 12 rua.
115 3636 39 19 will
164 3637 25 19 Le
199 3638 46 18 held
256 3640 21 16 at
286 3638 28 19 Te
327 3638 61 25 Ngae
404 3645 24 12 on
446 3638 51 19 New

66 3662 74 20 Year's
150 3663 50 24 Day.

94 3694 88 19 Conches
204 3695 40 18 will
270 3695 56 19 leave
356 3696 35 19 the
419 3694 79 21 Parade

68 3722 20 17 at
98 3722 11 16 9
117 3724 46 15 a.m.
191 3718 77 21 Return
280 3721 61 19 Fures
352 3718 3 26 :
382 3721 114 23 Residents,

68 3746 75 19 Adults
154 3747 27 16 2s.
196 3746 94 19 Children
297 3747 116 25 half-price.
428 3747 59 19 Child-

67 3778 35 12 ren
114 3771 105 25 attending
230 3772 79 25 Sunday
320 3773 81 21 Schools
409 3774 48 18 free.

127 3822 114 22 Rotorua
254 3822 78 23 Town
346 3823 89 23 Board.

232 3873 32 19 for
273 3875 34 17 the
317 3875 89 24 clearing
423 3876 20 18 of
453 3875 30 19 Ma-

75 3894 21 22 -I
135 3900 60 18 iiuka.
225 3899 122 19 Particulars
357 3903 20 17 to
385 3901 26 19 be
426 3901 41 19 had
478 3904 21 16 at

68 3927 35 17 the
113 3925 55 19 office
179 3925 21 19 of
209 3925 34 19 the
253 3925 72 22 Board,
340 3927 67 17 where
417 3927 81 19 tenders

68 3957 47 19 nmy
127 3951 23 19 ho
160 3951 73 25 lodged
242 3951 52 19 lintil
303 3955 52 15 nooii
366 3952 20 19 of
400 3952 84 20 Wednes-

68 3978 45 25 day,
126 3977 48 19 30th
183 3977 47 21 inst,

237 4003 22 19 C.
276 4002 142 23 MALFROY,

353 4029 115 20 Chairman.

97 4055 91 23 Rotorua,
200 4054 111 20 December
322 4054 56 23 23rd,
391 4057 54 16 1896.

233 4111 102 17 KNOWN.
338 4110 84 18 —Yiews
435 4112 20 16 of
468 4111 32 18 the

89 4136 6 14 f
105 4134 9 18 V
157 4134 78 17 District
244 4134 19 16 in
272 4134 74 23 photos,
357 4133 35 17 oils
400 4134 35 16 and
442 4136 58 15 wafrr

160 4159 19 15 to
188 4157 22 17 bo
218 4157 38 17 had
263 4159 19 15 at
289 4157 118 17 CHRONICLE
414 4157 61 17 Office.

674 212 122 40 &wm

524 334 104 20 HHOWN
633 334 189 20 ASDSUBURBS
831 334 34 18 OP
872 334 65 18 BOTO-

529 353 23 24 JL
585 361 58 18 RUA,
662 361 53 17 HOT
733 360 83 18 LAKES
829 360 123 19 DISTRICT,

522 384 51 17 FOB
583 384 81 17 LEASE
677 384 35 16 BY
726 383 94 17 PUBLIC
833 383 119 17 AUCTION.

549 433 72 19 Notice
644 433 16 18 is
679 433 76 24 hereby
775 433 60 24 given
855 432 45 19 that
919 432 34 18 tlio

522 459 180 19 undermentioned
711 459 67 21 Town,
788 458 115 22 Suburban,
913 458 40 18 and

522 485 66 18 Rural
607 485 88 18 Sections
703 485 21 18 in
734 485 35 18 tlio
778 484 62 19 Town
860 484 40 18 and
915 484 26 17 Su-

523 511 63 18 burbs
596 511 21 18 of
628 512 94 21 liotorua,
735 510 40 18 will
787 511 24 18 bo
827 510 76 19 offered
912 510 42 18 tfor

523 537 63 18 Lease
597 537 26 24 by
630 536 68 25 public
705 536 87 22 auction,
804 537 31 18 for
842 543 12 12 a
871 539 49 15 term
933 536 21 18 of

524 563 123 24 ninety-nine
656 568 65 18 years,
733 565 20 15 at
766 562 34 18 the
810 564 59 22 upset
879 562 75 18 annual

523 589 65 18 rental
595 588 59 19 noted
666 587 63 19 below
744 592 21 14 at
775 588 34 18 the
821 588 131 19 Courthouse,

523 614 96 23 Rotorua,
634 621 24 11 on
674 613 161 23 TIIJR>DAY,
856 614 33 18 the
910 614 44 18 21st

523 640 98 24 January,
634 640 55 22 1897,
701 643 21 15 at
735 639 69 19 eleven
815 640 74 18 o'clock
907 646 45 12 a.m.

626 673 62 19 ToWX
701 679 25 13 OF
744 673 105 20 RoToltUA.

549 708 69 19 Block
628 707 140 19 IX—Section
779 710 18 21 5,
809 710 5 16 1
820 715 13 16 r,
846 712 59 21 upset
918 715 24 12 an-

524 735 48 18 nual
581 737 44 16 rent,
635 736 27 16 £-1
672 741 5 16 ;
692 736 17 20 (i,
722 736 25 18 Iv,
764 735 37 18 £3.

550 760 68 19 Block
628 759 128 19 X—Section
769 762 17 21 9,
801 762 26 20 lr,
838 763 60 22 upset
918 766 24 12 an-

524 787 47 19 nual
581 787 93 22 rentiS;
693 787 29 21 10,
745 787 26 18 lr.
790 786 41 24 £3;
856 788 28 19 11,
908 788 45 21 32p,

524 814 44 21 £4;
586 813 27 21 12,
625 813 44 24 32p,
686 813 41 22 £3;
751 813 29 22 13,
798 814 44 23 32p,
858 813 40 22 £3;
924 814 29 22 14,

524 841 45 22 o2j),
581 839 35 18 £4.

549 865 69 18 Block
634 863 140 19 Xl—Section
796 866 14 21 1,
832 865 45 24 32p,
898 867 56 20 up-et

524 890 75 19 annual
609 893 44 15 rent
663 889 28 19 £4
700 897 5 16 ;
751 891 45 24 32p,
808 890 29 19 £3
846 892 45 21 ;3.
908 893 45 22 32p,

524 917 29 18 £3
565 916 4 24 ;
583 919 16 19 5,
614 918 25 20 lr,
651 917 31 19 £3
690 916 4 24 ;
713 917 16 22 8,
745 917 26 21 lr,
781 916 29 19 £3
822 916 4 24 ;
840 918 18 22 9,
872 919 25 21 lr,
912 917 28 18 £3
950 916 4 24 ;

524 944 29 21 20,
569 944 24 21 lr,
606 942 35 18 £4.

550 969 67 18 Block
626 967 53 20 XVI
680 967 106 20 —Section
799 967 29 26 11,
846 970 31 23 3p,
896 971 58 22 upset

524 995 74 18 annual
607 997 44 16 rent
661 994 36 18 £5.

550 1021 67 18 Block
629 1019 162 20 XXl—Section
800 1021 17 21 1,
826 1021 22 18 2r
855 1021 31 24 2p,
896 1024 58 21 upset

522 1046 76 20 annual
607 1048 44 16 rent
661 1047 29 17 £5
699 1046 4 25 ;
719 1047 17 20 3,
748 1047 22 17 2r
780 1048 45 23 20p,
837 1048 36 18 £5.

548 1073 68 18 Block
626 1072 175 19 XXll—Section
819 1075 16 21 9,
851 1075 24 21 lr,
896 1076 58 21 upset

522 1098 75 19 annual
606 1100 45 16 rent
661 1098 35 19 £4.

548 1125 68 18 Block
626 1124 206 19 XXVlll—Section
847 1126 16 22 3,
876 1126 22 17 2r
908 1126 44 23 20p,

522 1155 59 21 upset
587 1150 72 19 annual
670 1154 46 15 rent
726 1152 37 18 £5.

548 1178 69 17 Block
626 1176 185 19 XXIX—-ection
824 1178 15 22 1,
858 1178 25 21 lr,
898 1181 56 20 upset

522 1202 75 19 annual
607 1205 44 15 rent
662 1202 29 19 £4
702 1202 4 24 ;
722 1205 18 19 2,
755 1205 25 20 lr,
791 1203 29 18 £3
829 1202 4 24 ;
849 1204 17 21 3,
880 1205 26 20 lr,
918 1203 36 23 £3;

522 1232 18 20 4,
555 1231 26 21 lr,
592 1228 41 23 £3;
649 1230 17 21 6,
683 1230 25 21 lr,
720 1229 41 23 £3;
777 1231 16 21 9,
815 1232 24 20 lr,
854 1230 44 22 £4;
924 1231 28 20 10,

526 1257 25 20 lr,
562 1256 30 19 £3
600 1256 4 23 ;
623 1256 27 21 11,
663 1256 26 21 lr,
702 1257 31 17 £3
742 1256 4 23 ;
765 1257 27 22 12,
807 1258 26 20 lr,
854 1257 30 18 £3
893 1262 5 16 ;
922 1257 30 20 14,

526 1283 25 20 lr,
564 1283 32 18 £3.

548 1307 70 19 Block
626 1306 173 20 XXX—Section
810 1309 17 20 2,
851 1309 25 21 lr,

524 1333 74 19 annual
609 1335 42 16 rent
661 1331 26 19 £l
698 1340 7 15 y
717 1335 17 19 4,
746 1334 27 22 lr,
785 1333 26 19 £4
821 1331 4 25 ;
840 1335 18 21 5,
872 1335 25 20 lr,
913 1333 27 18 £4
948 1340 5 16 ;

525 1361 16 21 7,
555 1361 26 21 lr,
595 1359 26 18 £4
630 1358 4 24 ;
650 1358 16 23 9',
681 1361 26 20 lr,
719 1359 34 18 £4.

549 1385 69 19 Block
626 1383 184 21 XXXl—Section
822 1387 17 21 8,
850 1387 25 22 lr,
896 1387 58 19 upset

523 1411 74 19 annual
607 1413 44 16 rent
661 1411 34 18 £5.

549 1437 68 19 Block
626 1436 204 20 XXXlV—Section
841 1439 17 18 3,
870 1439 23 16 2r
907 1438 45 23 20p,

523 1466 58 22 upset
590 1462 73 20 annual
675 1465 44 16 rent
728 1462 27 19 £5
763 1462 3 26 ;
781 1465 18 21 4,
809 1465 23 16 2r
839 1465 24 17 20
867 1470 16 18 p,

548 1489 69 19 Block
626 1488 192 19 XXXV—Section
828 1492 19 18 4,
861 1491 26 20 lr,
897 1492 57 22 upset

523 1515 72 18 annual
607 1517 44 16 rent
660 1514 40 24 £3;
716 1517 17 18 5.
748 1517 25 20 lr,
785 1515 39 23 £3;
840 1517 17 21 0,
870 1517 26 19 lr,
913 1515 40 23 £3;

526 1543 27 21 12,
565 1543 24 19 lr,
602 1541 38 21 £3;
659 1542 27 19 13,
701 1543 24 21 lr,
736 1542 33 22 £3;
786 1543 29 21 14,
829 1543 25 21 lr,
867 1541 33 19 £3.

549 1567 67 18 Block
625 1566 203 20 XXXVl—Section
840 1569 16 18 3,
872 1569 25 21 lr,
916 1574 26 18 up-

524 1595 29 16 sot
562 1592 74 19 annual
646 1595 45 16 rent
701 1592 33 19 £4.

548 1618 68 19 Block
637 1618 228 20 XXXVlll—Section
895 1622 13 20 1,
932 1621 22 17 2r

523 1646 44 23 20p,
579 1647 58 21 upset
649 1644 76 19 annual
734 1648 46 15 rent
790 1644 27 19 £5
826 1644 4 26 ;
846 1647 17 21 3,
875 1647 23 17 2r
907 1648 45 22 20p,

522 1670 26 19 £5
558 1670 4 24 ;
578 1672 17 19 4,
608 1672 22 16 2r
640 1672 44 22 20p,

548 1696 68 19 Block
625 1696 207 19 XXXlX—Section
844 1698 16 21 1,
873 1699 26 19 lr,
917 1704 23 18 up-

523 1725 29 15 s-et,
561 1722 74 19 annual
645 1725 44 15 rent
701 1722 26 19 £4
736 1722 4 24 ;
757 1724 17 20 2,
789 1724 25 21 lr,
826 1723 39 23 £3;
887 1725 18 21 3,
926 1725 26 21 lr,

522 1748 27 18 £3
559 1747 3 25 ;
578 1750 16 21 4,
610 1750 25 20 lr,
646 1747 27 19 £3
683 1747 4 25 ;
704 1750 17 20 6,
736 1750 25 21 lr,
778 1749 26 18 £3
814 1747 4 25 ;
833 1752 17 19 «),
870 1750 26 21 lr,
912 1751 27 17 £4

527 1775 25 22 10,
567 1776 25 19 lr,
605 1774 38 23 £3;
659 1776 29 18 11,
712 1776 25 21 lr,
757 1775 38 23 £3;
819 1776 28 22 12,
867 1777 26 22 lr,
912 1775 27 19 £3
948 1774 4 25 ;

525 1802 27 18 13,
567 1802 25 20 lr,
605 1799 32 19 £3.

548 1826 68 19 Block
628 1825 145 20 XL—Section
785 1829 17 20 3,
816 1829 26 19 lr,
852 1830 56 22 upset
917 1834 24 12 an-

522 1852 47 19 nual
581 1854 44 16 rent
635 1851 41 26 £4;
693 1853 16 19 7,
728 1854 25 20 I'r,
767 1853 28 19 £4
804 1851 4 26 ;
824 1855 17 19 8,
865 1855 24 21 fr,
910 1854 28 19 £4
948 1851 4 26 ;

522 1881 17 20 9,
554 1880 26 21 lr,
592 1878 27 19 £4
630 1878 4 27 ;
650 1879 30 22 10,
703 1879 26 22 lr,
750 1879 28 19 £4
787 1878 4 27 ;
814 1881 29 21 1<«,
853 1881 44 24 32p,
910 1881 28 17 £5
948 1878 4 27 ;

524 1906 29 21 14,
564 1906 46 23 32p,
620 1904 35 18 £5.

547 1931 69 18 Block
625 1929 159 20 XLl—Section
795 1933 17 20 3,
829 1933 44 23 32p,
893 1934 60 16 unset

522 1956 73 19 snuual
606 1958 49 20 rent,
668 1956 27 19 £5
706 1956 4 25 ;
726 1957 17 22 8,
757 1958 26 21 lr,
795 1957 41 23 £5;
852 1959 16 22 9,
880 1959 25 21 lr,
916 1958 35 18 £5.

547 1982 69 19 Block
625 1981 203 20 XLVlll—Section
841 1985 15 21 1,
874 1985 26 21 lr,
914 1990 26 19 up-

522 2011 29 16 set
560 2008 75 19 annual
642 2011 45 15 rent
700 2009 27 18 £4
738 2008 4 26 ;
759 2011 17 21 2,
790 2010 26 21 lr,
827 2011 26 18 £4
863 2008 4 26 ;
889 2011 16 23 3,
924 2011 27 20 lr,

522 2034 26 19 £4
558 2034 4 23 ;
577 2036 17 20 4,
610 2036 25 19 lr,
647 2034 35 19 £4.

547 2060 68 19 Block
623 2060 179 19 XLlX—Section
816 2063 16 21 1,
851 2063 25 21 lr,
894 2066 58 21 upset

522 2086 73 19 annual
605 2089 44 16 rent
659 2086 29 19 £5
698 2084 4 28 ;
719 2088 18 21 2,
753 2084 25 25 fr,
790 2088 28 18 £4
828 2091 9 11 <
847 2090 17 20 3,
877 2089 26 22 lr,
916 2088 35 24 £4;

521 2114 17 21 4,
552 2113 26 22 lr,
590 2113 40 23 £4;
645 2114 18 21 5,
677 2114 26 20 lr,
716 2113 27 18 £4
753 2113 4 23 ;
772 2116 17 19 6,
804 2116 26 20 lr,
842 2114 35 19 £4.

548 2138 67 19 Block
622 2138 125 19 L—Section
758 2142 17 20 G,
794 2142 21 16 lr
834 2142 42 23 lop,
893 2143 59 23 upset

522 2164 74 19 annual
606 2168 41 14 rent
659 2164 39 22 £4;
714 2166 17 19 7,
743 2165 20 18 l'r
775 2167 43 23 15p,
831 2166 34 19 £-4.

547 2190 67 18 Block
625 2189 28 20 LI
654 2190 107 19 —Section
774 2191 16 23 I,
804 2193 26 22 lr,
842 2194 58 22 upset
916 2199 24 12 an-

521 2216 47 18 nual
578 2218 45 16 rent
633 2216 28 18 £5
671 2216 4 26 ;
690 2217 18 21 2,
724 2217 25 22 lr,
759 2216 38 26 £1;
815 2218 17 20 3,
846 2218 65 19 lr.£4
919 2221 31 21 ;4,

523 2243 26 22 lr,
561 2242 27 19 £5
598 2242 4 25 ;
617 2244 17 19 5,
646 2244 27 20 lr,
685 2243 27 18 £4
723 2249 7 16 ;>
743 2244 17 21 G,
781 2245 26 20 lr,
826 2245 27 18 £4
862 2242 4 25 ;
888 2246 15 21 7,
924 2247 26 20 lr,

522 2268 25 19 £4
559 2268 3 27 ;
577 2269 17 22 8,
609 2269 27 21 lr,
648 2269 27 18 £4
687 2268 4 27 ;
707 2270 17 21 9,
739 2270 25 20 lr,
774 2270 26 18 £4
811 2268 4 27 ;
833 2272 28 22 10,
871 2268 25 25 l'r,
910 2269 28 21 £■{
947 2268 4 27 ;

524 2296 27 21 11,
566 2295 25 21 lr,
605 2294 27 19 £4
642 2294 4 23 ;
663 2295 30 22 12,
706 2295 27 22 lr,
746 2295 34 20 £4.

546 2320 69 19 Block
633 2320 29 18 LI
667 2321 5 17 I
686 2323 96 17 —Section
809 2324 15 20 1,
848 2320 25 24 l'r,
893 2325 59 22 upset

522 2346 73 18 annual
603 2349 43 15 rent
659 2346 40 24 £.5;
715 2349 17 20 2,
746 2349 26 21 lr,
784 2349 41 22 £4;
841 2350 17 21 3,
871 2350 25 20 lr,
910 2349 26 19 £4
947 2346 4 25 :

520 2374 18 21 4',
554 2373 26 21 lr,
587 2373 45 25 ,£5;
647 2374 18 20 5,
680 2375 26 20 lr,
725 2373 41 23 £4;
785 2377 17 20 8,
823 2377 26 19 lr,
866 2375 42 23 £4;
933 2377 16 21 7,

524 2400 25 20 lr,
561 2399 27 18 £4
598 2399 4 25 ;
616 2401 16 19 8,
646 2400 26 20 lr,
686 2399 28 18 £4
725 2399 4 25 ;
747 2401 17 22 9,
777 2402 27 21 lr,
816 2401 28 19 £4
853 2408 5 16 ;
874 2403 28 20 10,
924 2403 26 21 lr,

521 2425 29 19 £5
559 2425 3 26 ;
579 2426 28 21 11,
621 2426 25 21 lr,
659 2425 28 19 £4
696 2425 4 26 ;
717 2427 29 20 12,
765 2429 25 16 lr.
809 2427 26 19 £4
846 2425 4 26 ;
873 2429 28 20 13,
923 2429 26 22 lr,

522 2451 26 18 £4
559 2451 3 25 ;
579 2451 29 23 14,
621 2452 26 22 lr,
659 2452 31 18 £4
700 2451 4 25 ;
720 2453 30 23 15,
764 2455 26 21 lr,
808 2453 29 19 £4
848 2451 4 25 ;
875 2455 29 21 16,
924 2455 26 21 lr,

521 2477 36 19 £5.

546 2503 69 20 Block
631 2504 155 19 L7V—Section
807 2506 16 22 3,
846 2502 26 26 l'r,
893 2508 58 23 upset

521 2531 74 18 annual
604 2535 44 14 rent
659 2531 35 18 £4.

607 2566 92 18 Suuuitr-s
713 2571 25 13 or
757 2566 104 18 Botohua.

548 2599 78 19 Section
636 2597 32 23 4'o,
681 2601 42 20 10a,
738 2603 59 21 upset
814 2600 73 18 annual
907 2603 44 16 rent

520 2625 14 22 L
534 2625 28 22 4;
586 2627 60 21 66,10
646 2627 25 21 a,
693 2625 13 24 L
706 2625 28 24 3;
750 2627 30 21 G7,
803 2628 22 16 10
833 2634 11 14 1,
863 2626 13 22 L
876 2626 27 22 8;
919 2629 30 19 68,

523 2653 41 21 10a,
575 2651 8 27 L
591 2651 9 27 4
608 2651 8 27 ;
632 2652 17 22 7,
661 2653 31 21 sa,
703 2651 11 27 L
725 2651 11 27 7
747 2651 86 27 (subject
842 2655 19 15 to
870 2652 14 19 L
884 2652 28 19 26
920 2653 32 18 for

520 2678 166 24 improvements;
701 2680 31 20 69,
749 2679 36 17 11a
809 2680 21 16 lr
846 2680 43 22 Hp,
910 2679 27 18 1,4
947 2678 3 24 ;

521 2704 29 20 70,
565 2705 119 23 llalrl3p,
701 2704 8 25 L
718 2704 8 25 4
735 2704 8 25 ;
764 2705 30 21 71,
815 2705 36 18 11a
869 2706 19 16 lr
906 2706 43 23 13p,

518 2730 9 24 L
536 2730 9 24 4
554 2730 8 24 ;
576 2730 30 22 72,
618 2731 24 16 9a
653 2731 22 17 Or
686 2731 31 23 9p,
736 2730 40 23 1.3;
798 2731 30 21 73,
850 2731 41 22 10a,
901 2730 10 24 L
921 2730 10 24 3
941 2730 9 24 ;

520 2756 30 21 74,
565 2757 41 20 10a,
616 2755 40 23 1,4;
682 2756 31 22 75,
735 2758 41 20 10a,
786 2755 10 24 L
806 2755 10 24 5
826 2755 10 24 ;
858 2757 29 22 77,
909 2758 40 21 JOa,

519 2781 9 25 L
537 2781 8 25 3
554 2781 8 25 ;
579 2782 29 23 78,
623 2783 41 22 10a,
675 2781 8 25 L
692 2781 8 25 4
709 2781 8 25 ;
733 2783 31 22 79,
774 2784 42 21 10a,
828 2782 11 18 L
839 2782 24 18 5.

578 2816 75 19 Bubal
667 2817 104 23 Sections,
786 2817 105 19 Rotoktja.

546 2850 79 19 Section
635 2852 31 20 31,
682 2852 43 20 40a,
743 2853 59 23 upset
818 2851 73 18 annual
907 2853 45 16 rent

519 2876 43 19 LlO
571 2876 3 25 ;
587 2878 31 22 34,
630 2878 38 17 39a
679 2878 22 17 lr
712 2878 44 23 27p,
767 2877 30 18 L
804 2876 4 25 7;
823 2879 31 19 43,
866 2879 44 18 40a,
921 2877 29 20 L
952 2876 2 25 7

520 2903 165 24 (improvements
694 2902 14 19 L
708 2902 42 19 243
762 2903 21 18 7s
794 2903 157 25 Od—buildings

520 2936 19 11 at
548 2928 13 19 d
571 2928 101 25 fencing);
689 2931 30 20 45,
728 2930 44 20 23a,
781 2928 8 25 L
798 2928 9 25 5
816 2928 8 25 ;
838 2931 30 17 46,
878 2931 36 16 39a
922 2931 28 21 3r,

518 2954 9 26 L
536 2954 8 26 7
553 2954 8 26 ;
575 2954 31 23 47,
618 2956 37 17 45a
666 2955 28 23 2r,
703 2954 8 26 L
720 2954 8 26 7
737 2954 8 26 ;
759 2956 32 21 48,
809 2956 37 18 33a
863 2957 21 16 2r
907 2957 42 23 lip,

518 2980 8 24 L
535 2980 8 24 6
552 2980 8 24 ;
576 2982 30 20 51,
618 2982 38 17 35a
663 2982 29 20 2r,
701 2980 8 24 L
718 2980 9 24 5
736 2980 8 24 ;
759 2982 30 21 52,
807 2982 42 22 34a,
861 2980 8 24 L
878 2980 8 24 6
895 2980 8 24 ;
919 2983 30 21 53,

521 3008 36 17 16a
569 3008 22 17 2r
602 3008 28 23 lp,
639 3006 9 25 L
657 3006 9 25 3
675 3006 9 25 ;
699 3008 30 20 54,
744 3008 41 19 IGn,
795 3006 9 25 L
814 3006 10 25 3
834 3006 9 25 ;
865 3009 29 20 55,
915 3008 37 17 14a

520 3034 26 21 2r,
559 3032 28 19 L2
596 3032 4 25 ;
614 3034 30 19 SG,
654 3034 25 17 9a
688 3034 22 17 3r
721 3033 44 24 17p,
776 3033 30 19 L2
815 3032 4 25 ;
831 3034 29 22 57,
877 3034 35 18 12a
931 3035 20 17 lr

519 3060 31 23 sp,
562 3059 13 23 L
575 3059 27 23 3;
618 3060 30 21 58,
662 3060 36 17 12a
709 3060 22 17 2r
746 3060 43 24 12p,
800 3059 42 24 1,2;
862 3061 31 19 59,
915 3060 35 18 10a

519 3086 22 16 Or
552 3086 43 23 14p,
606 3084 13 24 L
619 3084 27 24 3;
663 3086 30 20 60,
706 3086 37 18 19a
757 3086 23 18 2r
797 3086 43 24 lop.
850 3084 9 26 L
869 3084 9 26 4
888 3084 9 26 ;
919 3087 30 20 61,

519 3112 37 17 52a
568 3112 27 20 2r,
604 3110 10 25 L
623 3110 10 25 6
642 3110 9 25 ;
665 3112 30 20 63,
707 3112 38 18 59a
755 3112 28 21 2r,
798 3111 13 23 L
811 3111 27 23 6;
862 3113 29 22 64,
915 3113 36 17 Ma

519 3137 22 18 3r
552 3139 30 22 Bp,
594 3137 41 23 L>;
650 3139 30 20 65,
696 3139 38 17 18a
743 3139 23 17 Or
779 3139 43 23 12p,
835 3137 12 19 L
847 3137 25 19 3.

648 3186 176 24 CONDITIONS.

548 3224 16 17 1.
593 3222 70 19 Terms
689 3224 21 18 of
734 3224 59 22 lease;
823 3224 125 24 ninetynine

519 3255 8 18 3
528 3252 3 26 v
534 3254 42 13 ears
579 3263 17 15 u

546 3279 17 14 li.
579 3276 64 17 i-ients
654 3281 34 12 are
698 3275 88 25 payable
795 3275 125 25 ]iuu-yOu'r]y
930 3276 20 18 in

519 3300 88 19 advance
629 3303 21 16 to
671 3301 35 19 the
732 3302 95 18 Receiver
847 3302 21 18 of
892 3301 59 19 Land

519 3324 102 23 Revenue,
639 3325 107 21 Auckland
755 3335 7 16 ;■
782 3327 41 19 and
846 3328 34 18 the
907 3327 43 19 first

519 3352 123 24 half-yearly
651 3356 97 21 payment
757 3354 17 18 is
785 3356 19 16 to
816 3354 24 18 bo
851 3354 57 19 made
925 3360 24 12 on

519 3377 35 19 tlio
564 3378 36 18 fall
611 3379 20 18 of
640 3379 35 18 the
686 3379 95 19 hammer.

547 3406 17 16 3.
578 3404 59 18 Town
657 3406 86 18 sections
762 3408 19 16 to
800 3405 27 19 bo
847 3406 101 24 improved

520 3429 70 19 within
610 3436 36 12 one
661 3435 49 20 year
739 3431 51 19 from
815 3431 34 19 the
868 3432 45 18 rTftte
930 3433 20 17 of

519 3455 53 19 lease
590 3460 19 14 to
625 3456 34 18 the
674 3459 60 16 value
752 3457 21 19 of
789 3460 32 16 ten
839 3458 58 18 times
915 3458 35 18 the

520 3481 74 20 annual
604 3482 71 18 rental.
712 3482 63 19 Rurnl
786 3483 39 19 and
842 3483 107 19 Suburban

520 3507 85 19 (sections
615 3511 19 14 to
645 3507 25 18 be
680 3508 72 19 feilced
760 3509 70 19 within
844 3514 41 14 ono'
900 3514 50 21 year

519 3534 50 18 from
595 3533 34 18 the
655 3533 46 20 date
718 3534 23 19 of
762 3535 34 18 the
821 3535 59 19 lease.
917 3535 33 19 No

519 3559 102 19 Valuation
642 3559 33 18 for
691 3560 155 25 improvements
866 3561 40 19 will
925 3561 25 19 be

520 3585 84 19 allowed
619 3588 21 15 at
659 3586 34 17 the
713 3586 38 19 erd
767 3587 24 18 of
808 3587 34 18 tho
863 3589 51 17 term
930 3588 20 19 of

520 3611 59 18 lease.

546 3639 18 16 4.
586 3636 32 19 No
628 3636 52 19 lease
691 3640 20 15 to
726 3636 26 20 be
762 3638 100 25 assigned,
877 3639 61 19 under-

520 3662 34 23 let,
566 3669 20 12 or
602 3663 34 18 the
654 3664 113 24 possession
783 3664 79 19 thereof
879 3666 71 23 parted

521 3688 47 19 with
579 3692 70 17 except
661 3689 49 19 with
720 3690 34 18 the
764 3693 82 16 consent
855 3692 20 16 in
895 3692 44 17 writ-

520 3714 36 25 ing
578 3715 20 18 of
614 3715 35 18 the
664 3714 153 21 Commissioner
818 3714 2 25 1
840 3716 22 19 of
879 3715 71 20 Crown

520 3740 73 18 Lands.
604 3740 113 20 Auckland.

548 3768 16 16 5.
579 3766 34 19 All
621 3769 59 18 rates,
693 3770 64 19 taxep,
771 3768 91 23 charge?,
873 3768 39 18 and
920 3775 20 11 as-

522 3794 106 16 sessments
644 3793 124 19 whatsoever
785 3796 20 16 to
822 3789 25 24 be
863 3794 48 25 paid
924 3794 27 25 by

520 3817 35 19 tho
563 3817 68 19 lessee.

548 3844 16 17 6.
580 3843 33 19 All
622 3844 106 24 buildings
738 3845 77 19 erected
825 3848 20 16 to
862 3846 24 18 bo
903 3846 47 24 kept

520 3869 19 18 in
552 3869 49 25 good
613 3871 67 23 repair
692 3871 40 18 and
747 3871 107 23 condition,
875 3872 38 18 and
931 3872 19 18 in

520 3895 35 18 the
576 3895 85 19 erection
679 3897 21 17 of
717 3903 40 17 any
779 3897 94 24 building
896 3904 53 18 upon

520 3921 35 18 the
562 3921 85 18 sections
657 3922 71 19 within
738 3923 35 18 tbe
781 3925 52 16 town
844 3923 33 19 the
887 3923 63 19 lessee

520 3949 53 16 must
588 3946 59 19 abide
661 3948 28 24 by
708 3948 40 19 and
772 3949 89 18 conform
877 3951 21 17 to
916 3949 34 19 the

522 3972 110 24 alignment
632 3972 3 24 1
643 3974 21 18 of
675 3975 71 17 streets
755 3974 40 19 and
804 3974 65 21 roads,
880 3974 40 20 and
931 3977 19 16 to

521 3998 28 19 all
559 3998 85 24 by-law*
656 3999 40 19 and
706 4000 126 24 regulations
847 4001 59 18 made
924 4000 27 26 by

521 4024 34 18 the
564 4023 49 19 loeal
622 4024 104 25 authority
741 4026 101 19 intrusted
852 4026 48 19 with
908 4026 43 24 jtho

522 4049 162 20 administration
694 4052 21 17 of
730 4051 34 18 the
779 4052 51 19 local
832 4049 1 22 1
846 4052 70 19 affairs
931 4053 21 18 of

521 4075 34 19 tho
566 4076 108 25 Township
684 4077 21 18 of
717 4078 95 17 Potorua.

549 4102 16 18 7.
580 4101 85 24 Privies,
677 4102 82 25 ashpits,
770 4103 39 18 and
821 4103 56 19 other
886 4103 65 19 works

524 4128 22 18 of
555 4134 11 11 a
577 4127 75 19 similar
660 4128 103 20 character
774 4131 20 16 to
804 4129 25 19 be
842 4131 98 17 construct-

526 4154 23 18 ed
559 4154 40 19 and
609 4153 124 21 maintained
744 4161 21 13 as
776 4155 88 19 directed
873 4155 28 25 by
916 4155 35 19 the

980 159 53 19 local
1069 158 110 25 authority.
1214 158 33 19 All
1273 158 68 18 drains
1367 158 40 18 and

974 185 96 19 channels
1086 184 38 19 and
1143 184 35 19 the
1194 184 89 24 sanitarj'
1293 185 52 17 state
1367 183 39 19 find

974 211 102 19 condition
1086 211 21 17 of
1115 210 35 19 the
1166 211 102 24 premises,
1284 212 21 16 to
1315 210 25 18 be
1359 209 36 19 sub-

974 237 40 24 ject
1023 239 21 16 to
1054 236 35 19 the
1100 236 86 20 bv-laws
1196 237 40 17 and
1250 235 126 26 regulations
1386 235 22 19 of

974 263 34 18 the
1018 262 50 19 local
1080 262 108 23 authority.

1002 290 17 16 8.
1033 289 32 17 No
1073 287 55 19 wells
1140 290 19 16 to
1170 288 25 18 be
1213 287 52 19 sunlc
1282 294 23 11 or
1322 294 74 12 excava-

974 315 54 17 tions
1037 316 21 16 to
1068 313 25 19 be
1105 313 59 19 made
1179 313 86 19 without
1275 313 34 18 the
1326 316 82 16 consent

974 339 21 19 in
1006 339 81 25 writing
1100 339 20 19 of
1130 339 34 18 the
1175 339 50 19 local
1235 339 109 24 authority.

1002 367 17 16 9.
1035 365 43 19 The
1096 365 57 18 trade
1170 372 21 11 or
1210 365 92 18 business
1310 366 21 18 of
1350 371 46 19 soap-

976 391 68 23 boiler,
1085 391 68 18 tallow
1167 402 9 3 -
1187 391 101 23 chandler,
1327 393 79 20 tanner,

974 417 160 25 slaughterman,
1160 420 134 15 rncnt-curer
1317 424 23 11 or
1362 423 35 18 pre-

974 449 73 16 server,
1059 450 22 11 or
1100 449 39 17 any
1157 444 65 23 noi-y,
1242 443 92 23 noxious,
1345 449 22 12 or
1377 443 21 18 of-

974 469 79 18 fensive
1062 468 56 19 trade
1127 475 23 12 or
1169 468 139 19 manufacture
1329 469 21 18 of
1369 475 39 17 any

975 494 50 19 kind
1044 494 103 19 whatever
1164 494 40 19 will
1215 498 34 15 not
1258 494 24 19 be
1292 494 115 25 permitted.

1004 522 28 16 10.
1052 519 105 20 Provision
1174 520 40 19 will
1232 520 24 19 be
1265 521 58 18 made
1333 521 21 18 in
1374 521 34 18 the

975 546 66 19 leases
1053 546 32 18 for
1094 546 112 25 inspection
1216 546 20 19 of
1246 547 97 24 premises
1351 550 20 15 at
1381 546 27 19 all

975 572 121 19 reasonable
1107 572 64 19 times.

1002 599 30 17 11.
1058 598 62 18 Lease
1150 598 61 19 liable
1230 601 20 15 to
1267 598 107 19 forfeiture
1392 598 17 19 if

975 627 45 15 rent
1030 624 26 18 bo
1067 624 64 24 thirty
1141 623 49 25 days
1198 625 21 17 in
1230 631 73 16 arrear,
1315 625 40 18 and
1374 625 35 18 the

976 650 53 18 lease
1060 649 42 19 villi
1126 651 83 17 contain
1236 650 112 25 provisions
1377 651 32 18 for

975 678 93 22 ae-eutry
1089 676 37 18 and
1154 677 32 17 for
1214 677 34 17 tiio
1270 682 95 19 recovery
1388 677 21 18 of

976 705 60 15 leuts.

1044 753 138 19 GERHARD
1199 753 142 23 MUFLLER,

1048 779 156 20 Commissioner
1221 782 20 16 of
1253 780 70 19 Grown
1333 781 75 18 Lands.

976 805 84 20 District
1069 805 57 20 I/and
1137 805 40 20 and
1188 806 77 24 Survey
1280 807 66 18 Ulliee.

1030 832 113 22 Auckland,
1166 832 115 19 Kovember
1301 834 28 22 19,
1352 834 56 17 1896.

1000 887 100 18 MAORI
1113 887 137 22 AQUATIC
1265 887 119 19 SPORTS.

975 934 102 17 BOXING
1089 934 60 20 DAY,
1160 933 142 22 SATURDAY,
1312 934 57 18 DEC.
1379 935 32 17 26,

1070 966 137 17 Commencing-
1215 971 25 12 at
1249 967 11 15 2
1273 970 41 13 p.m.

1058 994 29 17 On
1100 995 32 16 the
1141 994 52 18 Lake
1200 1000 46 12 near
1253 995 33 16 the
1293 995 33 17 Pa.

1068 1042 254 17 PROGRHmmE,

980 1073 13 16 1.
1007 1072 63 17 Canoe
1087 1073 50 17 Race
1150 1073 30 16 for
1194 1079 48 14 men,
1260 1074 6 15 1
1284 1073 49 17 mile.
1359 1073 52 18 First

1022 1096 50 21 prize
1082 1095 14 18 £
1100 1097 5 15 1
1114 1095 4 22 ;
1133 1096 42 18 2nd,
1187 1097 36 16 10si.

976 1119 17 16 2.
1007 1119 62 17 Canoe
1079 1119 73 17 Ilnrdle
1162 1119 48 17 Race
1220 1119 29 17 for
1257 1125 77 15 women,
1343 1120 8 17 A
1359 1120 50 17 mile.

1023 1142 50 17 First
1082 1142 56 22 prize,
1148 1142 36 22 £i;
1199 1143 42 19 2nd,
1255 1143 36 16 10s.

976 1166 16 15 3.
1006 1165 61 18 Men's
1077 1166 111 22 Swimming
1194 1166 54 19 Race,
1258 1166 12 21 -]•
1278 1166 49 17 mile.
1359 1166 52 17 First

1021 1188 57 22 prize,
1089 1190 41 19 log;
1145 1189 42 19 2nd,
1199 1190 19 16 7s
1227 1189 29 17 6d.

976 1213 16 15 •t.
1007 1211 63 18 Canoe
1078 1211 74 18 Hurdle
1161 1212 48 17 Race
1223 1213 30 16 for
1268 1218 49 14 men,
1329 1213 12 17 -A-
1358 1213 51 17 mile.

1022 1235 51 17 First
1080 1235 58 22 prize,
1146 1235 36 22 £1;
1197 1235 42 19 2nd,
1256 1236 35 16 10s.

1006 1258 94 17 Women's
1109 1258 111 22 Swimming
1228 1258 55 21 Race,
1300 1260 32 15 150
1345 1259 63 21 yards.

1021 1281 52 17 First
1080 1281 57 22 prize,
1148 1282 41 20 10s;
1204 1282 42 20 2nd,
1256 1287 26 11 os.

976 1305 16 15 (i.
1006 1303 59 23 Boys'
1084 1305 111 22 Swimming
1215 1305 54 21 Race,
1293 1306 32 15 150
1345 1305 64 22 yards.

1021 1327 50 17 First
1077 1328 55 22 prize,
1143 1333 30 15 os;
1188 1328 41 20 2nd,
1240 1329 20 16 2s
1268 1327 30 18 6d.

1021 1351 26 16 To
1056 1351 55 17 finish
1120 1351 47 17 with
1172 1351 62 18 Maori
1239 1352 46 17 War
1291 1352 70 17 Dunce.

1087 1374 54 18 Band
1149 1374 19 17 in
1177 1374 117 18 attendance.

1159 1397 83 18 JAMES
1257 1397 80 21 SHAW,

1283 1421 50 17 Hon.
1345 1421 39 17 Sec.

981 1469 229 46 Blocker's
1260 1469 148 55 Dutel?

1112 1525 159 47 Cocoa.

976 1623 137 31 Highest,
1122 1624 126 25 awards
1262 1625 32 24 at
1308 1630 101 26 every

1098 1665 193 25 Exhibition.

1010 1706 63 24 The
1087 1706 96 25 latest
1197 1706 26 25 is
1237 1706 54 25 tlie
1312 1707 96 26 Cross
1410 1701 1 32 !

978 1738 33 24 of
1017 1739 110 24 Honor
1141 1741 32 23 at
1190 1740 54 24 the
1265 1731 146 33 Amstei-I

978 1771 71 25 dam
1059 1771 187 26 Exhibition
1255 1773 90 28 1805,
1354 1773 54 24 the

975 1804 128 31 highest
1111 1805 138 31 possible
1258 1806 116 24 award.

1100 1865 23 22 IT
1138 1865 18 22 O
1171 1865 19 22 T
1204 1865 14 22 I
1232 1865 17 23 C
1263 1865 13 22 E-

977 1917 38 41 IS
1031 1916 77 25 hereby
1117 1917 61 25 given
1199 1917 42 19 that,
1258 1917 35 19 the
1315 1920 94 23 partner-'

1028 1943 45 24 ship
1100 1943 62 25 lately
1188 1943 112 25 subsisting
1319 1945 88 18 between

975 1968 96 20 CIIAIir.ES
1081 1971 81 17 J-TUAHT
1181 1969 92 19 CoULKTT
1291 1970 40 18 and
1348 1970 45 19 WIL-

974 2000 52 13 LIAM
1037 1994 87 19 OoAVPER,
1132 1996 88 18 KoBISON
1235 1995 50 20 both
1301 1997 20 18 of
1341 1996 56 19 Mftta-

975 2020 49 25 pihi,
1036 2020 133 24 Okahukura,
1180 2021 61 25 sheep
1252 2029 82 12 owners,
1343 2022 65 19 under

974 2046 34 19 the
1019 2046 51 24 style
1080 2053 22 12 or
1111 2047 45 18 firm
1165 2048 21 17 of
1217 2048 92 19 Coeeett
1319 2049 17 18 &
1345 2048 54 19 lioiii-

1040 2072 37 19 has
1088 2072 51 19 been
1150 2073 100 19 dissolved
1264 2080 22 12 as
1303 2074 52 19 from
1372 2075 36 18 the

977 2099 46 18 10th
1033 2098 39 25 day
1082 2099 21 18 of
1113 2099 117 23 December,
1247 2102 32 16 189
1279 2102 22 16 G.

980 2150 15 20 A
1002 2150 131 21 ST~ANTED.
1141 2161 25 2 —-
1174 2152 78 21 Repairs
1268 2154 20 14 to
1312 2152 94 20 Watches,

989 2170 10 22 \
1009 2169 9 23 i
1062 2173 105 23 Jewellery,
1187 2175 41 19 &c.y
1244 2175 38 16 also
1299 2175 63 17 orders
1378 2176 33 16 for'

973 2202 41 11 new
1024 2197 87 16 Watches
1119 2197 38 17 and
1173 2197 105 23 Jewellery,
1296 2199 20 16 to
1333 2198 23 17 bo
1371 2198 37 17 left

974 2220 45 16 with
1028 2220 26 17 11.
1065 2220 85 20 Stewart,
1161 2220 83 21 Saddler,
1259 2222 58 21 agent
1334 2222 29 16 for
1380 2222 26 17 H.

974 2242 25 18 H.
1009 2243 100 20 llowden,
1119 2243 134 18 Watchmaker
1260 2244 38 18 and
1312 2244 93 21 Jeweller,

973 2265 109 18 Hamilton.-

980 4246 102 38 Ask
1115 4246 72 38 for
1211 4243 271 40 Hancock's
1527 4242 271 39 Celebrated
1835 4241 186 38 EXXX
2057 4242 112 40 Ales
2197 4245 96 37 and
2319 4244 153 39 Stout,

2912 3339 34 17 DO
2956 3340 55 17 YOU
3025 3340 99 17 SUFFER

2893 3385 81 18 LIVER
2983 3386 156 22 COMPLAINT,

2932 3406 177 24 INDIGESTION.

2922 3427 194 27 CONSTIPATION,

2933 3455 167 21 HEARTBURN,

2929 3478 181 18 FLATULENCE.-

2798 3509 27 17 Or
2833 3514 39 17 any
2888 3511 104 20 symptoms
3001 3510 21 16 of
3028 3515 11 11 a
3048 3509 106 19 disordered
3171 3511 51 22 diges-

2798 3532 38 16 tive
2845 3534 102 20 apparatus
2958 3533 8 17 ?
2978 3533 19 16 If
3006 3538 25 16 so,
3042 3533 53 17 there
3101 3533 48 18 is-i'.o
3158 3534 75 22 remedy

2797 3554 19 17 in
2826 3555 32 17 the
2869 3556 59 16 world
2936 3561 21 11 so
2966 3556 39 17 safe
3020 3556 37 17 and
3072 3562 42 11 sure
3123 3558 19 16 to
3152 3558 43 19 give
3204 3564 19 10 re-

2797 3577 33 17 lief
2847 3584 20 11 as
2891 3579 103 17 Fletcher's
3011 3579 46 17 Pills
3079 3580 37 16 and
3140 3580 93 18 Clements

2798 3598 64 21 Tonic.
2888 3601 59 18 Don't
2956 3602 23 17 bo
2988 3602 65 17 misled
3062 3603 19 16 in
3091 3603 81 23 wasting
3187 3604 45 16 time

2797 3624 37 17 and
2844 3630 68 17 money
2927 3631 23 10 on
2959 3631 38 16 any
3006 3626 19 16 of
3034 3626 32 16 the

2797 3648 95 17 nostrums
2902 3653 20 11 so
2931 3648 104 22 speciously
3049 3648 105 19 advertised
3162 3649 25 23 by
3201 3650 21 17 de-

2797 3670 79 22 signing
2891 3671 71 22 quacks
2977 3671 37 17 and
3039 3671 96 18 dishonest
3159 3678 73 16 rogues.

2797 3693 117 21 Remember,
2940 3694 52 17 these
3017 3695 38 16 two
3076 3695 90 18 remedies
3187 3696 46 17 have

2797 3716 54 17 stood
2860 3717 33 17 the
2910 3718 38 16 test
2961 3718 21 16 of
2994 3717 51 20 tinie,
3063 3718 42 17 that
3121 3719 33 16 the
3170 3720 64 16 merits

2797 3744 32 12 arc
2837 3740 77 21 proved,
2926 3740 37 17 and
2971 3740 43 18 that
3029 3746 11 12 a
3055 3741 36 17 few
3108 3742 87 21 shillings
3203 3742 20 17 in-

2797 3763 64 16 vested
2871 3768 24 12 on
2911 3763 52 17 them
2973 3769 43 17 may
3025 3770 43 10 save
3075 3770 37 16 you
3126 3765 61 17 weeks
3196 3764 36 18 and

2797 3786 77 17 months
2879 3786 20 17 of
2907 3786 96 22 suffering,
3013 3786 38 17 and
3060 3787 86 22 perhaps,
3161 3789 73 21 pourids

2797 3808 21 17 of
2834 3814 87 17 expense,
2938 3809 30 17 for
2985 3810 45 21 they
3046 3810 48 17 have
3110 3810 49 17 dono
3175 3817 20 11 so
3215 3812 19 16 in

2797 3831 96 18 hundreds
2902 3833 21 16 of
2931 3838 56 15 cases,
2997 3833 38 17 and
3043 3839 28 11 we
3080 3833 38 17 will
3135 3834 46 17 send
3197 3840 37 16 you

2797 3854 87 18 evidenco
2894 3856 20 16 to
2923 3861 57 16 prove
2994 3862 34 11 our
3047 3857 99 17 assertions
3164 3862 23 12 on
3204 3862 20 13 re-

2797 3877 49 23 ceipt
2862 3878 20 17 of
2898 3884 48 16 your
2962 3884 58 14 name,
3030 3879 37 17 and
3081 3879 82 18 address.
3196 3881 25 16 Re-

2797 3901 88 20 member,
2905 3901 56 22 delay
2975 3902 14 17 is
3004 3902 112 21 dangerous,
3139 3903 37 17 and
3193 3903 41 18 that

2797 3929 55 17 every
2870 3924 48 17 hour
2933 3930 38 17 you
2987 3925 76 22 neglect
3079 3931 48 16 your
3144 3932 41 12 caso
3202 3927 32 16 the

2797 3947 132 20 complication
2946 3947 91 18 increases
3054 3947 38 18 and
3106 3954 11 11 a
3133 3954 43 13 cure
3201 3949 21 18 bo-

2797 3975 33 11 con
2839 3975 19 12 cs
2862 3970 1 24 :
2874 3976 50 11 more
2945 3970 85 18 difficult.
3057 3972 51 16 Shun
3124 3972 32 17 the
3174 3972 58 22 cheap

2797 3993 61 21 qunck
2875 3993 75 18 doctors
2970 3994 38 17 and
3024 3994 102 23 designing
3149 3996 85 17 nostrum

2797 4016 136 22 compounders
2940 4017 61 20 ;'stick
3010 4019 20 15 to
3034 4017 31 17 the
3074 4017 89 18 remedies
3172 4019 49 17 Clem-

2797 4040 41 15 ents
2855 4040 57 17 Tonic
2929 4040 37 17 and
2988 4040 103 17 Fletcher's
3105 4040 51 18 Pills.
3183 4042 49 22 They

2797 4067 31 13 are
2837 4062 66 18 absolu
2905 4064 6 10 f
2913 4062 30 21 cly
2956 4063 87 21 genuine,
3059 4063 37 17 and
3112 4064 49 17 have
3177 4070 44 17 prov-

2797 4085 23 16 ed
2844 4086 51 16 their
2908 4085 75 23 efficacy
2999 4086 19 17 in
3035 4086 95 18 hundreds
3147 4087 20 17 of
3184 4093 48 12 cases

2797 4108 38 17 and
2852 4109 39 16 will
2909 4109 23 17 do
2951 4115 20 11 so
2985 4114 55 17 every
3049 4109 51 17 time.
3134 4110 51 22 They
3202 4111 34 17 are'

2798 4130 41 18 sold
2848 4137 55 16 every
2905 4132 61 17 wherd
2975 4132 37 17 and
3022 4132 53 17 made
3079 4132 50 23 'only
3138 4130 25 26 by
3172 4134 63 17 F.JVJv

2799 4155 101 20 Clements,
2914 4155 104 20 Newtown,
3034 4155 87 22 Sydney.-
