3300 4360
70 141 37 22 TO
129 138 139 20 TIKITERE
286 139 38 18 ON
344 139 19 19 A
381 139 65 20 TRIO
470 140 36 20 OF

241 164 93 20 BIKES.

148 218 33 19 By

100 256 42 17 One
162 252 89 24 Sunday,
263 259 12 11 a
300 252 38 19 few
356 252 67 18 weeks
439 258 37 18 ago
495 252 10 18 I

72 280 34 21 Jed
115 286 33 18 my
159 278 44 19 iron
219 278 58 19 steed
296 282 35 14 out
350 278 21 18 of
389 278 34 18 the
443 278 61 22 hotei,

72 306 68 19 where
161 305 17 18 it
194 304 43 18 liad
253 304 52 18 been
329 303 78 25 resting
426 304 21 18 in
472 304 33 18 the

71 331 77 25 sample
158 337 56 12 room
228 330 21 18 in
268 336 98 18 company
383 329 48 19 with
450 336 55 12 some

71 358 86 25 sulphur
166 357 113 24 specimens
293 355 40 19 and
343 362 26 11 an
385 355 63 19 odour
463 355 42 19 like

70 388 50 15 unto
129 384 34 18 the
171 382 109 19 hereafter.
298 381 12 19 I
315 381 92 24 propped
416 381 34 18 the
457 381 48 19 bike

68 411 84 25 against
161 414 38 13 one
209 408 21 18 of
237 407 35 19 the
282 407 103 19 verandah
394 409 56 23 posts
465 407 39 18 and

70 435 100 26 regarded
192 435 17 17 it
224 432 105 25 critically.
358 433 81 18 Several
456 433 49 18 beer

70 461 167 21 commissioners,
249 459 73 24 taking
333 458 52 19 their
398 465 36 12 cue
452 459 53 18 from

68 496 39 16 me,
119 488 43 18 also
173 485 86 20 favored
273 492 33 17 my
326 484 91 20 machine
434 484 49 19 with
493 491 12 12 a

68 514 89 24 friendly
178 512 120 24 inspection.
334 510 60 19 After
425 510 69 24 satisfy-

67 542 38 24 ing
114 539 53 20 their
177 537 103 24 curiosity,
291 543 38 12 one
339 536 20 18 of
369 536 35 18 the
414 536 48 19 beer
469 543 23 12 ex-

68 569 55 24 perts
133 564 63 20 asked
206 569 33 13 me
249 562 66 19 where
325 562 11 18 I
343 562 89 24 thought
441 562 12 18 I
463 569 41 12 was

68 593 63 25 going
140 594 27 17 to,
196 590 11 18 I
223 588 101 19 informed
338 588 41 18 him
399 588 44 19 that
461 588 44 25 just

68 621 21 18 at
98 619 45 18 that
153 615 111 27 particular
281 616 89 16 moment
397 620 34 18 my
447 614 57 19 mind

68 643 89 21 inclined
166 643 21 18 in
204 642 35 18 the
257 640 97 19 direction
370 639 21 19 of
406 639 97 20 Tikitere.

70 665 4 24 '
83 671 29 18 To
121 669 91 19 Tikitere
222 673 26 13 on
259 673 12 12 a
281 665 48 19 bike
339 666 10 18 !'
361 665 98 19 chorused
469 666 34 18 the

68 696 113 23 professors
203 693 22 19 of
248 691 116 26 beerology.
403 691 4 28 '
416 691 56 24 Yes,'
491 692 12 18 I

68 723 51 22 said,
131 724 5 8 '
145 719 62 21 that's
217 719 36 19 the
263 718 81 25 ghastly
355 717 70 21 truth,'
451 717 3 28 '
462 718 41 18 But

68 755 36 19 yer
122 746 56 21 don't
197 745 60 20 know
277 744 35 18 the
328 743 55 23 road,
404 744 24 18 do
445 743 50 24 yer?
496 744 5 8 5

68 774 85 26 queried
161 778 38 13 one
209 772 22 18 of
241 771 34 19 the
286 773 81 22 patrons
378 770 21 18 <>f
410 770 34 18 the
453 770 48 25 pub.

68 804 5 10 •'
82 800 46 23 No,'
139 800 12 18 I
160 797 105 20 answered
275 796 78 24 calmly,
372 796 37 18 but
428 796 73 24 firmly,

70 821 4 25 '
81 827 39 19 and
131 825 34 19 the
174 824 51 19 road
235 823 57 19 don't
307 822 59 20 know
380 821 45 20 me.'
453 822 50 20 This

67 853 55 19 brief
131 851 57 25 reply
199 856 52 19 gave
268 849 56 18 them
342 848 54 19 their
414 848 86 25 quietus,

68 879 46 22 and,
124 877 109 24 mounting
242 876 34 18 tire
287 874 54 19 bike.
353 874 10 19 I
373 874 48 22 rode
437 874 30 19 off
481 875 20 19 in

68 907 59 23 quest
134 904 21 18 of
163 903 40 18 His
213 901 111 23 Hivirence,
332 900 76 19 Father
415 900 85 24 Doolnu,

67 931 40 20 and
117 929 64 20 found
191 929 44 18 him
250 929 21 17 in
280 927 35 18 the
331 926 95 19 Pukeroa
444 926 57 19 Hall.

67 957 34 21 He
112 962 41 13 was
163 955 53 24 busy
232 952 89 26 packing
336 959 28 17 up
385 952 31 19 his
435 953 53 18 ward-

67 983 55 19 robe.
151 981 11 19 I
173 980 78 19 invited
262 979 42 18 him
320 978 96 24 cordially
431 980 21 16 to
468 985 22 12 ac-

66 1014 99 20 company
175 1013 32 12 me
218 1013 22 11 sis
249 1006 33 18 far
293 1011 21 12 as
323 1004 90 19 Tikitere
428 1011 25 12 on
469 1004 32 19 his

66 1035 61 22 cycle.
156 1032 91 24 Finding
258 1031 44 18 that
312 1031 11 18 I
340 1037 40 12 was
389 1030 22 18 in
421 1033 80 16 earnest

66 1061 27 19 tie
107 1059 76 20 hauled
202 1061 37 16 out
255 1057 32 18 his
307 1056 138 19 chronometer
461 1057 40 18 and

66 1085 117 21 murmured
206 1082 117 26 something
348 1082 63 19 about
439 1082 62 26 being

66 1113 52 19 back
129 1113 21 18 in
159 1112 49 18 time
219 1110 32 19 for
261 1109 78 18 dinner.
367 1108 11 19 I
397 1108 42 19 told
458 1109 42 18 him

65 1140 46 18 that
121 1145 29 12 we
165 1136 60 20 could
234 1135 54 19 work
299 1135 34 18 the
351 1134 72 20 dinner
444 1135 45 19 busi-

65 1171 53 17 ness,
130 1164 46 23 and,
188 1170 25 11 on
234 1162 41 19 this
293 1161 161 24 understanding
475 1161 25 19 lie

65 1190 76 26 agreed
151 1193 20 16 to
181 1194 122 19 accompany
314 1194 37 12 mo.
383 1187 64 22 'But,'
456 1187 44 20 said

65 1217 42 19 His
115 1217 115 19 Rivirence,
243 1213 4 24 '
256 1220 29 12 we
303 1213 53 19 can't
371 1220 26 17 go
415 1213 85 19 without

65 1243 79 24 Jerry;'
160 1249 22 12 so
189 1241 60 24 Jerry
260 1246 41 12 was
311 1239 81 19 worked
409 1239 43 19 into
465 1239 35 19 the

66 1269 84 20 swindle
160 1266 136 25 accordingly.
325 1265 39 19 Wo
374 1265 49 19 then
430 1272 56 12 mean-

65 1295 61 19 dered
133 1296 42 18 into
182 1294 34 18 the
225 1292 55 20 hotel
288 1291 115 26 previously
411 1291 89 19 referred

64 1326 21 15 to
96 1321 39 19 and
147 1326 50 19 gave
207 1326 38 11 our
254 1318 82 19 mouths
345 1317 34 19 the
395 1317 75 19 benefit
479 1317 21 19 of

64 1355 13 12 a
99 1347 53 19 little
171 1344 136 26 hydropathic
326 1346 109 18 treatment
453 1350 35 19 pre-

63 1376 96 23 paratory
169 1375 21 15 to
200 1371 94 23 starting.

90 1400 33 18 All
134 1401 53 17 went
197 1397 46 19 well
254 1396 31 19 till
295 1402 29 13 we
343 1397 34 23 got
395 1402 49 13 .over
464 1396 35 19 the

63 1427 43 19 first
117 1425 72 23 bridge
199 1430 26 12 on
235 1423 35 18 the
280 1421 84 20 Maketu
372 1422 55 19 road.
443 1422 56 19 Here

63 1460 30 12 we
103 1449 118 21 discovered
231 1449 46 19 that
286 1448 33 19 the
329 1448 48 19 road
396 1448 41 19 had
448 1449 50 18 been

63 1479 65 19 newlv
138 1475 79 21 formed
228 1475 49 18 with
287 1474 53 19 loose
357 1474 50 19 sand
424 1475 74 25 spread

63 1512 47 13 over
120 1507 21 15 to
152 1503 34 19 the
195 1502 65 24 depth
270 1500 21 19 of
301 1500 62 19 about
374 1502 31 17 fix
421 1501 76 18 inches.

62 1531 67 23 Jerry,
141 1529 20 19 in
173 1529 33 18 the
216 1528 94 19 interests
317 1527 21 20 of
346 1527 107 24 humanity
463 1530 36 22 got

62 1557 29 21 off
101 1556 40 19 and
149 1554 86 22 walked,
246 1553 40 19 and
295 1552 39 19 His
344 1553 107 19 Rivirence
458 1554 40 18 and

61 1583 75 24 myself
147 1582 41 19 also
199 1581 21 18 in
231 1581 34 18 the
284 1585 54 13 same
352 1579 94 19 interests
463 1583 35 21 got

62 1609 29 20 off
115 1609 41 18 and
180 1606 87 19 walked.
305 1606 39 18 We
369 1606 79 18 walked
466 1607 32 18 for

63 1636 63 19 about
134 1642 13 12 a
155 1634 48 19 mile
214 1632 41 19 and
270 1632 62 24 again
350 1632 99 22 mounted,
468 1632 20 19 al-

61 1662 81 24 though
164 1660 35 19 the
216 1658 49 19 road
285 1664 40 13 was
345 1661 36 15 not
399 1658 59 21 much
477 1661 21 16 to

61 1688 60 19 boast
131 1687 70 19 about.
231 1685 60 24 Jerry
298 1686 35 23 got
342 1684 99 24 suddenly
451 1691 33 18 pos-

61 1714 68 19 sessed
140 1712 49 20 with
207 1711 34 20 tlie
256 1710 47 20 idea
319 1711 45 18 that
382 1710 25 18 ho
427 1717 40 12 was
486 1717 12 12 a

61 1739 87 20 colonial
163 1739 137 18 Zimmerman
312 1736 39 19 and
362 1739 53 16 went
432 1737 64 19 ahead

62 1769 21 16 at
93 1773 12 12 a
124 1765 59 25 rapid
201 1770 55 19 puce.
294 1762 33 19 He
344 1769 41 12 was
404 1763 90 25 stopped,

60 1792 100 22 however,
180 1791 20 18 in
219 1790 32 18 his
265 1789 102 24 headlong
384 1795 68 14 career
471 1789 25 25 by

61 1823 69 14 water.
159 1818 21 18 It
190 1816 49 20 isn't
249 1815 35 19 the
302 1818 41 15 sort
359 1815 21 18 of
397 1815 99 25 beverage

61 1847 46 16 that
116 1844 60 25 Jerry
186 1842 81 24 usually
279 1843 55 22 stops
343 1841 37 22 for,
394 1841 35 19 but
440 1843 56 17 there

61 1877 42 12 was
113 1874 33 15 too
156 1869 60 19 much
227 1869 21 17 of
258 1869 15 17 it
284 1871 19 15 to
313 1867 77 24 ignore,
402 1874 20 12 so
434 1875 28 11 we
470 1868 25 18 nil

60 1896 131 20 dismounted
206 1895 41 19 and
268 1893 48 19 took
335 1893 27 19 off
381 1900 37 12 our
437 1895 58 18 shoes

61 1923 40 19 and
110 1923 57 19 socks
173 1922 40 18 and
223 1919 70 21 waded
300 1920 90 20 through
398 1921 20 22 it,
428 1927 57 18 carry-

60 1950 36 24 ing
107 1949 34 19 the
152 1948 59 20 bikes
220 1954 24 12 on
256 1953 37 11 our
303 1945 111 21 shoulders.
436 1947 59 21 After

59 1976 41 18 this
109 1982 29 12 we
148 1974 65 19 found
232 1973 35 19 the
282 1972 49 19 road
346 1978 49 19 very
413 1973 80 24 patchy,

60 2001 113 25 averaging
183 2000 64 19 about
256 2006 12 12 a
278 2003 81 20 quirter
367 1999 22 18 of
397 2006 12 11 a
417 1999 46 19 mile
474 1999 22 18 of

59 2028 71 19 decent
140 2027 49 19 road
203 2030 20 14 to
234 2029 40 15 two
284 2025 57 20 miles
350 2025 22 18 of
381 2025 46 19 bad.
455 2025 40 19 We

58 2054 75 25 passed
148 2051 79 21 several
243 2058 76 18 groups
338 2051 20 18 of
380 2051 115 25 intelligent

58 2079 89 19 Maories
157 2086 26 12 on
195 2079 35 18 the
240 2077 50 21 road
301 2077 42 19 who
354 2084 50 13 were
414 2078 80 25 greatly

57 2105 112 26 impressed
193 2105 28 23 by
242 2103 35 20 the
301 2103 52 21 form
370 2103 59 24 Jerry
454 2112 41 12 was

57 2133 98 23 showing,
183 2131 38 19 but
244 2130 58 18 when
326 2130 47 21 they
392 2137 41 12 saw
455 2131 39 19 His

57 2158 107 19 Rivirence
176 2157 41 19 and
232 2156 73 24 myself
319 2156 89 25 battling
425 2157 67 25 along,

57 2185 63 18 about
131 2191 10 11 a
152 2183 48 19 mile
211 2182 82 21 behind,
305 2182 47 24 they
364 2189 55 17 grew
436 2183 57 25 quite

56 2210 118 19 interested.
203 2209 40 18 We
254 2208 90 21 confided
354 2212 19 15 to
384 2209 54 18 them
450 2209 44 19 that

56 2237 16 19 it
91 2243 42 12 was
151 2243 13 12 a
182 2236 49 20 road
251 2241 52 14 race,
320 2234 41 19 and
379 2241 29 12 we
425 2236 69 20 rather

56 2269 51 19 gave
117 2262 60 24 Jerry
189 2268 58 17 away
266 2260 26 25 by
311 2261 110 25 informing
438 2262 55 18 them

56 2292 45 17 that
111 2295 30 12 we
162 2289 39 18 had
220 2288 60 23 givfii
300 2287 41 18 him
360 2288 56 18 three
436 2288 58 19 miles

56 2319 57 16 start.
142 2314 50 19 This
203 2319 34 14 tur
254 2314 23 17 e<l
289 2314 34 17 the
334 2314 81 24 betting
426 2314 20 18 in
457 2321 37 12 our

55 2342 58 20 favor
124 2342 39 17 and
175 2340 86 19 lowered
273 2340 53 17 their
337 2340 115 20 estimation
472 2342 22 17 of

54 2368 80 24 Jerry's
152 2373 88 19 prowess
263 2365 146 26 considerably.
444 2366 49 19 This

55 2394 53 21 little
118 2394 67 19 fiction
197 2394 47 24 kept
254 2399 36 11 our
298 2392 36 18 end
343 2399 32 18 up,
385 2392 106 26 although,

54 2420 12 19 I
76 2421 69 21 admit,
157 2422 15 15 it
183 2426 42 12 was
237 2418 84 25 playing
331 2426 12 11 a
350 2418 30 19 bit
388 2418 38 19 low
435 2419 57 19 down

54 2453 26 12 on
97 2446 67 25 Jerry.
193 2446 53 21 Still,
267 2445 20 20 in
307 2445 34 19 the
362 2445 94 19 interests
472 2447 22 17 of

54 2472 100 23 athletics,
166 2472 71 24 you're
259 2472 35 23 apt
312 2474 20 16 to
349 2474 92 22 overstep
458 2472 35 19 the

54 2499 60 19 mark
125 2502 20 16 at
155 2498 67 19 times.
253 2497 103 24 Suddenly
366 2504 29 12 we
404 2504 55 13 came
467 2505 26 12 on

56 2532 12 12 a
79 2526 70 18 decent
157 2524 31 19 bit
199 2524 21 19 of
230 2523 49 19 road
297 2523 48 19 with
366 2524 40 18 live
426 2524 67 19 fences

54 2559 26 12 on
100 2551 66 20 either
184 2551 50 22 side,
255 2549 40 19 and
319 2556 12 12 a
354 2550 139 20 considerable

53 2579 86 19 amount
149 2577 21 19 of
178 2577 130 19 cultivation.
333 2575 39 20 His
382 2576 111 20 Riverence

54 2604 100 19 informed
165 2610 32 12 me
207 2603 45 18 that
260 2608 28 12 we
298 2608 51 12 were
357 2605 21 15 at
385 2603 34 18 the
426 2603 66 23 Ngae.

53 2631 44 18 The
108 2631 60 24 Ngae
185 2629 78 26 proved
281 2631 20 16 to
318 2628 25 18 be
361 2635 12 11 a
392 2629 99 19 veritable

54 2657 54 19 oasis
131 2657 20 18 in
168 2655 35 19 the
228 2655 73 22 desert,
324 2655 53 18 after
391 2655 102 24 plugging

53 2683 91 24 through
168 2681 78 19 several
267 2681 57 18 miles
345 2681 21 18 of
386 2681 50 19 sand
453 2681 38 20 and

54 2709 66 19 scrub.
150 2708 56 18 Here
215 2714 29 12 we
259 2707 41 19 had
310 2707 34 19 the
362 2707 93 24 pleasure
472 2708 21 18 of

55 2735 89 24 meeting
152 2740 38 13 one
200 2734 22 18 of
234 2733 39 19 His
293 2733 120 19 Hivirence's
432 2733 58 23 flock,

54 2768 14 12 a
77 2761 116 25 gentleman
204 2759 94 26 engaged
310 2759 19 18 in
340 2759 33 19 the
381 2760 99 18 exhilarat-

54 2788 37 25 ing
101 2787 41 19 and
152 2787 87 18 delicate
247 2786 80 25 pursuit
338 2786 21 17 of
375 2785 103 20 road-mak-

54 2815 43 24 ing.
126 2813 40 19 His
186 2813 105 19 Kivirence
307 2812 61 20 asked
386 2812 41 19 him
448 2812 44 19 how

54 2841 33 18 far
98 2846 29 13 we
138 2846 50 12 were
200 2839 51 18 from
267 2838 90 19 Tikitere
365 2838 9 18 ?
412 2838 30 19 Oli
453 2838 3 21 !
475 2838 18 19 A

56 2868 75 17 matter
140 2865 21 19 of
168 2865 40 19 five
219 2871 22 12 or
250 2864 57 25 eight
317 2864 58 19 miles
385 2871 22 12 or
417 2864 35 23 so,'
464 2865 25 18 he

55 2892 85 26 replied,
155 2892 50 18 'But
214 2891 54 19 what
275 2890 71 19 makes
352 2897 36 17 yer
394 2891 99 19 rivirence

55 2921 55 17 want
120 2921 20 16 to
152 2924 25 18 go
186 2918 63 21 there,
262 2923 46 12 sure
324 2916 14 19 tl
347 2916 52 19 ere's
413 2923 27 12 no
442 2917 50 18 thin'

55 2948 20 16 to
80 2951 33 12 see
124 2944 36 19 but
170 2943 58 20 bilin'
240 2942 50 19 mud
300 2942 40 19 and
351 2949 26 12 an
387 2942 34 19 'ell
440 2943 20 18 of
479 2950 12 11 a

56 2970 109 21 schmellof
173 2968 118 26 soolphur?'
301 2969 39 18 His
347 2968 133 20 Rivirence'ad-

55 2997 57 20 vised
122 2997 43 18 him
175 2998 37 16 not
226 2999 20 15 to
262 2995 64 25 speak
344 3001 22 12 so
385 2995 95 25 disparag-

55 3024 58 24 ingly
125 3023 20 18 of
156 3022 32 19 his
198 3022 69 18 future
278 3021 56 25 place
348 3021 21 18 of
383 3021 109 19 residence.

56 3050 40 19 We
106 3049 49 19 then
166 3048 118 25 proceeded.
312 3047 59 19 After
378 3048 115 23 traversing

56 3076 64 19 about
129 3078 39 15 two
179 3074 59 19 miles
246 3074 21 18 of
277 3074 51 25 good
338 3074 49 18 road
399 3079 28 13 we
436 3080 56 12 came

57 3106 21 15 to
87 3101 87 20 another
182 3100 60 19 creek
257 3105 21 13 at
296 3099 34 19 the
348 3100 75 18 bottom
442 3100 21 18 of
482 3106 12 12 a

56 3128 64 26 gully,
132 3134 11 12 a
151 3126 89 25 friendly
250 3126 34 25 log
295 3126 56 18 acted
361 3132 22 12 as
398 3132 11 12 a
421 3125 73 26 bridge

57 3162 22 12 so
89 3161 30 12 we
129 3153 77 20 carried
216 3159 37 13 our
261 3153 58 17 bikes
339 3159 48 12 over
405 3152 87 18 without

56 3180 62 20 much
127 3179 87 19 trouble.
244 3179 90 18 Another
349 3178 47 20 mile
411 3178 80 18 further

57 3214 26 12 on
94 3206 91 25 brought
195 3212 25 12 us
230 3205 21 19 in
268 3205 51 18 view
339 3205 21 18 of
377 3205 34 18 the
431 3206 64 17 steam

58 3233 66 24 rising
151 3233 53 19 from
227 3231 97 20 Tikitere.
366 3231 48 18 This
439 3230 57 25 sight

58 3258 74 20 caused
141 3264 25 13 us
175 3260 22 16 to
207 3260 37 23 put
258 3263 24 12 on
294 3264 11 12 a
321 3259 58 22 spurt
398 3256 41 19 and
451 3257 22 17 in
484 3262 11 12 a

58 3286 38 19 few
107 3285 88 19 minutes
206 3290 55 12 more
275 3289 30 13 we
323 3283 79 18 arrived
420 3285 21 15 at
458 3288 37 12 our

58 3311 129 19 destination.
206 3311 38 18 We
253 3308 64 20 found
329 3309 35 18 the
374 3308 120 25 proprietor,

58 3338 33 18 Mr
108 3336 72 25 Paddy
198 3335 100 25 McCrory
315 3337 21 16 at
354 3335 66 20 home.
462 3334 34 19 He

58 3365 51 18 lives
125 3363 21 19 in
162 3369 12 12 a
192 3365 52 16 state
263 3361 21 19 of
301 3361 62 19 rustic
380 3360 114 25 simplicity,

59 3389 185 24 notwithstanding
253 3387 32 20 his
296 3387 52 20 closo
357 3386 109 26 proximity
475 3389 21 16 to

60 3417 34 18 the
108 3417 53 17 most
181 3420 106 19 gruesome
307 3413 97 25 spectaclo
422 3413 21 18 in
461 3412 35 19 the

60 3442 65 19 whole
135 3441 44 19 Hot
189 3441 57 21 Lake
256 3440 77 23 region.
352 3440 60 18 After
421 3445 12 12 a
443 3438 54 19 brief

58 3467 142 20 conversation
210 3466 50 20 with
272 3466 72 24 Paddy
361 3465 40 19 and
417 3465 30 21 his
465 3464 21 19 in-

60 3494 109 24 teresting
178 3492 73 24 family
266 3499 29 12 we
314 3491 128 20 commenced
460 3497 37 12 our

61 3520 111 26 inspeotion
181 3519 23 19 of
216 3518 96 21 Tikitere,

178 3553 42 23 (To
232 3553 19 19 be
263 3551 116 24 continued.J

86 3620 59 20 THE
161 3619 64 19 MAN
239 3618 66 18 WHO
317 3617 103 20 KNOWS
439 3616 58 19 THE

240 3644 83 19 ROAD.

62 3699 33 19 He
105 3698 68 19 drives
183 3697 86 21 directly
279 3697 64 21 home,
354 3703 49 12 even
415 3696 20 18 in
446 3695 51 18 dark

62 3725 76 25 nights,
150 3724 49 19 does
216 3724 36 19 the
267 3729 47 13 man
325 3722 45 19 who
378 3722 68 18 knows
463 3721 34 18 the

62 3751 56 19 road.
147 3750 43 19 The
204 3748 152 26 over-hanging
368 3748 73 24 gloom,
462 3747 35 18 the

62 3777 103 25 deceptive
198 3776 100 22 shadows,
331 3774 35 19 the
392 3773 105 20 uncertain

62 3803 81 22 sounds,
166 3802 60 21 don't
243 3802 73 19 bother
334 3800 49 19 him.
412 3800 33 18 He
461 3805 37 12 can

64 3829 78 20 •'feel"
155 3829 34 18 the
201 3827 79 26 ground
291 3826 65 20 under
365 3826 32 19 his
411 3831 86 19 waggon

62 3855 81 23 wheels,
154 3854 42 19 and
206 3855 35 18 the
274 3854 33 24 lay
317 3853 21 18 of
355 3852 35 19 the
400 3852 49 19 land
481 3851 17 18 is

63 3888 51 19 open
124 3884 21 16 to
156 3881 43 19 him
209 3887 23 12 as
242 3883 21 15 at
270 3880 54 18 clear
335 3878 101 21 noontide.
477 3877 21 19 It

63 3908 17 19 is
90 3908 35 18 the
135 3909 95 21 stranger
247 3906 20 19 in
276 3906 57 19 those
343 3908 56 22 parts
418 3904 44 18 who
481 3903 17 18 is

63 3933 97 21 confused
171 3932 40 19 and
221 3930 119 24 befuddled,
355 3930 43 19 who
420 3929 77 19 knocks

63 3960 71 25 people
144 3965 28 20 up
182 3962 21 18 to
214 3958 37 19 ask
262 3957 109 26 questions,
385 3957 44 21 who
437 3955 50 20 final-

63 3988 20 23 ly
95 3986 71 24 lodges
175 3985 22 19 in
207 3985 35 19 the
250 3984 61 19 ditch.

88 4012 78 20 Where
176 4014 22 16 to
208 4017 33 19 go,
253 4010 39 21 ajid
302 4009 44 22 how
357 4011 20 18 to
387 4010 34 24 get
432 4008 65 22 there;

64 4038 55 21 what
137 4040 20 16 to
168 4037 33 24 do,
212 4037 41 19 und
263 4037 44 18 how
321 4038 20 16 to
356 4035 26 19 do
401 4033 96 24 it—why,

64 4066 34 17 the
108 4070 47 13 man
174 4063 46 19 who
238 4063 71 18 knows
349 4061 45 19 that
433 4066 66 13 comes

65 4094 19 15 to
94 4091 35 18 the
139 4090 56 18 front
210 4088 128 25 everywhere
356 4087 40 19 and
416 4086 82 24 always.

64 4117 41 18 But
115 4116 34 18 the
331 4117 61 15 waste
410 4113 21 18 of
450 4111 49 19 time

64 4148 76 19 money,
161 4148 75 19 power,
253 4140 69 19 health
338 4141 42 21 &c.,
401 4139 20 18 in
441 4137 58 19 blind

63 4168 142 28 pxnerimejits,
226 4167 44 19 how
288 4164 153 31 disheartening
459 4162 40 19 and

524 954 112 19 disastrous
646 955 16 18 it
671 955 17 18 is
694 954 1 23 1
696 954 4 23 !
728 955 54 19 Take
793 962 25 13 an
835 957 123 20 illustration

524 981 22 18 of
555 980 42 19 this
607 982 46 21 sort,
668 980 40 19 aud
720 987 41 19 you
780 983 40 20 will
827 990 33 12 see
879 984 45 21 how
943 985 15 17 it

524 1006 33 19 fits
567 1007 21 18 in
599 1013 12 12 a
622 1006 83 19 minute.

575 1033 25 18 In
611 1033 71 24 spring
697 1033 21 18 of
823 1041 46 19 says
884 1042 12 12 a
910 1036 49 24 lady

524 1058 45 19 who
585 1058 50 19 lives
651 1058 58 19 down
724 1065 49 13 near
790 1061 34 18 the
840 1064 43 17 east
896 1065 61 18 coast,

571 1084 68 25 began
653 1087 21 16 to
690 1085 39 18 feel
738 1085 27 18 ill.
802 1087 12 18 I
829 1087 42 20 had
880 1095 12 12 a
909 1095 49 19 poor

515 1110 1 29 ]
524 1110 96 25 appetite,
632 1110 40 19 and
691 1112 52 17 after
761 1114 120 25 everything
891 1115 11 18 I
917 1117 39 21 ate,

523 1143 27 12 no
561 1139 73 16 matter
649 1136 46 19 how
710 1137 72 25 simple
797 1139 16 18 it
829 1147 46 16 was,
887 1140 11 19 I
915 1147 41 14 w,as

523 1162 67 22 seized
608 1162 48 19 with
666 1169 12 12 a
693 1166 59 21 great
769 1165 49 23 pain
837 1172 66 13 across
922 1167 35 18 the

523 1189 58 19 chest
597 1188 40 20 and
655 1189 66 19 round
738 1189 35 19 the
792 1191 58 19 sides.
888 1192 11 19 I
915 1199 42 12 was

523 1214 117 25 frequently
651 1214 49 23 sick,
714 1216 99 23 vomiting
821 1223 12 12 a
843 1224 52 17 sour,
915 1219 31 18 bit-

524 1248 30 12 ter
563 1241 56 19 fluid.
658 1241 11 18 I
680 1248 41 12 was
731 1241 71 20 almost
812 1244 66 20 afraid
893 1248 21 15 to
924 1249 32 15 eat

522 1267 41 19 and
573 1274 34 17 my
616 1267 47 19 food
676 1274 51 17 gave
738 1274 30 12 me
779 1275 25 12 no
813 1270 99 24 strength.
930 1271 26 18 In

522 1294 41 18 this
574 1296 52 16 state
639 1293 11 19 I
660 1293 113 22 continued,
785 1301 45 13 now
844 1302 12 12 a
873 1297 30 18 bit
912 1297 33 19 bet-

522 1322 37 19 ter,
578 1319 38 19 and
636 1319 49 19 then
705 1326 61 12 worse
785 1321 31 18 till
835 1321 119 26 December,

524 1347 56 21 1893,
595 1345 60 19 when
672 1345 11 19 I
698 1345 82 19 became
796 1347 29 19 ill.
854 1348 13 19 I
884 1352 35 21 got
935 1356 21 12 so

522 1372 58 19 weak
590 1371 11 19 I
611 1371 59 19 could
679 1371 73 24 hardly
764 1372 49 19 bear
828 1373 35 20 the
881 1376 75 22 weight

522 1398 21 18 of
553 1404 34 18 my
608 1397 52 25 body
679 1404 25 12 on
722 1404 34 17 my
768 1398 47 20 feet.
865 1402 12 18 I
903 1402 53 19 tried

522 1424 42 18 this
583 1423 40 19 and
640 1423 11 21 1
666 1423 53 19 tried
737 1424 100 21 that—all
856 1428 60 20 kinds
935 1428 21 19 of

522 1450 110 19 medicines
651 1449 11 19 I
688 1449 64 19 heard
771 1451 26 23 of,
816 1451 38 20 but
864 1461 52 13 none
935 1455 21 19 of

521 1476 56 19 them
595 1482 51 18 gave
662 1482 33 13 me
711 1482 39 18 any

573 1503 24 18 In
608 1502 98 24 January,
724 1503 56 22 1894,
791 1503 11 19 I
813 1505 49 19 read
871 1513 13 11 a
902 1506 53 19 little

521 1528 54 19 book
585 1528 63 19 about
658 1528 34 19 the
701 1534 58 13 cures
769 1529 51 19 done
832 1530 27 26 by
872 1532 83 19 Mother

521 1554 85 25 Seigel's
616 1557 73 22 Syrup.
717 1554 43 19 The
778 1555 52 20 book
848 1559 107 20 contained

521 1580 70 19 letters
601 1581 51 20 from
662 1580 28 20 all
700 1581 71 26 people
790 1582 46 19 who
853 1583 40 20 had
904 1585 51 19 been

521 1607 66 22 cured,
615 1612 54 13 some
688 1607 20 18 of
725 1607 64 18 whom
807 1608 41 21 had
867 1611 88 19 suffered

521 1633 41 18 like
573 1639 38 12 mo.
640 1633 11 18 I
668 1634 35 23 got
722 1639 13 12 a
755 1634 61 19 bottle
833 1635 53 20 from
903 1637 52 19 Miss

521 1658 94 21 Caroline
633 1659 77 24 Foster,
729 1666 68 18 grocer
818 1662 41 18 aud
882 1663 73 25 draper

521 1684 59 25 High
600 1687 72 21 Street,
692 1685 21 21 in
729 1686 40 18 this
798 1687 64 25 place.
896 1689 59 20 After

521 1711 73 25 taking
602 1712 16 17 it
628 1711 11 18 I
649 1717 41 12 was
700 1712 60 18 much
778 1712 72 20 better.
887 1715 11 18 I
914 1716 41 19 had

520 1744 11 12 a
542 1743 44 13 new
597 1737 61 19 relish
669 1737 32 19 for
711 1738 53 23 food,
779 1739 39 18 and
829 1747 26 11 no
872 1741 83 20 distress

519 1763 54 19 after
597 1764 75 24 eating.
711 1764 11 18 I
747 1765 107 20 continued
881 1768 74 25 taking

520 1789 82 19 Mother
611 1790 86 23 Seigel's
708 1790 67 25 Syrup
789 1792 40 18 and
848 1800 41 12 was
905 1801 49 12 soon

520 1817 41 17 free
571 1816 52 18 from
638 1816 29 18 all
687 1816 48 25 pain
751 1818 39 18 and
805 1818 90 20 sickness
914 1820 40 19 and

520 1843 39 17 fast
569 1842 87 25 gaining
669 1843 99 24 strength.
806 1844 58 20 Since
882 1846 49 19 then
942 1846 12 19 I

519 1869 52 18 have
580 1868 51 18 been
642 1869 20 17 in
673 1869 34 19 the
724 1868 45 20 best
785 1870 21 18 of
822 1871 76 23 health,
912 1872 41 19 and

518 1895 78 19 needed
615 1901 25 11 no
662 1895 105 19 medicine.
797 1896 94 26 (Signed)
910 1898 43 19 Mrs

518 1920 89 19 Eleanor
621 1920 56 25 Clay,
696 1921 157 26 Messsingham,
880 1924 72 26 Brigg.

519 1947 67 23 Lines,
597 1947 57 24 April
664 1947 55 22 .'3,oth,

570 1973 25 18 In
606 1973 34 19 the
647 1974 56 23 early
714 1976 45 22 part
769 1975 20 18 of
802 1976 72 21 187'),"
886 1977 67 19 writes

518 1999 91 23 another,
682 1999 71 19 health
762 2001 66 23 began
837 2004 21 16 to
867 2003 37 18 fail
914 2010 38 12 me.

518 2025 11 19 I
538 2025 36 19 felt
584 2025 39 18 low
633 2025 40 19 and
684 2026 63 22 weak,
757 2027 40 19 and
804 2027 39 19 lost
850 2028 27 20 all
886 2036 68 17 power

518 2051 41 19 and
587 2051 120 25 disposition
734 2052 21 19 to
783 2056 56 16 exert
868 2055 81 24 myself.

518 2077 60 19 After
588 2084 60 18 every
655 2078 53 19 meal
728 2078 10 19 I
757 2079 39 19 had
816 2080 48 24 pain
882 2081 21 19 in
918 2081 35 19 the

517 2103 57 19 chest
585 2103 39 19 and
634 2103 27 19 all
672 2111 47 12 over
729 2111 37 13 me.
795 2106 11 18 I
819 2107 35 18 ?elt
863 2113 22 13 so
898 2107 56 25 tight

517 2130 80 18 around
614 2130 34 19 the
668 2131 57 18 waist
742 2131 45 19 that
803 2132 17 18 it
835 2133 79 19 seemed
932 2140 22 12 as

517 2156 80 24 though
617 2157 117 25 something
753 2164 40 13 was
808 2158 86 24 holding
913 2166 38 12 me.

517 2182 11 17 I
540 2189 40 10 was
590 2183 60 17 much
660 2183 94 19 troubled
764 2184 49 19 with
824 2190 11 13 a
848 2185 106 25 sickening

517 2208 54 18 wind
589 2208 82 24 coming
681 2215 27 18 up
727 2210 52 18 from
797 2217 35 17 my
848 2211 88 18 stomach
947 2218 5 16 ;

517 2234 40 18 and
568 2241 44 11 now
621 2234 40 18 and
672 2234 48 19 then
731 2236 11 18 I
752 2236 85 19 belched
848 2243 26 17 up
885 2243 12 12 a
907 2243 47 13 sour

516 2260 51 19 fluid
578 2260 44 19 that
630 2260 31 19 bit
668 2267 34 18 my
713 2262 67 19 throat
790 2262 39 19 and
837 2263 45 18 half
890 2263 51 18 chok-

517 2286 24 18 ed
550 2293 38 12 me.
616 2286 64 24 Then,
694 2289 39 21 too,
744 2288 11 19 I
775 2288 41 19 had
835 2289 79 18 attacks
933 2290 21 18 of

516 2318 85 19 spasms,
613 2312 66 19 which
688 2319 52 18 gave
756 2321 32 12 me
801 2314 80 19 intense
897 2316 55 24 pain.

517 2338 10 18 I
540 2342 34 21 gut.
585 2339 63 18 about
667 2345 34 19 my
719 2340 55 19 work
793 2340 70 25 slowly
882 2341 40 18 and
932 2342 21 18 in

516 2365 61 18 much
594 2365 91 24 distress,
705 2366 40 19 and
762 2373 54 18 grew
844 2367 109 24 gradually

518 2391 80 19 weaksr
608 2391 41 19 and
660 2398 54 13 moro
725 2392 126 25 despondent
858 2393 20 18 in
888 2393 63 22 mind,

541 2417 11 19 I
563 2417 50 19 tried
625 2417 27 19 all
667 2418 34 18 the
717 2419 80 18 various
818 2419 108 18 medicines
942 2419 11 19 I

515 2444 60 20 could
601 2444 49 18 hear
669 2444 20 19 of
708 2444 44 19 that
771 2446 66 23 might
862 2445 91 26 possibly

516 2471 25 18 be
553 2471 53 24 good
618 2471 31 18 for
668 2477 37 16 me,
726 2471 36 19 but
782 2478 53 12 none
857 2472 21 18 of
897 2472 55 18 them

517 2503 52 13 were
578 2497 23 18 of
609 2503 40 18 any

567 2523 59 19 After
635 2523 40 19 five
685 2523 80 19 tedious
775 2530 59 18 years
844 2524 21 18 of
879 2523 63 19 suffer-

516 2549 42 24 ing,
571 2556 33 17 my
616 2549 108 24 daughter,
745 2550 45 18 who
807 2550 17 19 is
839 2550 21 18 in
877 2550 76 19 service

515 2576 22 18 in
548 2575 92 23 London,
650 2578 61 16 wrote
722 2582 31 12 me
764 2577 21 17 of
792 2576 34 19 the
835 2576 75 18 benefit
916 2576 36 19 her

515 2603 91 17 mistress
630 2601 41 19 had
690 2602 82 18 derived
792 2603 52 18 from
863 2602 34 18 the
917 2608 35 13 use

515 2628 23 18 of
563 2628 81 18 Mother
670 2628 84 23 Seigel's
772 2628 97 20 Curative
887 2628 65 25 Syrup

517 2654 57 18 when
586 2653 95 19 troubled
695 2655 59 17 much
762 2661 22 12 as
795 2655 10 18 I
817 2662 47 11 was.
893 2654 10 18 I
921 2661 22 12 re-

515 2681 62 24 plied,
587 2680 40 18 and
637 2687 33 17 my
689 2680 103 25 daughter
808 2685 45 14 stmt
872 2687 32 12 me
912 2685 41 14 two

517 2707 74 18 bottles
601 2707 21 18 of
632 2706 34 19 the
677 2705 71 26 Syrup,
761 2707 40 19 and
812 2707 52 19 after
879 2707 75 24 taking

516 2734 22 22 it,
548 2733 11 18 I
570 2733 38 18 felt
619 2733 40 18 like
669 2739 13 12 a
698 2739 44 12 new
759 2740 84 11 woman.
881 2733 10 18 I
912 2733 41 18 had

515 2766 26 12 no
556 2759 46 21 pain
611 2759 52 18 after
672 2759 75 23 eating,
755 2759 40 18 and
804 2766 41 11 was
856 2759 20 18 in
888 2758 65 20 better

516 2785 71 20 health
597 2785 49 18 than
660 2784 10 20 I
682 2784 40 19 had
734 2785 50 18 been
796 2785 21 19 in
827 2785 54 19 since
891 2785 11 19 I
912 2791 40 13 was

515 2812 63 19 taken
597 2811 28 20 ill.
655 2812 60 19 From
731 2812 45 17 that
791 2812 50 17 time
860 2811 93 19 onwards

516 2845 34 17 my
576 2837 70 20 health
664 2843 40 14 was
719 2838 52 24 good
794 2837 39 19 and
859 2838 16 18 if
895 2837 12 19 I
926 2837 27 18 ail

515 2864 103 24 anything
637 2864 136 24 temporarily,
789 2870 22 11 as
820 2864 35 18 the
874 2864 45 17 best
929 2864 22 17 of

516 2897 23 12 us
547 2890 47 23 will,
606 2897 12 11 a
627 2890 38 18 few
675 2890 59 18 doses
744 2890 22 18 of
776 2889 81 19 Mother
867 2889 87 25 Seigel's

517 2917 66 24 Syrup
606 2918 36 22 put
661 2922 32 12 me
712 2916 63 23 right.
812 2916 11 18 I
839 2915 52 19 have
910 2915 43 19 told

516 2949 61 17 many
587 2948 85 19 persons
682 2942 22 18 of
721 2942 54 19 what
788 2942 40 18 this
843 2948 43 12 now
902 2941 41 19 cele-

516 2968 72 19 brated
604 2968 83 24 remedy
704 2968 34 18 did
758 2968 32 19 for
804 2974 38 15 me,
862 2968 40 18 and
921 2974 32 12 am

517 2995 78 23 willing
605 3001 40 18 you
655 2994 74 19 should
740 2994 83 25 publish
841 3000 34 17 my
891 2996 53 16 state-

516 3024 56 15 ment
583 3021 17 18 if
611 3026 40 19 you
661 3020 65 18 desire
736 3024 21 15 to
768 3020 25 19 do
801 3027 28 12 so.
858 3020 96 23 (Signed)

516 3047 63 24 (Mrs)
590 3047 47 19 Ann
648 3046 87 25 Knight,
753 3053 49 12 near
818 3046 35 19 the
872 3045 82 20 Church

515 3074 73 22 Fenny
598 3072 105 24 Compton,
713 3072 141 25 Leamington,
863 3072 78 25 Septem-

517 3100 37 18 ber
563 3099 54 22 27th,

543 3125 33 24 By
601 3125 85 24 looking
707 3125 52 19 back
777 3126 22 16 to
820 3124 35 18 the
878 3124 75 25 quoted

517 3151 66 19 words
595 3151 22 18 in
627 3151 57 18 these
696 3151 70 19 letters
775 3151 35 18 the
820 3150 72 18 reader
911 3150 41 18 will

515 3178 58 18 catch
585 3184 33 17 my
628 3177 58 24 point
696 3183 25 13 on
730 3177 34 20 the
782 3177 83 18 in-tant.
895 3175 54 19 Both

518 3205 57 18 these
592 3203 70 23 ladies,
683 3205 36 16 not
736 3202 99 25 knowing
854 3202 35 19 the
908 3203 46 17 true

518 3230 83 24 remedy
618 3229 32 19 for
667 3229 79 19 disease
762 3228 133 24 (indigestion
912 3227 41 19 and

517 3255 129 26 dyspepsia),
690 3255 79 24 blindly
802 3253 152 25 experimented

519 3283 49 18 with
579 3281 100 25 anything
689 3281 49 23 they
748 3280 58 19 could
818 3282 34 23 get
864 3280 48 18 hold
922 3280 27 17 of.

519 3308 72 19 Under
601 3307 41 19 like
659 3307 155 20 circumstances
832 3313 30 12 we
881 3306 27 19 all
928 3305 26 19 do

518 3335 36 18 the
564 3340 61 13 seme.
655 3333 68 21 When
742 3339 38 12 one
797 3332 78 19 doesn't
895 3332 60 18 know

519 3361 35 18 the
576 3360 49 19 road
648 3360 26 18 ho
698 3359 17 18 is
740 3358 73 19 almost
835 3358 75 19 certain
934 3360 21 15 to

519 3386 88 19 blunder
623 3386 41 18 and
681 3384 101 23 stumble;
801 3384 40 19 and
856 3384 26 18 he
901 3384 54 17 can't

519 3413 61 18 know
595 3411 54 20 until
664 3411 25 19 he
705 3410 73 19 learns.
816 3409 58 22 Now,
890 3410 22 17 in
928 3409 27 18 all

519 3439 94 18 ailments
632 3438 22 17 of
670 3437 35 18 the
724 3436 108 24 digestion,
855 3435 48 18 with
921 3436 34 17 the

519 3465 52 18 local
587 3466 112 22 symptoms
715 3462 66 20 which
799 3461 85 26 proceed
902 3460 53 20 from

519 3492 22 22 it,
553 3490 81 19 Mother
646 3488 85 25 Seigel's
742 3488 67 24 Syrup
819 3487 23 23 is,
854 3493 21 13 so
886 3488 20 18 to
919 3489 36 22 put

519 3518 22 22 it,
554 3517 34 18 the
618 3516 57 24 right
685 3521 14 12 r-
784 3513 76 19 Follow
869 3513 15 19 it
893 3513 52 18 faith-

520 3542 53 25 fully
578 3542 40 19 and
627 3548 41 18 you
676 3546 34 14 are
729 3540 62 24 fairly
807 3545 46 12 sure
863 3540 21 17 to
892 3539 62 24 bring

521 3575 27 19 up
566 3569 21 18 in
606 3568 35 18 the
660 3567 94 25 pleasant
768 3565 76 19 shelter
860 3564 21 19 of
901 3565 53 24 good

521 3594 76 21 health.
625 3593 103 23 Knowing
757 3592 47 23 this,
824 3590 65 21 direct
905 3596 52 19 your

520 3621 132 25 neighbours.

547 3669 43 18 The
601 3668 107 23 following
717 3672 44 12 new
771 3664 65 19 books
843 3670 33 12 .ire
883 3670 24 12 on
916 3664 42 18 sale

521 3697 21 16 at
566 3694 120 19 CiiitoNicr/E
900 3689 58 19 Xlth

735 3718 27 23 by
791 3716 27 20 H.
853 3715 103 23 Sutcliffe;

542 3747 61 18 Peter
756 3743 26 26 by
798 3742 36 19 the
848 3742 74 18 author
937 3743 21 17 of

521 3772 71 25 Trilby
599 3767 4 30 ;
651 3772 65 18 Seven
729 3769 62 19 Little

522 3798 40 19 aud
592 3798 44 19 The
646 3797 63 19 Little
854 3793 27 24 by
897 3793 61 19 Ethel

520 3825 80 18 Turner
609 3819 4 28 ;
651 3823 42 18 The
704 3820 56 20 Trail
777 3820 20 19 of
814 3819 35 19 the

521 3851 27 25 by
559 3850 80 20 Gilbert
648 3848 83 22 Parker,
745 3847 39 23 &e.,
797 3847 33 17 &c.

544 3882 39 17 The
593 3880 76 23 Sydney
679 3878 84 18 Bulletin
771 3877 38 17 and
818 3877 32 17 the
859 3877 100 17 Auckland

521 3906 93 17 Observer
624 3910 34 11 can
666 3903 24 16 be
696 3901 89 17 obtained
793 3901 20 16 at
821 3900 33 17 the
867 3900 81 20 CjIItOXI-

522 3932 36 16 CLE
567 3929 57 16 News
634 3925 94 24 Agency.*

546 3958 16 16 A
572 3956 63 18 choice
644 3953 87 19 selection
745 3952 20 17 of
780 3952 26 17 oil
819 3951 99 23 paintings
933 3951 26 23 by

521 3981 33 17 Mr
563 3980 20 21 Q.
594 3977 100 21 Blojnfield
756 3981 42 11 now
806 3975 25 16 be
839 3980 44 12 seen
890 3976 21 15 at
927 3975 32 16 the

522 4004 120 17 CunoNXCLE
651 4000 63 19 Office,
738 3998 53 22 They
800 3997 91 23 comprise
902 3997 57 18 views

522 4027 20 17 in
551 4026 38 17 this
598 4021 149 26 neighborhood,
761 4021 98 20 Wairakei,
875 4020 70 17 Whaka-

522 4054 107 14 rewarewa,
639 4047 40 20 &c.,
693 4045 37 17 and
747 4045 49 16 from
808 4044 50 17 their
871 4044 78 17 faithful-

522 4078 43 12 ness
585 4071 38 17 and
641 4068 94 19 attention
752 4068 19 17 to
793 4067 58 17 detail
871 4073 32 11 are
916 4066 43 18 well

523 4095 61 18 worth
597 4094 32 17 the
639 4091 94 19 attention
742 4091 20 17 of
770 4091 62 17 lovers
845 4091 20 16 of
874 4091 35 16 art.
935 4090 23 16 In

523 4118 85 18 addition
617 4117 20 16 to
647 4115 52 17 these
708 4115 52 17 there
773 4120 32 13 are
822 4119 11 12 a
846 4113 80 18 number
940 4113 19 17 of

522 4142 59 16 water
588 4139 51 18 color
648 4137 84 21 sketches
740 4137 82 21 puitujjlp
831 4137 30 17 for
868 4136 90 22 birthday

522 4170 21 11 or
552 4164 68 16 Easter

1108 84 59 20 THE
1194 84 58 21 HOT
1279 86 93 19 LAKES
1401 87 172 27 CHRONICLE,
1602 91 162 26 THURSDAY,
1794 95 153 22 DECEMBER
1976 100 24 17 24
2024 100 49 17 1896

847 293 91 35 mm

741 631 46 29 m.

1145 792 43 24 ■t-H'-

1221 810 94 29 BPS&
1319 809 50 25 ■""■■-'■''

982 962 42 19 TF
1038 962 59 19 YOU
1119 963 57 19 ARE
1197 963 66 19 SICK
1279 964 21 18 in
1312 971 40 17 any
1369 971 43 18 way

982 985 22 22 X
1034 989 102 18 whatever
1150 989 50 18 send
1217 996 12 12 a
1244 990 92 24 stamped
1352 996 48 13 enve-

980 1014 45 25 lope
1035 1017 20 16 to
1065 1021 37 13 our
1112 1015 89 25 Agency,
1213 1015 137 25 Wellington;
1361 1018 51 17 state

980 1041 34 18 the
1023 1046 45 13 case
1078 1047 22 13 as
1117 1041 99 24 minutely
1224 1047 22 13 as
1265 1042 88 25 possible
1373 1042 39 19 and

978 1073 40 17 you
1035 1067 77 19 receive
1130 1067 69 19 advice
1220 1067 26 25 by
1271 1070 68 17 return
1360 1073 50 20 post.

980 1092 41 18 Our
1031 1097 72 20 agents
1117 1099 34 12 are
1162 1093 28 18 all
1199 1093 103 25 qualified.
1335 1094 22 18 If
1371 1101 40 18 you

979 1118 77 19 enclose
1067 1121 21 16 2s
1106 1119 25 19 6d
1149 1125 28 12 wo
1195 1119 41 19 will
1252 1119 48 19 send
1317 1126 39 17 you
1375 1127 37 11 our

980 1144 43 18 best
1032 1145 82 24 remedy
1124 1145 32 20 for
1165 1145 34 19 the
1215 1152 46 12 case
1279 1145 78 24 lasting
1371 1152 40 18 you

978 1173 39 15 two
1040 1171 73 18 weeks.
1150 1171 46 18 You
1215 1178 48 12 save
1281 1178 73 18 money
1372 1173 39 18 and

978 1195 84 20 doctors'
1074 1196 53 21 bills.
1154 1197 47 21 You
1211 1199 78 17 receive
1305 1198 70 20 advice
1385 1205 25 11 on

978 1221 28 20 all
1015 1223 73 24 points,
1100 1223 40 18 and
1150 1223 35 19 the
1195 1227 70 21 purest
1276 1223 20 19 of
1313 1224 98 19 remedies

978 1253 50 18 sent,
1037 1251 21 16 at
1065 1256 26 11 no
1098 1251 58 17 extra
1163 1251 41 17 cost
1215 1249 50 19 than
1272 1250 16 18 if
1296 1250 115 25 personally

978 1274 84 25 bought,
1070 1274 28 24 by
1107 1275 62 25 doing
1176 1281 51 19 your
1231 1275 93 20 business
1330 1276 48 18 with
1388 1283 23 11 us

977 1300 28 24 by
1014 1303 51 22 post.
1094 1300 86 21 Consult
1193 1305 19 15 at
1222 1308 55 13 once.
1310 1301 101 20 Ailments

979 1326 64 19 which
1053 1333 39 17 are,
1104 1330 21 16 at
1132 1328 35 19 the
1177 1328 48 19 time
1242 1328 89 25 thought
1347 1331 20 16 to
1385 1329 25 18 be

977 1352 59 25 light,
1048 1359 33 12 are
1090 1354 56 20 often
1156 1354 34 18 the
1201 1354 113 25 beginning
1324 1354 21 19 of
1361 1354 40 20 seri-

977 1385 36 12 ous
1023 1385 153 19 consequences,
1188 1380 66 19 which
1274 1380 16 19 if
1308 1380 62 19 taken
1389 1387 19 13 id

978 1404 47 19 time
1036 1411 33 12 are
1079 1405 87 19 checked
1177 1406 40 19 and
1227 1406 68 19 cured.

978 1439 167 20 G-KEATFORD
1161 1440 160 20 BOTANICAL
1339 1440 69 25 COY,,

1081 1477 150 24 Wellington-,
1243 1479 40 19 and
1293 1482 21 16 at

1001 1503 80 23 Sydney,
1091 1504 118 20 Melbourne,
1220 1505 50 22 Cape
1276 1505 63 19 Town,
1350 1506 37 16 and

1099 1528 85 20 Lincoln,
1197 1528 96 22 England.

1001 1582 51 47 G.
1091 1582 297 47 BURTON'S

980 1657 220 25 PIONEER
1243 1659 167 25 STORE,

1055 1701 102 25 Opposite
1174 1702 72 19 Palace
1263 1702 67 20 Hotel.

976 1752 138 24 GROCERY,

1016 1784 138 20 OILMEN'S
1169 1784 112 25 STORFS,

1057 1815 220 24 IRONMONGERY,

1109 1846 252 24 CROCKERYWARE,

1161 1881 144 24 DRAPERY,
1322 1883 42 22 &c„
1374 1883 35 19 .fce-

1021 1916 76 19 NEW
1110 1917 143 18 SEASON'S
1263 1917 99 19 GOODS

1118 1949 49 20 Just
1177 1951 20 17 to
1207 1950 61 18 hand.

1004 1987 14 14 A
1037 1983 148 20 wfli-asaorteri
1203 1984 57 20 st:>ck
1279 1985 18 18 in
1315 1985 25 19 all
1359 1985 51 20 lines

975 2010 22 19 of
1006 2010 34 19 the
1049 2010 63 19 above
1122 2014 21 15 at
1153 2010 34 19 low
1193 2015 32 15 est
1236 2018 71 16 prices.

976 2050 49 19 New
1037 2050 87 19 Zealand
1132 2050 64 25 Dairy
1206 2050 146 19 Aspociahon'n
1361 2051 36 19 Fac-

1011 2078 46 21 tory
1068 2076 75 19 Butter
1153 2076 54 19 fresh
1218 2076 59 20 twice
1288 2077 81 25 weekly.

1051 2111 50 19 New
1112 2111 50 19 Laid
1174 2111 60 24 El'rs,
1245 2112 42 22 &c,,
1300 2113 33 18 &g.

976 2324 80 46 THE
1081 2324 208 20 UNDERSIGNED
1318 2325 51 26 begs
1387 2328 21 17 to

1042 2351 51 19 offer
1103 2351 102 21 Nursery
1216 2351 65 22 Stock
1291 2352 21 18 of
1321 2352 28 19 ali
1363 2352 34 19 des-

974 2377 101 25 criptions,
1096 2377 58 19 eeeds
1175 2377 40 19 and
1235 2378 55 25 appli
1298 2378 98 18 inces—in-

974 2403 82 25 cluding
1067 2403 50 19 New
1128 2403 90 21 Zealand
1234 2404 67 23 Trees,
1321 2404 85 23 Shrubs,

974 2429 77 21 Plants,
1070 2429 131 23 Tree-Ferns,
1219 2429 69 23 Ferns,
1308 2431 41 22 &c.,
1366 2432 40 21 <4c.,

975 2455 76 25 packed
1061 2456 21 18 in
1094 2455 55 19 wood
1163 2456 39 18 and
1216 2462 74 12 canvas
1306 2462 55 13 cases
1376 2457 32 18 for

974 2482 34 18 the
1016 2481 99 24 Colonies,
1128 2481 40 19 and
1179 2482 20 18 in

973 2507 32 19 for
1027 2507 78 21 distant
1127 2508 108 20 countries.
1277 2508 68 20 Medal
1367 2509 41 19 and

978 2533 92 25 Diploma
1080 2533 91 19 received
1181 2534 32 18 for
1225 2534 71 24 plants,
1309 2535 39 23 &c.,
1360 2537 48 16 thus

974 2562 44 16 sent
1028 2562 19 16 to
1059 2559 35 19 the
1220 2559 125 25 Exhibition,
1354 2561 41 18 Lon-

974 2585 45 23 don,
1113 2585 151 20 —Established
1274 2587 20 18 in
1301 2587 107 18 Auckland

974 2613 23 17 35
1009 2617 65 14 years.

1054 2646 274 38 C.T.fRm

974 2696 39 20 M'f,
1025 2695 104 18 HOBSON
1136 2695 129 21 NURSERY,
1274 2697 132 20 REMUERA,

1099 2736 121 22 Auckland,
1232 2736 52 21 N./?.

1121 2791 147 21 ROTORUA

976 2829 125 28 WOOD
1112 2829 29 28 &
1152 2829 109 29 COAL
1270 2830 137 27 DEPOT

978 2914 122 41 Messrs
1120 2914 24 19 p.
1161 2914 144 22 goo.pson
1319 2916 47 21 and
1382 2916 24 21 o,

1028 2932 162 24 GRIFFITHS
1200 2944 39 12 are
1256 2939 111 22 prepared
1381 2940 26 18 to

976 2960 87 19 deliver
1071 2962 25 20 to
1105 2966 47 18 any
1161 2963 53 21 part
1223 2962 26 18 of
1255 2962 39 20 the
1304 2962 70 18 Town

1002 2998 81 24 BEST
1092 2999 192 26 HOUSEHOLD
1293 3000 86 28 COAL,

1159 3039 63 18 ALSO

976 3074 93 23 RATA
1080 3075 21 22 &
1112 3074 102 23 TAWA
1227 3076 179 26 FIREWOOD.

998 3115 25 19 At
1032 3114 95 21 Lowest
1136 3114 99 20 Current
1244 3115 71 19 Rates
1323 3118 22 15 at
1352 3117 32 16 the

1116 3144 81 17 shortest
1206 3145 67 16 notice.

999 3206 62 17 Goods
1070 3206 94 17 delivered
1178 3206 45 18 with
1235 3209 116 21 promptness
1361 3208 48 19 after

975 3235 69 17 arrival
1053 3235 19 17 of
1081 3235 65 17 trains.

1007 3274 75 19 Orders
1092 3281 46 18 may
1147 3274 24 18 bo
1181 3274 37 19 left
1226 3278 21 16 at
1259 3276 34 18 the
1303 3276 71 23 Yards,

989 3389 82 19 Agents
1081 3395 38 13 for
1129 3395 41 13 tiie
1181 3389 51 20 N.Z.
1246 3390 95 22 Express
1350 3391 34 19 Co.

1037 3465 72 46 TJ}
1118 3465 234 49 ILORIM.

978 3536 111 25 Direct
1113 3536 81 26 from
1218 3537 55 26 the
1301 3538 87 25 Manu-

1120 3569 149 30 facturer,

978 3660 65 19 Suits
1062 3661 25 17 to
1108 3661 108 18 Measure
1234 3662 24 18 at
1275 3661 136 26 Up-to-date

1056 3684 78 18 Prices
1143 3684 36 18 for
1191 3684 61 19 Cash
1267 3685 66 23 Only.

980 3739 45 20 FIT
1034 3741 16 17 &
1057 3739 220 22 WORKMANSHIP
1285 3739 109 21 GUARAN-

1155 3769 79 22 TEED.

1014 3808 203 34 WHOLESALE
1235 3808 143 33 FACTORY

1081 3850 165 31 CLOTHING
1261 3850 49 31 CO.

1000 3908 124 45 JOE.
1157 3908 232 54 MUNRO,

1111 3976 178 25 HGENT,

1082 4018 233 26 OHINEMUTU.

980 4085 150 44 WANTED
1138 4084 232 18 KNOWN.—Christmas
1377 4085 37 17 and

1068 4109 46 17 New
1128 4108 52 17 Year
1194 4108 64 20 Cards,
1274 4107 140 20 hand-painted

978 4132 38 18 and
1029 4132 98 17 otherwise
1141 4132 19 18 to
1175 4131 24 18 bo
1213 4131 37 17 had
1265 4132 19 16 at
1297 4130 117 18 Chronicle

979 4156 63 17 Office.

1447 151 37 42 R.
1536 152 333 53 SPRECKLEY,

1543 209 52 16 Next
1603 209 32 17 tho
1650 210 45 17 Post
1707 211 63 21 Office,

1441 238 236 25 SHORTLAND-ST,
1691 242 179 21 AUCKLAND-

1487 270 80 23 Agent
1573 270 35 18 for
1614 271 93 19 Gordon
1714 272 20 18 &
1743 273 81 19 Gotch.

1521 316 57 18 LIST
1588 317 32 17 OF
1629 317 59 19 NEW
1699 318 90 18 BOOKS.

1596 357 7 7 •
1761 355 56 21 Paper
1822 356 49 16 Ciotli

1440 381 112 17 Sentimental
1560 382 72 21 Tommy
1672 384 17 15 J.
1698 384 27 16 M.
1734 384 58 16 Barrio
1804 386 50 15 263
1860 386 11 15 .0

1441 403 71 20 Rodney
1521 404 52 15 Stono
1582 416 17 5 ...
1639 404 22 15 A.
1670 405 59 15 Conan
1738 405 55 19 Doyle
1805 407 48 14 2G:i
1862 408 9 14 6

1439 423 37 16 The
1483 424 55 15 Green
1547 424 42 16 Man
1652 425 19 16 :S.
1682 426 22 16 R.
1714 426 79 16 Crockett
1805 428 9 14 2
1824 428 9 14 6
1845 428 9 15 3
1862 429 9 14 0

1439 444 37 16 The
1491 445 84 19 Murtian,
1590 451 10 10 a
1615 451 38 10 new
1668 447 49 16 novel
1731 447 22 20 by
1768 447 29 16 Du

1482 466 83 19 Maurier,
1585 467 63 15 author
1663 468 18 14 of
1697 468 78 21 '•Trilby
1780 466 4 23 -
1787 466 4 23 '
1805 469 27 15 26
1844 470 9 14 3
1863 470 8 14 0

1439 485 71 18 Cdiueoa
1665 488 56 16 Marie
1730 489 61 16 Corelli
1804 491 8 15 2
1822 491 9 13 0
1843 491 9 15 3
1861 491 9 15 G

1439 507 37 15 The
1491 508 72 20 Mighty
1578 508 51 16 Atom
1725 522 13 8 ~
1805 511 27 15 2.6
1844 512 9 14 3
1863 513 8 14 6

1438 528 37 16 The
1483 528 76 16 Sorrows
1568 529 17 15 of
1593 529 11 15 S
1610 532 36 13 itan
1726 543 11 7 „
1804 532 9 14 2
1823 532 9 14 6
1844 533 9 14 3
1862 534 9 14 G

1438 548 88 17 Barabbas
1726 564 12 7 M
1804 553 67 16 2636

1439 570 86 16 Vendetta
1670 572 56 16 Marie
1732 573 62 16 Corelli
1805 574 8 14 2
1823 575 9 13 ti
1844 575 9 15 3
1862 576 9 13 G

1439 591 71 16 Tholma
1727 606 11 8 „
1805 595 8 14 2
1823 596 9 13 6
1844 596 9 14 3
1862 597 9 14 6

1437 612 68 16 Ardath
1727 627 11 8 tI
1804 616 9 14 2
1823 617 9 14 6
1844 617 9 14 3
1862 618 9 13 6

1437 633 37 18 The
1482 634 41 15 Soul
1531 634 18 15 of
1559 634 55 18 Lilith
1629 648 21 6 ......
1724 648 13 8 ~
1803 637 8 16 2
1822 638 8 14 6
1843 637 28 16 3,6

1439 654 108 16 Wormwood
1566 669 17 4 ...
1630 669 19 4 ...
1725 669 11 8 ~
1803 658 9 15 2
1822 659 9 13 6
1844 659 9 14 3
1862 659 9 14 6

1437 675 68 17 Behind
1512 677 30 15 the
1550 677 59 21 Magic
1616 677 63 15 Mirror
1731 678 60 16 Birrell
1804 680 8 13 2
1821 680 9 14 6
1844 680 9 14 3
1862 681 9 13 6

1437 696 37 16 The
1478 697 84 16 Eleventh
1566 698 146 19 Commandment,
1719 699 10 16 S
1737 699 59 16 itcliffe
1804 701 7 14 .!
1821 701 9 14 6
1844 701 26 15 36

1437 718 17 15 A
1459 718 64 17 Victim
1528 718 18 16 of
1552 719 49 16 Good
1606 719 54 19 Lu-.k,
1668 718 27 17 VV.
1702 720 22 17 E,
1730 720 61 16 Norris
1803 722 8 14 2
1821 722 9 14 6

1437 739 37 16 Tho
1483 739 53 16 Wood
1542 741 71 19 Beyond
1619 741 29 15 [he
1653 740 66 19 World,
1730 741 62 16 Morris
1803 743 8 14 2
1822 744 8 13 6

1436 760 71 21 Among
1514 760 29 17 the
1551 761 64 16 Freaks
1666 761 28 16 W.
1703 762 22 16 L.
1735 762 55 16 Alden
1803 764 8 15 2
1822 765 8 14 6
1843 764 9 15 3
1861 765 9 14 6

1437 781 36 16 Out
1481 786 16 11 ot
1503 782 40 16 Due
1549 782 62 16 Se.isun
1627 783 73 15 Adeline
1706 783 84 17 Serai-ant
1803 786 9 14 2
1822 786 8 14 6

1436 802 99 17 Transition
1663 804 21 16 G.
1694 804 20 16 F.
1726 805 64 15 Brooke
1803 807 8 14 2
1821 807 9 14 6

1436 824 35 18 The
1471 824 59 18 Years
1537 825 38 15 that
1580 825 29 16 the
1616 825 63 16 Locust
1687 826 43 15 hath
1742 826 7 14 H
1755 830 23 11 ati
1783 832 11 10 n

1582 847 56 15 Annie
1646 846 21 16 E.
1677 847 68 15 Holdsn
1751 847 39 16 orth
1803 849 8 14 2
1821 849 9 14 6
1843 849 8 15 3
1860 849 10 15 6

1437 866 51 16 Isban
1498 866 54 17 Israel
1564 867 19 16 /a
1592 868 54 16 South
1658 869 69 15 African
1737 868 11 16 S
1757 870 37 18 ory)

1647 889 66 21 George
1761 890 9 16 i
1778 896 12 9 ■«
1842 891 9 15 3
1860 892 9 14 6

1437 908 28 16 Mr
1474 909 58 19 Bailey
1541 909 65 16 Martin
1626 923 18 4 ...
1669 910 53 20 Percy
1731 910 59 16 Wmre
1802 912 9 14 2
1820 913 9 13 6
1842 913 9 14 3
1860 913 9 14 6

1436 932 15 13 A
1462 929 55 17 Home
1526 931 17 15 in
1553 931 81 16 Inveresk
1674 931 14 15 T
1704 932 20 16 L.
1736 932 53 15 I'itou
1820 934 31 15 63
1860 934 9 14 6

1435 951 36 16 The
1480 952 55 15 Green
1544 952 66 16 Groves
1624 952 19 16 of
1656 952 98 17 BaLowrie

1640 974 17 16 J.
1667 974 25 16 H.
1701 974 89 16 Findlater
1801 976 9 14 2
1820 976 9 14 6
1839 977 12 14 SS
1860 976 9 14 6

1435 994 26 16 Dr
1469 994 113 20 CongaJton's
1591 995 69 20 Legacy
1669 995 25 17 J£.
1703 995 41 16 Johi
1751 998 38 13 stou
1801 997 9 14 2
1820 999 9 13 6
1842 998 8 14 3
1860 998 9 14 G

1434 1016 37 15 The
1479 1016 49 18 King
1536 1016 19 16 of
1564 1017 91 15 Andaman
1719 1017 46 16 Cobb
1771 1023 16 9 in
1801 1018 9 15 2
1820 1019 9 14 6
1841 1019 9 14 3
1860 1019 9 14 G

1434 1039 17 15 A
1510 1037 18 15 of
1536 1039 29 14 the
1574 1037 62 22 Fjords
1749 1039 42 15 Deir
1842 1040 8 14 3
1860 1040 9 14 6

1435 1058 41 17 cles;
1485 1058 53 19 Ivi'lly
1563 1072 17 4 ...
1629 1072 17 3 ...
1656 1059 17 16 S.
1680 1058 22 16 R.
1710 1059 80 16 Crockett
1802 1061 8 14 2
1820 1061 9 14 G
1841 1061 9 14 3
1860 1061 9 14 6

1434 1079 49 21 Lady
1491 1080 156 21 Val'sElopenvnt.
1655 1080 16 15 J.
1683 1080 106 21 Bickeidyko
1800 1082 10 16 2
1820 1082 8 14 6
1841 1082 9 15 3
1860 1083 9 14 0

1434 1101 36 16 The
1479 1101 94 21 Expiation
1582 1103 17 14 of
1607 1101 58 23 Wynn
1674 1101 73 16 P-lisser

1687 1122 20 19 8..
1718 1123 52 15 Mitfo
1779 1124 11 15 d
1801 1124 10 16 2
1820 1125 9 14 6

1434 1145 16 14 A
1460 1143 77 17 Humble
1545 1145 105 20 Enterprise.
1660 1145 19 15 K.
1686 1145 103 15 Cambridge
1801 1146 9 14 2
1820 1146 9 14 6
1841 1146 9 14 3
1860 1146 9 14 G

1433 1166 37 15 The
1480 1166 86 15 Beautiful
1576 1166 60 15 While
1644 1166 56 18 Devil,
1710 1166 79 20 Boothby
1801 1167 9 14 2
1820 1167 8 14 (i
1841 1167 9 15 3
1860 1169 9 12 6

1434 1188 16 14 A
1458 1186 33 16 Bid
1500 1187 26 15 for
1534 1187 77 16 Fortune
1743 1199 10 8 „
1799 1189 9 16 '£
1816 1189 11 14 .6
1840 1190 9 13 3
1859 1189 10 14 6

1434 1208 21 15 In
1463 1208 75 18 Strange
1547 1209 89 19 Company
1743 1220 11 8 ~
1800 1210 9 15 2
1819 1211 9 13 6
1841 1210 9 14 3
1859 1211 9 13 G

1433 1229 37 16 Tiie
1479 1230 88 19 Marriage
1576 1231 17 14 ot
1602 1229 63 16 Esther
1744 1241 11 8 ~
1801 1231 9 15 2
1820 1232 9 14 G
1841 1232 9 14 3
1859 1232 10 14 6

1433 1250 37 16 Tho
1477 1250 84 16 Tremlett
1569 1250 97 18 Diamonds
1687 1251 28 15 St.
1724 1251 65 20 Aubyn
1841 1253 9 14 3
1859 1253 10 14 6

1434 1272 20 15 In
1462 1271 56 18 Haste
1525 1272 34 17 and
1564 1275 18 12 at
1585 1272 72 18 Leisure
1665 1272 21 15 E.
1695 1272 21 16 L.
1725 1272 64 15 Linton
1801 1273 9 15 2
1818 1274 9 15 G

1432 1293 37 15 The
1478 1293 66 16 Master
1569 1306 18 4 ...
1635 1306 16 4 ...
1679 1294 16 15 1.
1704 1293 85 20 Zangwill
1841 1295 9 15 3
1858 1295 10 15 G

1433 1315 16 14 A
1457 1314 109 16 JBomanceof
1570 1313 38 17 Two
1608 1313 77 17 Worlds
1696 1314 23 17 M.
1726 1315 62 16 Corelli
1801 1316 9 15 2
1819 1316 8 15 6
1841 1317 9 14 3
1859 1317 10 14 G

1432 1335 46 16 Jude
1487 1336 29 15 the
1526 1336 77 16 Obscure
1643 1336 76 16 Tliomas
1727 1336 60 21 Hardy
1801 1338 49 14 26!&
1859 1338 10 14 G

1433 1357 21 15 In
1463 1357 30 15 the
1503 1357 48 21 Days
1559 1357 19 16 of
1586 1357 93 20 Adversity
1718 1357 65 16 Burton
1841 1359 9 14 3
1859 1359 10 14 6

1432 1378 38 15 Tho
1477 1378 58 17 Heart
1543 1378 18 17 of
1571 1378 28 16 the
1611 1378 61 16 World
1702 1378 86 21 Haggard
1800 1380 27 14 2G
1841 1381 9 14 3
1859 1381 9 14 G

1432 1399 37 15 Tho
1477 1400 94 20 Courtship
1580 1400 17 15 of
1606 1400 64 16 Morice
1678 1399 74 16 Buckler

1696 1422 21 15 A.
1728 1421 60 15 Mason
1801 1423 9 16 2
1819 1423 9 16 0
1841 1423 9 14 3
1859 1423 10 14 6

1431 1442 39 18 Tbe
1478 1442 57 21 Light
1543 1442 39 16 that
1589 1442 60 16 Failed
1702 1442 87 21 Kippling

1491 1469 40 16 Add
1540 1469 80 20 Postage,
1630 1469 21 15 2d
1660 1470 18 14 in
1688 1470 29 15 the
1725 1469 81 21 Shilling.

1467 1526 85 18 OiiDERS
1564 1531 39 12 FOR
1615 1530 66 13 ABOVE
1698 1530 100 13 RECEIVED
1813 1527 21 17 at

1524 1548 151 21 CHRONICLE
1688 1549 80 19 Office.

1432 1660 207 43 SOMETHING
1672 1660 44 40 TO
1750 1660 117 40 READ!

1436 1794 241 57 Supplied
1701 1794 129 56 Regu-

1509 1892 131 57 larly
1660 1891 130 44 from

1509 2157 278 36 OFFIC6,

1482 2223 194 32 Canterbury
1707 2223 109 30 Times,

1476 2265 222 24 Christchurch
1728 2264 93 31 Press,

1491 2306 72 25 New
1576 2306 135 25 Zealand
1735 2305 75 31 Mail,

1523 2347 111 32 Family
1650 2347 127 31 Reader,

1449 2389 106 32 Young
1578 2389 116 27 Ladies'
1716 2389 134 30 Journal,

1500 2430 91 27 Black
1617 2430 60 25 and
1694 2430 105 30 White,

1433 2472 172 26 Illustrated
1629 2471 124 27 London
1771 2472 95 30 News,

1430 2514 63 26 The
1514 2514 116 29 Album,
1665 2513 63 25 The
1743 2513 123 30 Sketch,

1510 2556 122 32 Sydney
1652 2554 135 31 Bulletin,

1565 2616 12 11 „
1683 2596 74 30 Mail,

1486 2638 90 27 Town
1590 2637 60 26 and
1667 2637 143 32 Country,

1539 2679 219 30 Australasian,

1588 2721 133 29 Referee,

1432 2763 230 32 Cosmopolitan
1700 2762 165 32 Magazine,

1533 2804 112 25 Strand
1752 2823 14 11 „

1509 2846 141 24 Windsor
1753 2865 13 10 „

1510 2888 140 31 Ludgate

1483 2929 119 27 Review
1624 2928 32 26 of
1676 2928 140 30 Reviews,

1498 2971 127 25 Woman
1644 2971 33 26 at
1696 2970 103 29 Home,

1429 3012 153 25 Weldon's
1594 3011 129 26 Fashion
1740 3011 124 25 Journal

1465 3053 129 26 Scnild's
1610 3053 128 25 Fashion
1787 3072 12 11 „

1477 3094 181 32 Something
1679 3095 35 24 to
1730 3093 92 31 Read,

1430 3137 186 31 Snapshots,
1638 3135 147 30 Answers,
1806 3135 45 26 Tit-

1512 3178 68 28 bits,
1594 3177 123 31 Scraps,
1738 3177 52 24 &c.

1432 3220 64 26 And
1513 3219 36 26 all
1568 3220 97 25 Home
1683 3224 60 20 ana
1759 3218 90 25 Colon-

1449 3261 36 25 ial
1503 3261 113 32 Papers
1629 3260 24 25 &
1666 3260 184 31 Magazines.

1600 3389 101 23 THG

1434 3440 247 43 MASTERPIECE
1700 3440 164 43 LIBRARY,

1433 3513 143 35 Popular
1589 3513 129 31 Novels,

1468 3575 65 28 The
1547 3574 115 32 Penny
1675 3574 105 31 Poets,

1502 3636 109 29 Books
1623 3636 49 27 for
1677 3636 54 26 the
1742 3636 126 28 Bairns,

1434 3766 206 49 JNlewnes'
1673 3766 196 47 Famous

1575 3852 163 45 Books.

1474 3984 165 43 BROADER
1678 3984 154 42 BRITAIN.

1463 4053 4 28 .
1497 4054 176 27 Collection
1698 4053 34 26 of
1754 4054 95 27 Photo-

1503 4103 133 33 graphic
1651 4103 109 28 Views
1773 4103 35 26 of

1554 4144 54 26 the
1630 4144 121 26 World.

938 4247 104 40 Ask
1081 4247 73 38 for
1185 4244 265 45 pajicQck's
1482 4242 276 45 Celebrated
1789 4240 188 42 XXXX
2014 4240 112 42 Alejs
2153 4240 93 43 and
2271 4240 150 42 Stout

2001 162 154 54 THE
2208 166 153 55 HOT
2413 169 34 53 L
2463 170 204 54 AKES
2716 174 41 50 P
2777 175 15 51 I
2811 170 145 58 STB
2975 176 68 52 IC
3063 175 56 52 T.

2129 245 91 21 Tourists
2230 248 39 18 and
2282 248 91 20 Invalids
2383 250 84 25 visiting
2477 250 33 19 the
2521 251 137 21 Wonderland
2668 254 21 18 of
2698 254 51 19 New
2758 254 91 20 Zealand
2858 256 39 19 will
2904 257 41 19 find
2956 258 34 18 the

2081 285 434 79 GRAND
2607 293 424 84 HOTEL,

2371 379 393 66 ROTORUA,

1989 440 51 16 most
2050 439 87 25 elegant,
2149 442 131 19 comfortable
2287 443 40 18 and
2338 443 43 19 best
2392 445 109 23 appointed
2511 445 152 19 establishment
2674 447 20 18 in
2714 447 50 19 New
2781 448 94 24 Zealand,
2893 450 16 18 it
3004 452 75 24 replete
3095 452 89 19 through
3187 459 24 11 on
3213 455 6 15 J

1921 487 5 7 r
1991 488 20 11 TT
2362 470 49 18 with
2421 470 34 18 the
2466 473 51 16 most
2532 471 81 18 modern
2627 472 147 20 conveniences.
2975 467 11 9 °

1894 513 89 17 curative
1993 490 111 40 ™SSo.
2105 497 13 12 M
2164 492 47 38 A
2230 494 79 18 immedi
2312 501 11 11 *
2325 497 7 16 t
2330 520 6 5 ,
2334 501 10 11 c
2359 495 169 24 neighbourhood
2547 496 20 18 of
2583 496 36 19 the
2637 497 72 23 Priest,
2728 498 83 24 Rachel,
2830 499 120 22 Postmaster
2973 503 40 18 and
3027 504 57 18 other
3099 504 67 23 baths,
3185 504 35 18 tho

1894 537 52 19 from
1956 520 26 34 r
1983 546 7 10 o
2001 546 36 10 vnr
2046 519 59 37 ml?
2120 543 14 13 H
2147 524 15 32 T
2227 525 33 12 are
2276 520 146 19 world-iamed.
2451 520 54 19 Bath
2516 521 66 19 chairs
2593 522 39 19 and
2642 523 117 19 attendants
2768 530 34 13 are
2811 525 95 24 provided
2917 530 19 15 to
2948 534 74 19 convey
3037 529 86 19 invalids
3139 532 21 16 to
3179 529 40 19 and

2094 541 48 19 bath
2144 543 90 19 -houses.
2261 544 42 19 The
2314 545 106 19 bedrooms
2430 546 40 19 and
2489 550 86 21 retiring
2596 554 66 12 rooms
2682 555 33 12 are
2734 549 58 19 fitted
2809 551 47 18 with
2884 553 73 23 special
2969 555 72 23 regard
3056 558 20 16 to
3090 555 33 19 the
3140 556 80 24 require

1894 569 65 13 ments
1969 570 21 13 or
1999 569 69 20 guests
2077 573 22 11 m
2109 569 69 18 search
2188 570 21 18 ot
2218 570 90 18 renewed
2319 571 98 24 strength.

1894 614 13 17 b
1909 589 62 42 J!he
1980 592 121 39 rnnvnltL'?
2104 599 10 12 °
2111 621 8 10 f
2122 593 122 21 SanatoriUn
2244 602 16 29 V
2261 595 52 19 liaVe
2323 602 14 29 ?.
2338 598 57 18 ttract
2397 603 11 12 ®
2409 597 13 19 d
2427 623 5 8 ,
2430 603 47 13 maD
2473 617 13 14 ,-
2481 603 12 13 v
2501 598 82 19 yisitors
2602 599 21 18 of
2642 599 40 18 late
2702 606 69 18 years.;
2798 605 91 22 amongst
2905 603 56 20 those
2973 605 43 18 who
3024 606 52 18 have
3087 606 63 18 found
3161 607 58 18 relief

1896 619 31 14 Dei
1936 619 35 15 ttio
1980 619 144 22 convalescent,
2136 626 91 17 nervous,
2239 621 116 23 rheumatic,
2368 622 39 18 and
2418 623 99 24 sleepless.

1920 640 91 20 Rotorua
2020 649 18 12 is
2046 643 36 18 the
2100 647 67 16 centre
2186 646 52 18 from
2256 647 63 18 which
2339 647 28 19 all
2387 648 68 25 points
2465 649 21 18 of
2495 649 83 19 interest
2587 650 22 18 in
2625 650 35 18 the
2669 650 93 20 Thermal
2773 652 84 26 Springs
2872 654 83 20 District
2971 662 45 16 may
3030 657 26 18 bo
3070 657 91 21 reached,
3180 658 40 18 and

1893 666 75 24 special
1977 668 95 19 facilities
2082 675 33 13 are
2125 671 96 23 provided
2232 672 31 18 for
2270 672 57 18 those
2334 673 22 18 in
2366 673 69 19 search
2444 675 22 17 of
2474 674 34 18 the
2518 675 100 19 beautiful
2630 676 39 18 and
2684 677 125 19 marvellous.

1985 699 183 21 MAGNIFICENT
2180 703 175 19 APARTMENTS.
2484 706 84 18 LOFTY
2580 706 144 19 BEDROOMS.
2841 711 111 18 PERFECT
2968 712 152 18 SANITATION

2037 724 26 17 In
2073 724 57 19 short
2140 731 12 12 a
2162 730 123 14 first-class
2298 726 172 21 Establishment
2479 729 87 24 offering
2575 730 59 23 equal
2644 730 93 19 comforts
2745 733 21 17 to
2776 732 34 18 the
2820 732 43 20 best
2877 734 63 19 hotels
2950 736 20 17 in
2979 736 85 24 Europe,

1947 776 4 34 .
2134 776 86 23 Suites
2237 777 27 23 of
2276 777 167 29 Apartments
2453 780 67 23 with
2529 781 98 28 special
2641 782 153 23 attendance
2808 784 38 22 for
2861 784 126 24 Families.

1908 807 82 24 pacious
2002 807 127 21 Promenade
2140 810 111 24 Balconies,
2261 811 57 25 Snug
2330 812 89 23 Alcoves,
2431 814 40 17 and
2488 813 125 25 luxuriously
2630 816 108 24 appointed
2748 816 102 27 Drawing,
2869 819 69 24 Mutic,
2947 819 151 25 {Conversation
3119 822 93 23 Reading

2344 838 98 25 Smoking
2453 840 38 17 and
2503 840 85 19 Billiard
2598 840 80 19 Rooms.
2707 841 69 20 Baths,

2131 871 36 21 rr
2183 870 116 19 SPECIAL
2313 871 159 21 ATTENTION
2486 873 68 19 PAID
2566 875 34 18 TO
2615 875 116 19 CUISINE
2744 877 59 18 AND
2817 877 122 21 SERVICE,

1919 899 34 18 AH
1964 901 178 19 communications
2154 901 27 25 by
2191 902 60 18 letter
2261 899 4 32 «
2273 909 11 11 r
2293 903 98 23 telegram
2401 904 41 19 will
2451 905 77 19 receive
2538 909 79 22 prompt
2627 907 104 18 attention.

1953 950 75 44 W.
2056 953 57 42 A.
2141 952 310 53 BOULTON,
2597 983 18 8 -

2365 1012 58 25 (Late
2433 1014 22 17 of
2463 1013 113 20 Grosvenox
2586 1013 67 24 Hotel,
2665 1014 96 25 Sydney.)

2914 961 242 57 Manager.

2170 1079 132 20 LHKE
2333 1079 172 24 THUPO.

1891 1145 160 54 THE
2074 1146 413 56 TERRACES
2515 1148 260 53 HOTEL

1919 1210 92 20 Situated
2021 1218 25 12 on
2057 1211 33 19 the
2102 1212 54 18 wain
2166 1213 58 18 ro.ids
2233 1216 20 16 to
2284 1213 58 25 apier
2351 1214 40 18 and
2406 1213 99 20 Tokaanu
2515 1213 39 20 and
2565 1214 70 19 within
2645 1216 39 17 two
2695 1214 56 19 miles

2193 1239 21 18 of
2224 1239 33 18 the
2267 1239 70 25 Taupo
2352 1240 48 18 Post
2410 1240 67 20 Office,

2157 1287 128 34 THE
2308 1289 205 33 HOUBK

1891 1324 61 19 which
1968 1324 15 17 is
1993 1324 118 22 approached
2119 1324 26 22 by
2154 1331 11 10 a
2174 1326 65 21 gently
2248 1326 71 22 graded
2327 1326 46 17 road
2381 1327 15 16 is
2405 1326 82 17 situated
2496 1328 20 15 at
2525 1332 24 11 an
2562 1326 80 17 altitude
2653 1326 22 17 of
2689 1327 33 16 2-10
2740 1327 38 17 feet

1891 1346 59 18 above
1959 1347 52 17 Lake
2020 1348 64 21 Tavpo
2094 1353 21 12 or
2125 1349 52 19 1,500
2187 1349 37 17 feet
2232 1349 58 17 above
2298 1355 32 11 sea
2338 1350 46 17 level
2394 1350 38 16 and
2441 1349 108 17 commands
2566 1355 11 11 a
2593 1349 121 22 magnificent
2730 1350 48 17 view

1891 1371 20 16 of
1919 1370 32 17 the
1959 1371 118 24 picturesque
2087 1373 81 20 country
2176 1372 126 23 surrounding
2311 1373 33 16 the
2352 1374 33 16 200
2396 1378 66 19 square
2471 1373 53 17 miles
2533 1373 20 17 of
2561 1373 32 17 the
2602 1372 51 18 Lake
2667 1373 63 20 Basin,
2740 1373 37 17 and

1891 1393 32 19 the
1932 1394 60 16 active
2001 1393 97 18 volcanoes
2107 1394 104 23 Tongariro
2220 1395 37 17 and
2266 1395 109 23 Ngarulioe.

2174 1423 41 24 AS
2230 1423 23 23 A
2267 1423 221 25 SANATORIUM

1890 1453 33 18 the
1939 1453 53 22 pl:i/je
2001 1454 14 16 is
2025 1454 131 22 vnsurpassed.
2180 1454 76 18 Besides
2265 1455 31 17 the
2305 1455 49 17 clear
2363 1455 37 17 and
2408 1455 79 22 bracing
2495 1455 118 22 atmosphere
2627 1461 19 11 so
2662 1455 82 22 salutary
2758 1457 19 15 to

1890 1476 86 20 invalids,
1987 1477 31 16 the
2028 1477 59 17 Baths
2096 1478 103 16 connected
2207 1478 46 16 with
2263 1479 31 15 the
2303 1479 143 18 establishment
2455 1484 31 12 are
2495 1478 105 18 unrivalled
2606 1479 30 16 for
2642 1478 48 18 their
2695 1479 82 17 curative

1891 1500 109 24 properties.
2025 1501 58 16 Those
2092 1501 92 21 comprise
2199 1501 77 17 covered
2290 1502 20 16 in
2324 1501 55 18 baths
2396 1502 19 18 oi
2432 1507 37 17 any
2486 1501 67 23 degree
2570 1501 21 18 of
2606 1502 126 20 temperature
2749 1502 29 17 for

1890 1522 87 21 invalids,
1987 1529 11 11 a
2007 1526 55 21 spout
2070 1523 46 17 bath
2126 1525 32 15 the
2166 1524 102 22 properties
2277 1525 20 16 of
2305 1525 62 18 which
2375 1531 31 10 are
2416 1526 49 16 most
2473 1524 130 23 invigorating
2615 1524 36 17 and
2661 1524 32 17 the

2062 1547 117 19 LARGEST
2191 1547 53 19 HOT
2256 1548 90 18 WATER
2359 1548 140 17 SWIMMING
2511 1547 104 18 LAGOON

1891 1569 19 16 in
1919 1569 46 18 Now
1974 1569 88 18 Zealand.
2088 1570 39 17 The
2135 1570 58 17 latter
2201 1575 63 13 covers
2272 1576 23 11 an
2309 1576 43 13 area
2361 1571 19 17 of
2389 1577 43 11 over
2441 1573 38 15 two
2488 1576 50 12 acres
2546 1571 20 16 in
2574 1571 71 16 extent.

1914 1592 38 17 The
1961 1592 51 17 Lake
2021 1594 90 16 steamers
2119 1594 19 15 to
2149 1593 38 17 and
2196 1594 47 17 from
2260 1594 91 18 Tokaanu
2364 1594 44 17 land
2422 1600 21 11 or
2456 1594 44 17 take
2517 1594 27 17 oil'
2557 1599 110 17 passengers
2683 1594 66 18 within
2767 1600 11 11 a

1890 1618 76 19 quarter
1973 1616 21 16 of
2003 1621 10 11 a
2022 1616 42 16 mile
2073 1618 21 15 of
2102 1616 33 17 the
2143 1616 64 18 house.

2077 1639 89 19 BOOMS
2175 1640 83 19 LOFTY
2271 1640 53 16 AND
2337 1640 74 17 WELL
2419 1640 172 18 VENTILATED.

1914 1661 38 20 The
1961 1661 47 20 Mail
2018 1662 82 20 Coaches
2109 1665 19 14 to
2138 1663 70 21 Napier
2217 1663 36 17 and
2262 1663 89 19 Tokaanu
2366 1663 40 23 (the
2418 1663 108 23 Wanganui
2540 1663 56 18 River
2608 1662 61 24 route)
2687 1669 42 16 pass
2746 1663 31 18 the

1891 1684 51 21 door,
1952 1685 38 17 and
1999 1685 31 17 the
2039 1686 85 17 llotorua
2136 1686 62 17 Coach
2206 1686 16 17 is
2234 1687 38 16 met
2281 1692 24 11 on
2314 1686 68 18 arrival
2391 1688 20 15 at
2418 1687 72 21 Taupe.

2155 1733 131 16 TERMS
2307 1733 214 17 MODeRKTS,

1894 1775 147 47 ROSS
2053 1775 47 46 &
2110 1776 306 47 McKINLEY
2448 1776 326 56 Proprietors.

1914 1838 101 19 COOKS
2029 1839 141 18 COUPONS
2187 1839 163 19 ACCEPTED.

2247 1884 22 24 T
2283 1885 21 23 A
2321 1884 20 24 U
2360 1884 17 24 P
2392 1884 30 24 O.
2437 1872 19 1 ~

1919 1954 164 46 iiDiTB
2127 1955 130 40 mm

2092 2016 201 30 L-A-lECIE
2328 2015 249 29 T-A-TTIPO.

1914 2082 111 20 TARIFF
2034 2080 3 25 :
2050 2081 64 21 Four
2123 2081 111 24 Shillings
2243 2086 40 18 per
2291 2081 68 20 Die,m
2367 2080 4 25 ;
2392 2081 98 23 Twenty
2504 2080 109 23 Shillings
2623 2085 40 18 per
2671 2080 81 20 Week,

1938 2140 139 43 ROBERT
2104 2140 157 42 WILLIAM
2288 2138 115 46 PRINN,

2538 2159 192 19 PROPRIETOR.

1891 2218 127 130 Spa
2062 2221 180 107 Hotel
2298 2218 307 130 Goacliing
2664 2216 109 119 Co,,

2059 2325 16 27 J

2162 2358 344 42 T-A.TJIPO.

2176 2461 324 35 TIME-TABLE,

1913 2576 84 18 Botorua
2005 2576 20 16 to
2034 2575 71 22 Tattpo,
2269 2575 29 17 12s
2312 2574 23 16 (id
2393 2573 87 22 Tuesday
2489 2573 37 16 and
2538 2572 75 22 Friday.

1905 2600 72 22 _Taupo
1985 2601 21 15 to
2015 2599 89 19 Botorua,
2268 2597 30 19 12s
2312 2597 24 18 Od
2394 2596 99 22 Thursday
2502 2595 37 18 and
2548 2596 77 21 Sunday
2634 2601 21 11 or

1912 2623 65 21 Taupo
1985 2623 20 16 to
2014 2622 96 20 Tokaanu,
2279 2626 21 11 as
2313 2620 24 17 Od
2395 2619 99 23 Thursday
2504 2618 36 18 and
2550 2618 82 22 Sunday,

1912 2646 91 17 Tokaanu
2011 2646 19 16 to
2040 2645 71 22 Taupo,
2281 2650 20 10 os
2314 2643 24 17 Od
2397 2643 70 21 Friday
2476 2642 37 18 and
2523 2642 89 21 Monday,

1912 2669 65 22 Taupo
1985 2670 21 16 to
2015 2669 99 19 Wairakoi,
2281 2668 21 18 2s
2314 2667 24 17 (id
2398 2666 62 22 Daily.

1912 2692 94 17 Wuirakei
2015 2693 20 16 to
2043 2692 72 21 Taupo,
2281 2691 19 16 2s
2314 2690 24 17 Od
2396 2689 64 22 Daily,

1912 2716 65 21 Taupo
1985 2716 20 16 to
2014 2715 77 22 Rapids,
2280 2715 21 16 ,3s
2312 2713 26 17 Od
2397 2712 63 22 Daily,

1912 2739 65 22 Taupo
1985 2740 20 16 to
2013 2738 59 17 Huka
2081 2738 57 19 Falls,
2280 2737 48 17 Free
2398 2735 64 22 Daily.

2005 2769 148 21 ROTORUA
2166 2769 25 18 to
2208 2767 153 19 TOKAANU
2374 2767 31 18 94
2413 2766 67 20 miles
2488 2766 37 19 for
2533 2766 36 18 £,l
2580 2766 28 17 Os
2622 2764 37 20 Od.

2041 2810 47 18 SPA
2100 2809 83 18 Coaches
2192 2810 49 15 meet
2250 2808 89 18 Tokaanu
2348 2808 80 17 steamer
2437 2806 75 22 coining
2520 2805 38 18 and
2566 2805 65 22 going.

2393 2573 87 22 Tuesday
2489 2573 37 16 and
2538 2572 75 22 Friday.

2394 2596 99 22 Thursday
2502 2595 37 18 and
2548 2595 78 22 Sunday
2634 2601 21 11 or
2663 2594 89 24 Monday,

2395 2619 99 23 Thursday
2504 2618 36 19 and
2549 2618 83 23 Sunday,

2397 2643 70 21 Friday
2476 2642 37 18 and
2523 2642 89 21 Monday,

2398 2666 62 22 Daily,

2396 2689 64 22 Daily,

2397 2712 63 22 Daily,

2398 2735 64 22 Daily.

1942 2860 135 26 Rotorua
2093 2857 261 33 Representative,

2485 2855 29 24 D.
2530 2854 200 26 GRIFFITHS,

1915 2952 43 19 The
1969 2951 63 25 SPA
2047 2951 109 23 HOTEL
2165 2958 17 12 is
2194 2951 33 19 the
2238 2950 67 19 Home
2315 2950 21 19 of
2346 2949 34 19 the
2391 2949 88 20 Famous
2489 2947 95 25 Crow's
2594 2947 66 22 Nest
2671 2946 103 29 Geyser.

1959 2994 72 19 Maori
2041 2994 90 18 Carved
2141 2993 86 23 Dining
2236 2992 59 20 Hall,
2469 2991 38 18 All
2516 2989 69 21 kinds
2594 2989 27 18 of
2627 2988 78 19 Baths.

1929 3035 75 20 Tennis
2014 3034 41 20 and
2064 3034 127 20 Promenade
2201 3032 78 24 Lawns,
2291 3032 98 23 Gardens,
2401 3031 139 22 Shrubberies,
2557 3029 75 24 Lovely
2643 3029 93 19 Flowers.

2180 3074 190 20 FIRST-CLASS
2383 3073 105 21 TABLE.

1891 3175 224 57 Bicycles

2552 3170 222 55 Bicycles

2452 3278 69 63 gp
2549 3283 225 57 Bicycles

2091 3385 55 27 AT
2166 3384 237 27 AUCKLAND
2415 3382 158 27 PRICES.

2323 3424 64 18 ALSO

1890 3450 193 20 HOUSEHOLD
2099 3448 185 23 FURNITURE,

2171 3479 160 22 CLOTHING,
2347 3478 151 22 DRAPERY,

2495 3509 144 19 GENERAL
2654 3508 118 21 STORES.

2116 3580 38 34 3
2213 3579 42 33 D
2279 3578 46 33 7-K
2353 3578 45 32 N
2429 3575 124 36 DO.

1936 3622 240 28 AUCKLAND
2203 3622 88 26 AND
2321 3620 205 26 WAIKATO
2552 3619 179 31 AGENCY,

2134 3671 86 20 NEAR
2238 3669 151 19 CATHOLIC
2403 3669 142 23 CHURCH-J
2563 3688 6 5 ,

2217 3711 242 23 ROTORUM.

1891 3791 42 40 &
1964 3792 44 39 S„
2044 3789 278 47 GOGCOmM,

1932 3853 69 28 SHIP
2011 3853 20 25 &
2043 3852 101 26 YACHT
2158 3850 126 27 BROKER.

1951 3896 193 20 COMMISSION
2157 3896 107 24 AGENT,

1900 3934 80 45 HAS
2003 3933 55 19 FOR
2081 3932 71 19 SALE
2170 3939 12 12 a
2200 3932 83 19 numbe:
2304 3932 21 18 of

1975 3961 63 16 steam
2062 3958 103 24 launches,
2185 3958 76 24 yachts,
2285 3958 40 18 and

1892 3986 81 24 nulling
1985 3985 58 18 boats
2062 3984 89 21 suitable
2171 3984 32 19 for
2220 3984 45 19 luke
2284 3986 41 16 and

1892 4012 52 19 river
1953 4011 62 21 work.

1959 4049 186 20 CoiniEsroNDENCE
2165 4048 94 20 INVITED.
2267 4048 4 21 ,

2452 3786 220 22 MASSAGE.

2334 3882 63 46 |l>±
2425 3899 38 12 c.jn
2481 3894 111 20 Masseuse,
2612 3891 17 18 is
2638 3888 136 27 permanently

2335 3921 3 36 j
2348 3927 77 19 located
2441 3927 22 19 in
2479 3927 96 19 Rotorua.
2612 3925 38 19 She
2676 3923 36 19 has
2735 3921 39 20 had

2347 3961 138 20 considerable
2499 3960 116 25 experience
2624 3958 21 19 in
2661 3958 34 19 the
2713 3958 62 17 trtat-

2335 3984 3 35 I
2348 3998 55 16 ment
2423 3996 21 18 of
2460 3995 63 19 ladies
2533 3994 39 19 and
2582 3992 112 27 gentlemen
2704 3990 71 20 suffer-

2335 4019 3 35 I
2348 4030 36 24 ing
2392 4029 53 20 from
2464 4029 88 22 Sciatica,
2570 4026 146 22 Rheumati-m,
2728 4024 47 20 Stiff

2335 4055 2 42 |
2347 4063 73 23 Joints,
2442 4062 114 26 .Dyspepsia
2573 4061 40 19 and
2631 4060 28 18 all
2675 4060 63 18 forins
2755 4059 22 19 of

2335 4096 3 21 I
2349 4097 93 20 Nervous
2457 4096 111 21 Disorders.

1921 4151 32 23 15,
1968 4147 332 27 QUEEN-ST.,.AUCKLAND.

2399 4148 103 19 ADDKESS:
2518 4145 96 21 GRAND
2630 4144 99 21 HOTEL.

2909 1081 35 17 TO
2957 1081 150 20 TOURISTS.

2809 1128 17 17 A
2838 1128 129 20 SOUVENIR
2976 1129 35 18 ,0F
3022 1131 52 17 THE
3086 1131 122 18 DISTRICT.

2799 1176 134 45 BEFORE
2945 1185 39 17 you
3000 1178 55 19 leave
3075 1178 95 24 Rotorua,
3187 1181 24 18 in-

2870 1207 54 20 spect
2931 1204 34 17 the
2972 1204 105 19 miniature
3085 1205 26 18 oil
3119 1206 103 24 paintings

2798 1228 20 19 of
2825 1228 33 19 the
2869 1228 43 19 Hot
2920 1229 65 18 Lakes
2999 1235 85 19 scenery,
3095 1231 31 18 for
3145 1231 40 18 sale
3201 1235 21 14 :it,

2798 1254 34 19 the
2841 1254 48 19 Hot
2904 1254 68 19 Lakes
2985 1254 115 20 Chronicle
3116 1256 66 23 Office,
3201 1260 21 15 at

2799 1280 50 18 from
2860 1282 6 16 1
2872 1286 8 12 s
2890 1280 26 18 3(1
2923 1280 54 18 each.

2856 1322 22 26 J.
2894 1322 25 25 P.
2935 1322 230 32 BACKHOUSE,

2946 1371 134 17 KRTIST,

2800 1404 128 26 NEWTON
2952 1404 84 29 ROAD,
3058 1405 166 27 AUCKLAND.

2909 1468 205 27 ROTORUA.

2801 1543 234 47 Tarawera
3057 1545 163 51 .House,

2853 1605 177 19 TUTANEKAI
3045 1607 117 19 STREET.

2824 1637 78 19 Within
2926 1644 43 18 easy
2996 1644 63 13 access
3084 1639 21 19 of
3121 1639 33 19 the
3173 1639 48 19 Post

2799 1663 64 23 Office,
2871 1663 69 23 Baths,
2949 1663 39 19 and
2996 1663 125 20 Sanatorium
3129 1665 92 19 Grounds

2799 1689 37 18 and
2845 1689 139 25 commanding
2998 1696 12 12 a
3025 1691 128 24 magnificent
3171 1691 50 19 view

2799 1716 21 17 of
2829 1715 33 18 the
2872 1715 61 18 I^alce.

2825 1745 86 19 Visitors
2933 1745 38 19 will
2990 1745 40 19 find
3050 1752 59 18 every
3124 1747 98 18 attention

2800 1771 47 24 paid
2856 1773 20 16 to
2886 1771 51 19 their
2946 1771 82 20 comfort
3038 1771 39 19 and
3090 1774 34 16 the
3133 1773 89 24 require*

2800 1801 63 14 inents
2873 1797 21 18 of
2903 1797 74 19 invalid
2987 1800 68 21 guests
3066 1797 39 19 will
3116 1797 24 19 bo
3157 1798 65 18 assid*

2801 1823 69 24 uously
2881 1823 92 19 attended
2982 1826 26 15 to.

2912 1858 68 18 Terms
2990 1857 120 20 Moderate.

2850 1897 35 31 C,
2902 1897 271 36 WXLLMOTT,

2893 1947 237 18 PROPRI6TOR.

2824 1983 78 20 Letters
2921 1984 38 19 and
2984 1984 114 25 Telegrams
3120 1985 102 25 promptly

2799 2010 109 24 responded
2914 2013 24 16 to.

2803 2060 209 46 Rotorua
3054 2062 165 44 Tours.

2800 2144 183 42 PASSENGERS
2992 2145 19 16 to
3020 2144 84 17 Rotorua
3112 2149 30 12 are
3147 2144 77 17 advised

2862 2167 43 16 that
2912 2172 11 11 a
2935 2167 75 23 regular
3021 2167 50 23 daily
3084 2166 56 18 coach
3156 2166 68 18 service

2798 2190 83 16 between
2890 2189 88 19 Okoroire
2987 2189 36 19 and
3034 2190 83 18 Rotorua
3131 2190 37 16 and
3184 2189 39 17 vice

2797 2218 52 12 versa
2857 2213 15 16 is
2880 2218 43 11 now
2930 2212 87 23 running.

2820 2236 38 16 The
2866 2235 114 22 advantages
2986 2241 11 11 o
3011 2236 37 16 this
3053 2236 53 16 route
3111 2241 31 11 are
3147 2241 63 12 numer-

2797 2264 39 15 ous,
2846 2265 10 10 a
2865 2258 101 18 somewhat
2978 2258 72 18 tedious
3058 2258 77 22 railway
3142 2258 80 23 journey

2797 2282 16 16 is
2820 2281 75 20 broken,
2905 2281 37 17 and
2950 2281 32 17 the
2997 2284 53 15 route
3065 2283 90 15 traverses
3172 2288 49 10 some

2797 2305 20 16 of
2835 2305 30 16 the
2882 2305 83 17 loveliest
2980 2305 52 17 Bush
3048 2305 78 21 Scenery
3142 2305 20 16 in
3175 2305 46 16 New

2798 2327 86 18 Zealand.

2837 2359 101 21 FARES,
2954 2359 41 18 10s
3004 2359 80 18 EACH
3098 2358 80 19 WAY.

2798 2387 89 25 Special
2903 2387 162 22 Conveyances
3081 2392 43 14 can
3144 2387 27 18 be
3188 2391 23 13 ar-

2940 2410 86 22 ranged
3034 2410 40 19 for.

2799 2457 83 17 Leave-
2896 2455 109 19 Okoroire
3014 2456 34 17 for
3062 2456 101 18 Rotorua,
3177 2456 42 19 and

2866 2479 214 18 Whakarewarewa
3109 2479 61 23 daily
3197 2485 14 12 a

2869 2503 28 18 10
2906 2507 50 14 a.m.

2799 2526 74 18 Leave
2874 2526 125 18 —Rotorua
3007 2525 44 18 and
3060 2525 146 19 Whakarewa-

2867 2554 61 13 rewa
2943 2549 35 17 for
2992 2548 113 22 Okoroire,
3121 2548 61 23 daily
3197 2549 25 17 at

2869 2572 28 18 10
2906 2577 49 14 a.m.

2822 2596 29 17 All
2871 2601 108 17 passengers
2999 2600 30 12 are
3045 2594 75 18 advised
3140 2596 19 16 to
3174 2594 48 18 avail

2799 2619 109 18 themselves
2916 2619 19 17 of
2944 2618 36 17 this
2996 2618 60 17 Route
3070 2623 20 11 as
3105 2617 88 17 Okoroire
3207 2618 15 17 is

2799 2648 34 11 one
2848 2643 19 16 of
2877 2642 32 17 the
2917 2642 51 17 show
2976 2641 61 22 places
3053 2641 20 16 of
3088 2640 32 17 the
3136 2641 86 16 Thermal

2799 2665 82 20 District,
2903 2664 36 17 and
2952 2670 25 11 no
2993 2664 42 16 visit
3050 2665 19 15 to
3084 2664 32 16 the
3130 2664 60 17 Lakes
3206 2664 15 17 is

2799 2688 90 22 complete
2897 2688 79 16 without
2980 2687 24 16 its
3009 2686 96 18 inclusion.

2822 2711 71 22 Special
2902 2710 90 18 attention
3003 2711 15 15 is
3032 2709 58 17 called
3103 2711 20 15 to
3136 2710 32 16 the
3184 2709 38 17 fact

2798 2735 43 18 that
2848 2740 10 11 a
2867 2734 56 17 coach
2931 2733 59 18 leaves
3003 2733 83 17 Rotorua
3095 2732 36 17 and
3141 2732 66 18 Whaka-

2797 2763 98 12 rewarewa
2903 2763 23 11 on
2935 2756 76 22 Sunday
3019 2757 20 15 at
3050 2756 19 16 10
3078 2761 43 12 a.m.

2929 2803 159 16 SCENTS:

2797 2830 72 18 TIIOS.
2883 2829 66 18 COOK
2966 2830 15 15 &
2999 2829 53 19 SON,
3070 2828 98 18 Auckland
3185 2828 37 18 and

2964 2852 88 17 Rotorua.

2799 2899 16 17 A
2832 2897 110 19 MEMBER
2961 2896 31 17 OF
3012 2895 51 18 THE
3084 2895 86 18 HOUSE
3190 2895 32 18 OF

2886 2918 244 21 REPRESENTATIVES.

2820 2961 94 23 Speaking
2928 2966 22 11 on
2964 2959 32 18 the
3009 2959 103 21 Pharmacy
3126 2959 36 16 Dill
3175 2958 45 21 said,

2855 2983 102 23 profession
2971 2983 32 16 has
3016 2982 53 17 made
3084 2982 36 17 less
3136 2987 84 17 progress

2798 3008 67 21 dining
2873 3007 32 17 the
2921 3006 35 17 last
2974 3006 31 16 1(M)
3020 3010 52 17 years
3087 3005 46 17 than
3147 3005 42 17 that
3201 3004 20 16 of

2913 3035 21 11 or
2942 3028 59 18 words
3010 3029 19 16 to
3038 3028 42 17 that
3093 3028 57 17 effect.
3182 3027 38 17 The

2797 3053 77 18 M.H.R.
2890 3052 55 22 spoke
2958 3051 79 17 without
3049 3050 94 23 thinking,
3161 3056 21 11 or
3196 3050 24 17 he

2797 3076 61 18 would
2871 3077 34 16 not,
2920 3075 46 17 have
2982 3074 53 17 made
3051 3074 46 17 such
3112 3079 23 11 an
3152 3073 68 17 absurd

2797 3100 105 18 statement.
2926 3098 30 17 He
2964 3097 93 22 evidently
3070 3097 54 17 knew
3140 3096 80 23 nothing

2797 3124 19 16 of
2825 3123 30 19 the
2864 3128 41 11 new
2912 3120 76 20 remedy
2996 3120 71 17 termed

2935 3144 149 16 NEUROL

2797 3167 59 17 which
2865 3167 21 18 is,
2890 3165 136 22 incomparison
3032 3164 45 17 with
3083 3163 87 17 remedies
3176 3163 44 18 used

2797 3196 45 12 even
2850 3191 22 16 23
2881 3194 52 19 years
2941 3194 41 17 ago,
2992 3193 20 12 as
3018 3187 49 23 light,
3076 3189 19 15 to
3104 3186 92 17 darkness.

2935 3217 149 16 NEVRGL

2797 3241 14 16 is
2820 3247 11 10 a
2844 3238 126 22 scientifically
2986 3237 89 23 prepared
3091 3236 94 19 medicine,
3203 3236 17 16 in

2797 3264 32 16 the
2837 3264 47 16 form
2894 3262 19 17 of
2921 3261 88 22 powders.
3035 3260 18 17 It
3059 3260 15 17 is
3082 3260 34 16 not
3128 3259 81 22 disagree-

2797 3287 40 17 able
2844 3282 4 24 ;
2862 3286 15 16 it
2885 3285 15 17 is
2908 3286 34 15 not
2949 3283 97 23 expensive
3054 3282 3 24 :
3071 3283 16 16 it,
3095 3283 32 16 lies
3135 3283 19 16 in
3168 3282 53 17 small

2797 3314 82 16 compass
2886 3305 4 25 ;
2903 3308 16 14 it.
2928 3307 82 16 contains
3018 3312 24 10 no
3051 3306 68 18 opium,
3137 3305 84 20 morphia

2797 3339 20 10 or
2830 3331 114 22 antipyrine;
2963 3330 15 16 it
2994 3328 39 18 will
3049 3330 34 16 not
3098 3334 42 12 cure
3157 3334 53 15 every-

2797 3355 53 21 thing
2858 3354 35 17 but
2907 3354 15 16 it
2936 3353 14 17 is
2964 3352 81 16 effective
3058 3352 19 16 in
3091 3351 26 17 all
3130 3357 49 11 cases
3192 3351 29 17 for

2797 3378 58 17 which
2863 3377 16 17 it
2887 3377 15 16 is
2914 3374 144 19 recommended.

2933 3403 150 17 NEUROL

2796 3427 37 18 will
2841 3426 66 18 relieve
2916 3431 54 16 every
2978 3424 47 17 form
3042 3424 20 17 of
3078 3423 94 18 headache
3187 3424 34 16 not

2796 3450 65 18 caused
2869 3450 26 21 by
2902 3448 52 18 brain
2964 3447 75 17 disease.

2933 3476 150 17 NEUROL

2796 3511 50 12 cures
2865 3504 97 21 neuralgia
2982 3503 18 17 of
3016 3502 32 17 the
3065 3502 39 17 face
3121 3501 36 17 and
3173 3501 48 17 head

2796 3534 50 12 more
2853 3527 95 22 promptly
2957 3526 44 16 than
3010 3525 81 22 quinine.

2818 3549 138 20 LA.GRIPPE,
2964 3554 21 11 or
2990 3548 149 18 INFLUENZA
3144 3548 48 16 loses
3197 3547 23 17 its

2797 3576 65 15 terrors
2872 3574 14 15 if
2894 3571 104 18 NEUROL
3006 3572 16 16 is
3030 3571 56 17 taken
3096 3572 20 15 at
3124 3570 32 17 the
3171 3576 37 12 com-

2796 3596 113 18 mencement
2917 3594 20 18 of
2945 3594 32 17 the
2985 3594 69 17 attack.

2819 3619 84 17 COLDS,
2943 3617 138 20 CATARRHS,
3116 3616 102 19 FEVERS,

2796 3640 171 20 RHEUMATISM
2990 3645 32 12 are
3047 3640 25 17 all
3094 3639 79 17 relieved
3196 3639 24 22 by

2796 3663 109 20 NEUROL.

2818 3688 36 16 For
2874 3692 71 12 women
2964 3685 106 17 NEFIJOL
3086 3685 16 17 is
3121 3684 99 24 peculiarly

2796 3710 83 20 suitable,
2889 3709 15 17 it
2912 3715 52 11 cures
2973 3709 26 17 all
3011 3708 75 22 painful
3100 3714 72 16 cramps
3184 3706 36 17 and

2796 3734 52 17 other
2855 3732 59 23 pains.

2818 3756 61 21 Every
2898 3755 65 20 miner,
2983 3755 93 17 bushman
3101 3754 36 16 and
3159 3752 61 18 settlor

2796 3778 64 18 should
2870 3784 70 16 possess
2949 3784 11 11 a
2968 3777 38 18 box
3015 3778 19 16 of
3043 3777 110 18 NEUROL.
3179 3775 17 16 It
3205 3775 15 16 is

2796 3808 10 11 a
2815 3801 89 18 medicine
2913 3801 51 17 chest
2973 3801 18 16 in
3001 3800 54 18 small
3063 3805 89 17 compass.

2818 3824 45 18 Sold
2871 3824 25 22 by
2905 3824 25 17 all
2938 3824 126 22 storekeepers
3078 3822 36 18 and
3130 3821 90 19 chemists,

2796 3849 19 15 2s
2823 3854 33 16 per
2864 3847 43 21 box,
2918 3852 21 12 or
2947 3848 43 21 post
3004 3847 38 16 free
3059 3847 46 16 from
3119 3843 103 19 NEUROI»

2797 3871 39 18 Co.,
2846 3869 104 21 Auckland,
2961 3870 19 16 2s
2990 3869 28 18 Id.

2819 3893 104 17 Wholesale
2931 3893 48 17 from
2987 3892 128 23 Kempthorno
3123 3889 36 18 and
3165 3890 44 16 Pres-

2797 3922 33 15 sor,
2841 3922 21 11 or
2870 3916 93 17 Sliarlaud
2971 3915 37 18 and
3017 3916 31 17 Co.

2803 3981 122 24 Government
2943 3981 99 23 Insurance
3060 3980 126 22 Department.

2917 4007 115 13 iCSTA»M,SHJ;i)
3041 4006 35 12 167'1.

2816 4031 45 13 LOW
2872 4031 112 13 PIIEMIUMK.
3002 4029 65 14 L.AKGE
3078 4027 95 15 BONUSES.

2803 4056 102 15 Surpluses
2915 4055 86 14 declared
3009 4054 51 13 -1875
3077 4059 7 4 -

3019 4070 41 13 IKBO
3077 4075 6 4 -
3114 4067 73 14 £74,000

3018 4086 41 13 1885
3076 4091 6 3 -
3104 4084 83 14 £243,000

3018 4102 41 13 1890
3077 4107 5 3 -
3103 4100 84 14 £233,000

2842 4120 58 16 (Tliroo
2907 4123 46 15 years
2959 4119 35 16 only
2997 4116 3 22 l
3017 4119 41 12 1893
3076 4124 6 3 -
3103 4116 84 15 £190,000

2938 4141 14 14 J.
2961 4141 19 13 H.
2988 4137 134 17 ItIOHAHDSON,

2802 4159 14 10 6i
3059 4154 129 15 Commissionor.
