3300 4360
1217 96 58 21 (THE
1290 98 56 20 HOT
1359 99 92 20 LAKES
1465 100 165 20 CHRONICLE
1642 98 162 26 THURSDAY,
1820 97 154 24 DECEMBER
1987 104 33 21 24,
2035 98 49 23 1896

2801 4060 80 18 Printed
2898 4062 39 17 and
2954 4062 101 23 published
3067 4062 26 17 I.v
3101 4062 22 18 F.
3134 4064 21 16 F.
3169 4064 64 18 Watt,

2824 4086 21 15 at
2853 4084 33 18 the
2895 4085 105 22 registered
3014 4085 42 22 priii
3060 4084 11 23 l:
3111 4087 57 18 office,
3178 4087 44 17 Hine-

2824 4113 43 12 niou
2876 4109 63 19 street,
2950 4107 84 19 Eotorua

2823 4138 150 22 THUESDAY,
2982 4139 46 19 DEC
3038 4138 3 24 ;
3135 4142 28 20 24,
3176 4142 48 17 1596.

102 203 156 31 rune
296 205 198 32 ACSIMi
514 207 76 29 tu
640 202 133 35 was
793 202 127 35 Eifid.

212 315 45 19 One
273 315 21 19 of
311 315 34 19 the
355 315 116 20 necessities
481 315 22 19 of
512 315 36 19 the
557 315 79 25 comiDg
646 315 74 20 Season
731 317 40 19 will
782 317 24 19 be

68 370 23 23 A
131 370 113 24 COOL
284 371 96 24 AND
421 370 329 25 REFRESHING
790 372 161 24 DRINK

94 430 141 20 Untinctured
246 430 25 26 by
279 437 38 16 auy
327 429 127 20 Deleterious
470 430 101 19 Chemical
581 430 136 26 Compounds.
745 431 19 19 A
774 431 59 19 drink
844 433 21 17 at
875 438 50 12 once

289 483 183 30 Exhilarating
493 484 52 22 and
561 484 165 29 Refreshing,

70 539 37 19 and
120 538 65 19 which
200 538 35 19 *ill
247 544 61 19 prove
318 545 11 12 a
339 538 117 25 preventive
466 538 22 19 of
495 539 116 24 Dyspepsia
627 539 38 18 and
682 538 26 19 all
725 538 91 20 Internal
836 539 114 21 Disorders.

95 564 86 19 Aerated
193 564 82 19 Waters
285 564 39 19 and
334 564 96 22 Cordials,
450 565 121 24 comprising
587 565 35 18 the
631 564 73 19 Purest
713 565 120 23 Lemonade,
852 566 34 19 the
896 566 55 20 Most

68 591 103 19 Delicious
181 590 78 24 Ginger
269 590 45 24 Ale,
327 590 178 26 Highly-charged
522 590 52 20 Soda
585 591 78 23 AVater,

273 639 396 38 ZOLHKON
691 643 54 37 E,

68 706 10 12 a
89 706 42 12 new
139 699 148 26 Invigorating,
298 700 148 20 non-alcoholic
456 701 103 25 Beverage
567 709 5 16 ;
588 701 56 19 Lime
651 701 59 19 Juice
728 702 87 23 Cordial,
827 701 123 26 Raspberry,

68 726 138 25 Peppermint,
218 725 76 25 Cloves,
305 725 51 20 Pine
366 725 73 26 Apple,
450 727 40 19 and
500 728 76 18 Lemon
586 727 76 24 Syrups
672 727 38 19 and
729 728 136 25 Sarsaparilla
880 735 35 13 are
924 729 26 18 all

334 753 155 19 manufactured
499 760 26 12 on
534 753 34 19 the
576 753 103 25 premises.

256 777 115 20 Lemonade
380 778 40 19 and
430 779 78 25 Ginger
516 779 44 23 Ale,
571 781 71 23 quarts
652 779 39 19 and
698 779 61 25 pints.

91 877 74 78 C.
216 877 81 76 A.
355 877 414 88 CLARKE,
820 879 41 76 J
871 912 38 46 R
912 938 12 15 ,

68 1002 877 115 CLEARANCE'SALE.

94 1167 64 23 OUR
181 1166 164 24 PREMISES
367 1166 157 24 DISPOSED
548 1167 39 23 OF

457 1193 37 23 TO
508 1193 51 23 MR
583 1193 23 23 J.
627 1193 126 24 TONSON
769 1195 153 23 GARLICK.

67 1261 401 46 Electro-Plated
490 1261 149 47 Ware

663 1319 285 57 Lampware

67 1374 297 46 Brushware

489 1432 284 45 Enamelled
801 1433 147 46 Ware

68 1487 202 55 Knives,
306 1487 169 56 Forks,
498 1489 204 56 Spoons.

470 1607 400 49 DICEEIT,

277 1674 10 15 t
497 1679 23 12 :o:

134 1704 108 29 Having
258 1705 54 22 sold
327 1712 46 16 our
393 1705 89 26 Queen
498 1705 50 23 and
564 1705 82 23 Lome
661 1705 85 24 Street
761 1705 130 24 Premises

185 1737 27 21 to
225 1734 40 24 Mr
275 1735 24 23 J.
315 1735 25 23 T.
352 1736 114 26 Garlick,
477 1736 46 23 the
533 1735 85 24 whole
629 1735 27 23 of
664 1742 46 16 our
720 1736 79 23 Stock
809 1737 28 22 of

293 1769 433 32 IRONMONGERY,

94 1810 73 22 Miist
176 1810 30 22 be
218 1810 55 23 sold
283 1810 39 23 for
332 1811 75 27 Cash,
417 1818 29 16 as
459 1818 40 16 we
508 1811 59 29 give
575 1817 34 23 up
616 1811 149 28 possession
775 1811 28 23 in
812 1811 111 24 October.

291 1898 77 52 M.
409 1896 273 64 SIMON,

360 1978 66 22 (Late
435 1978 26 17 of
465 1978 150 22 Melbourne.)

272 2027 245 25 PRACTICAL
539 2027 159 24 TAILOR.

256 2135 125 26 Clothes
396 2135 91 26 made
507 2138 33 23 to
562 2135 92 26 order
675 2141 38 19 on

312 2168 54 26 the
379 2168 144 26 Shortest
538 2168 115 25 Notice.

265 2227 42 17 FIT
316 2227 53 17 AND
379 2227 80 17 STYLE
465 2227 52 17 NOT
525 2227 32 17 TO
567 2227 33 17 BE
607 2226 80 19 EQUAL-

393 2267 52 17 LED
454 2267 26 17 lis
494 2267 80 17 TOWN.

194 2361 41 21 gas
292 2359 103 18 Address
432 2358 120 19 ARAWA
565 2358 119 22 STREET,

194 2375 39 25 g§?

194 2395 24 23 W
395 2399 181 17 HOTORUK.

297 2573 145 46 NOW
479 2572 218 47 READY.

320 2827 52 33 By
388 2826 165 28 ELSDON
575 2826 112 27 BEST.

59 2938 110 64 THE
188 2938 120 32 Papers
323 2938 106 26 -which
442 2937 158 34 appeared
607 2937 34 26 in
649 2937 53 26 the
712 2937 85 26 HOT
809 2937 142 26 LAKES

145 2971 241 26 CHRONICLE
400 2972 102 25 under
514 2971 53 25 the
588 2971 101 25 above
708 2970 73 26 title
802 2976 54 20 are
875 2976 57 20 now-

58 3004 168 32 published
238 3004 34 25 in
283 3004 163 33 pamphlet
458 3004 90 26 form.

263 3060 129 47 Ppiee
416 3060 96 47 One
543 3058 200 56 Shilling.

197 3151 69 26 Post
282 3151 73 26 Free
367 3152 77 25 from
472 3149 215 27 CHRONICLE
708 3151 109 25 Office.

298 3281 33 16 jc,'-.
336 3286 9 4 -
349 3281 11 9 J
503 3286 12 11 r
518 3281 11 16 f
533 3281 41 16 -pr;„

60 3280 80 18 Under
148 3281 38 19 the
193 3281 170 24 distinguished
367 3282 129 23 patronage
503 3281 27 19 of
532 3281 43 19 His
580 3281 140 24 Excellency
728 3281 62 19 Lord
799 3281 141 24 C»rring+on

82 3312 119 19 Governor
210 3313 25 18 of
241 3312 100 23 N.S.-W.,
352 3313 45 18 and
406 3312 60 19 Lord
485 3312 93 19 Onslow
587 3312 118 19 Governor
714 3313 26 18 of
747 3313 58 18 New
813 3313 106 19 Zealand.

506 3387 435 102 ttOTeb.

219 3515 41 33 T
286 3515 46 34 TZ
359 3516 48 35 V
437 3516 44 33 R
508 3516 46 33 K
585 3515 45 34 N
662 3515 43 35 G
732 3516 61 35 K.

64 3598 8 12 r
77 3596 72 23 rHE
305 3596 16 19 is
331 3596 129 25 pronounced
470 3596 28 25 by
512 3596 27 19 its
550 3595 86 20 Patrons
653 3598 20 17 to
687 3596 27 19 be
729 3596 35 19 the
781 3596 46 20 best
839 3597 54 20 built
908 3599 41 19 and

69 3615 22 24 J.
131 3623 43 17 host
183 3622 106 19 furnished
299 3622 63 19 Hotel
371 3623 22 18 in
402 3623 35 18 the
446 3622 68 19 North
524 3622 76 19 Island.

96 3652 134 27 Private
244 3652 105 27 Suites
388 3654 132 25 Apartments
529 3654 33 18 for
573 3653 100 19 Families.

375 3686 103 31 Sample
492 3686 94 25 Rooms
606 3688 33 19 for
651 3688 133 20 Commercial
795 3689 125 20 Gentlemen.

62 3721 89 19 Coaches
160 3719 56 19 leaTe
226 3719 34 19 the
269 3719 62 20 Hotel
340 3721 31 18 for
387 3721 34 18 the
434 3721 68 19 Lakes
520 3728 26 12 on
562 3722 74 18 arrival
651 3723 22 18 of
689 3723 27 19 all
734 3726 104 17 steamers.
867 3724 81 25 Special

169 3746 92 24 Buggies
277 3746 40 19 and
326 3746 75 19 Saddle
411 3747 79 19 Horses
499 3753 37 13 can
552 3747 26 19 be
593 3748 96 19 obtained
706 3749 33 19 for
748 3749 27 19 all
787 3754 57 20 parts

414 3773 23 19 of
446 3773 36 19 the
498 3773 95 25 Country.

65 3805 186 27 First-class
263 3805 123 33 Sailing
400 3807 61 27 and
474 3806 136 33 Rowing
622 3806 99 28 Boats
733 3809 48 26 for
793 3810 154 26 Pleasure

326 3839 62 25 *nd
405 3839 134 32 Fishing
552 3840 132 27 Parties.

352 3879 126 34 Bathing
513 3880 126 27 Pavilion
675 3883 23 24 is
733 3883 101 26 within
858 3885 89 24 three

352 3913 50 24 tes'
425 3913 75 26 walk
520 3914 33 25 of
568 3914 54 25 the

349 3954 2 25 '
358 3960 41 11 am.-,
423 3954 74 19 receive
523 3957 81 22 prompt
621 3956 108 19 attention.

362 4088 278 31 PROPRIETOR.

1302 173 232 33 BOTORUA,

1364 263 101 21 THE

1008 291 393 69 pstsee
1434 319 18 15 •
1488 294 50 66 h
1559 294 117 66 0t
1693 294 51 66 e
1764 294 61 66 t.

1242 368 89 22 (Under
1342 369 59 19 New
1413 370 182 23 Management.)

999 434 93 19 Situated
1103 434 21 19 in
1134 434 35 19 the
1178 437 53 17 most
1239 435 75 19 central
1330 436 89 25 position
1434 437 22 19 in
1475 437 35 19 the
1529 443 44 13 new
1590 437 108 26 township,
1717 438 93 25 opposite
1825 437 35 20 the

973 460 127 19 Courthouse
1109 461 41 18 and
1159 461 21 19 in
1191 461 53 20 close
1252 461 111 26 proximity
1372 464 20 17 to
1402 462 35 19 the
1448 462 50 20 Post
1507 463 67 19 Office.
1585 463 134 24 Sanatorium,
1740 463 64 20 Baths
1820 463 40 20 and

973 486 92 24 Railway
1081 486 84 19 Station.

999 520 42 19 The
1051 520 74 19 Hotel
1134 521 116 19 commands
1260 528 12 12 a
1282 521 131 26 magnificent
1421 522 51 20 view
1483 523 21 18 of
1513 522 36 20 the
1557 522 57 20 Lake
1624 524 40 19 and
1673 520 10 27 i
1693 520 10 27 9
1713 520 91 27 furnished
1811 524 49 19 with

973 553 26 12 an
1008 552 36 19 eye
1053 548 21 17 to
1083 547 35 19 the
1128 547 85 19 comfort
1222 547 22 19 of
1253 547 27 19 its
1289 551 90 21 patrons.

999 580 43 20 The
1051 581 88 25 position
1149 581 21 18 of
1180 581 35 19 the
1226 581 70 19 House
1312 581 82 20 renders
1411 582 17 20 it
1446 583 112 25 peculiarly
1576 583 87 20 suitable
1681 584 33 20 for
1735 586 125 20 commercial

973 613 45 13 men
1028 607 86 25 visiting
1122 607 35 19 the
1167 609 60 17 town.

1009 652 167 27 BILLIARD
1198 653 114 26 ROOM.
1454 655 148 27 SAMPLE
1624 656 137 34 ROOMS,
1774 659 53 26 &c.

1140 706 176 32 Telegrams
1331 708 153 33 promptly
1497 710 151 26 attended
1661 712 41 25 to.

975 779 48 46 F.
1047 779 270 55 WATERS,

1603 783 254 58 Manager.

1338 892 151 34 THE

1208 994 203 109 Lakes

977 1197 238 54 Published
1254 1209 142 46 every
1430 1199 238 59 Saturday
1700 1202 134 47 .Morn-

1372 1256 85 56 ing,

1179 1380 113 42 RATES
1316 1381 45 42 OF
1385 1382 275 43 SUBSCRIPTION:

1136 1453 62 17 PAID
1212 1453 29 17 IN
1254 1453 128 19 ADVANCE.
1570 1456 113 20 BOOKED.

1159 1484 44 23 Six
1215 1484 105 24 Months
1331 1486 28 23 5s
1369 1493 6 21 ;
1613 1489 35 23 6s.

1157 1510 52 23 One
1226 1510 67 24 Year
1303 1512 44 23 10s
1357 1519 5 21 ;
1599 1514 49 24 12s.

1152 1606 336 35 ADYEETISING
1505 1610 177 34 BATES:

1000 1662 66 19 Three
1077 1662 99 24 Shillings
1186 1669 36 18 per
1231 1662 46 19 inch
1284 1669 37 18 per
1331 1664 59 23 issue,
1400 1671 27 19 up
1436 1667 20 16 to
1464 1667 11 16 3
1483 1665 113 19 insertions.
1613 1667 129 26 Subsequent
1749 1668 113 20 Insertions

974 1688 44 19 half
1027 1692 60 15 rates.
1118 1688 79 26 Special
1208 1691 61 16 terms
1281 1690 31 17 for
1321 1689 72 26 longer
1404 1690 89 26 periods.

1000 1742 178 19 Announcements
1188 1742 21 18 of
1220 1741 69 19 Births
1300 1742 40 19 and
1350 1742 78 21 Deaths
1437 1750 35 13 are
1482 1744 88 23 charged
1584 1747 22 16 2s
1622 1746 55 24 each,
1698 1750 35 16 not
1752 1748 110 25 exceeding

974 1770 24 17 30
1009 1768 72 19 words.
1109 1768 104 24 Marriage
1222 1771 171 17 announcements
1408 1771 28 17 3s.
1463 1770 93 24 NOTE.
1559 1771 110 24 —These
1685 1772 111 25 charges
1818 1781 42 16 are

974 1794 38 23 for
1023 1794 176 30 Prepayment
1209 1793 73 29 Only-

1080 1884 240 48 JOBBIM
1354 1888 398 50 DEPJIRTJAEJJT.

975 1971 157 32 Invoices,

1025 2004 174 30 Billheads,

1074 2038 103 25 Memo
1191 2039 121 32 Forms,

1124 2071 83 26 Bills
1220 2072 33 25 of
1262 2072 90 31 Fare,

1175 2104 155 26 Business
1354 2107 109 32 Cards,

1224 2137 141 34 Visiting
1386 2141 109 31 Cards,

1306 2172 97 26 Menu
1421 2173 109 33 Cards,

1359 2206 153 32 Luggage
1524 2208 124 33 Labels,

1402 2239 74 26 Ball
1494 2240 237 36 Programmes,

1457 2272 172 33 Circulars,

1527 2307 138 32 Posters,

1576 2340 181 35 Handbills,

1669 2375 197 34 Pamphlets,

1145 2408 64 33 &c.,
1310 2410 67 34 &c.,
1479 2413 66 33 See.,
1646 2416 58 27 &c.

1038 2474 123 47 Done
1195 2482 51 39 at
1282 2478 81 54 tfye
1385 2478 222 56 Shortest
1627 2482 182 48 .Notice.

980 2620 537 59 STATIONERY!

1289 2702 572 61 STATIONERY!!

1225 2783 70 46 On
1320 2784 112 47 Sale
1460 2788 53 45 at
1547 2788 87 46 the

1044 2886 432 68 etißONtete
1512 2891 282 71 oFFiee.

975 2985 65 19 Plain
1049 2987 46 18 and
1105 2986 80 24 Fancy
1193 2987 66 22 Note,
1275 2987 130 25 Envelopes
1414 2989 30 19 all
1453 2989 64 23 sizes,

975 3009 125 24 Mourning
1108 3010 75 23 Paper
1192 3010 45 19 and
1246 3011 136 23 Envelopes,
1397 3012 152 21 Commercial
1557 3015 135 23 Stationery

975 3032 114 23 Foolscap
1099 3033 74 22 Paper
1182 3033 45 19 and
1236 3034 89 19 Official
1333 3035 137 24 Envelopes,

975 3055 115 24 Drawing,
1102 3056 114 23 Exercise,
1224 3055 177 22 Memorandum
1410 3059 46 18 and
1464 3059 109 20 Account
1582 3061 77 20 Books

975 3078 107 23 Ledgers,
1093 3079 116 23 Journals,
1220 3080 51 23 Day
1279 3081 47 18 and
1335 3081 61 19 Cash
1403 3082 83 23 Books,

975 3101 80 19 Letter
1063 3102 84 22 Books,
1157 3102 107 23 Brushes,
1367 3105 80 23 Wells,
1457 3106 48 22 &c.,

974 3125 123 23 Stephen's
1106 3125 105 24 Writing
1219 3126 45 18 and
1274 3126 105 25 Copying
1387 3128 63 23 Inks,

974 3147 106 25 Blotting
1088 3148 79 23 Paper,
1178 3149 111 19 Business
1298 3151 46 18 and
1352 3151 103 24 Visiting
1464 3152 78 23 Cards,

973 3170 57 19 Blue
1040 3171 95 22 Pencils,
1147 3172 62 18 Lead
1218 3172 45 19 and
1273 3173 63 19 Slate
1346 3174 97 22 Pencils,
1453 3175 47 19 and
1508 3176 77 18 Slater.

973 3194 109 23 Marking
1091 3194 49 23 Ink,
1151 3194 67 20 India
1227 3195 92 20 Rubber
1328 3197 83 23 Bands,
1422 3198 61 19 Gum
1491 3199 46 18 and
1546 3200 116 20 Gummed
1670 3201 75 21 Paper

973 3217 104 19 Indexed
1086 3217 65 23 Files,
1166 3219 47 17 and
1222 3218 73 24 Paper
1304 3220 67 23 Clips,

973 3240 135 23 Inkstands,
1119 3241 45 18 and
1173 3241 97 20 Bottles.

1006 3341 22 25 A
1049 3341 138 26 CHOICE
1202 3341 208 27 SELECTION
1430 3344 47 25 OF
1493 3344 186 28 BIRTHDAY
1698 3348 129 27 CARDS.

975 3478 344 61 NEWS
1385 3482 471 64 AGENCY.

1035 3584 195 58 English
1254 3584 206 58 Foreign,
1489 3587 89 47 and
1601 3588 202 50 Colonial

1126 3650 180 56 Papers,
1326 3650 280 56 .Magazines,
1630 3654 86 47 &e.

975 3725 186 44 SYDNEY
1201 3727 236 43 BULLETIN
1475 3729 30 41 &
1543 3730 317 46 CANTERBURY

1221 3784 146 42 TIMES
1395 3785 61 41 ON
1485 3785 128 43 SALE.

1166 3906 93 70 To
1310 3907 347 72 Tourists.

969 4019 195 58 .flgeney
1187 4021 76 47 for
1283 4023 217 48 .Martin's
1526 4026 167 55 Photos
1714 4029 56 47 of
1780 4033 81 53 tl?e

1316 4081 207 48 District.

2003 173 266 79 LAKE
2323 173 332 81 HOUSE

1912 290 341 58 Hydropathic
2295 290 162 56 Hotel,
2507 293 232 45 Rotorua.

2168 373 223 33 ESTABLISHED
2411 374 78 33 1881.

1883 432 72 21 Under
1969 432 35 20 the
2013 434 111 23 patronago
2135 432 22 18 of
2167 431 33 20 Sir
2210 432 35 19 W.
2265 432 87 24 Jervois,
2369 432 48 20 Earl
2435 434 38 19 and
2491 434 102 20 Countsso
2612 439 22 14 ot
2652 433 120 27 Hopctouo,

2053 458 36 19 the
2100 459 55 18 Hon.
2166 458 89 19 Premier
2264 458 40 19 and
2319 459 103 19 Members
2438 467 20 12 01
2470 461 130 19 Parliament.

1909 562 42 20 The
1962 562 63 20 Hotel
2037 563 16 18 is
2064 562 89 20 situated
2163 568 25 13 on
2199 569 25 12 uc
2233 562 93 19 elevated
2337 562 89 26 position
2436 570 26 12 on
2472 564 35 19 the
2516 564 69 20 shores
2602 564 22 19 o£
2638 564 57 19 Lake
2709 563 52 20 Boto-

1884 595 43 18 rua,
1937 590 123 19 convenient
2070 592 21 16 to
2101 589 26 19 al!
2138 588 35 20 iho
2183 588 64 25 sights
2258 588 19 20 in
2289 589 35 19 the
2333 588 89 21 district.

1955 640 113 30 Sulphur
2081 641 52 23 and
2145 640 112 23 Mineral
2271 641 83 23 Baths
2368 641 21 19 in
2399 641 37 20 the
2446 641 96 20 Grounds
2553 642 22 19 of
2585 641 35 20 the
2631 642 71 19 Hotel.

2015 745 20 19 A
2051 744 107 21 reduction
2175 744 16 19 is
2208 745 58 19 made
2283 747 21 17 to
2315 745 77 25 weekly
2403 752 22 12 or
2435 745 91 26 monthly
2536 746 105 20 boarders.

1885 797 69 19 Guide
1964 796 68 20 Books
2043 797 39 19 and
2090 796 135 20 information
2236 797 62 22 g:atis
2309 799 22 17 at
2341 796 55 20 Cook
2413 797 38 19 and
2469 797 58 21 Sons'
2543 799 52 25 (sole
2611 799 81 25 agent-)
2709 798 66 19 offices

2197 823 126 25 throughout
2333 823 35 19 the
2378 823 86 25 Colony.

1883 873 45 46 T.
1952 873 42 47 C.
2015 873 333 53 URQ,UJiJIRT,
2405 900 18 6 -
2476 901 17 6 -
2536 874 237 57 .Manager.

2321 1018 69 26 *ar*a&

2197 1047 49 29 m

1919 1104 274 65 NOTiee
2226 1104 102 65 TO
2358 1104 381 66 TOURISTS.

1918 1245 64 26 The
2001 1244 216 33 undersigned
2237 1244 28 26 is
2288 1251 74 19 now
2384 1245 140 33 running:
2546 1246 144 32 Buggies
2712 1247 64 25 and

1886 1278 140 27 Coaches
2048 1279 33 24 to
2100 1278 56 25 the
2168 1277 166 32 following
2346 1278 108 32 places
2467 1279 34 25 of
2514 1279 136 26 interest
2668 1279 34 26 in
2723 1280 53 25 the

1884 1311 242 32 neighborhood
2142 1315 34 21 at
2193 1311 129 32 greatly
2346 1311 138 26 reduced
2507 1313 94 25 rates.
2650 1312 127 33 Special

1885 1343 184 27 reductions
2076 1344 50 26 for
2138 1343 89 33 large
2236 1345 128 31 parties.

1885 1383 329 24 WHAZAREWAREWA;
2250 1383 173 24 WAIRAKEI,
2445 1385 101 19 TAUPO
2562 1385 21 19 &
2599 1386 62 18 THE

2025 1408 145 19 TIKITERE
2183 1408 20 18 &
2217 1408 104 18 OKERE
2335 1408 110 22 FALLS;
2459 1408 175 20 WAIOTAPU.

1909 1439 127 19 N.B.—The
2045 1439 102 19 Tikitere
2157 1439 53 24 Trip
2219 1444 44 14 can
2271 1444 54 14 now
2333 1439 29 19 be
2371 1440 117 18 extended
2496 1441 25 17 to
2530 1440 40 19 the
2579 1440 59 19 head
2648 1441 26 18 of
2680 1441 95 22 Rotoiti,

1884 1463 85 18 thence
1983 1463 26 18 to
2023 1463 114 21 Rotoehu,
2154 1462 101 24 opening
2268 1468 32 18 up
2317 1468 66 13 some
2400 1463 26 18 of
2440 1463 40 18 the
2501 1464 116 19 Grandest
2630 1464 103 24 Scenery
2753 1464 24 19 in

1885 1486 58 19 New
1951 1485 106 20 Zealand.

1898 1533 94 28 Special
2003 1535 170 26 Conveyances
2184 1533 46 26 apd
2241 1534 87 19 Saddle
2340 1534 84 23 J4orses
2434 1537 23 17 to
2468 1535 28 19 all
2507 1538 61 23 parts
2585 1536 22 18 o?
2620 1535 40 19 the
2676 1535 86 20 district

2210 1563 22 17 at
2244 1561 117 22 Moderate
2372 1561 78 23 f^ates.

1931 1608 47 19 Bus
1984 1608 78 19 leaves
2070 1608 64 19 Lake
2140 1608 85 22 House,
2234 1609 85 23 calling
2324 1610 27 17 at
2358 1609 30 18 all
2395 1609 83 18 Hotels
2484 1609 45 19 and
2536 1609 117 24 Boarding
2660 1610 94 18 Houses

1907 1632 36 18 for
1952 1632 226 22 Whakarewarewa,
2187 1632 70 18 twice
2265 1632 119 23 forenoon,
2394 1632 68 19 twice
2471 1632 128 19 afternoon.

2188 1664 47 47 J.
2281 1665 325 52 FALLOONA,

2411 1739 303 57 Proprietor.

2036 1815 135 27 STABLES
2196 1815 79 27 NEAR
2300 1815 77 27 LAKE
2398 1816 97 26 HOUSE
2520 1817 104 25 HOTEL.

2239 2837 211 59 Propr/8/yzjZ

2189 2885 59 56 ''
2271 2898 281 66 DISTILLERS
2591 2903 48 61 C»
2669 2903 51 64 to

2232 2992 14 20 »
2298 2975 171 36 a/warn,
2489 2977 143 30 scorum

1929 3043 465 32 WHOLESALE
2429 3046 299 33 AG-E3ITTS

1892 3097 60 52 L.
2024 3097 67 54 D.
2161 3100 327 54 NATHAN
2549 3094 54 63 &
2668 3102 102 56 Co.

2443 3195 210 34 UrtTC

2443 3217 104 33 nu
2574 3222 10 26 i
2613 3221 42 29 c,

1975 3193 384 55 /AVERLEY

1985 3255 166 37 QUEEN
2178 3257 204 38 STREET,
2401 3259 264 34 AUCKLAND

2112 3297 42 19 uin
2159 3299 61 19 der
2232 3299 72 19 Niiw
2320 3299 226 21 management.

2102 3342 213 50 JOSEPH
2347 3345 211 48 JAq?J\E,

2011 3414 61 26 (Lato
2082 3415 22 20 of
2113 3415 34 20 the
2157 3416 57 20 Lako
2224 3417 72 20 House
2311 3418 40 19 and
2365 3418 74 20 Palace
2449 3417 79 23 Hotels,
2540 3417 109 27 Rotorua,)

1966 3447 4 26 .
2046 3447 4 26 .
2131 3447 50 19 HaR
2186 3448 51 23 just
2246 3449 73 19 taken
2331 3455 56 13 over
2395 3449 48 19 this
2451 3448 76 20 Hotel.

1884 3468 129 19 Travellers
2022 3469 47 19 wilS
2077 3469 49 19 find
2135 3475 69 19 every
2212 3471 99 20 Modern
2321 3473 160 18 Convenience
2490 3472 122 19 combined
2617 3473 59 19 with
2683 3474 94 24 Civility

2189 3495 47 18 and
2242 3495 97 24 Prompt
2345 3497 124 18 attention.

1910 3535 44 20 The
1965 3536 99 20 situation
2074 3538 22 18 of
2110 3537 35 20 the
2161 3538 82 20 Waver
2246 3546 40 13 ley
2304 3541 83 19 renders
2406 3541 17 19 it
2441 3540 97 24 specially
2556 3541 121 19 convenient
2694 3542 34 19 for
2741 3542 36 20 the

1884 3561 119 27 Travelling
2013 3562 75 20 Public
2097 3564 41 18 and
2156 3564 88 21 Visitors
2260 3570 20 16 to
2297 3567 35 19 the
2349 3566 46 25 City
2410 3567 53 19 from
2478 3567 35 18 the
2528 3565 92 26 Country
2636 3567 28 25 by
2684 3568 55 19 train
2754 3575 23 12 or

1884 3592 93 15 steamer.

1886 3612 104 31 Special
1999 3614 208 30 Arrangements
2218 3618 75 23 made
2303 3618 40 23 for
2354 3618 45 23 the
2415 3617 175 25 convenience
2604 3618 28 23 of
2644 3618 131 25 Families.

2079 3653 200 19 NIGHT
2324 3657 263 16 porter.

1887 3691 177 29 First-class
2080 3694 116 28 Billiard
2213 3697 120 26 Rooms.
2369 3698 100 26 Wines
2482 3697 61 26 and
2559 3697 110 32 Spirits
2683 3698 33 25 of
2721 3699 54 25 the

1964 3727 71 25 best
2050 3727 126 28 Brands.
2220 3730 172 26 Hancock's
2414 3731 82 25 Prize
2511 3730 103 26 XXXX
2629 3730 69 27 Ales

2159 3762 112 34 always
2290 3770 38 19 on
2355 3763 141 33 draught.

1884 3830 53 46 M
1938 3833 18 17 E
1991 3833 79 44 W.
2110 3834 46 46 J.
2188 3836 44 45 N
2234 3838 80 18 APIEE
2316 3830 4 51 '

1886 3894 172 21 BARRISTER
2070 3897 66 19 AND
2154 3899 165 21 SOLICITOR.

1886 3934 146 19 Commissioner
2047 3937 22 17 of
2081 3937 33 18 the
2128 3937 89 24 Supreme
2231 3941 60 17 Court
2302 3942 21 16 of

2081 3960 44 23 Fiji.

1886 3988 87 19 Solicitor
1982 3991 21 16 to
2013 3990 31 18 the
2055 3991 49 18 N.Z.
2119 3992 128 20 Government
2262 3996 60 17 under

1951 4013 39 17 The
1999 4014 99 17 Advances
2107 4016 20 17 to
2133 4016 78 19 Settlers

1885 4042 99 19 Victoria
1993 4045 90 21 Arcade,
2093 4046 111 23 Queen-st,
2214 4049 107 18 Auckland.

1909 4082 72 23 Money
1989 4085 21 16 to
2017 4084 53 18 Lend
2079 4090 25 12 on
2112 4086 85 18 freehold
2211 4089 82 22 security
2302 4090 20 17 at

1885 4105 38 17 low
1940 4108 50 16 rates
2007 4108 20 16 of
2039 4108 85 17 interest.
2153 4110 71 22 Money
2236 4111 85 19 invested

1885 4127 30 17 for
1924 4128 67 19 clients
2000 4130 39 18 free
2047 4130 22 18 of
2076 4131 76 22 charge.

2349 3830 209 47 Hotorua
2583 3830 193 57 Library

2345 3920 103 47 OPEN
2460 3920 53 19 from
2525 3922 23 17 10
2559 3927 47 13 a.m.
2617 3923 21 16 to
2649 3922 10 17 5
2669 3927 49 19 p.m.
2737 3921 40 19 and

2406 3948 45 17 6.30
2461 3950 22 15 to
2492 3948 23 17 10
2523 3946 219 26 p.m.Sundaystill9p
2750 3953 27 13 ra.

2363 3976 176 23 Subscription:
2551 3976 43 19 20s
2603 3976 44 18 Per
2655 3976 103 19 Annum.

2370 4005 89 19 Visitors
2474 4012 48 18 may
2538 4011 86 19 procure
2639 4004 69 20 Books
2726 4006 51 18 from

2344 4031 36 19 the
2389 4031 88 25 Librarj-
2486 4037 26 12 on
2531 4031 86 25 making
2632 4038 13 12 a
2664 4031 79 25 deposit
2758 4032 19 18 of

2345 4060 36 16 not
2390 4057 41 19 less
2440 4057 49 19 than
2509 4058 29 22 ss,
2556 4057 39 20 and
2613 4057 126 25 purchasing
2759 4059 18 18 Is

2345 4089 79 18 coupon
2434 4083 32 18 for
2476 4089 60 18 every
2547 4082 54 19 Four
2610 4083 71 19 books.

2370 4108 43 19 The
2431 4108 87 24 Library
2541 4109 18 18 is
2577 4115 52 19 open
2652 4109 76 25 during
2744 4109 33 20 the

2345 4135 94 24 evening.

2796 162 47 40 HI
2860 159 95 43 HEM
2969 162 257 45 OASTORE.

2804 235 44 21 V\/
2860 230 101 19 ILIJIAJtt
2983 230 110 21 EOGiiiRS
3108 232 74 20 dncCiS
3197 243 29 11 aw

2813 262 7 11 t
2831 259 8 13 t
2873 256 78 19 tention
2961 258 22 17 to
2990 257 35 19 the
3034 256 107 27 following
3147 258 51 21 lines
3207 261 20 19 of

2816 287 178 42 €B©l€S
3042 289 164 44 ©©#&§,

2794 335 102 20 Bvcroft's
2906 335 111 20 Snowdrift
3027 336 52 19 N.Z-
3088 337 63 20 Flour

2795 361 103 24 Sultanas,
2909 361 101 20 Muscatel
3018 362 41 19 and
3067 361 98 22 Valencia
3179 364 48 22 Rai*

2847 388 48 19 sins,
2907 387 40 19 and
2956 387 99 20 Currants

2795 411 50 26 Figs
2853 413 40 19 and
2903 413 112 20 Preserved
3025 414 84 26 Ginger,
3120 415 69 25 Spices

2794 440 77 18 .Lemon
2881 439 40 19 and
2931 439 82 25 Orange
3024 439 50 21 Peel

2850 465 70 19 White
2930 465 115 25 Sugar—A
3060 466 116 26 Speciality.

2796 491 50 19 New
2857 490 91 20 Zealand
2955 491 63 26 Dairy
3025 493 127 19 Association
3162 500 10 13 s
3178 494 49 21 But<

2899 520 38 16 ter.

2821 541 60 20 TEA.
2940 542 115 21 COFFEE.
3109 545 94 21 COCOA.

2796 591 87 20 General
2896 592 128 19 Assortment
3041 594 22 18 of
3079 593 150 27 Storekeeper'*

2973 618 75 20 Goods.

2856 668 159 42 HINEMOA
3052 671 118 42 STORE.

2797 747 38 44 13
2892 748 29 43 S
2984 749 71 43 C°
3055 749 71 43 KL
3143 750 49 19 ET
3209 753 13 17 T
3224 766 5 8 >

2904 803 223 27 ARCHITECT,

2877 838 98 26 Building
2989 840 110 26 Surveyor,
3117 842 35 19 &c.

2799 912 71 24 Agent
2889 911 33 20 for
2940 912 35 19 the
2998 913 101 20 National
3122 914 48 20 Fire
3192 916 39 20 and

2890 937 82 21 Marine
2978 939 116 20 Insurance
3104 940 37 20 Co.

2798 1002 121 45 JJOK
2934 1005 44 20 OI
2994 1006 18 19 A
3083 1006 148 47 yiEf

2952 1056 126 21 PRIVATE

2798 1088 246 34 BOABDIHQ
3062 1090 170 36 HOUSE.

2798 1147 111 29 Opposite
2925 1148 40 21 the
2980 1150 56 19 Post
3046 1151 47 19 and
3104 1152 127 25 Telegraph

2976 1176 80 21 Office.

2799 1206 46 19 And
2864 1213 50 12 near
2934 1207 34 20 the
2988 1208 122 20 Celebrated
3135 1209 97 22 PRIEST

2838 1232 118 21 RACHEL
2972 1234 40 19 and
3025 1234 58 20 other
3093 1235 99 25 BATHS,

2943 1260 146 21 ROTORUA.

2799 1309 111 30 TERMS:
2919 1311 44 19 25s
2970 1316 42 19 per
3018 1312 72 24 week,
3100 1313 28 19 6s
3135 1318 41 18 per
3182 1315 51 24 day.

2832 1342 115 40 MRS
2991 1343 209 47 YOUNG.

2931 1392 174 22 Proprietress.

2801 1458 216 49 Rotorua
3038 1461 195 49 Bakerv

2800 1589 56 54 T.
2880 1592 50 52 S.
2954 1593 279 65 SAMSON,

2813 1659 104 33 BAKER
2928 1662 27 31 &
2964 1662 256 35 CONFECTIONER.

2851 1737 86 26 Bread
2949 1740 134 25 delivered
3099 1742 80 31 daily.

2851 1808 166 26 GROCERIES,

2995 1845 146 23 DRAPERY.

2990 1883 45 14 AND

2797 1909 124 19 GENERAL
2927 1910 208 21 STOREKEEPER'S
3142 1912 89 21 GOODS.

2970 1945 259 71 ld^doj^T

2930 2034 167 23 SOLICITOR,

2795 2067 83 19 TEMrLE
2883 2069 119 22 CITAMIiERS,
3008 2071 97 21 High-st,
3110 2072 119 18 Auckland.

2793 2114 155 19 N.B.—Attends
2957 2118 81 21 country
3047 2118 69 17 Courts
3124 2118 26 22 by
3161 2119 69 22 special

2793 2140 139 20 arrangement.

2898 2194 267 49 UCKiLJLND

2805 2264 175 41 COFFEE
3022 2266 192 43 PALACE.

2843 2336 146 31 QUEEN
3010 2338 167 34 STREET,

2792 2394 63 24 Also
2878 2398 108 29 opposite
3010 2398 108 23 Herald
3145 2399 84 31 Office.

2822 2507 50 45 E.
2925 2507 269 58 WATERS,

2891 2585 242 29 PROPRIETOR.

2843 2653 28 26 J,
2892 2653 49 26 W.
2965 2655 205 28 WRIGLEY

2815 2719 390 27 ARCHITECT,

2921 2753 185 19 ROTOSUK.

2820 2816 68 25 Agent
2897 2817 33 19 for
2945 2817 37 19 the
2999 2817 66 21 South
3086 2818 79 21 British
3184 2820 47 20 Fire

2793 2842 41 19 and
2845 2843 80 19 Marine
2934 2843 114 21 Ins*'ranee
3058 2844 112 27 Company.

2841 2904 30 40 A.
2900 2904 72 42 AND
2997 2905 32 41 G,
3055 2906 129 48 BROOK,

2794 2963 83 25 BOOT
2891 2965 72 21 AlHi
2978 2965 84 24 SHOP-
3083 2965 148 33 MAKERS,

2854 3005 88 20 Fejtton
2958 3007 90 22 Street,
3072 3007 107 21 Kotorita.

2796 3037 46 19 Aud
2865 3039 21 18 at
2917 3040 84 17 i'iirneii
3024 3038 40 20 and
3093 3040 138 21 Newmarket,
3263 3037 3 25 j

2823 3106 66 25 Large
2898 3106 39 19 and
2951 3107 67 20 varied
3034 3107 63 20 Stock
3108 3108 22 19 of
3140 3109 91 25 English,

2796 3132 88 25 Foreign
2897 3133 38 19 and
2947 3134 92 19 Colonial
3051 3134 61 19 Boots
3123 3137 37 17 and
3169 3135 63 20 Shoes

2858 3161 22 17 to
2891 3159 72 20 choose
2975 3160 50 19 from
3037 3163 23 17 at
3071 3160 34 20 the
3115 3163 52 17 most.

2832 3196 218 33 REASONABLE
3072 3198 126 33 PRICES.

2889 3238 94 19 FRESH
3000 3238 90 21 STOCK
3102 3240 37 19 OF

2791 3261 1 53 j
2798 3270 170 25 FOOTBALL
2982 3273 100 24 BOOTS
3092 3274 43 25 just
3148 3274 86 21 arrived.

2799 3312 35 19 Aii
2849 3316 71 16 orders
2936 3313 40 19 utui
2993 3321 76 18 repairs
3085 3314 149 27 esj-'cJi'.-ioiialy

2963 3340 103 20 executed.

2799 3372 23 18 S.
2836 3371 26 20 E.
2876 3372 151 24 FORDYCE,
3053 3384 9 4 -
3086 3384 8 4 -
3118 3374 113 24 Manager

2799 3420 28 18 W.
2834 3421 22 17 L.
2863 3421 98 22 Forster,
2972 3426 44 17 c.e.,
3042 3422 26 18 H.
3079 3423 30 17 W.
3119 3423 113 22 Mitchell,

2882 3457 39 11 Mr!
3053 3458 98 12 AUTHORISED
3159 3460 42 11 LAND

2799 3473 79 12 ENGINEER
2885 3473 69 12 MIDLAND
2961 3474 77 13 RAILWAY,
3057 3476 10 10 tt
3077 3475 55 12 lIININO
3147 3476 87 14 SURVEYOR,

2798 3489 87 17 HaUKAKI
2895 3491 108 17 PiKINoULA.
3041 3492 84 16 fi.OTOP.UA
3133 3493 14 16 &
3156 3494 75 16 pAKItOA.

2801 3551 158 42 FORSTER
2987 3553 25 40 &
3046 3554 185 47 MITCHELL,

2826 3610 112 27 MINING
2954 3611 172 27 ENGINEERS
3146 3614 61 25 AND

2926 3646 188 30 SURVEYORS,

2798 3687 120 19 VALUERS
2930 3688 33 18 OF
2972 3689 101 18 MINING
3084 3690 54 18 AND
3148 3690 86 18 OTHER

2931 3712 168 22 PROPERTIES,

2869 3748 106 22 Hauraki,
2994 3749 51 17 New
3060 3749 104 18 Zealand.

2821 3810 96 18 Members
2925 3812 20 17 of
2953 3811 34 18 the
2995 3811 48 18 N.Z.
3052 3812 92 18 Institute
3156 3813 21 18 of
3189 3813 33 18 Sur-

2798 3838 73 16 veyors.

2869 3904 120 18 Normajtby
3001 3904 64 21 Road,
3076 3904 89 19 Paeroa.

2918 3962 65 18 paper
3001 3956 42 18 and
3058 3955 115 24 Envelopes
3191 3956 42 20 witli

2826 3982 10 14 i
2881 3981 82 24 printed
2976 3981 91 25 beading
3079 3984 21 16 at
3110 3982 64 25 cheap
3182 3987 51 15 rates

2801 4009 21 15 at
2832 4005 107 21 Chronicle
2954 4007 64 19 office.
