2580 4050
2120 1258 176 22 ENGLAND.

669 1268 94 56 New
794 1268 219 56 Zealand
1044 1268 219 56 Gazette

712 1324 70 22 AND
796 1324 216 23 WELLINGTON
1031 1325 189 22 SPECTATOR.

780 1378 158 26 Wednesday,
953 1380 74 21 April
1042 1381 21 25 3,
1079 1381 62 21 1844.

277 571 144 21 ARRIVED.
432 586 2 5 .

84 605 76 21 March
167 606 37 24 31,
214 606 139 25 government
360 602 48 27 brig
419 603 105 24 Victoria,
534 602 41 21 200
586 604 58 22 tons,

57 633 110 23 Richards,
178 632 55 21 from
243 631 112 22 Auckland
366 632 34 19 via
411 630 114 21 Taranaki.

83 660 62 27 April
153 660 151 26 2,,brigantine
317 658 120 26 Vanguard,
446 658 26 21 61
484 661 56 21 tons,
550 656 94 25 Pelford,

56 688 55 20 from
122 687 90 27 Sydney.

297 739 117 22 SAILED.

84 773 74 21 March
169 774 36 23 31,
215 774 69 19 cutter
305 772 111 21 Catherine
427 771 112 25 Johntton,
552 771 24 21 11
587 772 57 23 tons,

56 802 86 26 Taylor,
152 801 35 20 for
195 800 129 26 Wanganui.

85 830 60 19 Same
170 828 48 26 day,
242 828 106 21 schooner
365 828 162 23 Perseverance,
545 827 25 20 IS
588 828 57 23 tons,

56 856 92 25 Tuawai,
158 856 35 20 for
203 856 37 19 the
249 855 130 21 southward.

84 884 62 27 Apsil
155 884 21 24 2,
186 883 120 25 brigantine
316 883 16 20 /
348 882 59 21 don't
425 882 70 25 know,
514 881 85 28 Phelps,
613 881 34 21 for

57 912 84 21 Alcaroa
151 910 42 21 and
202 911 89 20 Nelson.

282 961 35 20 IN
332 961 87 20 PORT.

85 995 110 20 Schooner
201 994 77 21 Afofron
285 993 89 26 Packet,
381 993 26 20 20
414 994 57 22 tons,
480 990 59 22 Col*.
567 990 79 26 Agent,

57 1022 99 26 Captain.

85 1050 108 20 Schooner
205 1048 110 20 Susannah
325 1048 56 24 Ann,
393 1046 35 25 79,
440 1046 87 20 Brown.
555 1045 91 25 Agents,

58 1077 83 21 Samuel
150 1077 43 19 and
203 1075 88 26 Joseph.

84 1105 109 19 Schooner
201 1103 82 25 Emma,
296 1102 26 20 14
332 1103 58 24 tons,
400 1100 139 21 Greenwood.
567 1100 78 26 Agent,

56 1132 82 20 Master

84 1160 108 20 Schooner
209 1157 147 26 Shepherdess,
372 1157 36 25 32,
418 1155 121 22 Anderson.
567 1155 78 27 Agent,

56 1187 109 21 Schultze.

67 1218 4 4 '
84 1215 108 20 Schooner
214 1214 73 23 Ocean;
309 1213 27 19 30
355 1214 57 22 tons,
433 1211 117 26 Ferguson.
578 1210 69 20 Waitt

55 1242 42 21 and
106 1242 75 26 Tyser,
195 1241 88 26 Agents.

82 1269 125 26 Brigantine
218 1269 79 24 Scotia,
317 1268 26 20 68
354 1270 55 21 tons,
419 1266 75 22 Ward.
523 1265 28 21 R.
567 1265 77 27 Eagar,

55 1298 78 25 Agent.

84 1324 123 26 Brigantine
225 1324 53 20 Star
293 1323 29 26 qf
341 1323 73 24 China,
435 1322 41 20 112
496 1323 56 23 tons,
572 1321 73 21 Ward.

56 1352 35 21 W.
103 1352 137 23 Fitzherbert,
252 1353 75 24 Agent.

82 1380 143 20 Government
234 1378 46 27 brig
292 1378 103 24 Victoria,
406 1378 41 20 200
463 1379 56 23 tons,
531 1376 114 21 Richards.

56 1407 97 27 Captain,
164 1408 79 24 Agent.

84 1435 121 26 Brigantine
216 1433 121 27 Vanguard,
345 1434 24 20 61
381 1436 56 22 tons,
446 1432 92 21 Pelford.
554 1432 88 26 Agents,

56 1462 68 21 Waitt
132 1462 42 21 and
183 1462 74 26 Tyser.

259 1519 180 22 SHIPPING.

90 1573 52 24 The
157 1573 104 24 Victoria
273 1573 54 23 with
338 1573 37 23 his
383 1573 141 30 Excellency
534 1580 28 16 on
574 1571 70 25 board

56 1606 89 24 arrived
155 1611 25 19 at
189 1605 124 25 Auckland
325 1614 28 16 on
363 1606 38 23 the
414 1606 42 24 7th
469 1606 91 24 March.

92 1640 51 25 The
154 1640 52 31 brig
219 1639 106 32 Calypso,
336 1640 19 23 is
363 1639 128 24 advertised
502 1643 22 20 to
536 1639 43 24 sail
586 1639 60 24 from

56 1674 124 24 Auckland
192 1674 36 23 for
249 1673 57 24 Port
324 1672 135 30 Nicholson,
481 1681 30 15 on
531 1673 38 23 the
586 1672 60 25 23rd

57 1707 91 23 March.

91 1740 51 24 The
153 1738 122 26 Maitland
284 1740 55 24 with
350 1744 85 27 troops,
447 1739 59 24 from
519 1739 55 25 Van
585 1740 59 24 Die-

56 1774 73 24 man's
141 1773 75 30 Land,
226 1781 46 15 was
287 1773 110 32 expected
409 1778 33 24 at,
460 1773 31 31 by
499 1773 37 24 the
543 1773 47 24 last
607 1780 37 16 ac-

57 1811 79 20 counts
149 1808 67 27 from,
228 1806 134 25 Auckland.

91 1879 70 22 TO.
178 1879 87 22 OUR
299 1879 310 22 SUBSCRIBERS.

1945 1313 52 24 The
2010 1313 97 25 Theresa
2119 1315 84 30 having
2214 1315 72 23 sailed
2302 1315 58 23 from
2371 1315 120 32 Plymouth

1912 1355 30 15 on
1954 1347 39 23 the
2011 1348 59 24 29th
2083 1348 137 29 November,
2240 1349 87 22 arrived
2339 1353 24 19 at
2382 1349 113 25 Taranaki

1913 1389 29 15 on
1960 1381 39 23 the
2019 1382 57 23 18th
2089 1382 90 24 March
2216 1382 39 23 On
2275 1382 38 23 the
2325 1382 63 24 22nd
2407 1383 87 30 March,

1912 1415 40 22 she
1972 1415 86 23 carried
2070 1423 63 23 away
2154 1416 38 23 the
2205 1415 62 31 buoy
2278 1415 26 24 of
2318 1415 38 24 the
2373 1417 119 31 moorings,

1912 1448 44 22 and
1968 1448 35 24 for
2015 1456 12 15 a
2039 1449 54 23 time
2102 1457 47 15 was
2161 1449 23 23 in
2193 1449 119 24 imminent
2323 1449 91 31 danger,
2423 1450 71 31 riding

1912 1486 23 18 at
1954 1482 40 22 her
2007 1483 83 22 anchor
2107 1483 80 23 within
2198 1490 43 16 one
2259 1482 45 23 and
2316 1491 12 14 a
2346 1483 48 23 half
2404 1484 51 23 mile
2472 1484 23 23 of

1913 1514 37 24 the
1967 1514 67 24 shore
2043 1524 6 19 ;
2079 1516 42 23 but
2137 1516 40 23 she
2196 1523 45 16 was
2259 1516 163 31 subsequently
2441 1524 52 17 con-

1912 1548 91 23 sidered
2014 1553 22 18 to
2050 1550 27 21 be
2089 1550 56 21 safe.

1947 1582 51 23 The
2020 1582 104 24 Victoria
2147 1582 72 24 which
2241 1582 87 24 arrived
2349 1591 28 15 on
2403 1583 91 32 Sunday

1912 1616 134 23 announced
2068 1616 38 24 the
2132 1616 81 24 arrival
2236 1617 26 22 of
2288 1616 37 23 the
2349 1616 97 24 Theresa
2473 1623 21 17 at

1912 1650 125 29 Taranaki,
2056 1650 42 24 but
2116 1655 22 19 to
2157 1651 38 22 the
2214 1658 130 23 annoyance
2356 1650 26 23 of
2396 1650 37 28 all,
2452 1650 40 25 had

1912 1688 40 19 not
1972 1684 56 23 been
2044 1684 58 29 able,
2121 1685 24 22 in
2166 1691 153 23 consequence
2331 1684 25 23 of
2370 1683 123 24 boisterous

1912 1717 99 24 weather
2019 1721 22 19 to
2049 1723 39 26 get
2096 1717 39 23 the
2147 1717 61 28 mail,
2219 1717 45 23 and
2275 1717 44 23 had
2327 1717 43 23 had
2383 1724 29 16 no
2419 1725 75 16 means

1913 1750 25 24 of
1953 1751 116 30 obtaining
2083 1759 44 22 any
2139 1750 100 31 English
2250 1758 69 16 news.

1945 1784 26 24 A
1989 1785 114 23 constable
2122 1784 87 24 arrived
2227 1792 30 15 on
2275 1783 102 32 Monday
2393 1785 102 30 morning

1912 1818 54 23 with
1980 1826 25 15 so
2016 1818 69 24 much
2096 1818 25 24 of
2137 1818 38 24 the
2195 1818 55 24 mail
2261 1825 32 16 we
2309 1825 106 25 presume
2427 1826 24 15 as
2469 1818 26 23 he

1913 1852 67 24 could
2009 1860 73 23 carry.
2119 1852 43 23 We
2185 1852 27 23 do
2236 1856 40 18 not
2295 1851 62 24 learn
2379 1851 49 24 that
2453 1860 42 23 any

1912 1893 82 24 papers
2015 1893 58 16 were
2091 1885 117 24 furnished
2227 1885 31 31 by
2279 1885 45 23 this
2344 1886 150 30 opportunity,

1912 1919 45 24 and
1979 1919 36 23 the
2037 1919 53 31 only
2113 1927 61 15 news
2195 1920 34 22 we'
2248 1919 56 23 have
2324 1919 58 23 been
2406 1919 49 23 able
2474 1924 21 18 to

1912 1953 88 28 collect,
2013 1961 45 15 was
2067 1954 49 22 that
2125 1961 42 15 one
2175 1953 24 23 of
2210 1952 36 24 the
2260 1952 137 31 Company's
2407 1953 88 30 Agents

1913 1994 44 16 was
1980 1987 112 30 agitating
2114 1986 96 31 actively
2233 1994 29 15 on
2285 1985 78 24 behalf
2387 1985 26 24 of
2440 1985 55 24 New-

1912 2020 145 29 Edinburgh,
2070 2020 23 23 in
2106 2020 38 23 the
2157 2019 75 24 North
2244 2019 25 23 of
2284 2018 117 25 Scotland.

2095 2083 221 24 WAIRARAPA

1945 2146 45 24 We
2010 2147 71 23 insert
2098 2154 14 15 a
2130 2147 65 23 letter
2208 2154 33 19 on;
2257 2147 36 23 the
2311 2146 95 31 subject,
2418 2148 78 30 signed

1937 2179 23 25 A
2138 2180 43 23 We
2194 2180 56 23 have
2262 2180 55 23 been
2329 2180 111 24 informed
2450 2182 46 22 that

1913 2213 37 24 the
1964 2213 74 32 object
2050 2214 24 23 of
2092 2213 39 23 the
2143 2214 73 22 notice
2234 2213 106 28 inserted,
2353 2215 23 22 in
2395 2222 41 16 our
2453 2215 43 23 last

1912 2255 77 24 paper,
2003 2247 28 31 by
2041 2247 36 24 his
2091 2247 89 29 Honor,
2190 2246 38 24 the
2241 2247 198 31 Superintendent,
2453 2256 42 15 was

1912 2281 77 23 issued
2018 2286 23 18 to
2070 2288 60 16 warn
2154 2282 84 30 parties
2262 2281 89 30 against
2376 2283 120 30 arranging

1912 2314 35 23 for
1959 2319 134 26 permanent
2104 2314 81 29 leases,
2197 2323 25 14 as
2234 2315 56 22 such
2302 2314 71 23 would
2382 2323 67 22 prove
2461 2316 32 22 in-

1913 2348 67 29 valid,
1994 2348 43 23 and
2050 2356 44 15 was
2117 2356 70 15 never
2207 2347 107 24 intended
2331 2352 23 19 to
2367 2348 129 31 discourage

1912 2382 92 23 settlers
2027 2382 59 23 from
2106 2381 136 31 proceeding
2265 2381 54 23 with
2339 2382 65 23 stock
2426 2382 69 28 there,

1912 2415 72 23 under
2003 2423 43 23 any
2058 2419 171 27 arrangements
2248 2415 53 30 they
2314 2415 72 30 might
2403 2415 27 24 be
2448 2415 48 24 able

1914 2453 21 19 to
1947 2448 68 24 make
2027 2448 55 24 with
2102 2448 38 24 the
2153 2449 86 23 natives
2251 2448 35 23 for
2305 2452 126 28 temporary
2444 2457 52 16 con-

1912 2483 116 22 venience.

1965 2539 213 23 EDINBURGH
2204 2539 243 23 SETTLEMENT.

1947 2597 52 23 The
2018 2596 110 24 Deborah
2147 2598 58 23 from
2226 2598 97 28 Nelson,
2344 2596 113 24 anchored
2476 2601 22 19 at

1914 2631 37 23 the
1963 2631 77 23 heads.
2077 2631 49 23 Mr.
2140 2631 101 24 Tuckett
2252 2631 44 23 and
2307 2631 35 23 his
2364 2635 65 27 party
2443 2638 54 16 were

1914 2665 81 23 ashore
2016 2664 128 31 yesterday.
2192 2665 37 30 By
2250 2664 41 24 her
2312 2672 32 16 we
2364 2664 101 24 received
2485 2671 13 16 a

1912 2697 90 24 Nelson
2013 2697 125 24 Examiner
2152 2698 25 24 of
2197 2699 39 22 the
2249 2698 58 24 30th
2326 2698 91 23 March.
2453 2697 45 24 She

1914 2739 44 15 was
1971 2736 23 18 to
2007 2731 42 23 sail
2062 2732 118 30 yesterday
2192 2732 119 23 afternoon
2323 2732 34 23 for
2369 2732 39 22 the
2420 2731 77 23 south-

1914 2765 70 22 ward.

2039 2824 337 23 CORRESPONDENCE.

56 1937 68 25 Some
145 1938 78 24 twelve
240 1937 90 25 months
348 1938 61 23 since
427 1946 34 16 we
482 1938 167 30 contemplated

89 1975 108 32 doubling
216 1975 38 24 the
270 1976 48 23 size
336 1976 30 30 of
381 1984 42 16 our
435 1984 85 24 paper.
562 1975 82 25 Subse-

89 2015 91 32 quently
188 2015 38 23 the
233 2014 99 32 receipts
339 2015 134 24 diminished
482 2023 26 16 so
516 2015 130 31 materially

89 2053 52 24 that
157 2060 34 17 we
210 2053 132 24 announced
355 2053 38 24 the
405 2053 143 32 probability
560 2055 31 30 of
604 2062 43 16 our

92 2091 66 31 being
169 2091 123 30 compelled
303 2095 22 19 to
337 2091 140 23 discontinue
489 2092 38 23 the
539 2093 105 23 Gazette.

91 2128 46 24 The
148 2128 138 32 defalcation
298 2129 43 24 has
350 2129 62 23 since
428 2128 125 31 increased,
564 2133 40 27 yet
611 2138 36 16 tee

89 2175 40 16 are
146 2170 59 20 most
225 2166 114 25 reluctant
357 2171 23 20 to
391 2168 100 31 suspend
507 2168 38 23 the
549 2168 99 30 journal

84 2205 57 31 first
150 2204 122 32 published
280 2204 25 24 in
319 2205 59 24 New
393 2206 112 30 Zealand,
517 2207 45 23 and
571 2206 75 25 which

89 2243 42 24 has
158 2243 54 24 been
239 2244 122 30 sustained,
386 2245 99 31 through
510 2245 135 31 fluctuating

90 2282 65 23 times
175 2282 47 23 and
240 2281 182 31 circumstances,
435 2283 49 31 for
501 2291 53 24 very
567 2283 79 31 nearly

82 2321 62 31 four
152 2328 78 23 years.
265 2319 30 25 In
315 2321 121 31 reviewing
454 2321 40 24 the
503 2322 92 30 future,
614 2330 33 15 we

89 2367 37 16 see
136 2366 29 16 no
173 2359 102 32 promise
285 2359 31 31 of
329 2359 163 32 improvement
501 2360 24 24 in
537 2360 37 24 the
586 2368 59 24 pro-

89 2401 75 28 spects
176 2397 30 30 of
213 2397 38 24 the
263 2397 85 32 Colony
359 2398 80 24 within
447 2406 61 17 some
517 2402 42 20 tioo
569 2406 75 24 years,

90 2436 46 24 and
152 2444 34 16 we
203 2439 81 21 cannot
301 2436 78 31 afford
397 2441 24 19 to
441 2437 67 24 incur
527 2445 14 16 a
553 2438 47 23 loss
620 2438 30 30 of

89 2482 61 16 some
174 2474 111 24 hundreds
310 2483 46 24 per
381 2483 82 16 annum
486 2476 82 30 during
596 2476 51 24 that

87 2512 90 29 period.
216 2511 43 24 We
269 2511 56 25 have
341 2514 56 23 detet
403 2513 76 24 mined
489 2517 23 21 to
524 2514 123 24 economise

89 2554 25 21 to
140 2551 39 24 the
200 2554 84 21 utmost
306 2554 83 27 extent,
412 2553 48 23 and
479 2552 103 25 continue
605 2561 42 16 our

84 2589 104 31 journal.
226 2589 46 26 The
282 2589 123 25 alteration
416 2599 34 16 we
460 2594 66 26 must,
537 2591 108 30 however,

89 2627 71 31 make,
174 2631 24 21 to
208 2631 58 21 meet
276 2628 39 24 the
324 2632 61 21 state
401 2629 31 31 of
438 2629 41 24 the
494 2629 72 30 times,
584 2630 22 23 is
623 2632 23 22 to

90 2666 60 24 issue
167 2666 39 25 the
223 2674 75 25 paper
317 2667 90 32 weekly,
427 2667 91 25 instead
534 2669 32 31 of
578 2669 68 23 semi-

89 2704 92 32 weekly.
216 2705 72 32 After
297 2705 39 24 the
343 2706 52 28 -first
401 2706 31 32 of
433 2706 81 33 April,
522 2707 123 31 therefore,

90 2743 38 24 the
139 2743 66 25 New
218 2744 128 25 Zealand
357 2745 127 25 Gazette
496 2754 54 16 and
568 2746 78 24 Wel-

91 2790 113 17 lington
217 2783 152 25 Spectator
380 2784 49 24 will
439 2784 27 24 be
475 2784 75 25 issued
555 2784 91 32 weekly,

91 2821 46 24 and
154 2829 29 16 on
208 2821 149 32 Wednesday.
407 2822 47 24 The
472 2824 67 31 price
561 2824 31 31 of
609 2824 40 23 the

92 2866 72 24 paver
186 2859 50 24 will
253 2860 27 24 be
299 2867 28 17 as
349 2868 55 23 now,
425 2864 38 21 ten
480 2861 107 32 shillings
602 2869 47 24 per

92 2900 101 28 quarter,
205 2898 47 23 and
261 2897 75 32 single
345 2899 104 24 numbers
463 2899 49 24 will
529 2900 26 23 be
572 2900 78 23 raised

92 2940 25 21 to
127 2945 41 16 one
179 2937 94 33 shilling
284 2939 65 24 each.
383 2939 196 25 Advertisements
600 2939 49 24 will

92 2975 28 24 be
129 2975 101 32 charged
240 2979 25 21 at
271 2980 94 27 present
385 2980 69 27 rates,
467 2978 46 23 and
522 2978 50 23 trill
581 2985 68 16 never

92 3013 28 25 be
130 3013 102 24 inserted
239 3013 85 32 gratis.
360 3014 122 33 Stringent
491 3023 104 24 economy
604 3016 46 24 and

91 3056 67 28 great
168 3052 105 32 industry
284 3056 61 21 must
353 3053 26 23 be
390 3053 37 24 the
435 3053 71 25 order
514 3054 31 30 of
548 3053 38 24 the
595 3055 52 31 day.

91 3090 47 24 Let
148 3090 36 24 all
193 3090 27 24 be
230 3092 108 23 actuated
352 3091 27 32 by
392 3092 46 23 this
449 3092 135 28 conviction,
605 3094 45 22 and

92 3134 39 20 not
143 3130 54 31 only
208 3130 73 31 relief
288 3130 41 24 but
334 3139 114 24 progress
459 3131 29 24 *a
488 3131 20 24 7/
519 3132 25 23 be
555 3133 95 23 secured

92 3174 24 20 to
127 3170 38 24 th
184 3170 92 30 Colony,
288 3169 26 24 in
331 3170 99 32 defiance
440 3170 32 31 of
487 3171 34 23 all
538 3170 38 24 the
591 3172 58 24 evils

91 3209 55 24 with
156 3208 75 26 which
242 3217 32 16 me
289 3208 59 25 have
365 3209 46 25 had
426 3210 48 23 and
491 3210 57 24 have
558 3214 23 20 to
593 3218 54 16 con-

92 3248 60 23 tend.

125 3309 131 24 NOTICE
270 3309 45 24 TO
332 3308 248 25 SUBSCRIBERS.

59 3363 183 33 Henceforward
251 3364 35 24 all
295 3364 114 32 Agencies
426 3367 24 21 to
462 3363 48 25 this
517 3372 75 24 paper
602 3365 51 24 will

93 3397 27 24 be
129 3398 160 30 discontinued,
302 3397 57 25 with
370 3397 39 25 the
425 3398 117 31 exception
553 3398 31 31 of
597 3398 52 26 Mr.

92 3430 91 25 Elliott
204 3431 38 24 at'
251 3431 96 30 Nelson,
370 3431 46 24 and
433 3430 54 26 Mr.
508 3431 98 30 Bowler,
626 3436 25 20 at

93 3463 57 24 New
160 3464 106 24 Zealand
280 3464 88 31 House,
381 3464 82 25 Broad
481 3463 86 32 Street,
586 3465 63 24 Lon-

93 3497 51 23 don.
174 3497 94 24 Parties
278 3498 103 33 residing
391 3498 24 24 in
426 3498 67 25 other
499 3499 80 31 places
591 3502 60 21 must

94 3530 160 25 communicate
278 3532 74 24 direct
371 3531 55 25 with
453 3540 43 16 our
515 3532 70 31 office,
606 3533 47 23 and

93 3566 60 21 must
158 3570 50 25 pay
212 3563 47 30 for
278 3565 186 25 advertisements
474 3569 26 21 at
510 3565 38 25 the
560 3565 55 25 time
625 3565 30 32 of

92 3596 62 25 their
165 3596 118 31 insertion,
294 3598 49 24 and
343 3598 47 31 for
399 3598 40 24 the
447 3607 74 24 paper
532 3600 119 32 quarterly

93 3629 25 25 in
129 3630 108 24 advance.

63 3662 146 33 Wellington,
224 3662 95 26 Gazette
331 3664 76 31 Office,
419 3664 91 26 March
520 3667 42 28 27,
576 3667 75 23 1844.

100 3733 96 22 Latest
209 3732 85 22 Dates
310 3732 32 22 of
357 3734 103 25 Papers
470 3737 138 21 .received.

61 3781 96 26 London
176 3798 6 6 .
476 3785 137 24 November'
623 3789 30 21 29

60 3817 85 23 Nelson
477 3819 79 24 March
623 3822 29 23 30

60 3844 122 23 Auckland
478 3845 114 31 February
623 3850 30 21 24

59 3872 50 26 Bay
119 3871 23 23 of
152 3871 90 23 Islands
476 3872 80 24 March
637 3878 14 20 5

60 3899 91 26 Sydney
477 3899 80 23 March
637 3904 15 21 2

64 3931 47 16 van
122 3925 118 23 Dieman's
250 3925 67 23 Land
343 3940 101 8 ........
478 3926 100 29 January
624 3930 29 22 29

59 3951 148 31 PortPhillip
477 3952 55 29 July
623 3956 30 23 27

59 3979 113 24 Adelaide
199 3993 105 11 .....,
473 3981 129 28 September
625 3983 28 24 22

1916 2882 29 20 To
1953 2881 37 21 the
2003 2881 78 21 Editor
2090 2881 27 24 cf
2127 2882 36 19 the
2192 2882 52 20 New
2255 2881 92 21 Zealand
2358 2881 87 21 Gazette
2458 2881 40 21 and

2074 2909 125 25 Wellington
2209 2909 135 25 Spectator.'*

1949 2943 55 29 Sir,
2041 2943 24 24 It
2083 2944 19 23 is
2121 2951 51 16 now
2189 2942 79 32 nearly
2291 2943 61 24 three
2370 2951 66 24 years
2458 2951 41 23 ago

1914 2977 64 24 since
1989 2977 14 24 I
2015 2977 88 24 arrived
2114 2978 24 22 in
2151 2977 38 23 the
2209 2977 89 31 Colony
2310 2977 59 24 from
2385 2977 115 31 England.

1914 3011 35 24 At
1961 3011 38 23 the
2011 3012 54 22 time
2077 3010 13 24 I
2109 3010 42 24 left
2170 3010 105 29 London,
2287 3011 18 23 it
2325 3018 45 16 was
2389 3010 112 32 supposed

1915 3045 30 31 by
1956 3044 31 23 all
2008 3045 85 32 parties
2114 3045 57 28 that,
2183 3052 30 16 on
2234 3052 41 16 our
2295 3045 82 23 arrival
2396 3045 61 28 here,
2469 3052 32 15 we

1915 3078 45 23 had
1971 3087 30 15 no
2013 3086 63 16 more
2088 3082 22 20 to
2130 3078 28 23 do
2174 3078 41 24 but
2234 3083 21 19 to
2276 3078 64 24 settle
2357 3078 67 24 down
2442 3085 59 24 upon

1916 3120 41 15 our
1969 3112 54 24 land
2034 3112 46 25 and
2099 3120 130 18 commence
2241 3112 101 30 clearing
2357 3111 35 24 for
2403 3111 98 31 agricul-

1915 3150 51 19 ture
1978 3154 26 15 or
2022 3147 97 30 grazing
2130 3154 6 21 ;
2156 3146 50 24 how
2227 3145 128 32 grievously
2371 3153 68 22 every
2450 3152 50 22 one,

1916 3187 24 16 or
1959 3180 78 30 nearly
2049 3180 39 24 the
2107 3184 61 19 most
2187 3179 24 24 of
2229 3187 36 21 us,
2277 3179 56 22 have
2351 3179 57 22 been
2424 3177 77 31 disap-.

1914 3214 101 30 pointed,
2027 3214 20 23 is
2058 3213 51 23 well
2121 3213 82 23 known
2220 3213 25 21 in
2259 3212 47 22 this
2319 3211 96 30 Colony,
2427 3214 23 20 to
2462 3211 39 23 the

1915 3247 47 23 loss
1975 3247 25 23 of
2010 3246 37 25 the
2058 3246 73 24 whole
2143 3245 147 29 community.

1950 3280 96 31 HaviHg
2063 3279 113 23 therefore
2193 3278 57 23 been
2271 3277 165 32 disappointed,
2455 3277 46 25 like

1915 3318 61 19 most
1987 3314 25 23 of
2029 3321 39 22 my
2079 3312 75 23 fellow
2165 3311 107 24 colonists
2290 3310 135 32 (excepting
2435 3319 15 16 a
2459 3312 42 23 few

1916 3348 48 22 that
1975 3346 56 24 have
2043 3344 103 24 received
2157 3344 58 24 their
2223 3345 100 23 sections
2331 3352 32 16 on
2371 3344 39 24 the
2420 3344 80 33 Hutt),

1916 3381 12 22 I
1940 3387 46 16 was
2005 3377 123 33 compelled
2138 3382 24 19 to
2172 3377 88 24 remain
2270 3378 54 29 idle,
2337 3386 25 15 or
2373 3386 128 17 commence

1915 3412 136 30 something,
2065 3412 122 31 expecting
2204 3412 50 23 that
2272 3412 32 23 all
2317 3412 85 31 parties
2422 3413 24 23 in
2457 3413 44 23 this

1916 3445 89 31 Colony
2015 3444 74 25 would
2109 3445 28 23 be
2155 3450 41 27 put
2206 3445 26 24 in
2249 3446 131 31 possession
2397 3447 104 23 immedi-

1914 3478 61 31 ately
1996 3478 25 24 of
2041 3478 60 24 their
2124 3480 107 23 sections.
2267 3479 15 25 I
2302 3480 82 24 waited
2406 3487 29 16 on
2457 3480 44 24 this

1914 3511 80 33 length
2006 3512 26 24 of
2037 3513 63 29 time,
2112 3512 99 32 literally
2223 3513 71 31 doing
2304 3513 97 31 nothing
2408 3521 7 21 ;
2433 3513 68 24 much

1914 3546 82 28 better,
2009 3545 13 25 I
2034 3554 115 24 presume,
2163 3546 12 24 I
2188 3547 74 24 would
2281 3547 57 23 have
2358 3547 59 25 been
2433 3547 44 24 had
2488 3546 13 24 I

1915 3580 114 23 remained
2044 3585 25 18 at
2079 3581 77 22 home.

1949 3614 66 29 Now,
2028 3614 51 24 who
2090 3615 20 23 is
2123 3614 67 31 fairly
2201 3614 95 24 entitled
2308 3619 22 19 to
2346 3614 39 24 the
2396 3614 74 24 blame
2481 3613 24 24 of

1916 3647 45 24 this
1974 3647 93 32 apathy,
2079 3649 24 22 in
2122 3648 87 31 trifling
2227 3648 56 24 with
2303 3648 38 25 the
2363 3648 107 24 colonists
2480 3648 24 23 in

1916 3682 148 31 distributing
2076 3682 59 24 their
2154 3682 64 24 lands
2239 3690 26 16 or
2282 3683 98 23 sections
2399 3687 23 19 to
2433 3682 68 23 them.

1916 3715 48 24 His
1976 3715 45 24 late
2042 3715 142 32 Excellency
2201 3715 121 24 Governor
2342 3715 99 24 Hobson
2460 3715 43 24 had

1916 3749 36 23 his
1972 3748 44 24 full
2036 3749 66 24 share
2123 3749 24 24 in
2166 3749 18 24 it
2204 3754 25 19 at
2243 3749 59 31 first,
2321 3749 42 24 but
2377 3749 91 30 latterly
2483 3749 19 23 is

1916 3782 64 24 there
2001 3787 40 19 not
2060 3782 96 25 another
2174 3788 66 26 party
2258 3787 40 20 not
2316 3783 52 31 only
2381 3782 89 33 equally
2480 3789 25 16 as

1916 3815 71 25 much
2000 3821 21 18 to
2032 3816 84 28 blame,
2128 3817 42 23 but
2180 3816 69 24 much
2260 3824 63 16 more
2334 3817 37 24 so?

1951 3849 52 24 The
2013 3849 55 24 land
2079 3857 47 17 was
2136 3850 88 32 bought
2236 3849 26 25 of
2277 3849 39 25 the
2328 3850 59 24 New
2406 3847 97 27 Zealand

1918 3883 127 32 Company,
2058 3883 45 24 and
2115 3888 23 19 to
2159 3883 61 25 them
2242 3890 27 18 or
2288 3883 57 24 their
2364 3883 90 32 Agents
2472 3890 33 15 we

1916 3916 85 25 looked
2023 3916 45 25 and
2087 3916 55 25 look
2164 3917 47 24 still
2230 3916 37 25 for
2290 3925 40 16 our
2350 3917 99 24 sections
2460 3925 7 20 ;
2490 3915 14 24 I

1916 3949 113 25 therefore
2046 3950 68 24 think
2133 3950 39 24 the
2183 3949 117 34 Principal
2317 3950 79 32 Agent
2406 3949 20 25 is
2437 3949 68 25 much

1916 3991 64 16 more
2001 3988 22 19 to
2041 3983 76 26 blame
2136 3984 56 25 than
2210 3992 44 22 any
2272 3984 65 24 other
2352 3988 77 26 party.
2465 3983 39 24 He

674 1427 46 25 TO
739 1428 73 25 THE
831 1429 292 25 STOCK-HOLDERS
1141 1430 39 25 IN
1191 1431 73 25 THE

740 1462 81 24 NEW
838 1462 164 25 ZEALAND
1021 1463 175 25 COMPANY.

708 1500 44 24 We
764 1501 57 23 have
833 1501 100 30 recently
943 1502 117 23 intimated
1070 1502 37 24 the
1119 1503 111 23 intention
1242 1504 25 24 of

674 1533 110 31 carefully
796 1535 121 30 reviewing
928 1535 31 23 all
970 1535 37 24 the
1028 1540 47 19 acts
1094 1536 26 23 of
1134 1536 39 23 the
1194 1537 71 24 Com-

673 1575 62 24 pany
746 1568 46 22 and
804 1568 58 23 their
874 1568 96 31 Agents,
985 1569 61 23 since
1067 1569 37 24 the
1122 1570 143 24 settlements

674 1601 26 23 of
716 1601 86 23 Cook's
815 1601 83 24 Straits
912 1610 55 15 were
980 1603 50 23 first
1046 1603 95 24 formed.
1178 1604 87 24 Justice

674 1639 23 19 to
716 1642 69 23 many
802 1636 44 22 and
868 1636 37 23 the
922 1636 94 24 interest
1035 1637 25 23 of
1074 1637 130 31 yourselves
1221 1638 46 23 and

674 1667 39 24 the
733 1668 92 24 settlers
844 1669 54 24 here
917 1669 71 24 under
1008 1669 38 24 the
1066 1670 103 32 auspices
1187 1671 26 23 of
1227 1671 38 24 the

675 1701 120 32 Company
818 1702 95 24 demand
936 1703 45 23 this
1004 1707 23 19 at
1049 1711 41 16 our
1110 1704 81 29 hands,
1214 1712 52 16 now

674 1735 57 28 that,
751 1743 27 15 as
802 1742 33 17 we
861 1735 73 29 think,
960 1736 38 23 the
1019 1745 82 23 proper
1122 1738 79 31 period
1223 1738 42 23 has

674 1768 89 23 arrived
775 1768 35 24 for
821 1769 108 31 adopting
941 1778 14 14 a
964 1777 80 17 course
1056 1770 38 24 the
1105 1771 115 31 necessity
1241 1773 26 23 of

677 1801 75 24 which
764 1801 43 24 has
818 1803 51 22 first
880 1803 56 23 been
947 1803 135 24 established
1089 1804 30 32 by
1126 1804 139 25 endeavour-

673 1836 49 29 ing,
734 1835 96 24 without
841 1844 99 21 success,
953 1841 21 19 to
988 1844 67 17 cause
1067 1846 57 23 your
1143 1838 122 25 Directors

674 1873 23 18 to
709 1868 69 24 make
789 1877 14 15 a
814 1870 120 31 searching
946 1871 94 31 enquiry
1051 1872 47 23 into
1109 1871 38 24 the
1156 1879 108 25 manage-

674 1907 63 18 ment
749 1902 27 23 of
790 1902 38 24 the
842 1903 129 30 Companys
983 1904 84 24 affairs.

710 1935 28 24 In
748 1936 38 23 the
800 1944 79 16 course
889 1945 31 15 we
929 1937 56 24 have
994 1938 132 24 considered
1131 1939 18 24 it
1159 1947 40 16 our
1210 1940 55 31 duty

674 1973 23 19 to
705 1977 94 24 pursue,
809 1977 33 16 we
854 1970 56 24 have
922 1975 39 19 not
972 1971 103 24 received
1086 1972 38 24 the
1138 1978 94 26 support
1244 1975 24 22 of

675 2002 97 24 Colonel
793 2003 128 25 Wakefield
941 2004 61 24 here.
1051 2005 36 24 On
1101 2006 40 24 the
1152 2011 112 27 contrary,

673 2036 30 24 he
720 2036 20 23 is
759 2044 26 16 so
807 2037 92 24 adverse
920 2042 22 19 to
964 2046 12 15 a
987 2039 144 31 proceeding,
1145 2040 75 24 which
1232 2049 33 16 we

673 2069 89 24 believe
775 2070 45 23 will
829 2076 24 18 at
871 2071 56 23 least
943 2079 69 23 prove
1029 2072 118 24 beneficial
1164 2078 21 18 to
1207 2082 58 22 your

674 2103 45 21 and
731 2103 38 21 the
782 2104 95 22 interest
888 2104 25 22 of
928 2104 36 23 the
978 2104 96 29 settlers,
1087 2105 57 29 that,
1157 2114 25 15 so
1194 2107 34 23 far
1241 2114 24 16 as

674 2143 52 22 may
739 2136 27 22 be
780 2137 23 22 in
815 2136 36 23 his
863 2144 81 24 power,
956 2137 27 24 he
996 2138 44 23 will
1054 2144 94 25 prevent
1159 2147 41 16 our
1223 2146 42 17 ex-

673 2170 138 22 aminations
821 2170 45 22 and
875 2171 129 30 expression
1014 2171 25 23 of
1047 2173 138 23 convictions
1195 2178 70 18 meet-

674 2203 41 29 ing
726 2210 58 22 your
796 2211 62 23 eyes.
907 2203 38 24 He
957 2204 73 23 would
1042 2205 65 23 crush
1121 2206 38 23 the
1172 2206 95 23 Gazette

673 2235 21 23 if
709 2235 28 23 he
749 2236 45 23 had
813 2236 39 24 the
870 2245 75 23 power
955 2246 6 19 ;
985 2238 37 23 the
1039 2239 73 23 desire
1133 2240 20 22 is
1172 2241 94 23 evinced

674 2269 30 31 by
716 2277 28 15 an
759 2269 65 24 order
846 2276 22 17 to
887 2271 140 24 discontinue
1047 2272 97 32 sending
1162 2273 47 24 him
1227 2274 38 23 the

673 2310 70 23 paper
756 2303 45 23 and
810 2309 23 18 to
846 2304 127 24 dicontinue
985 2305 95 31 sending
1090 2314 83 23 papers
1185 2312 22 18 to
1227 2307 38 23 the

675 2337 120 31 Company
818 2337 45 24 and
882 2338 82 29 others,
989 2339 34 22 for
1047 2339 37 24 the
1113 2345 107 26 payment
1243 2341 25 23 of

674 2370 73 23 which
759 2378 33 16 we
804 2371 58 23 have
873 2371 56 24 been
942 2373 143 23 accustomed
1096 2378 23 18 to
1131 2373 53 24 look
1194 2378 22 19 to
1228 2375 37 23 the

675 2403 139 32 Company's
826 2405 86 31 Agent.
955 2405 66 29 Now,
1033 2414 25 15 as
1067 2406 62 24 there
1141 2408 20 22 is
1171 2408 41 23 but
1223 2416 42 16 one

672 2445 71 24 paper
764 2438 122 31 published
905 2438 54 24 here
970 2439 38 23 the
1021 2439 118 32 Company
1155 2446 61 18 must
1227 2450 38 15 see

673 2472 26 28 it,
710 2479 25 15 or
746 2471 30 23 be
786 2471 57 32 kept
853 2473 24 22 in
887 2472 122 32 ignorance
1022 2473 24 23 of
1061 2474 30 23 all
1110 2479 95 19 matters
1225 2480 40 19 not

673 2505 90 30 usually
783 2506 179 24 communicated
984 2507 29 30 by
1037 2507 37 23 the
1092 2515 44 24 pen
1157 2508 26 23 of
1206 2508 60 24 their

673 2538 87 31 Agent.
809 2539 43 23 We
872 2547 102 23 presume
991 2540 38 23 the
1042 2540 117 33 Company
1172 2542 46 23 will
1227 2547 40 19 not

675 2572 26 23 be
724 2572 93 31 pleased
837 2573 54 23 with
912 2573 69 31 being
1007 2574 95 24 without
1125 2583 41 16 our
1186 2584 78 23 paper,

675 2605 87 32 though
774 2606 54 31 they
840 2614 52 24 may
902 2607 29 24 be
947 2608 137 30 sufficiently
1099 2608 84 24 foolish
1203 2614 22 18 to
1239 2610 26 23 be

674 2639 130 30 displeased
823 2639 55 24 with
901 2648 40 16 our
962 2641 99 29 articles,
1082 2641 44 24 and
1144 2650 34 16 we
1198 2643 67 24 think

673 2672 61 24 their
753 2672 81 32 Agent
854 2674 88 29 should,
962 2682 28 15 on
1012 2674 44 24 this
1075 2676 112 29 occasion,
1207 2676 59 24 have

674 2706 83 23 waited
767 2707 59 23 their
839 2707 146 24 instructions
997 2709 88 23 instead
1105 2709 26 23 of
1147 2711 120 30 assuming

674 2739 39 24 the
725 2740 171 32 responsibility
907 2740 26 24 of
943 2741 165 32 endeavouring
1120 2746 23 20 to
1155 2744 111 23 maintain

674 2773 51 23 that
733 2773 123 31 ignorance
868 2774 25 24 of
907 2774 74 24 which
994 2775 37 23 the
1044 2775 118 32 Company
1178 2777 89 24 exhibit

675 2814 26 17 so
717 2814 70 24 many
804 2807 137 24 lamentable
962 2808 71 31 signs.
1076 2809 35 23 As
1131 2810 38 23 the
1186 2810 81 31 Ageat

674 2840 43 24 has
740 2840 109 24 assumed
870 2841 169 32 responsibility
1058 2850 29 16 on
1105 2850 29 16 an
1152 2843 114 33 improper

675 2874 115 29 occasion,
802 2874 132 32 apparently
947 2880 21 18 to
980 2875 84 32 gratify
1073 2884 14 15 a
1103 2876 88 24 morbid
1209 2878 56 24 feel-

675 2908 49 30 ing;
736 2914 33 16 we
780 2911 36 20 too
828 2907 47 24 will
886 2916 89 16 assume
988 2909 168 32 responsibility
1168 2911 73 24 under
1253 2920 14 15 a

676 2946 81 26 strong
783 2949 75 21 sense,
880 2942 44 23 and
951 2941 112 25 therefore
1084 2944 46 23 will
1158 2946 109 23 continue

676 2979 23 19 to
712 2973 56 25 send
780 2974 38 24 the
830 2982 70 25 paper
912 2979 22 19 to
947 2975 37 24 the
997 2975 118 33 Compauy
1126 2977 45 24 and
1189 2978 78 25 others

677 3015 26 16 as
714 3007 138 24 heretofore.

710 3041 45 24 We
766 3041 45 24 had
822 3043 108 31 prepared
943 3051 28 16 an
988 3044 86 29 article,
1087 3044 129 32 exhibiting
1228 3046 38 24 the

677 3075 80 24 merits
769 3076 26 23 of
813 3076 38 23 the
870 3076 66 24 Land
948 3076 120 30 Question,
1082 3078 74 24 which
1167 3087 33 15 we
1211 3087 55 24 pro-

676 3109 69 31 posed
759 3109 113 31 inserting
888 3111 24 23 in
929 3111 100 31 to-day's
1042 3119 77 24 paper.
1156 3111 43 25 We
1211 3114 55 23 inti-

677 3142 76 24 mated
771 3151 42 15 our
829 3144 113 23 intention
953 3144 25 24 of
994 3152 26 16 so
1040 3146 70 31 doing
1126 3146 24 23 in
1162 3153 42 17 our
1221 3147 45 24 last

676 3184 79 24 paper,
767 3177 46 23 and
824 3177 39 24 the
875 3178 127 23 intimation
1014 3178 37 24 led
1062 3184 22 18 to
1096 3187 28 16 an
1134 3180 83 23 official
1229 3189 37 16 re-

677 3215 68 26 quest
757 3210 50 23 that
816 3218 35 16 we
863 3211 80 24 should
955 3212 88 24 abstain
1054 3212 58 24 from
1125 3213 81 32 taking
1218 3214 48 24 this

677 3248 59 26 step,
748 3251 27 15 as
786 3245 20 22 it
820 3243 75 32 might
905 3245 28 23 be
950 3245 141 25 detrimental
1103 3251 23 18 to
1138 3247 38 23 the
1188 3248 78 23 settle-

676 3281 64 19 ment
752 3276 26 24 of
786 3277 39 24 the
837 3278 61 23 titles
910 3283 22 19 to
944 3278 62 24 land.
1035 3278 44 24 We
1091 3280 89 30 yielded
1192 3285 22 19 to
1228 3281 38 25 the

677 3314 92 27 request
779 3310 143 33 reluctantly,
930 3320 26 15 as
964 3320 33 15 we
1003 3320 37 16 are
1050 3314 96 23 anxious
1154 3317 23 20 to
1184 3314 83 25 relieve

677 3343 118 24 ourselves
806 3344 59 24 from
874 3344 37 28 tl\e
923 3345 82 32 charge
1014 3346 25 23 of
1049 3346 84 32 having
1143 3348 123 31 published

679 3377 37 23 the
728 3378 91 23 various
840 3382 132 21 statements
984 3379 74 24 which
1075 3380 57 25 have
1150 3383 112 29 appeared

677 3410 25 24 in
714 3418 42 16 our
765 3410 101 32 journal,
874 3412 22 24 &
901 3412 108 32 knowing
1014 3418 23 18 at
1044 3414 37 23 the
1087 3421 61 17 same
1157 3415 56 23 time
1218 3415 49 25 that

677 3444 91 24 instead
786 3445 27 23 of
832 3453 94 16 censure
945 3446 38 23 the
1002 3447 66 24 Land
1088 3447 179 27 Commissioner

677 3485 47 16 wes
734 3477 96 25 entitled
849 3483 22 19 to
884 3487 40 15 our
936 3480 43 23 and
993 3480 37 24 the
1047 3480 98 33 public's
1155 3483 111 30 approba-

679 3511 56 23 tion.
772 3511 30 23 In
814 3511 39 24 the
864 3514 129 29 meantime,
1005 3521 34 17 we
1050 3515 73 24 would
1136 3521 94 25 suggest
1242 3522 24 19 to

679 3545 39 22 the
740 3544 93 24 holders
851 3546 26 22 of
896 3546 66 24 stock
983 3548 25 23 in
1030 3548 38 24 the
1089 3548 58 24 New
1166 3549 101 26 Zealand

680 3578 128 32 Company,
830 3578 38 24 the
886 3581 114 31 propriety
1012 3581 25 25 of
1054 3582 84 32 calling
1156 3590 61 25 upon
1229 3584 38 24 the

680 3611 106 25 Colonial
795 3611 83 30 Office,
887 3617 23 19 to
919 3614 93 30 publish
1023 3615 39 24 the
1073 3616 194 31 correspondence

679 3645 76 24 which
772 3643 46 25 has'
826 3646 82 30 passed
928 3647 101 24 between
1049 3648 59 24 their
1115 3648 82 33 Agent
1213 3650 55 26 here

679 3679 46 23 and
745 3678 40 24 the
804 3678 132 31 Auckland,
950 3680 164 31 Government,
1132 3684 63 23 since
1213 3684 55 32 July

680 3713 73 29 1841,
766 3720 31 15 on
808 3711 39 24 the
858 3713 89 31 subject
959 3713 30 29 of,
999 3714 37 24 the
1048 3708 130 31 settlement
1190 3717 26 24 of
1230 3718 38 25 the

679 3746 68 24 Land
765 3742 124 29 Question.
925 3744 64 26 With
1009 3748 50 24 that
1076 3750 192 31 correspondence

679 3780 45 23 and
736 3780 57 23 such
806 3784 134 20 statements
957 3788 24 16 as
993 3788 34 16 we
1038 3789 42 16 can
1092 3782 98 31 furnish,
1202 3785 66 24 when

679 3813 40 23 the
729 3813 78 31 fitting
816 3817 100 20 moment
924 3814 85 29 arises,,
1016 3814 75 25 before
1102 3823 53 23 you,
1168 3817 45 24 and
1223 3826 45 23 you

679 3847 47 24 will
746 3847 32 24 be
799 3848 26 22 in
847 3855 14 15 a
891 3847 115 24 condition
1016 3865 10 8 ,
1033 3853 25 23 to.
1070 3863 5 3 -
1093 3849 126 26 determine
1228 3857 40 19 to

679 3881 74 23 whom
764 3881 70 23 merit
844 3880 21 24 is
877 3880 43 24 due
927 3889 7 21 ;
954 3882 46 24 and
1009 3889 33 17 we
1054 3887 93 27 suspect
1166 3891 45 24 you
1223 3886 47 24 will

679 3919 41 19 not
731 3914 28 24 be
769 3922 14 15 a
794 3913 60 25 little
874 3914 114 34 surprised
1000 3919 23 20 at
1043 3915 39 24 the
1095 3917 109 31 .opinions
1223 3926 46 23 you

679 3954 52 18 now
750 3947 56 25 hold
824 3955 30 17 on
873 3944 39 28 the
929 3948 97 33 subject.
1062 3949 90 26 Should
1169 3958 54 24 you,
1235 3960 34 17 we

680 3986 97 25 uggest
786 3981 52 24 that
848 3989 45 22 you
905 3982 82 26 should
1006 3983 113 26 ascertain
1129 3983 40 26 th
1189 3993 81 18 source

1328 1221 51 24 The
1400 1220 113 25 Southern
1535 1220 69 25 Cross
1623 1222 25 22 of
1665 1222 38 24 the
1724 1222 56 24 16th
1799 1222 83 24 March

1291 1255 42 24 has
1343 1255 59 24 been
1413 1255 38 24 led
1463 1260 22 18 to
1496 1255 93 30 indulge
1601 1256 29 23 its
1641 1256 91 23 readers
1751 1256 54 23 with
1818 1256 63 24 three

1293 1288 103 24 columns
1415 1296 30 16 on
1467 1289 43 23 this
1531 1289 96 31 subject,
1639 1290 25 22 in
1684 1297 156 24 consequence
1860 1290 24 23 of

1292 1322 89 31 finding
1401 1322 50 24 that
1471 1322 36 23 the
1528 1322 95 23 Gazette
1633 1322 103 24 declared
1750 1324 48 22 that
1845 1323 36 24 the

1293 1360 94 27 present
1399 1356 57 23 form
1469 1356 24 23 of
1511 1356 157 23 Government
1685 1357 21 22 is
1726 1364 122 23 necessary
1860 1358 21 22 in

1294 1390 37 23 the
1342 1394 94 26 present
1449 1394 56 19 state
1517 1390 25 23 of
1558 1390 37 23 the
1615 1389 88 31 Colony
1712 1399 7 20 ;
1738 1390 44 23 and
1798 1390 50 23 that
1866 1392 17 22 it

1294 1423 46 23 will
1353 1423 27 23 be
1396 1423 55 23 time
1463 1427 22 19 to
1503 1423 49 23 talk
1573 1423 26 23 of
1615 1424 181 30 representation
1818 1424 63 24 when

1294 1456 38 23 the
1353 1456 88 31 Colony
1461 1456 20 23 is
1501 1464 25 15 so
1548 1456 35 23 far
1603 1456 114 24 advanced
1737 1457 50 24 that
1804 1458 19 23 it
1841 1465 42 16 can

1294 1489 70 24 afford
1383 1489 39 23 the
1441 1496 78 18 means
1537 1489 43 24 and
1598 1490 116 24 materials
1731 1490 35 24 for
1788 1490 94 25 elective

1511 1523 77 23 These
1622 1523 149 24 declarations
1799 1532 84 24 appear

1293 1556 89 31 greatly
1402 1561 23 19 to
1448 1556 55 24 have
1527 1556 103 24 offended
1653 1564 42 16 our
1717 1557 87 31 worthy
1828 1566 54 16 con-

1294 1595 136 25 temporary,
1443 1590 49 23 who
1510 1590 66 23 takes
1595 1590 37 23 the
1649 1591 154 31 opportunity,
1817 1592 66 24 while

1294 1623 117 32 declaring
1421 1631 28 15 us
1461 1623 79 24 devoid
1560 1623 24 24 of
1603 1623 39 24 the
1662 1624 106 31 slightest
1787 1625 52 23 idea
1862 1625 22 24 of

1295 1657 38 24 the
1343 1656 126 33 principles
1481 1657 24 24 of
1520 1657 83 30 liberty
1615 1662 22 18 to
1660 1662 52 19 vent
1723 1657 36 24 his
1776 1658 72 23 wrath
1860 1659 23 23 in

1295 1698 27 16 no
1335 1691 119 23 measured
1466 1695 77 19 terms.
1578 1690 45 24 We
1639 1691 66 23 abide
1717 1691 48 23 still
1776 1691 30 32 by
1818 1692 65 24 those

1294 1728 142 24 statements,
1458 1724 96 23 because
1573 1731 33 16 we
1625 1724 86 24 believe
1731 1724 63 25 them
1813 1730 23 19 to
1855 1726 26 23 be

1294 1763 95 24 correct,
1403 1757 45 24 and
1468 1765 32 15 we
1512 1765 58 16 were
1590 1757 37 24 led
1638 1762 24 20 to
1673 1758 69 24 make
1759 1759 70 28 them,
1842 1759 40 23 be-

1295 1799 66 16 cause
1374 1792 35 23 his
1422 1791 147 31 Excellency,
1582 1792 24 22 in
1618 1791 97 31 seeking
1722 1792 119 24 Members
1848 1793 36 24 for

1294 1825 37 23 his
1345 1825 97 23 Council
1455 1825 56 23 from
1528 1825 104 23 different
1651 1825 108 30 districts,
1773 1834 57 23 gave
1846 1827 37 23 the

1294 1858 51 24 idea
1364 1859 24 23 of
1404 1859 188 31 representation,
1607 1858 72 24 which
1701 1859 20 23 if
1738 1860 19 23 it
1777 1860 106 31 operated

1295 1891 65 25 could
1373 1892 53 31 only
1433 1892 29 23 be
1473 1892 151 24 mischievous
1632 1893 23 22 in
1665 1893 31 22 its
1707 1900 175 24 consequences.

1295 1926 43 23 We
1359 1926 86 24 wished
1464 1925 31 24 all
1515 1926 39 23 the
1575 1926 90 23 settlers
1684 1930 23 19 to
1724 1926 52 30 feel,
1789 1927 45 23 and
1852 1935 31 15 we

1294 1959 87 24 wished
1401 1959 37 24 his
1456 1959 141 31 Excellency
1609 1964 22 19 to
1652 1959 28 25 be
1693 1968 72 15 aware
1785 1961 32 30 by
1835 1961 48 23 that

1294 1993 92 31 feeling,
1399 1993 50 23 that
1460 1992 44 23 this
1524 2001 45 14 was
1582 2001 13 15 a
1616 1993 82 24 Crown
1711 1993 88 31 Colony
1836 1994 48 24 that

1294 2034 26 15 so
1331 2027 35 23 far
1378 2034 25 15 as
1415 2027 179 30 representation
1606 2034 45 15 was
1665 2027 131 28 concerned,
1808 2029 18 22 it
1838 2036 45 15 was

1294 2060 73 28 sham,
1380 2060 50 23 that
1450 2067 33 16 we
1503 2058 66 25 knew
1587 2060 19 23 it
1624 2064 22 19 to
1667 2060 28 23 be
1715 2068 34 20 so,
1762 2061 45 23 and
1826 2069 57 16 were

1295 2100 73 15 aware
1388 2093 58 27 that,
1466 2093 70 21 under
1557 2097 92 26 present
1667 2093 184 30 circumstances,
1867 2095 17 23 it

1294 2130 61 18 must
1380 2125 28 23 be
1431 2133 34 15 so.
1501 2124 51 24 The
1575 2124 121 25 Governor
1721 2126 41 23 has
1785 2127 30 23 all
1847 2128 36 23 the

1294 2166 83 23 power,
1399 2159 41 23 but
1459 2158 20 24 if
1496 2159 37 22 the
1555 2159 108 23 colonists
1681 2166 57 16 were
1756 2159 34 23 led
1804 2166 23 17 to
1840 2161 41 23 feel

1296 2192 47 23 that
1356 2192 53 30 they
1421 2199 58 16 were
1498 2192 153 30 represented,
1672 2197 23 18 to
1713 2192 38 23 the
1769 2199 80 18 extent
1861 2199 21 18 to

1296 2225 72 23 which
1380 2225 50 23 that
1441 2225 84 31 feeling
1537 2225 106 31 operated
1655 2225 73 24 would
1741 2231 8 18 t
1752 2227 4 13 l
1766 2234 12 16 c
1787 2235 95 24 respon-

1295 2259 86 31 sibility
1401 2267 85 23 appear
1508 2264 22 18 to
1552 2259 26 23 be
1602 2260 113 23 removed.
1754 2260 66 30 Now,
1845 2262 38 23 the

1294 2300 75 23 power
1381 2293 44 23 and
1438 2292 166 32 responsibility
1613 2293 71 30 ought
1697 2298 22 18 to
1729 2302 29 23 go
1771 2295 111 30 together,

1294 2326 44 23 and
1351 2326 37 23 the
1407 2334 79 15 course
1505 2333 32 16 we
1550 2326 56 23 have
1626 2326 100 31 pursued
1745 2328 19 23 is
1779 2332 22 19 to
1820 2328 62 24 show

1296 2360 47 23 that
1355 2359 39 24 the
1406 2359 114 29 colonists,
1534 2359 66 24 while
1613 2360 52 30 they
1677 2360 45 24 will
1740 2361 26 24 be
1780 2362 69 30 ready
1862 2368 21 18 to

1295 2392 73 25 award
1381 2393 72 24 credit
1464 2393 72 24 where
1555 2394 18 22 it
1594 2393 59 24 shall
1672 2401 67 24 prove
1757 2400 21 18 to
1791 2395 28 23 be
1832 2396 50 29 clue,

1295 2427 45 23 will
1352 2427 23 23 in
1388 2427 30 23 all
1431 2435 63 15 cases
1505 2427 75 23 where
1591 2427 43 23 evil
1646 2429 59 22 arise
1714 2436 26 16 or
1752 2428 131 32 negligence

1295 2462 19 22 is
1327 2460 118 31 displayed
1456 2460 72 24 either
1537 2462 24 22 in
1568 2460 38 24 the
1616 2461 127 31 legislative
1753 2470 24 15 or
1789 2462 94 24 Execu-

1294 2495 46 23 tive
1364 2494 104 28 Council,
1493 2494 81 31 charge
1604 2494 35 24 his
1667 2494 138 33 Excellency
1831 2497 53 23 with

1294 2528 69 30 being
1381 2528 38 23 the
1437 2528 47 23 sole
1502 2535 75 21 cause,
1602 2528 44 24 and
1665 2529 52 23 hold
1735 2530 47 22 him
1801 2537 81 17 conse-

1294 2561 94 31 quently
1400 2561 72 31 solely
1483 2562 149 30 responsible.

1328 2602 52 24 Our
1399 2601 88 31 worthy
1498 2606 172 28 contemporary
1682 2603 94 32 charges
1789 2612 27 15 us
1830 2605 53 24 with

1294 2636 124 31 belonging
1430 2640 22 19 to
1464 2636 37 23 the
1520 2635 78 24 selfish
1618 2637 59 23 class
1696 2638 26 22 of
1737 2643 111 19 assertors
1862 2639 23 23 of

1295 2670 100 30 opinion.
1432 2669 47 24 His
1490 2669 103 24 ultraism
1605 2670 101 23 reminds
1714 2678 28 17 us
1754 2672 97 31 forcibly
1863 2673 22 23 of

1296 2703 37 23 the
1352 2703 119 23 definition
1491 2710 33 16 we
1545 2704 127 22 remember
1692 2709 22 19 to
1734 2704 58 24 have
1814 2706 70 24 heard

1294 2737 67 30 given
1375 2741 22 18 to
1409 2736 138 23 radicalism.
1578 2737 58 22 This
1650 2737 119 24 definition
1781 2739 103 24 declared

1294 2771 25 22 iv
1338 2770 80 24 favour
1440 2770 25 23 of

1670 2804 52 24 Our
1734 2805 88 32 worthy
1831 2814 54 16 con-

1296 2841 129 28 temporary
1437 2836 41 24 has
1489 2838 89 23 written
1590 2841 23 19 at
1633 2843 66 25 great
1716 2838 80 31 length
1816 2840 69 24 about

1296 2871 58 24 Free
1366 2870 85 29 Trade,
1462 2870 41 24 but
1523 2875 40 19 not
1580 2871 80 31 wisely
1669 2880 5 20 ;
1695 2871 37 24 the
1751 2873 91 26 articles
1862 2874 22 23 in

1295 2905 104 31 question
1413 2904 43 23 call
1467 2908 23 20 to
1509 2904 70 29 mind,
1592 2905 24 23 in
1635 2906 65 30 point
1721 2906 25 23 of
1760 2906 75 30 value,
1848 2907 37 24 the

1295 2938 83 23 bushel
1399 2938 26 23 of
1441 2937 62 24 chaff
1516 2938 55 23 with
1591 2938 38 23 the
1641 2939 92 24 needle.
1740 2940 24 23 in
1782 2940 26 23 it.
1846 2940 38 25 He

1296 2972 19 24 is
1327 2972 35 23 for
1375 2971 39 24 the
1428 2972 108 23 abolition
1556 2972 25 24 of
1597 2972 156 32 duties.,-upon
1773 2973 112 32 imported

1296 3005 98 29 articles,
1408 3005 44 23 and
1463 3005 73 31 filling
1547 3013 31 24 up
1591 3005 126 25 the^deficit
1727 3011 39 19 not
1777 3008 30 31 by
1815 3008 70 23 direct

1296 3040 109 28 taxation,
1418 3039 42 23 but
1479 3040 28 31 by
1520 3039 130 31 abstaining
1670 3040 58 24 from
1740 3041 33 23 all
1784 3042 101 23 taxation

1295 3073 121 24 whatever.
1448 3073 56 23 This
1516 3073 83 24 indeed
1611 3073 73 24 would
1696 3074 28 23 be

1322 3114 28 16 no

1297 3140 38 25 He
1347 3140 55 24 calls
1415 3148 61 24 upon
1488 3140 38 24 the
1547 3132 104 33 dolonial
1670 3140 75 25 Office
1762 3147 23 19 to
1797 3150 45 24 pay
1854 3143 31 24 all

1296 3175 38 23 the
1352 3182 115 24 expences
1486 3175 24 23 of
1525 3174 39 24 the
1575 3175 66 26 .New
1659 3175 102 24 Zealand
1781 3176 104 24 Govern-

1294 3212 72 25 ment,
1379 3208 44 23 and
1436 3208 95 31 agitates
1551 3208 35 24 for
1606 3208 48 24 real
1670 3210 181 30 representation
1863 3211 22 23 in

1296 3241 38 24 the
1345 3249 64 16 same
1420 3241 88 24 breath.
1533 3241 44 24 We
1588 3241 46 24 had
1642 3242 98 31 thought
1749 3251 41 15 our
1797 3243 87 33 worthy

1296 3280 174 26 contemporary
1481 3275 74 24 better
1575 3275 81 24 versed
1677 3276 25 23 in
1719 3276 97 24 colonial
1827 3281 58 20 mat-

1296 3313 45 19 ters
1354 3309 55 23 than
1422 3313 24 19 to
1457 3313 36 19 act
1505 3316 24 15 so
1550 3309 116 30 absurdly.
1702 3309 27 24 Is
1746 3318 41 16 our
1798 3311 87 31 worthy

1296 3346 174 28 contemporary
1487 3342 107 30 ignorant
1611 3343 25 23 of
1658 3342 39 25 the
1713 3344 51 23 first
1782 3344 103 31 question

1295 3381 42 26 put
1362 3377 32 30 by
1423 3376 38 24 the
1491 3375 105 25 Colonial
1625 3376 82 30 Office,
1736 3377 64 24 when
1830 3378 55 23 such

1294 3417 89 24 powers
1406 3416 38 17 are
1465 3409 83 32 sought
1568 3410 30 30 by
1617 3410 38 23 the
1677 3410 99 31 people?
1822 3410 63 24 Does

1295 3443 29 23 he
1340 3448 41 18 not
1402 3443 70 23 know
1491 3443 49 23 that
1566 3443 38 23 the
1623 3444 105 30 question
1746 3444 20 22 is
1785 3443 100 24 whether

1296 3484 42 16 can
1413 3476 80 32 people
1512 3476 97 31 making
1629 3476 38 24 the
1688 3476 95 24 demand
1796 3484 43 23 pay
1850 3476 35 23 for

1296 3510 38 24 the
1354 3509 85 32 luxury
1449 3509 10 24 ?
1500 3509 64 24 Does
1580 3509 29 24 he
1628 3509 87 24 believe
1731 3509 38 23 the
1781 3509 104 24 Colonial

1296 3543 75 25 Office
1383 3543 47 24 will
1441 3542 33 24 let
1486 3550 26 15 us
1524 3542 58 24 have
1594 3550 45 23 any
1653 3542 66 24 other
1729 3541 54 24 than
1796 3550 14 16 a
1821 3543 64 23 sham

1296 3577 66 24 share
1373 3577 25 23 in
1409 3575 130 32 legislation
1552 3584 25 15 so
1590 3575 55 31 long
1653 3583 25 16 as
1688 3583 33 16 we
1731 3580 83 19 cannot
1823 3575 62 25 show

1296 3611 50 24 that
1357 3617 33 16 we
1402 3617 44 16 can
1455 3616 45 24 pay
1508 3616 68 23 every
1585 3608 103 31 farthing
1699 3608 26 23 of
1733 3608 40 24 the
1785 3617 100 24 expence

1296 3644 26 24 of
1337 3643 128 30 governing
1475 3642 116 24 ourselves
1598 3642 10 23 ?

1329 3684 45 24 We
1385 3691 38 16 are
1434 3682 108 33 prepared
1554 3686 21 20 to
1587 3682 73 24 frame
1675 3690 14 16 a
1699 3690 83 24 proper
1792 3683 60 25 form
1865 3687 24 22 of

1296 3717 182 33 representative'
1486 3716 156 24 Governmen
1650 3725 7 20 t;
1676 3716 43 24 but
1724 3725 39 16 .we
1776 3717 61 25 shall
1847 3723 40 19 not

1296 3758 65 17 enter
1372 3758 62 25 upon
1446 3749 38 25 the
1496 3749 52 24 task
1560 3749 58 23 until
1630 3757 42 16 our
1683 3751 88 31 worthy
1784 3758 102 18 contem-

1296 3793 83 24 porary
1390 3785 43 23 has
1444 3784 77 23 shewn
1534 3783 58 23 from
1603 3782 59 25 what
1672 3791 80 16 source
1761 3785 38 24 the
1809 3793 78 17 means

1297 3818 26 25 of
1338 3818 86 32 paying
1436 3817 38 23 the
1484 3816 120 30 members,
1615 3817 35 24 for
1662 3817 50 24 that
1723 3817 46 25 will
1780 3819 28 23 be
1821 3819 66 25 abso-

1296 3852 73 31 lutely
1380 3857 127 25 necessary,
1520 3849 45 25 and
1576 3850 39 23 the
1625 3851 92 31 general
1735 3860 113 24 expenses
1866 3854 25 23 of

1296 3886 40 23 the
1359 3885 156 23 Government
1538 3890 38 17 are
1596 3888 24 19 to
1639 3884 30 24 be
1691 3883 99 27 derived.
1845 3886 43 25 We

1297 3918 119 32 challenge
1425 3917 39 25 the
1474 3915 113 26 Southern
1599 3916 70 26 Cross
1680 3923 23 19 to
1714 3919 29 24 do
1762 3919 46 25 this
1818 3929 7 20 ;
1844 3920 45 24 and

1296 3952 66 25 when
1371 3952 30 24 he
1413 3951 163 32 accomplishes
1589 3951 39 24 the
1639 3951 53 25 task
1703 3960 33 17 we
1750 3961 79 17 assure
1841 3954 48 23 him

1297 3993 33 17 we
1340 3985 59 25 shall
1410 3985 29 24 be
1456 3984 110 33 prepared
1586 3989 23 20 to
1630 3986 97 25 contend
1744 3987 144 31 strenuously

691 142 89 23 NEW
808 140 206 25 ZEALAND,
1034 139 203 26 COMPANY.

572 54 96 46 EiK
693 54 121 40 Xtto
842 32 425 66 Zralaitt^ffiaiette
1293 50 92 39 atrt>
1411 47 301 46 melUtigtou
1736 44 255 50 Spectator.

1897 136 36 23 for
1944 136 38 23 the
1992 136 81 24 breath
2085 136 25 23 of
2126 143 42 16 our
2178 136 112 23 nostrils.'
2320 137 47 24 But
2387 138 37 24 the
2435 141 49 25 task

1898 169 19 23 is
1929 169 89 31 beyond
2030 177 41 15 our
2089 169 88 31 worthy
2197 173 172 27 contemporary
2378 180 7 19 ;
2405 172 34 23 for
2457 174 27 24 he

1898 202 20 23 is
1931 202 124 30 eminently
2066 202 95 23 without
2171 202 108 31 practical
2290 210 97 24 purpose
2408 204 23 24 in
2450 206 34 24 his

1900 235 89 30 doings.
2034 235 51 23 The
2109 235 116 31 profusion
2244 235 24 23 of
2294 236 112 30 language
2424 237 28 24 he
2466 240 18 23 is

1900 267 123 31 compelled
2036 272 23 18 to
2071 275 39 16 use
2124 273 21 18 to
2158 276 93 23 express
2264 268 36 23 his
2315 277 90 22 meagre
2416 271 67 32 ideas,

1900 301 42 23 has
1963 301 55 30 long
2037 301 123 23 convinced
2182 309 28 15 us
2232 301 49 23 that
2302 301 36 23 his
2357 303 61 23 mind
2430 305 18 22 is
2460 314 23 15 as

1900 333 64 24 loose
1976 341 26 16 as
2014 341 13 15 a
2037 333 80 30 babys'
2128 334 92 24 bowels.
2257 334 59 23 Give
2325 342 27 15 us
2364 343 13 15 a
2387 343 100 25 prospect

1901 367 25 23 of
1943 367 177 30 representative
2131 366 127 31 legislation
2271 367 44 24 and
2332 375 34 16 we
2385 369 44 23 will
2448 371 36 24 de-

1902 404 51 19 vote
1966 407 40 16 our
2017 399 57 24 lives
2087 404 22 18 to
2123 400 27 23 it.
2186 400 25 23 It
2218 400 56 31 long
2284 402 61 22 since
2364 401 91 25 became
2466 409 20 19 to

1904 440 29 16 us
1953 432 50 24 like
2018 433 38 23 the
2077 432 75 31 sickly
2170 432 67 30 child,
2257 434 37 23 the
2307 435 97 29 anguish
2413 436 24 22 of
2452 437 34 24 the

1903 465 56 24 fond
1970 465 102 24 mothers
2090 465 71 30 mind,
2180 466 37 23 the
2237 466 88 32 darling
2341 468 25 22 of
2391 475 39 16 our
2449 477 37 17 ex-

1902 500 95 22 istence.

117 510 170 24 SHIPPING
306 509 277 25 INTELLIGENCE.

2043 552 172 24 SUPREME
2234 553 125 23 COURT.

676 198 48 27 We
738 199 68 26 have
823 198 63 27 been
903 194 156 34 instructed,
1070 195 33 34 by
1119 195 48 26 the
1181 194 76 27 Com-

704 238 100 35 pany's
811 237 140 35 Principal
957 236 127 35 Agent,to
1093 235 165 28 discontinue

710 282 110 33 sending
824 282 44 25 the
872 279 124 27 NewZb
999 286 106 20 aland
1109 277 147 28 Gazette

710 325 27 23 to
750 323 46 25 the
807 321 68 27 New
886 320 121 27 Zealand
1015 320 141 33 Company,
1166 320 55 26 and
1230 323 27 23 to

709 364 39 26 all
769 364 77 26 other
860 362 105 35 parties
986 363 27 24 to
1032 361 84 25 whom
1136 369 40 18 we
1192 362 66 25 have

709 406 116 27 hitherto
847 407 58 25 sent
923 404 25 26 it
966 403 34 35 by
1013 404 41 26 his
1074 404 183 26 instructions.

709 449 58 27 But
786 457 31 18 as
839 457 39 18 we
896 456 48 18 are
964 447 163 26 determined
1141 447 60 26 that
1214 448 44 25 the

713 490 134 34 Company
859 489 70 26 shall
940 491 46 24 not
996 488 31 26 be
1038 487 125 35 deprived
1174 487 35 35 of
1214 489 44 25 the

711 531 171 34 opportunity
902 529 36 35 of
953 528 133 35 obtaining
1108 536 50 19 our
1179 529 80 26 views

710 571 150 35 respecting
879 572 43 25 the
939 573 180 31 management
1138 571 35 33 of
1189 570 71 27 their

711 613 96 33 affairs
816 612 62 27 both
884 613 62 26 here
953 612 55 26 and
1014 614 30 24 at
1053 612 81 32 home,
1141 620 40 18 we
1189 612 71 26 shall

710 654 124 26 continue
846 655 27 24 to
886 653 66 26 send
970 661 50 18 our
1035 653 116 26 Journal
1167 656 27 23 to
1216 654 44 25 the

710 694 69 27 New
790 694 121 27 Zealand
920 694 100 32 House,
1031 696 31 24 at
1082 702 51 18 our
1145 703 57 18 own
1214 703 46 18 ex-

705 743 94 26 pense,
816 744 30 18 so
860 736 60 33 long
933 743 30 18 as
975 743 40 19 we
1026 743 60 26 may
1100 736 120 26 consider
1237 737 23 25 it

705 785 103 26 proper
821 779 28 23 to
862 776 33 26 do
907 785 40 18 so.
987 776 47 27 We
1046 776 53 27 call
1110 777 45 25 the
1174 778 86 25 atten-

712 818 57 26 tion
777 818 35 35 of
820 819 44 25 the
874 818 206 33 Stock-holders,
1089 818 29 26 in
1126 818 134 35 England,

712 863 26 25 to
752 861 54 27 this
819 863 112 33 attempt
939 861 35 35 of
980 861 106 27 Colonel
1095 861 165 35 Wdkefield's

712 905 26 24 to
740 905 114 32 prevent
863 910 49 19 our
920 903 117 34 opinions
1044 903 125 34 reaching
1180 904 80 32 them,

711 946 112 26 because
835 947 116 33 opposed
961 949 26 24 to
1000 947 63 26 him.

677 988 114 25 Gazette
807 987 89 32 Office,
908 987 83 32 April
1002 990 26 28 2,
1044 989 78 24 1544.

1938 607 52 25 The
2003 608 112 31 Supreme
2127 608 70 23 Court
2204 608 39 23 did
2252 613 39 18 not
2300 609 30 23 sit
2342 617 27 15 on
2377 609 109 34 Monday,

1905 649 24 16 as
1942 641 140 29 announced,
2095 642 18 22 it
2124 641 84 31 having
2220 641 58 24 been
2290 641 138 26 determined
2443 644 44 25 that

1904 675 19 23 it
1934 682 45 16 was
1991 682 120 23 necessary
2123 679 23 19 to
2159 674 94 32 proceed
2269 682 58 22 now,
2341 675 24 23 in
2378 676 107 26 Criminal

1905 712 103 24 matters,
2030 708 32 30 by
2080 708 145 31 summoning
2247 716 13 15 a
2283 708 80 23 Grand
2385 709 63 32 Jury,
2467 717 19 17 to

1905 741 74 23 whom
1990 746 22 18 to
2024 741 74 31 prefer
2105 741 153 24 indictments.
2295 741 29 24 In
2335 750 149 24 consequence

1906 775 38 23 the
1956 775 104 23 criminal
2072 774 63 24 trials
2147 774 56 25 have
2210 775 57 23 been
2276 776 133 30 postponed,
2422 778 43 23 and
2474 785 12 16 a

1907 808 80 24 Grand
2001 808 57 31 Jury
2069 808 41 24 has
2123 808 57 24 been
2189 809 134 23 summoned
2333 809 35 23 for
2381 809 38 24 the
2431 811 56 23 12fh

1906 842 97 22 instant.

1940 875 51 24 The
2005 875 71 25 Court
2091 883 46 16 was
2150 876 85 29 opened
2253 875 117 32 yesterday
2384 876 44 24 and
2438 884 50 24 pro-

1907 908 81 25 ceeded
1998 909 52 24 with
2060 909 52 23 civil
2122 910 94 23 actions.
2253 910 43 23 We
2306 910 58 30 hope
2373 915 23 18 to
2407 910 83 24 furnish

1907 950 42 16 our
1960 943 91 23 readers
2062 942 54 23 with
2135 943 47 23 Mr.
2203 943 88 23 Justice
2304 943 139 30 Chapman's
2455 944 35 23 ad-

1907 975 65 22 dress
1983 979 22 18 to
2017 975 38 22 the
2067 974 57 30 Jury
2135 976 24 21 in
2173 983 40 14 our
2230 980 56 18 next
2295 984 6 20 ;
2324 976 43 22 and
2379 975 48 24 also
2439 977 51 24 with

1909 1008 38 22 the
1959 1008 106 22 business
2078 1008 24 22 in
2114 1007 38 23 the
2165 1008 71 23 Court
2248 1009 34 22 for
2293 1008 37 23 the
2343 1008 74 23 week.

2046 1068 104 24 ARMY
2168 1069 192 23 CONTRACT.

708 1054 154 23 ERRATA.
900 1054 28 23 In
950 1053 37 24 the
1005 1054 41 23 list
1063 1054 24 23 of
1105 1061 63 16 cases
1186 1055 77 23 before

674 1088 40 23 the
727 1088 120 29 Supreme*
854 1087 71 24 Court
936 1096 42 15 :
997 1089 4 5 '

750 1187 89 31 Mabey
848 1195 23 16 v.
891 1187 154 31 Boddington,
1067 1187 54 24 read
1141 1185 87 34 Mdbey
1240 1196 21 15 v.

673 1218 89 24 Hume.

708 1121 48 24 For
778 1121 64 31 Pope
862 1128 22 17 v.
907 1121 153 31 Pennington,
1079 1121 54 24 read
1154 1120 64 32 Pope
1239 1129 22 16 v.

673 1154 159 29 Boddington.

1285 137 100 31 through
1408 136 75 24 which
1503 143 45 24 you
1571 136 106 24 obtained
1698 143 58 24 your
1764 135 106 32 ''present

1285 171 112 31 opinions,
1411 170 44 23 and
1471 177 44 23 you
1528 169 45 24 will
1584 170 28 23 be
1625 169 49 24 able
1686 174 23 18 to
1721 169 76 24 decide
1810 177 61 23 upon

1285 204 39 23 the
1345 207 61 19 trust
1424 203 137 23 worthiness
1580 203 25 23 of
1627 202 39 23 the
1686 202 96 24 channel
1810 210 62 23 upon

1285 236 74 24 which
1376 244 46 23 you
1441 236 56 23 have
1515 235 127 24 heretofore
1653 235 87 24 .relied.
1777 234 95 32 Having

1285 274 23 19 to
1321 270 65 30 delay
1398 277 42 16 our
1460 268 76 24 article
1558 276 29 16 on
1609 268 37 24 the
1669 268 68 25 Land
1749 268 122 30 Question,

1286 303 46 23 will
1342 303 28 23 be
1382 301 107 25 attended
1500 301 54 24 with
1566 301 38 24 the
1623 301 126 31 advantage
1761 301 24 23 of
1801 301 71 23 enab-

1285 336 49 30 ling
1345 343 28 16 us
1385 340 23 19 to
1421 335 42 24 add
1475 335 56 24 such
1540 335 57 24 facts
1609 343 25 15 as
1644 342 32 16 we
1685 342 53 24 may
1748 334 125 31 accidently

1284 369 59 23 have
1354 369 126 28 ommitted,
1489 368 44 24 and
1543 368 95 31 thereby
1647 368 81 23 render
1735 369 19 22 it
1763 367 38 24 the
1810 375 63 16 more

1286 401 75 24 useful
1373 409 25 16 as
1410 409 29 16 an
1451 402 108 23 assistant
1575 402 25 23 in
1621 401 95 31 reading
1733 400 40 24 the
1815 400 58 24 Blue

1390 434 75 24 v.hich
1477 442 31 15 we
1526 433 57 24 have
1599 433 172 25 recommended
1790 433 83 24 should

1286 467 115 24 forthwith
1413 468 28 23 be
1453 467 83 29 sought
1546 468 58 23 from
1616 467 149 24 Parliament.

1320 508 44 23 We
1375 508 60 24 shall
1443 508 57 24 have
1512 512 22 19 to
1545 508 89 23 furnish
1646 515 45 23 you
1701 507 55 24 with
1763 507 110 24 informa-

1286 541 48 23 tion
1357 541 72 23 under
1453 548 66 23 many
1538 541 77 28 heads,
1637 541 38 23 the
1697 540 118 31 following
1835 548 39 16 are

1287 582 62 16 some
1362 575 26 23 of
1397 574 63 24 them
1471 574 33 24 for
1516 575 102 22 instance
1629 583 8 21 ;
1650 578 123 19 treatment
1783 574 26 23 of
1818 574 57 23 emi-

1287 613 79 25 grants
1388 607 60 24 after
1465 607 94 31 landing
1579 608 54 22 here
1644 616 6 20 ;
1675 607 98 23 conduct
1794 612 22 18 to
1838 607 38 24 the

1286 642 126 30 surveying
1431 642 84 30 parties
1522 650 7 20 ;
1551 640 66 24 mode
1629 641 24 23 in
1665 640 73 24 which
1752 640 35 24 the
1800 640 76 24 Wan-

1287 675 71 30 ganui
1378 674 91 24 settlers
1488 674 58 24 have
1564 675 58 22 been
1641 674 61 23 dealt
1713 674 54 24 with
1776 682 6 20 ;
1802 678 74 19 store-

1287 708 98 31 keepers
1402 707 149 31 department,
1573 707 38 23 the
1623 712 66 26 party
1700 715 29 16 on
1750 707 75 23 whom
1839 707 38 24 the

1287 741 75 23 blame
1383 741 53 23 falls
1456 741 20 23 if
1493 748 44 23 any
1547 740 79 31 -really
1637 740 29 24 be
1684 741 44 23 due
1736 750 7 19 ;
1766 745 70 19 waste
1855 741 24 23 of

1288 782 81 24 money
1381 774 63 29 here,
1454 774 93 32 thereby
1555 774 95 30 making
1662 774 17 23 it
1691 781 82 24 appear
1781 773 49 24 that
1840 774 37 24 the

1290 808 58 23 Port
1362 807 126 25 Nicholson
1500 807 130 24 settlement
1647 807 42 23 has
1702 807 56 24 been
1771 807 33 24 far
1816 815 62 16 more

1288 842 74 31 costly
1382 842 56 24 than
1457 841 57 24 need
1524 841 36 29 be,
1573 841 45 24 and
1629 841 92 31 leading
1731 849 45 23 you
1794 844 23 20 to
1839 841 39 24 be-

1288 875 59 23 lieve
1359 875 68 23 much
1446 882 60 16 more
1525 875 41 23 has
1586 875 58 23 been
1657 875 58 23 done
1726 875 35 23 for
1780 874 39 24 the
1832 879 45 19 set-

1289 908 55 24 tlers
1366 908 55 24 than
1444 908 41 23 has
1507 908 57 24 been
1588 908 94 24 effected
1691 917 7 20 ;
1722 908 39 23 the
1783 908 96 24 ruinous

1289 941 79 24 effects
1381 942 25 22 of
1415 949 122 15 numerous
1549 941 142 23 settlements
1703 941 87 23 formed
1806 942 73 22 under

1291 973 38 23 the
1341 974 71 22 belief
1421 974 51 23 that
1487 974 63 22 there
1562 981 45 14 was
1620 981 13 14 a
1646 974 122 29 deficiency
1782 975 24 22 of
1821 975 59 29 good

1289 1006 55 23 land
1355 1006 25 23 in
1397 1006 39 23 the
1448 1006 127 23 immediate
1594 1006 186 30 neighbourhood
1792 1006 27 23 of
1837 1006 42 23 this

1291 1045 59 25 port.
1375 1039 59 23 This
1446 1039 43 23 last
1498 1039 89 31 subject
1599 1039 20 22 is
1629 1046 54 24 very
1691 1040 131 30 important,
1837 1039 43 24 and

1291 1080 33 15 we
1337 1072 60 24 shall
1408 1077 60 19 most
1479 1072 71 31 likely
1567 1072 68 24 make
1653 1073 17 22 it
1689 1072 38 23 the
1748 1072 90 31 subject
1859 1073 22 23 of

1292 1114 42 15 our
1345 1110 57 19 next
1414 1114 78 22 paper.

1945 1126 52 24 The
2009 1131 101 19 contract
2117 1128 35 23 for
2164 1127 30 23 all
2205 1128 39 23 the
2255 1128 89 24 articles
2352 1129 103 32 required
2466 1130 27 32 by

1911 1161 37 23 the
1969 1164 77 28 troops
2067 1161 84 31 during
2171 1161 77 24 twelve
2267 1163 98 28 months,
2378 1163 40 23 has
2439 1164 54 24 been

1914 1194 70 24 taken
1997 1194 29 30 by
2040 1194 98 24 Messrs.
2152 1194 94 24 Rhodes
2257 1195 45 24 and
2315 1195 41 24 Co.

1293 1163 321 25 REPRESENTATIVE
1625 1163 254 25 GOVERNMENT.

61 146 52 49 A
127 145 106 22 FANCY
247 144 96 23 DRESS
357 142 83 23 BALL
454 141 46 22 will
515 141 51 22 take
582 141 65 28 place

140 175 24 19 at
180 172 38 22 the
233 171 134 26 Exchange,
383 175 29 15 on
433 168 101 27 Monday
550 168 97 25 evening

59 202 63 21 next.
136 214 5 4 -
150 199 22 22 A
187 197 149 24 refreshment
350 202 62 15 room
426 195 47 22 will
487 195 28 21 be
531 193 73 23 added
617 201 30 15 on

58 226 39 22 the
117 225 109 26 occasion,
244 223 72 22 under
334 222 38 22 the
395 221 203 29 superintendance
623 221 26 21 of

59 252 46 23 Mr.
116 253 27 22 R.
153 251 70 22 Davis
229 258 6 17 ;
251 249 46 22 also
308 256 14 15 a
329 248 94 27 retiring
430 255 65 15 room
504 249 34 21 for
555 247 90 23 Ladies.

58 280 74 26 Every
150 277 108 22 attention
277 275 45 23 will
339 275 29 22 be
386 275 53 28 paid
463 279 24 18 to
511 281 75 15 secure
606 273 39 23 the

56 305 101 29 pleasure
169 303 44 22 and
223 302 96 23 comfort
332 302 25 22 of
365 302 37 22 the
413 302 95 22 visitors.

84 331 90 23 Double
185 330 80 22 tickets
273 331 40 25 35.,
324 329 69 27 single
404 328 82 22 tickets
494 329 32 21 2s.

84 358 106 26 Dancing
200 360 22 18 to
232 363 130 15 commence
372 357 23 21 at
404 357 14 21 9
427 355 95 22 o'clock.

84 389 48 22 The
151 388 71 22 whole
238 386 74 23 under
330 386 38 23 the
386 386 108 23 direction
513 385 26 22 of
553 385 91 22 Messrs.

56 415 104 24 Marriott
169 415 47 22 and
226 413 136 27 Hattersley.

66 466 4 5 .
84 448 66 29 April
157 450 21 25 3,
191 449 60 21 1844.
274 467 5 4 ,
