2580 4050
1292 1497 23 19 to
1328 1491 180 28 £53,000,000.

1326 1526 24 23 A
1364 1525 162 23 Productive
1537 1522 78 23 Hive.
1618 1534 33 4 —
1652 1521 60 22 Mrs.
1722 1518 155 27 Woodhouse,

1294 1559 25 23 of
1326 1558 67 30 Airly
1404 1557 86 26 Banks,
1503 1563 54 15 near
1566 1554 139 27 Richmond,
1714 1553 41 23 has
1767 1561 13 14 a
1792 1552 52 22 hive
1855 1552 25 22 of

1292 1592 54 23 bees
1370 1590 73 24 which
1464 1589 41 23 has
1527 1588 113 31 produced
1664 1587 44 23 this
1736 1592 55 25 year
1816 1585 63 23 three

1294 1632 101 21 swarms,
1417 1623 42 23 and
1471 1623 60 22 what
1550 1623 20 21 is
1581 1621 48 23 still
1647 1627 62 16 more
1727 1617 152 28 remarkable,

1295 1658 38 25 the
1345 1658 50 23 first
1407 1657 23 22 of
1446 1656 62 23 these
1526 1662 94 16 swarms
1637 1654 42 23 has
1698 1653 45 23 also
1762 1651 115 32 proluced

1296 1692 64 23 three
1388 1690 63 24 other
1473 1696 100 21 swarms,
1598 1687 30 24 all
1651 1687 24 23 of
1701 1686 74 24 which
1797 1691 84 25 appear

1296 1725 106 31 healthy.

1332 1759 67 23 Live
1419 1757 83 23 Stock
1520 1763 28 16 in
1566 1755 67 24 New
1646 1754 87 24 South
1743 1752 106 28 Wales,
1850 1761 34 6 —

1298 1792 51 24 The
1362 1790 102 24 Colonial
1476 1789 119 29 Secretary
1607 1787 46 24 laid
1673 1795 60 23 upon
1765 1785 37 23 the
1824 1784 59 23 table

1326 1826 24 22 A
1362 1825 89 23 Return
1463 1823 24 22 of
1503 1822 57 24 Live
1572 1821 72 24 Stock
1655 1822 25 21 in
1691 1820 37 23 the
1749 1819 93 29 Colony
1863 1817 24 23 of

1300 1859 59 24 New
1371 1857 73 24 South
1456 1856 85 27 Wales,
1554 1863 27 15 on
1590 1855 38 23 the
1637 1854 59 25 30th
1706 1854 23 22 of
1740 1851 143 32 September,

1440 1890 51 22 The
1511 1889 109 23 numbers
1640 1895 60 16 were
1712 1895 24 14 as
1748 1886 87 23 follows
1845 1893 6 14 :—:
1853 1896 33 4 —

1302 1926 88 27 horses,
1413 1924 89 28 56,585
1515 1931 5 20 ;
1555 1921 85 23 horned
1662 1920 74 29 cattle,
1757 1919 110 28 897,219
1878 1925 6 20 ;

1303 1961 59 30 pigs,
1375 1958 98 27 46,0-88
1484 1964 6 20 ;
1504 1955 44 23 and
1560 1955 77 29 sheep,
1650 1954 142 28 4,804,946.

1339 1992 50 24 Mr.
1404 1991 80 29 Henry
1496 1989 31 24 L.
1541 1988 99 28 Bulwer,
1653 1987 49 23 who
1714 1987 40 22 has
1776 1985 58 23 been
1854 1984 34 22 for

1305 2025 88 25 several
1414 2031 65 24 years
1498 2023 122 28 Secretary
1641 2025 22 18 to
1685 2020 36 23 the
1740 2018 114 29 Embassy
1868 2022 21 18 at

1305 2060 37 22 the
1356 2058 72 23 Court
1439 2057 24 22 of
1472 2056 95 27 France,
1586 2055 42 22 has
1647 2054 58 22 been
1726 2050 120 33 appointed
1868 2055 21 17 to

1305 2091 95 24 succeed
1413 2091 45 22 Mr.
1472 2089 75 23 Aston
1559 2096 24 15 as
1602 2087 83 29 Envoy
1703 2084 183 29 Extraordinary

1306 2125 42 23 and
1362 2125 106 23 Mmister
1480 2121 195 29 Plenipotentiary
1689 2123 26 19 at
1726 2117 101 25 Madrid.

1460 2191 279 27 AUCKLAND.

653 171 2 3 .
693 147 104 26 William
818 148 121 25 Anderson
960 148 44 23 and
1029 146 130 25 Alexander
1181 145 61 23 Thor

654 190 58 17 were
734 181 100 25 indicted
856 181 35 24 for
917 180 127 31 assaulting
1072 180 78 23 James
1178 178 64 24 Dent

655 215 151 26 Greenwood,
819 221 30 16 on
861 214 38 24 the
912 214 43 24 3rd
967 214 24 23 of
1006 213 119 28 February
1136 212 54 23 last.

689 248 83 25 Under
783 247 38 23 the
833 247 77 23 advice
923 247 25 23 of
962 246 59 24 their
1033 245 99 27 counsel,
1145 244 38 23 the
1195 244 47 30 pri-

655 289 81 18 soners
755 280 96 31 pleaded
875 279 83 31 guilty,
970 279 44 23 and
1039 277 123 32 expressed
1184 276 58 24 their

656 313 133 24 contrition.

691 345 118 30 Severally
819 345 63 22 fined
892 344 44 23 five
948 344 113 30 shillings.

691 378 67 31 They
777 385 57 15 were
855 378 67 29 again
941 377 97 23 indicted
1058 376 36 23 for
1115 374 130 30 assaulting

657 411 98 26 Charles
776 410 95 29 Laland,
885 414 21 20 to
925 409 73 24 which
1016 409 54 31 they
1082 409 49 23 also
1150 406 95 33 pleaded

656 444 87 33 guilty.

692 477 75 24 Fined
778 484 41 16 one
832 475 95 32 shilling
939 475 62 23 each.

692 510 77 24 These
782 517 63 16 cases
858 516 59 16 were
936 508 54 23 both
1002 507 117 24 traversed
1129 506 61 23 from
1202 505 44 23 last

659 545 109 26 sessions,
781 542 43 24 and
836 550 65 16 arose
922 545 39 19 out
981 541 24 23 of
1021 540 37 23 the
1078 540 103 30 disputes
1193 538 53 23 with

659 576 39 23 the
711 576 109 23 schooner
831 574 93 24 Emma.

695 609 48 24 His
755 608 83 24 Honor
848 608 49 23 said
906 608 29 22 he
945 606 73 32 hoped
1028 606 63 23 these
1103 604 144 24 indictments

662 642 44 24 had
731 646 40 19 not
791 642 56 23 been
868 640 53 24 held
946 639 25 22 in
990 642 111 19 terrorem
1122 644 53 17 over
1186 637 63 23 them

662 681 21 18 to
695 675 82 23 induce
790 675 61 22 them
863 679 23 17 to
898 673 60 30 yield
970 677 22 18 to
1011 679 43 22 any
1066 670 52 23 civil
1130 670 83 23 action.

695 707 51 25 The
765 707 57 30 Jury
844 714 57 15 were
921 705 53 24 then
995 703 141 32 discharged,
1150 703 44 23 and
1212 701 37 23 the

662 741 74 24 Court
745 739 125 30 proceeded
882 744 23 18 to
917 738 54 23 hear
983 738 52 22 civil
1047 743 88 16 causes.

695 780 51 24 The
758 779 53 30 only
830 786 52 15 case
902 777 73 24 which
987 776 89 23 excited
1092 783 44 23 any
1157 776 94 22 interest

661 820 47 17 was
722 812 99 23 M'Kain
833 819 23 15 v.
868 810 93 24 Daniel.
997 809 59 23 This
1075 816 45 15 was
1133 816 30 14 an
1174 812 75 18 action

661 847 36 23 for
717 844 67 23 cattle
805 849 120 25 tresspass,
947 842 43 23 and
1012 842 37 22 the
1068 841 108 29 damages
1193 847 58 16 were

663 878 48 22 laid
725 882 23 18 at
758 877 63 23 £15.

698 915 49 24 Mr.
769 914 98 23 Hanson
887 913 34 23 for
942 912 37 23 the
999 910 130 28 defendant,
1152 908 54 25 took
1225 917 27 16 an

663 948 116 32 objection
797 952 22 18 to
840 946 39 23 the
899 945 145 32 jurisdiction
1063 943 27 23 of
1111 943 37 23 the
1172 943 80 28 Court,

664 978 117 33 alledging
800 980 56 28 that,
877 980 29 29 by
925 978 39 23 the
983 978 122 29 Summary
1119 976 135 23 Conviction

665 1015 140 27 Ordinance,
813 1013 39 24 the
863 1012 101 32 plaintiff
971 1011 45 23 had
1025 1011 36 23 his
1073 1009 92 31 remedy
1178 1009 76 23 before

665 1049 39 23 the
718 1048 78 23 Police
809 1046 145 30 Magistrate.
989 1044 36 30 By
1037 1044 38 23 the
1096 1043 57 24 10th
1169 1042 86 23 section

666 1082 26 23 of
711 1081 37 22 the
770 1081 89 29 County
873 1079 72 23 Court
965 1077 139 28 Ordinance,
1125 1076 39 23 the
1184 1075 72 24 Court

666 1114 45 24 had
731 1122 29 15 no
777 1113 145 32 jurisdiction
945 1111 71 24 where
1035 1110 73 31 rights
1131 1110 24 22 in
1179 1109 77 23 future

667 1147 74 24 would
762 1147 28 22 be
808 1145 84 27 bound,
912 1145 45 23 and
974 1145 53 22 here
1045 1144 39 22 the
1105 1143 104 29 question
1232 1141 24 23 of

706 1189 11 15 ,c
730 1185 22 18 to
765 1180 37 23 the
814 1179 134 23 defendants
959 1178 52 23 land
1023 1176 73 30 might
1107 1177 26 22 be
1147 1175 82 23 raised.

703 1220 47 24 Mr.
766 1219 105 30 Holroyd
882 1218 35 23 for
929 1218 37 23 the
986 1216 100 32 plaintiff
1103 1215 83 31 argued
1200 1215 57 28 that,

670 1255 38 22 the
727 1254 62 22 issue
810 1256 61 20 must
887 1252 28 22 be
936 1251 57 23 tried
1011 1258 25 15 as
1058 1249 66 24 made
1146 1256 32 23 up
1190 1257 6 20 ;
1220 1248 38 23 the

668 1286 123 25 defendant
809 1285 45 24 had
873 1284 85 23 waived
977 1284 36 23 his
1033 1283 59 31 right
1112 1288 22 17 to
1152 1282 107 31 question

669 1321 39 22 the
730 1319 122 31 plaintiff's
874 1318 55 28 title,
951 1317 29 30 by
991 1321 41 18 not
1049 1316 92 31 putting
1155 1317 18 21 it
1180 1315 29 23 'in
1223 1314 36 23 the

671 1354 75 29 pleas.

705 1392 123 30 Objection
842 1390 139 24 over-ruled.

706 1432 47 24 Mr.
769 1432 98 23 Hanson
886 1429 123 24 contended
1031 1429 47 24 that
1096 1430 18 22 it
1134 1436 46 16 was
1200 1427 63 24 clear

671 1467 51 24 that
733 1466 38 22 the
783 1465 132 31 legislature
925 1463 108 23 intended
1045 1469 21 17 to
1087 1467 95 26 prevent
1197 1462 64 22 these

672 1500 88 24 actions
777 1498 70 30 being
867 1497 98 31 brought
976 1497 22 22 in
1019 1496 46 23 this
1084 1496 79 28 Court,
1177 1494 86 30 having

672 1535 68 29 given
753 1531 30 25 all
795 1531 114 23 sufficient
919 1537 74 24 power
1002 1529 71 23 under
1085 1529 38 22 the
1136 1528 82 23 Suram
1224 1535 39 22 ary

675 1566 138 23 Conviction
826 1564 141 23 Ordinance.

708 1607 52 24 The
772 1606 74 31 Judge
863 1605 50 24 said
931 1605 48 24 that
997 1612 29 15 no
1047 1604 70 23 doubt
1137 1611 15 16 a
1169 1601 99 33 plaintiff

673 1641 75 31 might
760 1640 67 24 make
840 1639 36 23 his
886 1639 95 23 election
993 1639 25 21 in
1030 1637 38 23 the
1079 1644 63 16 same
1150 1644 57 23 way,
1217 1643 24 15 as
1254 1643 13 15 a

673 1682 56 17 man
741 1674 66 23 could
818 1672 73 24 either
902 1672 71 23 indict
983 1671 36 23 for
1032 1679 27 14 an
1080 1670 87 23 assault
1185 1674 24 18 at
1228 1668 39 24 the

675 1709 102 26 Quarter
795 1707 107 23 Sessions
922 1706 24 22 in
969 1704 115 31 England,
1110 1711 24 16 or
1155 1702 54 24 take
1231 1702 37 23 his

675 1749 54 16 case
739 1740 75 24 before
826 1748 14 15 a
853 1739 78 24 Police
945 1738 144 30 Magistrate,
1108 1737 49 22 who
1174 1735 44 24 had
1231 1735 37 23 the

675 1782 76 25 power
764 1779 22 18 to
798 1774 45 22 fine
859 1777 23 18 to
901 1772 38 23 the
957 1775 77 19 extent
1052 1771 25 23 of
1092 1771 36 23 £5
1138 1779 7 20 ;
1165 1770 41 22 but
1225 1768 43 24 this

676 1808 75 24 would
772 1808 40 22 bar
830 1806 37 23 his
885 1807 70 29 going
976 1810 21 18 to
1018 1804 37 24 the
1076 1804 107 23 Sessions
1201 1801 67 24 after-

678 1841 83 23 wards.

713 1874 51 24 The
776 1882 51 15 case
840 1872 54 24 then
905 1871 132 33 proceeded,
1056 1870 45 24 and
1118 1869 38 24 the
1174 1868 101 32 plaintiff

680 1907 73 26 called
764 1907 59 23 John
837 1906 144 27 Kilmiuster,
993 1905 66 23 Isaac
1073 1904 108 27 M'Kain,
1195 1902 76 24 James

680 1940 111 29 M'Kain,
804 1940 91 30 George
905 1938 99 28 Pilcher,
1018 1937 44 23 and
1074 1937 102 23 William
1190 1935 82 28 Knott,

680 1975 50 24 who
743 1973 82 32 proved
838 1972 49 24 that
899 1972 68 23 about
979 1972 33 22 60
1025 1970 57 24 head
1101 1970 25 23 of
1145 1970 67 23 cattle
1229 1968 44 24 had

682 2010 58 22 from
753 2008 54 22 time
825 2011 24 18 to
868 2006 54 23 time
944 2003 128 32 trespassed
1091 2011 30 16 on
1139 2003 40 23 the
1199 2001 74 32 plain-

682 2041 56 24 tiff's
748 2040 62 29 land,
821 2039 45 23 and
878 2038 108 31 damaged
997 2038 36 22 his
1045 2045 75 23 crops.

717 2074 41 23 To-
765 2072 127 24 contradict
904 2072 46 22 this
969 2069 105 25 evidence
1095 2070 38 22 the
1154 2069 122 23 defendant

684 2107 72 25 called
766 2105 103 25 Richard
882 2105 93 27 Milner,
988 2104 45 22 and
1044 2104 91 29 George
1148 2102 104 24 Pilcher.

720 2145 48 23 Mr.
790 2144 107 26 Hanson,
918 2143 35 23 for
971 2142 38 23 the
1028 2142 99 27 defence,
1150 2139 126 24 contended

686 2180 50 24 that
747 2178 39 23 the
802 2177 54 24 land
877 2184 45 15 was
942 2179 39 19 not
997 2174 106 32 properly
1123 2173 79 24 fenced
1211 2182 6 20 ;
1238 2172 39 23 but

684 2213 38 24 his
736 2212 80 23 Honor
826 2210 50 23 said
887 2210 45 22 this
943 2217 44 14 was
1000 2212 39 19 not
1049 2215 121 22 necessary
1190 2208 23 21 in
1233 2205 44 24 this

686 2253 52 17 case
748 2255 7 19 ;
775 2245 55 27 also,
850 2245 30 29 by
903 2243 38 22 the
953 2242 113 26 evidence,
1078 2241 25 23 in
1114 2240 36 23 his
1162 2240 91 31 opinion
1266 2247 13 15 a

687 2279 115 25 sufficient
814 2278 64 22 fence
894 2276 45 23 hud
958 2276 56 22 been
1034 2279 39 26 put
1092 2281 39 23 up.
1179 2273 62 24 That
1262 2272 17 23 it

688 2320 46 17 was
745 2318 120 23 necessary
878 2316 21 17 to
911 2316 68 24 prove
998 2308 46 23 this
1062 2309 23 21 in
1105 2307 38 23 the
1164 2313 115 24 summary

689 2345 126 25 conviction
828 2349 37 18 act
873 2352 6 20 ;
903 2344 42 22 but
955 2342 35 23 the
1003 2341 72 23 words
1120 2339 159 30 substantially

808 2378 45 25 had
863 2378 59 23 been
932 2375 133 24 introduced
1082 2375 50 22 into
1151 2373 38 23 the
1210 2372 70 24 Ordi-

689 2420 73 18 nance
774 2418 23 18 at
809 2420 13 15 a
833 2419 54 22 very
900 2411 45 23 late
958 2408 77 32 period
1053 2408 77 23 before
1151 2407 39 23 the
1211 2406 69 23 Ordi-

691 2454 72 17 nance
776 2453 43 16 was
830 2444 92 32 passed.
971 2442 22 23 It
1014 2449 45 15 was
1076 2441 49 23 well
1137 2440 86 24 known
1235 2439 47 23 ihat

692 2481 39 23 the
742 2479 40 23 bill
793 2480 22 22 in
824 2479 31 22 its
866 2478 52 23 first
929 2481 57 19 state
1006 2483 45 15 was
1068 2479 51 18 sent
1139 2474 65 23 down
1223 2473 58 23 from

692 2513 124 26 Auckland
827 2511 96 24 without
934 2510 63 23 these
1014 2508 81 28 words,
1119 2507 44 24 and
1182 2507 38 23 the
1239 2506 44 24 late

694 2547 78 25 Police
791 2546 146 30 Magistrate,
955 2543 47 23 Mr.
1029 2541 109 32 Murphy,
1157 2540 46 24 had
1221 2539 64 24 acted

694 2587 59 25 upon
767 2580 24 28 it,
805 2579 44 24 and
860 2578 61 23 fined
932 2577 39 23 the
982 2576 85 31 parties
1086 2574 117 31 offending
1220 2573 64 23 when

694 2622 30 16 no
736 2613 64 24 fence
812 2613 113 23 whatever
937 2618 45 15 was
993 2613 42 28 put
1046 2617 31 23 up
1087 2617 7 21 ;
1114 2616 43 15 one
1176 2608 22 23 in
1214 2607 71 31 parti-

695 2647 63 25 cular
770 2654 44 15 was
826 2654 14 15 a
851 2653 55 23 very
918 2645 71 29 heavy
1000 2650 51 21 one,
1059 2643 28 23 he
1098 2641 89 24 alluded
1195 2645 23 19 to
1227 2640 59 24 Rid-

696 2680 94 26 diford's
802 2688 51 15 case
861 2688 7 17 ;
889 2680 40 22 but
949 2677 37 23 the
1005 2676 73 23 words
1126 2673 161 31 substantially

696 2714 80 25 fenced
819 2712 67 24 could
904 2716 41 19 not
956 2709 67 32 apply
1034 2709 62 28 here,
1106 2709 18 23 it
1137 2716 45 16 was
1195 2715 14 15 a
1220 2714 67 23 ques-

698 2749 48 24 tion
766 2747 100 24 whether
884 2746 39 23 the
942 2751 73 16 owner
1042 2742 24 24 of
1092 2742 63 30 large
1178 2741 68 23 herds
1266 2740 25 23 of

699 2781 68 25 cattle
778 2788 57 16 were
853 2784 41 19 not
914 2777 76 25 bound
1008 2781 24 19 to
1047 2776 65 24 fence
1131 2775 62 23 them
1211 2774 33 27 in,
1265 2780 24 16 or

699 2815 101 24 whether
810 2814 58 23 their
880 2812 138 31 neighbours
1030 2817 57 16 were
1104 2815 22 17 to
1145 2808 65 24 fence
1228 2807 61 24 them

700 2850 59 23 out?
805 2847 72 24 What
900 2845 72 24 would
994 2845 94 22 become
1112 2843 24 23 of
1163 2841 39 24 the
1225 2839 66 25 small

700 2884 84 23 farmer
795 2881 20 24 if
823 2880 39 24 the
873 2880 68 23 latter
953 2877 81 25 should
1045 2877 28 23 be
1082 2875 97 25 insisted
1188 2881 68 25 upon,

734 2916 97 24 Verdict
842 2914 36 24 for
889 2911 104 34 plaintiff,
1007 2911 63 30 eight
1080 2909 99 31 pounds.

737 2949 47 24 Mr.
799 2949 100 23 Hanson
915 2944 121 32 requested
1047 2944 38 23 the
1103 2943 64 31 point
1178 2940 74 32 might
1262 2939 29 24 be

703 2982 112 28 reserved,
827 2982 42 23 but
881 2981 38 22 the
936 2978 73 30 Judge
1028 2976 48 24 said
1096 2977 24 22 in
1133 2975 48 23 this
1193 2982 52 16 case
1264 2973 28 23 he

704 3016 70 24 found
785 3015 50 24 that
846 3022 12 16 a
871 3013 114 24 sufficient
995 3011 64 23 fence
1076 3009 44 24 had
1132 3008 58 24 been
1208 3012 41 27 put
1261 3014 31 23 up

705 3051 29 30 by
746 3050 38 23 the
802 3046 106 34 plaintiff,
927 3045 44 24 and
991 3043 47 24 Mr.
1059 3043 99 23 Hanson
1176 3040 116 25 withdrew

706 3083 37 24 the
755 3081 123 32 objection.

739 3115 52 25 The
803 3121 51 17 case
861 3111 108 33 occupied
978 3110 38 23 the
1027 3111 72 23 Court
1108 3108 38 24 the
1156 3108 72 23 whole
1240 3107 52 29 day,

706 3158 26 15 as
743 3149 39 23 the
793 3146 108 33 speeches
915 3146 24 22 of
949 3144 91 24 counsel
1058 3151 25 15 as
1094 3142 52 23 well
1157 3149 25 16 as
1195 3141 38 24 the
1245 3140 47 23 evi-

707 3183 71 23 dence
789 3188 58 16 were
859 3187 54 21 very
925 3179 61 29 long.

44 155 45 24 had
101 155 19 22 it
131 155 24 22 in
165 154 37 23 his
214 160 75 24 power
301 157 23 19 to
336 151 66 24 settle
414 151 38 23 the
463 150 65 25 Land
541 151 84 24 Claims

45 190 35 24 for
101 188 45 22 this
166 186 90 23 district
274 185 78 24 twelve
369 183 92 24 months
481 191 48 23 ago.
567 184 59 25 How

45 220 46 25 and
106 219 52 31 why
178 218 38 24 did
235 218 28 24 he
283 222 41 18 not
340 216 108 24 conclude
465 216 59 24 them
542 222 23 18 at
579 217 48 24 that

46 256 55 23 time
110 254 10 24 ?
155 252 64 24 Does
231 252 29 22 he
278 255 40 18 not
336 249 66 24 think
414 249 49 24 that
472 249 29 24 he
510 250 42 24 has
565 250 62 24 acted

47 286 85 31 cruelly
149 284 45 24 and
212 287 61 20 most
291 282 79 31 fatally
388 287 23 19 to
429 282 37 24 the
485 284 103 23 interests
606 284 24 22 of

47 320 38 25 the
99 318 87 30 Colony
194 318 10 22 ?
366 338 9 9 .

81 352 46 24 Let
138 351 46 23 him
205 348 54 25 look
279 348 85 24 around
383 357 30 15 on
430 357 66 23 every
506 348 122 25 individual

47 388 25 22 in
84 385 45 24 this
139 384 65 31 place
215 387 25 18 at
250 381 38 24 the
299 386 92 26 present
402 386 106 25 moment,
520 382 45 23 and
576 382 52 23 look

48 417 60 26 back
130 423 21 17 to
171 416 61 23 what
249 415 57 30 they
320 422 56 16 were
393 415 79 31 nearly
484 413 60 25 three
564 423 64 22 years

48 459 43 25 ago
97 460 7 20 ;
120 451 40 31 joy
172 449 44 23 and
228 448 59 30 hope
307 454 46 17 was
372 448 25 23 in
416 456 67 22 every
494 448 61 23 one's
573 447 55 30 face,

49 485 44 25 and
110 490 50 16 now
170 482 52 23 ruin
235 481 129 31 inevitably,
378 480 78 24 unless
465 480 127 31 something
602 480 28 24 he

51 517 93 33 quickly
155 515 58 24 done
230 515 36 23 for
287 522 42 16 our
347 514 72 29 relief,
438 518 70 19 stares
525 521 28 16 us
565 513 30 24 all
607 515 23 21 in

49 553 38 23 the
105 550 59 23 face.
200 548 13 23 I
225 548 87 23 believe
322 547 30 24 he
369 548 43 22 has
432 555 13 15 a
463 546 78 24 liberal
558 546 73 31 salary

50 586 34 23 for
94 583 38 24 the
143 581 108 24 situation
263 581 75 23 which
348 581 28 23 he
388 587 51 16 now
454 581 103 30 occupies
565 588 7 21 ;
590 579 40 23 has

51 619 27 23 he
95 614 112 25 therefore
219 614 65 23 acted
297 620 25 17 as
334 614 28 23 he
373 613 72 31 ought
456 618 23 18 to
489 613 54 23 have
555 612 56 24 done
619 613 11 23 ?

51 651 36 24 No
96 650 5 23 !
116 649 27 22 he
155 649 20 22 is
187 647 73 24 either
268 646 124 27 inefficient
403 654 26 16 or
440 646 127 23 indifferent
575 654 25 15 as
609 651 22 17 to

51 685 48 23 how
110 682 29 23 he
151 685 48 20 acts
212 688 25 16 as
258 680 116 30 Principal
395 680 78 30 Agent
485 684 21 18 to
517 679 38 23 the
576 678 55 24 New

52 715 99 26 Zealand
172 714 127 31 Company.
336 713 12 23 1
368 713 58 23 have
444 720 28 15 no
489 712 68 23 doubt
567 712 28 22 he
612 712 19 22 is

52 750 49 24 able
111 748 92 30 enough
214 747 36 23 for
259 747 38 23 the
309 746 107 23 situation
426 745 28 23 be
463 752 49 16 now
521 745 110 29 occupies,

51 784 41 23 but
111 781 38 24 his
172 780 141 31 willingness
336 783 22 19 to
381 783 37 19 act
430 779 19 21 is
461 778 92 22 another
565 785 66 22 ques-

53 818 54 20 tion.

85 848 30 24 In
129 855 12 16 a
151 846 118 32 pamphlet
287 844 70 30 lately
368 842 121 32 published
501 843 21 22 in
537 842 96 23 London

53 884 29 30 by
101 888 41 17 one
170 879 26 24 of
214 886 42 16 our
278 878 45 24 late
343 877 75 23 fellow
437 875 112 29 colonists,
569 875 27 23 he
614 875 20 23 is

54 914 72 33 styled
145 921 13 15 a
177 912 113 23 sinecure.
327 909 13 24 I
359 909 88 24 believe
467 916 65 23 every
543 907 91 31 upright

55 947 105 30 thinking
170 953 54 16 man
235 945 26 23 in
272 944 46 24 this
331 943 88 30 Colouy
432 942 112 23 considers
558 942 46 22 this
612 946 22 17 to

54 983 27 22 be
94 981 37 23 the
142 979 72 23 t«-utb.

88 1015 69 23 From
169 1018 62 17 want
243 1011 25 24 of
276 1010 51 24 feed
337 1009 35 24 for
384 1016 42 16 our
439 1008 72 29 stock,
524 1008 45 24 and
579 1008 56 22 from

55 1053 39 20 not
103 1047 85 29 having
199 1045 130 32 possession
341 1043 24 24 of
373 1050 42 16 our
426 1049 49 17 own
485 1042 58 28 land,
553 1042 83 30 parties

55 1083 56 23 have
130 1079 25 24 of
174 1079 45 23 late
238 1079 58 23 been
317 1077 76 30 trying
414 1081 22 18 to
457 1075 51 23 take
527 1075 67 23 cattle
615 1079 22 18 to

56 1115 132 28 Wairarapa
199 1112 85 30 merely
291 1110 36 23 for
337 1110 103 30 grazing,
449 1109 56 23 until
517 1109 55 22 sucli
584 1109 53 22 time

57 1157 24 15 as
100 1148 53 29 they
163 1152 59 17 were
240 1150 42 25 put
297 1145 24 21 in
339 1143 129 30 possession
482 1142 23 22 of
518 1142 60 22 their
590 1149 47 14 own

56 1181 73 23 lands.

92 1215 24 24 A
127 1211 153 31 subscription
301 1216 45 16 was
365 1216 30 15 on
416 1208 37 24 the
473 1208 57 30 tapis
549 1208 35 22 for
602 1207 37 23 the

58 1248 97 29 blowing
160 1253 29 23 up
198 1245 25 22 of
228 1243 76 28 rocks,
314 1243 51 27 &c,
372 1246 23 18 to
404 1241 67 23 make
480 1241 46 22 that
536 1240 103 31 passable

59 1283 31 22 for
104 1279 63 24 stock
179 1279 29 30 by
220 1277 39 23 the
270 1276 78 28 beach,
357 1274 66 23 when
431 1281 27 15 an
469 1274 171 23 advertisement

59 1313 108 34 appeared
187 1312 24 23 in
231 1317 58 24 your
310 1309 45 23 last
374 1315 69 24 paper
464 1307 79 30 signed
564 1307 29 30 by
605 1307 34 22 his

60 1349 81 24 Honor
162 1345 37 24 the
217 1342 197 33 Superintendent
432 1340 34 23 for
485 1340 35 23 the
532 1340 107 23 southern

61 1382 95 24 division
169 1378 24 23 of
209 1378 57 23 New
285 1375 108 28 Zealand,
407 1375 85 29 stating
504 1373 47 23 that
570 1374 16 22 it
599 1373 41 23 had

61 1417 56 23 been
128 1411 146 33 represented
285 1415 23 18 to
318 1409 47 23 him
377 1408 51 23 that
437 1408 80 29 parties
527 1414 57 15 were
595 1410 46 27 try-

62 1451 39 28 ing
111 1452 23 18 to
146 1446 90 30 acquire
248 1453 14 15 a
281 1446 106 29 property
400 1442 23 22 in
442 1441 82 22 certain
542 1440 100 30 portions

62 1491 25 16 or
97 1484 70 21 tracts
178 1479 25 23 of
211 1478 54 24 land
276 1479 23 21 in
312 1477 56 23 New
381 1473 109 27 Zealand,
512 1474 58 23 Now
583 1472 12 24 I
607 1480 35 15 am

62 1520 41 20 not
113 1521 70 17 aware
195 1512 26 23 of
230 1519 45 23 any
285 1510 86 31 private
381 1514 65 26 party
456 1507 94 28 wishing
560 1510 21 19 to
590 1513 53 24 pur-

64 1550 66 23 chase
141 1547 24 23 in
175 1545 39 24 the
226 1544 134 30 Wairarapa
370 1543 96 26 district,
480 1540 59 23 altho
541 1540 5 9 1
560 1539 82 24 dozens

65 1583 25 24 of
104 1580 77 33 people
193 1578 75 24 would
279 1576 96 33 proceed
390 1575 63 24 there
465 1573 150 30 immediately
627 1573 20 23 if

66 1617 51 29 they
138 1612 65 24 could
222 1611 55 23 with
299 1610 73 28 stock,
393 1608 73 24 which
490 1615 35 15 are
547 1606 97 30 literally

66 1648 99 29 starving
176 1647 24 22 in
220 1645 46 23 this
278 1644 72 32 place.
387 1643 25 23 It
430 1640 46 25 will
488 1641 23 23 of
526 1647 80 16 course
616 1640 29 23 be

65 1682 50 25 well
125 1681 84 23 known
219 1678 51 24 who
283 1678 40 23 has
334 1677 59 23 been
413 1683 24 17 so
456 1674 54 24 wide
530 1672 78 24 awake
621 1673 24 22 in

67 1714 154 33 representing
233 1712 45 23 this
290 1715 24 19 to
324 1710 36 23 his
372 1709 92 24 Honor.
496 1706 54 25 Had
562 1707 17 23 it
590 1706 55 23 been

68 1757 42 23 any
122 1747 64 31 thing
198 1747 49 23 that
258 1744 73 24 would
342 1743 58 24 have
419 1741 103 25 enriched
538 1748 13 16 a
564 1740 83 23 certain

68 1787 71 28 party,
158 1780 106 24 however
281 1777 93 24 baneful
393 1781 24 18 to
442 1775 38 24 the
499 1775 105 22 interests
624 1773 23 23 of

67 1817 44 23 this
123 1814 87 30 colony,
221 1814 20 22 it
250 1813 21 23 is
292 1818 54 23 very
362 1810 74 30 likely
447 1809 49 23 that
513 1807 88 24 neither
612 1806 35 23 his

69 1850 80 23 Honor
167 1855 42 16 nor
228 1846 38 24 the
285 1844 117 28 colonists,
421 1842 73 23 would
522 1848 52 16 ever
593 1840 54 23 have

68 1883 68 22 heard
147 1881 24 24 of
185 1881 27 23 it.

103 1916 24 23 It
137 1916 20 22 is
169 1914 25 23 of
209 1917 65 27 great
293 1917 155 25 consequence
460 1914 23 18 to
495 1907 36 24 the
543 1907 107 23 colonists

71 1949 48 24 that
127 1948 44 23 this
183 1947 51 24 said
253 1945 175 24 advertisement
438 1943 41 22 has
491 1940 110 32 appeared
610 1947 4 16 :
633 1940 18 21 it

72 1982 44 23 will
128 1981 66 24 make
206 1980 84 31 parties
302 1978 31 31 (if
348 1978 64 23 there
425 1983 58 16 were
494 1973 55 32 any)
562 1973 86 23 discon-

71 2017 62 23 tinue
150 2015 39 23 the
206 2017 96 26 attempt
320 2011 25 23 of
359 2009 138 34 purchasing
514 2015 25 16 or
557 2006 93 30 leasing,

72 2050 101 23 however
184 2045 57 26 hard
261 2047 18 23 it
299 2046 21 23 is
338 2049 22 19 to
382 2043 80 24 hinder
474 2043 58 22 them
546 2041 57 23 from
615 2039 37 23 the

73 2083 74 27 latter,
157 2081 66 23 when
236 2079 52 31 they
301 2082 82 20 cannot
392 2083 94 24 procure
495 2074 52 23 land
556 2079 21 17 to
587 2079 66 24 graze

75 2116 57 23 their
143 2114 75 23 stock.
244 2113 22 23 It
277 2113 21 25 fr
309 2111 49 24 said
370 2111 18 22 it
399 2109 46 23 will
457 2109 49 30 give
517 2107 39 23 the
567 2106 86 24 natives

75 2149 36 23 the
124 2149 49 23 idea
192 2147 50 23 that
261 2146 53 30 tbcty
333 2143 72 31 ought
424 2147 21 18 to
465 2142 53 22 have
538 2147 63 16 more
619 2138 36 23 for

75 2183 74 27 their,,
149 2180 53 25 land
220 2180 58 23 from
298 2169 38 43 ijhe
356 2178 125 28 Company.
516 2173 24 24 It
561 2180 50 23 may
627 2171 28 23 do

76 2216 52 29 this,
139 2215 42 24 hut
193 2214 50 30 why
255 2203 62 33 does\
329 2216 40 18 not
389 2210 59 22 their
459 2206 110 33 principal
580 2206 77 30 Agent

76 2249 109 32 purchase
201 2248 19 23 it
239 2244 162 30 immediately,
421 2242 63 26 wheji
502 2241 27 23 be
550 2247 49 16 sees
617 2238 36 26 the

76 2283 110 29 necessity
206 2281 24 23 of
246 2281 17 22 it
282 2279 34 23 for
335 2278 37 24 the
391 2276 60 31 good
472 2275 23 23 of
510 2274 37 23 the
568 2272 89 32 colony,

76 2317 43 24 and
131 2319 65 28 grant
208 2314 95 31 grazing
323 2312 97 23 licenses
433 2309 57 23 until
501 2308 56 24 such
570 2309 51 22 time
634 2316 24 15 a*

77 2352 18 22 it
116 2358 40 15 can
176 2349 28 23 be
225 2346 112 31 surveyed
357 2344 44 24 and
422 2342 56 24 sold.
521 2342 41 23 He
580 2341 79 24 should

76 2385 66 23 know
155 2382 49 23 that
215 2381 63 24 there
290 2387 39 16 are
340 2384 40 18 not
395 2384 69 22 many
476 2376 83 31 parties
576 2382 49 16 now
636 2375 24 23 in

77 2418 45 23 this
133 2416 81 30 colony
226 2414 51 24 able
290 2419 22 18 to
324 2412 111 32 purchase
452 2410 95 23 sections
561 2408 24 24 of
599 2408 60 24 land.

112 2450 24 25 It
146 2453 69 24 must,
229 2446 118 29 therefore,
359 2445 29 24 be
399 2443 125 32 purchased
535 2443 31 30 by
577 2443 83 30 parties

77 2483 117 30 intending
203 2486 22 20 to
238 2481 116 30 emigrate,
364 2486 34 21 or,
409 2486 24 15 as
443 2476 71 28 usual,
527 2476 31 31 by
570 2475 92 24 another

80 2523 47 19 sort
137 2516 73 24 which
222 2523 36 16 are
271 2513 87 25 hurtful
369 2520 25 15 as
406 2516 38 26 yet
458 2516 22 17 to
500 2510 35 23 the
557 2510 105 22 interests

79 2551 25 24 of
117 2544 46 30 this
171 2549 90 30 colony,
273 2547 90 30 namely
364 2558 34 5 —
399 2546 134 23 Absentees.
577 2542 34 24 Of
625 2542 39 23 the

80 2585 81 23 former
174 2583 13 23 I
199 2583 28 23 do
238 2587 39 19 not
293 2580 66 24 think
377 2586 69 23 many
464 2577 44 24 will
528 2584 63 16 come
611 2575 53 24 here

80 2618 57 23 until
156 2626 15 15 a
185 2624 63 16 more
264 2615 99 24 efficient
381 2620 83 25 person
481 2610 43 25 fills
549 2610 37 23 the
607 2609 60 23 chief

81 2651 114 27 situation,
213 2657 27 16 so
262 2649 47 22 that
326 2647 56 31 they,
391 2654 51 22 may
455 2648 38 28 get
504 2644 125 31 possession
643 2643 25 23 of

81 2685 57 23 their
164 2683 62 24 land.
281 2681 82 23 Would
381 2688 44 23 any
444 2686 42 16 one
507 2678 23 22 in
560 2675 106 32 England

82 2718 56 24 have
149 2716 72 30 acted,
232 2724 25 15 as
276 2715 27 24 he
316 2715 40 23 has
372 2714 67 28 done,
452 2717 22 18 to
493 2711 36 23 the
540 2709 125 24 communi-

83 2756 24 26 ty
125 2756 23 19 at
173 2751 64 31 large
258 2749 80 24 there?
384 2746 40 25 He
443 2744 71 24 would
531 2751 57 17 soon
612 2744 56 23 have

84 2785 68 24 found
163 2785 19 25 it
193 2782 104 29 difficult,
310 2781 46 25 and
365 2781 18 24 I
391 2780 59 31 hope
462 2779 35 24 for
507 2778 37 23 the
554 2777 73 24 future
639 2776 29 24 he

84 2819 46 23 will
135 2818 46 24 find
190 2818 18 22 it
213 2825 26 16 so
247 2821 36 19 too
290 2815 66 25 here.-
373 2815 49 23 His
430 2812 137 30 Excellency
575 2810 94 32 Captain

85 2852 100 31 Fitzroy,
209 2858 27 16 so
257 2850 36 23 far
310 2857 25 15 as
357 2852 47 27 yet,
426 2847 41 23 has
486 2845 61 24 acted
566 2845 35 23 his
619 2847 52 29 part

86 2886 53 23 with
150 2884 98 30 actively
258 2883 45 23 and
314 2881 58 31 well,
385 2881 21 23 if
421 2887 67 23 every
505 2886 41 16 one
566 2878 45 23 else
625 2876 46 24 had

86 2920 57 23 done
152 2927 33 20 so,
197 2925 35 16 we
244 2916 74 24 would
330 2920 40 19 not
379 2914 30 23 be
421 2921 24 16 as
456 2920 34 15 we
498 2919 49 16 now
558 2919 46 15 are.

121 2953 49 23 Can
180 2950 99 30 nothing
290 2949 28 23 be
330 2948 57 24 done
407 2952 23 20 to
443 2946 66 23 assist
519 2945 25 23 in
557 2944 115 31 obviating

89 2994 41 16 our
140 2984 56 25 evils
206 2984 17 24 V
253 2982 26 25 If
293 2982 37 23 his
342 2981 142 29 Excellency
495 2978 96 31 Captain
603 2978 66 23 Fitz-

89 3027 41 23 roy
140 3020 21 23 is
172 3023 24 18 to
208 3017 54 23 visit
272 3024 28 15 us
321 3022 64 21 soon,
404 3014 33 22 let
451 3020 28 16 us
490 3012 27 22 be
527 3010 111 33 prepared
650 3011 24 22 in

89 3053 43 24 full
142 3052 59 24 form
213 3055 24 19 to
248 3049 97 32 petition
355 3048 49 24 him
425 3051 21 18 to
464 3046 102 23 examine
577 3045 47 22 into
637 3043 37 23 the

89 3089 93 29 present
194 3088 59 20 state
264 3083 25 23 of
304 3082 85 30 things,
403 3080 45 24 and
459 3079 13 23 I
493 3078 54 24 have
566 3085 29 16 no
607 3076 69 24 doubt

89 3121 42 23 bat
139 3119 31 23 he
181 3117 46 24 will
239 3115 127 30 materially
378 3120 91 18 remove
485 3119 38 16 our
535 3110 137 24 difficulties.

91 3152 117 25 Likewise
214 3151 34 24 let
256 3157 27 17 us
291 3149 95 32 petition
396 3146 48 24 him
451 3150 23 19 to
483 3148 65 31 grant
552 3144 97 23 licences
653 3148 23 18 to

91 3193 68 24 graze
170 3186 25 24 in
206 3184 39 24 the
257 3181 134 33 Wairarapa
403 3179 81 31 valley,
495 3178 59 24 uutil
564 3178 19 23 it
594 3178 19 22 is
625 3184 51 16 sur-

95 3220 70 31 veyed
176 3219 46 24 and
234 3216 59 25 sold.

126 3253 44 23 We
180 3253 59 23 have
250 3250 69 25 much
331 3256 68 17 cause
416 3252 22 19 to
458 3245 110 33 grumble,
587 3243 40 24 but
646 3250 33 16 we

94 3294 39 17 are
140 3292 36 18 too
187 3292 57 25 poor
256 3291 57 17 even
324 3283 35 24 for
370 3281 52 25 that
431 3290 6 20 ;
459 3280 41 23 but
515 3279 18 23 it
545 3278 46 24 will
601 3281 39 20 not
651 3276 28 25 do

94 3320 55 31 long
157 3323 23 20 to
193 3318 63 24 drive
267 3316 80 33 people
358 3316 126 31 desperate,
497 3321 26 15 no
542 3319 43 16 on
592 3319 14 16 3
604 3310 76 31 surely

95 3362 42 15 can
149 3351 55 25 look
215 3351 83 30 calmly
309 3358 29 16 on
350 3349 46 25 and
413 3356 38 16 see
470 3346 93 25 himself
578 3345 68 32 going
657 3349 24 18 to

95 3387 53 24 ruin
156 3386 31 30 by
197 3384 41 24 the
249 3388 51 20 acts,
309 3383 25 24 of
349 3391 42 16 one
401 3388 90 26 person.

131 3419 49 24 Can
189 3425 55 24 you,
265 3416 49 24 Mr.
336 3416 88 27 Editor,-
434 3428 3 3 •
443 3415 87 23 inform-
542 3421 28 17 us
589 3412 50 24 how
660 3415 22 20 to

98 3457 37 21 act
143 3452 57 24 with
211 3449 81 32 regard
304 3454 23 19 to
339 3448 38 24 the
388 3448 133 30 Wararapa.
557 3447 37 31 By
606 3446 77 32 giving

96 3486 111 33 publicity
217 3489 25 19 to
253 3488 38 19 toe
301 3482 70 24 above
382 3481 112 28 remarks,
505 3489 42 22 you
559 3480 47 40 wi|l
616 3479 67 24 much

98 3520 82 31 oblige,

235 3549 86 25 Your's
332 3546 156 33 respectfully,
500 3546 23 24 A
534 3546 133 24 Colonist.

97 3614 145 28 COUNTY
273 3609 128 29 COURT,
435 3607 235 25 WELLINGTON

269 3655 99 25 Maech
388 3654 40 26 19,
447 3652 71 24 1844.

101 3699 86 30 Before
209 3695 48 26 His
279 3693 83 25 Honor
382 3690 34 25 E.
437 3687 27 27 S.
485 3687 122 31 Hahvell,
625 3687 51 33 Esg

926 3239 99 22 March
1037 3240 40 21 20.

743 3273 73 28 After'
829 3275 39 23 the
886 3272 100 32 disposal
997 3272 26 23 of
1037 3278 64 16 some
1120 3269 89 30 trifl'ng
1226 3275 72 20 cases,

709 3310 103 24 William
823 3307 120 25 Peckham
953 3306 48 23 who
1014 3304 44 24 had
1069 3304 58 23 been
1139 3300 160 34 apprehended

710 3352 46 16 was
769 3340 149 27 surrendered
929 3340 31 30 by
968 3339 36 23 his
1015 3337 55 25 bail.
1106 3336 25 24 It
1142 3334 111 33 appeared
1265 3334 36 23 his

711 3382 40 20 not
762 3375 162 29 surrendering
934 3374 38 22 the
985 3372 43 30 day
1040 3371 76 24 before
1127 3377 47 16 was
1186 3368 74 30 owing
1273 3372 23 17 to

711 3414 123 29 ignorance
846 3408 46 24 and
903 3407 144 24 inattention.

748 3445 47 24 His
816 3442 85 25 Honor
922 3440 57 29 said,
998 3439 32 23 he
1049 3437 74 25 would
1143 3435 89 25 consult
1252 3433 49 24 Mr.

714 3478 88 26 Justice
812 3476 128 32 Chapman,
953 3473 49 24 who
1013 3480 45 15 was
1075 3472 26 22 in
1112 3470 39 24 the
1162 3468 105 31 building
1277 3475 26 15 as

715 3518 32 19 to.
755 3511 101 24 whether
875 3509 39 23 the
933 3508 104 31 prisoner
1048 3503 63 34 (who
1128 3503 68 24 could
1216 3506 40 19 not
1274 3501 29 23 be

715 3546 58 24 tried
786 3552 50 17 now
849 3551 25 16 as
885 3542 37 24 the
931 3542 54 32 jury
997 3547 59 17 were
1068 3535 156 33 discharged,)
1231 3533 73 25 would

715 3584 40 19 not
767 3580 28 23 be
807 3576 96 26 enabled
911 3580 23 20 to
944 3575 28 23 be
984 3574 58 24 tried
1051 3577 23 19 at
1085 3572 39 23 the
1136 3574 57 21 next
1202 3567 104 26 criminal

717 3617 73 25 court,
802 3612 38 24 the
853 3611 113 31 Supreme
979 3608 73 24 Court
1062 3604 74 25 which
1148 3602 76 26 would
1241 3602 30 23 sit
1281 3602 25 22 in

718 3654 14 15 a
739 3646 42 23 few
789 3645 64 31 days.
889 3643 44 23 We
943 3640 139 26 understand
1091 3643 43 19 two
1143 3638 116 31 prisoners
1269 3642 37 15 are

718 3678 131 24 committed
869 3682 23 19 to
916 3676 38 24 the
972 3676 112 30 Supreme
1103 3673 73 23 Court
1196 3669 36 25 for
1256 3666 52 25 trial

718 3711 51 24 who
781 3711 73 30 might
869 3711 58 23 have
939 3710 58 23 been
1008 3712 53 27 put.
1066 3713 63 24 upon
1141 3704 58 24 their
1211 3702 96 24 deliver-

720 3752 55 16 ence
785 3749 25 18 at
820 3744 39 23 the
870 3748 94 26 present
975 3742 91 29 County
1080 3740 85 23 Court-

755 3783 40 25 On
815 3783 38 23 his
873 3787 78 20 return
969 3782 38 23 his
1028 3781 84 24 Honor
1122 3798 3 7 ,
1132 3777 57 28 said,
1209 3776 48 24 that
1279 3773 31 25 he

723 3816 82 26 should
812 3819 133 21 re-commit
953 3815 37 24 the
1002 3815 103 32 prisoner
1113 3816 23 20 to
1148 3810 54 25 take
1210 3810 37 24 his
1258 3807 53 24 trial

723 3856 23 19 at
757 3850 39 24 the
806 3854 57 19 next
871 3849 90 31 County
969 3849 80 27 Court,
1061 3845 46 26 and
1114 3848 79 28 accept
1201 3842 39 25 the
1249 3847 63 18 same

722 3884 55 25 hail.
812 3882 49 24 Mr.
875 3882 87 23 Justice
974 3882 120 29 Chapman
1104 3879 77 31 being:
1185 3876 26 25 of
1221 3874 92 33 opinion

725 3918 49 24 that
784 3924 30 16 no
831 3915 67 24 harm
996 3914 30 24 be
1037 3913 59 25 done
1105 3911 51 25 "the'
1164 3911 111 32 prisoner,
1288 3914 25 16 as

724 3952 29 24 he
766 3948 79 28 vroull
892 3947 107 25 admitted
1012 3950 23 20 to
1047 3946 56 24 bail;

138 3757 106 26 William
262 3753 114 26 Peckham
395 3750 98 32 charged
510 3750 56 24 with
593 3749 99 30 stealing

105 3798 44 20 two
159 3792 78 32 pieces
248 3788 27 24 of
287 3786 80 33 plank,
379 3785 41 24 the
439 3788 103 28 property
541 3782 40 34 \of
598 3781 95 24 Samuel

106 3828 93 28 George
211 3824 73 31 Pope,
295 3828 47 17 was
362 3823 41 20 out
424 3826 29 16 on
470 3817 44 24 bail
533 3816 46 24 and
594 3814 39 25 did
652 3818 41 20 not

110 3857 130 28 surrender.

141 3892 94 31 George
255 3887 87 31 Phelps
361 3885 45 25 and
426 3884 83 25 Edwm
529 3884 104 23 Swallow
654 3884 40 20 the

108 3927 55 28 bail,
174 3932 61 18 were
247 3921 73 26 called
331 3920 45 24 and
388 3918 39 25 did
437 3922 40 21 not
491 3916 125 25 surrender.

142 3958 121 26 Peckham
282 3963 47 18 was
346 3952 96 27 ordered
463 3955 23 21 to
509 3951 29 25 be
557 3949 68 25 taken
646 3948 48 24 into

110 3992 104 32 custody.

1341 2255 37 30 By
1390 2253 37 24 the
1440 2253 153 23 Government
1606 2250 50 29 brig
1670 2246 108 28 Victoria,
1795 2244 97 32 Captain

1308 2287 123 27 Richards,
1444 2285 72 24 which
1524 2283 89 24 arrived
1624 2290 29 15 on
1667 2280 91 30 Sunday
1771 2279 52 28 last,
1837 2279 57 22 from

1308 2320 131 28 Auckland,
1445 2319 89 30 -having
1546 2316 72 24 called
1630 2323 27 16 on
1670 2314 40 23 her
1721 2320 49 23 way
1782 2317 23 18 at
1823 2311 73 24 Taia-

1308 2355 64 28 naki,
1395 2361 33 16 we
1447 2351 101 24 received
1571 2356 80 24 papers
1673 2348 58 22 from
1749 2347 39 23 the
1805 2349 49 19 seat
1875 2345 25 23 of

1310 2389 155 23 Government
1477 2391 21 17 to
1511 2385 37 23 the
1562 2383 58 25 16th
1629 2382 24 23 of
1670 2380 89 25 March.

1345 2421 42 24 We
1406 2419 87 24 furnish
1517 2417 120 24 selections
1653 2415 79 23 below.
1779 2412 51 24 The
1847 2411 50 23 first

1311 2462 108 16 concerns
1441 2453 45 23 this
1504 2452 70 31 place,
1597 2449 43 23 and
1661 2447 81 24 affords
1754 2445 146 24 information

1312 2488 100 24 whether
1423 2491 49 19 true
1484 2494 25 15 or
1520 2485 56 23 false
1589 2482 55 24 with
1660 2481 72 24 which
1743 2488 33 15 we
1790 2486 57 16 were
1861 2482 39 19 not

1312 2523 76 23 before
1401 2518 140 32 acquainted.

1374 2560 68 23 Port
1454 2558 158 24 Nicholson.
1614 2566 33 6 —
1649 2554 36 30 By
1696 2553 37 24 the
1743 2553 158 22 Government

1313 2594 59 30 brig,
1386 2592 72 24 which
1470 2590 87 24 arrived
1576 2588 54 24 with
1649 2587 37 24 his
1707 2585 139 30 Excellency
1867 2583 36 23 the

1315 2627 118 23 Governor
1446 2633 27 15 on
1486 2622 121 30 Thursday
1618 2622 53 25 last,
1691 2627 31 15 we
1733 2619 57 23 have
1801 2616 102 24 received

1315 2661 44 23 late
1379 2667 80 25 papers
1477 2658 58 23 from
1557 2655 148 30 Wellington,
1724 2653 41 23 but
1787 2651 55 30 they
1865 2657 39 16 are

1316 2693 80 31 totally
1413 2692 78 24 devoid
1503 2690 25 24 of
1543 2691 104 22 interest.
1689 2686 42 23 We
1747 2688 84 20 cannot
1850 2690 55 16 even
1912 2685 3 4 '

1317 2727 81 31 gather
1408 2726 58 23 from
1477 2725 61 22 them
1555 2730 44 23 any
1620 2720 144 24 information
1783 2726 24 15 as
1828 2722 22 18 to
1870 2716 36 24 the

1318 2760 145 31 proceedings
1475 2758 25 23 of
1515 2757 37 23 the
1565 2756 120 23 Governor
1697 2755 23 21 in
1731 2753 39 22 the
1790 2751 116 24 Southern

1485 2799 25 16 or
1528 2791 50 22 how
1597 2789 33 23 far
1649 2787 28 23 he
1698 2787 39 23 has
1759 2784 101 24 satisfied
1871 2783 36 24 the

1318 2827 99 24 settlers.
1420 2838 33 5 —
1454 2825 23 24 It
1495 2825 20 22 is
1533 2821 103 34 reported
1657 2820 49 24 that
1726 2819 38 24 the
1788 2818 119 24 Governor

1319 2860 41 23 has
1381 2859 99 24 received
1501 2857 58 24 fron
1580 2857 37 22 the
1637 2853 139 32 Company's
1797 2851 80 31 Agent
1896 2859 13 14 a

1320 2902 50 15 sum
1384 2894 25 23 of
1423 2894 120 27 £15,000,
1556 2895 22 19 to
1590 2890 29 23 be
1630 2887 52 33 paid
1694 2892 22 19 to
1727 2887 89 23 natives
1828 2886 24 22 in
1868 2883 42 24 full

1322 2928 24 23 of
1362 2927 78 24 claims
1458 2932 61 24 upon
1538 2924 38 23 the
1593 2921 138 32 Company's
1752 2919 62 24 land.
1864 2918 46 23 His

1322 2961 139 29 Excellency
1473 2959 41 23 has
1527 2957 47 24 also
1586 2956 46 23 had
1644 2963 12 15 a
1668 2955 98 29 meeting
1776 2952 54 23 with
1843 2951 66 24 Rau-

1322 2994 92 32 paraha,
1424 2993 44 23 and
1479 2999 53 22 very
1543 2989 106 33 properly
1665 2986 111 25 informed
1794 2986 48 23 him
1863 2984 49 24 that

1323 3028 38 24 the
1383 3027 95 23 Wairau
1496 3024 64 24 affair
1581 3022 83 24 should
1681 3022 29 22 be
1718 3024 3 2 '
1728 3021 123 30 forgotten,
1865 3018 48 23 that

1324 3061 38 23 the
1373 3061 66 22 white
1452 3066 51 17 men
1512 3065 57 16 were
1582 3057 24 23 in
1618 3055 38 24 the
1668 3061 77 23 wrong
1757 3054 22 22 in
1793 3051 118 30 attacking

1326 3095 36 23 the
1386 3094 94 27 natives,
1503 3091 45 23 and
1564 3090 38 23 the
1621 3089 87 24 natives
1726 3094 63 16 were-
1803 3085 71 23 much
1889 3088 23 19 to

1325 3128 74 24 blame
1412 3128 23 23 in
1451 3124 129 31 destroying
1601 3123 38 23 the
1658 3121 123 31 European
1798 3119 116 30 prisoners

1326 3161 54 23 who.
1387 3158 147 27 surrendered
1545 3156 136 25 themselves
1694 3159 21 18 to
1728 3153 69 23 them.
1811 3174 6 5 t
1846 3151 24 23 It
1889 3152 21 23 is

1327 3193 170 32 alsoxeported,
1516 3191 49 23 that
1576 3190 99 24 Messrs.
1690 3186 102 28 Clifford,
1804 3184 61 30 Bell,
1878 3184 35 24 St.

1328 3228 59 29 Hill,
1402 3227 87 27 Evans,
1501 3224 44 24 and
1564 3223 94 30 Guyton
1677 3221 45 22 had
1738 3220 57 23 been
1815 3217 57 24 each
1892 3217 24 23 of

1328 3261 61 24 them
1401 3259 83 25 offered
1494 3267 13 14 a
1517 3261 48 20 seat
1576 3257 24 23 in
1613 3255 38 23 the
1661 3253 138 32 Legislative
1810 3251 105 29 Council,

1329 3295 44 23 and
1393 3294 49 24 that
1459 3299 58 17 none
1538 3290 24 24 of
1586 3289 63 24 them
1668 3287 73 24 would
1760 3289 79 27 accept
1850 3284 25 24 of
1889 3285 25 23 it.

1329 3328 50 23 The
1392 3327 94 24 Gazette
1503 3331 73 17 seems
1595 3328 24 18 to
1639 3328 84 23 convey
1743 3319 39 24 the
1802 3319 51 23 idea
1869 3318 48 24 that

1329 3369 29 16 no
1380 3368 81 25 person
1481 3363 23 19 at
1524 3356 143 31 Wellington
1686 3353 71 24 would
1780 3357 78 27 accept
1881 3351 37 24 the

1330 3395 98 23 office—
1428 3393 96 32 perhaps
1542 3390 53 31 they
1607 3396 39 16 are
1656 3388 70 31 right,
1736 3386 39 24 the
1785 3393 101 24 expense
1898 3386 20 22 is

1331 3427 109 31 certainly
1453 3429 87 28 greater
1552 3423 54 24 than
1615 3422 117 23 thelionor
1740 3419 44 24 and
1796 3419 39 24 the
1842 3426 77 24 power

1331 3461 28 24 of
1374 3461 70 30 being
1453 3458 74 25 useful
1545 3462 22 19 to
1579 3456 39 24 the
1632 3455 88 30 colony.
1754 3453 45 23 We
1817 3452 102 32 perceive

1334 3495 49 23 that
1389 3494 77 24 Lieut.
1476 3492 97 27 Bennet,
1583 3490 34 24 R.
1625 3489 41 29 E.,
1674 3489 49 22 who
1730 3487 42 24 has
1777 3485 107 25 returned
1891 3485 28 31 by

1332 3528 39 24 the
1390 3528 58 31 brig,
1459 3527 42 23 has
1512 3525 67 31 given
1597 3523 68 24 much
1683 3520 141 26 satisfaction
1840 3525 24 17 to
1884 3519 37 23 the

1332 3561 142 30 Wellington
1480 3558 79 33 people
1564 3558 30 30 by
1603 3557 38 23 the
1649 3555 108 24 selection
1762 3553 74 24 which
1841 3553 30 23 he
1879 3552 40 23 has

1334 3595 65 24 made
1409 3594 24 24 of
1442 3602 14 15 a
1467 3594 43 22 site
1521 3593 35 23 for
1564 3589 120 26 barracks.
1720 3588 51 24 The
1778 3586 141 30 Wellington

1334 3628 81 31 people
1421 3635 62 16 seem
1489 3631 23 19 to
1517 3626 57 23 have
1583 3623 66 25 made
1656 3621 136 26 themselves
1800 3621 25 22 in
1835 3619 38 24 the
1881 3618 42 24 end

1335 3659 180 32 unaccountably
1526 3658 50 24 well
1587 3656 93 33 pleased
1692 3655 53 24 with
1757 3654 38 24 the
1804 3653 120 23 Governor

1336 3695 45 24 and
1400 3694 31 24 all
1449 3694 36 23 his
1503 3699 124 20 measures,
1650 3688 107 32 although
1776 3692 23 19 at
1820 3686 38 23 the
1875 3685 50 24 first

1336 3729 54 29 they
1400 3725 135 26 manifested
1547 3729 127 27 symptoms
1686 3722 24 26 of
1716 3720 105 31 kicking.
1839 3718 86 24 Justice

1339 3762 119 31 Chapman
1466 3761 23 23 is
1499 3758 114 32 supposed
1622 3762 27 19 to
1661 3755 56 24 Have
1728 3751 128 28 influenced
1865 3750 61 24 them

1338 3794 97 24 towards
1456 3793 56 24 this,
1520 3793 77 31 happy
1607 3790 107 31 .change?
1729 3786 78 33 which;
1821 3792 33 16 we
1868 3788 58 19 trust

1338 3828 48 24 will
1395 3828 45 24 last
1449 3827 66 30 longs?
1543 3817 53 32 'Btit
1605 3831 34 16 we
1651 3824 81 22 cannot
1740 3823 39 27 yet
1785 3818 76 31 forget
1870 3817 57 24 their

1339 3861 115 32 reception
1483 3859 24 24 of
1522 3864 3 5 '
1540 3858 48 25 Mr.
1625 3851 132 34 Shqrtlahd.
1854 3849 75 35 Titnep

1475 3894 50 26 Ssa,
1538 3898 54 23 may
1613 3890 30 23 be
1663 3887 56 29 w.ell-
1735 3884 90 35 applied
1835 3888 3 4 '
1845 3889 23 19 to
1891 3883 38 27 the

1341 3929 130 31 passionate
1489 3925 116 25 kindness-
1621 3922 25 24 of
1671 3922 38 23 the
1727 3919 58 26 Port
1802 3918 127 25 Nicholson

1343 3961 135 22 settlers.—
1479 3953 111 30 Southern
1609 3955 77 24 Cross.

1905 138 57 34 [We
1983 148 38 16 are
2040 144 38 26 yet
2096 144 23 18 to
2136 139 63 23 learn
2210 136 50 24 that
2272 136 47 24 Mr.
2333 136 127 24 ShortlanA

1874 181 45 16 was
1931 173 135 31 improperly
2077 171 101 24 received
2188 171 63 23 here.
2291 168 51 24 The
2354 176 106 16 common,

1875 211 104 24 courtesy
1990 206 42 22 due
2044 210 23 18 to
2079 205 38 23 the
2136 204 64 23 office
2218 203 29 23 he
2266 201 52 24 held
2336 207 46 16 was
2404 201 54 30 paid

1875 239 54 28 him,
1941 239 43 22 but
1994 238 95 30 nothing
2100 244 76 21 more,'
2188 236 49 23 that
2248 242 33 16 we
2293 242 38 15 are
2342 240 71 16 aware
2425 233 35 23 of.

1877 271 49 24 The
1939 270 107 24 colonists
2057 269 114 32 generally
2182 276 58 17 were
2252 266 90 32 equally
2354 265 48 24 cold
2414 265 48 24 and

1877 307 127 20 courteous.
2007 303 94 23 towards
2112 303 56 23 him.
2215 301 25 23 It
2250 300 74 24 would
2334 298 58 24 have
2401 298 61 23 been

1877 336 61 23 alike
1948 335 137 24 unattended
2095 334 54 24 with
2160 334 123 30 advantage
2293 331 43 24 and
2346 331 115 31 disagree-

1879 368 48 24 able
1948 373 23 18 to
1991 368 57 22 their
2068 367 96 30 feelings
2181 372 24 17 to
2223 366 58 23 have
2300 364 94 31 adopted
2416 370 47 23 any

1880 401 63 23 other
1955 407 86 16 course.
2075 399 64 24 Does
2152 399 35 23 the
2199 398 82 23 Editor
2293 397 26 23 of
2325 397 39 23 the
2376 394 86 25 South-

1880 440 39 16 ern
1931 432 69 23 Cross
2011 432 103 23 consider
2126 432 47 22 that
2184 430 37 23 the
2233 430 91 23 settlers
2336 428 25 24 of
2376 427 89 24 Cook's

1882 465 82 24 Straits
1985 463 80 25 should
2086 465 57 22 have
2164 461 129 32 personally
2310 460 97 24 insulted
2425 460 41 23 the

1882 498 86 29 Acting
1980 497 116 24 Governor
2103 498 9 23 ?
2159 496 25 24 If
2197 500 48 23 not,
2262 493 102 32 possibly
2378 493 30 22 he
2420 492 48 23 will

1883 538 25 16 so
1919 530 59 31 good
1990 537 24 15 as
2025 534 22 19 to
2060 529 99 24 describe
2169 528 39 24 the
2221 534 80 17 course
2319 526 52 29 they
2394 525 73 30 ought

1884 569 22 18 to
1917 563 58 23 have
1985 562 142 31 pursued.—
2128 562 48 23 Ed.
2190 560 32 24 N.
2235 559 28 24 Z.
2277 559 33 23 G.
2324 557 70 25 &W.
2407 555 42 34 S.]

1943 595 212 25 Australind.—
2157 594 35 31 By
2204 593 40 23 the
2254 592 93 31 Sydney
2358 597 83 24 papers
2450 590 20 23 it

1884 630 20 23 is
1915 628 105 32 reported
2031 628 48 23 that
2090 628 38 23 the
2141 627 116 30 Company
2269 626 35 23 for
2315 625 39 23 the
2365 623 102 24 coloniz-

1886 663 59 23 ation
1971 661 24 23 of
2014 660 136 24 Australind
2170 660 41 23 has
2235 658 89 24 broken
2342 663 40 24 up.
2417 655 53 24 The

1886 694 99 25 resident
2007 694 67 23 Chief
2092 693 176 25 Commissioner
2291 691 41 23 has
2343 687 131 34 suspended

1888 728 135 31 operations,
2035 727 44 23 and
2100 726 88 24 intends
2207 726 69 29 going
2295 722 59 25 back
2368 727 23 18 to
2402 721 70 31 Eng-

1887 760 61 23 land.
1950 772 34 4 —
1985 759 113 24 Southern

1922 790 75 32 [This
2013 792 20 23 is
2044 799 15 15 a
2068 791 73 24 result
2151 798 32 16 we
2195 790 83 29 always
2297 787 115 32 expected.
2449 786 25 24 A

1891 825 83 22 review
1993 824 24 22 of
2035 824 37 23 the
2091 824 121 22 formation
2231 822 25 23 of
2276 822 50 22 that
2346 819 131 24 settlement

1893 857 97 22 exhibits
2009 856 38 22 the
2059 855 167 30 extraordinary
2237 853 155 24 recklessness
2407 851 25 23 of
2444 852 32 22 its

1894 888 105 24 founders
2021 888 120 23 character.
2177 887 43 23 We
2239 886 57 23 have
2314 885 82 29 always
2416 883 61 23 been

1895 926 131 26 supporters
2038 921 24 23 of
2080 921 37 23 the
2129 919 128 25 Wakefield
2278 917 119 32 principle,
2407 916 42 23 but
2459 917 21 22 it

1894 955 19 23 is
1925 954 91 23 evident
2027 954 17 23 it
2055 954 20 23 is
2093 954 93 23 doomed
2207 958 23 17 to
2247 952 29 23 be
2297 949 126 31 destroyed,
2435 949 45 23 and

1896 992 21 19 to
1937 987 86 24 receive
2040 987 30 23 its
2082 987 67 23 death
2169 986 57 23 blow
2238 989 23 19 at
2273 984 38 23 the
2323 983 72 24 hands
2407 982 26 23 of
2448 982 31 23 its

1895 1020 121 25 unnatural
2024 1025 79 26 parent
2107 1020 43 23 and
2158 1019 35 24 his
2203 1019 115 24 kinsmen.
2353 1015 24 24 It
2385 1022 97 24 appears

1897 1059 21 19 to
1937 1062 27 15 us
1986 1053 48 24 that
2052 1053 38 24 the
2102 1053 43 30 day
2156 1053 20 23 is
2195 1056 41 20 not
2256 1051 85 23 distant
2360 1049 66 23 when
2442 1047 40 24 the

1897 1086 129 24 Wakefield
2045 1086 109 32 principle
2174 1085 46 24 will
2239 1085 29 23 he
2278 1081 110 33 regarded
2398 1081 32 31 by
2442 1080 40 24 the

1897 1120 77 31 public
1992 1128 25 14 as
2035 1128 14 14 a
2066 1120 63 30 piece
2149 1119 24 23 of
2190 1118 94 24 modern
2304 1115 123 32 quackery,
2443 1121 37 15 re-

1899 1152 116 24 markable
2034 1152 52 30 only
2097 1152 35 23 for
2152 1152 37 23 the
2202 1158 90 16 success
2309 1149 53 23 with
2379 1146 75 25 which
2466 1147 19 22 it

1899 1194 45 14 was
1963 1185 102 30 imposed
2082 1192 62 23 upon
2163 1185 38 22 the
2221 1182 78 33 public
2321 1189 24 16 as
2364 1179 120 25 scientific.

1900 1218 46 23 Let
1963 1219 20 22 it
1992 1218 29 23 be
2033 1217 118 31 destroyed
2162 1217 65 23 when
2238 1217 19 22 it
2267 1222 60 23 may,
2339 1215 19 22 it
2369 1213 45 24 will
2425 1213 59 23 have

1900 1252 58 22 been
1969 1251 103 23 valuable
2083 1259 25 15 as
2120 1259 13 14 a
2145 1257 76 16 means
2234 1248 23 24 of
2275 1248 122 29 attracting
2411 1250 75 19 atten-

1902 1285 47 23 tion
1972 1289 22 18 to
2016 1284 154 28 colonization,
2193 1282 44 24 and
2254 1281 92 30 leading
2357 1288 30 14 on
2406 1283 24 19 to
2448 1278 39 23 the

1903 1318 53 23 time
1969 1316 64 24 when
2043 1317 134 30 emigration
2188 1319 62 20 must
2260 1315 29 23 be
2301 1312 130 25 considered
2444 1318 42 17 one

1904 1351 25 22 of
1946 1351 38 22 the
2005 1355 59 18 most
2083 1351 121 29 important
2222 1347 102 25 national
2343 1346 101 31 subjects
2462 1349 23 18 to

1904 1384 72 23 Great
1987 1384 130 23 Britain.—
2119 1383 48 23 Ed.
2181 1382 32 24 N.
2226 1382 28 23 Z.
2269 1381 32 24 G.
2315 1379 71 24 &W.
2400 1377 42 33 S.]

1937 1417 58 23 The
2185 1427 34 4 —
2220 1415 36 30 By
2273 1413 39 24 the
2325 1411 81 25 arrival
2417 1412 25 22 of
2452 1410 39 24 the

1908 1449 115 24 Governor
2043 1448 90 31 Phillip
2157 1449 59 22 from
2235 1446 101 25 Norfolk
2357 1444 88 29 Island,
2469 1448 23 18 at

1906 1483 73 23 which
1991 1483 63 31 place
2066 1487 43 18 two
2122 1481 24 23 of
2162 1481 37 23 the
2212 1487 58 17 crew
2291 1480 26 22 of
2332 1478 37 24 the
2388 1476 107 31 Brigand

1906 1523 57 16 were
1976 1516 41 23 left
2028 1516 33 22 for
2073 1514 94 24 medical
2188 1514 132 26 assistance,
2340 1519 33 16 we
2384 1511 58 22 have
2453 1509 41 23 be-

1908 1557 62 15 come
1989 1548 119 32 possessed
2130 1548 25 23 of
2177 1547 88 23 further
2284 1548 106 20 accounts
2409 1542 26 24 of
2457 1542 39 23 the

1908 1590 113 16 massacre
2033 1589 28 16 ou
2073 1581 70 24 board
2161 1580 49 23 that
2230 1579 81 24 vessel.
2357 1578 24 23 It
2401 1582 96 25 appear*

1909 1615 47 24 that
1969 1616 52 30 they
2033 1615 44 23 had
2088 1615 56 23 been
2153 1613 91 31 trading
2254 1620 30 16 on
2296 1611 108 24 amicable
2425 1615 71 18 term
2521 1611 25 35 3

1909 1649 54 23 with
1975 1649 38 23 the
2024 1648 87 23 natives
2124 1652 23 19 at
2156 1647 91 24 Marree
2259 1646 36 23 for
2307 1652 61 16 some
2380 1643 64 31 days,
2455 1642 41 23 but

1910 1690 29 16 on
1950 1683 40 23 the
2002 1681 40 25 sth
2054 1681 88 28 ultimo,
2157 1688 60 16 some
2227 1680 25 23 of
2268 1679 39 23 the
2319 1685 57 17 crew
2389 1677 69 29 being
2470 1682 30 16 on

1911 1716 66 23 shore
1989 1715 43 24 and
2044 1722 63 16 some
2114 1714 79 29 below,
2204 1713 38 23 the
2252 1712 117 24 Islanders
2376 1708 126 31 attempted

1911 1754 23 18 to
1947 1749 61 23 seize
2025 1748 36 24 the
2082 1748 59 31 ship,
2160 1746 44 24 and
2224 1753 58 16 were
2304 1744 52 31 only
2377 1741 126 34 prevented,

1911 1782 59 24 from
1983 1782 66 30 doing
2061 1789 25 16 so
2097 1781 32 31 by
2139 1781 115 23 fire-arms
2273 1779 85 29 having
2376 1777 58 23 been
2454 1775 48 23 dis-

1913 1815 98 24 tributed
2023 1822 81 23 among
2116 1814 37 24 the
2165 1820 58 17 crew
2233 1814 25 22 in
2277 1819 52 16 case
2338 1811 26 23 of
2377 1808 124 30 necessity.

1914 1849 50 24 The
1977 1848 56 23 deck
2046 1848 84 30 having
2146 1847 57 23 been
2224 1845 98 28 cleared,
2344 1843 38 24 the
2404 1841 100 32 Captain

1913 1882 71 24 found
1995 1883 18 22 it
2025 1881 119 32 expedient
2156 1885 23 19 to
2189 1884 42 26 put
2242 1884 22 18 to
2285 1886 40 15 sea
2341 1874 163 31 immediately,

1915 1923 25 16 as
1959 1923 81 16 canoes
2061 1921 57 16 were
2137 1913 102 29 flocking
2256 1912 59 23 from
2335 1911 38 23 the
2394 1909 76 28 shore,
2471 1920 35 5 —

1915 1949 85 30 having
2012 1947 44 24 had
2068 1947 52 23 nine
2132 1954 52 16 men
2202 1945 72 24 killed
2295 1953 29 14 on
2341 1942 79 28 board,
2442 1941 64 24 three

1917 1990 30 15 on
1958 1982 73 28 shore,
2045 1981 44 24 and
2099 1980 45 23 five
2157 1979 74 24 others
2244 1977 104 31 missing.
2375 1975 52 25 The
2438 1982 68 16 num-

1917 2016 40 23 ber
1971 2015 24 23 of
2007 2015 87 23 natives
2186 2014 20 21 is
2219 2011 118 24 estimated
2350 2014 22 19 to
2381 2010 59 23 have
2451 2008 59 23 been

1919 2048 69 23 about
1998 2048 57 30 fifty.
2058 2059 33 4 —
2092 2046 91 30 Sydney
2194 2043 101 25 Herald.

1953 2078 38 33 [It
2002 2081 19 22 is
2033 2080 170 29 extraordinary
2215 2078 49 23 that
2276 2077 38 23 the
2332 2083 78 16 names
2430 2074 26 23 of
2470 2073 38 24 the

1920 2115 106 22 sufferers
2038 2115 24 22 in
2073 2113 45 23 this
2130 2111 106 32 unhappy
2247 2111 106 23 business
2363 2109 58 23 have
2442 2114 69 17 never

1918 2148 59 22 been
1987 2146 128 32 published.
2118 2158 34 5 —
2153 2144 63 32 Ed.]

1956 2181 111 22 Kawau.
2070 2192 33 4 —
2104 2179 40 24 On
2169 2178 102 29 Monday
2295 2177 44 23 last
2368 2175 37 23 the
2433 2174 76 24 native

1923 2214 62 24 chief
1995 2213 95 28 Kawau,
2103 2212 54 23 with
2169 2211 86 24 several
2268 2211 24 23 of
2311 2209 36 24 his
2366 2208 88 25 friends
2466 2207 46 23 and

1923 2248 72 28 allies,
2008 2247 79 22 waited
2106 2253 61 24 upon
2186 2244 38 24 the
2244 2243 118 24 Governor
2380 2247 23 18 to
2416 2240 93 32 explain

1923 2281 37 23 his
1974 2280 94 24 conduct
2085 2280 25 22 in
2130 2278 37 24 the
2184 2278 46 24 late
2247 2283 80 18 rescue
2344 2276 26 23 of
2384 2275 39 24 the
2434 2275 77 22 native

1925 2315 103 31 prisoner
2045 2313 35 23 Te
2237 2310 51 24 The
2312 2309 116 23 interview
2457 2307 56 23 took

1927 2348 62 30 place
2002 2348 22 22 in
2038 2346 37 23 the
2087 2345 113 25 verandah
2212 2345 26 23 of
2248 2343 156 24 Government
2423 2341 91 28 House,

1927 2381 143 31 inpresence
2083 2373 79 30 of*two
2181 2386 24 16 or
2222 2377 63 24 three
2304 2375 101 24 hundred
2417 2375 96 23 natives.

1929 2414 50 24 The
1991 2414 37 23 old
2043 2413 62 24 chief
2121 2411 134 25 manifested
2268 2415 64 27 great
2343 2414 76 25 regret
2431 2409 36 22 for
2478 2407 38 24 the

1929 2452 51 28 part
1990 2448 29 23 he
2031 2447 44 23 had
2096 2445 72 30 acted,
2189 2445 44 23 and
2252 2442 91 25 blamed
2359 2442 37 23 his
2408 2449 55 16 sons
2480 2441 35 23 for

1929 2482 87 30 having
2032 2480 96 24 induced
2144 2479 48 23 him
2211 2483 22 18 to
2257 2477 94 24 commit
2378 2475 39 24 the
2446 2482 70 16 error.

1933 2515 51 23 The
2003 2515 119 22 Governor
2140 2511 119 33 explained
2320 2509 48 24 him
2380 2508 38 24 the
2431 2509 87 23 serious

1930 2553 80 19 nature
2023 2548 24 22 of
2064 2547 39 23 the
2123 2546 84 23 offence
2224 2545 30 22 he
2271 2543 46 24 had
2334 2541 141 29 committed,
2493 2548 26 15 as

1932 2581 51 24 well
2002 2589 24 15 as
2047 2580 38 23 the
2102 2580 73 29 heavy
2191 2577 93 33 penalty
2303 2575 100 25 inflicted
2424 2576 31 30 by
2478 2581 41 16 our

1932 2616 54 22 laws
2008 2614 33 24 for
2062 2612 55 24 such
2136 2620 27 16 an
2182 2616 95 26 attempt
2295 2615 23 18 to
2334 2609 83 23 violate
2445 2607 73 24 them.

1934 2648 47 23 His
1994 2646 141 30 Excellency
2146 2645 52 26 also,
2215 2643 156 25 endeavoured
2388 2647 23 18 to
2423 2642 98 31 impress

1934 2689 61 24 upon
2007 2681 47 23 him
2066 2680 38 23 the
2116 2679 56 30 folly
2183 2678 26 23 of
2223 2677 136 31 attempting
2376 2675 57 24 such
2444 2675 78 30 illegal

1934 2715 131 27 resistance,
2087 2712 44 24 and
2153 2717 21 19 to
2195 2718 85 23 convey
2292 2715 23 19 to
2326 2710 48 23 him
2393 2716 30 16 an
2434 2708 51 24 idea
2499 2708 25 23 of

1936 2748 38 23 the
2002 2749 109 21 immense
2136 2753 74 24 power
2235 2744 25 24 of
2286 2751 42 16 our
2355 2743 166 23 Government.

1937 2782 50 24 The
2009 2781 95 24 conduct
2121 2779 45 24 and
2188 2779 56 30 duty
2261 2777 24 24 of
2302 2777 37 23 the
2360 2776 96 23 soldiers
2477 2782 47 16 was

1937 2816 48 24 also
2009 2814 118 32 explained
2151 2817 21 19 to
2193 2812 38 23 the
2254 2810 38 25 old
2315 2817 52 16 man
2379 2818 6 20 ;
2416 2809 47 24 and
2484 2807 39 24 the

1939 2850 119 23 Governor
2069 2849 25 22 in
2105 2847 38 23 the
2160 2846 43 24 end
2215 2844 95 25 assured
2321 2844 47 23 him
2386 2842 25 24 of
2426 2842 99 31 forgive-

1938 2891 62 20 ness,
2012 2882 44 24 and
2066 2882 29 23 he
2107 2880 73 31 hoped
2198 2879 29 24 he
2248 2877 75 24 would
2340 2884 69 17 never
2432 2876 92 23 commit

1939 2917 56 23 such
2009 2923 27 16 an
2047 2915 86 24 offence
2144 2914 66 30 again
2222 2922 6 19 ;
2248 2911 73 24 which
2333 2910 29 24 he
2377 2909 116 32 promised
2504 2913 23 19 to

1940 2950 77 24 attend
2030 2955 30 17 to.
2090 2948 40 24 He
2143 2947 43 23 and
2198 2946 39 24 the
2245 2945 65 24 other
2318 2944 88 24 natives
2416 2942 112 32 appeared

1941 2989 22 18 to
1974 2983 57 24 have
2043 2983 58 23 been
2113 2981 50 24 well
2173 2979 100 33 pleased,
2285 2978 44 24 and
2341 2977 58 24 after
2416 2976 111 32 perform-

1941 3018 40 31 ing
1993 3017 37 23 the
2047 3023 45 16 war
2110 3015 78 28 dance,
2201 3014 53 30 they
2267 3010 107 34 departed
2386 3009 87 33 quietly
2484 3009 45 24 and

1941 3049 129 33 peaceably.
2105 3047 94 25 Reason
2210 3046 112 32 produces
2334 3053 14 15 a
2358 3043 69 25 much
2438 3047 91 26 greater

1941 3084 112 24 influence
2065 3090 53 16 over
2130 3082 38 23 the
2180 3080 98 24 conduct
2290 3079 25 23 of
2325 3078 37 23 the
2372 3077 90 23 natives
2474 3076 56 25 than

1942 3125 69 23 many
2030 3124 95 24 persons
2146 3115 49 23 who
2216 3114 29 24 do
2266 3117 40 20 not
2324 3111 59 30 fully
2391 3108 140 25 understand

1944 3151 58 23 their
2021 3151 115 23 character
2149 3147 72 25 would
2238 3146 95 24 believe.
2379 3143 89 24 Kawau
2485 3142 20 23 is
2517 3150 15 15 a

1943 3185 46 23 fine
2001 3183 37 24 old
2048 3183 84 29 native,
2146 3182 43 23 and
2200 3181 42 23 has
2254 3179 84 29 always
2349 3176 59 24 been
2419 3174 56 30 well,
2482 3174 49 25 dis-

1944 3217 70 32 posed
2022 3216 97 24 towards
2130 3216 133 28 Europeans
2273 3212 63 23 since
2345 3209 46 24 this
2401 3208 131 25 settlement

1945 3259 46 16 was
2010 3249 147 25 established.
2193 3247 45 23 His
2250 3252 54 16 sons
2325 3244 56 23 have
2392 3242 59 24 been
2468 3241 67 25 mad©

1946 3285 76 24 rather
2035 3289 35 19 too
2087 3282 68 24 much
2167 3280 30 29 of,
2209 3279 44 24 and
2271 3278 55 30 they
2336 3284 38 16 are
2385 3275 91 31 getting
2486 3275 48 24 into

1946 3318 45 24 bad
2002 3318 118 23 habits.-—
2123 3313 112 26 Southern
2247 3311 80 24 Cross.

1981 3351 87 25 Ellis.
2070 3362 33 5 —
2104 3349 60 23 Ellis
2191 3346 44 23 and
2263 3345 38 22 his
2329 3343 158 31 accomplices,
2510 3343 26 23 in

1948 3386 99 30 running
2059 3391 61 22 away
2132 3381 54 23 with
2197 3379 38 24 the
2247 3378 110 24 schooner
2369 3374 109 31 Hannah,
2491 3376 45 24 had

1948 3419 59 23 been
2026 3418 57 23 tried
2104 3415 44 23 and
2170 3412 68 25 found
2261 3411 82 31 guilty.
2378 3409 52 24 We-
2444 3409 94 32 subjoin

1950 3451 70 25 Chief
2029 3450 87 24 Justice
2129 3445 106 27 Martin's
2245 3444 123 33 judgment
2369 3456 34 4 —

2007 3484 61 28 You,
2080 3481 104 24 William
2196 3478 68 29 Ellis,
2329 3477 83 32 proved
2424 3481 23 19 to
2460 3477 27 23 be
2500 3475 39 25 tha

1950 3523 60 19 most
2031 3516 80 31 guilty,
2133 3513 112 25 therefore
2264 3512 39 23 the
2327 3516 106 19 sentence
2457 3510 25 24 of
2501 3510 38 23 the

1951 3552 73 24 Court
2042 3551 28 27 is,
2082 3549 50 23 that
2150 3555 55 24 you,
2216 3545 104 24 William
2338 3545 69 28 Ellis,
2419 3545 30 22 be
2464 3548 75 22 ttane-

1950 3584 80 32 ported
2049 3581 90 31 beyond
2160 3581 37 23 the
2209 3587 52 16 seas
2272 3584 24 18 to
2313 3578 57 24 such
2390 3578 65 33 place
2467 3585 25 16 as
2503 3576 37 25 bis

1951 3617 140 29 Excellency
2103 3615 39 24 the
2162 3614 128 27 Governpr,
2303 3612 55 23 with
2378 3612 45 23 the.
2429 3610 77 24 advice
2518 3608 23 25 of

1951 3651 40 23 the
2002 3649 127 25 Executive
2147 3646 97 26 Council
2263 3645 64 25 shall
2343 3645 101 32 appoint,
2455 3644 36 26 for
2502 3642 39 25 the

1953 3689 59 19 term
2024 3683 26 24 of
2059 3689 69 17 seven
2146 3689 75 24 years.
2256 3679 64 29 You,
2338 3679 79 24 James
2435 3675 107 31 Sinclair,

1955 3717 81 31 Henry
2063 3715 89 28 Butler,
2171 3713 49 25 'and
2249 3713 62 25 John

1955 3750 78 24 shewn
2050 3754 23 19 to
2093 3749 57 24 have
2170 3747 68 25 taken
2261 3755 29 16 an
2309 3745 70 24 active
2399 3743 144 33 partJn-jUiB

1953 3783 156 33 perpetration
2120 3782 26 24 of
2162 3782 38 24 the
2216 3781 79 28 crime,
2307 3777 112 26 therefore
2431 3776 39 24 the
2481 3778 63 24 sent

1956 3825 56 15 ence
2025 3816 24 26 of
2059 3816 38 24 the
2110 3816 80 24 Court,
2193 3815 29 29 is,
2232 3811 50 26 that
2290 3819 53 25 yog,
2348 3809 81 26 James
2437 3806 107 33 Sinclair;

1958 3850 82 32 Henry
2051 3849 91 30 Butler,
2154 3843 3 7 '
2163 3847 44 26 and
2226 3846 61 26 John
2306 3843 143 29 Wilkinson,
2460 3843 29 24 be
2496 3844 49 28 imf

1956 3884 107 32 prisoned
2072 3884 26 24 In
2110 3883 38 23 the
2160 3888 104 20 common
2273 3878 52 32 gaol
2341 3877 24 25 of
2375 3873 170 29 Auckland&r

1955 3919 41 23 the
2009 3921 57 21 term
2077 3917 26 24 of
2120 3921 43 18 two
2174 3922 75 24 years,
2260 3912 47 25 and
2325 3912 30 24 be
2374 3910 57 33 kept
2449 3915 24 23 t,o
2488 3910 58 26 hard

1958 3947 89 28 labour.
2083 3950 51 24 The
2157 3952 106 21 sentence
2285 3946 25 23 of
2330 3945 38 24 the
2393 3945 73 24 Court
2485 3950 61 25 upon

547 61 97 47 W*t
667 61 121 42 W*to
814 59 209 42 Zealand
1049 58 191 47 &&}tttt
1266 57 91 39 anti
1383 55 296 46 zmtUinqton
1705 51 249 50 spectator.

1303 144 71 23 Sour
1400 144 79 23 Miix.
1480 155 35 5 —
1515 143 35 23 To
1578 147 96 27 prevent
1702 142 57 24 milk
1788 142 58 23 from

1270 178 93 29 turning
1381 184 52 16 sour
1451 176 43 23 and
1515 174 101 32 curding,
1639 183 24 16 as
1674 176 20 23 it
1704 176 20 22 is
1736 182 26 16 so
1774 178 39 28 apt
1824 178 23 19 to

1270 209 36 28 do,
1328 209 119 31 especially
1464 209 23 22 in
1509 209 36 23 the
1565 209 63 23 heat'
1637 208 25 24 of
1683 215 107 20 summer,
1809 206 39 24 the

1270 242 111 23 milkmen
1393 242 25 23 of
1437 242 65 23 Paris
1520 241 42 24 add
1583 249 14 15 a
1616 240 65 24 small
1700 240 104 30 quantity
1826 239 25 22 of

1271 275 175 23 sub-carbonate
1456 274 24 23 of
1489 274 80 31 potash
1582 282 25 14 or
1619 273 61 28 soda,
1693 273 80 28 which,
1785 277 64 18 satu-

1270 308 76 30 rating
1357 307 38 23 the
1407 308 69 22 acetic
1485 307 49 23 acid
1554 315 25 14 as
1600 307 18 22 it
1639 306 78 27 forms,
1740 308 109 27 prevents

1271 340 39 23 the
1322 340 140 30 coagulation
1479 347 24 15 or
1524 340 129 30 separation
1670 338 24 23 of
1703 337 60 25 .curd
1774 346 6 19 ;
1806 337 45 22 and

1272 379 63 16 some
1346 373 26 21 of
1386 372 60 23 them
1463 371 54 24 with
1537 380 25 14 so
1580 371 69 23 much
1672 377 90 16 success
1781 377 25 15 as
1828 373 23 19 to

1272 405 54 30 gain
1346 404 38 23 the
1404 406 124 29 reputation
1548 404 25 23 of
1595 403 82 29 selling
1804 401 48 22 that

1273 445 70 14 never
1355 442 63 17 turns

1308 470 123 23 Ancient
1440 477 46 16 tjse
1499 477 30 16 of
1542 470 98 23 Steam.
1643 480 34 4 —
1677 467 24 24 It
1711 467 20 23 is
1742 466 52 23 said
1805 465 50 23 that

1273 510 64 16 some
1348 510 82 23 papers
1448 502 99 30 recently
1559 500 130 24 discovered
1707 501 22 21 in
1741 499 39 23 the
1792 498 63 31 royal

1275 535 101 23 archives
1395 536 24 22 of
1435 535 139 27 Salamanca,
1595 534 90 23 contain
1704 531 149 32 unquestion-

1275 567 51 24 able
1338 568 104 24 evidence
1461 567 55 30 that,
1528 568 24 22 in
1564 567 38 23 the
1613 574 55 23 year
1680 567 71 27 1540,
1764 572 29 15 an
1814 571 42 16 ex-

1275 602 113 30 periment
1406 602 29 21 in-
1447 605 71 19 steam
1536 601 129 29 navigation
1685 606 44 15 was
1749 597 65 24 made
1832 597 26 23 in

1276 634 39 22 the
1327 634 66 22 roads
1406 634 24 22 of
1445 633 130 23 Barcelona.
1612 633 23 23 A
1647 632 51 31 ship
1710 632 24 22 of
1744 633 49 21 200
1806 635 52 18 tons

1277 666 97 23 burthen
1395 674 43 15 was
1456 670 35 19 set
1512 667 22 22 in
1559 666 85 23 motion
1667 665 31 30 by
1720 672 13 15 a
1754 663 105 23 machine

1277 699 92 23 worked
1382 699 29 30 by
1423 699 36 22 the
1472 705 69 17 steam
1555 700 23 22 of
1594 699 87 29 boiling
1695 702 75 22 water,
1783 696 76 23 show-

1277 733 42 29 ing
1330 732 48 23 that
1389 733 18 21 it
1423 731 72 30 might
1514 731 27 23 be
1553 731 100 31 possible
1665 735 22 18 to
1700 737 60 15 cross
1772 729 37 23 the
1822 736 39 15 sea

1279 766 94 22 without
1392 765 38 22 the
1450 763 51 31 help
1522 764 25 23 of
1569 763 72 23 either
1661 762 53 23 sails
1733 769 24 16 or
1770 761 90 23 rudder.

1280 797 51 24 The
1352 797 111 31 Emperor
1491 796 102 28 Charles,
1614 795 38 23 the
1675 795 81 23 Crown
1780 794 83 23 Prince

1280 830 96 31 Phillip,
1389 829 43 24 and
1444 837 12 14 a
1467 830 95 21 number
1574 828 26 23 of
1615 828 38 23 the
1670 827 109 30 grandees
1792 825 24 24 of
1825 825 38 23 the

1282 863 117 30 kingdom,
1429 862 119 22 witnessed
1576 860 38 23 the
1640 860 148 29 experiment,
1819 857 44 24 and

1281 902 59 15 were
1352 893 61 24 filled
1433 894 53 22 with
1505 893 89 23 wonder
1607 897 23 18 at
1643 892 36 22 the
1698 891 111 23 swiftness
1822 889 44 23 and

1283 929 110 30 lightness
1406 926 51 23 with
1477 926 73 23 which
1570 926 37 22 the
1626 924 74 23 vessel
1717 923 75 31 glided
1812 930 53 16 over

1285 962 37 23 the
1334 968 80 16 waves.
1451 959 49 24 The
1512 958 106 32 proposal
1637 962 23 19 to
1680 957 65 32 apply
1759 956 45 23 this
1817 955 48 23 dis-

1284 1002 81 23 covery
1377 999 22 18 to
1413 994 35 22 the
1461 993 61 30 ships
1535 992 25 23 of
1574 991 39 24 the
1629 991 98 31 Spanish
1740 997 58 23 navy
1810 996 55 21 was,

1284 1029 111 27 however,
1407 1026 96 32 rejected
1515 1033 27 15 on
1563 1025 37 23 the
1614 1032 62 16 score
1698 1024 24 23 of
1736 1023 30 23 its
1779 1030 88 23 expen-

1284 1063 102 21 siveness
1397 1060 44 23 and
1452 1060 91 29 danger.
1579 1058 55 24 Don
1647 1057 80 24 Blasco
1740 1056 27 23 de
1776 1056 91 30 Gavay,

1285 1095 39 22 the
1336 1095 132 26 discoverer,
1482 1100 44 15 was
1545 1091 116 24 rewarded
1679 1090 53 23 with
1752 1097 29 15 an
1794 1090 74 29 impe-

1286 1128 41 22 rial
1339 1130 90 28 present
1440 1126 23 23 of
1479 1127 107 27 200,000

1320 1161 51 22 The
1383 1159 108 24 Austrian
1504 1158 157 24 Government
1672 1157 39 23 has
1722 1156 69 24 taken
1799 1155 71 23 alarm

1287 1199 23 18 at
1331 1194 38 22 the
1397 1192 96 24 nuraher
1513 1192 25 22 of
1553 1191 94 24 Italians
1670 1189 98 24 enrolled
1788 1189 24 22 in
1833 1188 38 22 the

1289 1227 115 23 Cuverian
1427 1226 98 29 Society,
1550 1224 44 24 and
1617 1224 43 23 has
1683 1223 88 23 written
1792 1226 22 18 to
1834 1220 38 23 the

1290 1260 110 23 Minister
1421 1259 24 22 of
1469 1258 100 31 Foreign
1590 1257 88 24 Affairs
1701 1256 23 23 in
1745 1255 89 24 France
1850 1258 22 18 to

1289 1294 77 22 obtain
1379 1301 13 14 a
1401 1299 58 24 sopy
1472 1291 24 23 of
1511 1291 30 23 its
1553 1295 96 19 statutes
1663 1289 44 23 and
1719 1289 28 23 its
1759 1288 96 31 objects.

1323 1326 65 24 Fire
1411 1325 160 23 Insurance.
1574 1335 33 5 —
1616 1323 51 23 The
1688 1322 53 23 total
1762 1328 52 15 sum
1835 1320 37 22 in-

1290 1359 69 24 sured
1379 1359 29 30 by
1422 1358 37 23 the
1477 1358 41 22 fire
1538 1357 80 23 offices
1635 1364 30 15 on
1685 1355 97 30 farming
1799 1352 75 28 stock,

1291 1394 52 26 &c,
1366 1392 34 23 for
1413 1391 37 23 the
1468 1396 53 24 past
1541 1397 66 23 year,,
1622 1397 25 15 as
1667 1387 118 24 contained
1802 1387 25 22 in
1838 1392 37 16 re-

1291 1432 66 17 turns
1378 1425 48 31 just
1451 1422 120 32 published
1593 1424 30 29 by
1644 1422 38 22 the
1706 1421 64 22 order
1791 1418 25 24 of
1838 1418 38 23 the

1294 1459 82 23 House
1390 1458 26 23 of
1434 1457 130 25 Commons,
1585 1454 122 25 amounted
1717 1455 24 22 in
1755 1453 39 23 the
1805 1451 71 23 whole
