2580 4050
61 152 52 22 you,
143 145 76 24 James
249 143 98 31 Philips,
371 142 61 24 John
460 141 98 29 Parker,
584 140 60 25 John

61 177 134 32 Southgate,
207 177 44 23 and
272 176 60 23 John
353 175 86 29 Bacon,
452 175 28 29 is,
492 174 50 25 that
556 183 43 23 you
617 174 27 23 be

58 211 139 31 imprisoned
209 211 25 22 in
245 209 39 23 the
297 216 103 16 common
414 207 52 32 gaol
479 209 24 23 of
520 206 125 26 Auckland

59 244 37 22 for
112 244 78 23 twelve
211 242 104 23 calendar
332 242 100 28 months,
445 241 44 24 and
499 240 51 25 that
560 248 46 24 you
616 240 29 23 be

60 276 56 32 kept
139 280 23 19 to
178 275 56 23 hard
256 275 89 23 labour.
380 274 53 24 And
457 274 77 31 lastly,
557 273 88 25 Robert

61 308 136 29 M'Donald,
225 308 86 31 having
338 307 82 31 regard
442 312 21 19 to
486 315 58 23 your
565 306 79 32 youth,

59 341 74 25 which
145 341 65 23 made
221 341 19 23 it
250 340 48 24 less
309 348 53 23 easy
374 341 35 23 for
420 347 45 24 you
472 344 23 19 to
505 340 66 24 stand
581 340 64 23 alone

60 374 90 32 against
161 374 37 23 the
219 374 46 23 evil
284 373 103 32 example
405 374 25 23 of
444 381 58 23 your
514 373 81 29 elders,
607 372 38 24 the

59 411 107 21 sentence
178 407 26 23 of
220 406 39 24 the
280 407 72 23 Court
363 407 28 28 is*
404 406 49 24 that
470 414 46 23 you
527 406 29 24 be
566 406 79 31 impri-

60 440 72 24 soned
142 440 36 23 for
188 440 38 23 six
239 439 108 24 calendar,
353 440 91 23 months
452 440 23 23 in
487 439 39 24 the
536 439 109 24 aforesaid

58 473 60 31 gaol,
132 472 45 24 and
188 473 50 23 that
248 480 46 23 you
305 472 28 24 be
344 472 57 32 kept
412 477 22 19 to
446 472 57 24 hard

162 507 19 22 is
199 506 113 31 reported,
324 506 45 23 and
389 513 32 16 we
440 505 66 24 think
518 506 19 22 it
550 505 62 32 right
624 509 22 19 to

61 539 29 23 do
106 539 84 31 justice
203 543 23 19 to
244 539 57 25 both
319 539 62 23 sides
397 539 24 23 of
437 546 68 23 every
516 542 70 27 story,
598 538 49 23 that

60 573 39 23 the
111 572 108 29 Maories,
233 580 25 15 as
270 580 55 15 soon
345 580 25 15 as
389 571 54 31 they
454 579 59 16 were
533 577 73 18 aware
615 571 33 26 .»f

61 605 38 23 the
110 609 77 19 recent
208 606 76 30 panic*
296 611 52 18 sent
367 609 23 19 to
409 605 61 24 Mrs.
487 604 101 31 Fitzroy,
609 612 37 15 as-

59 639 81 30 suring
152 638 39 23 her
203 637 49 24 that
265 638 54 31 they
329 635 45 27 had
386 646 28 16 no
426 638 82 24 hostile
527 638 119 29 intention,

61 671 44 24 and
116 672 51 22 that
185 671 40 23 she
237 671 58 24 need
306 672 44 23 feel
370 679 30 16 no
417 672 79 23 alarm.
532 671 25 24 It
566 672 20 22 is
598 670 49 24 said

61 705 52 30 they
125 704 122 24 addressed
259 705 42 23 her
312 705 29 30 by
353 705 39 23 the
404 705 123 29 endearing
546 704 100 31 appella-

61 738 47 23 tion
121 738 25 23 of
310 738 45 23 and
366 737 133 24 subscribed
510 737 136 24 themselves

61 779 24 15 as
95 771 43 23 her
151 771 108 23 childred.
261 783 35 5 —
298 770 80 24 Times.

93 804 79 24 Land
183 804 78 24 Sale.
263 817 35 4 —
298 804 41 24 All
350 804 39 24 the
397 804 45 24 lots
449 804 127 24 advertised
588 811 58 17 were

60 837 49 24 sold
121 842 23 19 to
157 837 119 24 claimants
287 839 24 22 in
331 838 117 31 exchange
468 838 36 23 for
520 837 59 24 their
590 845 54 16 con-

60 872 81 23 firmed
153 871 87 25 claims.
276 868 51 27 The
338 872 45 24 lots
402 879 30 16 on
443 871 39 24 the
493 871 67 24 north
571 871 76 29 shore,

61 904 53 24 with
126 905 39 23 the
177 905 119 31 exception
308 905 26 23 of
348 905 63 23 three
423 913 24 15 or
458 905 52 23 four
528 912 58 16 were
598 904 49 24 sold

60 943 22 18 to
94 938 40 23 the
155 938 57 23 New
232 938 100 23 Zealand
352 938 125 31 Company,,
514 935 72 26 Town
602 936 45 25 lots

61 971 50 23 sold
123 975 25 19 at
158 970 58 24 from
229 973 53 22 13s.
296 976 22 18 to
329 972 54 23 31s.
393 978 41 23 per
444 970 78 31 perch.
558 969 89 24 Subur-

59 1004 58 23 bans
129 1004 58 23 from
199 1004 36 23 £1
251 1005 35 22 Is.
299 1008 23 18 to
341 1004 56 23 £32
408 1011 41 23 per
466 1010 51 16 acre
527 1011 7 20 ;
553 1002 45 23 and
609 1002 38 23 the

59 1037 70 24 north
141 1037 66 23 shore
218 1037 67 23 lands
298 1041 23 18 at
332 1037 37 23 £2
383 1041 22 18 to
416 1036 38 24 £2
466 1037 37 23 Bs.
515 1042 42 24 per
569 1042 59 16 acre.

94 1069 52 24 The
158 1069 115 31 following
285 1077 38 16 are
344 1069 39 24 the
403 1068 119 25 claimants
543 1068 49 24 who
604 1075 42 16 ex-

59 1103 103 30 changed
172 1111 7 15 :
180 1114 34 5 —
214 1102 100 24 Messrs.
337 1102 106 31 Cassidy,
461 1102 87 29 White,
571 1101 75 30 Hunt,

60 1136 107 31 Gundry,
186 1135 124 31 Whytlaw,
324 1136 87 32 Spicer,
430 1135 76 29 Tuite,
520 1135 126 31 Chapman,

58 1169 106 30 Walshe,
183 1169 146 30 Montefiore,
351 1168 130 30 Whitaker,
503 1168 78 31 Kelly,
603 1168 44 24 and

59 1202 100 24 Pohfck.

94 1236 49 24 Mn
157 1236 85 24 Mason
253 1236 128 31 purchased
392 1235 38 24 the
442 1236 32 23 lot
483 1239 23 20 at
518 1234 88 33 Epsom
618 1242 29 16 on

59 1269 75 24 which
145 1269 29 24 he
185 1270 20 23 is
217 1274 24 18 at
258 1274 93 26 present
362 1270 101 30 erecting
474 1269 38 23 his
526 1269 48 23 mill
574 1281 33 4 —
609 1268 38 24 the

59 1303 54 30 only
125 1310 43 16 one
180 1302 50 24 sold
240 1303 37 23 for
298 1303 62 23 cash.
397 1302 56 24 Two
471 1303 46 23 lots
529 1310 57 16 were
599 1302 48 24 sold

59 1342 23 17 to
94 1343 96 25 persons
202 1336 96 31 holding
308 1336 135 23 certificates
460 1337 59 22 from
531 1335 38 24 the
581 1335 66 24 Emi-

58 1370 92 30 gration
162 1369 200 24 Commissioners.

94 1403 104 24 Amount
209 1403 26 23 of
249 1403 39 23 the
303 1403 47 24 sale
352 1416 33 4 —
386 1401 114 33 Upwards
512 1403 27 23 of
552 1403 95 29 £5,000

59 1449 34 4 —
94 1436 83 23 Times.

94 1470 103 24 Native
218 1470 117 24 Schools
355 1477 54 17 and
430 1470 101 24 Native
555 1469 93 24 Hospi-

60 1510 72 17 tals.
134 1516 34 4 —
168 1503 44 24 We
223 1503 141 24 understand
386 1503 47 25 that
452 1503 72 24 Jabez
536 1503 111 31 Bunting,

62 1536 67 29 Kati,
149 1536 44 24 and
213 1544 64 17 some
294 1536 63 25 other
376 1538 75 22 native
469 1536 80 30 chiefs,
569 1536 80 23 waited

60 1577 62 24 upon
135 1570 36 23 his
192 1570 142 31 Excellency
346 1570 39 24 the
406 1571 119 23 Governor
537 1577 27 16 on
578 1570 68 23 Wed-

60 1603 95 31 nesday,
168 1603 55 24 with
235 1603 38 24 the
285 1604 56 23 view
353 1604 26 23 of
393 1604 84 32 urging
488 1603 38 24 the
538 1604 112 30 necessity

59 1638 28 22 of
101 1636 151 32 establishing
263 1637 102 31 English
385 1637 90 24 schools
494 1637 37 24 for
542 1637 38 23 the
593 1636 55 24 edu-

61 1670 77 23 cation
150 1669 26 24 of
190 1670 59 24 their
269 1670 110 30 children,
392 1679 26 15 as
430 1670 50 24 well
500 1679 26 14 as
537 1670 110 32 hospitals

60 1703 36 24 for
107 1703 40 24 the
167 1711 53 16 cure
237 1703 26 24 of
278 1703 39 24 the
337 1704 76 24 native
433 1704 58 24 sick.
527 1703 45 25 We
591 1703 57 24 have

61 1741 40 19 not
111 1737 60 23 been
182 1737 50 24 able
244 1742 23 19 to
280 1738 112 23 ascertain
402 1737 61 24 what
473 1745 91 16 success
574 1742 75 19 atten-

61 1770 44 24 ded
116 1770 46 24 this
174 1771 125 23 interview.
336 1771 43 23 We
398 1771 49 24 fear
459 1771 38 23 the
508 1771 88 23 natives
609 1778 38 16 are

62 1804 24 23 in
97 1811 70 24 many
175 1808 104 27 respects
291 1803 95 26 doomed
405 1810 23 18 to
439 1804 194 32 disappointment
642 1813 6 14 :

59 1836 62 24 their
143 1839 156 30 expectations
321 1837 60 25 from
409 1837 39 25 the
476 1837 88 32 Bishop
593 1837 56 24 have

61 1871 101 24 hitherto
172 1871 57 24 been
241 1871 139 24 unrealized.
417 1871 40 24 He
476 1879 54 23 may
542 1871 27 24 de
581 1871 69 31 doing

61 1904 130 32 something
202 1904 35 24 for
247 1904 40 24 the
306 1904 120 25 education
436 1905 27 23 of
477 1905 38 24 the
527 1905 87 23 natives
626 1909 23 19 at

61 1937 122 31 Waimate,
201 1938 43 24 but
260 1938 98 32 nothing
376 1939 43 24 has
438 1938 59 25 been
517 1938 126 31 effectually

62 1970 59 26 done
133 1976 24 19 to
167 1971 85 25 benefit
261 1971 66 25 those
339 1973 25 23 in
382 1972 38 24 the
430 1971 186 32 neighbourhood
627 1971 26 24 of

63 2004 38 25 the
113 2005 91 31 capital.
239 2004 73 25 What
326 2006 21 23 is
367 2006 70 32 doing
454 2006 54 23 with
520 2006 39 23 the
569 2006 80 23 native

63 2046 92 16 reserve
165 2038 56 24 fund
231 2039 11 23 ?
261 2039 50 23 Can
322 2047 46 23 any
378 2047 83 23 person
472 2047 41 22 say
524 2039 59 23 what
591 2039 10 24 ?
626 2039 25 23 It

63 2072 20 23 is
95 2071 72 32 really
179 2080 13 15 a
203 2071 104 32 disgrace
318 2072 45 23 and
375 2081 14 15 a
398 2072 78 24 shame
487 2076 24 19 to
522 2071 67 24 think
601 2071 49 24 that

63 2105 24 23 in
99 2105 39 23 the
150 2105 83 32 capital
244 2105 28 24 of
285 2105 58 25 New
354 2105 102 25 Zealand
467 2105 64 23 there
543 2106 19 22 is
573 2113 26 15 as
610 2109 40 27 yet

63 2138 90 24 neither
164 2138 78 24 school
252 2146 44 16 nor
307 2138 99 33 hospital
414 2137 139 26 established
562 2138 36 23 for
611 2138 38 23 the

62 2171 86 25 benefit
159 2171 26 25 of
198 2171 39 25 the
248 2173 97 24 natives.
381 2172 86 31 Nearly
479 2172 31 24 all
523 2171 39 25 the
578 2171 71 25 medi-

64 2205 35 24 cal
110 2213 54 16 men
176 2206 23 23 in
211 2205 46 24 this
268 2206 64 31 place
340 2206 74 24 would
426 2205 109 32 willingly
544 2206 43 23 and
596 2213 53 23 gra-

62 2239 112 32 tuitously
184 2239 77 24 attend
272 2245 24 18 to
307 2239 38 25 the
356 2240 96 29 natives,
461 2239 42 24 but
515 2239 63 24 there
589 2239 21 23 is
621 2246 29 16 no

63 2272 64 32 place
139 2277 24 19 to
176 2274 86 23 receive
274 2273 62 24 them
353 2273 67 24 when
438 2273 51 24 sick
498 2281 6 21 ;
524 2272 43 26 and
579 2272 72 24 medi-

64 2307 50 23 cine
127 2305 94 25 without
231 2314 84 24 proper
334 2307 104 24 dietetics
459 2306 44 24 and
524 2307 96 30 nursing
630 2306 22 23 is

65 2340 25 23 of
99 2339 59 24 little
169 2347 49 17 use.
244 2340 62 24 How
316 2340 55 32 long
382 2340 58 24 shall
451 2347 42 18 our
501 2339 151 24 benevolence

65 2373 108 24 continue
184 2378 23 19 to
219 2378 120 27 evaporate
357 2375 25 23 in
402 2382 63 16 mere
482 2373 75 25 words
565 2373 10 25 ?
593 2373 60 24 Pre-

66 2414 66 16 serve
143 2406 38 24 the
192 2406 60 33 body
265 2408 25 23 of
299 2407 38 24 the
349 2408 83 29 native,
446 2407 44 24 and
501 2408 103 31 improve
614 2406 37 24 his

65 2439 111 29 intellect,
188 2440 45 24 and
252 2440 32 24 he
301 2441 47 23 will
366 2448 58 17 soon
439 2441 95 24 become
552 2440 102 24 civilized

65 2474 44 23 and
122 2473 117 25 Christian.
276 2474 143 32 Knowledge
430 2475 20 23 is
462 2474 39 24 the
512 2474 61 23 basis
586 2474 25 23 of
624 2473 30 24 all

66 2507 73 24 truth.
176 2507 66 25 Mere
251 2507 128 32 preaching
390 2507 95 25 without
496 2507 159 31 enlightening

65 2540 38 25 the
115 2540 110 30 intellect,
238 2542 20 23 is
279 2542 97 31 nothing
394 2541 47 24 else
461 2542 56 23 than
529 2542 87 30 sowing
628 2540 26 24 of

67 2573 38 24 the
115 2574 60 31 good
195 2575 54 23 seed
262 2582 30 16 on
310 2580 68 26 stony
389 2575 97 31 ground,
496 2575 21 24 it
534 2575 45 23 will
599 2582 52 24 pro-

67 2607 57 23 duce
134 2607 107 32 nothing.
277 2608 86 30 Moral,
372 2609 117 31 religious,
499 2608 45 25 and
551 2608 103 24 intellec-

68 2640 49 24 tual
130 2640 189 26 school-masters
338 2642 75 24 would
433 2642 28 24 do
479 2650 64 16 more
562 2641 36 25 for
616 2641 40 24 the

66 2674 90 24 natives
167 2675 54 24 than
233 2674 32 25 all
282 2675 40 24 the
339 2683 64 17 mere
420 2676 132 31 clergymen
562 2676 24 23 in
597 2675 58 24 New

67 2707 101 25 Zealand
187 2713 43 26 put
249 2709 112 31 together,
380 2709 67 24 while
468 2710 78 30 acting
567 2717 30 16 on
616 2709 41 23 the

64 2746 96 30 preseut
178 2740 83 26 Maori
278 2747 94 26 system.
415 2742 46 25 We
481 2743 72 32 speak
572 2751 27 15 so
621 2742 36 24 far

67 2775 59 23 from
139 2775 108 32 knowing
257 2776 40 24 the
310 2777 147 29 intellectual,
469 2777 81 29 moral,
563 2777 44 23 and
620 2784 36 16 re-

68 2808 85 32 ligious
162 2809 78 24 effects
252 2810 27 23 of
293 2810 90 24 district
402 2818 25 16 or
440 2810 80 31 parish
531 2809 90 25 schools
632 2810 25 23 in

70 2849 41 16 our
122 2843 76 23 native
208 2843 64 24 land.
307 2843 44 24 We
364 2843 82 24 should
464 2843 49 24 like
534 2848 23 19 to
568 2851 38 16 see
618 2842 39 24 the

69 2882 63 16 same
145 2880 84 26 system
240 2876 101 32 pursued
351 2877 25 23 in
385 2876 57 24 New
451 2876 109 30 Zealand,
568 2876 45 24 and
624 2883 33 17 we

68 2907 77 25 would
166 2909 105 31 strongly
293 2909 144 24 recommend
457 2910 40 23 the
516 2910 141 30 Missionary

71 2941 112 24 Societies
194 2946 23 19 to
229 2942 58 24 send
303 2943 109 31 religious
424 2943 187 24 school-masters
620 2943 37 24 in-

69 2975 65 23 stead
145 2975 26 23 of
183 2982 63 18 mere
257 2976 138 31 clergyme*.
397 2989 34 4 —
432 2974 114 26 Southern
558 2975 76 26 Cross.

104 3008 179 25 Suppression
304 3017 30 16 of
353 3010 148 24 Duelling.
503 3022 33 4 —
538 3010 120 24 Address

70 3049 31 17 to
114 3049 57 17 her
181 3043 134 23 Majesty.
317 3056 33 3 —
350 3043 25 24 A
385 3051 55 23 very
449 3051 124 16 numerous
584 3048 72 19 meet-

70 3076 41 30 ing
122 3076 28 23 of
157 3075 38 24 the
205 3075 149 25 Association
364 3076 36 25 for
411 3076 38 25 the
462 3077 196 31 discouragement

71 3109 25 23 of
105 3109 113 32 Duelling
229 3117 46 16 was
283 3109 53 25 held
348 3118 29 16 on
388 3110 92 32 Friday,
490 3114 24 20 at
522 3110 38 24 the
569 3111 90 24 British

70 3142 91 30 Hotel,.
165 3143 216 32 Cockspur-street.
416 3144 64 24 Lord
498 3144 88 24 Lifford
604 3152 54 24 pre-

70 3175 73 30 sided,
164 3176 44 24 and
226 3184 85 24 among
331 3177 66 23 those
415 3181 93 27 present
525 3184 58 17 were
594 3177 64 24 Lord

70 3209 97 25 Charles
189 3210 116 30 Howard,
328 3210 65 24 Lord
414 3210 37 25 H.
472 3210 185 32 Cholmondeley,

70 3243 64 24 Lord
155 3243 89 25 Robert
263 3244 142 29 Grosvenor,
423 3244 40 24 the
484 3243 66 25 Hon.
563 3243 95 25 Charles

70 3276 111 30 Howard,
193 3277 39 24 the
252 3277 67 25 Hon.
332 3278 30 24 F.
374 3277 89 31 Maule,
482 3277 38 24 the
533 3276 64 25 Hon.
617 3277 39 25 W.

71 3310 105 32 Cowper,
188 3311 40 24 Sir
239 3311 100 24 Edward
350 3311 82 32 Parry,
440 3311 39 24 Sir
486 3311 33 24 R.
529 3311 33 24 H.
574 3311 83 31 Inglis,

72 3344 53 29 &c,
138 3344 44 25 &c.
212 3344 52 24 The
276 3344 67 25 noble
354 3344 125 31 chairman,
489 3345 26 23 in
526 3344 134 31 addressing

70 3377 40 24 the
120 3379 108 31 meeting,
241 3379 119 24 intimated
381 3379 49 24 that
440 3379 39 23 the
491 3378 75 32 object
576 3386 46 16 was
634 3382 24 20 to

70 3411 150 24 memorialise
232 3412 41 24 her
286 3412 102 33 Majesty
398 3417 23 19 to
440 3421 43 15 use
493 3412 43 24 her
546 3419 108 24 preroga-

72 3445 45 22 tive
128 3444 36 24 for
174 3445 38 24 the
228 3447 149 31 suppression
396 3446 26 24 of
436 3446 110 31 duelling,
558 3454 14 15 a
590 3454 68 24 prac-

72 3478 44 22 tice
127 3477 73 25 which
217 3486 47 16 was
283 3480 128 24 ineffective
429 3480 36 24 for
485 3479 38 24 the
534 3479 89 24 redress
635 3480 25 23 of

72 3518 100 24 wrongs,
191 3513 130 30 pernicious
341 3518 23 19 to
383 3515 94 31 society,
496 3513 47 24 and
558 3513 101 24 inimical

71 3549 24 19 to
106 3544 40 24 the
157 3544 54 24 laws
229 3545 26 24 of
270 3546 54 24 God
343 3547 45 24 and
407 3555 62 17 man.
506 3547 40 24 He
563 3547 46 24 had
628 3555 30 16 no

72 3578 72 24 doubt
155 3577 40 25 her
214 3578 104 33 Majesty
328 3580 74 24 would
421 3582 52 30 give
491 3581 40 24 the
542 3581 117 24 memorial

71 3612 45 24 due
128 3611 175 26 consideration.
338 3613 52 25 The
408 3615 119 24 memorial
539 3614 119 25 contained

71 3648 71 23 much,
159 3645 94 24 forcible
274 3647 123 31 reasoning
413 3648 45 24 and
475 3654 127 26 argument,
614 3647 45 26 and

72 3679 126 24 concluded
208 3679 31 31 by
249 3680 98 31 praying
357 3680 50 24 that
416 3680 42 25 her
468 3682 105 31 Majesty
583 3682 75 24 would

71 3713 31 23 be
121 3713 130 31 graciously
261 3712 94 32 pleased
372 3718 24 19 to
432 3714 67 24 make
518 3715 84 24 known
616 3715 43 24 her

70 3747 67 30 royal
147 3746 46 24 will
205 3746 32 31 by
249 3746 144 32 denouncing
404 3755 14 15 a
429 3751 87 20 custom
528 3748 73 24 which
612 3756 46 17 was

71 3779 125 25 barbarous
205 3780 26 23 in
242 3780 31 24 its
285 3780 82 31 origin,
375 3780 79 32 unjust
461 3781 25 23 in
496 3781 31 24 its
536 3782 122 32 principles

66 3813 77 24 'sinful
155 3814 24 23 in
189 3814 31 23 its
231 3818 90 25 nature,
334 3812 45 25 and
390 3813 125 24 disastrous
526 3815 26 23 in
561 3816 31 23 its
603 3823 55 17 con-

247 3847 40 25 Sir
296 3846 99 25 Edward
405 3847 82 30 Parry,
497 3847 64 24 Lord
568 3848 92 25 Robert

72 3880 140 31 Grosvenor,
223 3880 108 26 Admiral
350 3880 39 25 Sir
400 3880 30 25 F.
442 3880 100 31 Austen,
553 3882 107 24 Admiral

72 3913 89 30 Oliver,
174 3914 38 25 Sir
223 3914 36 27 H.
272 3915 84 31 Inglis,
369 3914 39 25 the
426 3913 65 25 Hon.
505 3914 27 24 S.
546 3914 34 25 H.
592 3915 66 24 Wal-

69 3947 63 32 pole,
155 3947 44 25 and
221 3948 68 25 other
315 3948 137 32 gentlemen,
475 3947 122 25 addressed
620 3948 38 24 the

68 3982 111 30 meeting,
201 3981 46 25 and
268 3982 139 25 resolutions
434 3988 59 17 were
520 3982 81 24 moved
622 3982 36 23 for

1946 3521 41 17 The
1997 3521 50 18 New
2057 3522 100 18 Zealand
2167 3523 93 18 Gazettx
2267 3524 37 18 and
2461 3525 57 17 Spkc*

1925 3546 87 14 tatoris
2018 3543 99 21 published
2123 3549 55 17 every
2184 3545 115 22 Wednesday
2308 3546 38 17 and
2357 3546 93 22 Saturday.
2472 3546 44 17 Sub-

1923 3563 64 22 joined
1993 3568 31 13 are
2031 3565 32 16 the
2069 3566 66 16 terms:
2136 3574 23 5 —

1947 3595 65 17 Prick
2018 3600 25 12 op
2049 3600 42 13 the
2098 3596 96 17 Papeb.—
2194 3596 57 22 Forty
2255 3597 87 22 shillings
2347 3601 32 18 per
2389 3602 76 17 annum,
2475 3601 41 18 pay*

1926 3616 40 18 able
1972 3616 21 17 in
1999 3617 82 17 advance
2086 3622 4 16 ;
2101 3622 22 13 or
2128 3618 87 22 sixpence
2220 3619 30 17 for
2255 3619 61 21 single
2326 3619 93 17 numbers.

1947 3645 32 17 All
1984 3645 69 20 orders,
2063 3645 159 21 advertisements,
2232 3647 39 17 and
2281 3647 164 18 communications
2455 3648 20 17 to
2484 3647 40 17 th«.

1926 3666 72 21 Editor,
2003 3671 32 12 are
2040 3667 98 21 requested
2143 3668 20 17 to
2169 3667 23 18 be
2197 3667 101 18 addressed
2302 3669 21 16 to
2329 3669 39 17 this
2373 3668 63 18 Office.

1948 3694 158 18 Advertisements
2112 3695 40 17 vrill
2157 3697 33 16 not
2194 3700 68 17 appear
2270 3695 23 18 in
2302 3696 33 17 the
2344 3696 80 22 ensuing
2434 3696 77 17 number

1926 3715 18 17 if
1951 3716 85 16 received
2041 3716 49 17 later
2095 3716 46 17 than
2152 3718 21 16 10
2179 3716 74 21 o'clock,
2260 3721 50 16 a.m.,
2317 3721 25 14 on
2347 3718 31 16 the
2385 3717 93 22 mornings
2484 3717 32 17 be*

1926 3737 38 17 fore
1978 3737 120 21 publication.
2119 3737 160 18 Advertisements
2291 3734 40 22 Will
2340 3739 23 17 be
2373 3739 99 17 continued
2478 3737 36 17 and

1926 3758 80 21 charged
2016 3758 50 17 until
2074 3759 168 20 counter-ordered;
2253 3759 47 18 such
2305 3760 54 17 order
2364 3760 51 17 must
2420 3760 23 17 be
2448 3760 42 17 sent
2496 3760 19 15 to

1926 3779 33 17 the
1968 3779 56 17 Office
2036 3780 37 16 two
2091 3780 44 21 days
2152 3780 63 17 before
2224 3780 120 21 publication,
2356 3780 36 18 and
2401 3781 52 18 must
2460 3780 23 17 bt
2493 3779 21 17 is

1926 3800 81 21 writing.
2030 3800 158 19 Advertisements
2199 3801 85 18 received
2302 3801 54 23 after
2371 3803 23 16 10
2408 3801 68 18 o'clock
2490 3804 24 13 on

1927 3821 85 21 Tuesday
2023 3821 39 17 and
2072 3821 66 22 Friday
2147 3822 96 22 mornings
2253 3822 39 18 will
2301 3823 24 17 be
2335 3822 78 22 charged
2423 3822 53 18 twice
2483 3821 32 17 the

1927 3842 56 17 usual
1987 3843 55 16 rates.

2077 3917 76 18 Printed
2166 3917 37 18 and
2216 3918 99 21 published
2331 3921 54 18 every
2399 3914 117 22 Wednesday

1949 3938 92 22 morning,
2054 3938 23 21 by
2096 3939 86 17 Sauuhl
2192 3939 94 19 Bxtatkm,
2301 3940 22 16 at
2336 3939 32 17 the
2382 3937 57 18 Offio*
2452 3937 23 17 of
2484 3937 32 16 th«

1949 3959 50 17 Nxw
2013 3960 99 16 Zkalans
2123 3960 93 17 Gakttb
2227 3963 42 14 ahd
2282 3960 135 17 Wxzaixotox
2432 3958 84 19 Skbcta-

1949 3984 45 14 tos,
2004 3981 158 20 Mannars-itrtst,
2171 3980 117 23 Walliagton,
2301 3981 43 18 Port
2357 3979 104 22 Nleh»lson,
2474 3979 42 18 New

1949 4002 87 18 ZMUnd.

558 44 97 54 ti)t
680 52 118 41 ttftto
822 49 210 43 Zeaianb
1058 47 189 49 «£&sett*
1272 47 90 42 mh
1388 47 300 46 mclimgtou
1712 44 258 49 Spectator.

673 139 108 33 adopting
793 139 39 25 the
849 139 118 25 memorial
987 139 47 24 and
1052 140 131 32 appointing
1194 148 14 15 a
1219 139 41 23 de-

673 174 103 31 putation
787 178 24 18 to
832 173 53 24 wait
905 180 30 16 on
952 173 42 23 her
1011 172 103 32 Majesty
1124 176 24 20 to
1167 176 94 28 present

675 206 37 24 the
733 213 70 17 same.
839 206 24 24 A
882 210 53 19 vote
953 206 26 22 of
992 205 86 24 thanks
1096 206 85 31 having
1202 206 58 23 been

674 239 103 24 awarded
790 244 23 19 to
825 239 38 24 the
874 239 69 24 noble
962 239 124 29 chairman,
1099 239 37 23 the
1157 239 104 30 meeting

674 273 72 23 broke
757 280 39 23 up.
798 285 34 4 —
832 271 158 32 Birmingham
1002 271 143 24 Advertiser.

708 312 230 25 Extraordinary
957 312 160 24 CREDULny.
1119 324 33 4 —
1153 311 52 24 The
1216 312 45 24 fol-

675 347 83 29 lowing
769 353 52 16 case
830 353 47 16 was
884 345 58 23 tried
952 348 22 20 at
981 345 39 23 the
1032 345 142 24 Chelmsford
1182 345 79 26 Quar-

675 385 35 19 ter
722 379 114 28 Sessions,
842 378 77 24 before
931 378 48 24 Mr.
991 377 99 31 Disney,
1099 378 114 24 chairman
1220 387 7 15 :
1228 390 35 5 —

675 413 88 25 Louisa
781 411 96 29 Dalton,
899 413 41 27 30,
960 411 51 23 wife
1032 411 26 23 of
1078 411 119 29 Fredrick,
1215 419 46 16 was

676 446 98 30 charged
791 444 56 24 with
867 444 86 31 having
964 444 107 24 obtained
1081 444 57 24 from
1159 444 102 24 Hannah

677 480 94 27 Guiver,
789 478 31 30 by
839 477 57 24 false
915 482 126 27 pretences,
1059 482 43 19 two
1121 478 140 30 sovereigns,

675 512 64 24 three
766 511 201 31 half-sovereigns,
992 512 31 22 15
1052 510 154 30 half-crowns,
1229 512 32 22 40

675 546 113 30 shillings,
808 544 44 23 and
872 544 45 23 five
935 544 128 32 sixpences,
1081 543 53 25 with
1153 545 75 23 intent
1239 548 22 19 to

676 578 65 26 cheat
759 578 45 24 and
815 576 94 25 defraud
926 577 49 29 her,
986 581 25 19 at
1028 576 86 33 Ugley.
1148 577 112 24 Prisoner

675 620 47 16 was
742 619 41 16 one
796 611 25 23 of
839 609 38 25 the
889 610 89 32 Gipsey
988 618 60 22 race,
1061 611 44 23 and
1124 614 40 20 not
1184 618 44 16 one
1239 610 25 24 of

675 646 38 23 the
724 649 61 20 most
795 643 76 31 lovely
883 644 126 30 specimens
1021 645 26 23 of
1056 644 37 23 the
1105 644 64 24 tribe.

710 679 48 24 Mr.
772 677 105 24 Rodwell
888 677 112 31 appeared
1010 676 36 25 for
1060 677 38 24 the
1109 677 152 32 prosecution,

676 712 51 29 and,
740 712 24 23 in
783 710 99 31 opening
898 710 39 23 the
957 718 58 22 case,
1028 710 48 24 told
1092 710 37 24 the
1146 711 55 30 jury
1212 710 50 24 that

677 745 38 24 the
734 745 175 24 circumstances
927 751 58 17 were
1004 744 59 24 such
1080 752 25 16 as
1123 743 53 32 they
1187 743 75 25 would

676 778 80 31 hardly
766 778 95 28 believe,
874 776 20 25 if
902 776 55 32 they
967 784 59 17 were
1037 781 42 21 not
1089 777 81 32 clearly
1177 776 86 33 proved

675 813 31 30 by
729 812 38 24 the
789 811 115 24 evidence.
951 810 51 25 The
1024 811 110 32 principal
1161 811 100 28 witness,

677 845 102 25 Hannah
792 844 95 30 Guiver,
896 852 46 16 was
954 852 13 16 a
976 852 79 23 young
1066 853 85 16 woman
1157 844 51 24 who
1217 844 46 24 had

676 880 58 23 been
744 880 25 23 in
788 886 30 16 an
838 877 26 24 ill
884 882 59 19 state
955 878 25 23 of
995 878 87 29 health,
1103 878 37 24 the
1161 886 67 15 cause
1239 877 25 24 of

676 912 75 24 which
762 912 28 23 he
802 910 68 25 could
879 915 41 21 not
930 912 112 30 precisely
1054 916 65 24 state,
1129 912 42 23 but
1181 911 30 22 he
1220 911 43 22 be-

676 945 74 23 lieved
767 945 49 23 that
838 945 19 22 it
880 952 65 15 arose
966 944 58 24 from
1047 943 133 31 unrequited
1202 943 59 23 love.

677 977 116 29 Prisoner,
804 976 50 23 who
861 976 110 23 travelled
978 976 39 23 the
1027 980 102 27 country,
1136 980 41 26 got
1185 982 78 17 access

676 1015 24 19 to
710 1010 49 29 her,
773 1009 44 23 and
837 1008 98 24 induced
951 1008 41 24 her
1010 1013 24 19 to
1051 1008 85 25 believe
1154 1009 50 23 that
1222 1008 41 24 she

676 1050 46 17 was
741 1042 155 32 spell-bound,
914 1042 45 23 and
975 1042 121 32 proposed,
1107 1049 30 16 on
1155 1041 40 24 the
1206 1049 57 23 pay-

675 1081 65 19 ment
750 1077 26 23 of
792 1084 14 15 a
817 1075 86 24 certain
922 1082 51 16 sum
983 1074 26 24 of
1027 1083 90 23 money,
1128 1080 23 19 to
1162 1075 101 31 perform

677 1110 85 24 certain
789 1109 98 31 magical
914 1109 147 29 ceremonies,
1084 1109 32 31 by
1136 1115 80 18 means
1241 1108 23 23 of

677 1143 73 24 which
760 1143 41 24 she
813 1142 78 24 would
907 1142 30 24 be
948 1142 98 24 relieved
1056 1142 60 24 from
1134 1142 50 24 that
1194 1141 67 32 spell.

677 1176 50 25 The
738 1176 92 25 learned
841 1175 131 32 gentleman
982 1175 55 24 then
1047 1175 95 24 detailed
1154 1175 39 24 the
1204 1175 59 24 facts

677 1211 24 22 of
710 1210 40 23 the
760 1217 52 16 case
824 1217 25 16 as
861 1209 74 24 stated
947 1209 23 23 in
981 1208 39 24 the
1032 1209 113 24 evidence.

711 1243 103 24 Hannah
824 1242 95 29 Guiver,
926 1242 77 24 rather
1013 1251 14 15 a
1035 1242 166 32 good-looking
1209 1241 54 32 girl,

677 1285 45 17 was
734 1277 55 24 then
800 1275 128 25 examined.
930 1288 35 4 —
965 1275 14 24 I
995 1276 49 24 live
1056 1276 53 24 with
1125 1283 39 24 my
1174 1276 90 23 mother

678 1316 23 20 at
721 1310 79 32 Ugley
812 1310 87 24 Green.
935 1309 47 24 She
999 1309 73 32 keeps
1089 1317 14 16 a
1121 1309 57 31 shop
1189 1309 74 24 there.

678 1344 38 25 On
729 1345 38 23 the
779 1343 60 25 26th
849 1343 25 24 of
882 1343 84 24 March
976 1343 105 32 prisoner
1091 1350 62 16 came
1164 1343 49 23 into
1227 1342 37 24 the

678 1378 66 32 shop.
780 1377 48 24 She
840 1377 47 24 told
904 1384 38 16 me
953 1375 51 25 that
1015 1376 42 24 she
1068 1376 72 24 would
1151 1376 41 23 tell
1203 1383 37 16 me
1251 1384 15 15 a

677 1413 44 24 few
731 1411 75 25 words
823 1411 49 23 that
884 1409 73 25 would
974 1410 30 24 be
1015 1418 15 15 a
1039 1409 85 25 benefit
1133 1413 24 20 to
1169 1416 45 17 me.
1251 1409 14 24 I

678 1453 46 17 was
734 1450 41 20 not
785 1446 24 23 in
821 1453 15 16 a
846 1443 128 33 good^state
985 1444 26 23 of
1018 1444 87 24 health.
1134 1444 14 24 I
1156 1451 57 24 gave
1224 1444 42 25 her

679 1488 41 15 one
733 1479 100 31 shilling.
870 1477 48 25 She
928 1477 45 24 had
985 1485 14 16 a
1016 1477 62 24 book
1089 1477 53 25 with
1159 1478 49 29 her,
1221 1478 45 24 and

678 1513 82 24 looked
771 1514 49 22 into
830 1512 27 24 it.
894 1510 47 25 She
953 1510 49 25 said
1012 1510 32 32 by
1056 1510 38 25 the
1105 1510 60 25 book
1176 1510 14 25 I
1202 1516 63 19 must

678 1547 52 31 give
741 1547 40 23 her
792 1545 97 25 another
905 1544 101 31 shilling,
1018 1544 75 24 which
1110 1544 13 24 I
1134 1544 47 24 did.
1218 1545 47 24 She

679 1580 48 24 said
740 1580 13 24 I
765 1587 46 17 was
831 1578 88 33 poorly,
931 1578 45 24 and
994 1578 50 24 that
1064 1578 15 24 I
1096 1585 45 17 was
1161 1578 73 24 under
1252 1587 14 15 a

679 1613 58 33 spell
745 1623 7 20 ;
773 1614 20 23 if
808 1613 14 24 I
833 1613 74 24 would
925 1612 52 31 give
987 1611 42 25 her
1047 1619 14 16 a
1078 1611 186 32 half-sovereign,

679 1647 40 24 she
733 1647 64 25 could
816 1646 46 24 and
874 1646 74 23 would
967 1645 73 24 break
1052 1644 39 25 the
1101 1645 58 31 spell
1168 1646 25 23 in
1211 1646 54 23 nine

679 1681 64 30 days.
768 1680 48 25 She
827 1688 57 24 gave
897 1688 36 15 me
943 1687 14 15 a
966 1679 66 31 piece
1041 1679 27 23 of
1075 1679 98 31 foolscap
1185 1687 78 23 paper.

679 1714 25 24 It
714 1722 46 16 was
772 1714 75 24 folded
858 1721 40 23 up,
909 1712 45 24 and
966 1712 64 23 there
1038 1720 46 16 was
1095 1717 42 19 two
1145 1713 52 31 pins
1206 1712 59 25 suck

678 1749 23 22 in
713 1748 20 23 it
743 1755 85 21 across,
841 1747 45 24 and
905 1746 14 24 I
929 1754 47 16 was
994 1750 23 19 to
1028 1745 60 24 burn
1102 1746 18 23 it
1129 1750 24 20 at
1169 1745 40 25 the
1221 1747 44 23 end

679 1782 26 22 of
724 1781 38 24 the
781 1781 55 23 nine
859 1780 64 31 days.
970 1778 39 25 On
1033 1778 39 25 the
1094 1781 35 22 Ist
1151 1780 26 23 of
1196 1780 69 32 April

679 1813 127 33 (laughter)
820 1814 12 23 I
851 1822 45 15 saw
914 1813 42 23 her
976 1813 76 30 again.
1089 1813 45 23 She
1156 1813 50 24 said
1225 1813 40 24 she

678 1848 44 24 had
734 1848 56 24 been
803 1847 105 31 working
917 1846 38 25 the
967 1846 76 31 things
1054 1846 109 24 beautiful
1173 1847 36 24 for
1218 1855 46 16 me.

679 1881 14 25 I
857 1881 14 24 I
890 1888 46 17 saw
953 1880 39 24 her
1013 1880 68 31 again
1093 1887 29 17 on
1139 1880 38 24 the
1188 1881 44 24 4th
1243 1881 25 23 of

679 1915 76 30 April.
792 1915 47 23 She
851 1914 55 24 took
919 1922 12 15 a
945 1914 43 28 bag
996 1912 60 25 from
1067 1913 41 24 her
1117 1913 92 27 jpocket*
1221 1914 46 24 and

1289 136 72 26 asked
1378 136 36 24 for
1432 145 14 15 a
1462 136 95 24 handful
1573 136 27 24 of
1616 136 51 24 salt.
1703 135 14 24 I
1735 143 47 17 was
1802 136 25 23 in
1837 135 40 24 the

1289 171 65 30 shop,
1365 170 46 23 and
1422 169 40 24 she
1474 169 71 24 asked
1554 173 23 19 to
1589 169 73 32 speak
1674 173 22 19 to
1707 176 38 17 me
1756 168 119 32 privately.

1289 204 13 23 I
1314 203 56 24 took
1381 202 42 24 her
1432 202 49 24 into
1491 202 39 24 the
1541 202 186 31 keeping-room.
1763 201 13 24 I
1788 206 42 27 put
1838 202 39 23 the

1289 236 45 24 salt
1344 237 25 22 in
1381 235 39 25 the
1430 235 53 31 bag.
1519 235 47 24 She
1578 235 73 24 asked
1662 235 34 24 for
1704 242 27 16 as
1742 234 70 24 much
1823 234 55 31 gold

1289 277 25 16 as
1326 269 14 24 I
1352 268 45 25 had
1411 273 21 19 to
1449 273 41 27 put
1502 269 24 23 in
1536 268 40 24 the
1587 268 54 31 bag.
1677 268 12 23 I
1702 275 46 16 was
1766 272 42 19 not
1818 267 59 24 will-

1289 303 40 30 ing
1341 306 22 20 to
1376 302 29 23 do
1416 302 53 29 this,
1481 301 41 24 but
1542 301 41 23 she
1595 301 51 24 said
1657 301 39 24 she
1705 301 42 24 did
1765 305 41 20 not
1817 305 61 19 want

1289 340 23 19 to
1323 334 57 25 take
1391 335 20 23 it
1421 338 39 20 out
1471 334 25 23 of
1512 334 38 23 the
1560 334 82 25 house.
1679 334 11 24 I
1702 334 93 24 fetched
1813 334 65 23 down

1291 373 42 19 two
1361 368 132 30 sovereigns
1516 367 47 23 and
1583 367 64 24 three
1675 367 201 31 half-sovereigns.

1289 400 67 32 They
1367 408 58 17 were
1436 409 39 22 my
1486 400 116 24 mother's.
1639 400 47 23 She
1703 400 51 24 said
1771 400 50 23 that
1832 407 46 16 was

1288 439 41 19 not
1340 433 108 32 enought,
1460 433 43 23 and
1517 433 13 23 I
1542 433 67 23 could
1620 433 68 23 make
1702 434 20 22 it
1733 441 31 24 up
1776 433 103 24 between

1288 468 38 25 £7
1345 467 45 24 and
1402 468 45 27 £8,
1459 467 20 23 if
1495 466 13 23 I
1520 466 71 24 liked.
1629 466 13 24 I
1655 466 53 24 then
1719 466 101 32 brought
1837 466 41 23 her

1289 500 66 24 down
1368 502 30 23 15
1411 500 154 29 half-crowns,
1576 501 34 22 40
1622 500 113 31 shillings,
1748 500 46 23 and
1804 501 15 23 5
1829 500 49 22 six-

1288 541 92 25 penses.
1417 533 13 24 I
1442 537 40 27 put
1493 532 61 25 them
1566 533 50 23 into
1627 533 39 23 the
1677 533 53 31 bag.
1767 532 48 24 She
1826 532 50 24 said

1289 567 41 23 she
1341 571 65 19 must
1416 566 56 24 have
1484 567 18 23 it
1514 566 35 23 till
1561 567 31 23 11
1606 566 87 23 o'clock
1703 570 58 20 next
1772 566 51 31 day,
1834 565 44 24 and

1289 600 55 24 then
1356 600 39 24 the
1413 599 58 32 spell
1481 599 73 24 would
1572 599 30 23 be
1613 599 97 24 broken.
1745 599 28 24 If
1787 599 42 23 she
1840 599 38 24 did

1289 637 40 20 not
1341 634 68 31 bring
1421 633 37 23 the
1469 633 45 30 bag
1525 632 44 24 and
1579 632 39 23 the
1629 640 83 23 money
1722 632 32 31 by
1764 632 115 31 half-past

1292 669 39 27 11,
1344 674 26 16 or
1382 674 13 15 a
1406 666 43 24 few
1467 667 100 22 minutes
1585 665 66 29 after,
1664 665 13 24 I
1688 673 47 16 was
1754 670 23 19 to
1796 665 57 24 have
1865 673 14 15 a

1289 708 55 23 very
1355 700 70 31 sharp
1436 699 71 29 knife,
1519 698 45 24 and
1575 698 68 24 when
1663 699 13 23 I
1688 706 47 16 saw
1752 698 42 24 her
1811 699 67 30 again

1290 738 22 19 to
1324 738 39 19 cut
1380 733 42 24 her
1441 733 81 23 throat.
1557 730 154 34 (Laughter.)
1746 732 14 23 I
1780 732 38 23 did
1835 736 41 19 not

1290 774 38 17 see
1345 766 43 25 her
1399 766 67 31 again
1477 766 35 24 till
1529 765 39 24 the
1580 768 35 22 20
1626 765 25 24 of
1660 765 76 32 April.
1773 765 47 24 She
1832 773 47 16 was

1290 800 55 24 then
1355 802 26 23 in
1397 800 40 24 the
1448 799 169 25 station-house
1634 803 25 19 at
1676 799 116 31 Newport.
1829 799 48 24 She

1290 842 45 16 was
1347 838 24 20 to
1382 834 58 24 have
1449 834 68 23 taken
1524 832 39 24 the
1574 841 83 22 money
1667 837 22 19 to
1698 841 15 15 a
1722 832 155 32 neighbour's,

1291 868 77 23 Susan
1388 867 84 24 Smith.
1515 866 52 24 The
1588 867 114 23 condition
1722 874 30 15 on
1769 866 75 24 which
1863 866 15 24 I

1290 901 80 31 parted
1390 900 54 24 with
1461 908 39 23 my
1511 907 84 23 money
1605 907 47 16 was
1672 900 50 23 that
1734 900 41 23 she
1796 899 83 24 should

1291 937 78 19 return
1380 935 28 26 it,
1420 940 26 15 or
1456 933 49 22 that
1517 932 13 23 I
1542 932 84 23 should
1636 936 37 19 cut
1681 932 42 23 her
1732 932 84 23 throat.
1846 931 36 24 Of

1291 973 80 15 course
1392 965 14 23 I
1418 964 97 31 thought
1532 964 14 23 I
1559 964 82 23 should
1662 964 57 23 have
1736 964 51 23 that
1805 964 74 28 knife,

1292 998 12 24 I
1316 998 83 24 should
1410 1002 41 19 not
1461 997 57 23 have
1529 1002 39 18 cut
1578 996 43 24 her
1632 997 84 23 throat.
1747 997 13 23 I
1772 998 62 22 can't
1840 997 41 23 tell

1291 1031 60 24 what
1360 1031 41 24 she
1413 1034 76 21 meant
1506 1030 31 31 by
1549 1029 107 31 working
1672 1029 78 31 things
1769 1029 112 24 beautiful

1291 1065 35 24 for
1336 1073 47 16 me.
1420 1064 13 24 I
1444 1063 44 25 had
1505 1064 59 23 been
1575 1062 27 24 ill
1614 1071 62 16 some
1688 1063 63 29 time,
1763 1063 42 23 but
1816 1063 65 24 there

1291 1105 45 17 was
1355 1103 40 19 not
1408 1106 14 15 a
1431 1098 35 23 bit
1477 1097 25 24 of
1517 1097 51 24 love
1587 1097 26 23 in
1634 1096 38 24 the
1683 1097 114 30 question.
1833 1096 48 25 She

1292 1131 49 24 said
1352 1133 19 22 it
1383 1139 45 16 was
1441 1140 14 15 a
1465 1131 64 31 spell,
1542 1130 45 24 and
1603 1130 51 24 that
1665 1130 13 24 I
1690 1129 83 25 should
1785 1130 35 31 sip
1830 1138 51 15 sor-

1291 1173 46 16 row
1348 1165 32 31 by
1391 1164 117 33 spoonsful
1519 1164 21 23 if
1553 1164 20 23 it
1585 1171 46 16 was
1642 1168 40 19 not
1700 1163 69 24 taken
1783 1164 37 23 off.
1857 1162 25 25 It

1292 1199 19 23 is
1328 1199 128 23 immateral
1475 1202 22 19 to
1509 1205 45 23 any
1566 1205 44 16 one
1629 1197 54 24 here
1694 1196 103 24 whether
1818 1197 63 23 there

1292 1240 46 16 was
1358 1240 45 23 any
1414 1232 49 23 love
1480 1232 23 23 in
1521 1230 39 25 the
1580 1239 61 21 case,
1662 1231 40 23 but
1720 1230 64 24 there
1803 1238 45 16 was
1868 1238 14 15 a

1292 1274 77 24 young
1380 1274 54 15 man
1446 1265 13 24 I
1471 1265 44 23 had
1528 1273 13 15 a
1554 1264 83 32 regard
1647 1264 42 24 for.
1726 1263 14 25 I
1753 1272 45 15 was
1809 1263 73 24 under

1292 1300 86 23 mental
1390 1300 99 30 anxiety.
1526 1298 13 24 I
1557 1306 38 16 am
1608 1300 34 22 24
1661 1305 65 24 years
1738 1297 26 24 of
1780 1305 51 23 age.
1868 1297 13 23 I

1293 1333 77 24 attend
1382 1334 39 23 the
1434 1333 54 30 shop
1500 1332 35 24 for
1553 1340 40 23 my
1605 1331 97 24 mother.
1739 1331 13 23 I
1773 1339 57 23 gave
1842 1331 38 23 the

1292 1368 105 29 prisoner
1415 1367 37 23 the
1463 1373 89 24 money,
1564 1365 56 24 with
1641 1366 38 23 the
1689 1364 52 25 idea
1753 1365 25 24 of
1794 1365 88 31 getting

1293 1401 82 23 better.

1328 1434 50 24 Mr.
1391 1434 108 30 Dowling
1510 1433 124 23 addressed
1646 1432 37 24 the
1696 1432 58 32 jury
1764 1440 30 16 on
1805 1431 80 24 behalf

1295 1467 24 24 of
1335 1468 38 23 the
1384 1469 110 30 prisoner,
1531 1467 40 23 He
1583 1467 51 23 said
1645 1466 44 24 this
1701 1474 47 15 was
1769 1473 14 16 a
1794 1473 53 16 case
1858 1465 25 23 in

1293 1501 75 24 which
1380 1502 40 23 the
1439 1505 64 27 party
1515 1500 44 23 had
1571 1508 30 15 no
1620 1500 61 31 right
1701 1504 23 19 to
1736 1499 113 32 complain
1860 1498 25 24 of

1294 1535 38 23 the
1343 1542 153 24 consequence
1507 1534 25 23 of
1540 1533 61 24 their
1610 1542 51 15 own
1667 1533 64 31 folly.
1768 1531 26 25 If
1802 1532 81 32 people

1294 1568 68 24 chose
1375 1573 23 19 to
1410 1576 29 24 go
1451 1568 44 24 and
1510 1568 47 30 buy
1569 1567 88 29 advice,
1669 1566 57 24 such
1737 1574 26 16 as
1779 1566 20 23 it
1809 1565 75 32 might

1293 1602 36 29 be,
1342 1603 54 30 they
1409 1602 66 23 could
1485 1601 57 24 have
1554 1609 29 15 no
1602 1601 63 31 right
1676 1604 22 19 to
1709 1605 54 18 turn
1773 1599 75 24 round
1857 1600 25 22 in

1294 1636 45 24 this
1352 1643 95 17 manner
1458 1643 29 16 on
1498 1635 38 23 the
1547 1642 86 24 person
1645 1634 25 23 of
1684 1633 75 24 whom
1770 1632 55 32 they
1839 1632 45 25 had

1293 1670 89 30 bought
1392 1670 27 23 it.

1328 1703 53 24 The
1399 1703 64 32 jury,
1482 1702 96 24 without
1599 1701 133 29 hesitation,
1752 1700 70 24 found
1843 1700 41 23 her

1297 1736 90 32 Guilty.

1329 1770 52 24 The
1403 1770 130 27 Chairman,
1553 1770 25 22 in
1595 1769 94 30 passing
1709 1771 116 26 sentence,
1844 1767 40 24 ob-

1294 1804 88 29 served,
1394 1804 50 23 that
1455 1803 37 24 the
1503 1803 43 23 law
1557 1808 64 18 must
1632 1806 88 27 protect
1731 1801 38 24 the
1782 1801 65 24 weak
1858 1801 25 23 in

1295 1838 62 24 mind
1369 1846 26 15 as
1408 1837 50 24 well
1468 1844 25 16 as
1505 1837 38 23 the
1554 1836 68 24 weak
1634 1837 24 22 in
1669 1835 67 30 body,
1748 1843 26 16 or
1785 1836 19 22 it
1810 1834 75 24 would

1295 1872 27 23 be
1331 1879 33 16 no
1373 1871 44 24 law
1424 1876 24 19 at
1455 1871 29 24 all
1492 1879 6 21 ;
1513 1869 44 25 and
1564 1870 31 23 he
1604 1869 122 24 sentenced
1735 1868 38 25 the
1782 1870 103 31 prisoner

1296 1910 21 19 to
1331 1911 38 18 ten
1380 1905 73 30 years'
1467 1904 187 31 transportation.

1905 135 107 21 Candles
2019 143 6 13 :
2032 135 95 27 English
2134 141 56 20 wax,
2196 140 42 22 per

2047 161 25 22 lb
2180 174 49 10 ..
2247 162 14 19 0
2287 160 15 21 2
2329 161 13 20 3
2360 174 17 7 ..
2396 162 13 20 0
2436 162 15 21 3
2477 165 14 19 8

2014 188 77 25 Sperm
2247 188 15 19 0
2289 188 10 20 1
2318 188 25 20 10
2360 200 18 8 ..
2396 188 14 21 0
2437 190 13 20 3
2477 192 15 19 0

2013 214 81 22 Mould
2246 215 15 20 0
2287 216 15 19 0
2329 214 14 21 6
2360 228 18 6 ..
2396 216 13 19 0
2437 216 14 20 0
2477 217 14 20 8

2015 240 57 28 Dips
2246 242 15 20 0
2287 242 15 20 0
2328 240 13 20 5
2359 254 19 7 ..
2395 242 14 19 0
2437 243 13 19 0
2477 245 14 19 0

1906 267 93 22 Flour:
2009 269 35 20 Ist
2049 266 92 28 quality,
2152 275 40 20 per
2195 270 40 19 ton

2027 294 27 21 of
2063 295 56 22 2000
2127 294 51 22 lbs.*
2232 294 26 21 15
2285 295 15 20 0
2327 296 14 19 0
2359 294 50 22 ..16
2437 297 14 20 0
2477 298 13 20 0

2005 320 46 22 2nd
2060 319 57 23 ditto
2247 322 14 20 0
2289 322 14 20 0
2330 322 14 19 0
2361 334 17 7 ..
2398 322 14 20 0
2438 323 13 20 0
2477 325 15 19 0

1905 347 77 22 Flax:
1998 346 29 23 N.
2038 347 27 22 Z.
2073 354 41 20 per
2123 350 39 19 ton
2185 348 76 21 ....15
2289 349 14 20 0
2330 349 14 19 0
2362 361 18 6 ..
2397 348 14 21 0
2437 350 14 19 0
2477 351 14 20 0

1934 374 44 22 Do.
1978 385 29 5 —
2008 373 105 23 onboard
2113 384 28 5 —
2141 373 117 27 pressedl7
2286 376 15 19 0
2328 375 14 20 0
2360 388 18 7 ..
2395 375 14 20 0
2435 376 13 20 0
2475 377 14 20 C

1907 401 61 22 Gin:
1988 400 55 23 Pale
2059 401 25 21 in
2094 400 61 23 bond
2249 402 14 19 0
2289 402 14 20 3
2331 402 14 20 6
2362 414 18 7 ..
2398 402 13 20 0
2437 402 14 19 5
2478 404 14 20 6

1956 428 63 26 Case,
2026 429 16 20 4
2047 427 38 26 gal
2092 428 39 21 4-5
2139 428 25 21 in
2172 425 61 24 bond
2248 428 11 19 1
2289 429 13 19 0
2330 428 13 20 0
2361 442 17 6 ..
2398 428 11 20 1
2437 428 12 20 5
2478 431 14 19 o

1906 453 84 24 Hams:
2004 453 130 27 Yorkshire,
2148 453 86 29 perlb.
2249 456 14 19 0
2291 455 14 20 0
2331 454 14 21 5
2362 468 18 7 ..
2398 456 13 20 0
2438 456 13 20 0
2476 456 15 21 7

1990 481 29 22 N.
2032 481 26 22 Z.
2068 480 73 28 perlb
2250 482 15 20 0
2291 482 14 19 0
2333 482 13 21 0
2362 495 7 12 :
2375 495 6 6 .
2399 483 14 20 0
2439 483 14 20 0
2479 484 14 19 5

1906 508 129 22 Mustard:
2050 508 44 22 Per
2101 508 74 22 dozen
2186 521 46 7 ....
2250 509 14 20 0
2279 508 26 21 16
2333 509 13 20 0
2362 522 18 7 ..
2399 508 53 22 018
2479 511 15 19 0

1906 535 104 22 Mutton
2017 543 5 14 :
2044 535 94 22 Carcase
2146 541 40 21 per
2194 534 25 22 lb
2229 550 6 5 .
2249 536 15 20 0
2291 536 14 19 0
2332 535 14 21 7
2362 548 6 7 .
2374 549 6 6 .
2398 536 14 20 0
2438 537 14 20 0
2479 537 14 20 9

1906 562 124 22 Muskets:
2045 561 94 22 Walnut
2145 560 92 23 stocked
2250 562 15 21 0
2279 561 26 22 15
2332 563 14 20 0
2362 575 18 7 ..
2399 562 12 21 1
2439 564 14 19 0
2480 565 14 19 0

1906 588 80 23 Milk:
2001 589 44 22 Per
2051 588 49 28 pint
2250 590 14 19 0
2291 589 14 20 0
2331 589 14 20 2
2362 602 18 7 ..
2398 590 14 20 0
2438 591 13 19 0
2478 591 15 20 3

1906 616 81 22 Maize
1995 623 5 14 :
2016 621 40 22 per
2065 614 80 23 bushel
2249 616 15 20 0
2291 616 14 20 3
2332 616 14 20 0
2363 629 18 7 ..
2399 617 14 20 0
2439 617 14 20 3
2479 617 15 20 6

1907 642 58 22 Oil:
1981 641 104 27 Linseed,
2094 649 42 21 per
2143 641 76 28 gallon
2228 657 7 6 .
2250 643 14 20 0
2291 642 14 21 6
2332 643 14 20 6
2363 656 17 7 ..
2399 644 14 20 0
2439 642 14 22 7
2480 645 14 19 6

1982 669 77 27 Black,
2063 669 25 22 in
2092 668 174 28 cask,pertonlB
2293 670 13 19 0
2334 670 14 20 0
2364 670 49 21 ..20
2440 671 13 19 0
2480 672 14 19 0

2017 697 79 26 Sperm
2231 696 29 21 50
2287 696 12 20 0
2329 696 12 19 0
2359 696 50 22 ..75
2437 698 12 18 0
2478 698 13 19 »

1907 723 78 22 Pork:
2000 723 77 27 Fresh,
2094 730 90 15 carcase
2198 730 41 21 per

2024 750 23 22 lb
2248 751 15 20 0
2290 751 14 20 0
2331 751 15 20 0
2362 763 18 7 ..
2399 751 14 20 0
2440 752 13 19 0
2480 753 15 19 4

1908 777 64 23 Pork
1979 784 6 15 :
2000 777 67 27 Irish,
2076 784 42 20 per
2126 777 74 22 barrel
2213 791 5 7 .
2225 791 6 7 .
2249 779 15 19 0
2291 778 14 20 0
2333 779 13 19 0
2363 791 6 6 .
2375 791 6 6 .
2399 778 15 20 4
2430 778 24 21 10
2481 780 14 19 0

1988 805 59 22 N.Z
2246 805 14 21 2
2275 805 26 21 10
2329 805 13 21 0
2359 818 18 7 ..
2395 805 15 21 3
2437 805 14 20 0
2477 806 14 20 0

1907 832 132 23 Potatoes:
2059 831 57 23 New
2128 831 108 28 Zealand,

2082 866 41 21 per
2131 862 40 19 ton
2183 873 47 7 ....
2247 859 16 21 4
2289 860 14 20 0
2331 860 14 20 0
2362 871 18 8 ..
2398 859 14 20 6
2439 859 14 21 0
2480 861 13 19 0

1907 886 95 23 Porter
2010 894 6 14 :
2045 885 103 28 Dunbar,
2159 886 25 22 in
2190 886 47 22 bot.

2074 913 92 26 perdoz
2249 913 14 20 0
2290 913 15 20 9
2331 913 14 20 0
2362 925 18 7 ..
2398 913 15 20 0
2426 912 28 21 12
2479 914 15 20 6

2016 938 86 28 Bryant
2112 938 45 22 and
2166 939 70 21 Davis
2249 940 16 19 O
2291 939 13 20 9
2332 940 14 20 0
2363 952 6 6 .
2375 952 6 6 .
2400 939 13 20 0
2428 939 26 21 12
2480 941 14 19 0

1908 965 99 22 Pickles
2018 972 6 15 :
2055 965 116 27 Assorted,
2200 972 40 20 per

2080 990 70 28 doz.,{
2162 994 76 25 quarts
2251 993 15 20 0
2280 991 26 21 15
2334 993 14 20 0
2364 1005 19 7 ..
2402 993 14 20 0
2430 992 26 22 17
2482 994 14 19 0

1908 1018 76 22 Pitch
1996 1025 6 15 :
2035 1018 137 27 Stockholm,
2201 1025 41 20 per

2058 1045 73 21 barrel
2253 1046 14 20 2
2294 1047 14 19 0
2335 1047 14 19 0
2365 1059 18 7 ..
2401 1047 14 20 0
2442 1048 13 20 0
2482 1049 14 19 0

1910 1072 81 22 Plank
1999 1080 6 13 :
2034 1072 54 22 Port
2110 1072 131 27 Nicholson,

2059 1106 40 20 per
2108 1101 40 19 100
2158 1099 46 22 feet
2217 1101 51 20 ..0
2296 1101 12 19 6
2336 1101 13 19 0
2366 1113 18 7 ..
2402 1101 13 20 0
2430 1100 25 21 10
2482 1103 12 19 0

1910 1125 69 23 Rice:
1993 1126 109 22 Common
2112 1133 40 20 per
2158 1129 49 19 cwt.
2218 1141 18 6 ..
2255 1128 14 20 0
2284 1128 25 20 10
2338 1129 12 19 0
2368 1140 17 7 ..
2404 1129 13 19 0
2443 1129 13 19 0
2483 1131 14 19 0

1993 1152 67 23 Good
2253 1155 14 20 0
2282 1153 26 21 15
2338 1155 13 19 0
2367 1167 18 7 ..
2403 1155 13 20 0
2443 1156 13 20 0
2482 1158 14 19 0

1910 1179 55 23 Rum
1974 1188 5 13 :
1996 1181 25 21 P.
2031 1180 27 22 B.
2069 1180 33 26 P.,
2117 1187 40 20 per
2165 1180 77 27 gallon

2032 1207 24 22 in
2071 1207 61 22 bond
2254 1209 14 20 0
2296 1209 14 20 4
2336 1209 14 19 3
2367 1221 18 7 ..
2404 1209 13 20 0
2442 1209 15 21 0
2483 1211 14 20 0

1911 1233 89 23 Sugar:
2018 1234 120 22 Mauritius
2146 1242 41 20 per
2193 1238 50 20 cwt.
2258 1237 14 19 0
2299 1237 14 19 0
2340 1236 48 20 0..
2420 1241 56 16 none

2019 1261 82 22 Brown
2116 1261 55 22 ditto
2188 1263 77 21 ....0
2294 1264 14 20 0
2334 1263 14 20 0
2366 1275 17 6 ..
2402 1263 12 20 0
2442 1264 13 20 0
2482 1265 14 19 0

2020 1288 98 22 Refined
2132 1289 54 27 loaf,
2203 1296 41 21 per

2046 1315 24 23 lb
2254 1318 14 20 0
2296 1317 14 21 0
2337 1315 13 22 5
2368 1329 17 7 ..
2404 1317 13 20 0
2443 1318 13 20 0
2483 1319 14 20 6

2021 1343 97 22 Manilla
2137 1350 39 21 per
2189 1346 48 19 cwt.
2254 1345 11 19 1
2294 1345 14 19 0
2336 1345 13 19 0
2366 1356 18 7 ..
2404 1344 9 20 1
2446 1345 51 21 16

1912 1370 73 22 Salt:
2001 1369 127 29 Liverpool,
2138 1378 41 19 per
2187 1373 40 19 ton
2235 1371 33 21 .15
2297 1372 14 20 0
2338 1371 13 21 0
2368 1371 50 20 ..18
2444 1373 14 19 0
2484 1374 14 19 0

1912 1397 59 22 Soaf
1980 1405 6 14 :
2014 1397 102 22 Hawes's
2139 1397 103 28 London,

2038 1432 40 19 per
2085 1427 39 19 ton
2240 1425 29 21 40
2296 1426 13 19 0
2336 1426 14 20 0
2367 1438 18 6 ..
2404 1426 14 20 0
2444 1426 14 20 0
2486 1428 13 19 0

2030 1451 120 28 Liverpool
2241 1451 27 22 35
2297 1453 13 19 0
2338 1453 13 20 0
2367 1465 18 7 ..
2404 1453 13 20 0
2444 1453 12 20 0
2485 1455 13 19 0

1912 1479 104 21 Starch:
2033 1478 74 22 Perlb
2257 1480 14 20 0
2298 1480 14 19 0
2338 1479 13 20 5
2369 1493 17 6 ..
2404 1480 14 20 0
2444 1480 14 20 0
2485 1482 14 19 0

1912 1505 144 22 Scantling:
2072 1505 43 22 Per
2122 1506 40 21 100
2171 1505 67 22 feet..
2258 1507 13 19 0
2298 1506 14 20 6
2340 1507 13 19 0
2369 1519 18 7 ..
2406 1507 14 20 0
2446 1508 12 19 8
2487 1509 12 18 0

1912 1533 129 22 Shingles:
2057 1532 42 22 Per
2108 1533 61 27 1000,
2178 1533 29 21 N.
2216 1533 26 21 Z.
2256 1534 14 19 0
2298 1534 13 20 6
2338 1534 14 20 0
2369 1546 17 7 ..
2404 1534 14 19 0
2433 1533 26 21 10
2487 1536 12 19 0

2043 1559 71 28 Ditto,
2136 1559 28 22 V.
2176 1560 28 21 D.
2216 1559 26 22 L.
2256 1561 14 20 0
2298 1562 14 19 0
2339 1561 14 20 0
2369 1573 17 7 ..
2405 1561 13 20 0
2433 1559 25 22 12
2486 1563 13 19 0

1912 1587 63 22 Tar:
1990 1587 56 22 Coal
2258 1588 10 19 1
2297 1589 14 19 0
2339 1588 14 20 0
2369 1600 18 7 ..
2407 1588 11 19 1
2446 1588 13 20 5
2487 1590 13 19 0

1995 1613 131 23 Stockholm
2258 1615 14 21 2
2299 1616 13 19 0
2340 1615 80 20 0..0
2446 1616 13 19 0
2487 1617 13 19 0

1912 1641 64 23 Tea:
1985 1641 82 28 Hyson
2071 1640 56 28 skin,
2132 1648 41 21 per
2182 1641 64 22 chest
2258 1642 14 21 4
2299 1643 14 20 0
2340 1642 13 21 0
2369 1654 19 9 ..
2406 1642 14 21 6
2446 1643 14 20 6
2487 1644 14 19 0

1988 1669 94 27 Congou
2258 1670 13 20 8
2299 1670 14 20 0
2340 1669 79 22 0..13
2446 1671 13 19 0
2487 1671 13 20 0

1912 1696 107 23 Tobacco
2026 1703 7 15 :
2046 1695 142 28 Negrohead,
2206 1703 40 22 per

2072 1722 31 23 lb.
2116 1722 25 23 in
2157 1722 60 22 bond
2257 1724 14 21 0
2299 1724 11 20 1
2340 1724 47 20 6..
2405 1724 14 20 0
2447 1724 11 20 1
2486 1726 14 19 9

1913 1750 165 23 Turpentine:
2094 1750 146 27 Pergallon..
2258 1752 14 19 0
2299 1750 14 22 7
2340 1751 14 20 6
2371 1764 18 7 ..
2407 1752 14 20 0
2447 1752 14 19 8
2487 1753 15 19 0

1914 1777 151 22 Whalebone
2072 1785 5 14 :
2092 1777 45 22 Per
2145 1781 40 18 ton
2193 1791 47 7 ....
2246 1778 41 21 100
2300 1780 15 19 0
2341 1779 14 20 0
2372 1792 4 5 .
2383 1792 7 6 .
2396 1778 39 21 120
2448 1780 13 19 0
2489 1780 13 19 0

1915 1804 82 23 Wine:
2013 1804 89 29 Sherry,
2113 1812 40 20 per
2161 1804 79 28 pipe..
2245 1806 28 21 20
2300 1807 15 19 0
2341 1806 14 19 0
2371 1806 50 19 ..40
2447 1807 14 18 0
2488 1807 14 20 0

2024 1832 72 27 Ditto,
2111 1839 41 20 per
2165 1832 80 21 dozen.
2261 1833 9 20 1
2300 1834 15 19 0
2341 1833 14 20 0
2371 1846 18 7 ..
2407 1832 14 21 2
2448 1834 13 19 0
2489 1834 16 20 O

2024 1859 62 27 Port,
2095 1867 41 20 per
2145 1858 50 29 pipe
2220 1860 50 21 ..25
2299 1861 13 20 0
2339 1860 14 21 0
2369 1860 51 20 ..40
2446 1861 14 20 0
2487 1861 14 20 0

2092 1886 98 28 perdoz.
2220 1888 50 20 ..1
2299 1888 14 20 0
2340 1888 13 20 0
2369 1900 18 6 ..
2406 1887 13 21 2
2446 1888 14 19 0
2487 1888 13 19 0

2025 1914 151 27 Champagne,
2190 1913 56 22 ditto
2259 1915 14 20 0
2300 1915 14 20 0
2341 1915 14 19 0
2371 1927 17 7 ..
2407 1915 14 19 0
2448 1915 13 19 C
2489 1915 14 19 0

2025 1941 75 21 Claret
2259 1943 14 19 0
2289 1941 26 21 10
2341 1942 15 20 0
2372 1954 18 7 ..
2408 1941 14 21 0
2449 1942 14 20 0
2491 1943 13 19 0

1917 1968 121 22 Poultry:
2053 1968 81 27 Fowls,
2140 1974 40 21 per
2186 1968 60 27 pair.
2261 1970 14 19 0
2301 1969 15 21 3
2343 1969 14 20 6
2373 1981 18 7 ..
2409 1969 14 19 0
2449 1967 14 21 5
2492 1969 13 19 0

2051 1995 87 27 Ducks,
2147 1995 57 21 ditto
2223 1997 51 19 ..0
2301 1995 14 21 5
2341 1996 15 20 0
2372 2009 18 6 ..
2409 1996 13 19 0
2449 1995 14 20 8
2491 1997 14 19 0

2054 2022 79 27 Geese,
2145 2022 55 22 each
2222 2036 6 6 .
2235 2036 6 7 .
2259 2023 14 21 0
2288 2023 27 21 10
2341 2023 14 20 0
2371 2035 5 7 .
2383 2035 7 7 .
2407 2023 14 19 0
2436 2022 25 20 12
2491 2024 14 19 0

2052 2049 110 27 Turkeys,
2172 2048 56 22 each
2263 2050 10 20 1
2302 2050 15 20 0
2343 2051 14 19 0
2374 2062 5 6 .
2386 2061 7 7 .
2412 2049 11 21 1
2450 2048 14 20 5
2493 2051 14 19 0

2054 2075 105 28 Pigeons,
2168 2075 79 27 (wild,)
2300 2088 4 9 ,

2080 2110 41 20 per
2129 2103 50 28 pair
2198 2104 79 20 ....0
2304 2105 14 18 0
2344 2104 81 20 0..0
2451 2104 14 20 0
2492 2104 14 20 0

2055 2129 84 27 Ducks,
2148 2129 36 23 do.
2193 2129 53 22 do..
2265 2130 54 24 0/5
2346 2131 13 19 0
2375 2143 18 7 ..
2412 2131 13 20 0
2451 2132 15 19 0
2493 2131 14 20 0

1918 2158 75 22 Egos:
2009 2157 45 23 Per
2063 2156 73 22 dozen
2265 2158 15 19 0
2308 2158 10 20 1
2346 2158 14 20 6
2376 2171 19 7 ..
2412 2159 14 19 0
2453 2159 14 19 0
2494 2159 13 19 0

1919 2186 78 21 Cows:
2011 2184 73 23 Milch
2253 2185 26 20 12
2306 2186 14 19 0
2346 2185 14 20 0
2376 2185 50 21 ..20
2452 2186 15 19 0
2494 2187 13 18 0

1920 2213 97 22 Mares:
2032 2211 76 23 Brood
2250 2212 28 20 20
2305 2213 14 19 0
2345 2213 14 19 0
2375 2211 51 22 ..70
2452 2213 15 19 0
2493 2213 14 20 0

1920 2239 117 23 Working
2054 2239 132 21 Bullocks:
2209 2238 47 28 Pey

1946 2267 49 27 pair
2228 2267 52 20 ..30
2306 2267 14 19 0
2346 2267 14 19 0
2376 2265 50 21 ..35
2453 2267 15 19 0
2493 2267 15 19 0

1920 2293 65 22 Hire
1995 2301 26 14 or
2032 2300 68 15 ditto
2108 2300 5 14 :
2129 2293 43 22 Per
2179 2292 51 27 day,
2239 2300 14 14 a

1946 2324 62 19 team
2017 2320 46 22 and
2070 2320 74 22 driver
2266 2321 13 20 0
2294 2319 26 21 15
2347 2321 14 19 0
2377 2333 19 7 ..
2414 2321 12 19 0
2453 2321 15 19 0
2494 2322 14 18 0

1920 2348 89 22 Sheep:
2024 2347 63 22 Each
2264 2349 15 19 0
2293 2347 26 21 15
2346 2348 14 20 0
2376 2360 19 7 ..
2414 2347 11 21 1
2452 2347 14 21 5
2494 2349 14 19 0

1920 2376 63 21 Boat
1994 2375 75 22 Hire:
2084 2375 43 21 Per
2132 2374 51 32 day,
2189 2373 64 23 with-

2112 2405 40 18 out
2161 2401 72 22 hands
2244 2402 34 21 .0
2293 2402 27 21 10
2346 2402 14 20 0
2376 2415 6 7 .
2388 2415 7 7 .
2414 2402 11 21 1
2453 2402 15 21 0
2494 2402 14 20 0

1919 2429 100 23 Wages:
2048 2428 140 27 Mechanics,
2214 2435 40 21 per

2080 2456 45 28 day
2265 2457 15 20 0
2306 2456 15 21 6
2347 2457 14 20 0
2377 2469 19 7 ..
2414 2457 14 20 0
2454 2457 14 20 8
2494 2458 14 19 0

2056 2483 127 22 Labourers
2199 2484 80 21 ....0
2305 2484 14 21 3
2346 2484 14 20 0
2376 2494 19 9 .»
2413 2484 14 20 0
2453 2483 14 21 5
2494 2486 14 19 0

1920 2512 68 21 Bark
1996 2519 5 14 :
2017 2510 30 23 N.
2058 2510 26 23 Z.
2094 2518 41 20 per
2144 2514 38 19 ton
2259 2512 15 20 3
2301 2512 16 21 0
2342 2512 15 19 0
2373 2524 19 7 ..
2408 2511 15 20 4
2450 2512 13 20 0
2489 2512 14 20 0

1920 2539 79 22 Black
2009 2538 52 22 Dye
2070 2538 47 22 :N.
2126 2538 26 21 Z.
2160 2544 39 21 per
2206 2541 40 18 ton
2260 2538 13 21 5
2301 2539 15 20 0
2343 2538 14 21 0
2373 2551 18 6 ..
2409 2538 14 21 6
2450 2539 14 20 0
2491 2540 16 19 0

1920 2566 73 21 Wool
2001 2573 6 14 :
2023 2565 29 22 N.
2064 2565 26 22 Z.
2099 2572 40 20 per
2148 2565 23 22 lb
2261 2566 14 21 0
2301 2566 16 21 0
2343 2566 14 20 9
2373 2578 19 6 ..
2409 2566 14 19 0
2452 2566 11 20 1
2492 2566 15 21 0

1919 2593 107 22 Timber:
2051 2592 29 23 N.
2101 2592 26 22 Z.
2139 2592 111 23 furniture

1946 2620 146 27 perlOOfeet
2262 2620 15 21 2
2304 2621 15 20 0
2345 2620 14 20 0
2375 2632 20 7 ..
2411 2620 14 19 2
2439 2620 28 20 10
2493 2621 14 20 0

1921 2647 124 22 Cordage:
2054 2646 94 27 English
2153 2654 39 23 per
2198 2649 50 19 cwt.
2263 2648 14 21 3
2304 2646 15 21 5
2345 2648 14 19 0
2376 2660 18 5 ..
2413 2648 13 19 0
2453 2648 15 19 0
2494 2648 14 20 0

2048 2674 62 21 N.Z.
2115 2674 94 22 without
2216 2676 35 19 tar
2263 2674 15 21 3
2305 2674 15 21 0
2347 2674 13 21 0
2378 2687 19 6 ..
2414 2674 13 21 0
2454 2674 14 21 0
2494 2675 15 20 0

1921 2701 118 22 Canvass:
2054 2708 40 20 per
2107 2700 49 23 bolt
2265 2702 11 20 1
2293 2700 26 22 15
2346 2702 14 19 0
2376 2713 21 8 ..
2414 2702 14 19 2
2454 2700 14 21 5
2495 2702 14 20 0

1921 2728 105 22 Copper:
2042 2728 103 27 sheeting
2164 2735 40 20 per
2217 2728 30 21 lb.
2265 2730 14 19 0
2306 2729 12 20 1
2346 2728 14 20 6
2377 2740 19 7 ..
2414 2729 14 19 0
2455 2728 14 20 0
2496 2730 13 19 0

2040 2755 63 22 Bolts
2264 2757 15 19 0
2306 2756 13 20 1
2346 2756 14 20 9
2377 2768 20 7 ..
2414 2756 14 19 0
2455 2756 15 19 0
2496 2756 14 20 0

2039 2782 64 22 Nails
2265 2783 14 21 0
2305 2782 15 21 5
2347 2782 83 21 0..0
2457 2782 14 21 6
2498 2783 12 20 0

1922 2810 80 22 Lead:
2018 2809 63 23 sheet
2089 2817 41 20 per
2139 2813 41 19 ton
2198 2810 79 21 ....30
2304 2811 15 19 0
2345 2810 14 20 0
2376 2808 52 22 ..35
2456 2810 14 20 0
2497 2810 13 20 0

1922 2837 61 22 Iron
1991 2843 6 15 :
2007 2836 96 28 English
2112 2837 41 22 bar
2163 2844 40 21 per
2213 2837 68 21 tonl4
2308 2837 15 21 0
2349 2837 14 20 0
2380 2850 6 7 .
2393 2850 7 6 .
2417 2837 16 20 O
2458 2837 14 20 0
2499 2837 11 20 0

2004 2863 162 30 Hoopperton
2247 2864 30 21 25
2305 2865 15 20 0
2346 2864 14 21 0
2378 2876 19 8 ..
2414 2864 15 21 0
2456 2864 14 20 0
2496 2864 14 20 0

1922 2891 45 22 Oil
1979 2891 78 23 Bdtts
2066 2899 6 14 :
2095 2891 115 23 Gordon's
2229 2898 26 15 or

2068 2919 71 22 Mills'
2146 2926 40 21 per
2194 2919 55 28 imp.

2068 2949 40 17 tun
2264 2947 15 19 3
2305 2947 15 19 0
2346 2946 14 20 0
2376 2957 21 9 ..
2413 2945 14 21 3
2442 2944 26 22 IS
2495 2945 15 20 0

2159 2973 122 22 DUTIES.

1923 3001 100 23 British
2034 3001 92 22 Spirits
2340 3001 33 20 4s.
2380 3006 42 21 per
2429 2998 83 28 gallon.

1923 3029 107 22 Foreign
2041 3027 56 23 ditto
2340 3027 33 21 ss.
2382 3033 40 21 per
2429 3025 83 28 gallon.

1923 3055 106 23 Tobacco
2039 3055 178 27 manufactured,
2345 3055 28 20 Is.
2381 3060 40 21 per
2429 3050 31 24 Ib.

2038 3081 208 25 Unmanufactured
2341 3081 35 21 b»d.
2387 3087 42 20 per.
2434 3080 31 22 lb.

1924 3111 75 21 Snuff
2342 3109 31 21 2s.
2380 3113 41 22 per
2428 3106 31 23 lb.

1924 3137 88 23 Cigars
2342 3133 120 28 2s.perlb.

1924 3164 84 22 Wines
2333 3161 26 22 15
2371 3167 40 21 per
2418 3163 59 19 cent.
2480 3161 4 11 5
2484 3161 4 20 !

1924 3191 57 27 Tea,
1994 3193 87 25 Sugar,
2097 3191 87 26 Flour,
2202 3190 98 26 Wheat,

1943 3218 46 23 and
1998 3218 64 22 other
2073 3219 86 26 Grain,
2170 3219 14 20 5
2192 3223 40 22 per
2241 3219 59 19 cent.
2312 3213 6 24 I
2380 3228 99 18 --in-,,,.

1924 3245 40 23 All
1973 3245 64 23 other
2046 3245 107 22 Foreign
2157 3242 144 29 productions
2311 3241 14 23 f
2342 3234 30 17 att
2380 3234 100 19 Talowini
2482 3245 7 7 -

1938 3272 45 23 and
1987 3271 169 23 manufactures
2163 3271 26 21 10
2193 3276 41 22 per
2241 3272 57 20 cent.
2304 3266 15 31 J

2126 3302 89 23 EXCH
2219 3302 87 23 A.NGE

1924 3345 68 23 B«
2001 3344 51 23 bilis
2062 3351 28 16 on
2100 3342 96 25 London
2227 3330 83 54 {»*
2321 3331 191 51 •£**!*■,

1925 3385 36 22 On
1970 3384 90 28 Sydney
2347 3386 73 22 Ditto.

1924 3412 91 22 Private
2022 3407 52 27 bills
2324 3413 115 24 Nominal.

687 3207 32 22 TT
738 3207 135 24 ANDING,
882 3214 29 14 ex
922 3207 112 27 Governor,
1044 3207 45 22 and
1098 3207 33 21 for
1139 3206 47 23 sale
1195 3209 24 19 at
1235 3206 37 22 the

687 3228 48 28 X-J
764 3234 75 21 Stores
848 3234 27 21 of
880 3233 39 23 the
930 3234 182 28 undersigned—

713 3268 25 22 A
746 3268 77 22 choice
832 3270 133 20 assortment
974 3268 26 22 of
1013 3268 76 27 wines,
1100 3267 121 28 consisting
1234 3268 26 21 of
1266 3276 6 14 :

714 3294 145 28 Champagne
867 3295 25 21 in
901 3295 61 28 pints
971 3295 47 23 and
1027 3298 83 25 quarts,

714 3321 125 28 Burgundy
847 3321 24 22 in
880 3321 61 29 pints
951 3321 46 23 and
1006 3325 84 30 quarts,

714 3348 81 27 Claret,
811 3348 66 28 hock,
889 3349 106 28 onoselle,
1011 3349 78 28 lunell,
1100 3348 90 28 Lisbon,
1201 3348 45 23 and
1260 3356 13 15 a

686 3374 45 24 few
741 3382 61 16 cases
811 3375 27 23 of
845 3382 53 21 very
907 3377 100 27 superior
1025 3376 38 22 old
1074 3379 48 25 port
1131 3375 45 23 and
1186 3375 85 28 sherry,

714 3403 96 24 Quarter
825 3403 64 22 casks
904 3403 27 22 of
941 3406 56 25 port,
1008 3403 67 23 hhds.
1086 3403 26 23 of
1118 3402 94 28 brandy,
1229 3403 44 23 and

688 3436 62 15 cases
758 3429 25 22 of
790 3429 103 28 Geneva,

715 3456 57 22 Also
781 3464 15 14 a
804 3456 43 23 few
856 3464 63 15 cases
928 3457 27 22 of
960 3464 55 21 very
1023 3457 101 29 superior
1130 3456 93 29 liquers,

715 3483 89 22 Bottled
814 3487 60 18 stout
882 3483 24 23 in
915 3483 63 24 three
987 3484 73 23 dozen
1070 3484 69 27 casks,

714 3511 23 21 A
747 3509 65 23 small
821 3514 133 19 assortment
963 3511 25 23 of
993 3511 74 23 ladies
1075 3511 57 23 neok
1141 3511 50 27 ties,
1202 3510 71 24 hand-

686 3536 118 29 kerchiefs,
816 3537 40 22 &c.

714 3565 23 22 A
748 3564 42 22 few
806 3563 101 23 Victoria
924 3564 80 29 plaids,
1020 3565 29 23 de
1067 3565 59 23 lame
1145 3564 45 23 and
1210 3565 64 23 other

687 3591 93 27 dresses,

715 3619 80 22 Gents,
805 3621 88 19 cravats
899 3617 44 23 and
949 3619 69 23 scarfs
1024 3619 27 23 of
1058 3619 38 23 the
1101 3619 66 23 latest
1172 3621 102 26 patterns

686 3645 24 23 in
719 3649 63 23 great
790 3645 94 27 variety,

714 3673 79 22 Bloom
803 3671 46 23 and
859 3671 108 23 Valencia
976 3672 80 23 raisins
1065 3673 25 22 in
1099 3672 77 29 boxes,

715 3701 113 25 Currants,
840 3699 77 23 drums
927 3699 27 22 of
960 3699 51 28 figs,

714 3727 50 22 Soft
772 3726 58 23 shell
840 3725 103 23 almonds
953 3726 46 22 and
1007 3726 124 23 Barcelona
1139 3729 62 24 nuta,

714 3753 93 24 Bottled
814 3753 74 27 fruits,
898 3752 92 29 pickles,
1002 3760 85 22 sauces,
1185 3755 42 22 &c.

714 3780 133 32 Normandy
856 3780 90 32 pippins
954 3779 24 23 in
987 3780 98 28 baskets,

715 3807 95 24 Ground
815 3807 104 22 Jamaica
927 3807 86 28 ginger,
1021 3814 102 22 cayenne
1129 3814 91 23 pepper,
1230 3809 45 24 and

685 3835 90 28 ground
783 3835 130 23 cinnamon.

1077 3861 82 24 'Levin
1171 3863 23 22 &
1208 3863 38 24 Co.

714 3889 83 24 March
807 3891 21 25 8,
840 3889 61 22 1244.

1301 3205 221 25 WHOLESALE
1552 3203 128 27 PRICES
1714 3205 173 25 CURRENT.

1402 3251 132 15 CORRECTED
1550 3251 29 15 UP
1595 3251 29 15 TO
1639 3251 55 15 LAST
1709 3250 84 15 NIGHT.

1645 3271 17 17 £
1683 3275 16 12 i.
1724 3270 19 17 d.
1800 3269 17 19 £
1880 3270 12 17 d

1301 3299 164 29 LB:perhhd
1644 3301 15 20 0
1686 3300 14 20 0
1727 3301 16 20 0
1760 3313 19 7 ..
1799 3301 14 20 0
1840 3300 14 20 0
1882 3301 14 19 0

1479 3339 40 21 per
1523 3331 103 23 barrel..
1645 3334 15 20 0
1687 3333 14 20 0
1729 3333 14 20 0
1761 3345 19 7 ..
1799 3333 14 20 0
1840 3333 14 19 0
1882 3333 14 20 0

1479 3365 90 28 perdoz
1648 3367 53 20 011
1731 3367 15 20 0
1762 3379 19 7 ..
1800 3367 54 20 013
1882 3367 14 19 0

1384 3400 30 22 N.
1425 3400 26 22 Z.
1462 3407 39 21 per
1508 3400 79 27 gallon
1607 3415 5 6 .
1619 3414 7 7 .
1644 3401 15 21 0
1684 3401 14 20 2
1726 3401 15 20 0
1759 3414 6 6 .
1772 3414 6 7 .
1797 3401 14 20 0
1837 3401 15 20 0
1882 3400 14 20 0

1302 3434 101 23 Arrack
1411 3441 6 15 :
1432 3434 43 21 Per
1483 3434 45 27 gal.
1537 3434 26 21 in
1571 3433 64 22 bond
1648 3435 15 20 0
1690 3434 11 20 1
1731 3434 14 21 6
1762 3447 6 7 .
1774 3447 7 6 .
1799 3434 14 20 0
1840 3434 14 20 2
1881 3436 14 21 0

1302 3468 94 22 Bread:
1412 3466 44 22 Per
1463 3466 45 23 2lb.
1520 3466 51 22 loaf
1649 3468 16 20 0
1690 3468 14 19 0
1731 3466 14 21 5
1762 3478 20 9 ..
1800 3467 14 20 0
1841 3467 13 20 0
1882 3466 14 20 6

1302 3500 75 22 Beef:
1392 3497 78 28 Fresh,
1488 3505 91 15 carcase
1595 3505 42 20 per

1420 3530 24 23 lb
1645 3531 14 20 0
1686 3530 12 20 0
1727 3530 14 21 8
1760 3542 19 7 ..
1798 3530 15 21 0
1840 3530 13 21 0
1868 3529 26 22 11

1412 3561 54 28 Salt,
1475 3568 41 21 per
1528 3561 71 23 tierce
1612 3575 18 7 ..
1649 3563 12 20 1
1677 3562 26 21 10
1730 3562 15 20 0
1761 3574 19 8 ..
1799 3561 14 22 3
1840 3562 14 21 0
1880 3563 14 20 0

1302 3596 96 23 Butter
1405 3601 6 16 :
1426 3593 66 28 Irish,
1502 3600 41 21 per
1550 3593 33 22 lb.
1607 3607 7 7 .
1621 3607 6 7 .
1646 3595 15 20 0
1687 3594 14 21 0
1729 3594 14 21 9
1760 3607 6 7 .
1773 3607 6 7 .
1799 3595 14 20 0
1842 3595 10 20 1
1882 3595 15 20 0

1425 3625 69 23 Fresh
1649 3627 15 20 0
1690 3626 11 21 1
1731 3626 14 21 6
1762 3639 26 9 ...
1800 3627 15 21 0
1842 3627 14 20 0
1882 3628 16 20 0

1303 3661 113 23 Brandy:
1430 3658 59 23 First
1494 3657 94 29 quality,
1596 3664 41 21 per

1452 3690 76 28 gallon
1536 3690 26 22 in
1571 3688 64 23 bond
1647 3691 15 20 0
1688 3690 14 21 5
1730 3692 15 21 0
1761 3704 20 7 ..
1799 3692 14 21 0
1841 3690 13 23 7
1882 3692 15 21 6

1303 3725 87 23 Brown
1410 3723 74 23 Stout
1491 3730 5 14 :
1520 3728 42 21 per
1574 3720 56 24 bid.
1645 3722 14 20 5
1686 3723 14 21 0
1727 3724 15 20 0
1759 3737 6 7 .
1771 3737 7 7 .
1800 3724 54 22 610
1883 3725 14 20 0

1304 3760 88 22 Cigars
1400 3766 7 15 :
1418 3756 102 28 Manilla,
1528 3762 40 21 per
1574 3756 63 27 1000,

1452 3791 25 22 in
1485 3790 61 23 bond
1648 3791 15 21 2
1689 3792 14 20 0
1731 3793 14 21 0
1762 3805 19 8 ..
1800 3793 14 22 3
1842 3794 14 21 0
1883 3794 16 21 0

1413 3824 217 28 CbinsurahperlOO
1650 3826 13 20 1
1691 3827 14 21 0
1733 3828 14 20 0
1764 3840 19 8 ..
1802 3828 14 21 0
1842 3829 14 20 0
1884 3829 14 21 0

1303 3862 90 21 Coffee
1402 3866 7 15 :
1418 3857 65 27 Java,
1492 3864 41 21 per
1539 3857 33 22 lb.
1585 3871 48 8 .....
1651 3859 14 21 0
1691 3860 15 20 0
1733 3859 13 21 3
1764 3873 7 7 .
1777 3873 7 7 .
1802 3862 14 20 0
1843 3861 14 21 0
1884 3862 15 20 0

1303 3894 92 22 Cheese
1402 3899 7 15 :
1424 3890 106 23 Cheshire
1649 3892 14 21 0
1689 3892 13 20 1
1730 3893 86 21 4..0
1843 3894 11 20 1
1884 3894 15 21 6

1421 3923 58 23 Pine
1487 3922 75 29 Apple
1585 3937 46 7 ....
1650 3925 15 20 0
1691 3925 12 20 1
1731 3925 15 21 2
1764 3937 19 9 ».
1802 3927 14 20 0
1843 3926 14 20 0
1884 3927 16 20 0

1423 3954 76 24 Dutch
1650 3958 15 20 0
1690 3958 15 20 0
1732 3957 14 21 8
1764 3970 19 7 ..
1802 3958 14 20 0
1843 3958 14 21 0
1872 3957 28 22 10

1414 3988 30 22 N.
1456 3987 25 23 Z.
1491 3987 73 29 perlb
1648 3990 15 20 0
1689 3989 12 22 1
1730 3990 15 20 6
1763 4003 19 9 
1801 3991 14 19 0
1842 3991 14 19 0
1884 3991 16 20 0

686 1985 79 25 LIST
786 1992 32 16 op
847 1984 99 24 Causes
972 1990 52 16 for
1050 1982 82 26 Trial
1157 1990 34 16 at
1217 1991 53 17 the
1292 1983 165 25 Adjourned
1485 1988 115 17 sittings
1618 1987 31 16 of
1679 1986 51 16 the
1760 1979 125 24 Supreme

757 2019 99 27 Court,
880 2024 31 17 at
931 2016 189 29 Wellington,
1137 2024 34 16 on
1190 2016 127 30 Monday,
1348 2023 52 18 the
1430 2017 52 23 Ist.
1512 2022 31 16 of
1570 2013 94 29 April,
1685 2013 75 24 1844.

1199 2067 92 16 crown
1309 2066 67 17 side.

986 2100 90 28 Regina
1083 2107 20 15 v.
1115 2100 91 29 Matey,
1218 2102 116 22 malicious
1343 2101 76 28 injury
1429 2103 22 19 to
1461 2099 101 23 animals.

1080 2135 20 14 v.
1113 2128 120 28 Reynolds,
1244 2129 112 27 Larceny.

1082 2162 19 14 v.
1113 2155 73 27 Spike,
1198 2156 108 27 Larceny.

1082 2190 19 14 v.
1112 2182 128 28 Rangridge
1252 2183 44 21 and
1306 2182 84 27 others,
1401 2181 116 28 Burglary.

1083 2217 20 15 v.
1114 2209 77 27 Smith,
1203 2210 108 27 Larceny.

1085 2245 19 15 v.
1115 2236 90 26 Davies,
1217 2237 108 27 Larceny.

1083 2272 20 15 v.
1113 2263 69 28 Field,
1193 2264 94 27 Escape.

1209 2311 69 17 CIVIL
1296 2311 68 16 SIDE.

740 2382 118 22 Plaintiffs
1115 2380 93 23 Parties.
1454 2378 151 23 Defendant's
1719 2377 92 23 Action.

742 2409 109 22 Solicitor.
1469 2406 111 22 Solicitor.

690 2470 95 23 Hanson
921 2469 95 22 Jenkins
1024 2475 20 16 v.
1060 2469 84 27 Butler,
1421 2468 55 22 Ross
1647 2467 68 22 Debt.

922 2497 79 26 Strang
1010 2503 25 14 as
1052 2496 78 23 official
1146 2496 132 22 adminstra-

690 2524 97 23 Hanson
948 2528 33 17 tor
990 2523 26 22 of
1025 2523 93 27 Ellison,
1128 2523 110 23 deceased
1256 2538 5 5 .
1269 2538 5 5 .
1293 2530 18 15 v.
1325 2522 85 27 Lewyn
1419 2521 57 22 Robs
1646 2521 69 22 Debt.

691 2551 96 23 Hanson
922 2550 59 28 Pope
989 2557 21 14 v.
1023 2550 149 28 Pennington,
1421 2549 56 21 Ross
1646 2547 71 23 Work
1725 2547 47 23 and
1780 2547 87 23 labour.

691 2578 95 23 Hanson
922 2578 84 27 Mabey
1016 2584 19 15 v.
1047 2572 151 33 Boddlngton,
1421 2574 101 28 Halroyd
1532 2575 20 21 &
1563 2573 62 23 Hart
1645 2575 113 27 Trespass.

691 2605 95 23 Hanson
922 2606 66 21 Seear
998 2611 20 15 v.
1028 2604 78 27 Tyser,
1422 2603 55 20 Ross
1647 2600 70 23 Work
1725 2601 45 22 and
1776 2601 87 22 labour.

690 2632 94 23 Hanson
923 2632 77 23 Foster
1007 2638 21 15 v.
1038 2631 79 28 Wade,
1421 2629 56 22 Ross
1646 2629 69 22 Debt.

692 2659 42 23 Dr.
744 2660 75 23 Evans
922 2659 115 22 Thomson
1047 2665 19 16 v.
1078 2659 65 26 Hort,
1424 2656 89 21 Hanson
1544 2658 4 6 '
1646 2656 68 21 Debt.

691 2687 58 22 Ross
925 2686 113 22 Johnston
1047 2693 20 14 v.
1079 2686 77 26 Smith,
1423 2683 90 21 Hanson
1646 2683 62 22 Case.

692 2713 103 29 Holroyd
810 2714 21 21 &
849 2713 60 22 Hart
925 2712 80 27 Claery
1015 2719 20 15 v.
1047 2712 72 23 Smith
1125 2712 45 23 and
1179 2712 111 27 Another,
1421 2710 57 22 Ross
1647 2709 89 28 Wages.

692 2741 104 27 Holroyd
809 2741 22 22 &
849 2740 60 22 Hart
925 2739 89 27 Wright
1023 2747 20 14 v.
1054 2740 36 21 the
1101 2747 67 19 same,
1423 2737 55 22 Ross
1647 2735 89 28 Wages.

693 2767 103 29 Holroyd
810 2768 21 21 &
850 2767 58 22 Hart
925 2767 97 27 Douney
1032 2773 20 16 v.
1062 2766 37 22 the
1110 2773 67 21 same,
1424 2764 54 21 Ross
1647 2763 92 28 Wages.

693 2794 95 23 Hanson
924 2794 69 22 Jones
1003 2799 20 17 ».
1035 2794 79 26 Smith,
1424 2790 101 28 Holroyd
1534 2791 21 21 &
1564 2790 61 22 Hart
1646 2791 92 27 Trover,

694 2822 94 22 Hanson
923 2821 68 22 Stobo
1000 2827 19 16 v.
1032 2821 39 22 the
1081 2827 67 20 same,
1424 2817 101 29 Holroyd
1534 2818 21 21 &
1564 2817 62 22 Hart
1647 2818 91 22 Trover.

694 2849 57 22 Ross
924 2848 116 28 Pharazyn
1050 2855 21 15 v.
1080 2847 38 22 the
1126 2855 68 20 same,
1425 2844 99 29 Holroyd
1533 2844 21 23 &
1565 2844 61 22 Hart
1647 2844 91 28 Trover,

694 2876 94 22 Hanson
923 2875 70 22 Jones
1002 2881 19 16 v.
1037 2876 89 26 Lewyn,
1423 2872 56 22 Ross
1648 2872 62 22 Case.

696 2902 94 22 Hanson
925 2902 48 22 The
983 2909 61 16 same
1054 2909 20 15 v.
1083 2902 39 22 the
1133 2909 69 20 same,
1424 2899 56 22 Ross
1648 2898 63 23 Case.

694 2930 97 21 Hanson
925 2930 75 26 Eager
1009 2937 19 15 v.
1040 2930 40 22 the
1089 2936 67 20 same,
1424 2926 55 22 Ross
1649 2926 61 22 Case.

694 2956 96 23 Hanson
925 2957 103 23 Bethude
1038 2956 46 24 and
1093 2956 101 22 Another
1203 2963 20 15 v.
1233 2956 84 28 Butler,
1424 2954 56 21 Ross
1649 2953 68 22 Debt.

694 2983 128 28 Blathwayt
926 2984 105 28 Patridge
1040 2991 20 15 v.
1072 2983 135 28 M'Latchie,
1425 2980 93 23 Hanson
1649 2980 68 23 Debt.

694 3010 127 29 Blathwayt
926 3011 75 27 Argee
1010 3019 21 20 v,
1041 3011 76 27 Toms,
1425 3008 56 22 Ross
1649 3008 89 28 Wages.

696 3038 93 22 Hanson
926 3038 101 24 Wallace
1036 3038 47 23 and
1092 3038 101 22 Another
1202 3045 21 13 v.
1237 3038 75 26 Toms,
1424 3034 150 24 Undefended
1650 3035 68 22 Debt.

694 3064 58 24 Ross
926 3065 72 23 Durie
1007 3066 47 22 and
1063 3065 103 23 Another
1174 3071 19 15 v.
1205 3065 85 27 Butler,
1424 3062 127 28 Blathwayt
1651 3062 67 22 Debt.

694 3092 57 23 Ross
925 3092 84 24 Woods
1018 3100 20 16 v.
1049 3093 123 26 Robinson,
1426 3090 92 22 Hanson
1650 3089 64 23 False
1722 3089 170 28 imprisonment

694 3119 57 23 Ross
923 3119 49 23 The
981 3128 62 16 same
1054 3126 19 17 t».
1083 3119 37 23 the
1129 3126 69 20 same,
1424 3117 94 22 Hanson
1651 3116 64 22 False
1722 3117 170 28 imprisonment
