2520 4020
1252 42 100 35 THE

72 98 465 144 NEW
636 85 912 150 ZEALAND
1616 77 877 168 GAZETTE

71 245 2423 110 AND

71 355 1154 109 WELLINGTON
1340 355 1154 109 SPECTATOR.

604 492 219 37 PUBLISHED
868 493 132 37 EVERY
1044 490 256 41 WEDNESDAY
1343 493 89 37 AND
1476 494 228 38 SATURDAY
1749 494 201 38 MORNING.

656 603 130 35 £ORT
807 607 287 40 NICHOLSON,
1115 607 258 34 SATURDAY
1394 610 237 38 MORNING,
1652 612 107 32 MAY
1782 616 51 32 14,
1856 617 88 29 1842.

2241 651 6 5 .
2265 616 93 41 |Tol.
2380 617 66 31 111.

92 611 63 32 No.
173 611 84 38 141.3

1549 701 76 24 Urul,

1294 733 43 20 One
1344 733 49 21 mile
1401 740 27 14 on
1437 735 35 19 the
1480 734 55 21 Port
1543 735 113 20 Nicholson
1664 735 45 20 side
1717 735 28 26 of
1756 736 116 21 Waikanai.

1283 766 102 48 MR.
1400 768 132 21 JENKINS
1548 768 54 27 begs
1616 771 23 18 to
1653 775 123 20 announce,
1786 768 49 22 that
1844 769 28 22 he

1383 794 40 21 has
1433 794 86 27 opened
1528 802 14 14 a
1551 794 77 22 House
1634 794 36 22 for
1679 795 38 21 the
1724 796 148 22 convenience

1292 820 27 21 of
1332 820 37 21 the
1385 820 82 28 public,
1482 821 46 21 and
1544 825 66 18 trusts
1627 821 48 21 that
1691 821 37 23 the
1744 822 67 22 board
1828 823 44 21 and

1291 845 91 28 lodging
1402 847 30 22 he
1452 848 102 27 provides
1573 848 43 22 will
1635 855 84 15 secure'
1731 848 45 22 him
1792 848 79 23 liberal

1291 877 98 23 support.

1319 900 43 21 Mr.
1365 900 103 22 -Jenkins
1482 907 42 14 can
1533 903 24 19 at
1570 901 31 21 all
1609 900 66 22 times
1682 901 91 27 provide
1786 902 86 27 gentle-

1291 932 51 15 men
1352 926 53 22 with
1414 927 38 21 the
1461 934 76 14 means
1545 928 26 20 of
1577 928 98 27 crossing
1682 931 23 19 to
1715 928 82 28 Kapiti.

1318 952 62 28 Urui,
1392 953 106 27 January^
1509 955 62 21 1842.
1729 957 4 11 '

1406 993 5 18 ;
1535 999 88 21 Otaki.

1291 1027 91 52 MR.
1405 1032 126 21 TAYLOR
1553 1032 54 27 begs
1630 1035 23 18 to
1675 1033 100 22 intimate
1793 1035 23 20 to
1835 1033 35 22 his

1367 1058 84 22 friends
1460 1058 43 22 and
1513 1059 38 22 the
1561 1060 73 26 public
1641 1059 49 22 that
1698 1060 28 21 he
1736 1060 39 21 has
1783 1060 87 26 opened

1290 1091 13 14 a
1314 1084 76 23 House
1400 1086 25 20 of
1439 1085 179 22 Entertainment
1626 1089 23 18 at
1666 1086 74 27 Otaki,
1750 1086 42 23 and
1801 1088 69 26 hopes

1290 1110 48 23 that
1345 1110 37 23 the
1391 1112 130 21 cleanliness
1529 1112 44 21 and
1583 1112 94 22 comfort
1684 1113 26 21 of
1717 1113 33 22 his
1757 1113 113 22 establish-

1289 1141 63 18 ment
1370 1138 44 22 will
1430 1145 75 15 secure
1521 1138 47 22 him
1586 1146 13 14 a
1610 1136 85 25 liberal
1711 1140 62 22 share
1790 1140 26 21 of
1831 1140 37 22 the

1289 1164 75 28 public
1373 1168 127 24 patronage.

1317 1191 75 27 Otaki,
1402 1193 99 25 January
1510 1192 35 26 21,
1556 1193 61 20 1842.

1527 1237 105 24 Bricks,

1290 1269 88 48 FOR
1394 1269 82 27 SALE,
1488 1272 22 19 at
1526 1271 45 20 60s.
1589 1277 39 20 per
1644 1270 118 23 thousand.
1792 1270 77 28 Apply

1348 1300 23 17 to
1388 1296 21 22 J.
1427 1296 92 27 Pimble,
1531 1300 24 18 at
1568 1296 37 22 the
1622 1296 166 28 Sydney-street
1801 1297 68 22 Brick

1289 1322 45 22 and
1343 1320 48 25 Tile
1408 1322 83 27 Works,
1504 1326 24 18 at
1536 1324 39 21 the
1590 1331 49 14 rear
1648 1324 27 21 of
1686 1324 90 21 Colonel
1788 1323 81 22 Wake-

1478 1350 71 22 field's
1561 1350 121 22 residence.

1355 1376 79 23 Terms
1436 1388 24 4 —
1461 1376 52 22 cash
1522 1384 30 14 on
1563 1377 99 27 delivery
1672 1380 24 18 at
1706 1376 37 23 the
1752 1377 52 22 kiln.

1296 1421 160 22 TOHNSON
1470 1421 43 22 and
1527 1422 112 21 MOORE
1653 1421 57 22 have
1726 1422 47 27 just
1783 1422 86 27 opened

1289 1444 26 26 O
1353 1451 38 19 tne
1400 1448 110 27 following
1519 1449 71 27 goods
1597 1456 4 14 :
1603 1460 28 3 —

1315 1474 87 22 Ladies
1417 1483 59 13 drab
1489 1483 47 13 and
1552 1483 79 14 brown
1646 1483 52 14 silk
1712 1483 118 19 parasols,

1316 1501 126 22 Children's
1451 1505 75 19 cotton
1536 1502 44 26 do.,
1590 1502 105 27 gingham
1705 1502 123 28 umbrellas,

1316 1528 107 27 Chenille,
1437 1528 96 27 damask,
1546 1529 41 21 and
1599 1529 61 21 other
1670 1529 84 27 shawls,

1286 1574 4 4 .
1316 1554 65 22 India
1397 1556 81 21 rubber
1490 1555 84 27 braces,
1592 1556 143 21 Mackintosh
1750 1563 63 20 capes
1825 1556 44 22 and

1288 1585 67 23 coats,

1284 1630 5 2 .
1317 1609 64 21 Camp
1396 1617 70 13 ovens
1477 1608 38 27 (all
1525 1609 74 27 sizes),
1610 1616 64 21 camp
1682 1609 87 27 kettles,

1315 1635 51 22 Rat
1381 1643 46 14 and
1446 1643 73 14 house
1534 1643 77 20 traps,
1632 1636 110 27 weighing
1758 1636 111 22 machines

1289 1662 44 21 and
1343 1662 136 28 steel-yards,

1316 1688 119 27 Japanned
1445 1689 150 27 candlesticks,
1604 1690 58 26 spice
1668 1689 44 22 and
1722 1697 63 20 sugar
1791 1690 76 27 boxes,

1289 1716 52 21 cash
1352 1719 73 24 boxes,
1437 1716 111 28 spittoons,
1560 1717 39 21 &c.
1611 1716 38 22 &c.

1315 1742 75 22 Brass
1405 1750 71 14 flush
1490 1750 76 20 bolts,
1581 1744 42 20 rim
1638 1743 43 21 and
1696 1744 89 20 mortice
1797 1743 70 27 locks,

1288 1769 54 21 door
1356 1768 115 28 knockers,
1487 1769 53 21 door
1555 1770 83 26 chains,
1653 1770 43 27 dog
1713 1770 79 27 chains,
1809 1778 60 14 mea-

1289 1803 85 14 suring
1398 1804 76 19 tapes,
1496 1796 93 22 bracket
1609 1796 64 28 globe
1693 1797 76 27 lamps,
1787 1797 46 21 and
1856 1805 13 13 a

1287 1823 86 26 variety
1383 1824 26 20 of
1414 1824 70 20 useful
1493 1823 122 27 hardware,

1309 1846 8 11 3
1387 1850 78 22 cheese
1481 1850 22 21 in
1518 1850 40 26 tin,
1569 1850 102 26 oatmeal,
1686 1858 59 19 peas,
1759 1850 107 27 saltpetre,

1288 1876 60 26 soida,
1361 1876 57 27 blue,
1430 1876 78 27 starch,
1521 1884 59 20 soap,
1592 1879 38 19 &c.
1642 1877 40 21 &c.

1314 1902 71 28 Pitch,
1397 1903 126 21 Stockholm
1533 1907 40 23 tar,
1585 1905 65 26 paint,
1662 1904 47 27 oils,
1721 1904 43 21 and
1773 1901 99 29 'turpen-,

1287 1930 54 26 tine,

1308 1955 57 23 'Eelt
1374 1956 34 21 for
1415 1957 90 25 roofing,
1509 1954 8 13 c
1519 1957 39 21 &c.
1571 1972 4 3 .

1298 1984 38 23 '.A
1345 1982 43 22 few
1398 1989 48 15 cwt.
1458 1985 24 19 of
1489 1984 59 20 Hutt
1557 1987 99 24 potatoes
1665 1984 37 21 for
1710 1984 52 22 sale.

1289 2017 192 33 Tj**icPEC?fcED
1504 2028 30 27 by
1555 2028 37 21 the
1615 2029 48 26 hrig
1666 2041 14 17 r
1682 2030 71 25 Agtua
1772 2030 37 25 (on
1827 2029 41 22 her

1287 2050 48 26 Aid
1368 2061 93 20 passage
1477 2055 55 21 from
1552 2055 105 27 Sydney),
1675 2056 44 21 and
1733 2056 43 22 will
1792 2056 28 22 be
1839 2062 28 16 on

1287 2081 46 21 sale
1349 2085 23 16 at
1388 2080 43 22 this
1448 2081 86 26 Offices,
1555 2082 63 21 ruled
1625 2089 78 20 'paper
1717 2083 35 21 for
1766 2088 102 17 accounts

1287 2107 62 26 sales,
1361 2111 105 18 accounts
1476 2111 93 24 current,
1581 2110 42 20 and
1637 2109 57 22 bills.

1316 2142 85 19 Gazette
1415 2142 75 21 Office.

1340 2186 53 20 For
1411 2187 59 20 Sale
1490 2188 29 19 at
1541 2187 44 21 the
1610 2188 104 20 Nelson
1733 2188 80 27 Dairy

1564 2216 30 18 at
1627 2234 7 11 v

1448 2249 4 3 -
1465 2240 103 21 Nelscn
1583 2242 103 20 Haven.

1289 2277 65 27 Qi\
1371 2273 83 22 COWS
1470 2273 33 22 IN
1520 2274 86 27 CALF,

1284 2295 70 31 &\J
1383 2302 27 19 30
1423 2300 80 22 heifers
1512 2300 24 21 in
1548 2302 49 26 calf;

1383 2328 27 20 50
1424 2332 74 21 yottng
1508 2326 89 28 heifers,

1338 2354 14 19 4
1364 2352 113 23 halt-bred
1486 2354 103 22 Durham
1600 2354 63 28 bulls,

1340 2380 22 21 11
1380 2384 74 23 steers,

1340 2408 12 19 6
1368 2407 97 27 working
1474 2407 106 29 bullocks,

1338 2434 14 20 4
1366 2434 62 22 stock
1438 2434 81 27 horses,

1340 2462 40 21 100
1394 2469 63 19 ewes,
1874 2463 2 20 !

1338 2488 28 21 50
1380 2488 101 23 wethers.
1874 2487 2 29 J

1310 2515 49 22 The
1374 2516 70 21 above
1459 2523 35 14 are
1508 2516 58 22 from
1581 2517 41 22 Dr.
1633 2517 93 28 Imlay's
1743 2518 124 22 celebrated

1284 2542 62 22 stock
1355 2546 24 17 at
1388 2543 100 22 Twofold
1498 2543 57 27 Bay.
1584 2544 47 22 The
1642 2545 66 21 cattle
1724 2553 37 14 are
1771 2545 34 22 the
1818 2546 49 21 best

1284 2569 60 27 bred,
1354 2568 59 23 have
1425 2570 56 21 been
1489 2570 84 22 landed
1583 2572 23 21 in
1618 2571 37 22 the
1665 2572 66 22 finest
1742 2572 67 26 order,
1821 2572 44 22 and

1284 2596 57 21 from
1350 2596 38 22 the
1402 2596 50 22 best
1461 2597 105 23 selection
1573 2599 27 20 of
1606 2605 42 20 any
1655 2598 31 22 lot
1695 2603 38 23 yet
1742 2599 93 27 brought
1844 2604 22 17 to

1284 2623 57 22 New
1349 2623 108 22 Zealand.
1486 2624 43 22 For
1536 2625 134 27 particulars,
1683 2626 66 27 apply
1757 2631 22 17 to

1474 2657 20 21 S.
1510 2655 101 28 Revans,
1626 2657 143 28 Wellington,
1781 2665 22 14 or

1474 2683 27 21 D.
1513 2683 145 27 Drummond,
1670 2684 85 22 Nelson
1766 2685 85 22 Haven.

1469 2728 41 20 Ex

1286 2753 71 49 ON
1381 2754 84 27 SALE,
1485 2757 22 18 at
1524 2753 39 22 the
1583 2755 73 22 Stores
1680 2755 26 22 of
1726 2756 37 22 the
1785 2756 82 23 under-

1361 2780 86 27 signed,

1284 2806 97 23 SEVEN
1408 2808 68 21 AND
1498 2808 23 21 A
1545 2808 85 23 HALF
1654 2808 80 23 TONS
1759 2810 108 22 SHING-

1391 2834 79 22 LING
1484 2834 67 22 AND
1566 2835 77 22 ROSE
1657 2836 102 28 NAILS,

1309 2862 42 20 200
1360 2860 54 28 kegs
1423 2862 49 21 best
1482 2861 65 22 white
1557 2862 57 28 lead,

1310 2887 98 22 Linseed
1418 2888 36 27 oil,
1467 2889 132 27 turpentine,
1610 2889 44 22 and
1663 2890 82 28 paints,

1310 2914 102 23 Window
1421 2915 71 27 glass,'
1496 2915 31 22 all
1536 2916 65 28 sizes,
1611 2917 38 22 &c.
1661 2918 40 21 &c.

1625 2950 21 22 J.
1662 2950 35 22 M.
1711 2950 98 29 Taylor,

1740 2978 31 22 Te
1783 2979 54 21 Aro.
1857 2996 4 5 .

1397 3020 134 27 Landing,
1547 3027 36 15 ex

1284 3052 116 49 FIRST
1413 3054 141 24 QUALITY
1567 3054 112 28 FLOUR,
1693 3055 61 22 fresh
1761 3055 56 23 from
1827 3055 37 23 the

1355 3080 93 28 Sydney
1457 3081 67 26 Mills,

1309 3107 55 21 Rice
1374 3107 25 21 in
1408 3107 60 28 bags,

1310 3134 71 26 Sugar
1389 3135 24 21 in
1423 3135 60 27 bags,

1310 3160 73 22 Coffee
1393 3161 23 22 in
1426 3162 60 27 bags,

1308 3187 47 22 Tea
1364 3188 24 21 in
1400 3188 77 27 chests,
1486 3204 6 3 -

1308 3215 79 21 Butter
1395 3215 25 22 in
1429 3216 83 25 firkins,

1308 3241 61 23 Pork
1377 3243 25 21 in
1412 3243 88 26 barrels,

1298 3270 4 3 '
1308 3269 66 21 Pork'
1377 3269 24 21 in
1411 3272 86 25 quarter
1507 3269 71 27 casks,

1308 3296 99 27 Battens,
1604 3315 2 7 ,

1308 3323 83 27 Cigars,

1310 3349 97 28 Gunney
1416 3350 62 27 bags.

1598 3377 82 22 Waitt
1695 3377 44 21 and
1752 3377 82 23 Tyser.

1357 3422 92 20 Steam
1463 3422 82 20 Flour
1561 3422 54 20 and
1628 3422 62 20 Saw
1703 3422 108 25 Millsrti;*

1416 3462 96 15 DICKSON
1528 3462 91 20 STREET,
1634 3462 27 14 TE
1676 3463 53 14 ARO.
1758 3476 4 4 .
1786 3461 2 5 '
1799 3451 8 10 *

1282 3481 92 50 THE
1388 3482 149 27 undersigned
1552 3482 39 22 has
1601 3482 33 22 for
1643 3482 45 21 sale
1703 3489 14 14 a
1726 3481 98 28 quantity
1839 3482 27 21 of

1371 3516 93 14 ground
1488 3516 78 19 maize,
1587 3508 91 22 suitable
1697 3509 35 21 for
1753 3509 109 25 fattening

1280 3535 54 28 pigs,
1345 3535 95 27 poultry,
1453 3536 38 21 &c.
1519 3535 56 21 Also
1585 3537 15 19 a'
1608 3535 100 28 quantity
1717 3535 26 21 of
1749 3535 113 27 unground

1279 3563 87 30 maize.^

1308 3587 83 23 Parties
1406 3595 52 22 may
1468 3588 56 22 have
1538 3588 58 22 their
1611 3595 45 15 own
1674 3595 52 14 corn
1740 3588 85 27 ground
1839 3593 23 18 at

1281 3618 29 20 Is.
1319 3622 42 21 per
1371 3615 86 22 bushel.
1757 3621 9 12 *

1309 3643 20 21 A
1343 3642 64 21 small
1416 3642 101 27 quantity
1527 3641 27 21 of
1562 3642 96 27 superior
1674 3641 54 21 seed
1742 3642 70 22 wheat
1827 3643 35 21 for

1279 3669 53 27 sale,
1348 3675 76 20 grown
1437 3670 25 20 in
1477 3669 36 21 the
1529 3668 75 27 valley
1622 3668 26 22 of
1657 3667 38 22 the
1714 3668 65 22 Hutt.
1805 3669 55 22 Also

1279 3695 86 23 several
1374 3699 49 18 tons
1433 3695 28 22 of
1464 3698 105 25 potatoes.

1419 3721 55 27 .<,-*''*
1539 3741 9 7 *
1648 3721 27 21 E.
1691 3722 141 23 Catchpool.

1305 3748 66 29 April
1378 3748 35 27 27,
1425 3749 59 21 1842.
1533 3769 4 5 t
1541 3751 29 25 ;.£.

1279 3793 73 51 ON
1366 3793 108 23 SALE—
1474 3791 109 28 MAIZE,

1343 3821 112 26 Potatoes,
1465 3820 57 22 from
1531 3821 38 19 trie
1577 3819 50 22 best
1634 3819 108 23 Derwent
1749 3821 57 22 seed.

1395 3847 13 12 *
1436 3867 3 4 .
1554 3850 26 23 F.
1591 3850 28 23 V.
1630 3851 100 23 Martin
1740 3852 44 22 and
1794 3853 43 27 Co,.

1356 3884 3 8 '
1765 3879 30 22 Te
1805 3880 62 24 Aro.,

1286 3923 86 23 TUST
1387 3923 131 26 OPENED,
1525 3923 45 21 and
1580 3930 29 15 on
1620 3923 50 22 Sale
1679 3927 24 17 at
1712 3923 38 22 the
1761 3923 68 23 Office
1839 3925 27 21 of

1279 3946 26 28 «l
1332 3953 2 7 '
1343 3951 45 22 tint
1397 3951 78 27 Paper,
1486 3950 36 22 ink
1534 3950 77 23 »t«nd»
1620 3950 26 22 of
1652 3950 89 23 various
1750 3948 68 25 ihk.'

265 710 53 21 For
331 708 112 25 Nelson,

218 745 29 20 To
252 744 78 25 follow
345 743 34 21 the
392 743 100 23 Blossom,

70 778 105 33 s^jtf£&-.
214 781 92 23 nnHE
320 780 44 22 fine
384 780 107 22 schooner
503 779 99 26 Look-in,
620 779 26 21 82

84 805 106 36 JB?|W}r
221 801 30 29 X
288 811 57 21 tons,
360 806 37 22 W.
416 806 67 22 Stobo
499 808 87 25 master,
602 805 44 22 will

225 837 60 21 meet
298 834 54 21 with
361 834 66 27 quick
443 833 106 27 despatch
562 833 42 23 for.
609 832 37 22 the

59 856 150 38 WsSsSsk
227 863 27 21 a^
258 869 40 14 ove
315 869 16 20 P
332 868 20 14 01
352 865 20 17 't-
402 861 42 21 For
460 860 83 27 freight
557 867 24 14 or
597 866 49 20 pas-

226 897 59 20 sage,
311 888 66 28 apply
400 891 21 18 to
445 888 39 22 the
510 889 83 20 master
617 893 28 14 on

226 917 79 26 board,
318 922 25 15 or
352 919 21 18 to

366 949 63 22 John
444 948 81 26 Wade,
536 948 82 26 Agent.

88 978 32 21 Te
131 978 53 26 Aro,
195 978 56 26 May
261 980 18 24 6,
291 978 62 21 1841.
386 992 2 5 ,

207 1030 54 19 For
275 1028 105 21 Nelson
395 1027 104 21 Haven,

211 1065 92 30 rpHE
318 1063 89 22 WELL
421 1061 122 23 KNOWN
557 1060 93 28 regular.

218 1083 29 29 JL
272 1090 81 27 packet
365 1089 115 24 Pickwick,
492 1088 61 27 Capt.
565 1087 77 27 Styles,

54 1111 149 38 >>gij=|=|&
223 1114 45 26 will
285 1116 42 23 sail
349 1116 23 22 in
392 1124 13 13 a
422 1116 43 21 few
482 1115 54 27 days
555 1114 33 22 for
607 1114 36 21 the

54 1139 150 37 3i|c]|sg|E||j
224 1145 70 21 above
305 1144 66 25 Port;
386 1143 85 25 having
482 1149 54 19 very
546 1141 98 28 superior

54 1164 146 33 35@Bfg§§j|g
224 1169 191 24 accommodation
423 1170 35 21 for
466 1176 138 20 passengers.

84 1207 43 21 For
136 1206 82 26 freight
228 1213 24 14 or
259 1211 100 21 passage,
370 1203 66 28 apply
445 1206 23 18 to

315 1238 37 21 W.
366 1238 26 21 B.
408 1237 95 22 Rhodes
517 1236 45 23 and
578 1237 38 21 Co.

183 1284 53 21 For
250 1282 157 27 Wanganui
422 1282 93 20 direct.

211 1320 92 23 nnHE
331 1319 108 22 beautiful
464 1325 49 15 new
536 1318 108 22 schooner

71 1340 121 39 ,Jsjfiffivk
219 1349 29 20 J-
298 1347 107 25 Industry,
434 1346 27 21 25
489 1348 54 23 tons,
582 1345 60 21 John

60 1368 147 38 /ss|^#|@,
225 1374 123 26 M'Gregor
356 1376 86 23 master,
452 1372 44 21 will
505 1373 29 20 be
543 1371 101 23 immedi-

57 1394 150 40 g4p~gjJE^
304 1399 134 28 despatched
458 1399 34 21 for
507 1399 43 23 .the
574 1399 68 21 above

224 1430 53 26 port,
284 1428 147 21 hasfivst-rate
437 1425 213 27 accommodations^*

227 1455 44 22 and
289 1456 38 20 the
346 1455 53 26 long
418 1453 129 26 experience
565 1453 25 21 of
606 1452 37 22 the

58 1482 148 22 Commander
214 1483 23 20 in
249 1483 36 20 the
293 1481 126 28 Wanganui
428 1479 70 26 trade,
506 1479 89 22 renders
605 1479 37 22 the

57 1512 90 22 present
157 1509 141 27 opportunity
311 1508 86 27 worthy
406 1507 24 21 of
441 1506 75 28 public
526 1507 116 21 attention.

57 1536 47 22 For
113 1535 83 28 freight
208 1543 26 14 or
247 1542 101 21 passage,
359 1534 65 28 apply
432 1536 24 18 to
465 1533 47 31 the.;
519 1536 81 19 master
614 1540 28 14 on

56 1563 78 27 board,
146 1570 25 15 or
179 1566 42 18 to.-

358 1588 63 23 John
435 1587 81 26 Wade,
532 1588 84 26 Agent.

85 1617 32 21 Te
127 1617 54 24 Aro,
193 1617 55 26 May
258 1618 19 25 6,
289 1617 61 20 1542.

234 1669 53 19 For
301 1667 167 23 Manewatu,

225 1701 29 20 To
263 1701 40 19 sail
311 1700 24 19 in
345 1706 12 13 a
359 1699 46 25 few
420 1699 57 25 days,

67 1728 106 37 s^£s~jL
216 1733 116 23 nnHAT
362 1733 51 21 well
438 1733 84 21 known
557 1731 87 29 regular

92 1754 95 38 iEgteSfeL
223 1754 30 28 JL
278 1760 74 21 trader
361 1759 108 22 schooner
475 1760 83 25 Henry,
568 1759 76 21 James

230 1786 122 28 Daymond
360 1790 89 18 master.
479 1787 43 21 For
529 1786 82 26 freight
621 1793 23 13 or

228 1821 100 20 passage,
341 1813 64 28 apply
416 1816 21 18 to

88 1860 117 16 inimijrr
225 1867 125 26 Wallace,
360 1867 91 26 White,
463 1867 45 21 and
518 1867 124 21 Wallace.

123 1921 53 19 For
190 1920 69 24 Sale,
275 1919 119 26 Freight,
411 1925 28 15 or
454 1919 120 20 Charter.

209 1954 116 31 npHAT
353 1961 49 13 new
424 1953 45 21 fine
492 1953 45 21 fast
565 1952 79 26 sailing

91 1975 94 39 j^JefcjL
216 1973 29 28 JL
284 1981 83 26 clipper
376 1980 56 21 built
445 1979 115 24 schooner,
569 1981 69 19 Eliza-

223 2008 47 19 betJt
278 2015 4 16 ;
303 2010 65 18 stows
390 2014 12 13 a
419 2013 54 20 very
489 2006 61 27 large
567 2013 72 19 cargo,

58 2028 149 37 iffiffifrWpSn
222 2034 44 21 and
279 2034 41 21 has
338 2034 97 26 superior
449 2033 191 21 accommodation

58 2053 149 41 SjlgSjgjgS^
223 2060 33 21 for
266 2067 133 20 passengers.
429 2059 77 28 Apply
515 2063 23 18 to

185 2097 121 26 Wallace,
322 2097 92 26 White,
430 2095 42 23 ant)
489 2096 123 26 W,allace.

118 2134 3 29 i
281 2143 55 19 For
345 2142 69 24 Sale,

82 2171 67 36 jjj^Si
179 2173 98 22 nni-IE
305 2173 51 22 we'l
385 2173 89 26 known,
501 2173 139 27 fast-sailing,

76 2196 95 36 mf«m\
190 2206 22 14 -*■
249 2204 73 18 cutter,
338 2201 67 24 Royal
425 2201 99 24 William,
544 2203 28 19 43
590 2205 51 17 tons

61 2221 112 38 jP^ga^:.
210 2246 4 7 ,
225 2227 99 27 register,
341 2227 53 22 with
410 2228 28 21 all
455 2227 43 22 her
513 2231 75 24 stores,
600 2227 40 22 &c.

60 2249 114 31 %sjjj^sSfc--'
195 2254 38 21 &c.
252 2255 39 21 &c.
320 2254 71 22 Stows
407 2262 13 14 a
430 2255 63 26 lnrge
509 2262 72 19 cargo,
597 2254 45 22 and

194 2281 77 21 makes
286 2288 32 20 up
332 2281 50 21 four
398 2281 74 21 berths
486 2281 24 21 in
522 2281 37 22 the
569 2281 72 22 cabin.

56 2305 44 22 She
115 2305 40 23 has
163 2307 84 27 proved
258 2307 85 23 herself
353 2315 12 14 a
378 2308 57 26 pood
445 2315 39 15 sea
498 2309 59 26 boat,
569 2307 44 23 and
623 2307 18 22 is

54 2333 49 21 well
118 2333 94 28 adapted
228 2335 35 21 for
277 2335 88 27 trading
381 2335 101 21 between
499 2335 37 21 the
553 2335 89 21 various

54 2359 139 23 settlements
204 2368 27 14 on
243 2361 37 22 the
291 2365 62 19 coast
362 2362 26 21 of
398 2362 55 22 New
465 2361 107 23 Zealand.

80 2386 45 23 For
134 2387 85 23 further
227 2388 138 27 particulars,
378 2389 66 27 apply
454 2392 24 18 to

266 2422 21 22 J.
299 2422 34 23 M.
343 2422 101 28 Taylor,
456 2422 156 28 Ship-Broker,

379 2457 32 22 Te
423 2458 55 21 Aro.

206 2514 2 7 :
278 2503 54 20 For
346 2503 68 20 Sale.

76 2532 70 37 TSpL
170 2535 91 22 nnHE
280 2535 143 23 well-known
440 2536 46 21 fine
505 2543 48 14 new
569 2539 71 18 cutter

69 2558 91 39 SJmeSih.
176 2558 30 26 JL
243 2564 115 25 Pickwick,
378 2563 22 21 in
422 2562 58 27 good
500 2563 70 26 order,
596 2562 44 22 and

53 2584 110 36 s^^^^
182 2590 137 28 abundantly
329 2590 70 21 found
413 2590 22 21 in
447 2594 69 17 stores
525 2590 27 21 of
562 2589 29 22 all
601 2589 38 22 de-

181 2617 122 28 scriptions.
334 2617 42 21 For
388 2616 146 29 particulars,,
538 2617 66 28 apply
616 2620 22 18 to

181 2645 37 21 the
228 2644 156 27 undersigned.

308 2677 37 22 W.
360 2677 26 22 B.
403 2677 96 22 Rhodes
513 2677 46 22 and
572 2678 38 21 Co.

192 2727 165 25 /CAPTAIN
379 2727 89 22 WEBB
487 2728 44 21 will
553 2731 39 18 not
609 2727 28 21 be

72 2753 94 29 ■mfyfflk
191 2749 41 28 V.^
249 2754 136 23 answerable
400 2754 34 21 for
451 2761 46 26 any
507 2754 62 22 debts
579 2761 60 16 .con-

53 2776 134 30 «sl§«gSß»
204 2782 84 21 tracted
301 2782 31 26 by
342 2780 37 22 the
396 2789 56 14 crew
466 2782 28 20 of
503 2781 37 22 the
550 2782 89 20 Martha

53 2808 107 26 Ridyway.
641 2818 8 13 <

79 2841 144 28 Wellington,
235 2842 63 27 April
313 2843 34 24 16,
360 2842 60 20 1842.

80 2888 75 37 TgfcL
192 2890 229 26 /CONSIGNEES.
429 2891 39 22 OF
484 2891 109 27 GOODS,
611 2899 27 14 ex

197 2922 36 17 >-^
262 2918 95 24 London,
372 2925 36 14 are
423 2917 118 28 requested
550 2921 23 18 to
587 2925 50 21 pass

53 2939 134 33 s^gSSsa
205 2944 58 23 their
277 2944 83 22 entries
378 2947 23 18 at
414 2944 37 21 the
467 2944 171 23 Custom-house

203 2972 44 21 and
257 2972 56 21 send
322 2970 113 31 alongside
440 2972 36 21 for
486 2971 57 22 their
555 2972 82 26 Goods,

53 2998 116 22 otherwise
181 3000 60 26 .they
248 2998 52 22 <will
315 2998 31 21 be
364 2998 96 26 cftarged
475 2997 39 23 the
525 2998 65 22 usual
599 2998 39 22 de-

52 3033 109 19 murrage.
506 3027 13 19 '.

346 3052 91 22 Waitt..
440 3050 45 23 and
499 3052 84 28 Tyser,

525 3086 83 27 Agent.

52 3130 183 51 WANTED,
247 3131 30 27 by
285 3130 39 21 the
335 3129 127 27 advertiser,
479 3127 38 24 tlie
533 3130 104 23 situation

147 3158 26 22 of
188 3158 92 26 Master,
298 3157 70 25 Mate,
384 3163 25 15 or
405 3177 4 8 (
411 3156 101 31 |Sec6nd
527 3156 63 23 Mate
609 3165 27 14 on

52 3184 69 23 board
131 3193 45 19 any
185 3184 83 28 vessel;
284 3184 139 26 satisfactory
432 3183 114 22 reference
557 3191 42 15 can
607 3184 30 21 be

53 3212 72 26 given.
153 3212 75 27 Apply
240 3212 40 27 (by
287 3210 76 27 letter)
374 3213 23 18 to
407 3210 66 26 A.8.,
485 3214 24 17 at
517 3210 38 22 the
566 3212 71 21 Office

52 3238 25 21 of
84 3238 43 23 this
136 3246 75 21 paper.

228 3283 82 21 Clerk
324 3282 125 21 Wanted.

50 3316 180 49 WANTED,
240 3324 13 15 a
267 3316 68 22 Clerk
350 3318 22 19 at
388 3316 37 21 the
439 3315 77 22 Union
533 3316 66 22 Bank
614 3316 26 21 of

134 3343 117 27 Australia,
263 3343 143 25 Wellington.
442 3343 77 27 Apply
532 3343 31 28 by
572 3343 65 22 letter

49 3371 54 26 only,
253 3374 24 18 to
291 3370 40 21 the
346 3370 115 27 Manager,
472 3370 84 28 stating
571 3377 66 21 expe-

50 3397 81 27 rience,
148 3397 130 27 references,
298 3398 41 21 &c.
359 3400 10 5 *
378 3397 101 27 Security
492 3397 46 22 will
555 3398 28 21 be
602 3405 35 14 re-

47 3419 96 32 quired..

77 3451 55 25 May
139 3452 19 24 4,
167 3451 63 21 -1842.

48 3494 177 48 WANTED
240 3494 35 22 for
288 3495 39 22 the
343 3495 137 23 Mechanic's
496 3495 111 27 Institute,
623 3502 13 15 a

145 3527 79 21 person
234 3523 22 19 to
266 3525 36 18 act
311 3529 25 14 as
352 3522 117 22 Librarian
485 3522 44 22 and
545 3522 90 22 School-

49 3550 92 20 master.
176 3546 156 24 .Testunonials
348 3549 24 21 of
385 3549 163 28 qualifications
562 3550 40 22 &c.
612 3553 23 18 to

49 3574 28 22 be
94 3577 49 19 sent
156 3574 23 21 in
190 3581 28 14 on
228 3581 24 14 or
261 3574 75 22 before
346 3575 38 22 the
395 3576 50 22 14th
454 3577 91 21 instant.

312 3636 14 4 _
352 3609 62 22 John
430 3610 122 27 Knowles,

482 3638 122 27 Secretary.

192 3661 90 26 Rooms,
292 3661 117 29 adjoining
418 3664 186 26 Barrett's-hotel,

252 3687 55 28 May
317 3690 20 24 3,
349 3690 53 21 1842
403 3705 11 11 V
534 3700 12 18 ■_

47 3732 177 49 WANTED
235 3739 29 14 an
273 3732 73 21 active
358 3740 75 20 young
446 3741 61 20 man,
524 3736 69 21 about
607 3736 26 21 15

142 3766 65 20 years
225 3758 27 22 of
271 3765 48 21 age,
338 3762 23 18 to
379 3764 36 17 act
432 3768 22 14 as
474 3762 100 22 assistant
585 3763 22 21 in
619 3769 14 14 a

47 3785 88 26 general
145 3790 66 18 store.
239 3785 76 28 Apply
326 3789 22 17 to

302 3814 128 21 Anderson
439 3814 46 21 and
494 3814 109 24 Rowand.

73 3843 157 27 Willis-street,
248 3843 189 29 Lambton-quay,
453 3846 64 27 April
525 3849 35 25 30,
572 3849 59 20 1842.

238 3889 27 21 J.
280 3890 38 20 M.
334 3889 108 26 Taylor,

61 3921 150 24 LICENSED
235 3922 242 24 CUSTOM-HOUSE
501 3925 115 29 AGENT,

165 3971 24 7 #.
201 3972 6 6 x
281 3957 39 19 ,TZ
331 3957 55 18 >RO.
428 3973 7 5 s
463 3956 16 21 \

2088 703 43 21 Ex
2338 716 5 8 /

1904 729 92 22 fTIHE
2011 729 149 28 undersigned
2173 731 41 22 has
2226 732 48 27 just
2288 734 97 21 received
2401 742 13 14 a
2423 742 51 15 con-

1911 753 29 23 X.
1978 756 111 27 signment
2108 757 25 21 of
2148 765 63 20 maps
2230 759 44 21 and
2293 759 67 22 charts
2378 761 58 22 from
2454 762 22 21 J.

1903 781 93 28 Wyld's,
2020 783 96 27 Charing
2139 783 71 28 Cross,
2236 785 137 29 Geographer
2429 788 47 22 ~th»

1903 808 85 27 Queen,
1999 809 36 21 viz
2042 818 5 14 :
2049 821 29 4 —

1929 834 73 28 Large
2012 839 43 19 two
2065 836 63 22 sheet
2137 844 50 22 map
2198 837 26 22 of
2231 837 55 22 New
2294 838 102 29 Zealand,

1929 861 49 22 One
1990 862 63 22 sheet
2061 870 51 20 map
2123 863 25 21 of
2153 863 57 22 New
2220 864 99 28 Zealand,

1920 887 114 23 ■Chaffers'
2052 889 62 22 chart
2130 890 25 21 of
2170 890 79 22 Cook's
2269 892 78 27 Straits,
2366 892 54 22 with
2439 893 36 22 tho

1901 914 67 22 latest
1976 915 117 27 additions,

1929 940 105 23 Chaffers'
2045 942 65 27 chart,
2116 943 26 21 of
2148 943 53 21 Port
2210 943 123 29 Nicholson,

1929 967 131 23 Mercator's
2070 969 63 22 chart
2141 970 25 20 of
2176 969 39 22 the
2227 971 73 27 world,
2307 972 38 22 &c.
2357 973 40 21 &c.
2408 973 38 21 &c.

2258 1003 105 22 Wuliam
2377 1004 71 22 Lyon.
2466 1015 5 4 -

1902 1027 83 21 Corner
1994 1027 26 22 of
2026 1027 150 23 Willis-street
2185 1028 45 23 and
2241 1029 181 27 Lambton-'quay.

2076 1055 78 22 March
2163 1057 20 26 8,
2195 1057 60 21 1842.
2312 1071 4 6 .
2347 1054 7 7 v
2387 1056 5 3 '

1902 1097 71 48 ON
1999 1098 78 23 SALE
2100 1099 30 27 by
2152 1100 38 21 the
2208 1100 149 29 undersigned,
2382 1109 14 14 a
2415 1102 60 28 large

1976 1126 104 26 quantity
2089 1126 26 21 of
2121 1126 75 23 Maize
2206 1128 45 21 and
2263 1128 105 22 Potatoes.

2192 1161 36 22 W.
2243 1162 81 27 Allen,
2341 1162 105 23 Butcher.

1928 1185 194 29 Manners-street,
2133 1188 31 21 Te
2174 1189 48 21 Aro
2233 1188 57 22 Flat.

2153 1232 74 21 Beef.

1898 1262 52 50 IN
1960 1263 160 23 ADDITION
2129 1267 21 19 to
2161 1265 35 21 his
2200 1265 65 22 usual
2274 1266 63 27 stock,
2348 1266 39 22 the
2395 1267 80 22 under-

1955 1289 78 27 signed
2043 1297 41 15 can
2094 1291 53 22 offer
2156 1299 14 14 a
2184 1292 43 22 few
2240 1293 74 21 tierces
2329 1293 46 21 and
2392 1293 83 23 barrels

1898 1316 71 27 prime
1980 1317 46 25 salt.
2030 1317 59 22 beef.

2295 1345 57 23 John
2367 1346 81 23 Wade.

1926 1369 30 21 Te
1967 1370 53 26 Aro,
2032 1369 66 28 April
2107 1373 33 25 19,
2151 1373 60 21 1842.

1966 1415 53 21 For
2029 1415 69 25 Sale,
2109 1422 36 15 ex

1898 1448 51 48 A
1962 1447 134 23 NUMBER
2105 1449 27 21 of
2140 1449 73 23 useful
2228 1450 82 22 articles
2319 1451 26 21 of
2356 1451 117 23 Furniture

1976 1474 46 22 and
2032 1475 63 21 other
2104 1476 72 27 goods,
2187 1481 50 22 part
2247 1477 25 21 of
2283 1477 32 21 the
2324 1484 66 20 cargo
2400 1479 25 20 of
2436 1479 36 21 the

1898 1502 71 19 Maria
1985 1503 95 21 Theresa.
2112 1503 49 21 Will
2178 1504 27 20 be
2221 1503 79 22 landed
2312 1505 51 21 here
2378 1505 35 21 for
2429 1505 43 21 sale

1899 1528 79 21 should
1987 1528 81 28 buyers
2079 1529 64 28 offer;
2159 1531 61 26 early
2230 1530 124 27 application
2367 1531 20 21 is
2398 1538 75 16 neces-

1899 1562 57 20 sary.
1985 1556 75 27 Apply
2069 1558 22 19 to

2293 1584 58 22 John
2366 1584 80 22 Wade.

1902 1608 141 27 Wellington,
2055 1609 80 22 March
2145 1611 31 25 18,
2189 1611 60 21 1842.

2119 1655 139 21 Potatoes;

1898 1679 95 49 JUST
2016 1680 164 27 RECEIVED,
2205 1681 57 22 from
2286 1682 130 27 Manewatu,
2436 1690 38 20 per

1949 1706 108 22 schooner
2065 1708 81 25 Henry,
2158 1716 13 14 a
2180 1708 43 22 few
2232 1712 49 18 tons
2291 1709 22 21 of
2323 1709 47 22 first
2378 1714 47 17 rate
2434 1717 39 20 po-

1900 1738 75 16 tatoes.
2008 1735 73 26 Apply
2088 1737 23 19 to
2155 1735 4 7 '

2057 1762 6 9 *
2065 1761 118 28 Wallace,
2195 1762 92 27 White,
2298 1763 39 21 and
2350 1763 122 22 Wallace.

1899 1787 64 27 April
1973 1789 33 25 13,
2018 1789 59 21 1542.

1900 1832 71 48 ON
1987 1833 84 27 SALE,
2088 1841 28 14 ex
2126 1834 36 22 the
2170 1836 137 19 Elizabeth-^

1975 1861 14 20 9
2003 1860 64 21 hhds.
2077 1860 59 28 lime,

1926 1887 75 25 13,000
2015 1887 80 26 bricks,

1925 1914 13 19 6
1952 1912 63 23 casks
2025 1914 93 28 brandy,

1925 1940 13 20 3
1952 1939 64 22 casks
2023 1948 59 20 rum,

1926 1967 10 20 1
1951 1970 90 23 quarter
2051 1968 52 22 cask
2112 1969 63 27 win«,

1923 1994 15 19 2
1950 1992 169 30 boxes^raisins,-
2159 1999 4 7 '
2181 2004 7 4 -

1905 2019 4 5 '
1924 2020 14 20 8
1946 2019 70 23 .casks
2023 2021 85 22 bottled
2117 2021 40 27 ale,
2195 2025 4 4 '
2252 2031 5 5 -
2272 2032 3 7 <
2313 2039 5 7 ,

1924 2047 14 20 2
1950 2048 49 19 tons
2004 2047 97 22 .colonial
2110 2048 62 28 flour,

1925 2074 13 19 6
1950 2072 126 27 hogsheads
2084 2079 80 23 porter,
2374 2084 8 7 '

1910 2104 4 3 '
1924 2102 14 19 3
1951 2100 126 28 hogsheads
2088 2102 89 28 brandy.

2032 2129 122 27 Wallace,
2169 2128 90 28 White,
2273 2130 40 22 and
2324 2131 122 22 Wallac*.

1999 2174 104 20 Nelson
2118 2175 76 20 Land
2209 2175 138 26 Agencies.

1898 2206 92 22 rriHE
2004 2207 152 27 undersigned
2168 2208 44 28 beg
2221 2211 23 18 to
2254 2208 52 23 offer
2313 2209 131 22 themselves
2453 2213 23 18 to

1905 2230 30 25 JL
1973 2233 38 22 the
2020 2234 75 28 public
2104 2241 26 15 as
2138 2239 77 22 agents
2225 2236 35 21 for
2270 2236 36 21 the
2313 2236 104 22 selection
2430 2236 45 22 and

1898 2260 96 26 disposal
2004 2262 22 20 of
2036 2264 59 18 town
2105 2262 45 21 and
2159 2265 94 23 country
2269 2262 59 23 lands
2337 2264 24 21 in
2371 2262 39 23 the
2425 2271 51 14 new

1898 2286 127 23 settlement
2052 2288 26 21 of
2102 2288 92 22 Nelson.
2232 2289 75 27 Apply
2324 2293 23 18 to
2369 2290 105 28 Wallace,

1899 2313 79 27 White,
1990 2314 44 21 and
2044 2314 106 28 Wallace,
2162 2315 143 27 Wellington.

2020 2348 120 22 Patchett
2152 2349 47 22 and
2212 2349 90 28 Whits,
2311 2351 62 22 Land
2381 2351 94 26 Agents,

2196 2376 20 9 XT
2232 2376 6 9 1

2195 2379 93 20 Nelson.

1925 2401 131 28 December,
2068 2403 62 21 1841.

1899 2446 70 50 ON
1985 2448 78 21 SALE
2077 2448 32 28 by
2124 2448 35 22 the
2175 2448 151 30 undersigned,
2342 2457 29 15 ex
2389 2452 85 20 London

1975 2474 45 21 and
2029 2475 45 21 late
2085 2474 58 28 ships
2143 2486 28 5 —

1924 2502 40 20 400
1978 2500 54 28 kegs
2041 2502 74 27 paints
2124 2503 46 22 and
2178 2502 93 28 colours,

1924 2528 15 20 9
1951 2532 72 18 crates
2032 2528 157 29 earthenware,

1924 2555 28 20 20
1966 2554 63 23 casks
2037 2556 122 27 glassware,

1924 2580 54 30 Tar,,
1985 2582 68 27 pitch,
2065 2582 45 21 and
2120 2584 96 27 varnish,

1924 2608 160 27 Apothecaries
2093 2610 129 28 perfumery
2231 2610 45 23 and
2285 2611 163 29 confectionery.

2252 2638 83 22 Willis
2349 2638 47 22 and
2409 2640 39 22 Co.

1896 2679 145 49 LAND
2065 2681 290 25 AGENCIES.-TO
2379 2684 98 22 LAND-

1973 2706 182 24 HOLDERS.—
2154 2709 49 22 The
2221 2709 150 29 Undersigned
2389 2711 43 27 beg
2453 2714 23 19 to

1897 2733 54 22 offer
1961 2733 133 23 themselves
2103 2738 23 18 to
2136 2735 58 23 their
2203 2736 83 22 Mends
2296 2737 39 22 and
2349 2737 38 22 the
2403 2737 74 28 public

1896 2768 25 14 as
1931 2761 87 26 Agents
2026 2761 36 22 for
2070 2761 38 21 the
2119 2762 94 28 disposal
2221 2763 26 21 of
2253 2763 64 23 Town
2326 2763 45 23 and
2378 2764 99 29 Country

1896 2787 82 28 Lands,
1990 2788 46 22 and
2044 2791 58 19 trust
2110 2789 58 21 their
2177 2790 98 22 colonial
2284 2791 127 26 experience
2425 2798 52 21 may

1896 2814 79 22 entitle
1984 2814 62 22 them
2056 2818 23 18 to
2089 2823 13 13 a
2114 2815 62 23 share
2187 2817 27 21 of
2223 2817 38 21 the
2270 2817 69 27 public
2347 2820 129 25 patronage.

1924 2841 63 27 They
1996 2842 46 22 will
2050 2843 28 21 be
2088 2842 73 28 happy
2171 2847 22 18 to
2203 2850 94 20 arrange
2309 2845 29 21 for
2347 2844 46 22 and
2402 2852 75 20 super-

1895 2867 80 23 intend
1983 2868 40 22 the
2031 2876 92 20 surveys
2131 2870 44 21 and
2181 2870 153 22 sub-divisions
2341 2871 27 21 of
2373 2870 37 22 the
2415 2871 61 22 land.

1897 2894 90 22 Liberal
1996 2895 110 23 advances
2116 2896 44 22 will
2173 2897 29 21 be
2216 2897 65 22 made
2291 2905 25 14 on
2324 2898 65 21 lands
2397 2898 79 27 placed

1895 2921 25 21 in
1930 2921 57 22 their
1996 2922 71 22 hands
2074 2923 35 21 for
2116 2923 52 21 sale.
2196 2923 64 28 They
2267 2924 43 22 will
2315 2925 43 21 also
2366 2925 28 21 be
2403 2932 74 21 nappy

1896 2951 24 19 to
1929 2949 65 21 assist
2003 2949 135 28 proprietors
2145 2950 25 21 in
2178 2950 88 27 leasing
2276 2951 52 22 their
2335 2951 72 23 lands.

2175 2977 64 21 John
2248 2977 46 22 and
2304 2978 52 22 Geo.
2367 2979 82 23 Wade.

2108 3020 164 28 Wanganui.

1895 3047 88 49 FOR
1997 3047 85 22 SALE.
2084 3059 27 3 —
2112 3047 64 22 Land
2195 3048 99 23 between
2312 3057 38 15 one
2369 3050 44 23 and
2431 3055 44 19 two

1966 3074 64 21 miles
2047 3074 26 21 of
2084 3074 37 21 the
2136 3074 109 28 township
2263 3080 23 17 at
2304 3076 123 28 Wanganui
2440 3079 36 22 for

1894 3101 53 26 sale,
1957 3100 24 22 in
1990 3101 79 21 blocks
2077 3101 26 21 of
2114 3101 43 21 five
2166 3109 63 14 acres
2241 3102 43 22 and
2299 3104 104 28 upwards,
2414 3113 25 14 or
2452 3109 24 18 to

1893 3128 33 21 let
1935 3134 29 15 on
1976 3134 55 20 very
2042 3127 79 22 liberal
2131 3130 74 24 terms,
2216 3129 53 22 with
2279 3129 35 22 the
2324 3130 60 28 right
2393 3132 26 21 of
2425 3139 51 21 pur-

1894 3154 74 22 chase.
1996 3154 76 28 Apply
2082 3158 23 17 to
2114 3154 28 22 R.
2153 3155 65 27 Park,
2230 3155 60 29 Esq.,
2300 3165 20 14 or
2329 3160 22 19 to

2159 3184 19 24 fr.
2232 3182 22 22 J.
2269 3184 44 21 and
2324 3185 28 22 G.
2368 3184 81 23 Wade.

2060 3225 90 22 Beach
2166 3228 146 27 Frontage.
2331 3246 3 4 .

1896 3259 65 49 TO
1976 3259 41 21 BE
2030 3259 66 26 LET,
2111 3259 72 22 beach
2192 3261 103 29 frontage
2307 3262 38 23 lots
2356 3263 24 22 in
2390 3264 85 21 section

1966 3287 43 21 490
2019 3293 29 15 on
2064 3285 38 23 the
2112 3286 55 23 Plan
2178 3287 27 22 of
2211 3287 39 22 the
2259 3287 63 24 Town
2335 3290 27 21 of
2368 3289 106 29 Welling-

1893 3317 46 23 ton,
1950 3313 116 27 adjoining
2076 3313 43 21 Mr.
2128 3313 88 23 Taine's
2223 3318 68 24 store;
2307 3316 40 22 and
2356 3316 24 22 in
2389 3317 84 22 section

1892 3341 48 26 616,
1949 3340 100 21 between
2058 3340 75 27 Major
2140 3341 92 22 Baker's
2242 3342 43 22 and
2293 3342 38 23 Mr.
2340 3344 134 21 Swainson's

1892 3367 87 21 houses.

1921 3393 55 21 Also
1986 3393 38 22 the
2032 3393 115 28 following
2156 3395 96 22 sections
2262 3403 28 14 on
2300 3395 31 22 tlie
2339 3395 57 22 Plan
2403 3396 26 21 of
2435 3395 42 29 thi,

1892 3419 77 28 Town,
1980 3420 46 21 viz:
2028 3431 28 5 —

1995 3448 28 20 55
2159 3450 41 20 319
2342 3449 41 21 922

1981 3475 43 20 240
2159 3476 40 21 718
2329 3476 53 28 1O7;9

1919 3500 76 28 Apply
2009 3504 23 19 to

2069 3528 27 21 E.
2111 3528 23 22 J.
2150 3528 148 27 Wakefield,
2312 3535 20 15 or

2069 3555 36 20 W.
2120 3555 28 22 V.
2163 3555 106 26 Brewer,
2280 3555 190 24 -Manners-street.

1893 3600 123 26 Country
2029 3600 124 21 Sections
2172 3600 43 21 for
2234 3599 59 21 Sale
2313 3605 31 16 on
2362 3599 108 22 Liberal

2137 3627 100 20 Terms.

1893 3657 165 50 SEVERAL
2093 3658 99 22 Sections
2220 3657 26 21 of
2277 3657 93 28 Country
2397 3657 72 30 Land,

1957 3685 92 28 already
2059 3684 82 22 chosen
2149 3685 24 21 in
2182 3684 39 22 the
2233 3684 88 22 Porirua
2334 3684 91 28 district,
2436 3685 36 23 for

1892 3711 58 28 Sale,
1961 3719 75 14 terms
2046 3718 104 15 liberal.
2178 3710 77 28 Apply
2263 3713 23 19 to

1987 3744 25 22 F.
2018 3764 2 5 ,
2027 3745 36 26 A..
2070 3744 171 26 Molesworth,
2257 3744 186 29 Murphy-street,-
2446 3753 28 15 or

1881 3772 46 27 $!
1954 3789 5 9 -,
1987 3771 36 22 W.
2037 3767 28 26 Vi
2079 3771 106 27 Brewer,
2196 3770 198 23 Manners-street.'
2487 3778 5 11 »

1882 3795 173 44 VnAPITAL
2075 3814 192 27 FRONTAGES,
2284 3816 24 20 in
2322 3815 150 24 Willis-street

1884 3840 52 25 *\y
1964 3842 48 21 and
2020 3842 183 26 Dickson-street,
2213 3843 25 20 to
2247 3841 27 22 be
2283 3841 31 22 let
2320 3842 33 22 for
2360 3842 109 30 building,

1891 3876 31 14 on
1940 3875 14 14 a
1972 3868 55 28 long
2044 3869 60 21 lease
2124 3868 45 23 and
2187 3871 24 19 at
2227 3875 15 14 a
2259 3875 55 21 very
2328 3869 45 23 low
2391 3863 80 30 rental.
2479 3870 5 6 '

1891 3894 75 29 Apply
1975 3898 24 18 to
2034 3914 3 3 .

2196 3921 27 23 G.
2240 3920 37 23 W.
2290 3922 126 27 Schroder,
2485 3941 3 4 ,

2317 3949 153 25 Willii-street.

915 699 108 21 Notice.

677 731 90 49 ALL
788 731 137 23 PERSONS
948 732 84 27 having
1049 732 93 28 Agency
1159 740 24 14 or
1198 731 63 22 other

741 758 102 22 business
858 758 54 22 with
927 759 46 21 Mr.
990 759 24 21 J.-
1028 759 26 21 T.
1069 758 134 26 Wicksteed,
1223 765 38 14 are

676 785 119 27 requested
800 788 21 19 to
828 785 66 28 apply
899 788 23 18 to
928 785 46 22 Mr.
981 785 80 22 Alfred
1067 785 100 27 Ludlam,
1178 784 83 22 Willis-

677 814 75 19 street.

702 838 145 27 Wellington,
858 839 57 26 May
924 839 96 25 2,^1842.

865 883 68 20 Coal
953 882 119 26 Mining.

676 915 66 47 AS
766 913 197 23 ABUNDANCE
988 914 38 21 OF
1046 914 81 22 COAL
1144 914 41 22 has
1204 914 56 21 been

754 940 128 22 discovered
891 941 24 21 in
926 941 56 21 New
995 940 108 28 Zealand,
1114 948 43 20 any
1168 940 92 22 Gentle-

675 975 52 13 man
739 975 25 13 or
774 968 113 26 Company
895 967 50 21 who
950 967 40 21 has
997 974 16 14 a
1021 971 100 23 prospect
1127 968 24 21 of
1159 967 102 26 entering

674 993 48 22 into
732 994 38 21 the
784 992 70 28 trade,
866 1000 52 20 may
927 994 58 21 have
995 993 37 22 the
1041 994 94 22 services
1145 995 24 21 of
1182 1001 13 15 a
1211 1001 49 19 per-

674 1027 40 14 son
725 1020 50 21 who
784 1020 41 21 has
834 1020 45 21 had
887 1020 55 27 long
952 1020 131 28 experience
1093 1020 22 22 in
1125 1020 135 26 conducting

674 1047 88 25 mining
780 1047 125 27 operations
919 1047 25 21 in
954 1046 32 22 all
999 1047 29 21 its
1037 1046 150 28 departments
1194 1055 5 19 ;
1216 1047 44 21 and

673 1072 41 22 has
733 1072 46 22 also
793 1080 14 14 a
821 1074 106 26 practical
941 1073 131 28 knowledge
1091 1075 26 21 of
1130 1075 130 26 machinery

673 1099 105 27 requisite
786 1100 35 21 for
830 1100 38 22 the
878 1100 99 27 working
987 1100 38 22 the
1035 1108 67 14 same.

701 1127 87 21 Letters
800 1126 117 23 addressed
926 1127 59 27 (post
993 1127 61 28 paid)
1067 1128 35 21 for
1109 1128 21 22 S.
1138 1128 33 27 T.,
1183 1130 23 19 to
1217 1127 43 22 this

675 1153 76 27 Office,
762 1153 82 22 will'be
853 1154 130 28 punctually
992 1154 107 22 attended
1108 1158 28 18 to.

703 1187 141 28 Wellington,
856 1188 56 27 May
920 1189 21 26 5,
950 1190 61 20 1842.

920 1241 14 13 A
950 1240 67 15 CARD.

675 1256 108 51 MRS.
795 1259 28 22 A.
839 1259 114 23 LOWE'S
969 1266 137 19 MILLINERY,
1122 1267 75 19 DRESS,
1214 1267 45 14 AND

752 1293 78 14 STRAW
840 1294 46 13 HAT
896 1293 197 19 ESTABLISHMENT,
1105 1292 22 15 at
1135 1287 43 22 Mr.
1188 1286 71 22 JabeZ

673 1312 93 26 Allen's,
779 1318 52 16 near
846 1313 122 21 Wakefield
984 1313 55 22 Club
1056 1312 83 28 House,
1150 1313 110 22 Lambton

660 1348 1 6 1
673 1338 73 28 Quay.
879 1354 4 19 |

681 1383 102 35 JOHN
806 1383 159 28 HARDING,
992 1385 101 21 Cabinet
1114 1385 57 27 and,
1179 1385 80 21 Fancy

661 1406 38 27 /*}
738 1411 104 26 Turner,
863 1411 54 26 begs
931 1411 142 27 respectfully
1087 1415 23 18 to
1122 1411 80 22 inform
1221 1411 37 21 the

672 1436 139 22 inhabitants
830 1437 25 21 of
871 1437 141 27 Wellington,
1033 1437 48 22 that
1099 1438 27 22 he
1141 1439 39 21 has
1199 1445 59 14 com-

673 1463 95 23 menced
778 1464 100 22 business
887 1465 23 21 in
924 1466 37 20 the
976 1465 71 21 above
1058 1464 52 28 line,
1122 1469 22 17 at
1160 1465 34 21 his
1204 1465 54 21 resi-

673 1490 78 27 dence,
769 1491 157 26 Willis-street,
942 1498 55 14 near
1014 1491 193 28 Ghuzney-street,
1226 1492 32 22 Te

673 1517 59 28 Aro;
748 1517 47 21 and
800 1517 74 28 hopes,
886 1519 28 25 by
921 1518 62 21 strict
990 1519 108 21 attention
1108 1523 21 17 to
1139 1519 28 21 all
1176 1519 80 26 orders,

673 1548 23 17 to
706 1545 67 21 merit
782 1544 57 22 their
846 1549 120 23 patronage
978 1545 45 21 and
1032 1549 95 24 support.

663 1588 4 3 '
675 1589 43 34 f^
729 1589 107 21 EORGE
845 1589 129 22 WATERS
985 1590 54 27 begs
1049 1593 22 18 to
1080 1590 80 21 inform
1171 1590 38 21 the
1220 1589 38 22 In-

677 1613 51 24 vX
741 1616 112 21 habitants
870 1617 24 20 of
907 1616 53 21 Port
976 1617 129 26 Nicholson,
1115 1617 48 21 that
1176 1617 29 21 he
1218 1616 40 21 has

670 1642 48 27 just
733 1643 144 21 commenced
886 1643 101 22 business
1002 1650 25 15 as
1041 1651 79 19 house,
1137 1651 59 18 sign,
1214 1643 44 21 and

674 1676 156 15 ORNAMENTAL
841 1677 107 19 PAINTER,
960 1670 44 21 aild
1015 1678 105 14 GLAZIER.
1147 1670 39 22 All
1192 1669 66 22 kinds

673 1695 26 21 of
713 1696 75 21 woods
806 1696 44 21 and
863 1697 96 20 marbles
974 1697 108 26 imitated,
1101 1698 37 21 &c.
1146 1705 6 19 ;
1169 1697 46 22 and
1230 1697 27 20 he

673 1723 54 21 feels
745 1723 112 21 confident
867 1723 48 21 that
924 1723 37 22 the
977 1724 72 26 prices
1060 1724 45 21 and
1120 1723 138 28 punctuality

674 1749 52 21 with
741 1749 72 22 which
830 1750 99 21 business
946 1750 44 21 will
1003 1751 28 22 be
1045 1750 105 22 attended
1167 1757 30 20 to,
1214 1750 43 21 will

673 1784 80 13 ensure
764 1777 45 20 him
819 1784 13 13 a
840 1777 83 21 second
933 1778 49 21 trial
992 1778 29 26 by
1031 1778 29 21 all
1067 1778 48 21 who
1124 1778 77 21 favour
1211 1777 46 21 him

673 1803 53 21 with
735 1803 38 21 the
784 1804 55 20 first.
938 1819 3 3 .
978 1811 3 3 •

700 1830 61 21 Near
771 1830 44 21 Mr.
832 1830 146 27 Catchpool'sj
993 1831 161 22 Dixon-street.
1165 1832 31 21 Te
1211 1830 47 22 Aro

673 1855 58 22 Flat.
815 1860 3 4 '
1023 1863 16 6 •-

680 1902 99 21 TOHN
804 1902 138 21 EDWARD
963 1902 178 22 BRADSHAW
1160 1904 56 26 begs
1234 1906 22 18 to

672 1924 26 26 O
736 1928 81 21 inform
827 1929 37 21 the
876 1929 138 22 inhabitants
1025 1931 24 20 of
1061 1930 53 21 Port
1128 1928 137 29 Nbholson,'

673 1956 47 20 that
736 1955 28 21 he
782 1955 40 21 has
841 1957 146 20 commenced
1005 1956 100 22 business
1123 1964 22 14 as
1165 1957 92 21 Basket

672 1980 95 28 Maker,
784 1982 45 21 and
841 1981 43 22 will
898 1982 45 21 feel
956 1982 104 22 thankful
1076 1984 34 20 for
1127 1991 43 19 any
1181 1983 77 21 ordeis

671 2008 27 21 he
712 2008 148 28 may-receive
870 2009 57 21 from
938 2008 68 28 them,
1018 2010 43 21 and
1070 2010 89 26 pledges
1168 2010 94 21 himself

672 2039 20 16 to
703 2034 114 27 discharge
826 2035 37 21 the
873 2041 67 21 same,
950 2036 53 21 with
1013 2036 134 22 satisfaction
1155 2041 21 16 to
1187 2033 76 29 them,'

670 2062 23 20 to
703 2060 38 22 the
751 2065 84 18 utmost
844 2062 26 21 of
875 2061 35 22 his
919 2069 81 19 power.
1174 2067 6 8 v

808 2096 44 13 N.B.
856 2099 25 4 —
883 2096 98 14 REPAIRS
997 2097 123 14 EXECUTED.

698 2121 43 22 No.
752 2123 20 24 3,
785 2121 164 28 Lutton-place,
961 2122 181 22 Dickson-street.

860 2168 94 19 James
968 2167 100 25 Spiers,

670 2200 192 22 PROSPECT
885 2201 211 22 BOARDING
1119 2202 139 29 HOUSE,

753 2234 129 15 GUILDFOUD
1019 2236 54 14 HILL
1088 2235 90 21 STREET,

724 2260 28 19 In
771 2260 37 19 the
825 2266 49 14 rear
891 2260 28 25 of
933 2261 41 19 Dr.
994 2261 88 20 Evans's
1096 2262 108 20 residence.

853 2294 74 15 TERMS
943 2295 130 14 MODERATE.

893 2332 29 21 H.
938 2332 95 27 READ,

808 2368 118 21 Tinman
937 2370 55 19 and
1001 2368 119 26 Brazier,

748 2402 63 22 Near
819 2403 37 21 ths
867 2403 156 28 Court-house,
1035 2404 142 27 Wellington.

670 2449 39 20 To
732 2450 45 19 the
799 2449 167 24 Merchants,
988 2450 194 25 Ship-owners,
1200 2450 54 25 &c,

823 2476 30 20 of
865 2476 67 21 Port
945 2476 161 21 Nicholson.

669 2507 106 47 TD.
802 2509 99 23 PRATT
925 2509 54 28 begs
995 2514 59 18 most
1071 2511 143 27 respectfully
1232 2514 24 19 to

718 2544 11 10 •
759 2539 77 19 return
852 2537 34 21 his
898 2536 81 22 thanks
996 2538 35 21 for
1048 2537 38 22 the
1100 2538 87 22 favours
1203 2545 53 14 con-

732 2563 74 21 ferred
821 2571 29 14 on
866 2563 54 26 him,
932 2564 66 22 while
1013 2565 24 21 in
1054 2565 138 27 partnership
1202 2565 53 21 with

669 2588 43 22 Mr.
724 2589 25 22 T.
760 2589 86 28 Bevan,
857 2591 45 21 and
912 2590 54 27 begs
975 2594 23 18 to
1007 2592 83 21 inform
1100 2591 60 22 them
1169 2593 49 20 that
1227 2591 28 22 he

668 2615 19 21 is
697 2622 51 16 now
757 2617 181 27 manufacturing
947 2625 73 20 ropes,
1030 2619 63 26 lines,
1105 2619 70 29 twine,
1187 2619 27 21 of
1225 2619 30 20 all

669 2641 145 30 descriptions
823 2652 5 19 ;
845 2648 57 18 mats
916 2645 27 21 of
956 2645 30 21 all
1002 2646 63 26 sizes,
1086 2646 39 21 &c.
1162 2645 94 28 Fishing

669 2673 49 18 nets
736 2671 68 21 made
819 2671 45 22 and
882 2671 111 28 repaired,
1010 2672 46 21 and
1074 2679 67 20 every
1157 2673 57 21 kind
1233 2673 26 21 of

668 2697 77 21 article
760 2697 25 21 in
802 2697 37 23 the
854 2699 71 21 above
930 2706 4 7 1
941 2698 54 28 line,
1012 2699 30 22 all
1058 2699 57 22 from
1131 2699 55 22 New
1199 2700 57 21 Zea-

668 2723 54 22 land
738 2724 53 27 flax,
803 2725 44 21 and
861 2732 30 15 on
901 2725 38 21 the
949 2729 59 18 most
1016 2726 131 22 reasonable
1155 2726 100 27 charges.

670 2757 42 22 No.
731 2760 19 24 1,
774 2758 232 29 Molesworth-street,
1033 2760 144 27 Wellington,
1202 2761 54 21 Port

798 2791 15 12 '•■
896 2786 133 22 Nicholson.

669 2829 39 19 To
719 2829 45 20 the
775 2829 162 21 Mercantile
948 2831 55 20 and
1020 2831 131 28 Shipping
1166 2833 89 20 Inter-

791 2858 56 18 ests
860 2857 29 20 of
900 2857 67 21 Port
976 2858 159 20 Nicholson.

669 2888 157 37 rpHOMAS
844 2890 108 22 BEVAN
968 2891 46 22 and
1030 2891 82 27 SONS,
1123 2892 55 22 New
1195 2893 59 21 Zea-

675 2912 30 25 X
730 2923 60 14 LAND
811 2923 56 15 ROPE
886 2924 46 14 AND
953 2925 74 14 TWINE
1050 2925 203 22 MANUFACTURERS,

668 2942 42 26 beg
726 2945 22 18 to
757 2943 84 21 inform
851 2943 56 22 their
916 2944 86 21 friends
1014 2945 45 22 and
1068 2944 37 23 the
1114 2946 80 28 public,
1206 2947 50 21 that

668 2968 52 28 they
731 2969 57 22 have
804 2970 106 21 removed
926 2974 24 17 to
964 2970 59 23 their
1038 2979 50 14 new
1103 2974 104 25 premises
1225 2981 27 14 on

666 2994 191 30 Lainbton-quay,
873 3004 79 15 corner
967 2998 26 21 of
1010 2998 154 29 Willis-street,
1179 3000 75 22 where

668 3029 67 21 every
745 3023 77 22 article
831 3024 23 21 in
863 3024 36 21 the
909 3024 72 22 above
991 3025 74 22 trades
1073 3033 51 21 may
1133 3027 27 21 be
1169 3027 46 22 had
1225 3035 28 14 on

668 3048 37 22 the
714 3050 98 21 shortest
819 3050 82 23 notice.

694 3076 94 28 Fishing
796 3081 56 23 nets,
861 3080 65 24 mat's,
938 3078 49 27 &c,
999 3079 64 22 made
1073 3080 45 22 and
1126 3081 108 27 repaired.

694 3111 26 23 T.
729 3112 28 22 B.
766 3112 47 22 and
823 3113 56 21 Sons
889 3120 37 14 are
934 3113 69 28 ready
1013 3117 23 19 to
1045 3114 122 23 undertake
1175 3120 79 24 export

667 3138 76 22 orders
753 3142 23 18 to
786 3146 44 20 any
840 3142 83 24 extent,
935 3147 29 14 on
974 3141 131 22 reasonable
1115 3145 73 20 terms.

693 3165 130 22 November
830 3168 34 25 30,
877 3168 59 20 1841.

666 3211 200 48 WNEAL,
887 3212 89 22 Watch
998 3214 44 21 and
1064 3214 76 22 Clock
1155 3215 98 28 Maker,

738 3248 12 11 •
794 3238 55 27 begs
866 3240 144 27 respectfully
1028 3244 23 18 to
1069 3241 81 23 inform
1166 3242 38 22 the
1218 3243 35 21 in-

666 3263 113 23 habitants
798 3265 26 21 of
840 3265 53 22 Port
898 3262 133 32 Nicholson,
1048 3268 48 27 &c,
1115 3268 46 22 that
1169 3269 29 22 he

666 3291 107 22 removed
786 3291 33 22 his
834 3291 100 23 business
952 3293 49 22 S.E.
1013 3294 26 21 of
1049 3294 90 23 Messrs.
1148 3296 103 22 Bethune

659 3316 179 33 'andJHuiiter's,
850 3319 44 22 and
903 3318 77 28 hopes,
991 3320 30 27 by
1031 3321 62 21 strict
1101 3323 115 26 attention,
1230 3327 21 17 to

667 3344 67 22 merit
747 3351 13 15 a
777 3346 149 21 continuance
943 3346 25 21 of
983 3346 57 22 their
1055 3348 95 29 favours,
1167 3349 84 28 having

666 3370 44 23 had
719 3372 27 20 20
757 3372 71 26 years'
839 3372 132 27 experien6e
980 3373 24 22 in
1013 3374 102 22 London.

692 3398 42 22 All
752 3398 66 22 Kinds
833 3399 26 21 of
870 3399 95 27 foreign,
982 3400 90 28 British,
1088 3403 98 26 musical,
1206 3403 45 22 and

666 3422 217 30 repeating^w-atches
889 3426 45 21 and
944 3426 83 28 clocks,
1034 3428 45 21 and
1086 3428 165 24 chronometers

666 3451 94 23 cleaned
769 3452 45 21 and
823 3452 108 27 repaired.

775 3485 58 23 N.B.
833 3497 29 4 —
863 3486 97 22 Musical
969 3487 70 22 boxes
1047 3489 106 26 repaired.

810 3530 142 23 CHARLES
967 3531 141 29 HARVEY,

872 3566 102 26 Tailor,
989 3567 55 25 &c,

792 3607 113 26 Adjoining
919 3608 71 20 Rumu
1006 3610 52 19 Toto
1072 3609 54 27 Pah,

879 3649 159 21 WELLINGTON,

663 3675 108 48 BEGS
786 3677 24 19 to
825 3678 76 19 return
917 3675 83 22 thanks
1017 3680 23 18 to
1056 3676 38 23 the
1110 3680 78 24 gentry
1204 3678 46 22 and

739 3701 77 28 public
826 3701 22 21 of
857 3702 57 22 New
924 3702 101 23 Zealand
1034 3704 35 21 for
1076 3704 41 21 the'
1121 3708 90 24 support
1211 3697 37 39 Jie

663 3729 40 21 has
717 3728 104 22 received
835 3728 59 23 from
909 3729 62 22 them
986 3730 61 22 since
1062 3730 28 22 he
1105 3732 144 21 commenced

656 3755 115 26 'business,
788 3756 45 21 and
852 3755 28 22 he
897 3763 87 15 assures
1000 3756 61 23 them
1079 3757 47 22 that
1141 3758 18 21 it
1176 3758 19 21 is
1213 3758 35 22 his

661 3782 112 21 intention
783 3785 24 18 to
816 3783 105 22 continue
930 3782 36 22 his
981 3787 59 18 most
1054 3786 116 19 strenuous
1184 3791 64 14 exer-

662 3809 58 22 tions
731 3812 22 18 to
764 3809 66 22 merit
839 3817 13 14 a
861 3810 149 22 continuance
1020 3809 90 26 of'their
1118 3813 128 25 patronage.

689 3843 24 21 C.
724 3843 29 21 H.
764 3842 63 22 takes
844 3842 43 22 this
906 3842 150 28 opportunity'
1066 3843 26 21 of
1102 3844 81 26 stating
1200 3843 48 23 that

662 3869 34 22 his
705 3869 63 22 stock
779 3869 93 22 consists
882 3869 25 21 of
919 3876 14 14 a
941 3869 59 27 good
1009 3869 86 27 variety
1105 3870 26 21 of
1136 3870 111 27 superfine

661 3896 78 27 cloths,
740 3903 3 6 1
750 3896 111 27 doeskins,
877 3896 90 25 tweeds,
982 3896 129 27 moleskins,
1122 3897 122 28 velveteen,

659 3922 56 29 pilot
730 3922 68 27 cloth,
810 3922 39 22 &c.
860 3923 48 26 &c,
924 3922 45 22 and
983 3921 35 23 his
1030 3923 92 26 charges
1132 3923 46 26 (for
1195 3926 50 20 cash

659 3950 58 26 only)
723 3948 127 24 'moderate.
