3500 4630
1124 66 176 32 OXFORD
1344 65 223 33 OBSERVER
1583 67 238 36 SATUBDAY,
1858 66 234 33 DECEMBER
2134 66 49 33 12,
2223 65 88 30 1896.

2921 4310 102 24 Printed
3057 4308 48 25 and
3132 4305 132 34 published
3305 4304 33 32 by
3387 4304 77 30 Axel,

2954 4354 118 28 Eklund,
3097 4353 38 23 for
3158 4351 89 23 Laura
3265 4346 72 27 Anne
3355 4348 101 31 Parish,

2954 4400 28 24 at
3370 4393 97 29 Office,.

2956 4443 71 31 High
3041 4441 90 26 Street,
3149 4438 65 24 East
3234 4438 103 29 Oxford',
3350 4436 102 26 Canter-
3473 4457 2 4 .

2956 4487 69 30 bury.

2949 4530 128 24 Saturday
3111 4527 140 26 December
3280 4525 41 25 12.
3349 4525 47 25 189

2945 209 116 42 HELP
3075 206 84 43 FOR
3173 206 86 43 THE
3282 202 149 45 WEAK.

2923 317 176 25 YTEEVOUS
3119 317 70 24 AND
3206 311 245 29 DEBILITATED,

2923 339 31 37 JM
2980 351 63 27 who,
3054 350 110 31 through
3174 348 60 32 folly
3252 347 49 25 and
3311 348 139 30 ignorance,

2921 384 64 25 have
2996 383 80 26 trifled
3086 391 68 24 away
3166 383 61 24 their
3238 381 85 32 vigour
3343 379 25 25 of
3378 378 72 32 body,

2922 418 77 27 mind,
3011 417 51 25 and
3072 416 132 28 manhood,
3217 416 100 29 causing
3334 412 116 26 exhaust-

2920 451 44 31 ing
2980 451 83 24 drains
3074 458 66 24 upon
3151 449 43 24 the
3216 447 126 26 fountains
3363 447 26 24 of
3399 445 49 29 life,

2921 484 63 24 Loss
2991 484 26 24 of
3026 484 100 31 Energy
3135 482 49 24 and
3193 482 125 30 Strength,
3331 478 119 31 Timidity

2920 517 162 24 Bashfulness
3116 516 27 23 in
3178 515 105 30 Society,
3307 511 141 28 Headache,

2920 548 133 30 Backache,
3073 548 177 25 Nervousness,
3273 545 134 24 Weakness
3422 543 30 24 of

2921 581 118 32 Memory,
3051 580 110 25 Restless
3171 579 80 30 Sleep,
3261 578 114 26 Dreams,
3385 576 65 24 Loss

2920 614 73 26 Flesh
3006 614 50 25 and
3067 614 68 24 Vital
3154 612 91 28 Powe>-,
3269 611 135 31 Eruptions
3417 616 32 17 on

2919 648 42 25 the
2970 649 63 24 Face
3044 647 49 25 and
3105 647 78 31 Body,
3196 645 75 25 Want
3293 645 27 24 of
3330 643 118 30 Develop-

2918 685 78 25 ment,
3016 681 115 25 Varicose
3146 680 83 26 Veins,
3251 678 141 30 Incapacity
3412 676 37 24 for

2918 714 111 25 business
3041 722 27 17 or
3078 713 120 32 pleasure,
3210 712 104 31 Urinary
3323 710 123 28 Diseases,

2918 748 50 24 and
2986 748 34 24 all
3043 748 42 23 the
3108 746 83 25 effects
3213 745 99 30 leading
3333 749 25 19 to
3380 743 66 31 eariy

2917 782 84 30 decay,
3024 780 106 32 perhaps
3151 778 180 31 Consumption
3356 785 27 16 or
3405 776 41 25 In-

2917 814 91 29 sanity,
3021 821 46 17 can
3091 813 29 24 be
3131 811 115 26 obtained
3257 810 31 30 by
3309 809 166 30 consulting^

2917 846 138 31 personally
3072 853 28 17 or
3108 844 30 25 bv
3150 845 63 31 post,
3250 842 90 24 FEEE
3351 842 64 23 PEO
3420 842 13 21 h
3441 849 5 7 •

2917 879 176 29 NOTMANN,
3123 875 200 31 M.E.,E.M.G.,
3375 875 71 24 Cam-

2918 913 83 32 bridge
3013 913 109 28 Terrace,
3146 910 111 33 opposite
3279 909 116 26 Colombo
3409 909 37 24 St.

2917 947 99 31 Bridge,
3046 945 186 25 Christchurch.
3293 943 53 24 The
3389 941 59 29 only

2916 978 226 25 Electrobotanical
3170 977 95 30 Expert
3298 974 151 30 advertising

2916 1011 54 25 who
2982 1011 50 26 will
3044 1011 134 31 guarantee
3196 1015 14 18 a
3227 1007 124 32 thorough
3380 1014 66 17 cure.

2918 1044 57 26 Sole
2990 1045 134 31 proprieior
3152 1042 49 25 and
3217 1043 114 30 patentee
3359 1040 26 24 of
3404 1039 43 24 the

2916 1079 59 31 only
2996 1077 148 33 guaranteed
3166 1075 110 25 Electric
3297 1073 70 25 Belts
3398 1072 50 24 and

2917 1112 70 24 other
2999 1111 89 31 special
3111 1110 123 25 electrical
3257 1107 140 32 appliances
3419 1106 28 23 in

2916 1145 41 23 the
2966 1145 115 24 colonies.
3114 1143 98 24 Ladies'
3225 1141 96 24 French
3332 1138 114 26 herbace-

2917 1185 42 17 ous
2970 1177 58 32 pills
3048 1177 38 25 for
3113 1175 175 32 irregularities
3311 1174 64 23 from
3398 1180 49 23 any

2916 1218 81 22 cause,
3022 1211 42 23 10s
3086 1209 94 30 posted.
3214 1207 144 31 Pamphlets
3386 1206 60 23 free.

2916 1244 168 24 Testimonial:
3087 1258 32 3 —
3120 1242 98 31 Napier,
3228 1241 96 31 August
3331 1239 45 26 7th
3382 1239 63 24 189.5

2916 1276 65 25 Prof.
2992 1277 166 24 Notmann.—
3158 1275 66 24 Dear
3234 1273 80 30 Sir,—
3316 1272 14 24 l
3339 1272 107 24 received

2916 1318 60 23 your
2981 1310 74 24 letter
3062 1310 50 24 last
3123 1307 75 29 week,
3217 1307 48 25 and
3277 1306 13 24 I
3307 1313 40 16 am
3357 1304 89 25 thank-

2915 1343 37 25 ful
2974 1347 26 21 to
3022 1343 54 24 find
3097 1350 49 24 you
3158 1349 41 17 are
3210 1340 103 26 anxious
3330 1341 26 23 to
3376 1338 70 25 know

2916 1377 42 24 the
2970 1376 105 25 benefits
3091 1376 14 24 I
3116 1376 64 24 have
3191 1373 98 26 derived
3308 1373 60 23 from
3385 1379 61 24 your

2916 1411 140 23 treatment.
3093 1409 47 28 Sir,
3168 1408 20 24 it
3216 1407 67 32 gives
3310 1413 41 16 me
3378 1406 68 29 great

2915 1442 112 32 pleasure
3038 1444 27 23 to
3075 1442 92 25 inform
3177 1448 49 24 you
3234 1439 57 25 that
3299 1446 16 17 a
3326 1438 120 30 complete

2916 1475 50 25 and
2975 1475 92 32 perfect
3078 1482 57 18 cure
3146 1474 46 25 has
3211 1473 62 25 been
3295 1470 103 26 effected
3420 1470 26 24 of

2916 1508 42 25 the
2970 1508 114 25 maladies
3095 1508 14 24 I
3127 1505 156 33 complained
3303 1505 25 24 of
3339 1506 27 22 to
3387 1511 58 23 you.

2916 1541 13 25 I
2940 1549 41 17 am
2992 1541 113 32 enjoying
3116 1540 63 32 good
3195 1539 92 27 health,
3300 1538 49 23 and
3359 1545 42 16 am
3410 1545 35 16 re-

2916 1575 81 24 stored
3016 1576 25 23 to
3061 1574 85 31 manly
3168 1573 94 31 vigour.
3295 1570 60 25 P.S.
3358 1583 31 5 —
3391 1569 55 31 Any

2916 1607 101 25 sufferer
3024 1607 109 25 desirous
3141 1606 27 25 of
3172 1603 208 31 communicating
3385 1602 61 25 with

2916 1649 39 16 me
2963 1649 49 23 you
3024 1649 41 16 are
3076 1642 26 23 at
3118 1639 88 31 liberty
3229 1640 26 23 to
3275 1638 55 31 give
3349 1644 42 23 my
3403 1635 42 25 ad-
3465 1657 6 8 ,

2915 1675 75 28 dress,
3003 1674 36 24 for
3050 1674 14 23 I
3079 1673 48 25 like
3138 1681 60 23 your
3214 1671 117 32 practical
3345 1668 102 26 method

2915 1707 25 24 of
2951 1708 175 23 treatment.—
3128 1706 28 23 T.
3171 1705 28 24 C.
3213 1705 115 24 Simpson.

3005 1827 119 40 FRED
3165 1825 188 41 PULLER.

3102 1884 162 22 SOLICITOR.

2954 1926 13 20 9
2977 1924 123 22 Cathedral
3110 1924 93 26 Square,
3217 1923 189 21 Chkxstchubch.

2916 1960 115 27 (Between
3039 1959 110 21 Morten's
3158 1958 116 26 buildings
3285 1957 17 20 &
3312 1957 56 20 Post
3374 1957 75 19 Office.

2954 2036 186 55 Money
3168 2035 54 44 to
3258 2033 141 45 Lend

2914 2111 30 15 on
2953 2104 33 21 all
2993 2103 58 21 kind
3060 2102 24 22 of
3094 2102 112 27 Security,
3214 2102 26 21 at
3258 2101 56 21 Low
3328 2102 78 20 Bates
3424 2100 23 22 of

2942 2148 106 21 Interest.
3077 2147 89 27 Special
3178 2143 83 25 Terms'
3265 2145 35 21 for
3308 2146 110 20 Farmers.

2963 2270 45 53 S.
3041 2270 49 43 B.
3113 2267 304 50 SEYMOUR,

3111 2335 137 27 DENTIST,

2954 2382 42 22 215
3010 2380 104 21 Colombo
3130 2380 81 22 Street,
3233 2378 167 21 Christchurch.
3438 2392 3 7 :

3082 2453 178 22 CHARGES:—
3391 2445 3 4 '

2982 2496 93 26 Pilling,
3089 2496 24 19 5s
3121 2503 7 16 ;
3163 2494 132 20 Extraction
3304 2495 24 18 2s

2941 2561 95 21 Nitrous
3046 2559 60 22 Oxid
3115 2559 46 21 Gas
3171 2557 168 22 Administered
3344 2557 36 21 for
3386 2557 59 21 Pain

2913 2606 46 21 less
2969 2603 132 22 Extraction
3111 2602 24 22 of
3143 2601 79 22 Teeth.
3257 2601 45 22 Pee
3310 2601 36 21 for
3354 2599 93 22 Admin-

2914 2644 109 21 istration
3032 2643 32 21 ss.

3003 2754 54 45 F.
3088 2747 259 56 B.LANE.

3020 2828 91 41 (Late
3124 2827 39 30 E.
3182 2824 160 40 Butcher.)

2916 2887 250 35 Watchmaker,
3196 2884 182 34 Jeweller,
3394 2880 52 31 &c.

2915 2939 123 32 Importer
3071 2937 27 25 of
3137 2934 107 27 Musical
3278 2932 169 26 Instruments

3013 2976 111 27 Victoria
3145 2975 39 26 St.
3214 2973 133 32 Eangiora.

2917 3057 99 32 Special
3026 3057 71 24 value
3119 3055 28 24 in
3169 3053 81 25 Extra
3272 3053 86 29 strong
3370 3048 78 26 Cased

2915 3101 88 32 highly
3011 3099 109 26 finished
3133 3097 108 32 English
3259 3096 79 25 Lever
3347 3091 101 28 Watch-

2916 3153 34 17 es.
2997 3141 195 28 ManufacturecT
3204 3142 26 24 to
3253 3148 44 23 my
3323 3138 71 25 order
3415 3136 34 31 by

2916 3185 55 25 best
2982 3184 105 26 London
3105 3182 107 25 makers.
3246 3177 157 34 Unequalled
3411 3176 38 25 for

2917 3229 122 25 excellent
3052 3225 178 32 Timekeeping
3245 3224 50 24 and
3306 3220 142 32 durability.

2950 3273 30 24 F.
2997 3271 140 26 B.LANE
3150 3267 139 34 personally
3311 3267 70 24 visits
3401 3265 48 24 Ox-

2918 3317 54 25 ford
2992 3315 125 30 monthly,
3140 3312 114 32 carrying
3274 3319 14 16 a
3310 3310 68 30 large
3401 3308 49 24 and

2918 3360 85 26 choice
3037 3358 70 26 stock
3135 3356 26 26 of
3192 3354 126 28 Watches,
3347 3352 101 28 Chains,

2918 3403 133 28 Brooches,
3062 3402 87 30 Eings,
3160 3399 84 28 Studs,
3262 3397 127 25 Pendants
3402 3398 46 26 etc,

2920 3447 140 31 Spectacles
3082 3443 122 33 (Pebbles,
3221 3442 166 24 Pantoscops,c
3399 3439 50 25 and

2919 3490 108 31 Crystal)
3039 3487 96 28 Clocks,
3154 3485 107 34 (Marble
3281 3484 50 25 and
3349 3483 99 32 Wood,)

3017 3531 154 25 Accordeons
3244 3528 107 25 Violins.

2951 3599 81 23 Exact
3043 3597 58 23 date
3113 3596 27 24 of
3149 3594 62 26 each
3222 3594 60 25 visit
3304 3594 22 24 is
3337 3592 106 25 notified

3066 3641 27 23 in

2918 3686 148 24 Eepatbs.—
3069 3683 41 24 All
3121 3682 94 32 repairs
3232 3689 42 17 are
3291 3680 118 25 executed
3420 3680 31 31 by

2918 3729 91 32 myself
3030 3736 28 17 or
3074 3726 80 25 under
3170 3734 42 24 my
3232 3724 221 33 superintendence

2919 3781 26 17 so
2968 3773 56 24 that
3043 3773 102 30 patrons
3158 3777 46 17 can
3227 3770 52 31 rely
3301 3777 33 17 on
3356 3768 98 32 getting

2919 3815 155 26 satisfaction
3083 3817 26 22 at
3120 3813 44 25 the
3175 3821 59 24 very
3245 3813 86 25 lowest
3340 3812 112 31 charges.

2952 3860 105 31 Eepairs
3069 3867 27 16 or
3104 3858 84 25 orders
3197 3856 100 32 inay.be
3305 3856 45 25 left
3361 3857 61 23 at—

2913 3930 2 3 .
2920 3908 25 24 J.
2963 3907 134 28 Weeber's,
3132 3906 66 24 East
3221 3905 100 25 Oxford,

2919 3954 26 23 at
2968 3952 41 26 W.
3032 3951 37 26 M.
3080 3950 51 29 C,
3154 3949 64 26 East
3243 3948 101 27 Oxford.

2919 3997 24 24 J.
2961 3997 100 27 Brown,
3074 3994 159 30 Bootmaker,
3258 3993 71 25 West
3353 3992 101 26 Oxford.

2919 4040 40 25 W.
2973 4040 24 24 J.
3011 4038 147 26 Crothers&
3170 4038 59 24 Co..
3251 4036 70 38 (Just:

2953 4083 50 24 and
3018 4081 91 31 will.be,
3119 4080 125 33 promptly
3257 4080 164 26 .ittended-to.

2920 4128 55 30 All
2985 4127 100 31 Work
3097 4127 76 30 done
3185 4136 46 20 on*
3239 4125 216 30 the-OPremises

3045 4179 61 29 and
3121 4176 198 41 guaranteed.

2404 220 466 64 HOLBBOOK

2590 322 68 21 AND

2378 370 471 56 VALIiANCE

2429 484 2 4 ■
2457 482 121 23 TIMBER
2603 480 194 25 MERCHANTS

2424 532 199 30 COOPER'S
2676 531 153 30 CREEK.

2463 589 142 34 VIEW
2648 589 139 39 HILL,

2358 661 85 57 BEG
2467 665 25 21 to
2512 662 111 25 intimate
2643 665 26 22 to
2697 663 43 24 the
2763 661 81 32 public
2867 661 26 25 of

2409 694 92 25 Oxford
2517 696 48 23 and
2583 696 165 31 surrounding
2764 695 125 29 Districts,

2359 727 54 25 that
2425 736 35 16 we
2481 728 62 25 have
2566 729 156 24 commenced
2733 728 117 25 Business
2863 737 26 16 as

2359 762 164 29 saw-millers,
2547 763 50 24 and
2618 762 62 33 hope
2702 762 33 32 by
2760 762 71 24 strict
2850 764 36 22 at-

2358 794 96 25 tention
2462 798 26 21 to
2500 796 115 25 Business
2630 800 26 20 to
2667 797 29 23 be
2707 795 115 24 favoured
2830 795 60 24 with

2357 827 64 23 their
2448 832 108 27 support.
2602 830 83 23 White
2708 829 65 30 pine,
2804 826 84 30 Einm,

2357 859 73 24 Birch
2442 861 49 23 and
2503 861 59 25 Coal
2583 862 38 31 pit
2632 869 72 25 props
2716 861 27 24 in
2752 868 49 24 any
2813 867 75 24 quan-

2356 892 55 33 tity.

2458 1153 212 30 Established
2695 1152 78 29 1862

2403 1219 124 29 FLOUE,
2539 1218 56 26 best
2605 1218 79 25 brand
2695 1218 59 31 only
2765 1217 67 31 kept.

2357 1263 142 28 SHAEPS,
2535 1261 205 28 OATMEAL,
2774 1260 112 25 BEAN

2445 1305 290 29 CHICKENWHEAT,
2753 1305 42 26 &c.

2381 1350 41 21 AT
2454 1350 123 21 LOWEST
2608 1349 142 21 CURRENT
2788 1348 99 21 RATES

2354 1804 250 46 JOSEPH
2646 1804 240 47 LOUGH.

2496 1882 245 25 UNDEETAKEE.

2465 1926 108 31 EAST
2597 1926 185 32 OXFORD.

2387 1977 102 32 Having
2495 1977 52 32 just
2555 1978 124 31 imported
2686 1978 64 24 from
2757 1978 127 31 England,

2353 2027 55 18 new
2430 2020 116 32 Designs,
2580 2029 54 17 new
2663 2021 150 32 Trimmings
2836 2020 50 26 and

2354 2064 88 30 Eobes,
2455 2065 22 24 is
2485 2065 118 31 prepared
2613 2066 27 23 to
2649 2065 107 24 conduct
2763 2065 123 25 Funerals

2355 2103 96 32 Adults,
2470 2106 26 23 at
2509 2105 46 25 £5.
2568 2105 50 24 and
2629 2105 123 31 upwards,
2775 2105 112 31 polished

2354 2149 80 29 coffin,
2458 2149 48 25 and
2536 2149 194 26 silverinounted
2752 2149 135 25 Furniture

2353 2193 77 24 From
2442 2193 46 24 £8.
2507 2193 130 30 according
2648 2194 26 23 to
2696 2192 116 31 Designs.
2847 2192 40 25 No

2352 2237 70 23 extra
2433 2236 88 31 charge
2532 2236 39 24 for
2582 2236 97 24 Hearse
2701 2242 29 18 or
2747 2242 64 25 open
2827 2234 57 26 Car-

2350 2277 76 32 riage.

2385 2321 32 24 N.
2446 2320 31 25 B.
2506 2320 93 26 Coffins
2621 2319 59 33 kept
2701 2321 27 24 in
2757 2319 70 26 stock
2848 2319 38 26 for

2352 2382 88 30 urgent
2459 2388 77 17 cases.

2354 2528 26 38 C
2408 2524 476 76 ffIANNING|fIOMPANY

2352 2602 5 7 '
2397 2630 2 3 .
2442 2636 3 4 .
2549 2615 139 23 LIMITED.

2382 2676 268 26 CHEISTCHUECH
2669 2676 184 24 BEEWEEY.

2580 2736 61 20 THE

2482 2821 131 21 BREWED
2622 2822 41 19 BY
2676 2821 71 20 THIS

2441 2861 367 35 GOMPANY

2541 2916 83 21 FROM
2633 2916 62 21 THE

2465 3012 46 20 Are
2521 3012 174 26 acknowledged
2703 3013 25 19 to
2736 3013 29 20 he

2350 3052 148 21 SUPERIOR
2507 3053 36 20 IS
2554 3052 136 24 QUALITY
2700 3052 38 20 TO
2745 3053 65 19 ANY
2816 3048 71 25 PRO-

2417 3094 101 21 DUCED
2533 3094 35 20 IN
2582 3094 73 21 NEW
2669 3094 149 21 ZEALAND.

2378 3132 109 26 Supplied
2491 3133 25 19 to
2520 3132 81 20 Hotels
2608 3132 45 20 and
2660 3132 93 20 Private
2759 3132 129 20 Customers

2350 3159 25 20 in
2383 3159 143 26 Hogsheads,
2537 3159 99 25 Barrels,
2648 3159 138 25 Kilderkins,
2797 3159 44 21 and
2852 3161 36 19 10-

2350 3187 89 26 --gallons
2449 3187 62 26 Kegs

2352 3240 117 41 PALS
2493 3240 90 41 ALE
2606 3240 94 42 AND
2731 3240 157 41 EXTRA

2545 3292 134 41 STDDT

2436 3344 93 22 Bottled
2551 3344 25 21 in
2586 3344 84 26 Quarts
2680 3344 47 21 and
2735 3345 72 21 Pints.

2412 3530 425 48 EUCALYPTUS

2538 3608 17 3 —
2555 3608 4 14 :
2617 3603 12 13 ♦

2409 3631 61 19 THE
2486 3630 73 20 BEST
2573 3629 87 21 HOME
2677 3627 140 22 BEMEDIE

2469 3669 36 13 are
2519 3662 37 19 the
2564 3661 136 26 preparation
2710 3660 25 21 of
2742 3660 36 20 the

2354 3699 170 21 TASMANIAN
2543 3697 185 21 EUCALYPTUS
2743 3697 47 21 OIL
2805 3697 82 21 COMP.

2383 3737 135 25 Universally
2528 3735 104 21 admitted
2640 3735 37 20 the
2686 3735 78 25 BEST,
2776 3734 115 21 PUREST

2354 3775 43 20 and
2407 3775 57 19 most
2474 3773 94 20 effective
2578 3772 134 25 Eucalyptus
2735 3772 105 19 Glohulus
2856 3771 35 20 Oil

2354 3807 33 19 for
2406 3804 172 25 INFLUENZA,
2599 3803 92 26 Coughs,
2710 3803 65 20 Colds
2800 3803 43 20 and
2860 3803 30 20 all

2355 3838 65 20 Chesfc
2436 3836 43 21 and
2488 3836 62 24 Lung
2567 3835 112 22 affections
2693 3834 77 26 speedy
2779 3835 60 20 relief
2848 3834 43 21 and

2355 3870 55 20 Cure
2428 3870 34 19 for
2477 3868 157 22 Rheumatism,
2655 3867 122 25 Neuralgia,
2792 3867 98 25 Spraius-

2354 3897 71 19 Burns
2446 3896 33 20 &c.

2381 3930 133 24 Eucalyptus
2532 3928 104 19 Globulus
2655 3927 92 20 Extract
2756 3927 89 26 sprayed
2859 3927 32 20 in-

2355 3962 63 21 haled
2434 3961 43 21 and
2491 3961 65 21 taken
2566 3960 116 26 internally
2699 3960 34 20 for
2747 3960 37 20 the
2801 3960 87 26 Throat,

2354 4000 97 24 Catarrh,
2469 3999 58 25 Hay,
2552 3998 98 25 Typhoid
2666 3998 43 19 and
2724 3998 81 21 Scarlet
2815 3999 76 23 Feyers

2355 4031 129 20 MEASLES
2496 4031 36 19 the
2538 4031 55 19 most
2603 4029 137 26 satisfactory
2749 4031 142 24 preventative

2355 4062 43 21 and
2412 4062 61 20 Cure.
2501 4062 56 19 Send
2571 4061 51 20 Post
2637 4061 56 20 Card
2703 4063 22 18 to
2735 4062 37 19 the
2782 4062 63 19 Office
2858 4062 33 20 for

2355 4094 96 20 Circular
2464 4094 119 24 describing
2603 4094 121 19 treatment.
2752 4094 139 26 Eucalyptus,

2355 4128 111 20 Ointment
2476 4128 36 23 the
2522 4128 70 25 Magic
2601 4128 82 20 Healer
2694 4127 22 20 of

2355 4160 101 23 Wounds,
2474 4160 59 19 Boils
2551 4160 45 22 &c.,
2619 4159 134 25 Eucalyptus
2773 4159 57 26 Soap
2845 4160 43 20 Fra

2354 4193 62 23 grant
2427 4191 42 20 and
2478 4191 125 24 refreshing,
2627 4190 133 25 Eucalyptus
2770 4191 88 25 Jujubes
2868 4198 24 14 or

2354 4222 102 21 Pastilles
2465 4222 34 20 for
2509 4222 36 20 the
2570 4222 81 20 Throat
2660 4221 44 21 and
2713 4221 64 22 Voice
2794 4229 28 14 an
2836 4224 55 20 anti-

2355 4255 67 26 septic
2432 4255 48 23 and.
2485 4254 120 21 stimulant.
2814 4269 5 8 -.

2354 4289 127 24 Yeterinary
2496 4289 37 19 Oil
2542 4288 43 21 and
2595 4288 112 21 Ointment
2716 4289 34 20 for
2759 4290 37 21 the
2805 4290 86 22 stables.

2382 4322 29 20 Be
2421 4328 48 14 sure
2479 4328 43 19 you
2531 4322 108 20 Purchase
2654 4321 39 21 the
2703 4322 105 27 Platypus
2825 4324 68 22 brand

2354 4355 51 26 only
2414 4355 23 19 of
2444 4355 30 19 all
2482 4355 114 24 Chemists,
2601 4354 89 21 Grocers
2695 4355 45 20 and
2746 4355 147 28 Storekeepers

2355 4386 44 22 and
2411 4388 23 19 at
2448 4386 36 21 the
2495 4386 64 21 Office
2568 4388 13 20 9
2590 4386 115 22 Cathedral
2714 4393 77 20 square
2800 4388 93 23 between

2354 4419 101 21 Morten's
2468 4419 114 26 Buildings
2589 4420 43 20 and
2642 4419 37 21 the
2688 4420 52 21 Post
2750 4420 70 23 Office.

2519 4453 88 21 Oxford
2617 4454 81 26 Agent

2409 4489 27 22 R.
2446 4489 30 22 H.
2489 4490 120 26 PARISH,
2632 4486 77 26 EA-&T
2723 4492 120 23 OXFORD

2436 4529 140 27 Eucalyptus
2587 4529 37 22 Oil
2638 4530 31 26 1/-
2683 4537 40 19 per
2732 4532 78 22 bottle.

1277 205 116 94 B.
1477 210 130 86 H.
1665 207 511 94 PAEISH

1465 357 195 61 EAST
1706 362 325 64 OXFORD

1494 477 42 31 IS
1571 478 101 31 NOW
1692 480 48 31 IN
1760 482 187 31 RECEIPT
1969 483 54 30 OF

1393 557 42 24 Ex
1452 555 89 26 AOTE
1545 556 21 24 A
1584 557 70 24 AND
1667 558 118 26 OTHER
1797 559 129 26 DIRECT
1940 560 182 25 STEAMERS

1415 628 269 45 SUMMER
1706 629 237 47 SEASON
1975 630 125 46 1896.
2138 637 3 3 '

1594 727 99 32 THIS
1716 727 203 34 SEASON'S

1188 825 515 91 PRINTS!
1792 830 536 89 PRINTS!!

1543 1012 50 29 4d.
1616 1023 56 29 per
1693 1014 78 39 yard
1793 1015 101 30 worth
1915 1016 49 30 Bd.

1259 1091 580 115 Ginghams,
1910 1096 336 101 Drills,

1180 1245 348 89 Ladies
1562 1248 312 90 Black
1922 1253 402 90 Jackets

1216 1362 150 86 for
1406 1367 113 82 5s
1561 1366 128 86 9d
1764 1375 238 80 wort
2041 1368 235 90 h2os

1178 1519 610 113 Trimmings
1854 1527 83 84 &
1981 1526 345 89 Braids

1423 1656 221 86 half
1679 1660 261 110 price

1353 1885 336 50 ENORMOUS
1749 1891 389 50 REDUCTIONS

1178 1980 431 99 MAIDS
1736 1988 590 96 ULSTERS

1292 2120 455 91 Reduced
1790 2133 104 81 to
1942 2130 104 87 Is
2089 2133 163 86 6d.

1532 2259 39 28 36
1592 2261 33 27 to
1646 2260 40 28 45
1698 2260 106 31 inches
1824 2262 86 40 deep.

1212 2342 425 90 Buttons
1661 2349 121 85 Id
1834 2379 174 83 per
2049 2355 233 86 card

1402 2511 390 17 »♦♦♦♦♦♦♦♦♦»♦♦♦♦»♦♦♦♦»♦♦♦♦♦♦♦
1795 2514 184 16 ♦♦♦«♦♦♦««♦♦«♦

1169 2584 80 24 HRHE
1267 2584 115 33 question
1393 2584 21 25 is
1426 2584 99 25 natural
1526 2599 33 4 —
1583 2585 68 32 Why
1661 2585 61 26 send
1737 2588 26 24 to
1775 2585 177 28 Christchurch
1971 2589 39 25 for
2027 2598 62 24 your
2105 2590 111 34 Drapery
2223 2593 12 23 ?
2270 2592 52 26 The

1174 2612 21 30 1
1232 2618 103 32 drapery
1346 2618 54 25 sold
1409 2619 25 23 in
1443 2618 56 25 that
1511 2619 50 31 city
1573 2627 71 24 every
1656 2628 45 16 one
1713 2620 94 30 knows,
1820 2620 22 25 is
1853 2624 45 22 not
1909 2622 72 25 made
1992 2624 76 28 there,
2087 2623 46 26 but
2143 2625 130 32 imported.
2308 2627 14 24 I

1168 2652 93 31 import
1272 2652 64 24 from
1348 2651 44 25 the
1402 2651 54 25 best
1468 2652 106 31 English
1585 2653 50 24 and
1653 2653 88 25 Scotch
1752 2653 101 26 houses.
1898 2655 71 25 lam
1981 2656 104 25 enabled
2096 2659 26 23 to
2133 2660 122 29 purchase
2273 2660 48 25 low

1169 2686 50 23 and
1228 2685 46 24 sell
1285 2686 27 23 at
1320 2692 16 17 a
1346 2686 54 23 rate
1411 2685 27 23 of
1447 2685 73 30 profit
1534 2685 52 33 (my
1597 2693 119 24 expenses
1727 2686 73 32 being
1811 2688 82 31 small)
1905 2688 56 25 that
1973 2690 81 24 would
2066 2690 30 26 be
2114 2692 144 25 considered
2278 2693 41 25 ab-

1170 2718 58 24 surd
1240 2718 32 31 by
1288 2725 48 24 any
1356 2717 178 25 Christchurch
1557 2718 198 26 establishment.
1807 2720 44 32 My
1872 2721 76 25 Stock
1967 2722 21 24 is
2007 2722 44 25 the
2070 2723 94 33 largest
2181 2725 51 24 and
2253 2728 68 23 most

1167 2752 85 25 varied
1271 2751 57 26 that
1338 2751 45 24 has
1395 2758 56 17 ever
1461 2752 63 23 been
1535 2751 86 26 shown
1632 2752 27 25 in
1670 2752 44 25 the
1725 2752 103 31 district,
1841 2754 50 25 and
1902 2754 39 25 for
1951 2755 92 32 quality
2063 2757 49 25 and
2131 2758 71 25 value
2219 2761 58 29 puts
2293 2761 28 24 in

1169 2786 31 24 he
1212 2786 78 24 shade
1306 2784 77 33 goods
1394 2784 96 26 offered'
1498 2784 32 32 by
1541 2786 101 31 visiting
1654 2786 115 26 hawkers
1783 2789 62 23 irom
1856 2787 44 26 the
1918 2788 180 27 Christchurch
2108 2799 46 24 rag
2166 2794 96 23 marts.-

1200 2831 94 32 JDress
1306 2838 164 31 Materials,
1483 2838 86 26 Plain
1581 2841 60 24 and
1651 2840 104 31 Fancy
1766 2841 79 25 from

1201 2895 27 26 A
1245 2895 110 30 Strong
1371 2895 87 27 Stout
1473 2896 133 27 Durable
1623 2897 126 31 Kaiapoi
1765 2897 113 26 Tweed
1894 2899 51 33 2/6
1957 2906 55 24 per
2023 2902 75 30 yard

1796 2935 107 33 Makes
1915 2944 155 26 first-class
2087 2946 90 32 Boys'
2196 2947 90 27 Suits.

1202 2990 57 25 Art
1276 2990 139 32 Muslins,
1434 2990 154 35 Gretones,
1608 2993 79 26 Lace
1705 2994 138 26 Curtains
1861 2993 54 26 &c.

1202 3093 26 30 A
1245 3088 110 30 Choice
1373 3090 166 26 Collection
1557 3091 31 25 of
1603 3090 120 31 Gloves,
1750 3090 77 31 Ties,
1857 3090 130 32 Aprons,
2016 3090 165 30 Insertions
2200 3095 53 25 &c.

1203 3154 103 26 Prints
1318 3154 79 25 from
1409 3153 52 24 4d.
1473 3158 55 26 per
1538 3153 83 30 yard.
1635 3151 138 31 Muslins,
1787 3151 137 32 Selesias,
1939 3151 124 33 Calicos,
2078 3154 54 26 &c,

1182 3194 3 36 ]
1211 3218 1 2 .
1786 3194 87 26 With
1889 3196 87 24 other
1994 3196 192 28 Manchester
2202 3201 86 32 lines.

1204 3250 88 31 Hats,
1310 3250 104 30 Fancy
1431 3249 60 24 and
1507 3248 104 32 Sailor,
1630 3250 31 23 in
1677 3247 104 26 White
1799 3248 59 24 and
1875 3247 115 26 Colors.

1745 3291 125 25 Newest
1886 3290 123 33 Shapes.
2044 3292 96 32 Large
2157 3296 131 34 Variety,

1204 3346 148 30 Flowers,
1370 3344 155 31 Feathers,
1543 3342 146 32 Ribbons,
1708 3342 105 31 Laces,
1832 3341 74 33 Jets,
1926 3342 54 25 &c.

1384 3385 3 6 1
1674 3382 86 26 With
1777 3384 41 23 all
1835 3384 182 23 necessaries
2035 3384 47 24 for
2098 3384 191 33 Trimmings.

1204 3436 103 29 Fancy
1323 3434 140 30 Frillings
1482 3434 77 30 3yds
1570 3434 46 25 for
1625 3433 36 33 1/-
1679 3433 101 25 worth
1792 3432 48 30 9d,
1859 3437 55 25 per
1925 3433 82 29 yard,

1738 3476 181 31 Umbrellas,
1938 3476 149 33 Parasols,
2107 3478 182 35 Sunshades,

1390 3560 7 8 •
1491 3540 242 46 DOUBLE
1792 3540 212 44 WIDTH

1178 3626 293 87 Dress
1547 3621 394 89 Tweeds
2022 3624 100 85 Is
2191 3626 130 85 4d

1476 3775 329 93 worth
1875 3777 133 85 2s.

1178 4292 133 40 English
1325 4291 127 38 Witney
1461 4288 148 30 Blankets
1623 4292 33 26 to
1672 4287 36 45 tys
1723 4284 67 32 sold
1805 4289 32 25 at
1846 4285 60 30 less
1914 4285 77 30 than
2004 4284 180 36 Melbourne
2199 4286 129 31 Whole-

1179 4346 63 30 sale
1263 4344 85 41 price
1350 4360 41 4 —
1391 4341 121 31 Double
1527 4340 68 30 Bed
1612 4339 68 31 Size
1703 4338 64 29 12s.
1793 4336 49 31 6d.
1893 4337 102 30 worth
2011 4337 65 30 16s.
2115 4337 49 30 6d.
2187 4347 55 30 per
2256 4349 77 30 pair-

1345 4385 130 40 cheaper
1487 4383 79 30 than
1579 4378 225 34 Oliristchurch
1816 4379 113 31 houses
1943 4379 65 31 will
2021 4379 58 31 sell
2093 4378 94 32 them.
2218 4403 3 2 ■

1350 4439 148 12 -'•.
1569 4444 2 1 ■
1588 4443 2 2 ■
1667 4443 4 4 •
1713 4437 2 6 '

1225 4497 71 35 R.
1329 4495 77 34 H.
1435 4489 342 45 PARisHd
1841 4490 48 32 E
1908 4490 105 33 ast
2065 4489 164 34 Oxfo
2254 4499 36 24 i?

740 205 55 34 TO
816 205 210 32 FARMERS.

584 290 5 24 1
617 287 44 25 TF
678 296 48 23 you
744 290 67 23 want
828 290 26 22 to
884 288 45 24 sell
958 295 61 24 your
1037 289 109 29 produce.

617 313 22 32 1
657 322 121 23 advertise
789 322 27 23 in
828 321 43 24 the
1139 330 7 16 a

617 361 56 18 sure
698 354 50 25 sale
765 354 47 25 will
829 353 30 25 be
876 353 44 25 the
936 355 85 24 result.

652 420 160 26 TERMS.—
813 421 36 23 2s.
873 428 42 20 per
943 420 61 25 incli
1032 421 38 25 for
1098 421 48 25 first

617 454 132 25 insertion.

651 494 41 25 All
710 494 74 25 small
800 494 205 25 advertisements
1023 496 25 23 to
1062 494 26 23 be
1096 494 50 31 paid

621 541 17 16 n
660 534 117 24 advance.

583 670 2 12 l
756 653 116 29 Copies
894 660 39 22 of
954 660 62 21 the

671 713 172 33 OXFOKD
877 713 222 32 OBSERVEE

725 763 47 17 can
795 754 30 26 be
849 754 119 26 obtained
989 755 27 24 at

584 798 7 16 B
619 800 175 26 OARGILL'S
807 808 85 17 corner
914 800 27 24 of
955 799 137 24 CASHEL
1105 799 41 24 and

717 839 161 25 COLOMBO
899 839 154 24 STREETS

791 879 186 26 Christchurck,

584 1002 4 25 E
645 1018 240 47 CANCER
916 1016 203 45 CURED

795 1084 148 23 WITHOUT

583 1132 2 10 1
613 1130 27 29 A
664 1128 209 31 SURGICAL
904 1126 242 31 OPERATION

607 1202 3 4 .
645 1183 50 24 For
705 1181 101 31 further
818 1181 153 31 particulars
986 1180 73 31 apply
1076 1183 22 20 to
1111 1179 35 24 the

674 1230 123 26 OFFICE
819 1230 44 25 OF
887 1229 82 26 THIS
987 1228 123 25 PAPER.

583 1343 2 59 \
720 1362 311 49 WANTED.

609 1464 52 58 TO
678 1463 122 32 purchase
817 1470 15 16 a
856 1462 64 24 farm
945 1461 27 23 in
990 1460 43 25 the
1051 1460 94 24 Oxford

656 1496 113 25 District.
804 1495 114 25 Forward
934 1494 66 32 price
1020 1494 50 23 and
1088 1501 55 23 par-

610 1535 100 25 ticulars
727 1535 26 22 to
781 1533 43 24 the

620 1589 161 32 OFFICE
798 1589 51 30 OF
863 1587 102 31 THIS
980 1586 144 31 PAPER

696 1728 127 45 FOR
872 1726 180 45 SALE.

608 1820 34 80 4
658 1818 135 32 ACRES
819 1818 61 30 and
902 1819 37 29 12
967 1816 129 41 perches
1112 1816 33 30 of

666 1861 74 30 land
766 1860 78 30 with
871 1860 21 28 4
905 1858 126 30 roomed
1051 1858 92 29 dwel-

607 1903 67 39 ling
688 1902 95 30 house
797 1901 61 30 and
869 1900 81 40 good
960 1899 69 31 well
1040 1899 102 30 there-

609 1956 48 19 on.
708 1943 5 6 '
724 1943 90 29 Land
842 1942 135 29 transfer
1005 1941 68 29 title
1092 1944 51 26 act

608 1990 93 25 terms
715 1984 26 29 if
755 1983 152 39 required.

689 2067 62 30 For
767 2065 185 42 particulars

770 2148 95 41 apply
887 2151 31 27 to

815 2213 139 31 JAMES
983 2212 159 31 FISHER

900 2291 91 32 West
1012 2291 127 31 Oxford.

632 2441 79 44 W.
741 2439 65 45 H.
836 2436 273 47 ALFORD

615 2535 245 41 WATCHMAKER.
896 2533 175 39 JEWELLER
1095 2533 44 31 &c

681 2608 87 27 MAIN
783 2606 135 28 STREET
936 2605 137 27 OXFORD

604 2746 50 40 TO
666 2742 181 44 TRAVEL
861 2742 101 41 THIS
973 2740 166 42 SEASON

608 2815 100 30 Oxford,
724 2814 130 29 Coiirtenay
867 2813 49 23 and
929 2812 130 24 Greendale
1075 2812 64 23 Dist-

634 2888 71 23 THE
724 2884 248 27 WELL-KNOWN
981 2883 130 25 HORSE.

739 2951 266 40 MAJOR.

638 3022 115 26 MAJOB
770 3023 21 23 is
803 3029 16 16 a
841 3021 114 31 beautiful
983 3021 17 23 d
1007 3020 45 23 ark
1080 3017 59 27 Jiest-

604 3072 59 25 nut,
704 3066 112 33 standing
875 3065 33 23 16
963 3064 76 24 hands
1078 3063 62 30 high,

605 3113 55 22 with
669 3119 55 21 very
734 3109 106 31 superior
852 3111 87 26 action,-
950 3118 15 14 a
979 3109 60 30 good
1057 3111 86 27 temper

607 3157 48 23 and
664 3157 21 22 is
696 3163 15 16 a
718 3155 111 31 splendid
838 3154 103 25 worker.

815 3215 93 24 Terms.

596 3269 4 9 >
640 3261 56 24 Full
715 3260 142 32 guarantee.
860 3273 32 3 —
894 3259 46 22 £3.
964 3257 104 32 payable
1082 3257 59 30 Sep-

606 3305 95 25 tember
731 3304 73 24 1897.
859 3300 214 32 -Ealf-guarantee
1075 3314 30 4 —
1107 3300 39 23 £V

606 3348 102 33 payable
720 3347 61 24 Pec.
796 3347 73 23 189G.

640 3389 37 25 £1
709 3389 53 23 10s.
783 3383 105 36 payable
912 3385 73 25 when
1011 3384 43 25 the
1074 3391 68 17 mare

607 3444 85 25 proves
703 3438 28 21 in
742 3434 58 25 foal.
837 3433 92 26 Season
931 3447 33 3 —
965 3432 46 24 £2.
1036 3430 107 32 Payable

607 3481 135 25 December
754 3480 74 23 1896.

676 3523 71 28 W.J.
762 3520 156 27 JENKINS
924 3520 64 25 Junr

809 3582 168 30 Waddint/ton.

610 3695 173 36 OXEORI)
826 3692 188 31 LIBRARY
1055 3690 88 31 AND

701 3735 196 32 BEADING
918 3734 131 31 BOOM.

609 3819 53 25 The
690 3817 93 26 Oxford
810 3816 105 32 Library
942 3816 22 24 is
991 3822 63 24 open
1076 3822 69 23 every

609 3862 113 30 Tuesday
734 3860 49 25 and
805 3860 120 30 Saturday
956 3858 95 31 nights,
1080 3857 65 25 from

611 3907 57 23 630
680 3912 70 23 p.m.,
771 3904 26 23 to
818 3904 15 22 8
844 3910 71 23 p.m.,
938 3901 51 24 and
1019 3908 33 17 on
1075 3908 71 23 every

610 3948 119 26 alternate
741 3945 131 33 Thursday
896 3944 138 30 afternoon,
1066 3943 79 34 (Sale-

610 3993 70 32 days)
703 3991 65 25 from
780 3991 60 23 230
851 3998 65 23 p.m..
932 3988 30 25 to'
971 3990 14 22 5
997 3996 59 23 p.m.
1095 3987 51 25 The

800 4028 25 21 L.
843 4026 124 31 REEVES,

583 4052 2 3 '
683 4077 3 2 .
899 4054 61 24 Hon
980 4052 133 25 Librarian

583 4107 2 15 !
663 4101 179 24 SCTBSCBIPTION
855 4098 37 32 2/-
905 4105 50 17 PER
974 4096 120 30 QUARTER

742 4195 268 48 NOTICE.

614 4300 22 57 I
654 4285 90 38 JOHN
760 4294 195 26 MCCARTHY:
979 4292 51 26 will
1052 4294 44 22 not
1118 4291 28 24 be

654 4329 151 33 responsible
816 4327 38 25 for
866 4335 49 23 any
924 4325 69 26 debts
1005 4323 141 27 contracted

614 4365 34 33 by
675 4372 43 24 my
740 4362 63 31 wife,
821 4360 96 26 Minnie
933 4358 137 32 McCarthy
1087 4356 59 26 after

616 4399 51 26 this
684 4398 66 25 date.

783 4459 31 20 .«..■
861 4454 25 26 j.
904 4452 181 26 McCarthy

992 4513 92 26 Annat.

619 4551 140 31 November
771 4550 69 26 25fch.
859 4551 72 24 1896.

230 3911 174 47 LOST.

51 4008 41 55 A
109 4003 120 26 WHITE
249 4003 47 25 and
309 4002 68 24 black
390 4001 74 30 sheep
477 4000 54 31 dog,
550 4007 29 17 on

110 4038 107 30 Monday
235 4037 56 27 last,
303 4035 65 24 from
379 4035 42 22 the
438 4032 69 24 Rock
518 4032 61 24 Ford

51 4073 86 24 Water
149 4071 72 24 Race.
256 4069 103 30 Anyone
369 4067 84 31 giving
473 4065 61 25 such
546 4065 33 24 in-

50 4104 132 27 formation
194 4104 55 23 that
272 4102 50 25 will
341 4099 55 26 lead
413 4101 25 22 to
461 4098 43 25 the
516 4106 63 16 same

51 4140 73 30 being
146 4136 117 26 returned
273 4137 25 23 to
317 4142 48 20 me,
384 4132 51 25 will
459 4133 27 23 be
497 4139 82 17 rewar-

51 4172 54 28 ded,
238 4181 5 3 -

183 4203 29 24 A.
231 4198 204 28 VALLANCE,.
465 4219 3 2 .

282 4231 140 30 Wobdaide,

364 4266 69 24 West
450 4264 108 28 Oxford..

73 4401 257 48 WALTER
390 4401 178 46 RYDE.

158 4494 116 23 TIMBER
299 4494 183 24 MERCHANT.,
506 4494 5 5 '

133 4539 117 29 WEST
322 4537 183 31 OXFORD.

80 3443 53 24 The
142 3442 120 24 initiative
270 3441 48 23 and
325 3440 161 26 referendum,
494 3437 83 26 which

50 3491 37 17 arc
97 3482 34 24 all
140 3483 68 30 parts
221 3481 24 23 of
262 3480 42 24 the
316 3480 130 26 socialistic
465 3478 112 33 platform

50 3523 47 24 and
106 3530 56 23 very
174 3529 59 17 near
245 3520 225 31 accomplishment,
488 3518 50 25 will
550 3518 27 24 be

50 3563 75 30 ample
137 3560 141 31 safeguards
298 3559 95 31 against
410 3567 48 22 any
477 3565 100 24 govern-

50 3600 93 24 mental
155 3601 106 28 tyranny
283 3605 28 16 or
322 3598 92 23 misuse
426 3597 26 24 of
461 3604 81 23 power
553 3596 24 23 in

50 3638 40 25 the
106 3638 89 23 future.
197 3650 32 4 —
230 3636 124 24 Forward.

83 3692 20 24 A
116 3691 49 24 Bill
177 3689 96 31 dealing
285 3688 75 31 solely
372 3688 58 24 with
442 3688 42 24 the
497 3688 80 24 Refer-

50 3733 87 25 endum
152 3732 20 23 is
192 3730 117 32 promised
323 3729 86 31 during
429 3728 42 25 the
482 3730 95 30 present

50 3772 94 26 session
156 3771 32 31 by
200 3770 106 24 Premier
314 3768 70 28 Reid,
395 3768 26 24 of
428 3768 59 24 New
501 3768 76 25 South

50 3813 91 21 Wales.
143 3826 31 3 —
176 3810 124 24 Fonvard.

41 208 50 23 tors
102 208 26 23 at
142 208 149 24 Fendalton.
329 208 74 25 Some
415 216 48 18 one
473 211 104 30 painted

41 244 38 25 his
90 246 54 31 trap
156 246 60 23 with
228 246 60 24 lime
296 246 78 31 wash,
393 247 63 25 stole
470 256 15 17 a
492 248 84 34 buggy

41 284 65 32 whip
118 286 50 23 and
179 286 75 31 lamp,
274 287 50 23 and
336 287 51 25 also
399 287 60 25 lime
476 290 81 24 washe
574 290 5 24 6

41 326 48 23 and
102 326 101 30 painted
215 326 38 24 his
270 326 73 25 horse
354 327 62 25 with
435 330 45 22 tar.

153 418 147 14 ##*
319 419 14 13 *
419 420 14 13 #
453 421 14 13 *

170 437 14 13 #
303 437 14 14 #
436 439 14 12 *

76 471 51 26 She
138 480 4 16 :
221 472 102 26 wonder
343 473 56 30 why
422 473 59 33 they
510 475 69 32 hung

42 515 57 24 that
393 525 29 21 ps
435 518 57 30 they
509 518 70 25 could

41 560 30 22 nt
80 558 72 24 catch
165 558 42 24 the

255 613 13 14 *
304 613 14 14 *
360 613 14 14 *

76 656 75 25 Cable
170 656 138 25 headlines
320 656 61 25 from
391 665 15 15 a
426 657 60 25 New
501 658 78 25 South

43 699 86 25 Wales
149 707 154 24 newspaper:
306 714 31 5 —
487 701 25 25 of
536 701 43 25 Ar-

312 744 109 25 Fenians
433 744 144 32 Slaughter-

44 788 45 31 ing
100 788 42 24 the
398 788 26 25 of
434 788 93 32 Tynan
540 789 29 25 th
578 798 1 16 (

155 883 13 13 «
265 883 14 14 *
365 884 14 13 *
476 884 13 13 #

80 923 41 24 Mr
132 923 38 24 W.
187 923 40 25 W.
242 923 99 25 Tanner
354 925 26 23 at
393 923 172 32 Phillipstown
578 934 2 17 ;

47 977 32 4 —
103 964 38 23 tie
152 964 108 23 believed
271 964 55 23 that
346 964 69 23 there
428 971 47 16 was
496 971 15 16 a
523 971 56 23 gen-

47 1002 49 25 eral
115 1011 41 23 cry
168 1003 75 31 going
258 1011 34 23 up
311 1002 38 25 for
360 1003 42 24 the
414 1002 120 25 abolition
562 1003 17 24 oi

49 1042 43 25 the
104 1042 83 33 Upper
198 1042 92 25 House.
326 1042 53 25 The
391 1044 120 23 members
523 1042 28 26 of
559 1042 20 25 it

48 1084 90 31 during
162 1084 41 24 the
242 1086 56 29 past
331 1084 64 31 forty
424 1092 72 23 years
532 1084 47 24 had

49 1122 170 32 appropriated
264 1126 25 20 to
334 1122 148 28 themselves
544 1123 35 24 the

47 1161 52 24 best
119 1161 70 24 lands
212 1161 26 23 of
256 1161 43 24 the
309 1161 94 31 colony,
439 1161 50 24 and
534 1160 45 24 had

49 1202 36 22 set
97 1208 32 22 up
137 1199 54 24 that
203 1199 66 24 bank
287 1199 81 24 which
380 1199 43 24 the
436 1200 89 30 colony
533 1199 46 24 had

49 1246 69 17 come
130 1239 24 23 to
166 1237 43 25 the
220 1245 85 17 rescue

142 1295 14 14 #
225 1295 13 13 #
307 1293 15 14 #
390 1294 13 14 #
471 1294 14 13 *

83 1337 40 25 Mr
136 1337 24 24 J.
174 1336 31 26 G.
229 1336 107 30 Wilson,
356 1344 55 17 now
431 1336 54 25 that
508 1335 31 25 he
562 1335 17 24 is

50 1382 102 31 retiring
162 1382 66 23 from
240 1381 43 24 the
294 1382 92 26 House,
405 1380 81 24 where
495 1379 32 24 he
539 1380 40 23 has

50 1424 62 25 been
123 1432 16 16 a
148 1425 135 24 consistent
296 1423 184 32 Oppositionist,
491 1423 88 24 admits

50 1467 56 25 that
116 1468 33 25 he
172 1467 22 26 is
213 1475 32 17 an
266 1467 106 25 admirer
389 1467 27 24 of
431 1467 40 24 Mr
483 1466 96 25 Seddon

50 1511 63 24 after
124 1511 42 24 all.
218 1512 33 23 At
263 1511 140 23 Manawatu
416 1509 68 25 show
496 1509 83 24 dinner

50 1554 32 24 he
104 1554 75 31 spake
191 1554 26 24 of
238 1554 40 24 Mr
290 1553 96 25 Seddon
409 1561 26 16 as
501 1552 78 24 leader

50 1597 82 25 whose
155 1597 113 31 strength
290 1597 26 24 of
331 1596 47 24 will
400 1596 49 24 and
468 1595 111 25 achieve-

49 1644 82 21 ments
143 1648 57 17 were
383 1654 33 3 —

85 1782 61 33 Says
169 1791 15 16 a
205 1782 122 26 Southern
350 1781 124 32 exchange
485 1789 5 15 :

50 1824 119 31 principle
195 1823 26 24 of
247 1822 87 31 taxing
355 1822 41 24 the
419 1820 160 32 unimproved

49 1863 73 23 value
133 1862 26 24 of
168 1861 60 25 land
236 1862 21 23 is
266 1861 99 31 gaining
372 1860 92 31 ground
474 1858 104 32 rapidly.

49 1902 25 25 It
85 1903 21 24 is
118 1902 129 32 spreading
258 1902 27 23 in
296 1909 13 15 a
328 1909 53 24 way
393 1900 56 24 that
460 1900 46 24 few
523 1907 56 24 peo-

49 1942 40 31 ple
111 1942 96 24 realise.
264 1941 79 25 These
365 1940 107 25 colonies
492 1940 26 24 of
538 1940 41 24 the

49 1981 100 24 Austral
165 1988 52 16 seas
229 1988 37 16 we
276 1979 63 24 have
356 1987 28 16 as
395 1980 42 30 yet
456 1979 63 24 been
537 1986 41 23 ap-

47 2018 121 33 proached
179 2018 31 32 by
222 2018 43 25 the
276 2025 53 17 new
341 2017 54 24 idea
405 2017 56 24 that
478 2018 26 23 at
513 2024 64 24 pres-

49 2064 41 18 ent
102 2057 48 24 fills
162 2057 43 24 the
217 2057 43 24 air.
294 2056 52 24 But
357 2056 69 24 there
438 2056 20 23 it
470 2055 31 24 is.
527 2055 52 24 The

46 2105 72 25 germ
129 2098 45 24 has
186 2098 58 24 been
267 2104 75 20 sown,
371 2095 50 25 and
443 2095 43 26 the
508 2095 71 33 plant

49 2138 48 25 will
109 2138 80 25 thrive
202 2138 46 24 and

78 2283 22 23 A
111 2281 92 25 certain
215 2288 67 22 man,
305 2288 55 24 says
379 2280 43 24 the
447 2280 131 31 Spectator

47 2325 96 26 arrived
155 2326 26 24 at
203 2324 192 32 Johannesburg
405 2323 28 25 in
455 2322 43 26 the
510 2323 67 27 early

45 2370 60 31 days
117 2370 27 24 of
154 2370 40 23 the
214 2368 176 31 mining-boom
403 2366 62 26 with
487 2375 34 16 no
538 2374 38 17 as-

44 2417 50 22 set?
106 2422 56 16 save
174 2421 14 17 a
200 2413 38 25 tin
256 2411 27 27 of
292 2411 139 26 condensed
452 2410 65 26 milk
528 2410 49 24 and

43 2458 50 24 and
104 2465 15 17 a
130 2457 96 25 needle.
251 2457 39 24 He
302 2456 88 32 spread
402 2464 14 16 a
428 2457 80 29 report
520 2454 56 25 that

43 2500 133 32 small-pox
187 2508 48 16 was
247 2508 32 16 on
302 2500 33 24 its
346 2507 52 23 way
410 2498 110 32 through
532 2498 43 25 the

42 2546 113 29 country,
174 2551 59 24 gave
255 2545 44 23 out
320 2543 33 24 he
364 2550 49 16 was
437 2551 13 14 a
463 2549 111 24 surgeon,

43 2589 50 25 and
104 2586 143 27 vaccinated
257 2588 42 24 the
322 2587 79 25 whole
413 2586 161 32 community,

42 2633 62 25 with
115 2633 38 24 his
166 2632 84 25 needle
262 2632 50 24 and
323 2631 138 25 condensed
472 2630 68 30 milk,
551 2634 25 21 at

43 2678 45 23 five
111 2676 113 31 shillings
247 2683 43 24 per
315 2675 134 31 operation.
495 2674 81 25 When

41 2720 49 25 last
101 2721 77 23 heard
186 2719 26 25 of
222 2719 31 24 he
263 2726 50 18 was
325 2726 14 17 a
351 2718 108 31 wealthy
471 2718 104 31 capital-

42 2764 41 25 ist.

75 2942 52 24 The
150 2940 84 32 people
247 2939 26 24 of
283 2939 49 25 this
351 2937 93 33 Colony
464 2939 46 30 put
523 2937 54 24 into

42 2986 42 25 the
112 2986 60 24 Post
196 2984 75 25 Office
295 2983 106 31 Savings
430 2982 73 24 Bank
525 2982 52 24 last

42 3031 100 31 quarter
154 3029 109 28 £90,029
286 3034 69 18 more
367 3026 62 25 than
440 3026 61 32 they
512 3026 65 24 drew

43 3076 51 23 out.
130 3073 61 24 This
208 3073 21 24 is
249 3073 114 28 £16,000
383 3071 50 24 less
452 3069 63 24 than
535 3068 43 25 the

44 3120 99 29 savings
155 3118 26 23 of
191 3117 43 24 the
246 3124 69 16 same
336 3116 99 30 quarter
451 3114 50 25 last
512 3121 65 23 year.

45 3163 64 23 8279
130 3169 54 17 new
196 3161 118 24 accounts
334 3166 62 17 were
409 3157 102 31 opened,
530 3156 49 24 and

45 3207 63 23 5095
122 3205 80 24 closed
205 3219 31 3 —
238 3212 31 15 an
282 3203 108 24 increase
402 3201 29 25 of
446 3201 65 23 2681
524 3208 55 16 cus-

45 3252 101 24 tomers,
164 3248 67 24 what
242 3247 59 24 does
324 3246 40 24 Mr
385 3245 82 24 Moore
493 3252 43 23 say
553 3245 26 23 to

45 3292 56 20 that
111 3294 11 18 ?
