4140 5940
108 188 83 25 tastes
204 184 74 29 wbat
290 189 56 25 sort
365 184 30 29 of
405 194 33 20 an
453 185 102 29 animal
577 185 33 29 lie
623 185 67 31 likes
712 191 26 25 to

108 220 76 37 keep.
240 222 131 27 Butchfis
402 224 53 26 and
485 224 110 28 drovers
631 225 108 34 usually

108 258 68 30 have
221 259 82 29 horde
318 261 28 27 of
365 260 137 37 mongrels
522 266 28 23 at
562 261 71 30 tlioir
656 262 81 34 heels,

107 299 114 35 varying
236 299 28 27 in
278 299 89 33 breed,
382 300 143 36 according
540 306 26 24 to
581 310 71 20 cross
666 303 68 28 from

109 346 15 17 a
145 336 109 28 kitchen
286 346 26 19 in
316 347 34 27 op
381 344 27 21 to
439 348 15 17 a
485 343 94 31 quaff/,
611 340 127 32 crushing

106 374 122 37 hattery;
256 379 52 25 mil
330 376 63 36 they
419 376 80 29 claim
525 377 59 28 that
610 388 29 17 a;
664 379 45 28 the
725 388 13 19 e

107 412 67 36 dogs
188 423 44 18 are
245 413 193 37 indispeiusible
452 418 26 24 to
492 415 85 32 them,
593 421 25 22 to
643 416 94 28 enable

106 450 75 29 them
197 454 27 25 to
247 461 76 28 carry
346 462 33 18 on
402 452 69 28 their
493 452 84 35 trade,
592 454 59 28 that
675 454 63 37 they

109 490 94 29 should
219 490 31 29 he
263 491 64 28 free.
374 491 118 36 I'crimps
514 492 65 37 they
598 503 45 18 are
665 493 72 34 right

104 531 26 24 to
145 538 15 17 a
175 531 101 25 certain
290 532 100 25 extent.
428 531 107 31 Other-;,
556 531 61 28 who
632 532 100 33 delight

104 567 28 28 in
148 566 63 30 deer
233 567 127 34 stalking,
381 571 41 26 rit
447 568 125 36 citc'iing
593 569 54 30 and
670 571 64 29 such

107 606 53 27 like
191 607 94 35 manly
317 607 157 32 diversions,
501 608 80 29 claim
616 610 57 28 that
701 611 35 26 all

107 645 122 37 .sporting
260 645 65 35 dogs
357 645 96 30 should
487 646 32 30 bo
555 647 62 29 free.
666 648 71 29 That

107 685 148 28 sentiment
295 686 14 27 I
352 686 76 28 don't
466 686 90 29 chime
595 688 27 27 in
660 689 76 28 with.

108 722 78 29 Since
199 723 23 27 if
232 733 16 17 a
261 724 74 28 swell
348 733 49 19 can
421 724 85 28 afford
528 725 46 28 the
595 727 66 27 time
684 727 50 26 and

107 770 114 27 expense
235 762 31 28 of
280 772 16 18 a
309 762 78 37 day's'
407 762 127 35 shooting
552 764 34 29 he
606 765 86 35 ought
710 771 27 22 to

106 798 32 29 be
152 800 58 28 able
226 803 24 26 to
264 810 53 27 pay
330 802 46 27 the
397 802 170 35 registration
588 803 40 27 fee
642 813 33 18 on
690 804 46 27 the

106 846 143 29 necessary
274 839 55 28 bull
357 848 64 28 pup.
467 839 56 29 But
547 841 42 28 Mr
613 842 123 28 O'Conor

107 887 74 18 soars
194 877 84 29 above
291 878 37 28 all
347 877 75 30 these
436 878 179 30 distinctions.
653 880 79 28 From

106 915 46 28 the
167 915 142 37 persistent
323 917 69 35 style
406 917 26 26 in
447 918 87 27 which
550 918 33 28 he
597 919 83 34 urged
693 919 42 28 his

108 953 134 37 opinions,
255 955 53 28 and
322 955 45 28 the
388 955 167 29 determined
577 966 117 19 maimer
706 958 28 27 in

108 992 90 28 which
213 993 33 28 he
259 993 106 28 divided
380 994 46 27 the
441 994 102 33 House,
553 995 14 26 I
581 995 68 27 have
659 1004 75 18 come

104 1034 32 26 to
157 1031 46 29 the
224 1032 153 28 conclusion
400 1031 59 29 that
476 1031 35 29 he
531 1032 23 28 is
579 1033 45 28 the
644 1032 90 39 happy

108 1079 136 26 possessor
257 1070 29 28 of
296 1075 53 23 two
362 1070 65 35 dogs
439 1079 6 19 :
464 1080 51 19 one
529 1081 15 18 a
557 1072 110 33 mastiff,
682 1073 52 27 and

108 1107 46 28 the
165 1107 77 29 other
255 1117 15 19 a
283 1108 96 28 Prince
391 1108 119 28 Charles'
522 1110 113 35 spaniel.
666 1110 51 27 Dur-

108 1145 48 37 ing
176 1145 45 29 the
244 1146 95 29 debate
361 1147 34 28 he
414 1147 132 36 proposed
568 1157 32 19 an
624 1149 91 27 amend-

109 1189 77 24 ment
199 1184 60 29 that
305 1185 84 28 house
411 1185 65 35 dogs
525 1185 98 29 should
647 1187 30 27 be
692 1196 28 18 ex-

108 1228 85 32 empt.
230 1223 57 29 The
301 1223 177 29 amendment
490 1234 56 19 was
558 1225 60 28 lost.
656 1226 30 27 If
701 1226 33 28 he

109 1261 54 28 had
176 1262 131 36 proposed
322 1261 62 38 they
397 1261 33 28 be
443 1262 142 36 destroyed
598 1263 35 28 he
645 1265 89 26 would

108 1300 69 28 have
191 1300 53 28 had
257 1310 47 26 my
316 1300 155 38 sympathy.
509 1301 14 28 I
534 1303 172 27 interviewed
720 1313 15 18 a

106 1337 113 28 *'house
354 1347 50 19 one
429 1339 78 35 night
534 1339 44 37 (by
603 1340 129 36 accident)

108 1375 53 29 and
177 1376 47 28 left
237 1376 45 29 the
296 1376 160 30 foundation
469 1376 29 30 of
513 1387 51 19 one
577 1378 30 29 of
616 1387 48 29 my
677 1388 43 26 gar-

108 1418 91 25 ments
221 1415 28 29 in
272 1415 41 29 his
334 1416 161 37 possession.
532 1417 146 34 However,
692 1418 43 28 Mr

108 1453 126 28 O'Conor
246 1458 64 24 next
322 1454 108 28 divided
449 1454 46 28 the
517 1455 93 28 House
633 1466 35 17 on
689 1457 47 27 the

108 1491 156 37 exemption
279 1493 30 27 of
352 1492 91 29 ladies'
458 1496 45 33 pet
630 1494 48 28 but
690 1495 46 28 the

109 1540 7 17 i
122 1530 88 29 erious
224 1531 94 35 falling
337 1531 38 28 off
391 1531 28 28 in
441 1531 46 29 the
508 1542 116 19 revenue
645 1534 91 28 would

108 1573 48 23 not
177 1568 78 28 allow
277 1569 46 28 the
345 1569 136 28 members
503 1575 26 23 to
551 1571 92 35 forego
668 1582 68 17 even

107 1605 62 29 that
189 1606 80 28 small
292 1606 157 29 concession
468 1611 28 23 to
529 1607 57 28 him
612 1609 54 28 and
690 1609 46 28 the

107 1643 94 34 ladies,
216 1644 52 28 and
287 1644 34 28 he
343 1645 172 37 indignantly
534 1647 135 28 informed
691 1648 45 27 the

107 1681 95 27 House
216 1682 59 27 that
294 1682 34 27 he
346 1682 68 35 fully
428 1684 126 34 expected
567 1684 65 35 they
645 1685 91 27 would

106 1717 87 31 inflict
205 1728 16 19 a
239 1722 46 26 tax
306 1728 35 21 on
363 1723 58 26 cats
442 1726 73 28 next,
537 1721 54 29 and
610 1721 65 29 thus
694 1722 27 29 in-

105 1757 149 35 gloriously
261 1758 59 28 liad
334 1762 27 24 to
374 1759 60 33 give
453 1759 39 26 in.
529 1761 63 26 And
605 1761 66 35 they
684 1762 52 26 call

104 1794 56 29 this
170 1794 174 37 Legislation.
381 1796 78 27 Bah!

263 1842 154 32 Financial
424 1846 151 34 prospects.

139 1889 218 38 Parliamentary
376 1891 107 29 labours
497 1893 70 28 have
589 1902 77 19 come
678 1895 28 26 to
720 1903 16 18 a

106 1928 79 33 close,
195 1928 54 28 and
261 1929 47 28 the
319 1929 102 28 session
433 1929 50 28 has
497 1930 54 27 had
565 1940 35 19 no
613 1931 103 28 remark-

106 1965 59 29 able
177 1967 117 27 features
307 1966 82 28 about
401 1966 31 34 it,
447 1967 106 35 beyond
567 1971 71 25 utter
644 1968 75 28 drear-

104 2004 83 29 iness.
236 2005 56 29 The
315 2004 80 30 latest
417 2015 118 19 revenue
558 2009 108 27 returns
690 2017 44 19 are

103 2044 58 36 just
173 2042 152 39 published,
339 2044 54 28 and
407 2044 113 29 disclose
534 2054 16 18 a
562 2045 99 28 woeful
671 2046 63 28 tale.

108 2082 34 28 In
155 2082 47 28 the
216 2086 52 24 two
282 2084 75 26 main
379 2083 81 28 items
473 2083 31 28 of
519 2093 128 23 revenue,
661 2084 57 28 Rail-

107 2130 75 28 ways
203 2121 54 28 and
277 2121 137 34 Customs,
427 2121 76 29 there
521 2123 23 27 is
565 2132 16 18 a
598 2114 90 37 deficit
708 2126 27 26 at

107 2161 47 28 the
164 2164 57 25 rate
235 2160 29 29 of
274 2160 81 29 about
369 2161 135 33 .IBO,OOO
516 2169 48 29 per
576 2171 105 19 annum
694 2170 41 20 :

107 2198 135 38 anything
263 2199 49 29 but
325 2208 16 20 a
354 2199 119 30 cheerful
492 2201 111 29 outlook
619 2202 43 28 for
681 2210 53 29 any

106 2238 146 27 Treasurer
264 2238 49 30 but
332 2239 44 27 Sir
387 2239 99 28 Julias.
531 2240 45 27 He
590 2244 27 23 ot
639 2249 93 19 course

106 2276 24 27 is
142 2278 48 25 not
200 2274 83 36 likely
297 2280 26 23 to
336 2275 33 29 be
381 2275 194 30 downhearted
588 2280 29 25 at
638 2277 66 28 such
718 2287 15 18 a

105 2312 80 35 trifle,
199 2312 89 30 whilst
301 2313 34 29 he
348 2313 49 29 has
410 2314 101 29 carried
534 2314 43 30 his
590 2315 78 29 Loan
681 2315 54 29 Bill

108 2352 41 28 for
174 2362 15 18 a
213 2352 107 28 million
344 2352 56 28 and
424 2363 16 18 a
463 2353 60 29 half
544 2354 119 36 through
688 2354 46 28 the

108 2390 104 28 House.
247 2390 16 28 I
281 2389 81 30 think
374 2399 49 20 our
435 2391 153 37 borrowing
610 2391 68 38 days
691 2402 44 18 are

108 2429 123 35 drawing
242 2432 28 25 to
281 2438 15 19 a
307 2429 79 31 close.
423 2429 139 38 Although
572 2431 106 29 Fronde
689 2431 46 28 the

107 2467 132 30 historian
259 2467 50 30 has
323 2467 54 30 had
399 2468 69 37 piles
482 2469 29 28 of
530 2469 80 29 abuse
631 2469 105 39 heaped

107 2516 75 28 upon
203 2507 57 29 him
276 2507 35 37 by
333 2507 46 30 the
398 2507 124 30 Colonial
543 2516 75 30 press
630 2509 43 29 for
693 2509 43 29 his

106 2546 125 34 opinions
250 2554 35 19 on
308 2546 67 27 New
396 2546 121 27 Zealand
539 2547 131 33 Finance,
683 2549 53 26 and

108 2582 132 36 although
264 2582 35 28 he
324 2591 59 21 saw
401 2582 93 35 things
518 2583 72 34 here,
604 2583 93 37 tinged
720 2593 17 19 a

109 2621 71 37 good
193 2620 61 30 deal
266 2620 68 30 with
347 2621 46 30 the
406 2621 114 39 opinons
536 2622 31 29 of
577 2623 44 28 Sir
633 2622 103 38 George

109 2661 82 34 Grey,
203 2662 46 33 yet
260 2669 51 19 one
323 2664 101 24 cannot
436 2661 62 36 help
511 2662 224 35 acknowledging

109 2697 61 29 that
182 2696 77 30 there
271 2706 56 19 was
341 2707 15 19 a
368 2697 70 36 good
451 2698 60 28 deal
524 2702 27 25 ot
562 2698 76 30 truth
650 2699 30 28 in
694 2699 42 29 his

108 2735 132 29 remarkg.
268 2735 195 38 Undoubtedly
482 2747 50 19 our
553 2737 118 29 burdens
691 2748 45 18 are

111 2773 111 30 heavier
240 2773 67 30 than
320 2784 40 19 we
372 2784 51 19 can
435 2775 73 35 bear,
521 2779 93 34 except
635 2775 38 38 by
690 2777 46 28 the

109 2812 143 39 expedient
264 2813 32 29 of
309 2814 103 37 paying
431 2815 113 30 interest
557 2818 50 27 out
616 2815 29 30 of
663 2815 71 30 loan.

109 2852 62 28 And
188 2852 47 29 the
254 2861 90 27 agony
361 2852 23 29 is
402 2853 84 37 likely
503 2859 29 23 to
552 2853 33 30 be
607 2855 71 35 piled
701 2864 34 19 on

106 2898 77 18 more
196 2890 54 26 and
398 2894 92 24 recent
503 2892 181 33 speculations
704 2893 30 25 in

108 2925 116 30 District
248 2925 147 39 Railways,
416 2926 89 30 which
529 2928 56 30 will
608 2932 49 25 not
683 2937 53 29 pay

108 2965 121 36 running
249 2975 130 26 expenses
398 2965 28 29 in
449 2966 77 30 those
546 2970 76 34 parts
644 2968 29 28 of
690 2968 46 28 the

109 3003 105 36 Colony
232 3003 89 28 where
334 3003 48 28 the
394 3003 102 29 rabbits
516 3005 69 28 have
607 3006 127 27 assumed

106 3039 163 39 possession.
313 3041 114 37 Making
447 3042 53 30 due
513 3043 162 29 allowances
695 3045 41 28 for

107 3079 156 37 depression
275 3080 151 36 prevailing
438 3081 37 28 all
496 3090 65 20 over
581 3082 47 29 the
641 3083 93 34 world,

106 3118 15 30 I
136 3117 79 32 think
227 3128 41 21 we
281 3128 51 21 can
353 3119 77 39 pride
442 3121 137 30 ourselves
601 3131 36 20 on
656 3121 80 38 being

104 3159 30 26 in
151 3157 84 28 about
254 3158 48 28 the
323 3162 83 25 worst
424 3159 39 27 fix
486 3160 27 27 of
536 3169 55 26 any
611 3165 123 31 country.

102 3194 60 30 The
323 3195 54 29 and
569 3197 90 29 which
692 3199 43 28 Sir

105 3233 92 29 Julius
217 3233 164 37 prophesied
400 3233 75 30 three
487 3243 79 28 years
585 3245 50 26 ago
649 3239 28 25 to
698 3246 36 19 an

104 3271 180 37 appreciative
297 3271 131 30 audience
442 3275 29 26 at
482 3273 167 35 Ashburton,
663 3273 69 30 have

97 3320 82 19 <jome
199 3310 45 34 off,
257 3309 48 30 but
327 3310 68 36 they
416 3310 71 30 have
506 3311 68 29 been
591 3322 17 19 a
627 3318 57 23 sort
704 3314 31 28 of
740 3300 1 53 J

101 3347 69 28 back
182 3349 229 27 summer-saults.
456 3349 59 28 One
527 3350 62 28 does
607 3354 49 25 not
677 3352 54 27 like

102 3389 31 26 to
144 3395 62 30 pose
216 3395 30 20 as
256 3396 16 19 a
282 3386 112 38 Jemmy
403 3386 118 36 Dismal,
531 3387 48 30 but
592 3389 90 30 uuless
696 3400 35 19 an

104 3425 138 30 extensive
263 3435 60 20 new
344 3427 67 37 gold
430 3427 66 28 field
516 3427 96 30 breaks
633 3432 56 31 out,
703 3440 30 18 or

104 3464 71 28 wool
200 3464 97 28 trebles
321 3465 30 27 in
374 3466 83 35 price,
483 3476 30 17 or
539 3466 44 29 the
608 3467 126 28 Midland

102 3502 124 37 Railway
234 3511 97 29 proves
341 3503 110 30 abetter
463 3503 79 37 thing
551 3505 66 29 than
630 3506 22 28 it
657 3506 77 29 looks

102 3541 57 36 just
170 3550 72 25 now,
255 3540 76 28 there
343 3542 57 28 will
421 3542 31 28 be
466 3551 16 19 a
495 3552 66 26 very
574 3544 65 36 ugly
659 3544 75 28 word

104 3582 77 26 enter
193 3578 59 30 into
271 3579 221 38 Parliamentary
511 3580 110 30 debates
644 3582 90 30 before

104 3617 292 36 longRepudiation,
410 3619 88 27 either
522 3619 60 28 that
607 3629 30 18 or
660 3621 75 27 what

106 3654 92 29 would
221 3654 32 29 be
275 3654 95 36 better,
393 3655 46 29 the
461 3655 160 30 foreclosure
644 3657 31 30 of
696 3658 36 29 all

104 3697 165 33 mortgages,
281 3693 90 37 public
384 3694 54 28 and
451 3696 104 34 private
567 3695 30 28 in
615 3696 47 29 the
675 3697 45 28 Col-

106 3741 64 28 ony,
183 3731 56 29 and
250 3731 47 29 the
311 3732 100 28 advent
423 3731 31 30 of
466 3732 46 29 the
525 3734 104 28 British
650 3734 68 29 bond-

106 3768 108 30 holders
226 3774 28 24 to
264 3769 86 29 reside
364 3779 35 18 on
412 3770 71 28 their
495 3771 122 29 Colonial
628 3777 108 28 estates,

107 3807 56 29 and
174 3807 57 29 ride
245 3807 29 28 in
294 3807 70 28 their
380 3807 199 39 bones-haking
599 3810 137 37 railways,

108 3845 55 29 and
176 3845 48 29 the
235 3838 130 44 privilege
379 3845 30 29 of
417 3847 103 36 paying
529 3848 71 28 their
610 3853 126 32 property

108 3886 47 26 tax
167 3887 166 25 assessment
344 3887 28 25 to
384 3883 174 30 themselves.
594 3886 68 29 New
672 3887 48 28 Zea-

107 3920 67 30 land
192 3920 91 30 would
300 3921 67 29 then
385 3925 45 33 get
448 3931 16 20 a
482 3922 52 29 fair
554 3926 69 27 start
641 3925 29 28 in
691 3925 46 28 the

106 3968 61 21 race
180 3959 30 29 of
219 3958 118 30 nations.

315 4007 39 29 To
368 4007 45 29 the
424 4007 107 38 public.

137 4055 26 29 A
181 4057 76 35 great
279 4055 159 38 proportion
460 4057 32 29 of
511 4067 48 27 my
580 4067 141 29 correspon-

104 4092 84 30 dence
201 4094 25 28 is
236 4094 29 28 in
277 4094 48 28 the
338 4094 139 36 following
490 4096 70 35 style
572 4103 43 20 :

277 4139 164 39 Coalopolis,
451 4142 67 37 July
532 4143 74 34 15th,
621 4144 76 29 1886.

167 4188 82 27 Dear
261 4188 271 38 KoeariHearing
544 4191 60 28 that
620 4200 55 28 you
689 4200 45 19 are

101 4236 22 19 a
144 4226 212 37 correspondent
376 4227 29 28 of
424 4228 47 28 the
492 4229 95 28 Lyell
609 4229 98 33 Times,
722 4230 15 28 I

102 4263 98 29 -would
221 4264 52 28 feel
292 4264 106 36 obliged
412 4266 23 27 if
454 4275 55 26 you
521 4266 89 28 would
631 4271 108 31 request

108 4301 48 29 the
168 4302 150 37 proprietor
330 4304 29 26 to
379 4306 50 33 put
441 4311 51 21 our
510 4304 69 29 local
601 4304 137 30 Scientific

108 4340 55 28 and
177 4340 124 37 Literary
318 4339 160 32 Institution
492 4351 36 19 on
541 4342 47 30 the
609 4343 54 29 free
683 4344 54 34 list,

109 4388 30 19 as
151 4378 77 29 there
240 4389 45 18 are
299 4389 16 19 a
325 4383 75 34 great
410 4381 117 28 number
536 4382 29 28 of
574 4382 165 29 subscribers

110 4416 63 28 who
186 4418 151 35 appreciate
349 4419 47 28 the
405 4427 92 27 paper,

402 4455 52 32 Sir,

338 4494 26 16 '"
374 4496 87 27 Yours
470 4496 183 37 respectfully,

405 4533 115 28 Thomas
534 4534 135 34 Gubbins,

447 4571 57 30 Sec.
519 4571 60 30 C.S.
590 4572 54 30 and

108 4616 63 28 Just
190 4626 29 18 so
228 4617 7 28 1
271 4617 77 32 Now,
362 4619 68 27 with
452 4628 16 18 a
482 4619 120 28 humane
622 4620 68 27 wish
710 4624 27 25 to

107 4663 64 20 save
184 4654 79 30 other
283 4655 152 31 Gubbinses
447 4656 69 29 from
529 4656 116 39 wasting
666 4657 73 30 their

109 4694 75 33 time,
198 4694 158 36 stationery,
370 4696 54 27 and
437 4699 104 31 stamps
553 4697 29 26 in
595 4698 109 34 appeals
713 4698 28 26 of

107 4729 55 30 this
182 4735 63 30 sort,
260 4731 15 28 I
295 4732 68 28 wish
386 4736 28 24 to
433 4736 70 24 state
524 4732 62 29 that
605 4734 47 28 the
677 4743 45 28 pro-

106 4769 101 37 prietor
215 4770 28 30 of
250 4770 56 31 this
311 4771 110 37 journal
430 4781 66 19 runs
505 4772 22 28 it
538 4772 41 29 for
588 4782 15 19 a
611 4782 126 28 purpose,

106 4808 56 27 and
174 4808 61 29 that
246 4817 116 28 purpose
374 4818 66 27 may
453 4819 102 26 appear
567 4814 28 24 to
607 4812 130 27 scientific

106 4845 56 30 and
176 4845 110 39 literary
310 4847 169 31 institutions
501 4852 27 26 to
548 4847 33 31 be
594 4857 16 20 a
631 4857 105 22 narrow

104 4884 112 30 minded
229 4884 90 31 and

104 4923 112 37 solitary
229 4923 61 30 idea
303 4924 46 29 the
362 4934 65 19 man
440 4925 57 29 has.
535 4925 28 29 It
574 4926 24 28 is
610 4931 28 24 to
652 4927 80 28 make

101 4972 19 19 a
132 4962 84 38 living
228 4963 41 29 for
281 4962 119 36 himself,
414 4965 54 29 and
480 4975 30 19 as
522 4965 82 29 much
619 4975 75 19 more
706 4976 30 19 as

104 5000 35 28 he
157 5011 59 17 can.
253 5002 15 27 I
290 5003 69 27 have
379 5012 35 18 no
435 5004 85 27 doubt
541 5005 28 26 in
591 5013 48 27 my
659 5004 77 28 mind

107 5038 49 31 lut
177 5038 62 32 that
259 5049 40 21 we
313 5041 78 29 could
405 5041 99 30 extend
517 5051 48 20 our
578 5041 158 30 circulation

102 5078 173 37 indefinitely
288 5080 34 35 by
336 5082 139 26 continual
494 5082 135 28 additions
641 5086 29 23 to
689 5082 46 28 the

106 5117 54 27 tree
179 5115 54 29 list.
278 5117 56 28 But
355 5118 21 28 it
395 5119 90 27 would
505 5118 32 29 be
558 5128 30 19 as
612 5119 59 28 well
696 5120 41 28 for

106 5154 76 29 those
203 5155 99 36 parties
324 5156 60 28 who
405 5166 44 19 are
470 5157 128 36 thirsting
620 5158 41 28 for
681 5158 53 28 free

105 5191 139 30 literature
257 5197 28 25 to
298 5194 123 29 consider
434 5195 45 28 the
496 5195 55 29 fact
563 5195 61 29 that
642 5205 92 28 paper,

105 5230 57 37 ink,
185 5231 54 30 and
263 5235 64 36 type
351 5236 58 27 cost
429 5242 116 29 money;
565 5234 60 29 that
645 5244 91 28 wages

104 5270 70 28 have
188 5275 26 23 to
227 5271 32 27 be
274 5272 70 34 paid,
359 5271 53 28 and
435 5272 59 28 that
508 5273 45 28 the
574 5275 157 33 proprietor,

107 5310 29 24 at
147 5317 36 18 no
196 5308 104 28 distant
318 5308 72 33 date,
403 5310 201 36 contemplates'
613 5310 94 36 taking
720 5320 14 18 a

106 5349 53 34 trip
171 5346 167 35 throughout
350 5347 47 29 the
410 5347 105 29 district
526 5348 65 29 with
603 5358 15 19 a
628 5348 69 29 view
708 5349 29 29 of

104 5385 143 38 collecting
270 5390 137 29 accounts,
421 5386 55 29 and
497 5386 60 29 that
579 5387 156 29 Newman's

105 5424 112 29 coaches
244 5425 34 29 do
303 5431 48 23 not
379 5425 76 37 place
483 5435 68 19 even
577 5435 159 28 newspaper

104 5463 162 36 proprietors
280 5473 34 19 on
328 5463 71 29 their
407 5465 56 27 free
473 5465 54 27 list.
563 5465 36 28 At
610 5465 35 28 all
656 5469 79 24 times

104 5510 40 19 we
158 5511 44 18 are
223 5501 105 36 willing
346 5506 28 25 to
387 5501 87 38 oblige
496 5503 46 28 the
555 5503 90 36 public
670 5504 36 35 (in
720 5513 15 18 a

106 5539 122 30 business
325 5541 54 28 and
399 5545 27 25 to
440 5551 113 20 succour
574 5541 45 30 the
639 5542 95 36 needy,

108 5579 65 36 (also
186 5580 66 27 with
266 5590 35 17 an
315 5590 48 26 eye
379 5585 26 24 to
419 5581 131 29 business)
562 5581 48 28 but
620 5586 27 23 to
657 5580 77 29 those

103 5617 63 27 who
181 5618 62 33 long
256 5619 40 25 for
308 5618 45 27 the
376 5619 47 27 wit
435 5619 54 26 and
511 5618 112 28 wisdom
638 5619 30 27 of
688 5618 46 28 the

82 5678 6 6 .
102 5655 96 29 Lyell
217 5656 99 32 Times,
337 5665 49 20 our
405 5660 84 25 terms
514 5666 44 18 are
582 5657 36 29 1
639 5649 97 44 6s!'per

104 5703 102 19 annum
228 5695 62 36 paid
313 5695 153 35 invariably
485 5696 28 26 in
537 5696 120 27 advance
680 5695 54 27 and

102 5741 36 20 no
150 5733 135 29 discount.
322 5733 66 29 Post
400 5733 83 29 Office
497 5733 92 29 orders
602 5733 82 29 taken
697 5742 29 18 as

101 5771 75 33 cash,
200 5772 54 28 and
280 5772 32 28 B.
335 5773 33 27 N.
383 5773 29 27 Z.
435 5776 78 25 notes
540 5776 48 24 not
617 5771 116 29 refused.

104 5809 77 32 Verb.
201 5811 65 36 Sap.
580 5810 118 30 Koeari.

1244 51 116 40 THE
1416 51 184 41 LYELL
1653 54 184 49 TIMES,
1892 59 305 49 SATURDAY,
2251 63 226 42 AUGUST
2533 77 57 39 14,
2653 68 100 38 1886.

3406 5705 114 33 Pointed
3533 5706 55 28 and
3600 5706 147 36 published
3765 5707 38 36 by
3818 5707 48 29 the
3879 5707 167 37 proprietor,

3558 5744 96 33 Atkin,
3667 5748 30 25 at
3708 5745 50 28 the
3772 5745 165 33 Registered
3959 5747 86 28 Office

3439 5788 27 22 ot
3472 5782 47 29 the
3773 5783 66 29 Cliff
3846 5785 100 32 Street,
3952 5784 93 38 Lyell,

3439 5822 112 36 County
3565 5823 29 27 of
3603 5822 105 33 liuller,
3718 5822 108 37 Colony
3839 5822 32 29 of
3879 5823 67 28 N.Z.

839 177 172 41 Westport
1027 176 300 34 Advertisements.

794 347 280 33 EONMONGEES
1110 350 21 29 &
1165 348 97 32 lEON
1297 348 75 31 MEE-

1000 392 169 33 CIIANTS.

764 474 93 37 Every
876 474 175 37 Description
1066 476 34 39 of
1117 475 90 29 Mines
1230 475 89 29 Goods
1342 475 57 28 and

931 515 94 26 House
1038 515 199 35 Furnishings.

834 590 70 31 t3~
923 592 244 34 EXPLOSIVES,
1198 593 54 34 &c,
1284 593 44 29 &3.

933 669 102 33 LOW
1059 670 169 33 PRICES.

764 757 97 29 Orders
875 758 141 37 Promptly
1030 758 54 29 and
1098 759 136 37 Carefully
1248 759 148 29 Executed.

829 857 195 37 THOMAS
1046 858 141 38 FIELD
1211 859 26 37 &
1262 858 72 47 CO.,

764 915 246 29 PALI>ITCttSTO.\
1011 915 3 33 T
1030 917 152 31 STItEET,
1195 917 201 29 WESTPORT

802 999 38 36 F.
855 998 55 37 W,
926 998 259 37 HAGEBORN
1208 1001 26 36 &
1258 1000 99 37 CO.'S

765 1054 253 34 nUENITUEE
1054 1056 261 34 WAEEHOUSE
1338 1056 59 33 will

764 1091 28 45 J;
834 1100 33 31 be
879 1100 90 31 found
980 1100 109 39 repbte
1101 1101 32 30 in
1145 1101 39 30 all
1193 1101 37 30 its
1243 1101 152 31 brandies.

881 1216 44 28 All
938 1215 46 30 tlie
1000 1215 79 29 latest
1100 1216 130 29 novelties
1249 1216 28 28 in

762 1268 193 38 Furniture,
981 1266 106 40 Sofas,
1109 1268 131 39 Chairs,
1265 1266 131 42 Tables,

811 1312 194 40 Chiffonier,
1025 1312 154 39 Looking
1202 1313 148 39 Glasses,

900 1365 69 30 and
987 1364 271 33 Chamberware.

764 1442 170 35 Up-country
947 1440 92 28 orders
1055 1441 140 36 promptly
1216 1439 128 30 attended
1361 1442 35 26 to.

763 1487 98 29 Orders
874 1487 48 30 left
943 1491 30 26 at
990 1489 48 28 the
1049 1488 77 29 office
1140 1489 29 28 of
1180 1489 54 27 this
1246 1496 85 29 paper
1342 1487 55 28 will

946 1528 104 34 receiye
1070 1528 143 29 attention.

803 1602 214 38 Palmerston
1040 1604 120 44 Street,
1174 1603 185 45 Westport.

849 1689 174 49 George
1055 1689 262 48 Ferguson's

823 1769 227 27 AILOEING

1175 1768 222 31 MPORIUM,

814 1844 194 31 Palmerston
1030 1844 124 37 Street,
1176 1844 173 37 Westport,

832 1907 128 36 Opposite
974 1907 125 36 Hughes'
1109 1907 114 36 Empire
1236 1907 93 28 Hotel.

763 2018 62 32 The
841 2019 116 32 Newest
971 2018 127 41 Designs
1120 2019 58 31 and
1202 2018 147 33 Fashions
1371 2018 31 32 of

992 2063 50 31 the
1057 2062 110 41 period.

762 2126 86 31 ALL
877 2125 155 32 GOODS
1053 2124 129 33 WELL
1201 2124 197 33 SHRUNK.

848 2181 25 28 A
895 2180 134 37 Superior
1046 2180 52 28 Fit
1124 2180 188 28 Guaranteed.

809 2293 153 28 Periodical
979 2293 86 29 Visits
1076 2292 81 29 made
1171 2292 181 37 Up-country.

895 2363 168 32 GEOEGE
1086 2362 233 38 FEEGUSON,
1340 2389 12 12 ,

1264 2416 100 28 Tailor.

837 2500 233 43 THOMAS
1105 2499 219 51 LAWRIE,

987 2564 141 18 IMPORTER
1147 2563 33 19 OF

765 2599 163 85 DOOES,
955 2599 119 40 Sashes,
1099 2599 114 39 Bricks,
1234 2599 95 38 Lime,
1346 2598 34 34 Ce-

853 2648 93 35 ment,
962 2646 180 32 Galvanised
1155 2646 80 37 Iron,
1253 2645 88 40 Spout-

841 2689 60 40 ing,
917 2689 138 40 Eidging,
1071 2689 136 31 Window
1222 2689 97 36 Glass,

881 2732 76 37 Delf,
988 2732 153 41 Crockery,
1177 2731 84 33 Glass-

919 2787 87 26 ware,
1062 2776 177 37 Holloware,

977 2820 212 34 Pictureframe

992 2865 181 39 Mouldings,

764 2907 113 36 Stoves,
910 2907 134 40 Eanges,'
1068 2907 114 36 Chairs,
1212 2906 185 39 Carpenters'

802 2951 59 32 and
888 2950 181 33 Bushmen's
1097 2950 97 38 Tools,
1224 2949 135 33 Colonial

842 2996 113 36 Ovens,-
988 2996 115 36 Paints,
1139 2996 72 34 Oils,
1246 2994 55 31 Var-

879 3039 111 37 nishes,
1002 3037 4 42 '
1016 3038 59 32 and
1083 3041 6 7 *
1102 3048 17 22 a
1146 3037 135 42 splendid

919 3084 178 30 assortment
1112 3082 31 32 of
1161 3082 81 31 Wall

958 3128 121 42 Papers,
1087 3128 117 37 &c.,&c.

762 3208 192 38 fSsfCutlery,
980 3208 55 33 and
1060 3207 215 39 Electro-plated
1295 3207 102 30 Goods.

872 3284 191 33 THOMAS
1096 3284 190 40 LAWRIE,

783 3331 33 38 P
817 3331 316 46 aimerstonstreet,
1187 3330 183 52 Westport.

802 3438 164 76 MISS
1010 3436 354 88 KENNEDY,

936 3537 291 47 MILLINER,

771 3599 234 31 Palmerston
1027 3598 127 38 Street,
1175 3598 216 38 Westport,

793 3655 175 61 VISHES
980 3658 28 26 to
1022 3655 127 29 intimate
1162 3655 61 29 that
1236 3655 47 30 she
1293 3656 51 29 has
1355 3656 29 29 de-

969 3694 79 29 cided
1060 3697 28 25 to
1101 3694 66 28 hold
1180 3704 16 18 a

813 3745 107 33 CASH
941 3745 209 32 CLEAEING
1173 3745 176 34 SALE!!!

857 3803 38 28 Of
903 3803 49 28 her
965 3803 68 28 New
1047 3803 125 28 Season's
1183 3803 82 28 Stock
1278 3803 30 28 of

764 3854 276 37 MILLINERY
1072 3855 69 37 and
1177 3855 224 37 DRAPERY

816 3906 63 29 And
891 3907 97 28 directs
1002 3907 100 37 special
1115 3907 134 28 attention
1261 3911 28 24 to
1303 3908 46 28 the

766 3958 180 39 Sweeping
975 3958 179 32 Sacrifices
1182 3958 37 31 in
1242 3960 101 30 order
1365 3961 35 30 to

828 3994 98 32 effect
943 4002 20 24 a
982 3994 133 39 Speedy
1141 3994 195 33 Clearance.

788 4069 117 29 Within
919 4069 45 29 the
977 4069 87 29 limits
1082 4070 30 28 of
1129 4079 36 19 an
1187 4069 214 31 advertisement

764 4107 23 28 it
798 4107 23 28 is
834 4107 155 36 impossible
1001 4110 29 25 to
1043 4107 35 28 do
1098 4107 98 36 justice
1216 4111 28 25 to
1266 4108 135 36 Bargains

764 4155 62 20 now
853 4144 110 30 offered.
1012 4146 174 36 Up-country
1209 4146 108 29 visitors
1344 4147 57 29 will

766 4193 34 19 on
812 4184 153 36 inspection
976 4184 59 28 find
1048 4184 61 28 that
1121 4184 55 28 this
1193 4185 23 27 is
1239 4194 15 18 a
1276 4185 123 28 Genuine

766 4222 71 28 Sale.

868 4303 228 41 PATRICK
1130 4304 172 40 KELLY

766 4371 203 60 WISHES
983 4374 28 27 to
1023 4372 99 29 inform
1142 4373 46 28 the
1207 4373 93 36 public
1321 4382 63 28 gene-

907 4410 69 35 rally
990 4410 59 28 that
1062 4410 34 28 he
1109 4411 50 28 has
1173 4411 83 35 lately

765 4455 143 39 Imported
929 4456 58 29 and
1006 4457 120 28 Erected
1145 4458 68 29 Neiv
1225 4458 175 38 Machinery,

973 4514 156 36 Consisting
1150 4514 43 28 of:

764 4567 155 49 Drilling,
933 4568 138 49 Boring,
1086 4569 186 53 Punching,
1293 4572 85 38 Turn-

842 4613 68 46 ing,
925 4613 154 46 Planing,
1095 4615 69 36 and
1184 4615 139 47 Cutting

988 4656 188 48 Machines,

765 4718 61 27 Aod
846 4718 103 35 having
970 4728 16 18 a
1013 4719 73 35 large
1105 4720 66 26 staff
1192 4720 30 27 of
1238 4721 163 35 Competent

764 4755 151 31 Workmen
928 4756 29 30 in
970 4755 43 31 his
1026 4756 119 39 employ,
1157 4758 24 29 is
1194 4757 28 30 in
1231 4760 29 28 'a
1279 4758 120 38 position

765 4799 27 23 to
805 4800 112 23 execute
930 4796 37 27 all
980 4796 99 27 classes
1100 4796 31 28 of
1149 4797 47 27 the
1220 4798 85 27 above
1325 4799 75 27 work

764 4831 67 30 with
845 4831 140 40 despatch,
994 4833 54 31 and
1056 4835 28 26 at
1092 4833 170 29 Reasonable
1271 4834 128 38 Charges.

891 4927 195 33 PATRICK
1113 4929 158 40 KELLY,

765 4973 106 51 Ship,
886 4975 148 51 Engine
1043 4976 31 38 &
1084 4975 165 40 General
1263 4975 110 40 Black-

1015 5028 128 50 smith,

832 5091 175 29 Wakeeield
1027 5092 118 34 Street,
1164 5093 165 29 Westport.

762 5174 187 62 Wakefield
981 5175 115 62 Steam
1131 5176 77 61 Saw
1242 5176 130 76 Planing

882 5254 70 59 and
976 5254 175 63 Moulding
1176 5254 103 61 Mills.

812 5379 61 41 W.
919 5381 85 40 and
1051 5381 35 42 J.
1135 5382 213 49 MARRIS,

958 5456 76 20 HAVE
1055 5457 36 20 ON
1112 5457 70 20 SALE
1196 5457 6 20 *.

953 5498 107 34 Sashes,
1074 5499 134 37 Turnery,
1232 5500 165 37 Mouldings,

997 5537 55 33 &c,
1069 5538 53 28 and
1142 5547 15 20 a

764 5588 98 31 Good
865 5588 213 33 Assortment
1086 5591 38 30 of
1132 5591 266 32 Well-seasoned

818 5631 149 35 Dressed
979 5633 69 30 and
1061 5635 120 38 Rough
1194 5635 146 31 Timber.

766 5718 173 37 Up-country
959 5720 100 28 Orders
1077 5723 145 35 Promptly
1249 5724 146 27 Executed.

780 5809 212 40 Wakefield
1013 5811 134 48 Street,
1171 5814 207 47 Westport.

1506 178 146 35 Reefton
1680 181 293 41 Advertisements

1545 261 54 38 W.
1641 263 303 54 HINDMAESH,

1449 381 303 39 NHAREBROKER,
1777 386 181 39 MINING,
1981 392 79 29 AND

1517 460 167 41 General
1710 463 260 44 Commission

1676 554 137 53 Agent,

1459 687 288 50 BROADWAY,
1777 688 244 54 REEFTON,

1548 797 139 37 (Opposite
1706 797 137 30 Southern
1858 799 80 31 Cross

1689 854 104 37 Hotel.)

1426 938 339 60 DaWson's
1831 940 222 63 Hotel

1522 1041 223 36 BROADWAY,
1772 1042 187 32 REEFTON.

1428 1154 343 47 rjlhe'accommodation
1795 1158 125 36 supplied
1940 1158 38 36 by
2002 1159 56 29 this

1435 1202 35 11 -*
1515 1193 85 28 house
1614 1198 101 24 cannot
1728 1194 32 28 be
1773 1196 146 35 surpassed
1940 1196 29 29 in
1990 1197 67 30 New

1425 1231 128 29 Zealand.

1427 1334 173 51 Booking
1635 1336 121 39 Office
1791 1338 57 37 for
1882 1339 174 38 Mitchell

1474 1388 76 40 and
1595 1390 231 52 Campbell's
1885 1392 122 53 Royal

1525 1442 94 42 Mail
1650 1446 97 38 Line
1769 1446 43 38 of
1839 1447 96 51 Grey-

1575 1499 133 41 mouth
1726 1499 186 41 Coaches.

1460 1631 67 27 This
1539 1630 86 29 Hotel
1637 1629 108 29 is'Vell
1765 1629 102 28 known
1889 1629 169 38 throughout

1427 1669 66 28 New
1507 1669 119 27 Zealand
1639 1669 43 27 for
1699 1668 35 27 its
1754 1669 236 27 accommodation
2003 1670 54 26 and

1425 1706 181 28 convenience
1618 1705 43 29 for
1677 1706 112 27 tourists
1808 1705 55 28 and
1883 1706 174 28 commercial

1426 1744 148 29 travellers.

1622 1790 124 37 JOHN
1767 1790 211 46 DAWSON,

1858 1843 164 36 Proprietor.

1586 1927 308 32 STEVENSON'S

1429 1987 364 62 M'Gaffin's
1830 1987 225 76 Hotel,

1529 2091 223 35 BROADWAY,
1772 2091 188 30 REEFTON.

1515 2264 102 36 replete
1630 2264 68 27 with

1520 2336 94 21 EVERY
1630 2335 127 22 COMFORT
1775 2337 56 19 AND
1850 2337 117 20 MODERN

1640 2375 206 20 CONVENIENCE.

1460 2483 132 34 Tourists,
1617 2482 176 29 commercial
1823 2481 151 35 travellers,
2006 2481 55 29 and

1426 2522 92 29 others
1527 2522 56 29 will
1597 2522 63 29 here
1673 2521 58 30 find
1745 2531 83 27 every
1840 2521 138 30 attention
1988 2531 54 20 com-

1425 2560 83 27 bined
1520 2561 67 26 with
1602 2561 83 26 home
1698 2561 138 26 comforts.

1426 2654 157 39 Booking
1600 2654 107 32 Office
1719 2655 54 31 for
1784 2655 171 31 Newman
1966 2653 96 32 Bros'

1452 2698 110 40 Royal
1574 2698 88 32 Mail
1673 2699 87 31 Line
1774 2697 39 32 of
1820 2698 133 31 Nelson
1966 2698 70 30 and

1568 2744 177 37 Westport
1755 2742 164 33 Coaches.

1767 2777 42 19 ..Tig?!
1809 2778 5 7 5
1814 2778 9 11 *

1486 2834 163 43 JAMES
1692 2834 306 51 STEVENSON,

1651 2899 181 19 PROPRIETOR.

1428 2970 87 62 W
1528 2970 292 75 Sherry's
1854 2970 209 61 Hotel

1594 3085 79 38 (Late
1692 3085 214 36 M'Quillan's,)

1504 3162 243 37 BROADWAY,
1778 3163 206 31 REEFTON.

2258 191 118 34 Public
2395 193 150 34 Notices.

2222 269 129 43 JOHN
2394 271 189 52 MUNKO,
2611 301 7 7 ,

2144 402 179 30 ENERAL
2353 404 248 29 MERCHANT
2630 405 90 28 AND

2300 479 208 36 IMPORTER,

2187 595 241 41 Palmerston
2481 595 138 51 Street,

2297 719 217 26 WESTPORT.

2134 816 244 32 JOHNSTON
2406 817 28 30 &
2458 816 216 33 WATKINS

2303 891 107 29 CIVIL
2427 892 80 28 AND

2172 968 145 29 INING

2460 969 261 35 NGINEERS,

2274 1053 179 21 AUTHORISED
2475 1053 56 21 AND

2087 1097 282 39 LICENSED
2394 1098 327 40 SURVEYORS

2086 1189 132 36 Working
2242 1190 84 27 Plans
2348 1190 55 28 and
2427 1188 108 30 Details
2561 1190 30 28 of
2614 1190 110 37 Miinng

2119 1228 164 37 Machinery
2296 1228 133 37 prepared
2440 1228 55 29 and
2502 1229 47 29 the
2557 1229 132 29 Erection

2172 1268 108 35 Mining
2294 1268 162 36 Machinery
2468 1268 167 35 supervised.

2086 1345 118 34 Purveys
2216 1343 44 28 for
2270 1343 110 36 Mining
2389 1344 166 36 Companies
2565 1345 159 28 contracted

2085 1382 39 29 for
2138 1382 35 38 by
2186 1382 46 29 the
2244 1391 75 29 year.
2357 1382 120 36 Surveys
2486 1382 82 28 made
2578 1381 88 29 under
2675 1381 47 29 the

2257 1421 81 29 Land
2350 1421 129 29 Transfer
2488 1421 61 28 Act.
2573 1421 4 32 .

2333 1498 137 30 Address:

2086 1538 167 35 Broadway,
2273 1537 152 35 Reefton;
2453 1547 56 20 and
2536 1537 187 30 Commercial

2288 1577 111 34 Hotel,
2418 1577 92 28 Lyeli

2119 1651 70 30 N.R.
2192 1651 219 30 Instructions
2423 1652 50 29 left
2486 1655 29 26 at
2527 1652 91 29 Times
2628 1652 94 34 Office,

2085 1698 16 19 I
2108 1691 66 32 yell,
2186 1690 56 28 will
2254 1691 106 26 receive
2368 1691 161 28 immediate
2541 1691 147 27 attention.

2216 1772 381 58 Newman's

2159 1884 134 31 OYAL

2426 1885 86 29 AIL
2557 1886 40 31 T
2630 1886 91 29 INE

1428 3333 109 58 THE
1549 3332 184 36 undersigned
1755 3331 103 35 having
1873 3331 111 29 entered
2004 3331 59 30 into

1515 3371 155 36 possession
1684 3370 31 28 of
1733 3370 56 28 this
1801 3370 176 28 well-known
1990 3370 73 28 hotel

1425 3408 124 31 business
1561 3408 99 31 wishes
1679 3413 28 25 to
1727 3409 102 29 iotorm
1850 3408 41 29 his
1913 3417 150 21 numerous

1425 3450 104 28 friends
1541 3448 55 29 and
1607 3448 48 29 the
1668 3448 146 36 travelling
1823 3448 92 37 public
1924 3448 138 37 generally

1426 3487 61 28 that
1500 3490 34 25 he
1546 3486 111 29 intends
1668 3490 28 24 to
1710 3495 78 28 spare
1800 3495 37 19 no
1853 3486 80 28 effort
1944 3495 30 19 in
1987 3487 77 28 order

1426 3530 28 24 to
1466 3525 82 29 make
1561 3525 55 29 this
1629 3525 72 29 hotel
1715 3524 103 37 replete
1830 3524 67 30 with
1910 3534 83 28 every
2002 3534 45 20 con-

1426 3565 131 28 venience
1569 3563 56 30 and
1639 3566 134 34 comport.

1582 3829 124 39 JOHN
1733 3826 254 52 M'SHERRY,

1848 3895 180 21 PROPRIETOR.

2288 1976 48 27 OF
2356 1976 177 28 COACHES

2120 2072 254 30 Thrice-Weekly
2399 2072 123 29 Service
2544 2072 144 30 Between

2174 2119 106 35 Lyell,
2294 2119 134 28 Reefton
2441 2128 56 20 and
2511 2120 126 29 Nelson.

2088 2264 147 34 Thursday
2243 2264 56 27 and
2310 2264 148 34 Saturday,
2469 2267 29 24 at
2508 2265 63 27 2.30
2581 2274 77 26 p.m.,
2670 2266 56 27 and

2087 2309 82 38 Lyell
2181 2310 42 28 for
2235 2310 141 35 Westport
2388 2309 56 29 and
2457 2310 128 34 Reefton,
2604 2320 37 19 on
2655 2311 52 29 Sun-

2088 2356 64 38 day,
2166 2356 175 38 Wednesday
2356 2357 55 28 and
2425 2357 112 38 Friday,
2546 2361 30 26 at
2587 2359 62 28 9.30
2660 2368 64 19 a.m.

2088 2444 167 35 Passengers
2281 2444 102 28 booked
2415 2444 43 28 for
2487 2444 152 37 Hampden
2670 2448 54 26 and

2209 2490 80 31 other
2301 2491 194 30 intermediate
2508 2491 102 39 places.

2260 2570 133 28 Booking
2414 2571 121 27 Offices
2547 2578 5 20 :

2090 2625 139 39 Westport
2493 2626 133 31 Gilmer's
2639 2627 85 31 Hotel

2089 2676 118 27 Reefton
2410 2679 14 25 .*
2451 2676 177 29 Stevenson's
2641 2678 85 27 Hotel

2090 2722 104 29 Nelson
2503 2723 125 29 Masonic
2641 2723 85 30 Hotel

2122 2817 47 29 All
2180 2817 198 40 parcels'must
2389 2818 34 30 be

2222 2867 69 37 they
2302 2867 58 30 will
2373 2867 33 30 be
2418 2867 50 29 left
2480 2867 113 30 behind.

2414 2922 39 27 H.
2473 2923 184 33 NEWMAN,

2307 2971 11 13 *
2524 2960 159 38 Proprietor

2230 3055 348 42 COURTNEY'S

2148 3123 260 35 UNCTION
2472 3123 254 61 JJOTEL,

2242 3205 96 42 (Near
2358 3215 67 21 the.
2435 3205 141 43 Bridge.)

2249 3309 247 33 Accommodation
2508 3310 44 29 for
2564 3309 162 30 Travellers.

2230 3363 118 28 GRASS
2380 3363 208 28 PADDOCKS.

2091 3413 126 35 Saddle
2238 3413 128 34 Horses
2383 3414 70 33 and
2470 3414 127 41 Handy
2611 3413 115 34 Coach

2334 3451 53 32 for
2402 3452 86 32 hire.

1426 3565 131 28 venience
1569 3563 56 30 and
1639 3566 134 34 comport.
2126 3554 115 33 Miners,
2265 3553 179 33 Theatricals,
2470 3563 30 19 or
2529 3553 131 29 Families
2686 3563 26 19 re-

2091 3592 97 28 moved
2214 3595 28 25 to
2267 3601 56 28 any
2346 3594 63 35 part
2432 3592 31 29 of
2484 3592 47 29 the
2562 3591 108 31 district
2698 3596 28 24 at

2070 3630 4 36 -
2091 3630 130 28 Reduced
2238 3631 84 27 Fares
2325 3651 16 15 v

2124 3681 24 28 A
2161 3680 191 38 Ferry'across
2365 3681 48 30 the
2426 3681 96 30 Builer
2535 3691 16 20 a
2571 3683 54 28 few
2643 3682 83 38 yards

1426 3718 75 33 Ales,
1517 3716 93 30 Wines
1623 3716 59 28 and
1694 3715 105 37 Spirits
1811 3716 36 36 of
1861 3716 69 28 Best
1950 3716 113 29 Brands
2091 3720 89 29 below
2194 3721 47 28 the
2253 3721 136 28 Junction
2402 3721 30 28 of
2441 3718 46 31 the
2500 3724 54 27 two
2566 3721 96 30 rivers.

1635 3754 66 37 only
1719 3754 137 37 supplied.

2159 3829 25 28 A
2204 3828 198 29 Blacksmith's
2423 3828 77 39 Shop
2519 3829 137 30 attached.

2347 3887 109 21 HORSES
2477 3887 84 21 SHOD.

1429 4000 146 64 The
1613 4001 366 77 Hampden
2022 4001 466 77 Co-operative
2533 4001 190 63 Store

1725 4124 361 80 Company,
2124 4124 312 67 Limited.

1430 4410 109 59 THE
1553 4411 86 29 above
1649 4412 145 37 Company
1804 4413 23 28 is
1839 4423 62 19 now
1912 4414 148 36 supplying
2072 4414 47 29 the
2132 4414 142 36 following
2289 4414 85 36 goods
2385 4417 28 26 at
2425 4423 16 20 a
2454 4414 84 36 slight
2550 4415 123 28 advance
2686 4424 36 19 on

1901 4450 148 25 NELSON
2065 4451 186 24 PRTfIF.S!

1629 4801 38 28 Of
1675 4801 61 29 first
1748 4802 70 29 class
1831 4805 115 35 quality.
1981 4805 25 28 A
2018 4806 90 35 Large
2121 4805 56 28 and
2189 4805 102 28 Varied
2303 4805 177 29 Assortment
2492 4805 31 29 of

1428 4904 202 53 Crockery,
1666 4906 172 40 Earthen
1868 4910 76 38 and
1976 4910 228 46 Glassware,
2241 4910 280 51 Ironmongery,
2550 4911 81 47 &c,
2653 4911 64 38 &c.

1429 5118 125 39 Men's
1588 5119 76 39 and
1700 5120 116 51 Boys'
1854 5120 272 52 Kaipoknade
2174 5121 205 51 Clothing;
2427 5122 114 48 Hats,
2579 5124 138 48 Shirts,

1527 5172 357 50 Under-Flannels;
1939 5176 175 39 Drawers
2149 5174 72 39 and
2256 5175 146 48 Moles;
2444 5176 175 48 Tweeds,

1623 5226 177 54 Hosiery,
1823 5228 209 52 Blankets;
2061 5228 164 49 Calicos,
2248 5228 139 50 Prints,
2410 5230 92 40 Flan-

1835 5284 93 45 nels,
1950 5286 78 45 &c.,
2050 5285 65 37 &c.
2168 5284 144 37 Also-

1590 5355 155 50 Wheat,
1791 5357 109 50 Oats,
1947 5359 115 48 Bran,
2097 5358 117 41 Chaff
2236 5358 76 41 and
2343 5358 193 42 Potatoes.

1461 5575 98 29 Orders
1571 5573 196 38 accompanied
1785 5573 38 39 by
1835 5575 65 31 cash
1913 5578 174 30 remittances
2105 5578 162 38 punctually
2286 5578 130 30 attended
2429 5581 38 33 to,
2481 5578 55 30 and
2554 5578 86 39 goods
2658 5579 43 30 des-

1425 5614 116 36 patched
1555 5618 28 23 at
1595 5623 17 17 a
1625 5618 138 23 moments
1776 5616 99 30 notice,

1459 5688 84 29 Local
1560 5688 129 37 produce,
1708 5687 142 39 including
1868 5689 104 38 Hides,
1992 5693 94 33 Skins,
2112 5691 94 34 Wool,
2227 5691 125 33 Butter,
2366 5692 56 33 &c,
2436 5692 55 33 &c,
2510 5690 154 37 purchased
2675 5689 43 30 for

1425 5727 81 28 Cash.

1459 5822 170 36 Mnrchisou,
1644 5823 63 29 15th
1722 5822 84 37 June,
1821 5826 75 28 1885.

2301 5788 33 29 R.
2356 5788 130 34 M'NEE,
2506 5788 106 28 Lessee.

2833 194 144 37 Reefton
2993 197 302 36 Advertisements.
3334 194 3 39 .

2809 274 217 40 FORSYTH
3047 279 26 37 &
3097 274 231 52 MASTERS,

2816 361 224 29 WHOLESALE
3067 365 21 26 &
3116 364 141 29 RETAIL
3275 365 84 28 IRON-

2969 401 191 35 MONGER,

2898 470 169 36 Broabway,
3087 472 142 35 Reefton,

2749 541 80 27 Have
2842 549 36 19 on
2890 541 75 27 band
2984 542 135 35 imported
3139 543 85 28 direct
3241 544 70 27 from
3334 544 47 27 the

2800 578 92 30 Home
2906 579 128 35 markets,
3048 589 15 19 a
3076 581 87 34 Large
3177 582 54 27 and
3246 582 65 29 Well-

2933 620 121 28 assorted
3075 621 83 28 Stock
3170 622 30 27 of

2748 698 166 39 Builders'
2930 699 218 50 Furnishing,
3163 700 136 49 Mining
3313 701 68 39 and

2853 769 148 39 General
3022 770 256 49 Ironmongery,

2749 852 99 29 Which
2871 853 66 38 they
2956 863 46 21 are
3022 856 133 36 prepared
3178 859 29 25 to
3228 856 50 28 sell
3299 860 28 24 to
3339 866 27 18 re-

2761 892 103 30 sidents
2876 893 30 29 of
2914 893 79 38 Lyell
3006 898 29 26 at
3044 895 151 37 extremely
3207 895 54 29 low
3272 896 97 37 prices.

2750 1031 154 29 Bickford's
2917 1032 81 35 Fuse,
3011 1033 91 29 Hall's
3119 1034 126 35 Blasting
3258 1034 123 33 Powder,

2751 1070 122 35 Octagon
2888 1071 80 35 Steel,
2981 1072 92 29 Ames'
3096 1072 126 35 Shovels,
3241 1070 68 31 Pick
3327 1072 55 29 and

2751 1109 137 28 Hammer
2900 1110 134 31 Handles,
3047 1110 55 32 &c,
3113 1114 95 31 agents
3221 1111 42 28 for
3271 1111 111 28 Nobel's

2986 1147 160 38 Dynamite.

2751 1225 158 36 Furniture,
2940 1225 134 36 Beddkg.
3105 1227 114 35 Lamps,
3261 1227 121 38 Cutlery,

2751 1265 171 36 Carpenters'
2936 1265 91 33 Tools,
3045 1266 103 32 Paints,
3171 1267 66 31 Oils,
3260 1265 122 33 Colours,

2887 1302 95 37 Fancy
2994 1303 91 34 Ware,
3097 1304 63 33 &c.;
3179 1304 67 33 also,

2754 1370 23 27 A
2789 1370 89 36 Large
2889 1371 176 29 Assortment
3081 1371 32 29 of
3130 1372 165 29 Galvanised
3308 1373 74 31 Iron,

2853 1410 145 29 Bessemer
3010 1410 56 29 and
3083 1410 104 38 Plough
3208 1411 74 29 Steel

2940 1484 105 29 WIRE
3064 1484 130 30 ROPES.

2855 1553 62 31 SSS
2947 1554 176 30 OCTAGON
3151 1554 128 30 SrEEL.

2822 1636 37 40 J.
2914 1636 42 40 B.
3018 1634 293 50 BEECHE,

2897 1743 174 40 Bkoadway,
3091 1743 150 41 Reefkw,

2756 1842 339 60 gHAREBROKER,
3130 1845 23 31 &
3189 1841 198 36 GENERAL

2848 1930 256 35 COMMISSION
3138 1931 150 33 AGENT.

2791 2121 149 42 Enquries
2971 2121 49 33 for
3043 2121 90 33 latest
3159 2121 171 42 quotations
3356 2121 32 33 in

2751 2179 118 43 mining
2881 2179 98 34 stocks
2993 2180 150 44 promptly
3154 2179 113 44 replied
3280 2182 41 31 to.

2779 2360 172 21 TELEGRAMS
2971 2361 201 21 IMMEDIATELY
3191 2361 167 21 ANSWERED.

2753 2436 214 43 IS*BUY
2995 2437 149 40 PURE
3174 2436 212 42 DRUGS!

2842 2558 62 39 W.
2932 2559 36 38 J.
2999 2560 56 37 M.
3085 2559 225 46 HANSBY,

2756 2617 198 35 -nAMILY
2982 2618 83 33 AND
3096 2617 295 35 DISPENSING

2756 2660 29 41 f
2975 2664 196 38 CHEMIST,

2905 2731 164 27 BROADWAY,
3097 2731 142 22 REEFTON.

2754 2779 86 28 Eleve
2852 2778 32 29 de
2898 2778 141 29 Vlnstitut
3049 2779 41 28 St.
3099 2779 137 34 Francois
3248 2779 115 33 Xavicr,
3372 2788 19 19 a

2904 2817 118 37 Bruges,
3036 2817 30 28 la
3076 2817 165 38 Belgwique.

2846 2870 40 29 M.
2906 2871 31 30 P.
2957 2871 28 29 S.
3005 2871 35 28 N.
3060 2871 40 33 Z.,
3158 2871 39 29 M.
3216 2871 31 28 P.
3266 2871 31 28 C.

2754 2961 109 31 Twelve
2874 2963 91 37 years'
2977 2961 129 30 assistant
3118 2964 29 28 to
3159 2961 53 30 Dr.
3227 2962 124 37 Moricb,
3364 2963 27 30 of

2985 3002 180 35 Greymouth.

2788 3077 172 36 Physicians'
2980 3077 197 37 Prescriptions
3202 3078 55 28 and
3280 3079 111 36 Family

2755 3116 129 37 Receipes
2896 3116 154 37 accurately
3060 3116 189 38 compounded
3262 3116 68 30 with
3342 3117 48 29 the

2754 3155 148 29 PUREST
2921 3155 137 30 DRUGS.

2807 3240 177 22 SPECTACLES
3004 3242 36 20 TO
3060 3242 65 20 SUIT
3148 3242 57 20 ALL
3224 3242 113 22 SIGHTS.

2789 3311 89 30 Toilet
2908 3312 163 37 Requisites,
3097 3313 168 37 Perfumery,
3290 3314 101 29 Patent

2755 3351 150 29 Medicines
2918 3352 55 28 and
2985 3352 155 36 Druggists'
3155 3353 141 33 Sundries,
3309 3353 45 28 &c.

2828 3427 109 33 Teeth
2954 3428 196 40 Extracted,
3168 3428 69 42 &e.,
3255 3428 60 33 &c.

2755 3502 115 31 USsTAII
2880 3502 91 37 Drugs
2982 3503 185 33 Guaranteed,
3177 3503 55 29 and
3243 3507 28 25 at
3283 3503 106 38 greatly

2893 3541 187 29 REDUCED
3099 3541 148 31 PRICES.

2775 3638 599 33 GRATEFUL--COMFORTING.

2751 3712 290 127 EPPS'S
3120 3715 269 127 COCOA

2907 3911 332 31 BREAKFAST.

2788 3951 17 16 11
2814 3950 45 38 By
2879 3959 17 20 a
2918 3950 136 38 thorough
3066 3951 160 37 knowledge
3238 3953 30 28 of
3279 3951 48 30 the
3339 3960 32 21 na-

2753 3989 72 28 tural
2837 3989 66 28 laws
2914 3989 93 29 which
3019 3999 103 26 govern
3134 3989 47 29 the
3193 3990 156 36 operations
3362 3991 29 28 of

2753 4026 134 38 digestion
2899 4027 54 29 and
2966 4028 144 35 nutrition*
3121 4028 57 30 and
3190 4029 37 36 by
3247 4038 17 20 a
3285 4029 102 29 careful

2752 4066 166 38 application
2931 4066 31 30 of
2979 4067 47 30 the
3045 4067 55 30 fine
3113 4067 149 39 properties
3275 4067 31 30 of
3315 4067 57 31 well-

2753 4106 116 27 selected
2882 4115 91 23 cocoa,
2987 4106 46 27 Mr
3044 4107 77 35 Epps
3132 4106 50 28 has
3194 4107 132 35 provided
3338 4117 50 17 our

2753 4142 136 30 breakfast
2897 4143 87 29 tables
2993 4143 67 29 with
3068 4153 17 19 a
3092 4143 296 38 delicately-flavoured

2751 4181 132 36 beverage
2895 4183 90 28 which
2998 4192 68 26 may
3078 4192 63 19 save
3153 4192 33 19 us
3198 4193 87 25 many
3297 4183 90 36 heavy

2752 4218 118 31 doctor's
2890 4218 71 31 bills.
2997 4220 29 29 It
3045 4220 24 29 is
3082 4219 38 38 by
3132 4219 48 30 the
3189 4220 138 38 judicious
3338 4230 48 20 use

2751 4258 31 27 of
2789 4258 68 28 such
2870 4258 107 29 articles
2989 4258 31 29 of
3036 4259 57 28 diet
3104 4259 62 28 that
3179 4269 15 18 a
3207 4260 179 28 constitution

2750 4304 66 27 may
2836 4295 33 29 be
2894 4296 140 36 jraJually
3053 4296 70 29 built
3143 4305 37 27 up
3200 4297 72 28 until
3292 4301 96 33 strong

2751 4333 108 35 enough
2869 4336 28 26 to
2905 4337 82 26 resist
2996 4343 82 28 every
3087 4334 137 37 tendency
3231 4338 29 26 to
3273 4335 111 29 disease.

2751 4371 150 29 Hundreds
2913 4371 31 29 of
2952 4371 89 30 subtle
3053 4372 133 29 maladies
3205 4383 46 19 are
3273 4373 113 37 floating

2750 4410 105 28 aroimd
2867 4420 32 18 us
2911 4410 85 37 ready
3008 4414 30 25 to
3050 4411 92 29 attack
3158 4411 139 29 wherever
3309 4412 77 28 there

2749 4447 23 27 is
2784 4456 17 19 a
2810 4447 77 28 weak
2900 4449 86 36 point.
3022 4449 51 28 We
3085 4458 66 26 may
3163 4457 95 28 escape
3270 4459 86 28 many
3369 4459 17 18 a

2749 4484 67 30 fatal
2837 4485 73 30 shaft
2930 4485 36 39 by
2981 4485 118 39 keeping
3110 4487 137 30 ourselves
3259 4487 62 30 well
3332 4488 39 28 for-

2749 4524 76 28 tified
2848 4524 70 29 with
2940 4532 68 28 pure
3031 4525 83 28 blood
3137 4525 56 29 and
3217 4535 17 19 a
3255 4527 129 36 properly

2749 4561 149 29 nourished
3154 4562 96 31 article
3278 4564 30 29 in
3337 4564 48 29 the

2751 4599 75 29 Civil
2838 4599 111 31 Service
2961 4600 122 30 Gazette.

2748 4646 77 19 MADE
2836 4647 99 19 SIMPLY
2944 4646 76 20 WITH
3029 4647 117 21 BOILING
3153 4648 101 22 WATEB
3259 4648 38 22 Oft
3305 4649 78 20 MILK.

2766 4675 66 30 Sold
2843 4677 30 28 in
2886 4675 56 38 |-lb
2949 4676 115 39 packets
3073 4676 36 39 by
3118 4677 125 37 Grocers,
3252 4677 117 33 labelled

3005 4716 122 28 thus:

2811 4751 148 32 JAMES
2997 4752 109 32 EPPS
3138 4753 71 32 and
3241 4753 83 44 CO.,

2880 4796 208 22 HOMOEOPATHIC
3105 4796 147 30 CHEMISTS,

2826 4827 127 29 LONT
2994 4828 39 32 N,
3061 4828 248 31 ENGLAND.

2940 4926 251 32 NOTICE.

2812 5194 194 29 RINTING
3043 5195 52 28 OF
3130 5196 132 30 EVERY
3297 5197 64 28 DES-

2977 5324 180 28 CRIPTION

2746 5595 102 69 fir*
2867 5597 140 77 %U
3023 5597 165 62 %ims
3216 5598 163 70 fifo>,

2867 5801 148 40 CLIFF
3051 5802 203 39 STREET.

3586 197 120 34 Public
3725 197 155 34 Notices.

3410 280 31 39 A
3460 280 256 40 Wonderful
3750 280 119 40 Book
3889 280 73 40 for
3989 280 54 40 Is.

3628 344 170 20 CONTAINING
3811 345 7 19 l

3610 383 50 28 100
3677 383 95 29 Tricks
3791 385 55 29 and

3610 422 145 28 Delusions
3778 424 65 27 witb

3683 461 94 31 Cards,

3618 499 34 27 25
3669 497 167 32 Marvellous

3624 538 71 27 Coin
3704 538 4 34 *
3715 538 114 34 Tricks,

3608 581 53 29 For
3678 581 47 29 the
3744 581 84 38 perfor-

3596 621 4 32 ,
3607 630 96 20 mance
3713 621 32 29 of
3753 622 90 29 which

3621 698 71 38 pack
3704 699 31 30 of
3749 699 79 30 cards

3607 738 54 27 and
3692 738 46 29 the
3774 740 57 27 ordi-

3606 785 70 28 nary
3706 777 77 28 coins
3819 778 31 28 of

3606 814 47 29 the
3683 816 84 28 realm
3798 826 47 19 are

3638 854 112 28 needed.
3769 854 45 29 All

3691 932 67 34 also,

3605 970 24 27 A
3650 969 76 35 large
3747 971 83 29 collec-

3674 1010 57 28 tion
3748 1010 31 28 of

3410 1054 135 40 Amusing
3565 1056 122 35 Riddles,
3701 1058 147 35 Charades,
3861 1059 113 35 Games,
3988 1059 57 35 &c,

3663 1096 55 28 and
3731 1106 65 20 over

3411 1140 73 31 200
3654 1142 299 41 withf,Conjuring
3979 1145 46 39 Ap-

3648 1181 152 35 paratus.

3410 1221 42 28 All
3467 1222 162 35 illustrated,
3642 1223 154 37 explained,
3809 1222 55 29 and
3878 1223 82 28 made
3980 1223 49 29 sim-

3410 1261 53 35 ple,
3476 1261 68 28 with
3558 1272 16 17 a
3586 1261 142 35 catalogue
3741 1263 31 27 of
3784 1261 127 35 English,
3925 1263 120 33 French,

3411 1299 54 27 and
3486 1300 148 27 American
3656 1300 151 34 Novelties,
3827 1300 112 34 Games,
3962 1301 83 36 Toys,

3412 1336 52 33 &c,
3479 1338 128 33 covering
3619 1347 66 19 over
3706 1340 52 27 300
3779 1348 91 26 pages,
3892 1339 56 27 and
3971 1338 62 29 illus-

3412 1374 87 28 trated
3513 1376 66 27 with
3589 1377 52 26 400
3650 1376 78 27 wood
3739 1376 101 27 blocks.
3876 1376 75 28 Both
3961 1376 84 28 books

3591 1413 101 29 mailed
3706 1413 55 30 free
3773 1413 42 30 for
3829 1414 39 28 Is.

3537 1475 12 1 -
3570 1462 4 32 .
3618 1462 73 28 Jack
3721 1471 56 19 and
3813 1470 48 20 his
3927 1468 22 21 r

3588 1501 1 26 1
3688 1501 103 26 Bride.

3579 1557 6 27 I
3622 1538 171 33 Mechanical
3814 1538 47 38 fig-
3909 1557 5 8 .

3579 1587 12 14 *
3621 1590 62 20 ures
3718 1579 87 27 dance
3834 1581 28 27 to

3588 1636 7 3 -
3622 1619 96 32 music,
3728 1617 56 27 and
3793 1616 68 37 keep

3552 1672 27 18 ,-i
3621 1656 103 35 perfect
3739 1654 76 34 time,
3831 1656 29 27 Is

3572 1695 10 12 *
3621 1696 35 28 3d
3669 1694 77 31 each,
3753 1693 60 35 pair
3819 1694 39 27 2s.

3561 1743 20 22 /
3657 1732 61 28 The
3739 1731 120 27 Wizard

3622 1780 34 20 of
3668 1779 56 20 the
3735 1769 125 28 North's

3656 1807 173 36 Changeable

3414 1855 73 31 ftick
3506 1858 31 28 of
3554 1856 94 33 Cards,
3666 1854 153 30 wonderful
3839 1854 120 36 changes
3981 1852 66 29 with

3414 1895 138 38 lightning
3563 1895 128 37 rapidity,
3705 1895 30 27 Is
3747 1893 34 28 2d
3794 1895 63 34 post
3867 1893 65 28 free.

3448 1935 35 27 N.
3510 1935 28 27 S.
3563 1934 44 28 W.
3632 1936 104 32 stamps
3757 1931 84 29 taken
3861 1934 29 25 at
3910 1940 58 27 par,
3986 1933 64 34 post

3414 1971 76 28 office
3504 1973 92 26 orders
3609 1981 30 18 or
3657 1970 91 36 postal
3769 1973 78 24 notes
3867 1968 147 36 preferred,
4027 1968 25 27 if

3415 2012 105 34 stamps
3532 2009 31 29 of
3573 2009 79 28 other
3665 2007 118 29 colonies
3795 2015 46 19 are
3854 2009 64 25 sent
3937 2006 54 28 add
4014 2007 36 26 2u

3414 2049 29 27 in
3455 2048 47 29 the
3514 2048 114 31 shilling
3638 2048 42 27 for
3692 2046 149 33 exchange.

3453 2124 74 29 Take
3536 2124 99 29 Notice
3674 2124 39 27 To
3732 2121 139 29 advertise
3891 2130 54 19 our
3963 2121 69 28 Busi-

3414 2172 70 24 ness,
3498 2173 39 19 we
3549 2162 61 29 will
3624 2162 52 37 for
3694 2170 18 19 a
3732 2161 78 28 short
3829 2160 66 29 time
3916 2159 68 29 send
4005 2159 46 29 the

3414 2202 87 29 whole
3514 2202 34 36 of
3558 2202 45 28 the
3615 2202 84 27 above
3709 2200 161 28 mentioned
3890 2199 112 28 articles
4021 2201 29 26 to

3415 2249 50 21 one
3478 2241 114 28 address
3600 2242 66 35 post
3673 2239 73 37 imid
3749 2260 6 12 y
3758 2239 54 37 for
3822 2241 32 26 2s
3866 2238 45 29 6d.

3596 2279 119 26 Address
3728 2278 37 26 all
3777 2277 93 26 orders

3415 2315 41 32 H.
3471 2315 138 32 YOEKE
3626 2316 22 31 &
3662 2314 63 36 Co.,
3738 2315 56 30 401
3810 2313 116 40 George
3941 2312 109 37 Street,

3673 2357 127 42 Sydney.

3441 2403 77 29 Lock
3530 2404 61 28 Box
3601 2404 33 27 41
3648 2403 75 34 King
3735 2403 100 32 Street,
3848 2401 66 28 Post
3926 2401 96 28 Office.

3497 2493 214 32 POSTAG
3730 2492 25 31 E
3796 2491 190 32 KATES.

3608 2562 91 22 TOWN
3724 2561 139 22 LETTERS

3458 2604 112 31 Posted
3596 2608 33 27 at
3650 2615 59 28 any
3737 2604 73 30 Post
3838 2602 94 31 Office
3961 2602 105 37 wiuur}

3420 2647 49 32 the
3485 2648 105 42 colony
3606 2650 46 30 for
3667 2648 132 42 delivery
3812 2650 32 29 at
3859 2658 33 21 or
3903 2646 74 32 from
3990 2646 74 33 such

3422 2693 75 30 Post
3513 2693 93 31 Office
3623 2704 47 19 :

3422 2743 59 33 Not
3494 2744 163 39 exceeding
3671 2744 63 31 half
3748 2754 36 21 an
3800 2754 97 22 ounce
3951 2768 31 7 ...
4028 2744 29 30 lc

3424 2789 165 38 Exceeding
3606 2789 62 30 half
3680 2799 37 20 an
3732 2799 106 27 onuce,
3864 2789 54 31 but
3932 2791 56 27 not

3457 2834 164 38 exceeding
3636 2844 57 21 one
3708 2843 98 21 ouuce
3950 2858 31 7 ...
4026 2832 40 31 2d

3423 2878 54 31 For
3492 2889 90 29 every
3599 2879 63 30 half
3673 2888 97 21 ounce
3783 2888 71 20 over
3869 2888 57 21 one
3950 2902 31 7 ...
4027 2877 38 30 Id

3584 2929 149 22 COUNTRY
3748 2929 149 21 LETTERS.

3459 2962 107 32 Posted
3584 2967 31 27 at
3629 2973 58 30 any
3711 2965 70 37 post
3794 2961 85 33 office
3894 2961 102 31 within
4014 2960 52 32 thp

3418 3008 103 38 colony
3552 3010 46 27 for
3628 3006 133 40 delivery
3788 3013 32 24 at
3845 3018 35 18 or
3904 3006 77 30 from
4007 3016 35 20 ar

3418 3050 86 31 other
3514 3057 67 34 post
3593 3048 83 33 office
3694 3048 102 33 within
3813 3048 53 33 the
3878 3050 127 41 colony:

3419 3093 62 31 Not
3495 3094 164 37 exceeding
3674 3093 64 30 half
3749 3104 39 19 an
3803 3104 98 21 ounce
3950 3118 20 7 ..
4025 3095 24 28 2<

3421 3137 167 41 Exceeding
3604 3137 58 32 half
3678 3148 37 22 an
3731 3147 106 30 ounce,
3851 3137 55 33 but
3930 3139 56 30 not

3456 3184 161 37 exceeding
3631 3193 56 19 one
3701 3193 99 20 ounce
3949 3208 32 5 ...
4024 3184 39 28 4a

3419 3224 58 33 For
3504 3236 87 28 every
3706 3235 97 22 ounce
3826 3235 73 21 over
3928 3235 58 21 one

3544 3321 201 23 AUSTRALIAN
3767 3320 168 24 COLONIES.

3420 3355 61 30 Not
3495 3356 163 38 exceeding
3673 3356 64 30 half
3755 3366 38 20 an
3808 3366 96 20 ouuce
3948 3380 32 8 ...

3420 3398 166 41 Exceeding
3600 3398 65 32 half
3685 3409 39 21 an
3739 3408 105 28 ounce,
3861 3399 54 32 but
3929 3403 55 27 not

3456 3444 162 39 exceeding
3633 3454 57 21 one
3704 3454 97 22 ounce
3948 3470 31 7 ...
4026 3472 5 3 .

3419 3488 57 30 For
3504 3499 85 29 every
3615 3488 65 30 half
3705 3499 96 20 ounce
3829 3498 72 20 over
3926 3499 58 20 one

3455 3542 98 21 ounce

3438 3584 146 22 ENGLAND
3606 3585 65 21 AND
3692 3584 144 23 FOREIGN
3850 3584 191 23 COUNTRIES.

3593 3619 58 31 Per
3666 3619 79 31 Half
3768 3620 119 30 Ounce.

3419 3661 112 32 United
3552 3662 159 40 Kingdom,
3737 3663 47 30 via
3807 3665 59 28 San
3888 3662 76 30 Fran-

3455 3707 79 30 cisco
3548 3706 59 32 and
3629 3707 77 32 Suez
3946 3726 35 9 ...
4024 3707 38 30 6<*

3419 3749 111 32 United
3560 3750 100 31 States
3687 3749 36 32 of
3754 3749 150 39 America,
3937 3750 47 31 via

3456 3796 57 28 San
3531 3794 164 31 Francisco
3948 3819 33 7 ...
4024 3798 14 27 (.
4052 3824 10 2 _

3416 3837 154 32 Sandwich
3585 3837 130 39 lsland.B,
3738 3837 48 32 via
3812 3836 61 32 San
3887 3836 77 32 Fran-

3455 3883 79 29 cisco
3785 3907 31 7 ...
3944 3906 32 8 ...
4049 3883 12 12 J

3419 3924 151 32 Canadian
3605 3924 190 40 Dominions,
3829 3924 50 32 via
3924 3924 62 33 San

3456 3968 164 32 Francisco
3786 3994 32 8 ...
3833 4003 7 8 t
3945 3994 32 8 ...
4002 3993 6 3 .

3419 4012 109 31 British
3546 4012 161 32 Columbia
3786 4038 32 8 ...
3945 4038 32 9 ...
4031 4014 13 24 1

3418 4056 87 33 West
3521 4055 113 34 Indies-

3417 4102 128 36 Mexico,
3560 4102 46 30 via
3618 4102 58 30 San
3694 4101 165 33 Francisco
3943 4128 20 7 ..
4028 4109 14 24 J

3416 4144 123 33 Central
3558 4144 139 32 America

3415 4189 93 31 South
3523 4189 148 37 America,
3683 4189 49 31 via
3742 4189 59 31 San
3814 4189 163 33 Francisco
4026 4193 35 28 la

3628 4241 219 23 BEWSPAPERS.

3416 4276 109 31 Posted
3552 4287 17 19 a
3609 4286 58 28 any
3692 4276 85 31 office
3803 4276 105 32 within
3930 4279 53 29 the

3452 4320 104 40 colony
3573 4324 47 27 tor
3634 4319 131 42 delivery
3781 4323 32 28 at
3833 4320 53 31 the
3899 4330 82 23 same

3453 4362 84 33 office

3415 4407 109 32 Posted
3549 4415 32 23 at
3605 4418 61 30 any
3690 4406 85 34 office
3800 4407 106 32 within
3927 4408 54 32 the

3450 4451 106 41 colony
3572 4452 46 29 for
3633 4451 131 41 delivery
3779 4455 33 27 at
3821 4461 59 32 any
3892 4451 90 32 other

3452 4494 82 33 office
3549 4494 102 33 within
3666 4494 52 33 the
3732 4495 110 40 colony

3413 4539 175 31 Australian
3601 4539 144 31 Colonies

3413 4581 115 32 United
3544 4581 157 40 Kingdom

3568 4626 60 32 Via
3643 4628 58 29 San
3725 4626 177 33 Francisco.

3412 4668 115 33 United
3544 4669 102 32 States
3662 4671 30 29 of
3706 4669 142 33 Ameriea

3413 4713 152 31 Canadian
3582 4713 181 32 Dominions

3415 4755 112 31 British
3546 4756 160 32 Columbia
3945 4782 31 7 ...
4019 4755 3 34 :

3415 4799 87 34 West
3516 4800 106 34 Indies
3941 4828 33 8 ...
4019 4799 3 37 (

3409 4842 128 34 CJentral
3553 4845 139 31 America

3412 4885 97 35 South
3525 4889 158 33 Amerrica
3943 4915 32 8 ...
4019 4885 3 38 !

3608 4943 87 22 BOOK
3716 4943 144 22 PACKETS

3415 4974 108 35 Posted
3548 4979 32 30 at
3603 4987 58 32 any
3687 4978 83 32 office
3796 4979 104 30 within
3927 4977 54 32 the

3450 5021 106 40 colony
3572 5021 47 30 for
3634 5022 131 37 delivery
3779 5026 32 26 at
3825 5021 52 31 the
3887 5032 93 27 same,

3451 5063 104 33 within
3584 5064 53 32 the
3665 5064 117 42 cobny,
3810 5063 54 33 the
3899 5064 60 32 Aus-

3449 5109 110 30 tralian
3728 5120 35 20 or
3786 5108 53 32 the
3862 5108 117 31 United

3450 5151 155 40 Kingdom
3688 5177 32 7 ...
3804 5153 55 30 loz

3490 5194 49 31 Do
3688 5220 32 8 ...
3803 5197 56 29 2oz
3941 5220 33 7 ...
4019 5194 3 34 :

3490 5237 49 33 Do
3689 5264 31 8 ...
3803 5237 54 39 ilb
3941 5264 31 7 ...
4017 5252 5 9 -

3488 5282 50 31 Do
3689 5309 31 7 ...
3806 5282 51 33 lib
3941 5310 31 6 ...
4018 5282 4 34 I

3414 5324 95 40 Every
3537 5325 164 30 additional
3724 5326 113 39 pound,
3849 5335 36 20 or
3899 5325 65 31 frac-

3448 5367 97 32 tional
3556 5372 68 37 part
3639 5368 32 31 of
3683 5379 18 21 a
3717 5367 104 42 pouud
3942 5394 32 8 ...
4019 5372 30 29 U

3575 5412 59 31 Via
3649 5412 59 31 San
3725 5411 174 33 Francisco.

3410 5454 114 33 United
3553 5455 111 38 States,
3689 5467 90 31 every
3808 5455 52 39 ilb

3409 5499 155 32 Sandwich
3579 5499 119 32 Islands
3941 5526 32 8 ...
4017 5513 32 20 <_.

3409 5542 150 32 Canadian
3577 5543 179 31 Dominions
3942 5569 33 8 ...
4019 5546 21 26 P

3412 5586 109 32 British
3539 5587 160 32 Columbia
3941 5616 32 7 ...
4018 5586 4 42 I

3412 5630 85 31 West
3512 5631 105 30 Indies
3821 5656 17 7 ..
3939 5658 32 5 ...
4015 5638 7 24 (
