3290 4340
224 177 422 84 Hot
787 177 703 84 Lakes
1631 177 1406 84 Chronicle.

464 368 213 39 -A-IbTZD
732 372 483 41 TOTJBISTS
1222 376 14 17 7
1800 370 6 17 ;
2114 390 463 45 CTOTJZ^Isr^.L

480 482 448 89 Circulating
950 487 455 87 throughout
1428 489 126 68 the
1579 489 289 73 Tourist
1913 495 304 75 Resorts
2265 506 80 66 of
2381 508 126 68 the
2552 509 267 73 World

97 633 60 19 VOL.
172 634 18 17 4.
220 633 39 19 No.
276 635 44 17 19C.

2873 669 33 19 P.B
2911 669 217 26 ICE—THKEEPEN
3132 676 32 19 CE

1245 641 139 22 EOTOBUA,
1401 641 58 21 IS.Z-,
1477 641 185 24 WEDNESDAY,
1680 642 52 20 SEP
1736 644 7 18 1
1748 642 99 21 EMBER
1858 646 20 21 2,
1896 648 49 17 1896.

99 715 23 24 BY
136 715 87 24 SPECIAL
248 717 74 41 mg
334 717 150 26 APPOINTMENT

129 764 58 25 ASK
212 764 145 27 GROCERS
382 766 57 26 FOR

181 929 155 66 MOATE
350 932 40 63 &
407 932 86 65 Go's

128 1030 160 27 CEYLON
335 1050 6 12 ,

129 1065 132 27 INDIAN
294 1066 29 26 &

127 1101 183 26 BLENDED

205 1141 152 20 AWARDED

101 1167 70 24 GOLD
182 1168 56 24 AND
249 1169 96 23 SILVER
356 1171 109 24 MEDALS

115 1207 60 27 Why
190 1209 45 26 buy
249 1209 97 21 Inferior
360 1211 56 21 Teas
430 1212 64 20 when

69 1240 42 19 you
125 1240 43 14 can
183 1237 36 23 get
233 1236 24 20 N.
274 1236 27 20 M.
318 1237 16 19 &
350 1237 55 20 Co.'s
419 1239 24 19 at
458 1239 36 19 the

69 1266 59 14 same
143 1261 66 26 price.
242 1262 35 20 All
292 1263 77 20 others
388 1270 39 14 are
442 1265 52 25 only

68 1287 73 25 copies
158 1288 23 19 in
202 1293 71 19 name,
288 1289 45 20 and
355 1295 38 15 are
408 1291 86 24 pushed

68 1313 35 21 for
115 1314 64 20 extra
193 1315 73 25 profit.

115 1348 14 13 A
138 1348 45 16 proof
193 1348 16 13 of
221 1348 26 14 the
259 1350 64 16 superio:

99 1364 40 14 Co.'s
149 1365 38 13 Teas
194 1365 12 13 is
216 1366 27 12 the
252 1366 32 12 fact
294 1366 28 13 thai

98 1385 26 9 ore
134 1380 77 15 hundreds
223 1382 15 12 of
249 1383 55 15 packer,
314 1384 32 11 teas
357 1387 20 8 on
389 1385 26 11 tno
425 1388 29 8 mar-

99 1397 32 16 ket,
149 1397 18 14 N.
180 1397 21 14 M.
214 1398 12 13 it
240 1399 40 13 Co.'s
296 1399 38 12 Teas
348 1403 27 9 are
391 1399 16 14 in
425 1400 38 14 snoh

99 1413 65 14 demand
174 1414 33 13 that
220 1414 36 16 thoy
268 1414 29 14 sell
308 1415 53 17 nearly
373 1416 90 13 one-fourth

98 1430 17 13 of
131 1430 27 13 the
175 1430 48 14 whole
241 1431 16 13 of
273 1432 28 12 tho
318 1433 25 11 tea
360 1433 88 13 consumed.

68 1449 103 25 SOLD
207 1451 258 24 EVERYWHER

154 1565 48 25 Do
214 1566 57 24 not
284 1566 118 31 Forget

153 1614 250 44 CRAIG'S

116 1677 165 18 CURIOSITY
301 1678 80 18 SHOP
399 1678 47 18 and
471 1661 10 35 1

209 1705 140 22 MUSEUM,
471 1696 10 42 fj

139 1744 112 24 Opposite
259 1745 79 18 Grand
345 1745 76 22 Hotel,
471 1737 10 34 |

68 1785 21 32 |
101 1785 125 26 PRINCES
238 1785 44 28 ST,
294 1772 187 44 AUCKLAND.'^

150 1908 141 17 INSURG
316 1909 92 15 inilTH

63 1941 51 17 TELE
118 1941 81 17 SOUTH
209 1941 96 17 HRITISH
313 1942 77 17 FIRE&
399 1942 97 17 MARINE

137 1963 41 17 Cot.
190 1964 29 15 OF
231 1963 56 17 NEW
294 1963 122 17 ZEALAND.

60 1985 72 16 Capitai
392 1987 103 17 .£i,noo,ooo

107 2006 94 16 Unlimited
216 2006 74 21 liability
299 2006 18 16 of
324 2006 128 17 Shim-holders.

61 2027 57 21 Being
126 2033 8 10 n
145 2027 76 17 Colonial
236 2027 102 16 Institution
352 2027 62 17 Piofits
428 2033 28 10 lire
469 2028 18 16 in-

211 2048 57 17 vested
276 2048 68 22 locally.

61 2069 50 17 Head
127 2070 58 19 Office,
404 2068 91 19 Auckland

61 2091 50 16 Local
122 2093 52 19 ngent
352 2091 11 17 J
381 2091 26 18 W.
417 2091 78 22 Wrijtley

63 2153 210 44 Rotopua
297 2152 195 46 Sawmill

149 2209 246 56 Company.

68 2296 118 18 fTTHITE
201 2297 52 16 AND
272 2296 52 18 RED
343 2296 62 18 PINE
425 2296 20 18 of
461 2296 33 18 the

76 2324 27 13 ty
147 2319 56 18 finest
211 2319 77 23 quality
292 2319 39 18 and
346 2319 91 23 carefully
454 2322 38 15 cut.

244 2343 64 17 ALSO

58 2370 90 29 Matai,
180 2370 127 27 Pukatea,
336 2371 52 22 and
415 2371 79 23 Tawa

98 2401 129 29 Shingles,
240 2401 115 29 Palings,
369 2401 97 22 Blocks

202 2431 51 23 and
261 2431 83 23 Posts-

83 2462 19 19 A
115 2463 53 25 good
179 2463 40 18 and
230 2463 90 18 assorted
332 2463 73 25 supply
416 2463 77 23 always

57 2496 25 11 on
92 2489 55 18 hand
157 2491 21 17 at
188 2488 34 19 the
232 2488 83 20 Timber
325 2489 63 23 Yard,

181 2521 182 17 ROTORUH,

58 2550 51 20 N.B.
112 2550 106 25 —Special
228 2557 45 12 care
284 2550 62 20 taken
357 2551 19 18 in
396 2551 35 19 tho
448 2557 33 13 sea-

232 2576 79 25 soning.

57 2614 106 18 PRICES
177 2613 39 19 AT
230 2613 143 19 CURRENT
386 2614 105 19 RATES.

96 2646 38 18 W.
150 2645 167 22 HENSHAW,
327 2645 120 24 Manager.

120 2698 47 19 ider
176 2698 130 23 Vice-regal
321 2698 147 23 Patronage.)

57 2765 67 26 rpo
148 2764 247 20 TOURISTS,
420 2765 17 17 E
450 2770 11 12 t
475 2770 15 12 c.

71 2790 14 18 L
112 2792 114 13 REAI'TII'I'I.
235 2792 101 13 I'RESKXTS
348 2792 38 12 FOR
395 2792 64 13 HOME.

78 2812 51 22 Very
145 2810 110 19 Handsome
270 2811 62 17 Inlaid
352 2811 73 21 Tables;
442 2811 37 18 Cab-

54 2835 55 18 inets,
124 2834 59 17 Jewel
197 2834 61 19 Cases,
273 2836 42 17 etc.,
332 2834 24 17 all
370 2834 55 17 made
442 2835 49 16 from

56 2858 31 17 the
96 2858 55 18 finest
157 2858 20 17 of
183 2857 45 18 New
236 2857 98 18 Zealand's
342 2857 67 19 Forest

55 2881 111 18 Patronised
175 2881 25 22 by
210 2881 35 16 His
254 2880 113 23 Excellency
377 2881 32 17 the
418 2881 46 17 Earl
472 2881 19 17 of

54 2905 95 21 Glasgow.
160 2904 54 20 K.C.,
229 2904 83 17 8.M.G..
331 2904 36 17 and
381 2904 67 21 nearly
465 2904 26 17 all

54 2928 32 16 the
94 2927 88 22 nobility,
193 2926 70 18 British
273 2926 39 18 and
316 2926 83 24 Foreign
405 2926 84 23 Officers,

54 2951 38 16 and
101 2952 69 21 gentry
180 2949 42 19 who
236 2950 48 18 have
299 2950 66 17 visited
379 2951 49 17 New
442 2951 36 16 Zea-

54 2969 52 22 land'.

86 3004 29 18 W.
130 3004 104 21 NORRIE,
244 3005 40 21 Top
294 3005 19 17 of
322 3004 139 18 Sliortland-st.

54 3128 435 36 CARPENTER,

160 3169 104 18 FENTON
282 3169 101 21 STREET,

148 3202 100 18 OITOSITE
297 3203 79 16 GliAXl).

53 3359 116 20 BARBER
190 3359 60 19 AND
280 3358 208 24 HAIRDRESSER,

52 3399 94 43 BEGS
157 3401 20 18 to
188 3405 104 13 announce
303 3399 45 18 that
355 3399 25 18 ho
391 3399 39 18 has
435 3406 42 11 com-

122 3425 83 20 menced
216 3425 92 19 business
318 3424 21 20 in
352 3425 33 18 (he
402 3425 51 25 shop
468 3425 21 18 in

52 3455 36 18 tho
103 3452 33 18 old
153 3455 59 18 town,
233 3450 96 26 formerly
349 3452 96 24 occupied
462 3450 28 25 by

52 3480 35 19 Mr
96 3478 125 22 McFadyen,
230 3477 86 23 saddler,
334 3478 41 17 and
390 3477 64 25 hopes
468 3479 21 16 to

53 3505 60 20 merit
124 3512 11 11 a
145 3506 59 16 share
216 3504 21 17 of
247 3502 34 20 the
292 3503 68 25 public
371 3506 90 22 support.

136 3537 158 19 RAZORS
324 3537 76 18 SET.

75 3606 23 18 A
106 3604 84 20 Choice
202 3603 151 17 Assortment
366 3603 27 17 of
404 3603 71 18 Tobac-

52 3634 46 17 cos,
109 3628 86 22 Cigars,
207 3626 130 22 Cigarettes
345 3626 19 18 &
371 3626 118 19 Smoker's

52 3652 140 23 Requisites.

211 3725 111 20 AGENCY,

73 3761 101 16 Victoria
187 3759 89 18 Arcade,
291 3757 71 18 Qi:ke.v
379 3756 84 17 Street.

51 4042 123 24 Plumber
192 4040 22 22 &
224 4037 113 24 General
350 4036 137 24 Mechanic

143 4099 132 19 Tutanekai
295 4095 93 21 Street,

815 896 282 52 ROTORim
1141 898 127 47 .NEW
1305 901 273 45 ZEJUJq,ND.

523 983 178 42 ROTORUA.—
702 985 45 17 This
756 985 105 17 wonderful
868 985 73 18 district
949 986 15 17 is
973 987 130 22 unparalleled
1112 988 19 17 in
1141 988 32 17 the
1181 989 69 17 known
1260 990 60 17 world
1329 990 30 17 for
1366 991 33 16 the
1408 990 80 18 number
1496 991 37 16 and
1541 991 74 22 variety
1624 993 20 16 of
1652 993 25 16 its
1684 993 89 17 Thermal
1783 993 60 22 Sprini

562 1007 4 28 i
589 1007 27 17 As
623 1012 13 12 a
644 1007 66 18 health
718 1009 63 17 resort
786 1009 26 17 its
819 1009 110 23 popularity
936 1009 17 18 is
960 1009 77 24 rapidly
1044 1011 113 23 increasing,
1166 1011 40 18 and
1217 1012 43 18 that
1275 1014 80 21 entirely
1373 1019 24 11 on
1410 1014 25 17 its
1453 1019 42 11 own
1511 1014 70 21 merits,
1600 1021 20 11 as
1636 1016 85 17 hitherto
1737 1016 71 18 nothini

520 1030 47 16 been
578 1030 47 16 done
635 1036 18 10 m
663 1030 32 17 the
704 1037 42 15 way
755 1032 21 17 of
783 1032 122 23 advertising.

545 1052 84 18 Patients
639 1052 92 25 suffering
738 1054 48 18 from
797 1054 85 21 Chronic,
893 1055 101 20 Articular,
1004 1056 38 17 and
1050 1057 98 18 Muscular
1155 1058 129 20 rheumatism.
1294 1059 58 20 Gout,
1362 1059 102 18 Rhumatic
1471 1059 56 21 Gout,
1541 1060 46 17 Skin
1595 1061 93 21 Diseases,
1705 1062 87 19 Sciatica,
1809 1062 44 18 Lum-

520 1077 56 21 bago,
595 1077 111 22 Neuralgia,
726 1078 85 17 Nervous
828 1078 124 21 Exhaustion,
970 1078 79 18 Uterine
1066 1080 98 21 Ailments,
1183 1081 37 17 and
1237 1082 56 22 tardy
1309 1083 142 17 eonvalesceuse
1468 1084 48 17 from
1533 1085 54 16 acute
1604 1084 80 18 diseases
1702 1091 43 15 may
1761 1085 40 21 rely
1818 1092 50 14 upon

521 1099 100 22 obtaining
629 1104 91 14 immense
729 1100 59 22 relief,
799 1101 36 17 and
844 1103 19 15 in
871 1102 32 16 the
911 1102 91 22 majority
1011 1103 20 17 of
1039 1108 51 12 cases
1099 1110 11 10 a
1119 1104 92 22 complete
1220 1110 49 12 cure.

543 1159 54 17 THE
611 1160 111 18 PRTESTS
732 1161 145 18 BATH.—Tin's
886 1162 15 17 is
910 1162 87 23 strongly
1006 1163 48 18 acid,
1068 1164 113 20 aluminous,
1197 1164 80 22 sulphur
1293 1167 64 19 water,
1376 1167 65 22 acting
1458 1172 20 12 as
1495 1173 11 11 a
1521 1168 93 21 powerful
1631 1169 43 17 skin
1690 1169 105 17 stimulant.
1827 1169 41 18 Hot

536 1184 22 15 ad
568 1184 41 16 cold
619 1184 87 18 showers,
717 1184 36 16 an.!
764 1185 80 17 douches
854 1190 30 12 are
893 1185 90 22 provided
992 1186 38 18 and
1039 1186 126 23 comfortably
1173 1188 86 17 enclosed
1268 1188 87 23 dressing
1364 1195 61 12 rooms

544 1205 114 18 MADAME
679 1207 127 18 RACHEL'S
826 1208 145 18 BATH.—This
980 1209 106 18 celebrated
1095 1211 70 21 Spring
1173 1211 15 16 is
1197 1217 11 10 a
1223 1211 63 17 Saline
1300 1214 60 15 water
1373 1213 47 17 with
1436 1212 90 22 Silicates,
1541 1214 37 17 and
1592 1214 34 18 has
1642 1221 25 11 an
1681 1215 81 18 alkaline
1779 1216 88 17 reaction.

538 1230 21 14 he
569 1233 57 12 water
635 1235 16 10 is
659 1230 41 17 also
709 1236 22 11 us
738 1230 17 17 k!
763 1231 102 22 internally
874 1232 29 16 for
911 1232 24 17 its
943 1232 99 17 beneficial
1051 1233 63 18 action
1122 1239 25 11 on
1155 1233 32 17 the
1196 1233 85 19 kidneys.

544 1252 52 16 THE
617 1252 70 18 BLUE
708 1253 145 18 BATH.—This
869 1254 15 17 is
901 1255 32 17 the
948 1255 73 23 largest
1037 1256 77 17 natural
1131 1256 91 18 swimmin

520 1275 81 16 invalids
610 1281 10 10 a
629 1281 65 11 means
703 1277 19 15 of
731 1277 68 21 taking
807 1277 81 22 painless
897 1279 86 18 exorcise,
994 1279 61 17 which
1065 1279 45 22 they
1119 1279 68 22 highly
1195 1285 30 16 api

544 1298 52 17 THE
606 1298 123 19 SULPHUR
738 1300 105 17 VAPOUR
853 1300 145 19 BATH.—This
1004 1301 17 18 is
1025 1308 12 11 a
1042 1302 79 18 natural
1124 1302 35 18 hot
1162 1308 63 17 vapou

520 1320 54 23 perly
583 1322 120 18 constructed
712 1323 59 19 chest,
781 1324 18 16 in
809 1323 61 18 which
875 1324 33 17 the
913 1324 34 18 the
951 1324 76 22 patient
1035 1326 39 19 sits,
1085 1326 55 17 while
1150 1332 10 10 a
1167 1327 55 16 streai

545 1345 51 16 THE
617 1345 60 17 NEW
698 1345 123 19 SULPHUR
842 1347 145 19 BATH.—This
999 1348 16 16 is
1028 1355 11 10 a
1051 1355 46 14 very
1110 1349 65 20 sirens?
1187 1349 38 17 acid

628 1367 16 18 >f
659 1369 115 17 rheumatisi:

635 1392 136 18 aeeonimodati

1015 1371 39 17 The
1063 1372 47 17 bath
1124 1372 59 17 house
1199 1373 15 17 is
1231 1372 76 18 divided
1322 1374 42 17 into
1380 1374 68 18 Ladies

1254 1258 45 17 hath
1315 1258 20 17 in
1350 1259 33 17 the
1399 1259 94 17 Southern
1502 1260 130 22 Hemisphere.
1658 1261 20 18 It
1687 1261 69 18 affords
1764 1262 104 17 rheumatic

1254 1280 54 18 ciate.

1252 1303 65 23 liighly
1324 1305 82 22 charged
1412 1305 46 17 with
1465 1306 78 21 sulphur
1552 1312 60 16 gases,
1625 1308 106 17 conducted
1743 1308 42 17 into
1799 1314 11 12 a
1823 1314 33 17 pro-

1254 1326 8 18 f
1265 1327 90 23 palpable
1364 1327 80 24 sulphur
1448 1328 17 18 is
1469 1329 59 23 being
1533 1330 108 23 constantly
1646 1330 99 23 deposited
1749 1336 26 13 on
1780 1331 33 18 the
1820 1331 47 18 skin.

1258 1352 59 15 water
1329 1352 21 16 of
1362 1351 46 22 high
1421 1353 132 21 temperature,
1568 1353 38 16 and
1622 1354 87 22 strongly
1726 1355 141 16 recommended

1253 1373 54 17 vided
1322 1374 42 17 into
1380 1374 68 18 Ladies
1465 1375 37 17 and
1519 1376 120 17 Gentlemens
1656 1377 130 20 departments
1800 1378 36 17 and
1853 1378 14 17 is

545 1413 52 18 THE
607 1413 163 20 ELECTRICAL
779 1416 253 19 DEPARTMENT.—This
1042 1418 119 22 department
1176 1419 16 17 is
1209 1419 70 22 replete
1296 1420 47 17 with
1357 1421 33 17 the
1406 1422 49 17 most
1469 1422 78 17 modern
1563 1422 107 21 appliances
1688 1424 29 17 for
1732 1424 90 19 carrvinff
1836 1425 32 15 out

521 1442 74 12 various
606 1440 57 14 tonus
672 1438 21 18 of
701 1439 79 17 medical
789 1439 91 18 electrical
891 1440 102 18 treatment
1001 1441 19 16 in
1030 1441 49 17 their
1090 1441 87 23 entirety.

546 1460 51 17 Till;
605 1461 190 18 IIYDROPATHIC
804 1463 111 17 PACKING
924 1463 53 17 AND
985 1464 120 18 MASSAGE
1111 1465 225 19 DEPARTMENT.-A
1343 1467 55 17 series
1404 1468 19 16 of
1429 1473 62 12 rooms
1498 1474 31 11 are
1538 1468 97 19 furnished
1644 1470 38 16 and
1691 1471 28 16 set
1726 1472 56 21 apart
1788 1470 29 17 for
1823 1471 44 17 each

521 1488 39 15 sex,
567 1489 19 10 in
592 1485 55 15 order
653 1485 20 16 to
682 1491 54 16 carry
743 1487 33 16 out
785 1486 37 17 tins
828 1488 103 20 important
936 1487 81 22 adjunct
1022 1489 19 16 to
1049 1489 107 16 treatment.
1163 1489 39 17 The
1208 1489 78 17 services
1293 1490 19 16 of
1317 1496 11 11 a
1333 1491 90 21 qualified
1429 1491 95 17 Masseuse
1530 1492 37 16 and
1573 1492 85 17 Masseur
1667 1499 31 11 are
1707 1493 113 18 obtainable.

522 1539 89 17 Resident
620 1539 108 22 Engineer:

591 1563 117 18 CAMILLE
721 1564 132 21 MALFROT,
864 1564 45 20 Esq.

1415 1547 91 17 Resident
1514 1548 81 17 Medical
1604 1547 170 23 Superintendent:

1492 1571 103 17 ALFRED
1609 1571 120 21 GINDERS,
1743 1573 54 17 M.D.

766 1860 20 15 10
800 1852 69 23 miles
882 1852 75 31 from
976 1852 123 30 Rotorua,
1121 1853 134 31 adjoining
1268 1855 152 31 interesting
1430 1857 82 22 native
1523 1858 144 24 settlement.

1042 2010 68 23 PA
1134 2010 25 24 T
1174 2011 24 23 R
1218 2010 21 24 O
1258 2011 33 23 N
1307 2011 21 23 S
1339 2020 9 18 ;

660 2048 55 18 Earl
740 2048 27 18 of
788 2048 106 23 EZintore,
920 2048 56 19 Earl
1000 2050 28 17 of
1049 2050 101 22 Onslow,
1172 2051 104 23 Marqui3
1298 2051 26 19 of
1343 2052 129 24 Drogheda,
1495 2053 60 18 Lord
1576 2053 148 24 Carrington.

520 2079 88 35 rpTIIS
622 2079 94 20 HOTEL
726 2080 37 19 has
773 2080 89 24 recently
873 2081 51 18 been
934 2081 143 25 considerably
1086 2082 102 25 enlarged,
1201 2083 115 24 renovated,
1328 2084 41 19 and
1380 2084 130 20 refurnished
1519 2085 114 25 regardless
1642 2086 21 19 of
1679 2093 94 19 expjnse,
1793 2087 39 19 and
1849 2088 16 18 is

526 2102 24 22 JL
586 2105 73 25 widely
669 2105 74 19 known
755 2107 31 18 for
797 2107 26 18 its
833 2107 99 18 excellent
941 2107 179 23 accommodation,
1132 2109 88 22 Cuisine,
1232 2110 33 18 &c.

894 2141 75 23 Here
980 2151 47 14 are
1039 2142 40 23 the
1093 2142 81 32 Chief
1182 2144 87 30 Sights
1281 2145 33 30 of
1321 2145 41 23 the
1374 2145 119 23 District.

647 2181 48 18 The
703 2181 141 19 Wonderful
854 2182 80 18 Steam
943 2182 46 19 and
999 2183 48 18 Hot
1056 2184 84 18 Water
1149 2184 129 24 Petrifying
1287 2185 100 23 Geysers
1402 2185 80 24 playing
1493 2186 66 23 nearly
1577 2187 33 17 100
1627 2187 38 17 feet

519 2203 132 24 Petrifying
659 2204 107 24 Geysers,
778 2204 128 19 Cauldrons
915 2205 26 18 of
947 2205 92 24 Boiling
1046 2206 59 19 Mud
1114 2207 46 18 and
1169 2207 42 18 Oil.
1237 2208 76 23 Spout
1321 2209 67 22 Bath,
1400 2204 38 23 Oil'
1444 2209 66 22 Bath,
1521 2210 69 18 Alum
1601 2210 60 18 Bath
1669 2211 21 18 &
1705 2211 78 19 Jack's
1797 2211 66 19 Bath.

519 2227 80 19 Known
609 2228 33 18 for
649 2228 33 19 the
690 2229 155 23 extraordinary
854 2235 57 12 cures
918 2230 21 18 of
949 2229 150 26 Rheumatism,
1110 2231 118 25 Neuralgia,
1238 2231 114 27 Lumbago,
1361 2233 92 24 Sciatica,
1462 2232 87 26 Kidney,
1562 2234 61 18 Liver
1632 2234 40 19 and
1679 2235 58 18 other
1745 2235 119 25 complaints

633 2261 44 47 C.
703 2262 42 46 E.
768 2262 236 51 .NELSOJi
1117 2290 17 7 -
1223 2291 16 6 -
1328 2293 18 5 -
1468 2267 279 56 Proprietor.

929 2320 103 27 Guide
1136 2337 10 4 -
1216 2337 11 5 -
1329 2324 126 25 Sonhia.

938 2478 38 23 On
1000 2479 40 23 the
1065 2479 90 24 Direct
1178 2481 81 22 Route
1279 2485 23 19 to
1321 2482 120 23 Rotorua-

753 2518 45 17 For
814 2518 106 22 Scenery,
937 2518 110 19 Curative
1059 2519 131 23 Properties
1199 2521 27 18 of
1232 2521 39 18 the
1281 2521 74 19 Baths
1364 2522 45 18 and
1418 2523 207 22 accommodation,

659 2549 124 25 EXCEL
814 2549 70 25 ALL
917 2549 141 26 PLACES
1089 2551 47 25 OF
1166 2552 73 25 THE
1274 2552 87 27 KIND
1395 2554 32 25 IN
1459 2554 74 25 THE
1565 2554 161 27 COLONY.

541 2613 66 19 These
619 2613 92 25 Springs,
722 2613 67 20 which
800 2613 31 20 for
842 2613 52 19 their
913 2613 96 20 Curative
1020 2613 116 26 Properties
1147 2615 38 19 and
1196 2615 138 21 Comfortable
1345 2617 96 25 Fittings,
1453 2617 51 19 have
1517 2617 48 19 been
1583 2620 130 23 pronounced
1729 2620 27 25 by
1772 2621 28 18 all
1816 2621 44 19 who

515 2639 52 18 have
586 2639 75 19 visited
680 2639 57 20 them
754 2645 75 14 second
847 2645 24 12 to
888 2645 54 14 none
958 2646 23 13 i.v
998 2639 52 20 New
1067 2641 105 19 Zealand.
1201 2641 41 19 The
1257 2648 110 14 numerous
1377 2643 135 20 testimonials
1521 2644 93 20 received
1623 2651 23 13 as
1656 2648 22 17 to
1687 2646 56 20 their
1752 2653 57 13 cures
1819 2647 41 20 and

515 2666 85 18 comfort
611 2666 76 18 should
706 2666 26 18 be
750 2666 98 18 sufficient
865 2666 21 18 to
902 2666 72 19 induce
990 2666 92 20 Tourists
1098 2667 41 18 and
1152 2669 68 17 others
1237 2670 20 16 to
1267 2669 47 18 visit
1326 2669 62 19 them.
1416 2669 33 20 No
1460 2673 57 16 extra
1527 2670 74 25 charge
1613 2671 16 19 is
1639 2673 60 18 made
1709 2673 32 18 for
1750 2673 35 19 the
1795 2680 35 12 use
1840 2674 20 18 of

515 2692 34 18 the
560 2692 61 18 baths
631 2695 20 16 to
661 2698 84 18 persons
757 2692 80 24 staying
847 2693 21 17 at
878 2692 34 17 the
922 2692 61 19 hotel.

834 2739 83 24 THE
943 2728 532 40 OKOP^IRE~SANATORIUM

540 2780 22 18 Is
572 2780 109 18 connected
691 2779 51 20 with
753 2779 35 19 the
797 2779 134 26 Telegraphic
941 2782 75 23 system
1027 2780 21 20 of
1058 2781 34 19 the
1103 2780 82 26 Colony,
1196 2782 34 19 the
1237 2782 117 26 Telegraph
1365 2784 61 19 Office
1436 2784 108 25 adjoining
1554 2785 34 18 the
1599 2785 71 19 Hotel.
1699 2786 35 19 All
1742 2787 118 25 Telegrams

515 2805 101 26 promptly
626 2806 79 23 replied
715 2809 26 15 to.

541 2832 95 23 Coaches,
649 2832 99 25 P.uggies,
760 2831 40 19 and
811 2831 141 24 Conveyances
960 2833 22 17 of
992 2832 26 19 all
1030 2833 60 18 kinds
1109 2833 57 19 leave
1184 2833 40 19 this
1241 2833 64 20 Hotel
1321 2841 26 12 on
1366 2835 111 25 Tuesdays,
1498 2835 123 27 Thursdays,
1640 2838 41 19 and
1700 2838 119 26 Saturdays,
1838 2846 22 12 or

515 2858 54 24 daily
579 2858 16 18 if
607 2859 103 24 required.
753 2857 87 19 Persons
858 2864 25 11 en
902 2860 57 16 route
978 2858 32 19 for
1028 2858 92 20 Rotorua
1134 2866 34 12 are
1187 2859 102 20 therefore
1309 2860 86 20 enabled
1417 2865 19 15 to
1456 2862 47 18 visit
1513 2862 34 18 the
1563 2863 92 19 wonders
1665 2864 21 19 of
1700 2864 103 26 Okoroire,
1815 2854 45 31 'and

515 2884 60 25 enjoy
585 2884 36 19 the
631 2884 89 18 Natural
731 2883 44 20 Hot
785 2883 64 19 Baths
859 2883 40 18 and
907 2890 12 11 a
928 2884 57 24 day's
995 2888 42 15 rest
1046 2885 94 24 previous
1151 2888 20 16 to
1182 2886 139 25 undertaking
1331 2893 12 13 a
1352 2887 88 26 journey
1450 2890 20 16 to
1481 2888 34 18 the
1526 2888 73 19 Lakes.

1074 2933 83 16 THIS
1182 2933 120 17 HOTEL

686 2960 45 19 Has
739 2960 91 24 recently
840 2960 5 16 1
853 2965 36 13 een
901 2960 84 22 erected,
995 2960 40 19 and
1049 2961 18 18 is
1077 2961 77 25 replete
1164 2962 49 18 with
1229 2969 60 17 every
1300 2964 85 18 comfort
1395 2964 32 18 for
1437 2964 91 18 Tourists
1539 2965 39 18 and
1588 2965 99 20 Invalids.

542 2986 187 19 Note.—Tourists
738 2989 22 16 to
770 2985 102 20 Botorua!
901 2985 29 18 Be
941 2992 45 12 sure
1000 2989 20 16 to
1037 2987 48 18 take
1103 2994 52 17 your
1173 2989 83 23 railway
1275 2989 73 19 tickets
1367 2990 32 18 for
1414 2989 115 21 Okokoiee.
1566 2991 143 26 Conveyances
1724 2996 52 16 meet
1795 2994 64 18 trains

515 3013 103 23 Okoroire,
629 3013 97 25 carrying
734 3018 122 20 passengers
866 3014 20 15 to
897 3011 62 19 Hotel
970 3012 43 18 free
1029 3013 20 18 of
1059 3013 81 24 charge.

687 3046 51 46 L.
778 3045 382 57 CALLAGHAN,

1485 3051 254 56 Manager.

1233 3323 12 53 I
1312 3325 165 53 AND
1524 3326 207 57 CO.'S

772 3391 245 42 EXPRESS
1052 3391 136 39 LINE
1224 3392 70 42 OF
1331 3395 264 40 COACHES.

513 3445 230 56 Carrying
762 3444 96 46 .Her
884 3443 254 57 .Majesty's
1173 3444 136 47 JVVails
1341 3458 52 36 as
1431 3458 82 45 per
1544 3448 300 52 Time-tables

676 3514 274 20 TAITKANGA-KOTOKTTA
962 3514 71 17 LINE.

667 3548 68 22 depart
782 3546 86 22 Tuesday
877 3545 37 17 oitd
922 3544 96 23 Saturday
1073 3546 11 16 8
1092 3551 44 12 a.m.

664 3572 61 16 arrive
814 3583 11 5 ~
969 3581 11 7 ><
1033 3569 51 16 10.30
1092 3575 44 11 a.m.

1029 3660 51 17 12.30
1089 3666 45 16 p.m.

1028 3683 51 16 12.45
1089 3689 45 16 p.m.

1038 3706 40 16 O.li
1089 3712 45 16 p.m.

1185 3546 85 17 llotorua

1185 3569 97 18 Ateamuri

1184 3592 93 18 Wairakei

1183 3615 70 23 TaupO]

1183 3638 70 23 Taupo,

1183 3661 93 17 Wairakei

1183 3685 102 19 Ateamuri,

1182 3706 90 20 Rotorua,

1363 3518 217 18 EOTORUA-TAUPO
1596 3520 43 16 LIN
1640 3518 4 19 T
1644 3520 22 17 E.

1325 3547 67 23 depart
1439 3549 119 23 Wednesday
1574 3550 37 17 and
1632 3551 96 23 Saturday

1483 3640 55 23 rsday
1553 3642 37 16 and
1606 3642 85 22 Monday

678 3763 127 34 Special
818 3763 229 31 Conveyances
1061 3762 157 31 arranged
1230 3762 49 25 .for
1292 3763 34 25 at
1338 3763 54 25 the
1406 3764 146 26 Shortest
1564 3765 120 26 Notice.

836 3798 200 28 STABLES:
1054 3798 169 26 Tutanekai
1252 3798 111 32 Street,
1387 3800 142 26 Rotorua.

673 3842 115 33 Buggies,
806 3840 118 32 Geacfyes
941 3839 50 32 ai?d
1010 3838 95 28 Saddle
1233 3847 31 25 01?
1281 3839 51 33 fyire
1350 3849 31 15 er->
1400 3842 44 26 the
1463 3840 118 33 (Shortest

995 3880 130 16 TEF27Ifi:S
1153 3881 216 17 MODERHTe.

860 3911 144 30 Telegrams
1016 3909 54 23 and
1079 3910 100 22 Letters
1186 3910 150 31 punctually
1350 3911 117 22 attended
1476 3913 29 21 to.

510 3981 76 26 NB.
623 3979 115 26 Please
750 3977 75 26 note
838 3976 131 25 address

630 4021 61 63 e.
743 4014 458 69 ROBeRTSON
1248 4014 48 65 &
1332 4016 127 66 m.
1498 4023 233 50 Rotorua.

840 4094 306 45 contractors
1171 4088 76 46 fop
1261 4089 181 47 Messrs
1464 4089 43 46 T.
1530 4089 126 47 Cook
1677 4092 47 47 &
1746 4092 104 47 Son.

1893 752 439 65 GEYSER
2406 761 369 65 HOUSE

2087 950 36 19 Six
2133 952 58 19 miles
2199 953 52 19 from
2262 954 57 19 Lake
2329 955 70 26 Taupo
2411 957 100 24 (Rotorua
2520 959 60 26 side.)

2067 1013 181 29 SUPERIOR
2269 1018 334 31 ACCOMMODATION.

2091 1070 51 17 ALL
2153 1071 53 18 THE
2218 1073 136 20 COMFORTS
2366 1075 33 18 OF
2411 1076 17 17 A
2440 1076 76 18 HOLME
2528 1079 51 17 FOII

2137 1106 147 21 TOURISTS
2300 1110 66 18 AND
2380 1111 153 22 INVALIDS.

1890 1175 66 26 Hot
1980 1176 190 33 Swimming
2191 1179 110 33 Baths,
2328 1181 184 30 Kiri-o-Kai
2533 1192 35 19 or
2595 1187 79 26 New
2699 1188 79 26 Skin

1966 1218 94 31 Bath,
2073 1218 65 25 Hot
2150 1219 131 27 Douche
2295 1222 111 32 Baths,
2427 1224 110 27 Grand
2559 1228 145 27 Climate.

2008 1259 172 27 Elevation
2201 1262 91 31 1,350
2311 1263 64 26 feet
2389 1265 100 26 above
2502 1273 54 21 sea
2569 1268 92 26 level.

1891 1306 198 24 COMPETENT
2104 1308 121 25 GUIDES
2241 1317 123 21 accompany
2379 1315 83 19 tourists
2479 1318 19 16 to
2516 1317 34 19 the
2571 1319 81 19 various
2674 1320 67 25 places
2759 1321 21 19 of

2023 1334 89 23 interest,
2123 1336 64 18 which
2200 1336 58 20 bafflo
2269 1338 35 19 the
2315 1342 52 17 most
2377 1340 59 19 facilo
2446 1348 46 18 pen,
2502 1343 42 19 and
2560 1351 38 12 can
2617 1345 47 26 only
2685 1346 24 19 bo
2727 1347 52 19 real-

1959 1425 131 23 YS6R
2109 1428 197 25 VHLLSY
2321 1432 92 18 contains
2429 1432 34 19 the
2482 1434 103 26 followiug
2603 1437 123 23 unequalled
2737 1437 28 19 Na-

1970 1452 54 18 tural
2044 1452 92 19 wonders
2157 1454 158 23 :—Tuhuatahi,
2337 1464 22 11 or
2382 1458 62 19 Great
2468 1458 133 28 Champagne
2617 1461 115 25 Cauldron;
2746 1464 34 19 the

1971 1479 62 17 treat
2043 1479 108 19 Wairaket
2157 1479 91 26 Geyser;
2262 1482 34 18 the
2306 1482 87 25 Donkey
2404 1483 91 26 Engine;
2509 1486 35 19 tho
2554 1486 54 20 Lath
2619 1489 21 18 of
2650 1488 35 19 the
2695 1488 74 21 Fairies-

1969 1505 35 17 the
2024 1505 114 23 Lightning
2154 1505 62 24 Pool;
2231 1507 34 19 tho
2283 1508 88 19 Cascade
2388 1509 81 24 Geyser,
2488 1518 23 12 or
2528 1512 102 25 Dragon's
2648 1514 84 19 Mouth:
2746 1515 34 20 the

1969 1530 65 18 Black
2042 1530 90 24 Geyser;
2148 1531 34 19 the
2196 1532 50 20 Mud
2258 1534 87 24 Geyser;
2363 1536 33 18 the
2416 1536 51 19 Blue
2485 1536 69 26 Lake;
2564 1539 35 19 the
2617 1540 31 19 Oil
2667 1540 65 19 Bath-
2746 1541 34 19 the

1969 1557 65 23 Lagle
2042 1562 9 12 s
2061 1557 61 23 Nest;
2136 1557 34 19 the
2177 1557 78 21 Devil's
2263 1560 70 19 Lunch
2343 1557 69 30 Bowl;
2429 1562 34 19 the
2471 1562 73 21 Prince
2552 1566 21 17 of
2584 1566 75 18 Wales'
2667 1566 99 20 Feathers
2775 1557 4 30 :

1969 1581 35 18 tho
2024 1581 85 25 Mirror;
2124 1583 35 18 the
2178 1583 57 20 Twin
2255 1586 89 25 Geyser:
2360 1588 35 18 the
2412 1588 58 19 Coral
2488 1589 88 25 Geyser;
2592 1592 34 18 the
2637 1592 66 19 Green
2719 1594 60 18 Pool:

1971 1608 161 20 Terekereheor
2151 1609 48 19 Dell
2218 1611 88 24 Geyser;
2330 1613 35 18 the
2384 1614 68 19 Steam
2473 1614 105 22 Hammer.
2607 1618 85 19 Guide's
2709 1620 33 18 fee
2760 1623 20 15 to

1970 1635 77 24 Geyser
2059 1635 76 25 Valley,
2147 1637 21 17 5s
2177 1635 4 29 ;
2197 1636 89 20 distance
2297 1639 51 18 from
2358 1639 34 19 tho
2406 1640 61 24 hotel,
2482 1643 5 16 I
2500 1642 53 19 mile.

1969 1720 77 25 Rapids
2060 1721 19 17 in
2091 1720 33 20 the
2136 1720 100 21 Southern
2248 1724 45 18 Hen

1970 1749 95 22 amongst
2076 1747 60 18 weird
2147 1747 39 19 and
2198 1750 77 16 num-ed

1970 1772 63 18 miles.
2062 1772 74 19 Saddle
2147 1773 68 20 horses
2227 1791 17 3 -.

2345 1700 37 20 ;or
2401 1698 80 20 Ladder
2498 1700 85 26 Rapids.
2620 1703 43 19 Tho
2680 1703 100 20 Grandest

2329 1725 65 23 ihere;
2410 1725 73 25 falling
2500 1726 19 19 in
2537 1728 31 19 six
2587 1728 82 20 distinct
2688 1731 92 19 cascades

2373 1751 4 28 ■
2405 1751 95 20 Distance
2518 1753 52 20 from
2590 1755 34 18 tho
2641 1755 61 24 hotel,
2723 1757 56 19 three

2347 1777 4 23 .
2366 1777 79 23 Rapids
2460 1779 21 18 7s
2492 1779 26 18 (id
2528 1780 54 19 each.

1893 1831 159 23 KLORTTF
2052 1834 12 12 3
2143 1839 21 12 or
2175 1832 33 19 the
2218 1833 79 20 Devil's
2306 1835 98 26 Trumpet
2424 1837 15 18 is
2459 1837 41 19 said
2521 1841 20 15 to
2561 1840 48 18 emit,
2628 1846 12 12 a
2656 1846 93 19 pressuro
2758 1842 22 18 of

1973 1858 40 17 1801
2019 1858 22 18 lis
2052 1860 21 16 of
2083 1862 63 15 steam
2159 1861 20 16 to
2189 1859 35 18 tho
2234 1860 52 24 inch,
2300 1862 51 18 from
2363 1868 25 12 an
2406 1866 92 22 aperture
2509 1865 21 17 of
2548 1865 64 19 about
2629 1867 72 18 twelve
2711 1867 68 19 inches

1969 1884 21 18 in
2001 1884 104 18 diameter.
2135 1884 96 20 Distance
2250 1886 19 19 fr
2284 1894 18 11 m
2325 1888 53 18 hotel
2398 1888 57 19 three
2472 1890 42 18 aud
2533 1897 12 12 a
2565 1891 45 19 half
2626 1893 69 23 miles;
2709 1893 69 19 saddle

1968 1910 71 18 horses
2049 1913 20 16 to
2076 1910 48 19 visit
2134 1910 34 19 the
2178 1911 70 24 above,
2260 1915 22 16 2s
2293 1914 25 18 Gd
2329 1914 56 19 each.

2265 1973 73 25 ,L_S,
2354 1973 16 19 f'
2372 1980 17 11 ie
2406 1973 101 20 Grandest
2525 1975 55 19 Falls
2591 1976 19 19 in
2629 1977 35 18 the
2682 1978 95 19 southern

2255 2006 45 17 -uny
2314 2000 23 17 bo
2347 1999 73 19 visited
2430 2006 24 12 on
2465 2001 33 18 tho
2511 2008 54 12 same
2585 2003 116 24 expedition
2711 2011 21 12 as
2744 2004 33 19 the

1970 2022 60 18 Devil
2040 2029 9 10 s
2062 2022 102 26 .Trumpet.
2193 2023 97 20 Distance
2300 2025 52 19 from
2363 2025 55 19 hotel
2429 2025 56 20 three
2496 2028 39 18 and
2545 2035 13 11 a
2573 2029 45 19 half
2627 2029 67 19 miles:
2709 2030 68 19 saddle

1967 2047 60 19 horse
2036 2048 104 25 or,buggy
2151 2050 22 17 2s
2183 2049 26 18 Gd
2222 2050 57 19 each.

2447 2113 327 55 Proprietress.

2841 788 123 25 FORT
2987 793 12 20 f

2932 830 143 21 AUCKLANI

2817 955 180 31 High-class
3016 960 108 26 Wines
3146 964 61 24 and

2909 989 115 33 Spirits
3036 992 82 34 kept.

2845 1068 38 25 W.
2919 1070 30 24 H.
2979 1072 201 33 PEARCE,

2925 1107 175 33 Proprietor.

2904 1205 109 18 SYMOXDS
3028 1208 94 21 STREET,

2803 1232 92 22 (Formerly
2904 1235 26 15 Sir
2941 1235 49 17 Fied.
3005 1236 102 18 Whitaker'a
3118 1239 106 20 Residence,)

2943 1265 95 21 Telephone

2824 1291 14 15 A
2847 1291 40 17 Few
2895 1292 61 18 Lndiea
2964 1294 33 16 and
3007 1295 98 17 Gentlemen
3118 1302 31 11 can
3162 1298 20 16 be
3196 1304 19 10 ac-

2802 1313 114 17 commodated
2922 1315 39 16 with
2967 1317 74 19 superior
3047 1317 52 16 Board
3106 1318 14 15 &
3126 1319 98 16 Residence.

2824 1341 35 16 The
2867 1343 52 16 house
2927 1344 14 15 is
2949 1345 73 15 situated
3031 1345 16 15 in
3054 1346 45 20 large
3105 1348 79 19 ground-,
3192 1349 33 15 and

2802 1364 97 15 commands
2906 1366 109 20 magnificent
3025 1367 49 16 views
3081 1369 19 14 of
3109 1369 28 16 the
3146 1369 79 16 harbour.

2824 1393 63 16 Tenuis
2895 1393 60 18 Lawn.

2823 1422 36 16 Ten
2867 1423 80 17 minutes'
2958 1425 43 15 walk
3010 1425 44 16 from
3062 1426 28 15 the
3099 1426 39 17 Post
3147 1427 57 17 Oflice.

2823 1451 41 16 Cars
2874 1454 33 14 and
2916 1453 61 17 Busses
2986 1460 38 15 pass
3033 1456 28 16 the
3066 1458 80 15 entrance
3156 1460 45 17 gate.

2803 1495 47 26 W.
2863 1497 37 25 H.
2920 1498 27 26 &
2967 1499 38 25 H.
3033 1501 30 25 C.
3093 1502 133 33 Wright,

2874 1545 131 22 SXJEGEON
3019 1549 135 22 DENTISTS.

2847 1614 121 24 (Successors
2979 1620 19 16 to
3010 1618 23 18 A.
3045 1618 22 19 L.
3083 1619 101 27 Wright.)

2829 1647 71 26 Notify
2907 1649 46 20 that
2963 1651 47 24 they
3020 1659 34 12 are
3063 1654 118 26 continuing
3192 1656 34 20 the

2803 1672 95 22 Biisinoss
2908 1679 20 15 at
2936 1677 34 18 the
2981 1677 98 21 Premises
3088 1681 35 26 top
3128 1680 23 20 of
3156 1681 70 20 Short-:

2802 1698 126 22 land-street.
2956 1703 40 19 The
3007 1703 111 26 high-class
3134 1708 55 18 work
3205 1708 21 19 o£

2803 1724 33 21 the
2846 1726 40 19 lato
2897 1727 31 19 Mr
2938 1728 23 19 A.
2972 1729 21 18 L.
3007 1729 81 26 Wright
3100 1731 39 20 will
3149 1733 25 19 bo
3191 1733 24 20 ad-

2803 1750 58 21 hered
2874 1755 24 21 to,
2910 1755 37 18 and
2960 1762 39 18 any
3014 1755 36 19 loft
3068 1757 113 21 unfinished
3200 1760 26 24 by

2802 1776 44 21 that
2856 1779 114 24 gentleman
2982 1780 40 21 will
3032 1781 25 20 bo
3071 1785 111 23 completed
3200 1785 26 25 by

2894 1805 34 19 the
2935 1813 43 12 new
2987 1812 147 21 management.

2802 1836 112 24 Telephone
2925 1842 43 17 (157.

2836 1893 21 23 J.
2879 1893 30 25 H.
2931 1894 261 35 BUCHANAN,

2873 1942 95 27 Stone
2982 1944 170 29 Merchant.

2891 1988 176 21 ESTABLISHED
3085 1993 48 18 1892.

2823 2037 115 24 Statuary,
2966 2039 160 21 Monumental
3158 2044 45 18 and

2915 2061 96 19 General
3022 2063 86 20 Mason.

2799 2095 106 19 MARBLE
2914 2098 15 16 &
2935 2098 148 19 FREESTONE
3092 2101 131 19 CHIMNEY:

2822 2118 96 22 PIECES,
2935 2120 126 23 MANTELS,
3076 2124 82 21 VASES,
3169 2126 32 18 &c.
3222 2118 1 27 '

2826 2152 137 28 VICTORIA
2982 2156 116 26 STREET
3116 2158 80 30 EAST,

2801 2191 421 43 HUCKLKND,

2824 2252 87 27 Designs
2930 2256 40 18 and
2987 2256 66 19 Trices
3071 2258 112 21 forwarded
3202 2263 20 16 to

2797 2284 40 19 any
2846 2283 45 21 part
2901 2281 21 19 of
2931 2282 34 18 the
2976 2282 96 20 Province
3082 2290 22 13 or
3111 2284 76 26 Colony
3197 2293 26 12 on

2797 2305 128 25 application.

2846 2362 163 47 Steele
3031 2366 135 47 Bros.

2810 2461 186 43 MARAEROA
3041 2465 169 43 SAWMILL,

2799 2545 130 21 TTkESIRE
2937 2547 25 17 to
2971 2547 74 19 thank
3054 2548 39 18 the
3102 2549 76 23 public
3187 2551 32 18 for

2812 2566 26 21 J
2863 2571 53 20 past
2931 2569 77 19 favors
3023 2571 46 18 and
3083 2572 43 23 beg
3145 2574 24 17 to
3184 2580 24 12 an-

2795 2595 89 15 -ounce
2894 2593 51 18 that
2954 2594 86 22 having
3048 2599 14 13 a
3076 2595 62 23 large
3153 2597 66 18 stock

2796 2614 26 18 of
2831 2615 172 19 well-seasoned
3012 2618 119 19 first-class
3140 2619 79 20 timber

2795 2642 30 13 on
2834 2638 61 18 hand
2904 2639 55 23 they
2968 2645 38 13 are
3015 2642 111 21 prepared
3132 2643 25 17 to
3164 2643 55 19 fulfil

2796 2660 77 19 orders
2882 2662 25 18 at
2915 2658 100 23 reduced
3023 2665 68 17 rates.

2797 2728 49 43 T.
2886 2729 62 44 M.
2989 2730 47 43 H
3038 2731 111 19 Amirsox
3150 2728 4 45 '
3168 2734 30 16 aA-

2829 2791 141 19 BARRISTER
2984 2792 53 19 AND
3046 2794 138 22 SOLICITOR,

2807 2831 38 20 118,
2866 2830 97 20 Victoria
2983 2832 88 23 Arcade,
3092 2835 117 18 Auckland.

2793 3164 72 18 Losses
2874 3165 51 17 Paid
3098 3166 121 24 £20,000,000

2793 3194 50 19 Fire
2856 3196 98 18 Premium
2970 3197 94 18 Exceeds
3111 3198 108 23 £1,500,000

2792 3227 150 17 Accumulated
2945 3229 70 17 Funds
3020 3229 82 17 Exceed
3111 3229 108 22 £1,000,001)

2862 3266 36 19 W.
2921 3267 94 19 WA3D
3033 3268 109 23 BAKER,

2824 3305 97 19 District
2929 3307 36 18 Ma
2970 3312 75 18 nager,
3055 3308 128 20 Auckland.

2876 3345 38 20 W.
2928 3346 27 20 A.
2970 3347 163 23 WILLIAMS,

2850 3385 69 18 Local
2939 3387 83 21 Agent,
3050 3387 108 19 Eotorua.

2844 3463 107 42 DAVID
2982 3463 181 51 SHERRIFF,

2874 3537 111 21 FAMILY
3003 3538 135 26 BUTCHKfi,

2841 3587 15 17 A
2864 3593 57 13 KAWA
2945 3589 89 22 STREET,
3058 3588 105 21 KOTOIfUA.

2813 3634 22 21 Is
2853 3641 45 13 now
2916 3636 95 26 carrying
3029 3643 25 12 on
3073 3637 34 19 the
3123 3638 92 20 business

2788 3668 62 25 lately
2869 3671 111 17 conducted
2999 3670 27 25 by
3043 3671 74 19 Messrs
3134 3672 79 20 Jecklin

2787 3702 40 19 and
2838 3703 73 23 Cotter,
2924 3704 39 19 and
2973 3705 18 18 is
3001 3705 97 24 prepared
3109 3709 19 15 to
3141 3706 72 25 supply

2787 3737 35 18 the
2832 3737 68 24 public
2910 3738 47 19 with
2968 3739 64 24 prime
3040 3738 77 26 quality
3127 3740 21 18 of
3160 3743 52 16 meat

2787 3771 40 18 and
2836 3772 57 18 small
2904 3773 62 23 goods

2859 3815 35 18 AT
2909 3815 116 20 LOWEST
3039 3816 102 19 PRICES.

2812 3894 173 24 WYNYAED
2999 3895 185 28 &PUECHAS,

2846 3944 128 22 Barristers
2982 3952 41 13 and
3033 3945 119 24 Solicitors,

2805 3998 59 19 .N.Z.
2872 3999 117 24 Chambers,
2998 4000 67 20 Queen
3071 4000 26 23 St,
3105 3998 107 24 Auckland

2878 4092 52 20 have
2939 4099 71 19 money
3019 4095 20 16 to
3049 4093 46 19 lend
3107 4100 25 12 on
3149 4095 51 21 Mort-

2802 4123 6 9 '
2818 4112 9 11 *
2873 4124 53 19 gage
2935 4119 21 18 of
2971 4119 98 18 Freehold
3084 4121 40 18 and
3139 4121 61 21 Lease-

2784 4142 47 19 hold
2840 4149 95 19 property
2945 4147 20 16 at
2975 4147 80 17 current
3064 4149 59 16 rates.

2089 2253 59 25 Hot
2176 2254 96 27 Lakes
2291 2256 33 25 of
2342 2256 70 25 New
2431 2256 143 27 Zealand.

2025 2518 28 19 IS
2067 2519 21 18 A
2102 2519 191 21 FIRST-CLASS
2307 2522 205 20 TEMPERANCE
2526 2524 107 20 HOTEL.

1975 2587 236 23 HIN6MOH
2227 2589 200 26 STREET,
2448 2591 238 26 ROTORUH.

1884 2649 84 32 rpiIIS
1981 2651 60 18 NEW
2055 2651 53 18 AND
2121 2652 189 19 COMFORTABLE
2324 2653 216 20 ESTABLISHMENT
2548 2656 16 18 is
2573 2657 82 17 situated
2663 2657 20 17 in
2691 2657 33 17 the
2733 2660 40 14 new

1891 2672 21 20 J_
1946 2674 96 23 township
2051 2674 20 18 of
2080 2674 89 22 Rotorua,
2180 2676 47 17 close
2237 2678 19 15 to
2265 2677 33 17 the
2307 2677 127 18 Government
2449 2677 119 20 Sanatorium
2582 2681 37 16 mid
2632 2680 66 20 Baths,
2713 2679 60 18 which

2206 2700 90 22 comprise
2305 2700 31 18 the
2345 2701 106 16 celebrated

1882 2724 93 20 Friest's
1985 2726 66 22 Bath,
2063 2726 107 19 Madame
2180 2727 86 18 Rachel
2275 2728 78 23 Baths,
2365 2729 138 19 Chameleon
2512 2730 96 19 Douche
2618 2731 65 22 Bath,
2700 2731 73 23 Large

1953 2749 57 18 Blue
2020 2749 137 24 Swimming
2166 2750 65 22 Bath,
2249 2752 102 22 Sulphur
2364 2752 94 23 Vapour
2468 2753 60 18 Bath
2536 2754 46 18 and
2592 2754 111 19 Galvanic

2239 2774 98 24 Battery
2346 2775 65 22 Bath,

1882 2794 69 18 OVER
1964 2796 92 17 WHICH
2072 2796 85 17 LARGE
2175 2797 118 18 BATHING
2310 2799 140 17 PAVILIONS
2470 2800 72 17 HAVE
2563 2800 71 18 BEEN
2654 2801 117 17 ERECTED

1988 2819 45 18 with
2042 2824 101 13 numerous
2152 2819 92 25 Dressing
2260 2822 75 19 Rooms,
2345 2824 35 15 etc.
2406 2822 75 17 Besides
2490 2824 52 16 these
2550 2824 53 17 Ihere
2611 2824 16 18 is
2636 2824 32 17 the

1882 2841 135 19 Pain-killer
2028 2842 67 22 Bath,
2110 2842 134 23 Coffee-pot,
2259 2844 132 19 Cameron's
2405 2845 46 18 and
2465 2846 128 19 Hinemaru
2606 2847 75 18 Baths
2694 2847 23 18 in
2732 2847 40 18 the

2187 2866 149 20 Sanatorium
2354 2868 113 20 Grounds.

1882 2909 113 20 Batugate
2015 2910 74 19 House
2106 2910 37 19 has
2159 2910 52 20 been
2230 2912 80 25 greatly
2326 2912 98 25 enlarged
2440 2914 31 17 for
2487 2914 92 19 Tourists
2596 2921 22 12 as
2637 2914 46 21 well
2700 2921 22 12 as
2742 2916 12 18 f.
2763 2922 10 11 r

2118 2937 72 24 people
2203 2937 74 26 taking
2287 2944 11 13 a
2309 2945 69 12 course
2388 2940 21 18 of
2418 2939 35 19 the
2463 2940 72 18 Baths.

2138 2970 132 21 TERMS
2290 2973 231 21 MODERATE.

2058 3032 54 35 S.
2159 3033 52 35 T.
2265 3036 181 35 BRe
2470 3038 120 37 NT,

1882 3100 125 21 N.B.—Most
2016 3105 20 17 of
2044 3105 54 18 those
2107 3106 42 17 who
2157 3107 44 17 visit
2211 3108 74 18 Brent's
2294 3110 23 17 do
2326 3116 21 12 so
2356 3111 84 24 through
2449 3112 32 17 the
2496 3112 41 19 kinc

2221 3132 87 22 previous
2316 3136 111 16 customers.

2598 3116 137 19 mmendations
2752 3118 19 17 of

1971 3239 231 47 ROBERT
2234 3243 255 50 FDRMESS
2521 3247 47 48 &
2600 3249 82 50 Co.,

1918 3339 380 32 MANUFACTURERS
2336 3346 112 26 AND
2484 3348 252 34 IMPORTERS,

2073 3433 182 36 FORT
2289 3438 290 36 STR66T,

2014 3556 159 23 ROTOEUA.

2016 3795 9 8 u
2033 3795 9 8 o
2052 3786 48 17 tvulk
2108 3787 49 16 from
2164 3788 32 17 the
2202 3789 72 18 Govcni-

2026 3810 53 16 niei.t
2087 3810 75 18 Baths.)

1994 3910 188 24 T6RMS:

1900 3951 45 23 35s
1952 3958 46 23 per
2017 3953 89 28 week;
2126 3955 28 22 6s
2169 3962 46 22 per
2222 3956 58 30 day.

1901 3989 61 23 Two
1973 3991 90 22 weeks
2073 3998 27 16 or
2110 3991 98 30 longer,
2225 3995 55 23 30s.

1908 4070 28 31 C.
1970 4071 135 32 HAWKER
2133 4073 139 40 WILSON,

2000 4124 185 20 PBOFECETOtt.

2364 3560 112 22 Visitors
2486 3562 26 21 to
2526 3561 45 24 the
2585 3562 54 24 Hot
2648 3563 89 23 Lakes.

2364 3662 174 45 Palace
2573 3665 159 54 Hotel,

2334 3725 93 20 Situated
2450 3727 20 17 in
2495 3727 35 19 the
2552 3727 51 21 New
2627 3729 135 21 Government

2333 3752 107 23 Township
2456 3759 19 11 in
2492 3760 53 12 Cioae
2562 3755 109 26 proximity
2690 3760 21 15 to
2730 3757 33 18 the

2333 3777 71 23 Baths,
2421 3777 133 26 Sanatorium,
2575 3780 49 20 Post
2646 3781 60 20 Office
2725 3782 38 19 and

2332 3803 92 25 Railway
2432 3806 51 17 Stati
2493 3812 10 11 n
2514 3803 4 25 .

2358 3855 41 19 The
2411 3855 61 19 Hotel
2483 3856 16 18 is
2515 3856 126 27 luxuriously
2658 3858 104 20 furnished

2331 3881 39 18 and
2382 3881 77 23 replete
2469 3881 47 20 with
2523 3889 58 19 every
2590 3885 135 19 convenience
2732 3886 31 18 for

2331 3907 86 18 tourists
2427 3907 38 18 and
2476 3908 74 19 others,
2580 3909 19 18 it
2620 3911 116 19 commands
2753 3918 9 11 a

2331 3932 92 25 Bplendid
2434 3934 48 17 view
2492 3934 22 18 of
2524 3933 34 20 the
2566 3934 56 20 Lake
2632 3937 38 17 and
2680 3936 15 18 is
2706 3937 45 19 with-

2331 3959 20 18 in
2362 3965 46 18 easy
2419 3965 66 13 access
2497 3960 22 18 of
2535 3960 34 19 the
2585 3960 78 26 Geyser
2678 3962 83 25 Springs

2331 3984 21 17 of
2364 3984 185 21 Whakarewarewa
2558 3986 40 19 and
2609 3988 27 17 all
2648 3988 33 19 the
2699 3988 62 25 sights

2331 4010 22 18 of
2363 4010 35 19 the
2408 4010 84 19 district.

2345 4036 33 19 All
2388 4036 104 25 lelfgram.t
2504 4038 102 24 promptly
2617 4040 95 19 attended
2721 4043 27 16 to.

2398 4104 84 31 MM
2510 4104 183 40 JOHNSTON,

2464 4150 168 19 PKOPKIETOK.
