3290 4340
537 3752 56 23 THE
615 3753 55 22 HOT
687 3754 99 22 LAKES
804 3752 166 24 CHRONICLE

723 3793 57 12 AND

639 3817 109 19 Tourists'
764 3819 101 22 Journal.

538 3873 170 22 WEDNESDAY,
722 3874 152 18 SEPTEMBER
887 3877 17 20 2,
918 3878 51 16 1896.

639 3930 61 19 THE
712 3930 75 20 LOAN
802 3931 70 19 BILL.

528 3963 58 129 iTiiE
595 3979 40 19 Aid
646 3982 20 16 to
676 3979 72 20 Public
764 3980 76 18 Works
857 3981 39 19 and
914 3981 57 19 Laud

541 4005 120 19 Settlement
678 4005 47 23 Bill,
743 4006 26 23 by
782 4006 64 18 which
863 4007 16 18 it
890 4008 17 17 is
925 4014 35 18 pro-

541 4031 61 24 posed
614 4034 20 16 to
646 4032 52 18 raise
708 4031 129 24 £1,000,000,
854 4033 37 18 has
901 4033 70 24 passed

543 4056 89 25 through
641 4058 121 18 committee.
799 4057 24 19 In
834 4058 34 19 the
879 4059 94 18 schedule

531 4083 3 28 I
543 4083 94 18 attached
647 4085 21 17 to
679 4083 34 18 the
723 4083 41 19 Bill
780 4083 16 20 it
812 4083 16 19 is
844 4084 98 25 proposed
954 4088 19 15 to

532 4107 2 22 I
545 4107 83 19 allocato
646 4109 34 18 the
696 4115 44 13 6um
759 4116 21 12 us
804 4109 170 20 follows:—Kail-*

532 4127 3 35 I
546 4138 58 18 ways,
617 4133 102 24 £250,000
727 4142 6 16 ;
747 4135 59 19 lands
820 4136 151 25 improvement,

973 126 103 19 £260.000
1086 123 4 26 ;
1116 125 68 18 native
1213 123 58 19 lands
1298 124 106 25 purchase,

971 153 118 22 £250,000;
1100 150 107 25 goldfields
1214 149 65 22 roads,
1290 151 115 21 £200,000;

972 178 142 25 development
1130 177 21 18 of
1168 176 35 18 the
1218 176 87 18 thermal
1325 175 81 26 springs

972 204 41 19 and
1022 210 89 17 scenery,
1123 203 98 21 £50,000.
1250 201 42 19 The
1309 201 40 19 last
1359 208 44 12 sum

971 230 35 18 did
1017 232 35 16 not
1063 236 47 18 pass
1120 229 86 18 without
1216 228 121 24 opposition.
1373 227 33 19 Mr

972 256 24 18 B.
1007 256 116 23 Thompson
1133 253 72 20 moved
1220 254 34 18 the
1272 253 133 19 substitution

971 283 22 17 of
1000 283 92 19 £25,000
1101 281 65 18 which
1173 280 26 18 he
1205 279 88 24 thought
1302 286 40 12 was
1349 279 57 24 quite

971 308 100 18 sufficient
1080 309 21 17 to
1116 305 64 26 spend
1198 312 26 12 oa
1243 305 52 19 touri
1307 307 19 18 ts
1347 306 58 18 while

971 334 34 18 the
1016 333 96 19 northern
1122 332 60 18 roads
1196 331 103 19 remained
1310 332 20 18 in
1340 338 22 12 so
1371 331 23 19 de-

971 359 91 24 plorable
1073 365 12 12 a
1096 357 101 20 condition
1233 357 39 19 We
1283 357 24 19 do
1321 361 35 16 not
1364 358 42 19 find

971 386 52 18 fault
1034 385 49 19 with
1093 384 33 19 Mr
1135 383 116 24 Thompson
1262 384 31 18 for
1312 383 93 26 drawing

971 412 100 18 attention
1081 415 21 14 to
1112 410 35 19 the
1157 412 51 16 state
1220 410 21 18 of
1258 410 35 18 the
1309 410 59 19 roads
1385 410 19 19 in

971 437 32 19 his
1013 437 113 22 electorate,
1138 436 37 18 hut
1187 443 28 11 we
1225 436 66 18 would
1302 437 57 23 point
1369 439 36 15 out

971 464 46 19 that
1034 464 35 18 the
1087 461 128 27 openingMip
1234 462 21 17 of
1273 462 35 18 the
1324 463 80 18 natural

971 489 93 19 beauties
1077 490 22 17 of
1117 488 35 19 the
1170 487 71 24 colony
1261 488 67 19 would
1345 494 61 14 prove

971 519 51 16 most
1031 514 157 19 remunerative.
1204 513 67 25 Every
1280 514 73 19 tourist
1362 514 44 18 who
1417 513 1 25 I

970 542 58 18 visi'is
1038 542 57 17 these
1114 540 70 18 shores
1200 540 17 18 is
1228 546 10 11 a
1258 546 70 13 source
1343 540 21 18 of
1374 540 20 18 in-

970 574 55 12 come
1036 570 20 15 to
1066 567 35 18 the
1119 569 91 22 country,
1229 566 40 19 and
1280 566 15 19 it
1306 572 41 12 was
1357 566 48 18 with

970 600 14 13 a.
1003 592 120 25 knowledge
1142 592 21 18 of
1188 592 40 19 iliis
1248 593 40 17 fact
1307 591 45 19 that
1371 592 34 18 the

971 619 91 19 Premier
1072 618 62 26 spoke
1151 618 21 18 of
1189 618 34 19 the
1240 621 46 16 vote
1301 624 22 12 as
1338 624 37 12 one
1385 618 21 18 of

971 646 34 18 the
1024 649 50 15 '.:ost
1090 651 106 17 necessary
1214 644 37 20 and
1267 643 108 26 profitable
1385 644 20 18 in

971 672 34 18 the
1016 671 101 19 i-chedule.
1155 670 40 19 We
1210 676 34 12 are
1253 673 35 15 not
1305 676 21 12 so
1337 670 67 18 selfish

971 704 23 12 as
1003 700 21 16 to
1038 698 66 18 desire
1121 697 43 18 that
1180 697 35 17 the
1232 696 64 18 whole
1316 696 89 22 £50,000

971 723 73 19 should
1056 724 24 18 be
1090 725 59 22 spent
1157 723 53 18 here.
1224 723 64 18 There
1301 728 34 12 are
1345 722 60 18 other

971 749 99 20 localities
1089 749 108 24 deserving
1215 749 22 18 of
1256 748 147 18 consideration

971 777 58 18 when
1040 776 34 19 the
1084 781 73 18 money
1167 781 65 12 comes
1251 778 21 14 to
1291 774 26 19 be
1335 773 71 25 finally

971 801 106 23 allocated,
1088 801 65 19 which
1162 799 41 21 will
1211 800 25 19 be
1244 800 58 19 when
1310 800 34 18 the
1351 799 46 19 Pub

971 827 25 20 lie
1007 828 76 19 Works
1095 828 103 18 estimates
1208 833 54 12 come
1272 826 66 19 down.
1367 825 39 20 We

971 854 105 25 assuredly
1088 853 65 22 think,
1174 852 98 22 however,
1290 852 45 19 that
1354 852 16 18 it
1390 852 16 18 is

971 880 35 19 the
1016 880 95 19 bouuden
1121 879 49 24 duty
1182 879 20 18 of
1218 878 34 19 the
1269 878 137 19 Government

971 909 21 16 to
1003 906 55 25 place
1070 912 37 13 our
1117 905 91 24 sanitary
1224 905 102 18 condition
1344 911 25 12 on
1380 911 24 12 an

971 932 138 19 unassailable
1126 932 61 19 basis,
1203 931 39 18 and
1259 931 52 18 from
1324 930 35 19 the
1374 937 32 12 re~

971 958 69 19 marks
1048 958 59 19 made
1119 958 28 24 by
1167 958 33 18 the
1220 956 155 21 Commissioner
1386 956 20 19 o[

971 984 72 19 Crown
1053 984 69 19 Lands
1133 983 58 20 when
1199 984 47 17 here
1257 983 34 18 the
1301 982 59 19 other
1367 983 39 23 day

971 1017 30 12 we
1011 1011 78 18 believe
1100 1011 45 18 that,
1156 1009 48 19 such
1215 1010 16 17 is
1248 1009 35 18 the
1299 1008 106 19 intention.

974 1072 103 23 LOCAL
1091 1071 96 23 NEWS
1210 1070 70 23 AND
1294 1069 111 24 NOTES.

1177 1114 25 14 .*.

994 1141 84 21 Factory
1099 1140 66 17 butter
1187 1145 34 11 can
1241 1139 23 17 bo
1281 1138 89 18 obtained
1387 1139 21 16 at

972 1164 97 17 Williams'
1079 1169 42 12 new
1130 1165 56 16 store,
1196 1163 97 16 Arawa-st
1301 1165 20 14 at
1329 1162 33 17 the
1370 1161 37 18 low

972 1188 50 22 price
1032 1188 20 17 of
1063 1188 18 16 Is
1092 1186 22 17 Id
1124 1192 34 16 pier
1171 1186 71 22 pound.

995 1219 31 17 Mr
1034 1219 19 17 J.
1064 1219 21 16 L.
1094 1218 52 18 Reed
1158 1216 55 19 offers
1222 1224 10 11 a
1248 1217 73 17 reward
1338 1217 29 17 for
1375 1217 33 16 the

972 1243 64 18 return
1045 1243 21 16 of
1072 1248 11 11 a
1097 1247 45 14 cow,
1152 1247 11 11 a
1180 1241 113 22 description
1310 1240 20 17 of
1346 1240 61 17 which

972 1270 78 19 appears
1059 1265 106 17 elsewhere.

995 1297 39 17 The
1044 1297 58 17 Town
1111 1296 62 18 Board
1187 1296 35 17 call
1238 1296 29 17 for
1283 1294 125 24 applications

972 1320 30 18 for
1011 1326 74 16 ringer.
1111 1319 115 18 Particulars
1233 1320 19 16 of
1257 1319 33 17 the
1297 1318 61 18 duties
1365 1322 44 19 may

972 1344 22 17 be
1003 1344 89 17 obtained
1101 1345 19 15 at
1130 1343 31 17 the
1170 1343 57 17 Town
1238 1342 62 17 Hoard
1314 1341 58 18 office.

995 1376 39 16 The
1043 1375 47 17 bath
1099 1376 74 15 returns
1188 1374 30 17 for
1233 1373 32 18 the
1281 1375 45 20 past
1342 1373 66 17 month

972 1405 31 11 are
1012 1398 56 18 much
1078 1398 19 17 in
1107 1403 63 12 excess
1179 1397 19 17 of
1214 1397 32 17 the
1261 1396 148 23 corresponding

972 1422 67 17 month
1048 1421 21 19 of
1077 1421 37 17 last
1122 1426 50 17 year.
1198 1420 38 18 The
1246 1420 35 16 full
1296 1422 65 14 return
1370 1419 39 17 will

972 1446 22 17 be
1005 1445 56 23 given
1069 1447 47 14 next
1124 1445 55 16 issue.

994 1475 39 16 The
1043 1474 83 22 opening
1135 1473 19 17 of
1163 1473 32 17 the
1205 1472 88 17 women's
1302 1471 108 23 swimming

972 1498 45 17 bath
1027 1497 33 17 has
1069 1497 46 17 been
1125 1495 105 23 postponed
1245 1496 29 17 till
1291 1495 119 21 Wednesday

972 1523 45 14 next
1025 1522 20 15 to
1054 1520 55 17 allow
1119 1520 32 17 iho
1159 1519 54 24 paint
1228 1519 53 17 work
1297 1520 21 16 to
1333 1518 77 18 become

972 1543 92 24 perfectly
1072 1544 41 21 dry.
1427 1543 1 24 ,

996 1576 39 17 Our
1045 1577 144 19 contemporary
1198 1574 32 17 the
1250 1574 82 18 TTaikato
1348 1574 62 22 Argus
1427 1574 1 22 ,

972 1605 43 11 now
1029 1605 80 16 appears
1123 1598 21 17 in
1159 1604 11 10 a
1188 1604 50 10 more
1255 1597 80 17 sensible
1352 1597 58 22 shape

972 1623 67 19 which,
1062 1621 72 17 besides
1155 1621 91 22 relieving
1263 1621 33 17 the
1321 1620 89 23 frequent

992 1651 85 17 pressure
1086 1651 24 10 on
1120 1650 34 11 our
1276 1643 66 22 brings
1350 1644 16 17 it
1380 1643 20 17 in-

972 1671 19 15 to
1001 1669 43 16 that
1053 1670 48 15 form
1119 1668 61 17 which
1198 1667 160 22 conventionality
1376 1666 23 17 de-

973 1692 65 18 mands
1048 1692 19 16 in
1077 1698 10 10 a
1097 1696 115 18 newspaper.

994 1724 39 17 The
1043 1723 75 23 inquiry
1128 1722 101 18 connected
1239 1722 45 17 with
1291 1722 32 17 the
1331 1722 38 17 late
1377 1722 33 16 fire

972 1749 19 16 at
1000 1747 32 17 the
1042 1747 84 16 Rotorua
1135 1745 64 20 Hotel,
1210 1745 76 20 Paeroa,
1297 1744 85 18 resulted
1391 1745 20 17 in

972 1777 11 10 a
992 1770 73 17 verdict
1072 1770 58 21 being
1139 1769 87 17 returned
1236 1770 19 16 to
1264 1769 33 16 the
1306 1769 54 16 effect
1368 1768 44 17 that

972 1795 52 16 there
1033 1799 39 11 was
1081 1799 24 11 no
1114 1792 87 17 evidence
1214 1795 19 14 to
1249 1792 52 16 show
1318 1791 43 18 how
1378 1791 33 17 the

972 1817 33 17 fire
1017 1816 113 23 originated.
1164 1816 39 16 The
1222 1815 84 18 Hauralci
1325 1814 85 21 Tribune,

972 1840 92 19 however,
1076 1839 42 17 asks
1132 1845 11 11 a
1156 1844 44 17 very
1215 1838 95 23 pertinent
1323 1838 88 23 question

972 1863 19 17 in
1001 1863 68 23 regard
1078 1864 20 16 to
1106 1863 33 16 the
1149 1863 73 16 matter.

997 1896 15 16 A
1022 1894 84 21 meeting
1115 1894 20 17 of
1145 1893 90 18 members
1253 1894 20 16 of
1289 1893 32 17 the
1338 1892 73 23 Jockey

973 1918 49 18 Club
1032 1918 37 17 and
1078 1918 64 16 others
1151 1917 15 17 is
1177 1917 59 17 called
1245 1919 29 14 tor
1290 1918 46 16 next
1353 1916 43 18 Mon-

973 1941 36 23 day
1019 1942 53 20 night
1085 1943 19 14 at
1112 1940 53 17 Lake
1175 1940 63 17 House
1247 1939 66 18 Hotel.
1335 1939 75 18 Several

972 1966 79 16 matters
1060 1965 20 16 of
1089 1964 116 22 importance
1214 1963 38 16 will
1269 1963 23 16 be
1309 1963 101 20 discussed,

973 1988 37 17 and
1020 1988 14 17 it
1044 1988 15 16 is
1068 1989 20 15 to
1097 1988 22 16 be
1128 1986 62 23 hoped
1199 1986 42 17 that
1250 1986 52 17 there
1320 1986 39 17 will
1367 1986 24 18 be
1400 1992 11 11 a

974 2011 36 18 full
1019 2010 114 19 attendance
1141 2015 20 13 as
1176 2009 42 17 lack
1232 2010 19 16 of
1264 2010 78 16 interest
1350 2010 20 16 in
1379 2009 33 17 the

973 2035 122 21 preliminary
1112 2034 142 20 arrangements
1273 2033 92 16 hazarded
1379 2033 33 17 the

974 2064 72 11 success
1055 2058 19 17 of
1083 2058 37 16 last
1128 2057 61 22 year's
1198 2056 88 22 meeting.

996 2091 16 15 A
1021 2090 51 22 piece
1081 2089 20 17 of
1114 2087 105 18 vandalism
1236 2094 38 10 was
1291 2087 121 23 perpetrated

973 2120 23 11 on
1006 2119 35 11 one
1048 2113 20 17 of
1076 2113 33 16 the
1117 2111 63 23 newly
1196 2111 78 22 planted
1295 2111 56 17 roads
1366 2117 46 11 near

973 2137 32 16 the
1022 2135 149 22 railwayengine
1187 2134 46 17 shed
1246 2134 85 17 between
1345 2134 55 17 Satur-

973 2160 37 22 day
1017 2160 56 21 night
1083 2158 36 17 and
1129 2158 83 21 Monday
1220 2157 94 22 morning.
1329 2157 17 17 A
1355 2163 43 11 num-

972 2183 34 17 ber
1024 2183 19 17 of
1060 2184 49 15 trees
1125 2181 38 17 had
1180 2181 47 17 been
1243 2181 79 22 planted
1336 2180 26 23 by
1379 2181 33 17 the

973 2207 58 16 Town
1040 2205 63 18 Board
1112 2211 49 13 men,
1172 2204 36 17 and
1220 2210 24 11 on
1253 2204 86 22 Monday
1347 2210 52 11 morn-

973 2230 34 21 ing
1015 2230 16 16 it
1039 2235 39 10 was
1088 2227 106 18 discovered
1203 2228 43 16 that
1260 2227 89 22 upwards
1360 2228 20 16 of
1388 2228 24 16 00

973 2254 20 16 of
1002 2253 52 17 these
1062 2252 38 16 had
1108 2251 47 17 been
1164 2251 102 21 ruthlessly
1280 2252 43 16 torn
1332 2256 26 17 up
1375 2251 38 16 and

975 2275 91 19 scattered
1076 2275 59 17 about
1144 2274 32 17 the
1186 2273 94 22 roadway.
1306 2273 50 19 Such
1368 2279 33 12 con-

973 2299 46 18 duct
1028 2299 70 17 cannot
1107 2298 23 17 be
1139 2299 31 15 too
1186 2297 85 21 strongly
1289 2297 122 20 condemned,

973 2322 37 17 and
1019 2328 29 11 wc
1055 2322 49 21 hope
1112 2321 33 17 the
1153 2320 91 18 offenders
1253 2320 39 17 will
1297 2320 23 17 be
1330 2319 83 24 speedily

973 2346 85 21 brought
1067 2346 21 16 to
1096 2344 56 18 book.

998 2377 40 17 The
1047 2376 46 22 July
1102 2375 80 18 number
1191 2375 21 17 of
1219 2375 33 17 the
1260 2374 77 19 Review
1346 2375 20 17 of
1375 2375 25 17 Re-

975 2400 57 18 views
1041 2400 15 17 is
1073 2401 20 15 to
1107 2398 51 18 hand
1176 2404 20 12 as
1213 2398 33 17 full
1264 2398 19 17 of
1299 2398 114 22 interesting

976 2424 80 21 nailing
1071 2423 70 16 matter
1153 2427 19 12 as
1188 2427 48 12 ever.
1262 2421 39 18 The
1333 2421 80 22 History

976 2447 20 17 of
1012 2447 33 16 the
1062 2445 70 18 Month
1159 2445 61 17 shows
1237 2445 43 17 how
1297 2444 33 17 the
1360 2445 52 21 body

976 2470 65 22 politic
1073 2469 19 16 in
1102 2468 117 17 Australasia
1234 2468 35 17 has
1276 2468 49 17 been
1335 2468 79 21 moving

977 2492 69 24 during
1056 2492 32 17 the
1097 2493 43 21 past
1149 2492 35 16 few
1194 2491 59 17 weeks
1268 2491 38 17 and
1335 2491 79 22 Beyond

977 2516 31 18 the
1017 2515 87 19 Colonies
1135 2515 43 16 does
1194 2515 33 16 the
1243 2520 51 11 same
1311 2515 57 21 thing
1384 2515 30 16 for

976 2539 33 18 the
1019 2540 38 16 rest
1067 2539 19 16 of
1097 2538 31 17 the
1138 2537 65 18 world.
1220 2538 80 22 Cyclists
1309 2538 39 17 will
1368 2538 45 16 read

977 2563 46 16 with
1041 2562 78 17 interest
1135 2567 24 11 an
1177 2561 64 17 article
1257 2561 80 17 entitled
1375 2561 38 17 The

978 2585 60 23 Reign
1048 2586 19 16 of
1074 2585 33 17 the
1124 2585 65 16 Wheel
1204 2585 20 16 in
1233 2584 116 17 Australasia
1376 2584 37 17 and

977 2610 31 16 Mr
1017 2607 85 19 Waddell
1112 2607 115 18 contributes
1234 2607 80 17 another
1322 2613 58 17 paper
1389 2613 24 12 on

998 2633 57 21 Sport
1064 2632 18 16 in
1092 2630 106 19 Maoriland
1208 2631 44 16 with
1259 2630 41 17 Rod
1307 2630 37 17 and

977 2656 38 16 The
1026 2655 102 18 Character
1142 2654 68 17 Sketch
1227 2654 34 16 has
1276 2654 27 17 M.
1322 2654 46 17 Zola
1384 2654 31 17 for

977 2679 24 17 its
1010 2679 80 22 subject,
1101 2677 38 17 and
1147 2677 33 17 the
1188 2677 60 17 whole
1266 2677 80 17 number
1362 2677 15 17 is
1394 2677 21 17 of

978 2701 108 23 unvarying
1094 2701 84 16 interest.

1002 2734 16 16 A
1038 2732 146 22 correspondent
1200 2731 20 17 of
1236 2731 23 17 Te,
1273 2731 65 18 Aroha
1355 2732 58 18 News,

979 2757 77 21 writing
1064 2756 19 16 in
1093 2762 11 10 a
1133 2755 104 17 Woodman
1247 2760 54 16 spare
1309 2755 41 17 that
1357 2756 39 15 tree

979 2783 39 14 sort
1027 2780 19 16 of
1055 2779 48 19 vein,
1114 2778 85 22 deplores
1210 2778 31 17 the
1250 2778 116 17 destruction
1375 2778 20 17 of
1404 2784 11 11 a

979 2802 63 23 clump
1052 2803 19 16 of
1081 2802 42 21 pine
1133 2803 47 15 trees
1191 2801 87 22 growing
1292 2802 19 16 in
1326 2801 31 17 the
1374 2801 26 17 Do-

979 2826 57 17 main.
1062 2825 30 17 He
1101 2825 43 17 asks
1151 2824 3 22 :
1187 2825 58 16 What
1253 2824 64 17 would
1326 2825 32 16 the
1369 2830 34 16 peo-

979 2849 30 23 ple
1019 2849 20 17 of
1048 2849 84 16 Rotorua
1140 2848 47 17 have
1198 2847 54 23 given
1262 2847 30 18 for
1300 2854 11 10 a
1323 2847 63 22 clump
1396 2848 19 16 of

979 2873 53 21 pines
1041 2872 38 17 like
1095 2871 44 17 that
1154 2870 39 23 just
1210 2870 103 23 ruthlessly
1330 2871 56 16 felled
1394 2871 20 17 ':"

979 2896 34 17 We
1029 2900 44 17 may
1091 2900 62 11 assure
1171 2900 34 10 our
1221 2894 116 17 considerate
1354 2894 62 17 friend

979 2919 43 17 that
1036 2919 85 16 Rotorua
1136 2917 55 17 conld
1208 2922 44 17 very
1269 2917 44 17 well
1330 2917 86 23 dispense

979 2942 47 17 with
1035 2948 11 10 a
1054 2941 53 22 large
1116 2941 112 21 percentage
1237 2940 20 17 of
1269 2940 33 17 the
1316 2940 100 22 unsightly

980 2965 53 22 pines
1042 2964 63 17 whose
1113 2967 52 14 roots
1173 2966 32 14 cut
1219 2969 25 16 up
1261 2968 34 12 our
1312 2963 103 23 footpaths,

980 2990 20 15 to
1010 2993 33 16 say
1052 2987 81 22 nothing
1142 2986 20 18 of
1166 2986 33 18 the
1205 2987 133 22 exasperating
1344 2986 72 18 acacias

984 3011 61 17 which
1054 3010 67 17 render
1130 3016 9 11 a
1148 3010 75 22 portion
1233 3010 19 17 of
1265 3010 38 17 Fen
1306 3012 33 15 ton
1356 3009 61 18 Street

980 3033 101 23 positively
1090 3033 106 22 dangerous
1205 3034 20 15 to
1233 3033 33 16 the
1278 3033 139 23 short-sighted

981 3057 107 22 pedestrian
1097 3057 49 16 after
1154 3056 96 22 nightfall.

1005 3089 25 16 At
1039 3089 32 16 the
1079 3087 63 18 Police
1157 3087 58 18 Court
1224 3093 23 11 on
1257 3087 70 22 Friday
1336 3087 37 18 last
1383 3088 26 16 tie-

981 3112 39 17 fore
1027 3112 39 16 Col.
1074 3111 85 19 Roberts,
1168 3111 54 18 S.M.,
1229 3110 48 17 Jane
1285 3111 57 22 Foley
1349 3111 57 22 charg-

982 3134 22 18 ed
1022 3135 64 17 Eraua
1102 3134 70 19 Hoaui,
1190 3134 45 16 with
1252 3134 57 22 using
1325 3134 94 22 insulting

982 3158 96 22 language
1097 3157 82 17 towards
1197 3157 34 16 her
1244 3162 25 12 on
1285 3157 76 23 August
1378 3157 39 19 6th,

982 3181 70 22 during
1061 3181 32 16 the
1102 3180 77 22 sittings
1195 3180 20 17 of
1229 3180 33 17 the
1279 3180 69 17 Native
1364 3180 55 17 Land

983 3204 65 17 Court.
1074 3204 54 16 After
1137 3203 78 22 hearing
1230 3203 88 17 evidence
1331 3204 33 16 the
1377 3209 42 12 case

982 3233 38 11 was
1038 3227 103 19 dismissed,
1160 3232 25 11 no
1199 3228 47 15 costs
1260 3226 60 22 being
1332 3227 86 17 allowed.

983 3251 30 16 On
1022 3250 32 17 the
1063 3250 43 17 civil
1114 3249 39 18 side
1162 3249 32 17 the
1204 3249 98 21 following
1313 3256 50 11 cases
1372 3255 48 11 were

984 3273 86 23 disposed
1079 3273 20 16 of
1106 3272 4 24 :
1112 3273 129 16 —Tamahane
1250 3274 19 15 ie
1278 3272 62 18 Kuiae
1355 3279 17 10 v.
1387 3273 22 16 Pi-

984 3296 40 17 rika
1033 3296 38 17 and
1079 3296 25 16 Te
1113 3296 55 18 Keta,
1179 3296 55 16 claim
1243 3296 29 16 for
1281 3296 25 16 £5
1316 3296 29 16 for
1358 3301 33 12 use
1401 3296 19 17 of

983 3320 77 16 bullock
1069 3319 52 22 dray.
1151 3319 76 16 Verdict
1246 3319 30 16 for
1292 3319 84 22 plaintiff
1391 3319 29 17 for

985 3344 30 15 20s
1024 3343 47 16 with
1081 3343 48 16 costs
1147 3342 30 17 15s
1194 3341 37 17 ard
1246 3342 129 22 interpreter's
1392 3342 28 17 fee

985 3367 38 16 21s.
1048 3365 96 17 Raharuhi
1153 3371 19 10 v.
1181 3364 86 21 Raniera,
1278 3365 54 17 claim
1347 3366 29 16 for
1394 3364 28 18 £4

984 3390 21 15 4s
1013 3389 30 17 for
1052 3389 34 16 GOO
1094 3388 81 22 palings.
1200 3388 77 16 Verdict
1293 3388 30 17 for
1339 3388 85 22 plaintiff

985 3413 30 15 for
1031 3413 37 19 20s,
1086 3413 49 15 costs
1152 3411 30 20 (id,
1199 3411 127 22 interpreter's
1341 3412 29 16 fee
1384 3412 37 16 15s.

985 3435 85 16 Mihaere
1079 3434 72 22 Ngatai
1160 3440 17 10 v.
1187 3434 81 17 Matnna
1278 3434 72 19 Enoka,
1366 3434 54 17 claim

985 3458 30 17 for
1028 3457 26 18 £9
1072 3458 20 16 9s
1110 3463 23 11 on
1150 3456 101 23 judgment
1269 3456 106 23 summons;
1397 3463 25 11 no

986 3481 55 17 order
1050 3480 61 17 made.
1137 3480 74 17 Several
1226 3486 49 11 cases
1289 3486 48 11 were
1354 3480 68 17 settled

986 3504 25 22 by
1022 3503 74 18 mutual
1104 3505 139 20 arrangement.

1010 3535 26 17 At
1049 3535 33 17 the
1090 3534 63 17 Board
1167 3535 83 21 meeting
1266 3535 33 16 the
1315 3535 55 17 other
1386 3534 36 22 day

987 3559 79 16 matters
1083 3557 103 18 connected
1203 3557 45 17 with
1269 3557 32 18 the
1330 3559 93 20 cemetery

987 3587 48 11 were
1045 3580 94 18 discussed
1156 3582 21 15 at
1193 3580 96 17 intervals.
1314 3581 19 16 It
1350 3581 74 16 seemed
1427 3580 1 18 :

988 3610 20 11 as
1017 3604 15 17 if
1048 3609 56 16 every
1121 3603 74 22 subject
1211 3603 84 22 brought
1310 3604 64 16 before
1391 3604 33 16 the

988 3627 63 17 Board
1060 3632 38 12 was
1112 3624 52 19 fated
1180 3628 20 15 to
1214 3627 48 16 have
1278 3632 50 12 some
1344 3627 80 22 bearing

992 3656 52 16 upon
1055 3649 38 18 this
1100 3655 98 17 gruesome
1208 3651 82 21 quarter.
1315 3649 39 18 The
1382 3649 32 22 lay-

989 3673 33 22 ing
1035 3674 34 15 out
1099 3672 20 17 of
1126 3672 32 17 the
1175 3672 74 23 ground
1258 3672 50 17 drew
1324 3673 49 16 from
1390 3679 34 10 one

989 3696 84 16 member
1081 3695 33 17 the
1122 3696 72 16 remark
1203 3695 42 17 that
1253 3696 16 16 it
1278 3695 62 17 wonld
1348 3696 24 17 be
1380 3701 33 11 nec-

990 3724 63 16 essary
1061 3720 20 15 to
1098 3718 77 22 provide
1184 3724 8 11 a
1201 3718 71 17 section
1289 3719 30 17 for
1335 3719 44 17 each
1391 3719 21 17 de-

989 3741 127 17 nomination.
1148 3742 11 8 M
1166 3741 49 17 How
1224 3747 57 16 many
1290 3747 31 11 are
1337 3742 53 17 there
1406 3742 19 16 in

1126 3769 39 11 was
1182 3764 63 17 asked.
1344 3764 59 17 about
1415 3771 10 10 a

991 3787 57 17 dozen
1057 3787 16 17 if
1079 3793 39 16 you
1124 3787 69 17 reckon
1201 3793 26 16 up
1236 3787 32 17 the
1277 3787 61 17 whole
1344 3787 21 17 of
1373 3788 53 16 them

992 3811 18 16 It
1017 3816 39 11 was
1065 3809 83 21 decided,
1159 3809 39 18 hor.
1203 3816 48 13 ever,
1261 3810 43 17 that
1312 3809 53 18 there
1378 3816 48 11 were

991 3834 46 21 only
1052 3833 43 17 four
1108 3833 150 17 denominations
1276 3834 43 16 that
1335 3833 37 17 had
1389 3839 37 16 any

991 3856 65 17 claims
1062 3857 21 16 to
1092 3856 263 20 consideration—Catholics,
1372 3856 40 22 Ang-

991 3879 64 19 licans,
1081 3879 147 22 Presbyterians,
1251 3879 37 17 and
1311 3879 114 22 Wesleyans.

1010 3903 58 16 What
1074 3902 58 17 about
1146 3902 32 17 the
1186 3902 50 17 Jews
1243 3902 9 17 ?
1281 3902 57 17 asked
1347 3909 11 10 a
1366 3909 45 10 mem-

991 3926 40 19 ber,
1069 3925 51 22 They
1129 3925 48 17 need
1182 3927 19 15 to
1206 3925 24 17 be
1238 3925 66 17 buried
1313 3931 20 11 as
1342 3925 56 17 much
1407 3931 20 11 as

1111 3949 38 15 But
1164 3948 32 17 the
1213 3949 131 16 conversation
1352 3948 74 17 twisted

992 3971 61 18 round
1062 3976 21 12 as
1091 3972 20 16 to
1120 3970 83 19 whether
1212 3971 32 17 the
1252 3971 73 23 ground
1335 3977 37 11 was
1382 3977 33 11 con-

993 3994 85 17 secrated
1086 3999 21 12 or
1121 3995 33 16 not
1172 3994 37 17 and
1225 3994 32 17 the
1274 3995 54 21 point
1344 4000 38 11 was
1391 3994 36 17 lost

994 4018 52 21 sight
1053 4017 26 17 of.

1076 4047 62 27 £SO,
1156 4047 59 28 £lO,
1230 4048 58 27 £lO,
1305 4048 44 26 £5.

997 4087 65 19 Given
1072 4092 57 18 away
1138 4086 32 18 for
1181 4092 12 12 a
1203 4086 65 25 single
1276 4092 66 19 guess.
1377 4086 52 20 Send

997 4115 66 21 stamp
1074 4113 31 17 for
1115 4112 119 24 particulars
1244 4112 40 18 and
1299 4112 95 19 circulars
1410 4116 19 14 to

996 4138 45 18 Box
1055 4138 41 22 176,
1109 4137 22 23 P.
1131 4137 34 23 0.,
1178 4137 131 25 Wellington.

1452 124 30 17 An
1487 124 149 16 entertainment
1652 124 105 21 consisting
1773 124 21 16 of
1802 128 10 11 a
1819 127 34 12 con-

1429 148 38 16 cert
1482 146 38 17 and
1537 146 58 17 dance
1612 146 40 17 will
1668 146 44 17 take
1728 146 54 22 place
1797 146 20 16 in
1833 146 33 16 the

1429 169 117 18 schoolroom
1555 175 24 11 on
1589 169 72 23 Friday
1665 169 62 23 night,
1735 169 33 17 the
1777 168 89 23 proceeds

1428 193 20 18 to
1457 193 23 17 be
1488 192 80 17 devoted
1577 193 20 16 to
1606 192 32 17 the
1652 192 143 24 augmentation
1805 192 20 15 of
1833 192 33 16 the

1429 216 61 17 scoool
1499 215 54 17 fund.
1578 215 40 17 The
1634 221 121 16 programme
1772 214 39 18 will
1820 220 34 12 con-

1429 239 33 17 sist
1471 239 20 17 of
1498 244 63 17 songs,
1572 239 109 17 recitations
1690 238 37 17 and
1744 239 87 16 choruses
1840 237 26 22 by

1428 263 33 16 the
1470 261 90 19 children,
1570 261 144 23 supplemented
1725 261 27 23 by
1768 260 86 19 contribu-

1428 286 55 19 tions,
1498 285 54 17 vocal
1568 285 39 16 and
1623 285 105 20 otherwise,
1747 285 49 16 from
1813 284 42 17 well-

1428 308 68 18 known
1505 310 101 15 amateurs.

1451 340 31 17 Mr
1494 340 87 19 Mueller,
1599 340 146 17 Commissioner
1761 339 20 17 of
1798 339 67 17 Crown

1429 363 70 17 Land>.
1509 362 54 18 made
1572 368 11 12 a
1720 362 44 18 here
1774 362 47 17 than
1828 367 38 11 whs

1428 385 121 23 anticipated,
1560 392 20 10 as
1588 385 24 17 he
1621 386 45 21 only
1678 386 35 17 left
1721 386 27 21 by
1765 385 100 22 Monday's

1429 409 49 17 train
1487 414 24 12 on
1520 409 29 17 his
1558 411 64 14 return
1632 412 20 14 to
1662 409 105 17 Auckland.
1781 408 23 17 In
1814 414 39 11 com-

1428 438 51 16 pany
1488 432 46 17 with
1544 432 69 18 Messrs
1622 432 84 22 Malfroy
1715 432 38 17 and
1766 432 62 17 Baber
1842 431 24 16 he

1428 455 67 17 visited
1516 454 174 19 Whafcarewarewa
1711 456 61 16 where
1789 461 11 10 a
1815 454 51 17 little

1429 478 91 22 difficulty
1529 479 38 16 had
1575 479 61 16 arisen
1646 479 46 16 with
1708 479 33 16 the
1756 478 73 16 natives
1845 477 20 17 in

1428 501 67 23 regard
1516 503 20 16 io
1552 501 32 17 the
1605 501 97 22 projected
1719 501 46 18 road
1781 500 84 21 through

1428 525 49 16 their
1485 524 81 23 ground.
1591 525 40 16 The
1639 525 42 16 idea
1690 531 38 10 was
1737 526 20 15 to
1765 524 49 17 have
1828 526 38 15 two

1429 548 83 21 carriage
1521 548 61 16 drives
1591 548 97 22 sweeping
1697 548 49 17 from
1754 548 33 16 the
1799 547 67 22 bridge

1428 571 19 17 in
1457 571 85 22 opposite
1551 571 101 17 directions
1661 571 38 17 and
1708 577 19 11 so
1737 571 40 16 into
1790 571 32 16 the
1836 576 20 11 re-

1429 594 61 22 cently
1500 594 88 22 acquired
1605 594 129 17 Government
1750 593 75 23 ground
1841 599 25 11 on

1429 617 45 17 each
1483 616 39 18 side
1531 618 20 16 of
1564 617 32 17 the
1611 618 64 16 native
1692 617 114 17 settlement.
1838 616 28 18 To

1428 641 43 19 this,
1481 641 91 19 however,
1582 641 33 16 the
1624 641 73 17 natives
1706 640 87 23 objected
1801 639 37 17 and
1850 640 16 16 it

1429 670 38 11 was
1476 663 45 22 only
1529 664 49 17 after
1586 670 12 11 a
1611 663 116 23 lengthened
1740 663 67 18 korero
1821 662 45 18 that

1429 693 23 10 an
1462 689 108 19 agreement
1579 693 39 10 was
1626 686 74 17 arrived
1713 688 26 15 at.
1770 686 41 17 One
1824 692 31 11 car-

1429 710 51 21 riage
1489 710 53 16 drive
1550 709 39 18 will
1603 710 23 17 be
1641 710 54 17 made
1712 710 53 22 right
1781 709 83 21 through

1429 735 19 15 to
1458 733 32 17 the
1498 733 48 17 back
1555 734 20 16 of
1584 733 33 17 the
1629 733 65 17 native
1708 733 74 22 ground
1797 734 20 15 at
1833 733 33 16 the

1429 757 40 16 foot
1478 756 20 17 of
1506 756 33 17 the
1553 756 33 17 hill
1602 756 37 17 and
1654 757 45 16 then
1716 756 73 17 branch
1804 756 27 17 off
1845 762 21 11 as

1429 780 58 16 above
1496 779 101 17 indicated.
1623 780 32 16 Mr
1663 780 82 17 Mueller
1753 780 40 16 also
1798 779 68 17 visited

1429 802 113 22 Tarukenga
1561 802 39 18 and
1619 802 98 18 Mamaku.
1753 802 40 18 The
1816 802 50 18 little

1429 825 92 23 difficulty
1536 826 46 16 with
1597 825 32 17 the
1642 826 74 17 natives
1730 827 20 15 at
1765 825 33 17 the
1814 825 42 17 first-

1428 849 68 17 named
1513 849 52 22 place
1581 849 35 17 has
1632 849 47 17 been
1695 849 101 21 arranged,
1817 849 49 16 their

1429 872 64 17 claims
1501 874 20 15 to
1531 872 33 17 the
1572 872 45 17 land
1627 878 46 11 near
1687 872 33 17 the
1733 872 77 22 railway
1828 872 37 17 line

1429 895 71 22 having
1517 896 47 16 been
1581 895 102 23 respected.
1718 896 77 17 Sixteen
1807 901 57 13 acres,

1428 919 93 19 however,
1530 918 100 18 elsewhere
1639 919 39 17 will
1687 919 24 16 be
1727 918 77 23 planted
1819 919 46 16 with

1429 942 49 20 good
1487 942 62 17 useful
1558 942 74 20 timber,
1643 942 80 17 suitable
1736 942 30 17 for
1779 942 85 21 sleepers,

1429 966 32 16 &c.
1486 966 27 16 At
1521 964 91 18 Mamaku
1621 966 127 21 experiments
1761 971 32 11 are
1808 965 58 21 being

1430 989 53 16 made
1497 994 20 11 as
1534 990 19 15 to
1570 988 32 17 the
1619 988 107 22 possibility
1743 989 20 16 of
1780 988 86 21 growing

1429 1012 68 17 timber
1506 1012 29 17 for
1544 1011 77 23 railway
1629 1018 91 16 purposes
1729 1011 19 18 in
1761 1011 33 18 the
1810 1011 54 18 bush.

1429 1035 50 22 Very
1488 1035 92 22 sanguine
1594 1035 59 21 hopes
1666 1041 31 10 are
1713 1034 116 18 entertained
1847 1035 19 16 of

1429 1064 78 12 success.
1534 1058 22 17 In
1565 1058 68 22 regard
1642 1060 20 15 to
1671 1058 33 17 the
1710 1064 55 16 many
1771 1058 83 22 improve-

1429 1083 61 15 ments
1499 1081 85 22 required
1594 1082 21 16 to
1623 1083 36 20 put
1667 1082 33 16 the
1709 1083 51 15 town
1769 1081 19 17 in
1798 1088 10 10 a
1822 1087 33 16 per-

1431 1105 36 17 fect
1476 1105 84 21 sanitary
1569 1105 96 17 condition
1675 1105 31 16 Mr
1719 1104 86 19 Mueller,
1824 1104 42 17 who

1429 1128 34 17 has
1472 1130 33 15 not
1514 1128 46 21 long
1568 1128 90 17 returned
1672 1128 48 17 from
1735 1127 131 23 interviewing

1430 1152 32 16 the
1471 1150 57 19 heads
1538 1152 20 16 of
1565 1151 130 22 departments
1709 1152 19 16 in
1742 1150 122 22 Wellington,

1430 1176 57 15 states
1497 1175 42 16 that
1548 1171 92 20 sufficient
1651 1180 67 17 money
1727 1174 38 17 will
1775 1174 23 16 be
1806 1174 50 16 avail-

1430 1197 41 18 able
1481 1198 48 17 from
1539 1197 31 17 the
1580 1196 81 22 £50,000
1672 1200 43 14 vote
1724 1199 20 16 to
1753 1197 24 17 do
1791 1197 51 16 what
1850 1197 16 16 is

1430 1227 104 16 necessary.
1559 1221 39 16 The
1608 1221 52 16 work
1669 1221 38 17 will
1721 1221 25 16 be
1762 1220 104 18 controlled

1430 1244 25 23 by
1472 1250 23 11 an
1514 1244 88 21 engineer
1622 1244 118 23 thoroughly
1755 1244 111 18 conversant

1431 1267 45 17 with
1486 1267 84 23 sanitary
1579 1269 85 15 matters.

1430 1299 58 17 MAX
1504 1298 105 18 SHOULD
1615 1298 73 18 HAVE
1702 1298 69 18 SOME
1781 1298 85 18 AGENT

1430 1353 27 17 To
1473 1351 70 24 impart
1558 1352 80 17 warmth
1649 1354 19 15 to
1677 1352 29 17 his
1715 1352 57 17 social
1788 1351 78 22 feelings

1431 1375 79 17 without
1519 1375 90 22 blunting
1626 1376 28 16 his
1671 1375 71 17 mental
1758 1375 108 22 perception

1431 1404 21 12 or
1465 1399 60 16 moral
1541 1398 124 18 sensibilities.
1691 1399 50 17 Such
1758 1398 16 17 is
1790 1398 77 17 Wolfe's

1432 1422 104 22 Schnapps.

1490 1484 74 18 TOWN
1577 1484 88 18 BOARD
1681 1483 126 18 MEETING.

1454 1531 39 17 The
1516 1530 55 19 usual
1588 1530 88 24 monthly
1699 1530 84 22 meeting
1799 1530 20 16 of
1835 1529 33 18 the

1431 1555 57 16 Town
1498 1554 62 17 Board
1570 1560 38 11 was
1617 1554 44 17 held
1670 1555 20 16 at
1704 1554 31 17 the
1744 1552 62 18 Board
1816 1552 52 18 office

1432 1584 23 12 on
1465 1577 98 22 Thursday
1572 1577 37 17 last
1622 1578 55 16 when
1693 1577 25 17 all
1727 1577 33 17 the
1777 1576 91 17 members

1433 1606 46 12 were
1488 1603 81 20 present,
1579 1600 32 18 Mr
1619 1599 85 25 Malfroy
1712 1601 20 16 in
1745 1600 32 17 the
1787 1600 56 17 chair.

1549 1632 192 18 COHRESPONDENCE.

1455 1664 57 17 From
1529 1664 32 17 the
1576 1664 126 22 Department
1716 1664 21 16 of
1751 1662 63 18 Lands
1831 1662 38 17 and

1433 1688 70 21 Survey
1520 1687 100 23 returning
1641 1686 33 19 the
1696 1686 83 23 by-laws
1800 1686 21 16 of
1836 1686 33 16 the

1433 1710 88 23 Borough
1532 1710 19 18 of
1560 1710 101 23 Tauranga
1669 1711 19 16 in
1704 1715 87 16 response
1808 1711 20 15 to
1836 1709 33 17 the

1432 1733 79 18 Board's
1520 1734 127 22 request.—lt
1655 1739 38 11 was
1702 1732 61 18 stated
1780 1732 42 18 that
1836 1732 33 17 the

1433 1757 115 22 manuscript
1557 1757 83 22 by-laws
1657 1757 19 16 in
1694 1756 109 17 connection
1822 1756 46 16 with

1433 1781 32 17 the
1483 1780 84 18 Rotorua
1585 1780 69 19 Board,
1679 1778 105 19 forwarded
1800 1780 21 16 at
1836 1778 33 18 the

1433 1810 49 10 same
1491 1804 51 19 time,
1553 1803 38 18 had
1599 1805 33 15 not
1641 1803 47 17 been
1704 1801 89 19 returned
1808 1802 37 16 and
1854 1802 15 16 it

1433 1833 37 11 was
1479 1826 84 18 resolved
1572 1827 20 17 to
1601 1826 58 22 apply
1669 1827 29 16 for
1706 1825 52 19 them
1770 1825 63 23 again.

1456 1850 56 17 From
1530 1850 31 17 tho
1576 1850 126 22 Department
1719 1850 20 16 of
1755 1848 78 21 Justice,
1850 1854 19 11 re

1433 1875 39 16 cost
1481 1874 20 16 of
1518 1872 144 24 administering
1679 1872 102 23 Licensing
1798 1872 36 16 Act
1850 1872 19 16 in

1433 1897 83 17 Rotorua
1525 1896 80 20 district,
1613 1896 37 17 and
1659 1896 74 22 stating
1743 1896 44 16 that
1795 1895 31 17 the
1835 1900 23 12 ex-

1433 1920 99 22 penditure
1542 1920 13 16 is
1572 1919 100 23 regulated
1688 1919 26 22 by
1732 1918 31 18 the
1773 1918 97 17 Alcoholic

1433 1944 80 21 Liquors
1523 1943 41 17 Sale
1574 1943 78 17 Control
1661 1944 42 18 Act,
1714 1942 50 20 1893,
1781 1941 36 17 and
1827 1942 42 16 that

1433 1967 31 17 the
1473 1966 129 18 Government
1611 1966 56 17 could
1676 1967 33 15 not
1719 1965 95 17 interfere.

1456 1990 57 16 From
1528 1989 32 17 the
1576 1989 102 22 Engineer,
1697 1989 85 21 Railway
1797 1988 73 22 Depart

1433 2014 57 19 ment,
1501 2013 72 21 stating
1583 2012 43 18 that
1634 2013 23 16 he
1667 2012 37 17 had
1722 2011 104 18 forwarded
1837 2011 32 18 the

1433 2036 78 17 Board's
1522 2036 114 22 application
1647 2036 29 17 for
1689 2037 49 15 trees
1747 2037 20 15 to
1786 2034 30 17 the
1824 2039 34 18 pro-

1433 2065 33 17 per
1474 2061 82 20 quarter.

1457 2083 55 17 From
1523 2083 31 16 the
1564 2083 45 16 Rev.
1620 2082 20 17 C.
1651 2081 21 19 C.
1680 2082 86 20 Browne,
1777 2080 25 18 Te
1808 2081 60 22 Ngae,

1433 2106 68 22 asking
1511 2106 28 17 for
1548 2112 10 10 a
1567 2106 90 22 quantity
1666 2105 20 17 of
1699 2106 49 16 trees
1763 2105 29 16 for
1805 2104 54 22 plant-

1433 2130 104 21 ing.-—The
1546 2129 101 17 Chairman
1662 2128 63 17 stated
1742 2128 43 17 that
1800 2128 24 16 he
1832 2126 38 19 had

1433 2147 76 22 advised
1519 2152 31 17 Mr
1558 2152 81 17 Browne
1649 2153 20 15 to
1678 2151 58 22 apply
1745 2152 20 16 to
1781 2150 30 18 Mr
1819 2151 38 16 Rca-

1434 2182 35 16 ney
1478 2182 20 10 as
1507 2175 24 17 lie
1539 2175 38 17 had
1586 2177 48 15 trees
1648 2175 30 17 for
1689 2174 121 17 distribution
1826 2175 33 16 out-

1434 2199 37 17 side
1481 2199 32 16 the
1522 2199 59 16 town.

1457 2222 56 17 From
1523 2222 22 17 0»
1560 2218 59 24 tJirss,
1636 2221 68 23 asking
1720 2221 44 17 that
1780 2220 33 17 the
1828 2222 43 15 rent

1434 2246 29 18 for
1476 2244 87 20 Eakeroa
1580 2245 63 22 might
1660 2245 23 17 be
1699 2243 82 19 reduced
1797 2249 24 11 on
1838 2243 33 17 the

1434 2269 73 23 ground
1517 2268 43 17 that
1575 2268 33 17 the
1622 2267 113 23 feneing-ofi
1745 2267 20 17 of
1779 2267 32 16 the
1820 2267 40 16 foot-

1434 2293 37 16 ball
1481 2298 43 11 area
1533 2290 118 24 depreciated
1660 2292 25 15 its
1699 2290 54 17 value
1770 2290 29 17 for
1815 2295 44 17 graz-

1434 2316 33 21 ing
1480 2320 95 17 purposes,
1603 2314 72 18 Parties
1682 2319 48 11 were
1737 2312 134 25 withdrawing

1434 2339 49 17 their
1497 2339 64 16 horses
1574 2344 20 10 as
1603 2338 45 21 they
1664 2337 108 17 considered
1781 2337 33 16 the
1829 2336 42 17 best

1434 2363 21 16 of
1462 2362 33 17 the
1506 2367 52 17 grass
1567 2361 38 17 had
1614 2361 47 16 been
1678 2361 57 16 taken
1747 2365 60 17 away.
1832 2359 39 18 The

1434 2391 80 11 revenue
1523 2384 37 17 had
1570 2384 40 17 also
1617 2384 58 17 fallen
1684 2384 27 17 off
1727 2389 24 12 on
1760 2384 79 16 account
1852 2384 19 15 of

1434 2408 71 18 certain
1515 2413 74 12 owners
1596 2408 20 17 of
1631 2408 64 16 horses
1708 2406 73 22 having
1788 2406 34 17 left
1838 2406 33 17 the

1434 2431 136 17 district—The
1603 2430 101 18 Chairman
1742 2429 62 17 stated
1829 2429 43 17 that

1435 2455 74 22 though
1518 2454 33 17 the
1560 2454 57 17 lessee
1625 2453 38 18 had
1672 2453 44 23 paid
1731 2459 10 11 a
1756 2452 49 23 good
1819 2453 51 21 price

1434 2479 16 16 it
1465 2484 38 11 was
1518 2477 116 17 understood
1650 2477 44 16 that
1709 2476 33 17 the
1760 2476 66 17 winter
1842 2481 20 11 re-

1435 2502 60 21 ceipts
1510 2500 62 18 would
1591 2500 33 18 fall
1642 2500 31 18 off.
1699 2500 16 16 A
1732 2499 102 23 postscript
1850 2500 20 16 to

1434 2525 33 17 the
1485 2524 56 17 letter
1554 2523 62 18 stated
1633 2524 43 16 that
1697 2523 32 17 the
1751 2523 56 16 lessee
1829 2528 43 11 now

1435 2547 70 18 wished
1514 2549 20 15 to
1542 2553 38 11 run,
1591 2547 64 17 horses
1665 2547 20 16 in
1701 2547 43 16 that
1760 2546 75 22 portion
1853 2546 20 16 of

1435 2572 32 16 the
1490 2575 73 13 reserve
1584 2570 61 17 which
1671 2575 38 12 was
1730 2568 78 23 planted
1826 2568 47 18 with

1436 2600 65 17 voung
1506 2595 49 16 trees
1564 2600 20 11 so
1593 2599 21 11 as
1619 2595 20 15 to
1648 2593 67 17 enable
1723 2593 39 16 him
1772 2594 19 15 to
1800 2598 37 15 pay
1847 2592 26 17 off

1436 2618 28 16 his
1473 2623 71 11 arrears
1561 2617 20 17 of
1589 2618 49 16 rent.
1671 2616 31 17 He
1711 2615 40 23 (the
1765 2615 104 23 chairman)

1436 2647 37 11 was
1481 2642 35 15 not
1521 2640 81 18 inclined
1616 2641 22 16 to
1647 2641 57 21 grant
1711 2640 44 16 this.
1781 2639 38 16 The
1836 2638 27 17 les-

1436 2670 29 11 see
1474 2663 68 18 should
1549 2663 49 17 have
1606 2662 92 23 prepared
1712 2662 30 18 for
1758 2662 32 16 the
1807 2662 67 16 winter

1436 2693 65 11 season
1517 2687 55 16 when
1593 2687 33 16 the
1643 2687 37 16 fees
1697 2691 49 11 were
1762 2685 74 22 coming
1854 2685 19 16 in

1436 2710 59 23 freely
1501 2710 19 17 in
1535 2710 32 17 the
1576 2709 144 18 summer-time.
1746 2709 31 16 Mr
1793 2708 81 17 Mueller

1436 2733 84 23 thought
1528 2733 14 17 it
1552 2732 62 18 would
1623 2734 35 15 not
1671 2732 23 17 be
1711 2732 97 17 advisable
1815 2733 20 15 to
1844 2731 19 17 al-

1436 2757 35 17 low
1481 2757 32 17 the
1521 2762 66 17 young
1596 2758 49 15 trees
1650 2758 21 15 to
1680 2756 22 16 be
1713 2754 101 18 interfered
1821 2754 52 17 with.

1436 2780 38 17 The
1481 2780 58 16 lessee
1548 2779 67 17 should
1624 2779 23 17 be
1661 2778 78 18 notified
1753 2778 42 16 that
1812 2778 62 17 action

1436 2803 63 17 woidd
1507 2803 25 16 be
1546 2801 56 18 taken
1614 2802 61 17 unless
1692 2802 32 17 the
1741 2807 71 11 arrears
1826 2807 49 10 were

1436 2826 50 23 paid.
1520 2826 31 17 Mr
1566 2826 60 17 Brent
1643 2824 109 19 considered
1769 2824 42 17 that
1821 2830 21 11 as
1861 2830 10 11 a

1436 2850 76 22 portion
1527 2850 20 16 of
1563 2849 33 17 the
1612 2854 73 12 reserve
1701 2848 38 17 had
1756 2848 47 16 been
1817 2847 58 17 taken

1438 2878 54 17 away
1506 2878 50 12 some
1574 2872 106 18 concession
1690 2871 67 17 should
1774 2871 23 16 be
1814 2870 60 17 made.

1437 2897 32 16 Mr
1485 2896 76 21 Dansey
1577 2895 61 18 stated
1644 2895 43 17 that
1703 2895 32 16 the
1742 2894 57 17 lessee
1807 2899 38 12 was
1854 2899 11 12 a-

1438 2925 49 11 ware
1501 2920 42 16 that
1560 2918 38 17 this
1615 2918 76 23 portion
1707 2917 64 18 would
1779 2917 23 17 be
1819 2916 57 18 taken

1438 2948 54 16 away
1509 2942 54 16 when
1580 2942 23 17 he
1621 2941 97 18 tendered.
1744 2941 31 17 Mr
1796 2940 80 17 Mueller

1438 2965 84 22 thought
1532 2965 42 17 that
1584 2965 60 17 under
1661 2965 53 16 these
1731 2964 26 17 cir
1761 2964 57 17 cuius!
1822 2969 54 12 anees

1438 2989 83 21 nothing
1535 2987 68 18 should
1615 2987 25 18 be
1656 2987 99 18 deducted.
1781 2987 19 16 If
1825 2986 51 17 Birss

1440 3012 71 17 wished
1520 3013 19 15 to
1546 3011 99 17 surrender
1654 3011 33 17 the
1695 3011 49 17 lease
1753 3010 24 17 he
1789 3010 55 17 could
1853 3010 23 17 do

1439 3041 26 11 so.
1490 3035 32 17 Mr
1536 3035 59 17 Brent
1610 3034 85 22 thought
1711 3040 10 10 a
1738 3033 82 17 month's
1835 3034 42 16 rent

1439 3059 68 16 should
1516 3058 23 16 be
1548 3057 99 17 deducted.
1673 3057 31 17 Mr
1720 3056 82 17 Mueller
1821 3055 56 18 could

1439 3087 29 12 see
1477 3087 25 11 no
1511 3087 66 11 reason
1586 3082 30 15 for
1624 3081 46 16 this.
1694 3080 39 17 The
1743 3080 57 17 lessee
1809 3079 68 17 should

1439 3105 48 16 have
1497 3104 55 17 made
1560 3104 32 17 the
1603 3102 50 24 good
1662 3103 77 18 months
1753 3108 78 17 prepare
1848 3103 30 17 for

1440 3128 32 16 the
1480 3127 45 17 bad.
1549 3127 20 17 It
1580 3134 39 10 was
1626 3127 66 17 unlust
1699 3128 21 16 to
1728 3127 33 16 the
1773 3126 53 16 othe-T
1834 3127 33 15 ten-

1440 3151 62 17 derers
1511 3153 20 14 to
1541 3150 55 17 make
1605 3156 37 16 any
1651 3149 104 18 reduction.
1781 3149 38 16 The
1825 3149 42 21 prin-

1441 3174 47 22 ciple
1497 3179 38 11 was
1543 3174 45 16 bad.
1601 3173 167 17 Resolved—That
1775 3172 32 17 the
1815 3172 63 17 Board

1441 3198 69 16 cannot
1519 3196 55 18 make
1582 3202 37 16 any
1634 3196 98 17 reduction
1748 3196 20 16 in
1786 3196 42 16 rent
1843 3195 36 17 but

1441 3221 42 16 that
1493 3220 31 17 the
1532 3219 57 18 lessee
1600 3219 38 17 will
1645 3219 24 17 be
1678 3219 79 17 allowed
1767 3219 19 16 to
1803 3224 64 11 Surren-

1441 3243 33 17 der
1482 3243 33 17 the
1523 3243 49 17 lease
1582 3248 24 12 on
1614 3243 92 22 payment
1715 3242 19 17 of
1742 3247 72 12 arrears
1822 3247 26 16 up
1859 3243 19 16 to

1441 3266 52 17 date.

1465 3290 56 16 From
1530 3289 31 17 Mr
1571 3288 22 18 G.
1603 3289 95 17 Thomson
1708 3288 72 22 stating
1796 3288 44 16 that
1855 3287 23 17 he

1441 3312 38 17 had
1488 3312 84 17 received
1581 3312 110 22 permission
1700 3312 49 16 from
1756 3307 32 20 the
1793 3311 87 16 Colonial

1443 3336 97 21 Secretary
1549 3337 19 15 to
1582 3341 77 11 remove
1666 3335 31 16 the
1706 3334 50 22 body
1766 3334 20 17 of
1793 3334 29 16 his
1836 3334 45 17 wife

1442 3361 20 14 to
1469 3358 79 17 another
1556 3358 53 23 place
1615 3359 20 16 of
1648 3355 103 20 interment
1760 3356 37 18 and
1811 3356 68 22 asking

1443 3382 14 16 if
1466 3382 33 16 the
1507 3387 42 11 new
1562 3382 76 21 portion
1647 3381 20 17 of
1684 3381 32 17 the
1733 3381 93 21 cen/etery
1842 3380 38 16 had

1443 3405 47 17 been
1499 3405 38 16 laid
1543 3405 27 16 eff
1577 3410 21 12 as
1618 3405 24 16 he
1659 3403 71 18 wished
1739 3406 20 14 to
1768 3409 32 11 use
1817 3403 14 16 it
1847 3403 32 17 the

1444 3428 98 22 following
1558 3428 38 21 day
1612 3428 16 16 if
1642 3427 118 17 convenient.
1784 3426 32 17 Mr
1828 3426 39 16 Mal-

1445 3452 42 21 froy
1503 3450 61 18 stated
1574 3451 31 17 the
1614 3450 57 18 letter
1680 3450 37 17 had
1734 3450 46 16 been
1797 3449 83 17 received

1444 3480 24 11 on
1477 3474 32 16 the
1518 3474 86 21 previous
1614 3473 36 22 day
1664 3473 38 17 and
1718 3473 44 17 that
1770 3473 31 16 Mr
1809 3472 56 17 Thom-

1445 3503 31 11 son
1484 3497 38 17 had
1531 3497 49 17 since
1586 3497 48 16 been
1643 3502 44 11 seen
1692 3495 38 18 and
1737 3495 75 18 advised
1821 3497 21 15 to
1847 3495 22 16 de-

1446 3520 32 22 lay
1481 3520 105 22 exhuming
1593 3519 94 22 thebody,
1694 3525 21 11 as
1721 3520 63 16 froma
1793 3518 62 17 Board
1861 3518 20 17 of

1446 3543 71 17 Health
1526 3543 54 22 point
1594 3542 20 17 of
1618 3542 48 17 view
1675 3542 23 17 he
1713 3542 33 16 did
1754 3543 34 15 not
1803 3541 54 17 think
1866 3541 14 17 it

1445 3566 63 17 would
1516 3565 24 17 be
1554 3566 45 16 safe.
1625 3565 28 17 Dr
1668 3565 80 17 Ginders
1761 3564 61 17 stated
1839 3564 42 17 that

1446 3589 93 21 although
1547 3588 24 17 he
1588 3589 37 16 had
1641 3593 35 12 not
1688 3588 90 17 attended
1792 3588 32 16 the
1839 3593 40 11 ease

1446 3612 23 17 he
1482 3617 38 11 was
1534 3617 60 12 aware
1603 3612 20 16 of
1639 3612 32 16 the
1687 3612 142 16 circumstances
1843 3610 38 17 and

1447 3635 83 22 thought
1538 3635 15 16 it
1561 3635 65 17 would
1631 3635 23 17 be
1660 3635 107 21 dangerous
1775 3635 20 15 to
1804 3633 77 17 disinter

1446 3658 32 17 the
1487 3658 80 17 remains
1584 3664 20 11 so
1621 3664 52 11 soon.
1698 3654 39 20 The
1754 3657 50 17 clerk
1820 3657 61 16 stated

1447 3682 41 15 that
1503 3681 32 16 the
1551 3680 50 23 body
1621 3681 38 16 had
1675 3680 47 17 been
1736 3679 93 18 exhumed
1840 3680 41 16 that

1447 3704 31 22 da;
1492 3704 37 16 and
1539 3704 119 17 re-interred.
1684 3704 32 16 Mr
1729 3703 80 17 Mueller
1825 3703 56 16 asked

1447 3727 43 21 why
1504 3727 37 17 this
1565 3732 38 11 was
1628 3726 101 23 permitted
1737 3726 8 17 '?
1769 3726 39 17 The
1832 3725 49 18 clerk

1447 3750 40 17 said
1500 3749 42 18 that
1551 3750 31 16 Mr
1590 3750 95 17 Thomson
1700 3749 37 17 had
1755 3749 31 16 the
1803 3749 67 21 permis-

1448 3774 39 16 sion
1497 3773 19 17 of
1524 3773 32 17 the
1565 3772 84 18 Colonial
1660 3772 105 22 Secretary-
1773 3772 31 17 Mr
1819 3772 50 16 Muel-

1448 3796 26 17 ler
1484 3795 97 17 remarked
1590 3796 43 16 that
1641 3796 33 16 the
1683 3795 85 17 Colonial
1785 3795 96 22 Secretary

1448 3819 38 16 had
1502 3819 82 22 nothing
1601 3819 95 17 whatever
1710 3820 20 15 to
1747 3817 24 18 do
1785 3817 46 17 with,
1850 3817 31 18 the

1448 3842 63 17 actual
1520 3842 89 17 removal.
1643 3842 19 17 If
1671 3842 47 16 from
1729 3847 11 10 a
1748 3840 65 17 health
1829 3841 52 21 point

1448 3866 20 16 of
1477 3865 46 17 view
1532 3866 16 15 it
1556 3871 38 11 was
1603 3865 66 17 unsafe
1683 3866 19 16 to
1711 3864 73 17 disturb
1793 3864 32 16 the
1834 3864 47 22 body

1449 3894 20 10 so
1479 3893 44 11 soon
1534 3889 14 15 it.
1557 3888 68 17 should
1641 3889 34 15 not
1684 3887 47 17 have
1742 3887 47 17 been
1805 3887 66 22 permit-

1449 3911 38 16 ted.
1521 3911 17 16 A
1552 3911 92 17 bereaved
1653 3910 94 17 -husband
1755 3910 66 17 should
1838 3910 43 17 have

1429 3933 1 22 '
1449 3939 56 16 every
1514 3934 137 17 consideration
1661 3934 64 17 shown
1734 3933 40 17 him
1782 3933 19 17 in
1815 3933 46 17 such
1873 3939 8 11 a

1449 3958 74 18 matter,
1541 3957 36 16 but
1592 3957 56 17 when
1664 3962 12 11 a
1691 3956 79 18 medical
1787 3956 94 21 authority

1449 3979 61 18 stated
1518 3980 53 17 there
1576 3986 38 11 was
1620 3980 72 22 danger
1700 3981 20 16 to
1728 3979 33 17 tin;
1770 3979 111 21 community

1449 4003 18 16 in
1478 4009 11 10 a
1502 4003 103 21 particular
1610 4008 64 11 course
1681 4003 32 16 the
1720 4002 62 17 Board
1788 4002 37 16 had
1837 4005 20 14 to
1863 4002 18 17 be

1450 4031 44 17 very
1506 4026 76 16 careful.
1608 4026 59 16 There
1682 4031 38 11 was
1732 4031 26 11 no
1774 4030 32 12 use
1814 4024 58 18 discus-

1451 4049 42 22 sing
1502 4049 32 16 the
1544 4049 72 22 subject
1629 4050 21 15 at
1658 4050 75 21 greater
1741 4048 66 22 length
1820 4054 20 10 as
1855 4048 26 16 the

1451 4072 35 16 re-i
1490 4073 38 15 ntei
1533 4073 51 16 ment
1598 4071 38 18 had
1652 4071 57 18 taken
1732 4071 57 22 place,
1811 4070 35 17 but
1862 4071 19 16 he

1429 4088 1 29 I
1451 4094 62 23 hoped
1528 4095 19 16 in
1568 4095 64 16 future
1640 4100 25 11 no
1675 4094 45 17 such
1728 4094 52 16 work
1789 4093 67 17 should
1864 4094 17 16 be

1429 4117 1 22 '
1452 4117 100 22 permitted
1577 4117 82 17 without
1675 4117 33 17 tho
1721 4117 86 17 sanction
1820 4117 21 16 of
1854 4117 27 17 the

1439 4136 3 21 j
1452 4140 62 17 Board
1524 4140 19 17 of
1551 4140 78 17 Health.

1911 121 58 18 From
1985 122 32 17 the
2026 122 46 16 Rev.
2081 121 18 17 S<
2117 120 55 21 Ingle
2189 119 87 22 drawing
2292 120 30 16 at-
2343 119 1 22 ]

1889 145 19 17 to
1916 145 32 17 the
1957 145 107 22 dangerous
2080 143 96 19 condition
2193 143 20 16 of
2228 143 34 16 the
2276 142 47 22 path
2343 142 1 25 ,

1889 167 75 23 leading
1973 168 48 17 from
2035 168 33 17 the
2075 167 50 17 main
2135 166 46 17 road
2189 167 20 16 to
2223 166 33 16 the
2268 166 54 21 Eng-
2343 166 1 24 (

1889 190 34 17 lish
1930 191 75 17 Church
2014 191 38 17 and
2061 191 68 21 asking
2145 189 42 17 that
2196 188 46 18 itbe
2257 188 66 23 placed
2343 188 1 24 ;

1889 214 19 17 in
1930 213 63 24 repair
2009 220 21 12 as
2052 220 46 11 soon
2123 218 21 12 as
2162 211 87 23 possible.
2283 211 40 17 The
2343 211 1 26 ;

1889 237 62 17 writer
1958 237 62 17 stated
2033 237 42 17 that
2084 237 33 16 the
2123 235 73 18 natives
2213 234 70 18 offered
2298 240 25 11 no

1889 260 93 22 objection
1999 262 21 16 to
2028 260 45 17 such
2082 260 59 21 being
2154 258 49 17 done
2209 263 35 12 nor
2260 257 64 18 would
2343 257 1 25 ■

1889 284 43 21 they
1941 282 55 19 mate
2005 289 37 16 any
2050 284 56 17 claim
2115 282 19 18 in
2141 281 111 17 connection
2261 281 62 17 there-
2343 281 1 24 <

1889 307 109 17 with—The
2014 307 101 17 Chairman
2130 304 40 18 said
2179 304 42 17 that
2228 305 48 16 from
2292 304 32 16 the

1889 332 65 15 nature
1963 330 21 17 of
1991 330 34 17 the
2033 329 75 23 ground
2116 334 25 11 no
2150 327 51 23 good
2209 327 46 18 road
2268 327 57 17 could
2343 327 1 25 i

1889 352 20 17 be
1919 353 55 17 made
1982 354 36 17 but
2029 354 16 15 it
2056 352 64 22 might
2135 352 23 16 be
2172 350 97 23 improved
2278 356 34 11 con-

1889 376 99 22 siderably.
2021 375 93 18 Resolved
2123 374 42 18 that
2174 374 33 17 the
2221 374 71 22 repairs
2301 373 24 17 bo
2343 373 1 25 !

1889 399 82 17 effected.
2343 399 1 21 ,

1911 423 56 16 From
1977 423 23 16 R.
2010 421 85 18 Griffiths
2101 421 68 21 asking
2177 421 30 16 for
2220 426 11 11 a
2245 420 54 17 share
2305 420 20 17 of

1889 446 31 16 the
1937 445 80 18 Board's
2034 445 74 22 carting
2124 444 49 17 from
2189 444 33 16 the
2239 443 86 22 Railway
2343 443 1 24 i

1889 468 80 20 Station,
1995 469 19 17 It
2029 474 39 11 was
2076 467 103 22 suggested
2195 467 43 17 that
2249 467 76 17 tenders

1889 492 66 17 should
1960 492 24 16 be
1993 491 60 17 called
2060 491 30 17 for
2098 491 32 16 the
2139 490 52 17 work
2202 490 29 16 for
2240 496 11 11 a
2259 489 66 23 period

1889 515 18 16 of
1917 515 20 17 12
1948 515 82 17 months.
2057 514 19 17 It
2091 520 43 11 was.
2143 514 93 19 however,
2247 512 78 17 decided

1889 538 41 17 that
1939 538 32 17 Mr
1988 538 85 17 Griffiths
2087 537 22 17 be
2119 536 79 18 allowed
2215 542 11 11 a
2237 536 54 18 share
2305 536 20 17 of

1889 561 31 17 the
1928 561 52 17 work
1989 561 20 17 in
2017 561 33 17 the
2059 560 106 17 meantime.

1982 591 45 16 The
2043 590 106 16 Football
2166 589 63 16 Auea.

1911 619 39 17 The
1959 618 102 19 Chairman
2071 618 61 17 stated
2141 618 42 16 that
2196 617 34 17 the
2244 617 81 17 football

1889 648 41 12 area
1939 648 25 11 on
1974 642 87 17 Pukeroa
2069 641 37 17 had
2115 646 42 12 now
2166 641 48 16 been
2223 641 66 17 fenced
2305 641 20 16 in

1889 665 33 17 but
1930 665 34 17 the
1972 666 113 18 contractor,
2096 665 31 16 Mr
2140 664 72 19 Gallen,
2223 663 58 18 asked
2296 664 30 17 for

1889 689 30 16 10s
1929 691 55 15 extra
1993 694 24 11 on
2026 689 80 16 account
2115 688 20 16 of
2146 687 71 21 having
2225 688 20 16 to
2260 687 55 17 distri-

1889 711 43 18 bute
1939 712 33 17 the
1981 712 69 17 timber
2062 711 58 21 along
2133 710 32 18 the
2181 710 38 17 line
2236 710 20 18 of
2272 710 53 18 fence

1889 735 83 17 whereas
1979 735 34 17 the
2022 734 126 22 specification
2158 735 27 15 set
2195 734 52 16 forth
2256 733 42 17 that
2310 734 15 16 it

1889 758 63 17 would
1960 758 24 17 be
1999 757 93 18 delivered
2108 763 24 11 on
2145 757 33 17 the
2191 757 81 21 ground.
2306 757 14 17 It-

1889 787 38 11 was
1935 781 79 22 pointed
2023 783 34 15 out
2065 781 43 16 that
2117 780 52 17 there
2178 785 38 12 was
2224 785 26 12 no
2263 780 51 22 stipu-

1889 804 57 18 lation
1957 806 19 16 to
1984 804 54 23 place
2047 804 32 17 the
2088 804 68 17 timber
2169 803 57 22 along
2241 803 32 17 the
2288 803 37 17 line

1889 828 19 16 of
1917 828 58 17 fence.
2002 828 20 16 If
2029 827 33 17 the
2071 827 52 17 work
2131 827 38 17 had
2181 827 47 16 been
2242 827 49 16 done
2306 827 19 16 in

1889 856 9 11 a
1907 851 62 17 better
1977 856 79 12 manner
2064 851 33 16 the
2105 856 41 11 sum
2155 849 57 18 asked
2225 850 31 17 for
2263 849 63 23 might

1889 878 46 13 Jiava
1943 874 48 17 been
2000 873 85 18 allowed.
2118 873 39 17 The
2165 872 117 23 application
2288 879 37 11 was

1889 897 93 18 therefore
1991 897 82 17 refused.

1911 921 31 17 Mr
1953 921 85 21 Malfroy
2047 920 62 17 stated
2117 920 43 17 that
2173 926 11 10 a
2199 921 44 19 gate
2257 921 20 15 to
2290 919 24 17 ad-

1889 944 33 17 mit
1931 944 81 17 vehicles
2021 943 38 18 had
2067 943 48 18 been
2123 943 73 17 erected
2205 943 25 21 by
2240 942 32 17 Mr
2285 943 41 17 Bell

1889 968 19 15 at
1916 973 10 10 a
1935 968 41 16 cost
1985 968 20 16 of
2013 968 39 16 40s.

1963 996 45 16 The
2021 995 71 17 House
2105 999 26 12 ox
2144 994 106 17 Pekhroa.

1911 1023 39 17 The
1960 1022 102 18 Chairman
2076 1021 63 18 stated
2155 1022 43 16 that
2214 1022 33 16 the
2263 1021 63 18 Board

1889 1046 62 17 would
1960 1046 48 17 need
2017 1047 19 15 to
2046 1044 64 18 decide
2119 1044 51 18 what
2177 1046 65 16 wnsto
2248 1044 23 18 be
2278 1045 49 17 done

1889 1069 45 17 with
1944 1069 33 17 the
1986 1069 58 17 house
2054 1074 23 12 on
2087 1068 87 17 Pukeroa
2184 1074 43 10 now
2236 1069 42 16 that
2295 1069 32 16 Mr

1889 1092 67 23 Taylor
1965 1092 37 17 had
2015 1091 128 23 relinquished
2157 1091 111 22 possession.
2296 1092 31 17 Mr

1889 1116 80 17 Mueller
1978 1115 62 18 stated
2049 1115 43 16 that
2101 1114 37 17 this
2144 1114 125 17 troublesome
2276 1117 38 15 mat-

1889 1142 27 14 tor
1925 1139 37 17 had
1972 1139 47 17 been
2028 1138 68 17 settled
2105 1138 99 20 amicably.
2230 1138 39 17 The
2286 1138 41 18 first

1889 1163 80 17 demand
1978 1163 26 21 by
2014 1162 31 16 Mr
2053 1161 69 22 Taylor
2131 1161 29 17 for
2175 1161 49 17 £IOO
2238 1167 20 11 as
2275 1168 39 11 com-

1889 1186 98 22 pensation
1997 1191 38 11 was
2044 1185 73 17 refused
2127 1184 36 17 and
2173 1186 20 15 at
2207 1184 67 22 length
2289 1184 38 19 £4O

1890 1215 36 10 was
1935 1208 70 22 agreed
2014 1214 31 11 on.
2070 1208 39 17 The
2118 1208 62 16 Board
2190 1208 55 17 could
2254 1213 43 12 now
2303 1208 24 17 do
2337 1203 2 27 !

1889 1232 51 17 what
1949 1238 38 11 was
1996 1232 85 22 thought
2094 1231 42 17 best
2150 1230 45 18 with
2213 1231 33 17 the
2262 1231 64 18 house.

1911 1256 32 16 Mr
1959 1255 84 22 Malfroy
2062 1253 108 19 considered
2191 1254 43 17 that
2254 1260 20 11 as
2295 1255 32 17 the

1889 1277 57 18 house
1955 1279 38 16 had
2002 1278 47 17 been
2060 1277 45 18 used
2115 1278 29 17 for
2157 1277 80 22 typhoid
2245 1278 82 22 patients

1889 1302 14 17 it
1929 1302 63 17 would
2017 1302 23 16 be
2057 1301 42 17 best
2115 1302 20 15 to
2164 1300 76 23 destroy
2254 1301 21 17 it.
2308 1302 20 17 It

1889 1331 38 11 was
1948 1324 78 23 pointed
2043 1326 33 16 out
2093 1324 43 17 that
2152 1330 50 10 some
2219 1330 54 15 years
2290 1324 37 18 had

1889 1348 74 23 elapsed
1973 1349 49 17 since
2031 1348 52 16 then.
2101 1347 19 17 It
2129 1353 38 11 was
2176 1347 66 22 finally
2250 1347 77 18 decided

1889 1374 20 15 to
1918 1372 47 22 strip
1981 1372 33 17 the
2027 1371 89 21 building
2129 1370 20 17 of
2162 1370 26 17 all
2201 1370 67 22 lining,
2278 1372 49 17 ,&c.

1889 1395 36 17 nnd
1934 1401 75 11 remove
2017 1395 16 16 it
2042 1396 19 15 to
2078 1394 32 17 the
2127 1396 92 19 cemetery
2235 1394 62 17 whore
2313 1394 16 17 it

1890 1418 55 18 could
1954 1418 23 18 be
1986 1417 76 18 utilised
2073 1423 19 11 as
2101 1423 12 11 a
2122 1417 52 17 shed.

1913 1442 16 17 A
1939 1441 77 24 general
2025 1441 103 17 discussion
2137 1440 46 17 then
2196 1446 53 12 arose
2263 1441 20 17 in
2298 1446 20 12 re-

1890 1465 47 21 gard
1947 1467 20 14 to
1976 1466 93 20 cemetery
2079 1465 77 16 matters
2166 1463 37 17 and
2211 1466 20 14 to
2240 1463 32 18 the
2286 1470 31 11 sur-

1890 1494 35 16 vey
1935 1488 20 17 of
1964 1488 32 17 the
2006 1487 80 22 ground.
2113 1487 19 17 It
2141 1493 38 11 was
2194 1486 77 18 decided
2286 1488 43 16 that

1890 1517 11 11 a
1911 1514 66 14 sexton
1988 1510 68 18 should
2069 1510 23 18 be
2111 1510 102 22 appointed
2230 1510 38 18 and
2285 1510 44 18 that

1890 1535 126 21 applications
2037 1533 68 18 should
2125 1533 23 17 be
2169 1533 60 17 called
2247 1534 29 17 for
2296 1534 33 16 the

1891 1557 58 18 office.

2004 1581 17 17 A
2035 1581 78 17 Street
2125 1580 92 17 Ranger.

1915 1613 31 17 Mr
1955 1613 85 21 Malfroy
2049 1612 62 17 stated
2120 1612 42 17 that
2170 1611 33 18 the
2211 1612 59 17 Town
2286 1613 43 17 Belt

1891 1637 38 16 had
1938 1643 43 10 now
1989 1636 47 17 been
2052 1634 77 24 planted
2146 1635 37 17 and
2197 1636 15 16 it
2226 1636 63 17 would
2306 1636 23 17 be

1891 1665 98 17 necessary
1998 1661 21 15 to
2028 1659 24 17 do
2061 1658 108 23 something
2177 1660 20 16 to
2206 1660 74 21 protect
2297 1660 33 16 the

1892 1689 66 16 young
1967 1684 54 16 trees.
2048 1683 85 21 Fencing
2143 1682 63 17 would
2217 1682 25 17 be
2257 1688 60 17 expen-

1892 1707 38 16 sive
1939 1706 38 17 and
1986 1707 23 16 he
2024 1705 84 23 thought
2123 1705 43 17 that
2182 1711 51 12 more
2251 1706 78 22 general

1892 1730 50 21 good
1953 1729 63 17 would
2025 1729 23 17 be
2056 1729 48 16 done
2113 1728 25 23 by
2151 1729 32 16 the
2197 1729 133 22 appointment

1890 1752 22 18 of
1927 1759 11 11 a
1955 1759 69 14 ranger
2042 1755 19 13 to
2078 1752 51 16 drive
2146 1753 19 15 to
2181 1752 32 16 the
2226 1752 65 21 pound
2304 1752 25 18 all

1891 1776 64 17 horses
1964 1776 38 17 and
2011 1776 57 17 cattle
2078 1775 59 17 found
2149 1775 112 23 wandering
2269 1776 18 16 in
2297 1776 33 16 the

1891 1801 72 16 streets.
1989 1799 20 17 It
2017 1804 39 12 was
2065 1798 77 17 decided
2151 1800 20 15 to
2179 1798 59 17 invite
2245 1799 75 22 applica-

1891 1824 50 16 tions
1950 1823 30 16 for
1988 1822 33 17 the
2030 1822 53 17 office
2092 1823 19 16 at
2120 1828 24 10 an
2151 1822 115 17 emolument
2272 1823 20 17 of
2299 1823 31 16 20s

1891 1851 35 18 per
1935 1846 66 17 month
2011 1846 37 16 and
2057 1844 76 24 driving
2142 1845 44 17 fees.

1981 1874 79 19 Street
2073 1874 169 19 Ijipkovemekts.

1915 1904 19 18 It
1944 1911 39 10 was
1993 1904 76 17 decided
2080 1905 19 16 to
2114 1903 71 22 plough
2202 1904 38 17 and
2256 1904 75 17 harrow

1892 1926 106 19 Hinemaru
2009 1926 60 19 Street
2079 1933 20 10 as
2108 1927 29 17 fnr
2145 1933 20 11 as
2174 1927 32 17 the
2215 1927 57 17 Town
2281 1927 49 18 Belt.

1893 1951 19 17 It
1921 1956 38 12 was
1969 1951 39 17 also
2017 1950 69 21 agreed
2094 1952 19 14 to
2123 1952 47 15 form
2180 1949 72 19 Eruera
2269 1951 62 17 Street

1893 1975 48 16 from
1951 1974 74 18 Fenton
2036 1974 60 17 Street
2106 1975 19 15 to
2139 1973 106 18 Tutanekai
2263 1973 67 19 Street.

1915 1997 40 18 The
1964 1998 102 17 Chairman
2076 1996 60 17 stated
2146 1996 43 17 that
2203 1997 33 17 the
2254 1998 77 17 Tarewa

1893 2021 53 17 Road
1956 2027 39 11 was
2003 2021 19 16 in
2040 2027 10 10 a
2067 2025 44 17 very
2129 2018 36 18 bad
2183 2020 96 18 condition
2296 2020 35 18 but

1892 2045 43 16 that
1944 2044 33 17 the
1986 2043 116 18 surfacemen
2111 2043 63 17 would
2183 2043 23 17 bo
2219 2045 37 21 put
2269 2050 25 12 on
2311 2046 21 16 to

1891 2067 16 18 it
1915 2074 20 10 as
1944 2073 46 12 soon
2000 2074 19 10 as
2028 2067 46 22 they
2083 2072 47 12 were
2139 2068 21 16 at
2168 2066 75 23 liberty.

1915 2090 32 17 Mr
1967 2091 59 16 Brent
2043 2090 51 17 drew
2111 2090 94 17 attention
2223 2092 20 17 to
2260 2090 71 18 certain

1892 2114 90 17 channels
1991 2113 61 18 which
2062 2112 37 18 had
2112 2113 47 17 been
2173 2115 32 16 cut
2220 2120 62 12 across
2299 2115 32 17 the

1892 2137 87 22 footpath
1991 2137 41 17 that
2042 2143 48 10 were
2104 2137 105 22 dangerous
2227 2139 20 15 to
2263 2137 56 22 pedes-

1891 2161 59 16 trians
1959 2161 50 16 after
2021 2159 96 21 nightfall.

1915 2183 31 18 Mr
1955 2184 76 21 Diinsoy
2040 2183 51 17 drew
2099 2184 33 16 the
2141 2182 117 19 Chairman's
2268 2185 52 16 atten-

1891 2206 41 18 tion
1941 2209 20 15 to
1970 2207 32 17 the
2012 2207 38 17 fact
2059 2206 42 17 that
2110 2206 93 23 although
2217 2207 33 17 the
2266 2207 55 22 plant-

1891 2231 34 21 ing
1935 2231 20 15 of
1963 2231 33 16 the
2005 2229 87 18 Pukeroa
2100 2229 51 23 slope
2157 2230 48 16 from
2211 2231 33 16 the
2250 2229 82 23 Library

1892 2255 20 16 to
1921 2253 53 18 Lake
1983 2253 67 18 House
2058 2253 38 16 had
2104 2252 46 18 been
2161 2253 77 18 decided
2247 2259 24 12 on
2281 2260 51 11 some

1892 2277 77 18 months
1979 2282 36 16 ago
2024 2276 83 21 nothing
2116 2276 37 17 had
2167 2278 33 20 yet
2213 2277 47 17 been
2276 2277 54 16 done.

1893 2299 18 18 It
1921 2306 38 11 wns
1969 2299 84 18 resolved
2063 2300 43 16 that
2115 2299 15 17 it
2136 2300 62 16 would
2207 2300 23 16 be
2240 2300 91 17 attended

1892 2325 21 15 to
1922 2329 20 11 as
1951 2329 46 11 soon
2006 2329 20 11 as
2036 2321 80 19 suitable
2125 2325 49 15 trees
2183 2323 55 17 could
2246 2323 24 17 bo
2287 2330 33 16 pro-

1892 2346 63 18 cured.

2087 2377 26 14 of
2209 2373 62 19 Rate.

1916 2403 40 17 The
1965 2402 102 18 Chairman
2077 2403 61 17 stated
2147 2403 43 17 that
2203 2403 20 17 in
2238 2404 94 16 reference

1893 2427 20 16 to
1923 2426 33 17 the
1965 2426 99 17 collection
2082 2426 20 17 of
2118 2426 32 17 the
2167 2427 59 16 water
2242 2429 41 15 rate
2300 2427 33 17 the

1894 2450 128 17 Government
2032 2448 37 18 had
2079 2448 69 23 agreed
2156 2451 21 15 to
2186 2448 56 19 al'ow
2254 2456 11 10 a
2278 2449 55 18 small

1894 2479 41 11 snm
1944 2474 21 16 to
1974 2473 24 17 be
2007 2473 82 20 charged
2100 2473 30 17 for
2144 2473 32 17 the
2191 2473 59 17 work.
2281 2474 52 21 They

1894 2495 38 19 had
1941 2497 33 16 :<ot
1984 2497 32 21 yet
2024 2495 78 18 decided
2112 2496 51 17 what
2172 2500 40 13 snm
2223 2497 32 17 the
2269 2497 63 17 Grand

1894 2518 60 18 Hotel
1963 2525 39 11 was
2011 2521 20 15 to
2045 2519 23 17 be
2085 2519 89 22 charged.
2207 2519 29 18 Dr
2253 2520 81 17 Ginders

1894 2542 79 23 pointod
1987 2544 34 16 out
2035 2542 43 17 that
2092 2542 32 17 the
2141 2542 68 21 charge
2227 2544 29 16 for
2272 2543 62 17 hotels

1895 2571 38 11 was
1942 2565 33 18 £o.
2007 2565 31 17 Mr
2055 2565 81 17 Mueller
2152 2566 39 16 said
2208 2565 46 22 they
2271 2566 63 17 would

1894 2589 47 17 need
1951 2591 19 15 to
1980 2588 48 18 alter
2037 2589 32 17 the
2078 2588 88 18 schedule
2174 2589 21 17 of
2207 2590 79 21 charges
2300 2588 23 18 be-

1895 2612 39 17 fore
1947 2612 46 22 they
2011 2612 55 17 could
2083 2612 70 20 charge
2169 2618 57 11 more.
2259 2613 20 16 It
2296 2618 38 12 was

1895 2635 61 17 stated
1967 2636 42 16 that
2018 2636 32 16 the
2056 2635 61 17 Board
2127 2634 37 18 had
2173 2641 43 11 now
2225 2635 36 18 full
2271 2641 65 17 power

1895 2660 20 15 to
1923 2657 80 23 proceed
2012 2658 75 23 against
2097 2659 54 17 those
2156 2659 20 16 in
2185 2659 74 17 default
2268 2659 38 17 and
2313 2661 20 15 to

1896 2683 33 16 cut
1937 2682 28 17 off
1972 2682 32 17 the
2014 2683 58 16 water
2082 2682 52 17 when
2141 2688 104 16 necessary.
2272 2683 18 16 It
2296 2688 39 11 was

1896 2703 77 19 decided
1982 2706 43 16 that
2034 2706 34 16 the
2073 2704 50 18 clerk
2130 2705 66 17 should
2202 2706 24 16 be
2232 2706 103 22 appointed

1896 2728 81 18 receiver
1986 2729 21 17 of
2015 2728 32 17 the
2056 2730 59 15 water
2131 2730 40 15 rate
2184 2728 19 17 in
2221 2727 114 19 accordance

1895 2752 46 16 with
1956 2752 33 16 the
2002 2751 123 17 instructions
2139 2751 84 17 received
2237 2752 48 17 from
2303 2753 33 16 the

1897 2774 127 17 Government
2034 2776 20 15 at
2063 2780 11 11 a
2080 2776 139 16 remuneration
2229 2775 20 18 of
2264 2775 22 18 2i
2302 2781 35 17 per

1896 2800 43 15 cent
1948 2804 24 11 on
1981 2798 33 17 the
2022 2804 51 11 sums
2082 2798 45 22 paid
2135 2798 27 17 in.

1990 2827 104 17 Bottling
2099 2831 41 13 the
2148 2826 92 19 KtaitAU,

1920 2855 34 17 Mr
1960 2855 82 18 Mueller
2050 2855 62 18 stated
2122 2855 41 17 that
2172 2855 19 17 in
2200 2854 81 24 looking
2292 2860 44 13 over

1897 2878 32 17 the
1938 2879 82 16 minutes
2029 2879 21 16 of
2062 2879 34 16 the
2109 2879 88 22 previous
2212 2880 85 21 meeting
2313 2880 23 16 he

1897 2902 38 17 had
1952 2908 43 11 seen
2010 2902 42 17 that
2067 2902 32 17 the
2114 2901 62 17 Board
2193 2902 143 18 recommended

1898 2925 43 17 that
1949 2925 33 17 Mr
1989 2925 21 17 C.
2020 2924 67 18 Clarke
2096 2925 67 17 should
2172 2923 23 19 be
2209 2925 80 17 allowed
2304 2926 32 16 the

1899 2948 37 18 sole
1945 2947 52 23 right
2007 2949 20 16 of
2035 2947 85 23 bottling
2128 2947 37 18 and
2174 2947 68 24 selling
2247 2949 33 17 the
2287 2948 37 18 Kui-

1898 2977 34 12 rau
1941 2974 59 15 water
2010 2972 30 16 for
2048 2977 10 11 a
2068 2973 47 15 term
2125 2971 21 17 of
2153 2977 59 16 years.
2238 2971 52 23 They
2299 2971 38 18 had

1898 2994 38 18 had
1946 3001 51 11 some
2005 2994 92 22 difficulty
2105 2995 20 16 in
2134 2994 67 21 regard
2210 2996 21 16 to
2239 2995 32 17 the
2287 3001 50 11 same

1898 3019 72 16 matter
1977 3020 19 14 at
2005 3017 26 17 Te
2040 3017 69 19 Aroha,
2119 3019 38 15 and
2165 3018 33 17 the
2209 3017 128 19 Government

1899 3043 19 15 at
1927 3040 68 22 length
2003 3040 39 17 had
2050 3042 20 16 to
2080 3042 41 21 step
2129 3041 19 16 in
2163 3041 37 17 and
2215 3040 73 19 declare
2303 3041 33 18 the

1899 3064 52 22 right
1960 3064 94 17 forfeited.
2080 3063 39 18 The
2127 3063 92 24 difficulty
2226 3064 53 18 there
2285 3071 52 10 arose

1899 3087 49 17 from
1958 3088 32 16 the
2000 3088 38 16 fact
2047 3087 42 17 that
2099 3088 31 16 the
2139 3087 57 17 lessee
2204 3088 38 16 had
2247 3089 34 16 not
2287 3088 48 17 been

1899 3109 64 18 bound
1973 3113 20 14 to
2002 3111 68 21 export
2079 3116 21 11 or
2108 3110 82 22 produce
2199 3116 11 11 a
2219 3111 50 17 fixed
2276 3117 48 17 quan-

1899 3134 38 22 tity
1946 3140 33 15 per
1988 3139 78 11 annum-
2090 3134 26 17 As
2125 3132 49 19 little
2183 3134 52 17 work
2245 3141 21 10 as
2276 3134 51 22 possi-

1899 3155 31 19 ble
1938 3163 39 11 was
1987 3156 48 18 done
2044 3163 20 11 so
2073 3156 42 18 that
2124 3157 33 17 the
2170 3156 54 23 right
2237 3158 64 21 might
2315 3156 23 18 be

1900 3179 85 18 retained
1993 3186 24 10 on
2026 3180 33 16 tho
2069 3180 68 17 chance
2147 3180 20 17 of
2181 3180 69 22 selling
2264 3181 21 17 it.
2319 3181 20 16 It

1899 3208 39 12 was
1948 3202 32 18 the
1989 3208 51 12 same
2049 3209 20 11 as
2098 3202 128 24 shepherding
2257 3210 11 11 a
2283 3203 54 18 claim

1900 3228 20 16 to
1929 3230 80 18 prevent
2014 3229 24 14 its
2108 3226 84 22 jumped.
2218 3225 31 20 He
2254 3226 85 24 thought

1900 3248 42 18 that
1951 3250 56 16 when
2015 3248 33 18 the
2057 3251 77 15 consent
2141 3250 21 16 of
2170 3250 32 16 the
2210 3250 128 17 Government

1901 3277 39 12 was
1948 3272 89 17 obtained
2047 3272 47 22 they
2104 3272 68 18 should
2191 3272 23 18 be
2231 3273 71 17 careful
2318 3275 20 15 to

1901 3301 29 11 see
1947 3295 44 18 that
2007 3295 119 23 precautions
2142 3296 20 17 in
2186 3295 32 18 the
2247 3296 92 17 direction

1900 3318 77 22 pointed
1988 3320 33 15 out
2029 3325 51 10 were
2087 3319 56 16 taken
2152 3318 20 17 in
2181 3319 55 17 order
2243 3320 44 16 that
2306 3318 35 18 the

1901 3342 157 21 monopoly—for
2066 3342 16 16 it
2091 3348 37 11 was
2136 3341 92 23 virtually
2242 3348 12 11 a
2270 3348 54 12 mono-

1900 3365 139 21 poly—should
2047 3367 33 15 not
2089 3364 23 18 be
2122 3365 75 17 abused.

1924 3388 39 17 The
1972 3388 101 17 Chairman
2083 3387 97 18 remarked
2188 3388 43 17 that
2240 3395 22 10 as
2319 3393 22 12 as

1901 3411 33 17 the
1942 3410 75 18 Kuirau
2025 3417 38 11 was
2073 3411 103 17 concerned
2183 3417 25 11 no
2223 3417 36 11 one
2275 3412 64 17 would

1901 3440 42 11 care
1952 3436 20 15 to
1981 3434 61 17 bottle
2050 3435 33 16 the
2091 3435 58 16 water
2157 3440 43 11 now
2209 3441 20 11 as
2244 3435 32 17 the
2290 3436 36 16 tem-

1901 3458 88 20 perature
1998 3457 38 17 had
2044 3456 81 18 lowered
2134 3457 38 17 and
2180 3457 16 17 it
2208 3457 39 18 had
2263 3457 76 18 become

1902 3486 11 11 a
1922 3479 82 22 bathing
2011 3480 54 22 place
2074 3480 29 17 for
2111 3480 33 17 the
2149 3481 80 17 natives.

1925 3503 33 17 Mr
1977 3503 83 17 Mueller
2075 3503 61 17 stated
2153 3503 42 17 that
2212 3504 25 17 he
2252 3509 40 12 saw
2307 3504 32 16 the

1901 3526 64 17 Board
1974 3526 38 17 had
2022 3526 80 17 allowed
2111 3527 58 16 water
2181 3528 21 15 to
2215 3527 23 17 be
2252 3527 31 17 led
2299 3527 40 17 into

1902 3549 74 22 private
1993 3549 68 17 houses
2077 3555 46 11 near
2139 3549 33 18 the
2185 3549 81 18 Kuiraa.
2290 3550 49 17 That

1902 3578 39 11 was
1949 3572 54 21 right
2011 3572 38 17 and
2057 3577 74 18 proper.

1926 3596 32 16 Mr
1966 3596 77 21 Dansey
2050 3595 78 22 pointed
2137 3596 34 16 out
2177 3595 43 18 that
2234 3596 33 17 the
2281 3597 60 16 water

1902 3618 20 17 in
1932 3619 87 21 question
2028 3624 38 11 was
2075 3618 84 22 running
2165 3620 20 16 to
2195 3620 67 16 waste.

1927 3642 32 16 Mr
1967 3642 83 16 Mueller
2061 3642 40 16 said
2117 3642 43 16 that
2172 3641 86 18 whether
2272 3647 22 12 or
2306 3643 35 16 not

1902 3664 33 18 the
1949 3664 63 18 Board
2026 3664 68 17 should
2108 3664 61 17 retain
2186 3664 32 18 the
2233 3671 65 16 power
2320 3666 20 16 to

1904 3687 49 17 close
1958 3687 33 17 the
2000 3687 68 22 supply
2077 3689 20 15 at
2105 3693 37 16 any
2158 3689 52 16 time.
2236 3689 105 16 Otherwise

1903 3710 46 22 they
1958 3711 62 22 might
2029 3711 47 16 have
2089 3711 67 21 people
2165 3711 100 22 obtaining
2273 3717 11 11 a
2297 3716 32 17 per-

1904 3734 77 17 mission
1989 3732 21 19 to
2018 3734 44 16 take
2071 3734 58 16 water
2137 3734 49 17 from
2195 3740 12 11 a
2217 3734 70 22 Spring
2302 3734 37 17 and

1904 3758 49 15 start
1970 3756 57 18 baths
2043 3756 20 17 in
2080 3757 106 21 opposition
2195 3758 19 16 to
2224 3757 32 17 the
2270 3757 69 17 Board.

1904 3779 31 17 He
1944 3779 33 17 did
1987 3781 35 15 not
2035 3779 55 17 think
2106 3780 31 16 Mr
2149 3780 77 22 Dansey
2240 3780 63 17 would
2317 3779 24 17 do

1904 3802 97 23 anything
2009 3803 20 16 of
2036 3802 33 17 the
2078 3803 38 16 sort
2125 3802 35 18 but
2168 3803 16 17 it
2192 3809 39 12 was
2240 3809 20 11 as
2269 3803 44 17 well
2321 3805 20 15 to

1904 3826 24 17 be
1936 3826 46 17 safe.
2008 3824 121 24 (Laughter.)

1952 3856 45 18 The
2009 3857 101 16 Removal
2122 3861 24 12 of
2158 3856 70 19 Xight
2240 3857 53 18 Soil.

1929 3887 32 17 Mr
1967 3887 81 18 Mueller
2053 3887 62 17 stated
2122 3888 42 17 that
2170 3889 44 22 they
2220 3889 44 20 had,
2271 3889 58 17 doubt-

1906 3911 42 19 less,
1958 3917 44 11 seen
2009 3911 27 21 by
2044 3910 32 17 the
2085 3917 67 16 papers
2160 3910 42 18 that
2211 3913 53 16 th«>re
2278 3918 39 11 was
2330 3918 12 11 a

1906 3935 107 16 movement
2022 3934 53 17 afoot
2082 3934 62 17 which
2156 3934 64 17 would
2233 3934 62 18 knock
2309 3935 32 16 the

1907 3957 63 17 Board
1978 3963 24 11 on
2011 3957 32 17 the
2052 3957 48 17 head
2115 3963 19 11 as
2149 3958 20 16 at
2181 3960 76 19 present
2271 3958 60 17 consti-

1907 3980 55 17 tuted
1970 3979 37 18 and
2016 3979 55 18 make
2080 3980 14 17 it
2102 3986 25 11 an
2136 3980 76 17 elective
2229 3981 57 22 body.
2312 3981 30 16 He

1908 4003 32 16 did
1949 4004 34 16 not
1988 4003 61 19 think,
2056 4003 92 18 however,
2156 4003 65 23 seeing
2226 4003 31 18 the
2264 4005 79 16 amount

1908 4026 20 16 of
1936 4026 52 17 work
1996 4026 19 16 in
2025 4026 32 17 the
2066 4026 59 18 hands
2135 4026 20 17 of
2162 4026 97 18 Ministers
2268 4029 21 15 at
2299 4033 32 16 pre-

1908 4050 42 15 sent
1958 4049 43 17 that
2009 4049 16 17 it
2033 4049 63 16 would
2104 4049 23 17 bo
2136 4055 49 15 gone
2199 4056 25 10 on
2240 4050 47 16 with
2303 4050 40 22 just

1908 4073 38 20 yet.
1972 4071 39 18 The
2019 4071 33 18 life
2061 4072 20 16 of
2089 4072 32 17 the
2135 4072 62 17 Board
2212 4078 38 11 was
2266 4072 77 18 assured

1911 4094 28 17 for
1948 4101 10 10 a
1967 4094 49 17 little
2026 4094 55 17 while
2095 4096 37 20 yet.
2162 4095 91 18 Whether
2266 4101 23 12 or
2302 4097 39 18 not,

1909 4117 93 20 however,
2012 4117 23 17 he
2048 4117 84 22 thought
2148 4118 32 17 the
2196 4118 63 18 Board
2276 4118 67 17 should

1909 4146 43 11 now
1961 4140 44 17 take
2013 4139 77 18 definite
2099 4142 49 20 steps
2157 4146 20 12 so
2186 4141 42 17 that
2242 4141 54 17 when
2312 4141 32 16 the

2345 122 33 17 hot
2387 121 84 17 weather
2478 126 52 12 ca;ne
2539 127 24 11 on
2572 122 53 17 Ihere
2638 121 68 18 should
2720 121 24 17 he
2756 127 26 11 no
2793 120 2 25 |

2345 145 112 22 complaints
2471 144 19 17 in
2505 145 68 21 regard
2589 147 21 15 to
2626 145 33 17 the
2675 146 71 20 system
2763 145 20 16 of
2792 144 3 27 j

2345 168 77 22 dealing
2431 168 45 16 with
2485 167 33 16 the
2527 167 55 23 night
2595 168 34 17 soil
2643 169 21 16 of
2677 169 33 16 the
2723 169 59 16 town,
2792 162 2 30 j

2346 192 30 16 lie
2384 191 85 20 thought
2477 190 43 17 that
2528 191 137 21 specifications
2678 191 68 17 should
2759 191 23 17 he

2345 214 91 23 prepared
2445 214 30 17 for
2479 214 33 16 the
2520 214 51 16 work
2576 214 38 17 aud
2619 214 76 18 tenders
2704 214 76 19 invited;
2792 214 2 23 i

2347 238 31 16 the
2387 237 70 17 service
2465 239 20 15 to
2494 236 24 17 he
2526 237 30 16 for
2564 242 11 12 a
2584 240 48 14 term
2641 239 21 16 of
2676 244 54 16 years
2745 238 37 16 and

2346 261 32 17 the
2387 260 61 17 whole
2462 260 21 17 of
2497 260 32 16 the
2546 259 89 23 requisite
2651 261 54 22 plant
2722 263 21 16 to
2758 261 25 18 be
2792 257 2 26 I

2347 284 85 22 supplied
2441 284 26 21 hy
2481 282 33 18 the
2531 286 112 15 contractor.
2676 283 70 22 Plenty
2763 285 20 16 of

2347 307 45 17 time
2401 307 55 17 could
2464 307 24 16 fcc
2497 306 55 22 given
2562 307 30 17 for
2600 307 33 17 the
2642 309 64 15 return
2714 308 57 16 offen-

2347 330 47 17 ders.
2419 330 39 17 The
2467 329 122 18 information
2601 330 77 21 already
2693 331 89 17 obtained

2347 354 48 16 from
2404 353 32 16 Mr
2444 353 106 17 McArthur
2559 353 63 18 which
2632 359 37 11 was
2677 354 65 17 before
2750 354 32 17 the

2347 376 61 17 Board
2421 376 20 17 in
2455 376 33 17 the
2501 376 58 22 shape
2575 377 21 17 of
2611 383 12 11 a
2639 378 65 21 report
2720 378 62 16 would
2792 376 2 24 j

2347 399 57 21 guide
2412 399 52 17 them
2473 399 18 17 in
2502 399 86 21 drawing
2600 406 25 16 up
2640 400 33 17 the
2686 399 96 23 specifica-
2792 399 2 24 j

2347 423 39 16 tion
2396 423 36 16 and
2441 423 46 21 they
2496 422 62 17 would
2568 423 47 17 have
2624 429 55 16 every
2689 423 55 17 other
2752 429 20 11 as-

2347 446 79 17 sistance
2436 446 48 16 from
2493 446 31 16 Mr
2537 446 106 17 McArthur
2659 446 62 17 which
2737 446 46 22 they

2347 468 62 21 might
2418 469 80 22 require.
2523 469 44 17 This
2576 475 38 11 was
2624 476 10 10 a
2643 472 70 15 matter
2721 469 61 17 which

2347 493 51 15 must
2406 491 23 17 be
2438 492 90 16 attended
2537 494 19 15 to
2573 493 85 17 whether
2671 493 33 17 the
2721 493 61 17 Board

2347 521 49 11 were
2504 515 32 17 the
2634 517 44 16 here
2695 522 21 11 or
2733 521 50 12 some

2347 538 107 22 differently
2464 539 114 17 constituted
2592 540 58 21 body,
2665 539 38 17 and
2717 540 15 16 if
2740 540 32 15 ten-

2348 561 41 17 ders
2399 567 47 11 were
2460 567 45 11 once
2522 561 18 18 in
2558 562 33 18 the
2605 563 69 17 service
2688 562 56 18 could
2760 562 23 17 be

2347 584 71 17 started
2427 584 18 17 in
2455 589 12 12 a
2480 585 83 17 month's
2578 586 47 17 time
2641 587 21 17 at
2678 586 33 16 the
2728 587 54 15 most.

2347 608 31 16 He
2386 607 114 17 understood
2514 608 49 17 from
2578 609 32 17 Mr
2622 609 107 18 McArthur
2741 609 42 17 that

2347 630 25 18 all
2378 630 33 17 the
2420 630 106 23 appliances
2535 637 48 12 were
2595 630 47 24 kept
2658 632 19 17 in
2695 630 53 19 stock
2764 631 18 18 in

2349 653 112 18 Melbourne
2470 654 37 16 and
2516 655 55 17 could
2579 655 24 17 be
2611 655 81 23 shipped
2700 657 21 15 at
2732 655 52 17 short

2347 677 68 17 notice.
2441 677 30 17 No
2479 679 70 15 matter
2558 678 52 17 what
2615 679 92 22 drainage
2714 680 70 20 system

2348 700 32 17 the
2389 700 128 17 Government
2526 699 112 20 introduced
2646 702 38 17 this
2701 700 83 19 removal

2348 724 20 16 of
2377 723 55 22 night
2441 722 35 18 soil
2485 726 50 14 must
2544 723 23 18 bo
2575 731 12 11 a
2595 726 57 21 thing
2665 727 54 20 apart
2735 725 49 17 from

2348 747 15 17 it
2373 747 29 16 for
2411 747 33 16 the
2452 748 46 15 next
2509 747 21 16 10
2538 753 54 16 years
2609 750 20 15 at
2645 747 54 19 least.
2732 747 52 23 They

2349 769 62 18 woidd
2420 771 34 16 not
2464 769 93 18 therefore
2566 770 75 19 Conflict
2655 772 19 17 in
2689 778 37 15 an}-
2737 777 46 16 way,

2371 794 17 16 A
2403 793 56 16 letter
2474 793 49 17 from
2538 792 31 19 Mr
2585 795 107 17 McArthur
2707 792 66 26 supple-

2349 816 87 23 menting
2443 816 30 17 his
2482 818 63 20 report
2561 818 38 16 and
2616 818 68 23 giving
2700 818 74 21 particu-

2348 839 37 17 lars
2394 841 62 15 where
2473 840 32 16 the
2519 840 86 18 material
2621 841 63 23 might
2700 841 23 18 be
2740 847 33 16 pro-

2349 862 57 18 cured
2415 869 37 10 was
2462 862 50 18 read.

2372 886 32 17 Mr
2412 885 81 18 Mueller
2502 886 62 17 stated
2573 888 42 16 that
2622 888 51 17 what
2679 888 24 17 he
2712 888 72 16 wanted

2347 910 21 16 to
2377 909 24 17 do
2410 915 38 11 was
2457 911 20 15 to
2485 911 36 20 put
2529 909 32 17 the
2570 910 62 18 Board
2641 912 19 16 in
2675 917 11 11 a
2702 910 83 23 position

2349 934 19 16 to
2381 931 43 18 deal
2437 930 46 19 with
2497 933 32 17 the
2545 935 70 15 matter
2631 933 90 23 speedily.
2754 934 31 17 He

2349 955 73 21 moved,
2451 956 49 17 That
2509 956 136 20 specifications
2653 957 23 18 be
2693 957 92 23 prepared

2349 978 35 18 and
2402 978 76 18 tenders
2495 979 59 17 called
2571 980 30 17 for
2617 981 33 16 the
2665 980 84 18 removal
2766 981 20 16 of

2349 1001 55 22 night
2415 1001 34 18 soil
2458 1002 30 16 for
2497 1008 10 10 a
2524 1003 65 22 period
2605 1004 21 17 of
2642 1004 54 17 three
2712 1010 22 11 or
2749 1003 36 18 five

2349 1031 53 17 years
2411 1027 20 15 at
2440 1025 32 17 the
2481 1025 64 23 option
2554 1027 21 16 of
2583 1027 32 16 the
2624 1027 87 17 tenderer
2719 1027 42 17 who
2770 1027 15 17 is

2349 1050 19 15 to
2377 1047 69 23 supply
2455 1048 32 17 the
2496 1049 60 16 whole
2565 1050 20 17 of
2593 1050 32 17 the
2640 1055 98 18 necessary
2751 1057 23 12 ap-

2349 1072 89 23 pliances.
2464 1070 81 20 Tenders
2553 1074 20 16 to
2582 1073 23 17 be
2614 1074 133 21 accompanied
2760 1072 25 23 by

2349 1102 12 10 a
2370 1095 73 21 deposit
2452 1095 20 17 of
2481 1093 38 19 £lO
2528 1096 37 17 and
2578 1098 21 16 to
2613 1097 23 17 be
2653 1097 69 21 lodged
2740 1097 45 17 with

2349 1119 33 16 the
2391 1117 100 18 Chairman
2501 1119 20 16 of
2534 1119 33 17 the
2583 1120 63 17 Board
2662 1120 27 23 by
2705 1120 82 17 October

2351 1141 43 18 15th
2403 1143 52 15 next.
2481 1142 38 16 The
2528 1142 66 18 lowest
2603 1149 21 11 or
2632 1149 37 17 any
2678 1143 67 18 tender
2752 1145 34 15 not

2350 1164 112 23 necessarily
2475 1166 20 16 to
2509 1165 23 17 be
2688 1166 45 18 This
2749 1172 38 11 was

2351 1187 91 18 seconded
2459 1187 26 23 by
2506 1189 32 16 Mr
2558 1189 77 23 Dansey
2655 1190 38 17 and
2716 1188 71 19 carried

2351 1210 139 23 unanimously.

2516 1243 97 19 Finance.

2373 1275 39 16 The
2429 1276 108 15 treasurer's
2556 1277 103 16 statement
2674 1274 77 19 showed
2768 1282 19 11 as

2351 1298 73 18 follows
2432 1298 3 24 :
2438 1298 110 22 —Receipts
2556 1298 3 24 :
2580 1300 82 17 Balance
2678 1300 50 17 from
2745 1305 32 17 pre-

2351 1320 68 22 ceding
2428 1323 102 15 statement
2539 1322 49 17 £293
2603 1324 19 16 Gs
2639 1320 36 25 Gd;
2698 1323 88 22 deposits,

2351 1345 40 19 &c,
2401 1344 25 17 £1
2438 1345 30 16 12s
2478 1345 34 20 Gd;
2526 1345 45 18 hath
2585 1346 44 20 fees,
2647 1345 39 19 £26
2704 1347 31 16 lis
2751 1345 35 22 9d;

2351 1368 90 19 sundries,
2451 1367 27 18 £3
2489 1369 30 16 14s
2528 1368 30 17 Gd.
2583 1368 61 19 Total.
2658 1369 51 18 £325
2724 1371 20 14 5s
2758 1369 29 17 3d.

2351 1391 130 21 Expenditure
2489 1391 3 22 :
2506 1391 19 18 J.
2535 1392 73 20 Gallon,
2627 1391 26 19 £7
2670 1393 20 17 8s
2707 1392 24 18 Gd
2738 1397 5 16 ;
2765 1392 22 18 E.

2351 1414 90 20 Griffiths,
2453 1413 26 18 £9
2488 1416 20 15 9s
2521 1415 23 17 Gd
2552 1413 4 25 ;
2571 1414 71 24 sundry
2657 1417 95 19 accounts,
2763 1415 26 18 £8

2352 1439 30 16 14s
2392 1438 33 20 7d;
2439 1444 69 16 wages,
2519 1438 37 17 £53
2571 1441 21 15 Gs
2610 1439 28 16 Id.
2671 1439 82 17 Balance
2770 1439 19 16 in

2351 1461 57 19 bank,
2419 1462 39 17 &c,
2469 1461 51 17 £2-10
2528 1463 21 16 Gs
2558 1462 29 17 7d.
2601 1462 61 21 Total,
2673 1462 50 17 £325
2733 1464 19 14 5s
2759 1462 29 17 3d.

2375 1484 40 17 The
2424 1484 99 21 following
2531 1488 89 14 accounts
2627 1491 47 11 were
2683 1485 66 22 passed
2759 1486 30 16 for

2352 1508 89 23 payment
2471 1507 3 24 :
2478 1507 98 19 —Rusabs
2603 1509 60 19 Bros.,
2686 1508 38 18 £27
2747 1507 41 24 16s;

2352 1531 61 17 Steele
2422 1531 60 18 Bros..
2491 1531 36 18 £2l
2539 1533 20 14 8s
2568 1531 24 18 9d
2602 1531 4 21 ;
2621 1532 73 20 Gallen,
2712 1532 37 17 £23
2760 1533 30 16 19s

2352 1554 23 17 Gd
2384 1554 3 23 ;
2402 1554 18 17 J.
2432 1554 25 17 11.
2466 1554 74 23 Taylor,
2549 1554 38 18 £l4
2598 1556 19 17 Is
2627 1554 33 23 Gd;
2675 1556 23 16 E.
2708 1555 70 18 Robert-

2352 1584 39 13 son,
2403 1577 24 17 £1
2446 1578 20 16 9s
2485 1578 43 20 Ud;
2551 1578 63 23 Craig,
2632 1578 26 18 £3
2678 1580 30 16 18s
2716 1578 35 21 4d;
2766 1578 23 18 11.

2352 1601 47 19 Bell,
2417 1599 36 21 £2;
2468 1601 23 18 E.
2506 1601 90 19 Griffiths,
2613 1601 24 18 £1
2653 1599 30 23 Gi:
2698 1601 91 21 sundries,

2354 1624 26 17 £2
2393 1625 31 16 10s
2435 1624 45 21 lOd;
2495 1630 68 17 wages,
2575 1625 37 18 £O3
2629 1625 30 18 lis
2671 1625 116 20 <»d.—Total,

2353 1647 50 18 £IG2
2413 1648 19 16 2s
2442 1647 29 18 7d.

2458 1676 71 17 Boahi)
2545 1680 25 13 or
2587 1676 95 17 Health.

2375 1709 33 16 Mr
2420 1707 72 18 Corlett
2501 1714 20 10 :is
2529 1707 95 23 inspector
2630 1708 20 17 of
2656 1708 98 17 nuisances
2761 1713 20 11 re-

2352 1731 68 24 ported
2429 1731 41 17 that
2481 1731 23 16 lie
2512 1730 38 18 had
2560 1730 118 24 everywhere
2687 1731 47 17 been
2748 1731 43 17 well

2353 1754 83 19 received
2445 1760 24 11 on
2484 1754 29 16 his
2530 1754 41 17 first
2587 1754 44 17 visit
2648 1754 37 17 and
2700 1754 91 17 residents

2352 1778 38 18 had
2399 1777 99 22 expressed
2512 1777 49 18 their
2575 1777 59 17 desiro
2651 1779 19 15 to
2688 1778 54 16 assist
2759 1777 32 17 the

2352 1801 63 18 Board
2425 1801 18 17 in
2454 1801 24 16 its
2486 1800 64 18 efforts
2559 1802 19 16 to
2588 1801 57 21 bring
2657 1801 60 16 about
2730 1801 62 16 better

2352 1825 84 18 sanitary
2445 1824 111 17 conditions.
2571 1825 23 16 In
2603 1824 54 23 reply
2666 1825 20 16 to
2695 1823 96 23 questions

2353 1849 32 17 Mr
2394 1848 72 17 Corlett
2475 1847 60 17 stated
2547 1847 41 18 that
2598 1847 24 18 he
2630 1847 37 17 had
2676 1847 68 17 visited
2759 1847 32 17 the

2353 1872 68 18 Palace
2430 1871 58 17 Hotel
2497 1871 36 16 and
2544 1871 41 17 that
2601 1871 31 17 the
2650 1870 87 18 landlord
2753 1876 39 11 was

2353 1894 91 24 prepared
2460 1895 19 16 to
2495 1894 24 17 do
2533 1894 96 17 whatever
2643 1900 38 11 was
2698 1893 93 23 required.

2353 1919 32 17 He
2392 1918 37 17 ha«l
2439 1922 43 13 seen
2492 1917 31 18 the
2533 1924 40 10 cess
2584 1918 29 22 pit
2627 1918 59 16 there.
2719 1918 18 16 It
2754 1923 38 11 was

2354 1943 49 16 most
2413 1940 87 19 offensive
2510 1941 36 16 and
2557 1940 68 18 should
2639 1940 23 18 be
2676 1939 82 24 emptied
2772 1940 20 18 at

2354 1970 52 12 onee.
2431 1964 52 22 They
2498 1970 48 10 were
2561 1963 91 24 prepared
2667 1965 21 16 to
2702 1964 24 16 do
2740 1963 52 17 what

2354 1994 38 11 was
2401 1993 97 16 necessary
2509 1987 53 17 when
2578 1987 14 17 it
2606 1993 39 11 was
2658 1987 65 17 shown
2741 1987 51 16 what

2353 2017 39 12 was
2401 2012 19 16 to
2429 2011 24 16 be
2462 2010 54 18 done.
2582 2010 76 23 Dansey
2665 2010 40 18 said
2711 2010 43 17 that
2758 2009 22 18 be-

2354 2034 39 19 fore
2408 2034 33 18 the
2455 2039 38 12 cess
2508 2033 28 24 pit
2556 2039 38 12 was
2611 2033 119 18 constructed
2747 2033 45 22 they

2354 2064 48 11 were
2411 2057 93 17 informed
2519 2057 25 17 all
2558 2057 58 17 about
2631 2057 22 17 it.
2686 2057 52 21 They
2754 2056 38 17 had

2354 2081 68 22 simply
2432 2080 40 23 dug
2480 2086 11 11 a
2507 2080 43 17 hole
2564 2081 84 16 whereas
2662 2080 46 22 they
2726 2079 67 18 should

2354 2104 47 18 have
2411 2104 54 17 made
2481 2110 10 10 a
2507 2107 68 19 proper
2592 2105 86 16 concrete
2694 2102 34 23 pit.
2762 2103 32 16 Mr

2354 2128 84 17 Malfrov
2447 2127 62 17 stated
2519 2126 42 18 that
2570 2126 32 19 the
2617 2126 29 27 pit
2662 2126 56 18 could
2735 2126 58 23 easily

2353 2151 22 17 he
2383 2149 83 24 pumped
2474 2149 41 18 into
2526 2151 41 15 iron
2579 2149 55 18 tanks
2644 2150 37 16 aud
2695 2149 63 17 carted
2773 2151 19 15 to

2353 2174 32 17 the
2394 2173 64 23 depot.
2484 2172 20 18 It
2518 2179 38 11 was
2573 2173 84 17 resolved
2761 2172 32 17 the

2353 2198 106 22 proprietor
2468 2197 20 16 of
2496 2196 32 17 the
2538 2196 68 17 Palace
2615 2196 59 17 Hotel
2683 2196 24 16 be
2716 2195 76 17 ordered

2353 2222 20 16 to
2382 2220 47 18 have
2437 2220 30 17 bis
2476 2225 38 12 cess
2523 2220 28 21 pit
2560 2220 83 21 emptied
2650 2218 97 19 forthwith
2755 2218 37 18 and

2353 2245 20 16 to
2383 2243 24 17 do
2416 2250 20 10 so
2444 2243 20 17 in
2473 2243 64 17 future
2547 2243 20 17 at
2576 2243 45 17 such
2630 2242 90 17 intervals
2730 2249 19 9 as
2756 2242 36 17 will

2353 2268 79 22 prevent
2440 2267 15 16 it
2464 2266 100 22 becoming
2573 2273 23 10 an
2613 2266 120 17 abominable
2749 2266 33 16 nui-

2354 2296 55 11 sance
2418 2292 19 15 to
2447 2288 32 18 the

2377 2313 40 17 The
2427 2313 82 20 meeting
2519 2313 45 17 then
2574 2313 68 17 closed.

2460 2356 132 20 ELECTION
2606 2357 80 18 NEWS.

2378 2405 20 17 It
2407 2410 79 17 appears
2495 2403 44 19 that
2552 2403 40 19 Col.
2611 2404 74 17 Burton
2702 2402 38 18 will
2760 2404 34 16 not

2356 2429 73 17 contest
2438 2428 33 16 the
2488 2427 40 22 Buy
2545 2428 20 16 of
2583 2427 69 22 Plenty
2669 2429 40 15 seat
2726 2427 19 17 at
2762 2426 32 17 the

2356 2451 128 21 forthcoming:
2498 2450 86 17 election.
2610 2451 23 16 In
2650 2456 10 11 a
2677 2450 56 17 letter
2749 2451 21 16 to
2783 2455 11 12 a

2356 2476 85 16 Rotorua
2450 2472 83 19 resident
2542 2474 40 17 Col.
2598 2474 72 17 Burton
2686 2475 57 15 states
2752 2472 43 17 that

2356 2498 64 22 owing
2429 2502 20 12 to
2457 2498 31 16 the
2504 2498 106 21 precarious
2625 2496 96 18 condition
2737 2496 19 17 of
2765 2496 29 17 his

2356 2521 59 17 wife's
2424 2521 66 17 health
2491 2520 68 22 —only
2569 2521 54 16 made
2638 2520 89 17 manifest
2736 2519 46 17 with-

2356 2545 19 16 in
2384 2545 34 17 the
2436 2542 38 20 last
2495 2544 35 17 few
2552 2543 95 23 (lays—he
2656 2543 16 17 is
2689 2542 69 18 unable
2775 2543 19 17 to

2356 2574 52 11 come
2418 2567 81 18 forward
2508 2567 19 16 in
2537 2567 33 17 the
2584 2573 54 11 cause
2656 2566 20 17 of
2692 2566 29 17 his
2737 2570 57 18 many

2357 2590 78 19 staunch
2444 2590 70 17 friends
2521 2589 120 24 throughout
2650 2590 32 17 the
2688 2589 105 17 electorate.

2356 2615 31 16 He
2396 2615 59 16 trusts
2465 2613 41 17 that
2536 2614 20 16 in
2563 2613 32 18 the
2602 2613 53 23 Krge
2662 2613 73 16 district
2742 2616 39 14 com-

2356 2637 74 23 prising
2447 2637 32 17 the
2496 2636 41 22 Bay
2545 2637 20 16 of
2582 2637 69 21 Plenty
2669 2636 99 17 electorate
2784 2642 10 10 a

2357 2661 49 22 good
2417 2666 43 11 man
2470 2666 43 15 may
2522 2659 23 18 be
2559 2660 60 17 found
2636 2661 67 20 strong
2719 2658 76 23 enough

2357 2686 20 15 to
2385 2690 53 16 carry
2448 2683 31 17 the
2493 2683 37 22 day
2545 2683 77 22 against
2635 2683 32 17 the
2684 2682 75 17 Powers
2776 2682 20 17 of

2357 2706 127 19 Destruction.

2380 2730 40 17 The
2429 2728 40 25 Bay
2479 2730 22 22 of
2509 2730 62 22 Plenty
2585 2728 56 19 Times
2651 2730 58 16 states
2725 2728 42 17 that
2776 2728 19 17 in

2358 2754 85 17 addition
2453 2754 20 16 to
2482 2752 66 19 MrW.
2559 2753 62 22 Kelly,
2633 2753 31 17 Mr
2672 2752 18 17 J.
2701 2752 95 21 Simpkins

2357 2778 21 16 of
2387 2776 123 21 Whakatane,
2521 2777 37 17 and
2567 2777 32 17 Mr
2608 2778 29 16 W.
2647 2776 25 16 H.
2683 2775 82 19 Herries,
2775 2775 21 17 of

2359 2799 120 23 Shaftsbury,
2490 2799 38 18 will
2538 2801 72 16 contest
2619 2799 33 17 the
2665 2799 106 17 electorate.

2382 2824 19 16 It
2420 2824 15 16 is
2450 2824 33 16 the
2505 2823 77 22 general
2607 2822 77 22 opinion
2706 2822 41 16 that
2765 2822 31 15 Mi-

2359 2846 73 23 Kelly's
2440 2846 78 18 chances
2528 2846 19 17 of
2563 2846 58 22 being
2638 2844 94 20 returned,
2750 2850 46 11 even

2358 2870 20 17 in
2387 2870 31 16 the
2428 2870 41 16 face
2479 2870 21 16 of
2514 2872 66 19 strong
2596 2868 113 24 opposition,
2726 2873 32 11 are
2766 2867 20 17 in-

2359 2893 74 18 creased
2443 2893 25 21 by
2476 2893 32 16 the
2517 2898 42 12 new
2573 2892 88 18 electoral
2678 2890 117 18 boundaries.

2474 2938 100 19 MINING
2589 2930 95 26 NOTES.

2382 2985 33 18 Mr
2423 2985 26 18 11.
2459 2984 93 20 Mitchell,
2563 2986 20 17 of
2591 2986 33 17 the
2632 2985 43 18 firm
2685 2985 20 17 of
2721 2984 76 17 Forster

2360 3010 38 17 and
2407 3009 93 19 Mitchell,
2511 3009 73 22 mining
2592 3010 98 21 engineers
2705 3007 36 18 and
2755 3013 31 11 sur-

2359 3038 73 17 veyors,
2457 3032 77 20 Piieroa,
2545 3032 73 17 arrived
2636 3032 18 16 in
2671 3031 85 17 Kotorua
2772 3036 24 11 on

2359 3055 86 23 Monday
2454 3055 38 17 and
2501 3055 104 22 proceeded
2613 3057 21 15 to
2643 3055 26 17 Te
2678 3054 52 17 Puke
2738 3055 20 16 to
2766 3053 20 17 in-

2360 3081 53 21 spect
2421 3084 51 11 some
2481 3079 104 21 properties
2595 3079 20 16 in
2623 3078 61 17 which
2693 3078 30 16 his
2731 3077 41 16 firm
2781 3077 15 16 is

2359 3101 109 18 interested.

2384 3126 26 16 At
2418 3125 32 17 the
2460 3124 84 22 meeting
2553 3125 20 17 of
2582 3124 33 18 the
2628 3123 124 23 Prospecting
2759 3123 25 17 As-

2361 3149 90 17 sociation
2472 3147 45 18 held
2532 3148 19 17 in
2569 3148 32 17 the
2617 3147 64 18 Grand
2698 3147 58 16 Hotel
2773 3152 24 11 on

2361 3171 94 22 Saturday
2465 3171 61 22 night,
2543 3170 32 18 Mr
2586 3171 59 17 Brent
2659 3170 20 17 in
2692 3170 33 17 the
2738 3170 58 19 chnir,

2360 3195 32 17 Mr
2408 3195 76 16 Samson
2502 3199 38 12 was
2554 3194 71 17 elected
2639 3194 94 21 honorary
2746 3195 40 15 trea-

2361 3224 52 10 surer
2420 3218 19 15 in
2450 3217 53 22 place
2512 3218 21 16 of
2538 3218 32 16 Mr
2579 3218 82 20 Dansoy,
2672 3217 42 16 who
2723 3216 38 16 had
2777 3218 20 15 to

2360 3241 63 22 resign
2430 3246 20 11 as
2457 3240 32 20 thq
2498 3240 82 22 position
2595 3239 99 19 conflicted
2708 3240 46 16 with
2768 3240 29 16 his

2361 3262 68 19 official
2437 3264 67 17 duties.
2530 3264 17 17 A
2556 3263 158 18 communication
2723 3268 38 11 was
2767 3267 20 12 re-

2361 3287 63 18 ceived
2445 3287 48 17 from
2508 3286 34 18 the
2556 3287 62 17 Mines
2637 3286 124 22 Department
2777 3286 19 16 in

2360 3311 94 17 reference
2463 3311 19 16 to
2491 3310 32 16 the
2533 3310 115 22 application
2657 3310 29 16 for
2692 3315 10 11 ti
2709 3314 77 19 prospec-

2361 3334 43 22 ting
2412 3333 67 17 license
2489 3333 30 17 for
2527 3333 32 17 the
2568 3333 101 17 Horohoro
2678 3332 60 17 block.
2749 3332 36 17 Fur-

2361 3357 43 17 ther
2411 3355 158 18 communication
2578 3356 46 17 with
2634 3356 32 17 the
2673 3354 123 23 Department

2361 3385 38 11 was
2408 3379 78 17 decided
2495 3385 30 11 on.
2551 3380 17 16 A
2585 3380 110 21 prospector
2711 3378 86 22 engaged

2360 3403 27 22 by
2396 3403 31 17 the
2436 3403 119 17 Association
2563 3403 15 16 is
2594 3401 89 23 expected
2701 3403 20 16 to
2737 3402 60 16 arrive

2361 3427 19 16 in
2386 3432 12 11 a
2406 3426 36 17 few
2451 3425 52 23 days.

2385 3450 70 16 Messrs
2463 3448 18 17 J.
2498 3448 9 17 I
2522 3448 73 23 Philips
2612 3448 38 17 and
2667 3448 39 19 Co.,
2725 3447 72 22 mining

2361 3478 106 17 surveyors-,
2481 3472 106 19 Auckland,
2605 3471 53 20 have,
2676 3471 19 17 in
2713 3470 84 18 addition

2362 3497 22 15 to
2390 3495 49 17 their
2448 3495 91 17 branches
2548 3497 20 15 at
2577 3493 71 19 Paeroa
2665 3494 37 17 and
2711 3493 85 21 Thames,

2362 3518 72 22 opened
2443 3524 24 11 an
2476 3518 52 17 office
2537 3521 20 14 at
2573 3518 68 22 Ring's
2658 3517 60 20 Road,
2738 3516 47 18 Coro-

2362 3541 82 18 niandel.

2385 3565 39 17 The
2433 3564 85 17 Rotonia
2535 3565 127 21 Prospecting
2679 3563 118 17 Association

2362 3588 63 22 notify
2434 3587 43 17 that
2484 3587 33 17 the
2527 3587 67 18 second
2605 3587 87 21 monthly
2703 3586 83 22 subscrip-

2362 3611 41 17 tion
2411 3612 16 15 is
2436 3617 42 10 no-.v
2488 3610 35 17 due
2532 3610 38 17 and
2578 3612 51 15 must
2643 3610 23 16 be
2683 3608 43 23 paid
2744 3615 23 11 on
2777 3615 20 11 or

2362 3634 64 17 before
2443 3633 76 19 Friday.
2551 3634 15 16 A
2584 3632 76 23 general
2676 3632 85 21 meeting
2777 3632 19 17 of

2362 3656 93 18 members
2464 3655 52 18 takes
2528 3657 54 21 place
2587 3657 19 16 in
2616 3656 33 17 the
2658 3655 65 18 Grand
2738 3655 59 18 Hotel

2363 3686 24 12 on
2398 3679 93 22 Saturday
2500 3679 63 23 night.
2641 3688 6 8 »

2386 3704 32 15 Mr
2426 3702 58 18 Clem.
2495 3702 75 20 Comes,
2585 3707 25 12 an
2627 3702 31 17 old
2675 3701 86 18 comrade
2778 3702 19 17 of

2363 3726 40 18 Col.
2414 3725 81 17 Roberts
2507 3725 20 17 in
2536 3725 32 17 the
2577 3725 67 17 Forest
2759 3730 38 12 was

2363 3749 19 17 in
2392 3748 85 18 Rotorua
2485 3749 37 16 last
2530 3747 52 18 week
2591 3754 24 11 on
2629 3747 74 23 mining
2719 3749 77 16 matters

2362 3772 53 17 bent.
2440 3771 111 22 Regarding
2559 3777 11 11 a
2577 3777 62 16 group
2647 3771 20 16 of
2676 3770 72 17 natives
2754 3771 43 17 who

2363 3795 38 17 had
2408 3794 103 18 assembled
2520 3794 61 17 round
2598 3794 33 17 the
2640 3794 118 17 Courthouse
2773 3800 24 11 on

2363 3818 71 22 Friday
2443 3817 36 17 last
2485 3818 24 16 he
2519 3816 98 18 remarked
2633 3819 20 15 to
2668 3821 24 13 an
2709 3817 31 17 old
2752 3817 33 17 bro-

2363 3841 134 18 ther-in-arms
2541 3841 34 16 Wo
2582 3840 46 17 used
2633 3841 20 16 to
2662 3840 23 17 be
2692 3840 43 22 paid
2742 3846 55 11 seven

2362 3864 39 17 bob
2410 3870 10 11 a
2429 3863 37 21 day
2476 3864 29 17 for
2512 3863 91 23 shooting
2611 3864 53 16 these
2676 3863 76 20 fellows,
2762 3863 34 18 but

2363 3888 15 16 if
2385 3893 28 11 we
2427 3886 33 18 did
2471 3886 95 23 anything
2584 3887 21 17 of
2616 3887 32 17 the
2662 3887 39 16 sort
2711 3892 43 11 now
2769 3892 28 12 we

2363 3910 63 17 would
2433 3910 24 17 be
2468 3909 76 23 hanged
2556 3910 29 17 for

2386 3933 32 17 Mr
2429 3932 90 18 Malcolm
2534 3932 88 23 Fleming
2632 3933 16 16 is
2660 3933 19 16 at
2692 3934 74 20 present
2778 3933 19 17 in

2363 3957 90 16 Rotorua.
2479 3956 30 16 He
2516 3956 15 16 is
2543 3955 133 23 accompanied
2688 3955 26 22 by
2724 3961 11 11 a
2744 3961 42 17 pros-

2364 3982 64 19 pector
2434 3978 37 18 and
2478 3984 90 17 purposes
2576 3979 94 22 spending
2681 3984 11 11 a
2702 3979 36 16 few
2752 3979 45 23 days

2364 4003 44 16 here
2415 4003 19 16 in
2441 4001 54 18 order
2507 4003 20 16 to
2541 4002 93 17 ascertain
2648 4002 33 16 the
2696 4003 67 16 nature
2779 4003 18 16 of

2364 4026 33 16 the
2405 4026 79 21 country
2493 4025 45 17 rock
2551 4025 37 17 and
2605 4025 33 16 the
2654 4024 115 23 probability
2779 4026 18 16 of

2364 4048 74 22 finding
2446 4048 103 17 auriferous
2563 4050 67 15 strata.
2658 4048 31 16 He
2702 4048 16 17 is
2726 4048 18 17 in
2754 4054 32 16 pos-

2364 4071 70 17 session
2444 4071 20 16 of
2471 4071 123 17 information
2608 4071 103 23 regarding
2723 4072 74 16 various

2364 4094 91 17 localities
2471 4099 45 11 near
2531 4094 45 17 here
2592 4094 62 17 where
2671 4095 66 21 quartz
2750 4095 47 16 reefs

2364 4122 32 12 are
2404 4116 74 21 alleged
2486 4118 20 15 to
2514 4116 49 18 have
2575 4116 48 18 been
2638 4117 113 20 discovered,
2761 4118 36 17 and

2365 4139 52 17 these
2425 4139 40 17 will
2473 4139 23 17 be
2504 4139 73 18 visited.

2949 114 139 19 FOOTBALL.

2827 162 38 16 The
2875 162 93 16 members
2976 162 20 16 of
3005 161 32 17 the
3051 162 82 18 Eotorua
3148 164 78 21 Football

2805 185 54 19 Club,
2868 185 74 17 headed
2950 185 25 21 by
2985 185 32 16 the
3026 185 55 17 Brars
3095 185 56 23 Band,
3166 189 60 20 turned

2805 210 33 15 out
2847 209 18 16 in
2876 208 34 17 full
2921 209 50 16 force
2980 208 36 15 last
3025 208 79 22 evening
3113 209 19 18 to
3152 220 15 6 ...
3175 212 9 15 i.
3203 220 25 7 •,,,.

2804 231 33 17 the
2846 231 165 22 Representatives
3020 231 20 17 of
3048 231 31 17 the
3088 230 83 21 Wafkato
3180 236 40 18 Jintr-

2803 254 26 22 by
2837 254 63 17 Union
2909 254 43 17 who
2961 254 60 16 arrive
3027 254 7 16 1
3049 254 24 21 by
3086 255 48 17 train
3148 258 19 16 to
3184 259 43 19 fulfil

2804 277 33 18 the
2845 280 127 20 engagement
2981 279 20 15 to
3011 277 44 22 play
3064 277 31 18 the
3104 278 45 17 local
3156 280 61 20 clubto-

2804 301 44 21 day,
2858 301 54 16 when
2922 307 11 10 a
2946 301 48 16 close
3007 300 37 16 and
3059 300 109 26 interesting
3180 310 49 16 game

2804 330 44 16 may
2856 324 23 17 be
2892 323 97 23 expected.
3015 323 38 17 The
3068 326 48 15 team
3129 329 32 18 put
3177 333 22 16 up
3212 332 16 15 at

2805 348 31 16 the
2846 347 67 18 Palace
2923 347 64 18 Hotel,
3003 347 62 16 where
3079 347 47 17 Host
3141 348 86 22 Johnston

2803 371 16 16 is
2827 371 60 22 doing
2899 371 29 16 his
2939 371 55 16 share
3007 371 20 15 to
3039 368 54 19 make
3102 371 47 17 their
3163 374 36 16 vi-jt
3211 378 17 14 \,,

2804 394 84 17 Eotorua
2897 400 11 10 a
2919 394 87 22 pleasant
3017 399 42 10 one.
3088 394 38 16 The
3139 394 90 24 following

2804 417 15 17 is
2834 417 32 17 the
2879 418 50 16 team
2937 416 3 26 :
2943 416 49 17 —H,
3003 416 92 19 Johnson,
3106 417 20 16 T.
3139 417 88 25 Medland,

2805 440 27 16 W.
2846 440 117 20 Hammond,
2977 439 22 17 G.
3010 439 61 20 Dodd,
3085 440 22 16 B.
3125 440 71 23 Munro,
3208 434 20 28 It!

2805 463 72 21 Gillett,
2895 463 19 18 J.
2933 462 115 19 McDonald,
3066 463 18 16 J.
3103 463 92 23 Gardiner,
3211 467 16 18 J.

2805 486 67 20 North,
2879 487 23 16 G.
2909 486 54 19 Jack,
2970 485 22 18 E.
3001 486 122 19 Williamson,
3130 488 14 15 A
3157 488 62 20 Living-

2805 510 57 19 stone,
2874 508 20 19 C.
2904 509 87 23 Speight,
3001 507 96 25 (captain),
3108 508 22 18 E.
3138 509 54 20 Short
3196 513 33 18 and

2805 533 27 16 M.
2843 533 86 17 Roberts.
2955 529 32 20 Mr
2994 532 26 17 H.
3031 532 21 18 E.
3062 533 89 17 Tristram
3163 540 55 14 accom-

2805 557 64 21 panies
2878 556 32 17 the
2920 557 49 16 team
2977 562 19 10 as
3008 561 94 16 manager.

2935 599 26 16 T()
2975 602 41 13 THE
3025 597 84 19 EDITOR.

2829 632 41 19 Sin,
2873 632 93 17 —Others
2974 631 72 17 besides
3056 631 67 22 myself
3131 632 45 17 have
3184 634 46 18 often

2805 655 100 17 wondered
2920 656 48 16 from
2985 655 51 16 what
3049 660 64 12 source
3129 661 45 16 your
3187 658 32 21 puh-

2805 678 60 17 lished
2881 681 91 15 accounts
2985 679 20 16 of
3021 678 32 17 the
3069 679 73 16 various
3159 679 72 21 football

2805 702 83 17 matches
2909 700 69 24 played
2995 707 25 11 on
3038 701 84 17 l'ukeroa
3139 707 45 12 were
3201 704 20 17 oh-

2805 725 70 17 tained.
2901 726 38 16 Fur
2959 724 59 21 really
3032 724 15 17 it
3064 730 57 11 seems
3137 727 96 18 somewhat

2806 749 60 21 funny
2876 749 41 17 that
2935 748 31 17 the
2984 753 64 11 names
3065 747 20 17 of
3100 747 77 22 players,
3194 750 37 18 who

2806 777 47 12 were
2862 774 35 15 not
2906 778 20 11 so
2940 772 98 16 fortunate
3054 775 20 12 as
3090 772 19 15 to
3126 769 105 27 distinguish

2806 794 112 18 themselves
2938 794 107 21 invariably
3066 797 69 19 appear
3157 795 16 16 in
3191 801 40 17 your

2806 823 58 17 paper
2874 818 44 17 with
2928 818 26 16 all
2963 818 32 16 the
3013 816 58 18 credit
3085 817 36 17 and
3135 817 57 17 kudos
3208 820 24 18 for

2806 841 77 22 getting
2891 841 84 21 through
2983 840 37 17 and
3035 840 79 22 gaining
3130 841 31 16 the
3176 843 56 20 puints

2806 864 61 17 which
2876 870 49 11 were
2933 865 21 16 in
2963 863 67 22 reality
3043 863 88 17 obtained
3146 863 23 23 by
3186 865 46 19 other

2806 887 80 22 players,
2912 888 63 16 whose
2991 892 66 11 names
3073 892 31 11 are
3121 886 110 26 (carefully:-)

2807 911 180 18 omitted.—Yours,
2997 910 39 20 &c,

2915 933 137 21 Enthusiast,
3062 933 35 17 but
3105 935 33 15 not
3147 933 65 23 player.

2831 963 42 22 [We
2890 963 75 22 publish
2987 962 38 17 this
3041 961 56 17 letter
3116 962 71 22 though
3206 965 27 17 the

2807 986 64 17 writer
2886 986 45 17 does
2946 986 33 17 not
2992 985 76 22 append
3081 985 30 16 his
3124 990 53 12 name
3193 993 17 11 as
3224 994 9 10 a

2808 1011 103 20 guarantee
2919 1010 21 16 of
2954 1009 51 22 good
3019 1008 54 17 faith.
3104 1008 129 21 Peradventure

2807 1032 24 18 he
2839 1039 44 16 may
2891 1032 23 18 be
2924 1032 32 18 the
2965 1032 78 22 solitary
3059 1031 104 17 individual
3179 1033 54 18 whose

2807 1055 81 23 identity
2909 1055 79 26 escaped
3005 1055 32 17 the
3054 1055 53 22 eagle
3123 1060 33 16 eye
3172 1056 19 16 of
3205 1062 28 12 our

2808 1079 80 17 football
2896 1080 86 22 reporter
2993 1084 24 11 on
3033 1078 32 17 the
3078 1078 83 17 occasion
3176 1079 18 17 of
3206 1081 27 16 the

2808 1102 26 17 To
2842 1102 52 17 Puke
2903 1102 95 18 match.-*
2999 1102 37 16 Ed.
3046 1100 74 19 11.L.C.

2969 1153 107 23 TAUPO.

2843 1213 64 25 [FROM
2921 1217 40 16 OUB
2974 1219 45 13 OWN
3029 1216 180 22 COKKF.SrONDEXT.]

2832 1247 37 16 The
2878 1249 46 14 most
2931 1246 94 20 absorbing
3041 1246 46 21 topic
3103 1245 34 16 thi§
3152 1247 45 15 week
3211 1248 25 16 Ims

2811 1268 43 16 been
2864 1268 29 16 the
2902 1268 87 21 predicted
2999 1267 85 20 eruption,
3095 1272 19 10 as
3123 1272 21 10 an
3153 1268 27 15 old
3188 1268 48 18 Maori

2811 1289 56 20 dame,
2876 1289 69 21 Poibipi
2955 1289 21 20 by
2992 1294 56 13 name,
3067 1288 31 15 has
3116 1288 41 16 been
3173 1289 64 23 bidding

2811 1311 27 16 for
2846 1311 46 16 fame
2901 1311 22 21 by
2933 1310 118 21 prophesying
3135 1312 16 13 A
3159 1310 79 23 fortnight,

2811 1338 33 14 ago
2853 1333 14 15 it
2875 1337 35 11 was
2924 1333 28 14 the
2968 1331 105 16 destruction
3086 1331 18 16 of
3117 1331 81 17 Tokaanu
3212 1334 24 16 the

2936 1353 31 15 but
2977 1353 28 15 the
3015 1352 86 21 township
3109 1352 14 15 is
3133 1352 33 16 still
3175 1353 16 16 in
3206 1355 21 15 evi-

2811 1375 53 16 dence
2872 1374 34 16 and
2916 1380 22 10 no
2947 1379 106 16 appearance
3062 1374 17 15 of
3084 1379 34 15 any
3125 1374 102 20 disquietude
3233 1374 4 21 ;

2811 1397 18 15 in
2836 1397 36 15 fact
2881 1397 13 15 it
2903 1397 14 14 is
2926 1396 67 20 quieter
3002 1395 41 16 than
3053 1395 56 19 usual,
3119 1400 18 11 as
3149 1400 49 16 many
3210 1402 18 10 na-

2811 1418 44 16 tives
2874 1417 82 20 foolishly
2975 1417 83 19 listening
3074 1420 18 12 to
3112 1416 30 16 the
3158 1418 78 16 would-be

2811 1440 139 20 prounosticator
2958 1439 63 15 retired
3029 1444 10 9 a
3048 1438 34 16 few
3090 1437 48 17 miles
3153 1439 62 16 distant
3222 1445 14 10 so

2812 1466 18 10 as
2839 1464 16 12 to
2864 1460 20 16 be
2893 1460 43 15 safe.

2834 1482 36 15 The
2886 1486 46 11 same
2948 1481 42 19 fate,
3007 1480 92 21 according
3116 1482 17 14 to
3149 1480 28 16 tho
3192 1482 46 16 above

2811 1503 61 16 named
2882 1503 96 19 authority,
2988 1508 36 9 was
3032 1505 18 12 to
3059 1502 52 15 befall
3119 1502 66 20 Taupo.
3206 1503 31 16 The

2812 1524 39 16 date
2860 1524 46 16 fixed
2915 1529 35 11 was
2958 1523 92 20 Thursday
3060 1523 38 20 last,
3109 1523 29 16 the
3147 1524 38 16 27th
3194 1525 16 15 in
3211 1533 7 7 s
3219 1529 17 16 t.,

2812 1546 34 16 and
2854 1550 51 16 many
2917 1545 67 16 natives
2992 1545 66 16 cleared
3067 1548 30 12 out
3105 1547 18 13 to
3131 1545 77 18 Oiiunui,
3222 1547 15 14 10

2812 1567 49 16 milea
2871 1566 71 19 distant,
2954 1571 19 10 so
2982 1572 19 9 as
3009 1568 18 13 to
3035 1566 20 15 be
3064 1571 62 15 among
3135 1567 28 14 the

2811 1594 46 11 ones.
2882 1588 37 16 One
2927 1588 81 19 amusing
3020 1588 67 16 feature
3101 1593 33 9 was
3150 1588 28 16 the
3191 1589 36 15 with-

2812 1610 65 16 drawal
2896 1609 18 16 of
2930 1610 64 15 several
3010 1609 56 15 Maud
3085 1609 76 15 children
3177 1611 17 14 of
3211 1611 26 16 the

2812 1631 82 17 feminine
2902 1631 64 20 gender
2975 1631 43 15 from
3029 1633 28 13 the
3072 1630 58 21 public
3146 1630 60 20 school,
3222 1634 14 13 to

2813 1653 28 15 the
2850 1653 66 19 alleged
2925 1653 36 14 safo
2970 1654 69 16 retreat,
3055 1652 30 15 but
3101 1651 29 16 the
3144 1652 40 19 boys
3201 1658 37 10 were

2813 1674 71 16 allowed
2893 1677 17 12 to
2919 1673 81 16 continue
3008 1674 45 14 their
3060 1673 70 16 studies.
3155 1673 36 16 The
3203 1679 24 10 rea-

2813 1701 30 10 son
2851 1696 27 15 for
2888 1695 30 16 the
2933 1694 99 16 distinction
3050 1694 30 16 has
3098 1696 31 14 not
3144 1695 94 20 transpired,

2813 1717 74 20 perhaps
2897 1717 29 14 the
2935 1721 29 10 sex
2975 1716 17 15 of
3003 1715 28 16 the
3047 1716 72 20 prophet
3136 1715 103 23 (prophetess)

2815 1743 39 16 may
2863 1738 43 16 have
2915 1737 97 20 something
3021 1740 17 13 to
3046 1738 22 15 do
3081 1737 41 15 with
3137 1738 19 15 it.
3185 1738 54 16 Sullies

2814 1760 13 16 it
2838 1763 17 12 to
2863 1764 30 16 Say
2902 1759 39 16 that
2949 1757 87 21 Tauhara,
3048 1759 55 15 which
3112 1764 35 10 was
3164 1761 17 14 to
3195 1763 44 17 erupt

2813 1781 34 16 and
2855 1786 19 10 so
2881 1785 50 10 cover
2939 1785 20 10 us
2968 1785 29 17 up,
3005 1780 14 15 is
3027 1780 35 15 Still
3070 1785 18 10 as
3098 1780 47 19 quiet
3153 1785 18 10 as
3180 1781 16 16 of
3204 1787 35 14 yure

2813 1808 26 10 we
2847 1802 57 21 might
2912 1806 37 15 say,
2966 1802 17 15 in
2999 1804 47 13 statu
3061 1806 34 15 quo
3111 1804 45 17 ante,
3171 1802 32 15 and
3218 1808 21 10 we

2813 1823 70 16 breathe
2892 1823 54 19 freely
2955 1828 38 10 now
3003 1823 37 15 that
3049 1823 29 15 the
3088 1825 45 13 week
3144 1823 14 16 is
3165 1828 38 11 over
3210 1823 3 19 !

2835 1845 37 16 The
2880 1845 40 18 only
2933 1844 52 21 thing
3001 1844 56 16 which
3072 1844 49 16 tends
3137 1847 17 13 to
3167 1849 35 11 mar
3213 1850 27 11 our

2815 1866 102 20 tranquility
2925 1866 15 15 is
2948 1866 29 15 the
2990 1871 79 15 presence
3085 1865 19 16 of
3119 1866 63 15 certain
3197 1866 34 16 four-

2814 1888 57 15 footed
2879 1888 73 15 animals
2960 1887 37 15 who
3004 1892 28 10 are
3039 1887 129 20 unfortunately
3175 1887 64 16 allowed

2814 1912 18 12 to
2844 1914 46 11 roam
2907 1912 17 12 to
2940 1908 30 16 tho
2984 1914 100 14 annoyance
3099 1908 18 15 of
3133 1913 30 11 not
3178 1914 9 10 a
3204 1910 35 16 few.

2814 1930 69 20 During
2892 1930 30 16 the
2930 1929 32 16 last
2971 1929 33 16 few
3021 1930 55 15 weeks
3093 1935 11 10 a
3119 1930 32 15 trio
3166 1930 18 15 of
3199 1931 42 16 these

2814 1955 46 18 pests
2874 1953 43 15 have
2933 1952 42 14 been
2991 1956 7 9 r
3012 1951 50 20 iking
3077 1951 29 15 sad
3121 1950 119 22 depredations,

2816 1975 29 14 but
2865 1974 28 14 tho
2909 1974 83 14 sufferers
3010 1978 43 10 were
3072 1972 84 21 rejoicing
3171 1974 16 14 in
3203 1974 38 15 their

2815 2000 56 11 career
2880 1995 51 20 being
2942 1997 55 18 atoppc
3011 1994 2 21 .
3020 1994 47 15 ohon
3083 1994 21 20 by
3118 1994 43 15 their
3173 1995 68 16 roinuval

2815 2020 18 12 to
2859 2016 72 16 another
3023 2015 40 20 only
3071 2018 18 12 to
3105 2015 19 16 bo
3141 2016 53 19 sorely
3210 2016 20 16 JU-

2815 2037 94 16 comforted
2928 2038 22 20 by
2971 2036 28 16 the
3015 2042 106 14 appeeranco
3140 2039 17 13 of
3173 2038 66 15 thinuen

2815 2059 57 15 others
2880 2058 24 17 let
2912 2058 44 16 loose
2965 2058 29 16 the
3003 2058 89 19 following
3100 2058 33 21 day
3142 2058 21 20 by
3176 2059 66 16 another

2816 2081 73 15 admirer
2899 2081 18 14 uf
2930 2081 48 15 those
2994 2079 78 16 animals.
3102 2079 62 21 Heaily
3180 2080 13 15 it
3208 2081 12 15 is
3233 2085 8 11 a

2820 2105 49 17 great
2878 2102 37 20 pity
2924 2101 42 16 such
2977 2106 81 15 ravage™
3067 2106 28 10 are
3103 2100 71 17 allowed
3182 2106 17 10 as
3208 2102 34 20 they

2815 2125 37 13 root
2860 2128 24 15 up
2894 2123 29 15 the
2933 2122 50 16 much
2992 2122 64 16 needtd
3065 2128 48 14 grass
3120 2122 27 16 for
3155 2122 28 16 the
3191 2123 51 15 horses

2815 2145 33 15 and
2857 2144 58 22 cattle,
2924 2144 40 15 thus
2973 2143 76 21 spoiling
3058 2144 47 15 what
3120 2143 44 16 little
3179 2149 63 15 pasture

2815 2166 48 15 there
2872 2166 20 16 is.
2917 2164 60 21 Surety
2987 2165 34 15 this
3027 2165 14 15 is
3050 2165 127 20 short-sighted
3193 2165 48 21 polity

2816 2193 18 9 as
2842 2187 29 19 all,
2881 2187 75 15 without
2964 2186 96 20 exception,
3071 2186 62 15 benefit,
3142 2186 21 21 by
3173 2186 28 16 the
3207 2192 25 15 pre-

2816 2213 49 11 sence
2874 2209 17 14 of
2901 2208 29 16 the
2938 2213 52 15 green
2999 2212 49 15 grass
3057 2208 26 15 for
3089 2208 51 15 cattle
3146 2209 33 14 and
3184 2207 57 17 horses.

2838 2231 15 14 A
2861 2230 34 15 few
2900 2230 72 15 tourists
2978 2234 28 10 are
3013 2234 12 10 si
3030 2229 18 15 ill
3055 2229 78 20 showiug
3142 2227 99 20 thulwislve-;

2817 2256 45 11 some
2870 2251 18 16 of
2897 2251 47 16 them
2952 2256 29 10 are
2990 2251 68 19 getting
3074 2249 85 18 heauUfdl
3175 2250 67 17 weather

2816 2272 34 16 and
2860 2278 28 10 aro
2897 2273 59 20 amply
2964 2272 88 15 rewarded
3064 2271 27 16 for
3098 2270 44 17 their
3150 2277 70 15 courage
3226 2272 16 19 \?)

2819 2295 17 15 iu
2845 2295 94 18 venturing
2947 2293 34 16 this
2991 2293 39 15 time
3042 2292 18 16 Of
3067 2293 30 16 the
3111 2298 47 15 year,
3175 2293 28 16 but
3218 2295 24 14 the

2816 2321 56 15 sunny
2894 2316 43 19 days
2957 2314 89 16 combined
3069 2314 42 15 with
3126 2315 29 15 the
3171 2315 71 20 budding

2816 2337 60 20 spring
2885 2342 29 10 are
2922 2336 45 20 truly
2977 2336 99 20 delightful.

2837 2357 66 21 Taupo,
2909 2360 75 16 -August
2992 2359 42 20 31st,
3046 2358 45 15 18i)0.

2878 2407 175 17 UNDESIRABLE
3064 2407 117 17 TOURISTS.

2838 2451 41 16 Two
2888 2451 108 20 respectably
3008 2450 68 16 dresgud
3089 2456 60 15 young
3161 2456 37 11 men
3211 2451 34 18 who

2817 2478 43 15 pave
2875 2472 45 16 their
2940 2476 58 12 names
3015 2477 18 11 88
3048 2474 58 14 James
3130 2472 70 17 Wat=ou
3214 2474 29 15 and

2818 2497 8 13 J
2831 2499 45 11 aces
2885 2494 93 20 Johnston,
2995 2493 50 17 made
3060 2493 45 16 their
3120 2499 102 15 appearance
3229 2496 14 14 in

2819 2516 27 16 the
2855 2516 57 15 Police
2921 2516 54 15 Court
2991 2516 58 15 before
3062 2514 52 17 Lieut
3128 2516 35 16 Col.
3177 2516 68 16 Roberts

2817 2543 20 10 on
2846 2538 65 19 Friday
2921 2537 32 15 last
2961 2536 74 21 charged
3044 2536 42 16 with
3095 2536 28 16 the
3137 2538 46 15 theft
3191 2538 17 16 of
3215 2542 30 12 two

2817 2564 42 15 ruga
2876 2559 44 15 from
2937 2557 70 17 Mokoiu
3022 2558 49 15 View
3093 2558 84 22 boarding
3193 2559 52 17 house,

2818 2581 51 15 From
2878 2580 29 16 the
2924 2582 101 13 statements
3040 2580 18 14 of
3074 2579 91 17 Constable
3180 2580 65 20 Murray

2817 2602 34 16 and
2860 2602 28 14 the
2898 2601 49 15 other
2956 2601 89 15 witnesses
3053 2601 14 15 it
3074 2602 84 20 appeared
3172 2603 36 15 that
3221 2603 24 15 the

2817 2623 71 16 accused
2902 2622 34 16 hud
2946 2623 66 15 arrived
3021 2627 22 11 on
3052 2622 29 16 th»
3096 2622 79 21 previous
3191 2624 44 17 Satur-

2817 2644 34 21 day
2860 2644 34 15 and
2903 2644 39 15 took
2951 2649 24 15 up
2989 2644 44 14 their
3041 2643 54 15 abode
3104 2647 17 13 at
3130 2644 29 16 the
3166 2646 51 16 house
3231 2645 14 15 in

2818 2665 86 21 question.
2915 2665 27 16 On
2951 2667 29 14 the
2988 2665 90 19 following
3085 2665 79 22 Tuesday
3173 2667 72 19 morning

2817 2688 15 15 it
2846 2688 70 15 bteume
2931 2686 81 16 manifest
3028 2686 38 16 that
3079 2687 64 20 during
3158 2689 29 16 the
3201 2688 44 21 night

2819 2709 40 20 they
2868 2708 35 16 had
2998 2708 44 15 their
3054 2710 45 13 tents
3107 2708 34 16 like
3153 2710 29 16 the
3196 2709 49 17 Arabs

2819 2731 34 14 and
2860 2729 70 21 silently
2947 2730 54 15 stolen
3111 2731 24 14 As
3143 2736 10 10 a
3168 2731 56 21 couple
3232 2731 13 15 of

2819 2757 41 14 rugs
2870 2756 44 10 were
2929 2751 73 20 missing
3017 2751 29 15 the
3060 2751 82 22 landlady
3165 2751 80 20 naturally

2819 2772 93 16 concluded
2922 2773 39 14 that
2969 2772 29 15 the
3014 2777 60 16 young
3088 2778 38 11 men
3143 2773 17 16 in
3174 2774 71 20 question

2819 2799 44 11 were
2871 2793 31 16 the
2907 2793 110 20 delinquents
3022 2794 33 15 and
3064 2794 85 17 informed
3154 2796 29 15 the
3192 2795 52 21 police.

2819 2815 48 21 They
2876 2819 44 11 were
2931 2815 74 15 arrested
3015 2818 16 12 at
3041 2815 59 16 Koutu
3109 2817 63 16 station
3180 2823 18 9 as
3211 2817 34 20 they

2820 2841 44 11 were
2870 2836 95 21 preparing
2970 2838 13 14 tc
2992 2836 53 16 board
3050 2837 28 15 the
3083 2837 44 16 train
3136 2839 33 15 and
3178 2837 67 21 brought

2819 2858 43 16 buck
2871 2861 18 12 to
2898 2858 84 15 Rotorua.
3006 2857 47 21 They
3066 2858 49 16 made
3123 2860 64 15 several
3200 2863 38 13 state-

2819 2883 55 12 ments
2884 2882 17 13 to
2912 2879 30 16 the
2950 2879 60 21 police,
3017 2881 33 14 and
3057 2881 97 21 eventually
3160 2886 44 11 socio
3208 2881 28 19 bag-

2818 2906 47 15 gage
2874 2900 57 16 which
2940 2900 35 16 hud
2984 2900 40 16 been
3034 2902 92 19 consigned
3135 2903 22 20 by
3163 2908 31 10 one
3201 2903 16 15 of
3223 2902 22 15 the

2819 2921 74 17 accused
2902 2924 17 13 to
2927 2927 10 10 a
2946 2921 29 16 Mr
2982 2921 86 17 Meldrum
3075 2926 18 12 at
3099 2923 112 17 Morrinsville
3218 2928 27 11 was

2819 2943 97 18 recovered,
2927 2943 32 15 but
2966 2948 23 11 no
2997 2947 46 12 trace
3053 2944 18 15 of
3085 2947 29 12 tbe
3126 2945 72 19 missing
3212 2950 33 14 rugs

2819 2965 50 16 could
2878 2964 21 16 be
2907 2964 61 17 found.
2999 2964 37 16 Mrs
3052 2963 63 22 Toung
3130 2967 33 15 and
3180 2967 65 15 Blanche

2819 2985 94 18 Tattcrsall
2921 2986 56 15 stated
2986 2985 38 16 that
3033 2987 29 15 the
3077 2988 70 16 accused
3160 2989 31 15 left
3200 2988 45 15 under

2818 3007 99 22 suspicious
2929 3007 131 17 circumstances
3075 3009 34 15 and
3123 3010 38 15 that
3176 3010 29 15 the
3212 3014 33 15 rugs

2820 3035 44 10 were
2872 3028 37 15 still
2918 3029 80 20 missing.
3022 3029 36 16 Col.
3075 3029 74 17 Roberts
3164 3032 36 14 said
3215 3031 30 15 that

2820 3049 67 22 though
2895 3050 14 14 it
2918 3050 57 15 would
2985 3051 19 15 be
3013 3057 113 15 unnecessary
3136 3055 17 13 to
3161 3053 32 15 cull
3208 3056 37 16 upon

2819 3073 28 15 the
2863 3071 72 17 accused
2951 3071 25 16 foi
2993 3072 45 16 their
3052 3073 70 16 defence
3137 3074 29 16 the
3181 3074 55 16 circum-

2819 3097 67 12 stances
2895 3093 34 16 had
2945 3093 42 16 been
3003 3093 84 17 sufficient
3103 3097 18 13 to
3136 3098 73 13 warrant
3223 3095 22 14 the

2818 3115 56 15 actior
2885 3114 19 16 of
2912 3115 30 15 the
2951 3116 60 19 police.
3035 3115 48 21 They
3090 3116 35 15 had
3130 3117 31 15 left
3168 3117 28 15 the
3201 3117 44 15 liou.«8

2819 3136 139 20 surreptitiously
2968 3137 34 15 and
3008 3137 40 15 that
3055 3142 35 10 was
3095 3138 69 20 enough
3170 3141 18 13 to
3194 3142 51 12 nrouso

2819 3158 92 20 suspicion.
2935 3158 37 15 The
2979 3163 38 11 case
3026 3163 35 11 was
3068 3159 95 16 dismissed.

1240 60 59 19 THE
1326 60 58 19 HOT
1412 57 92 22 LAKES
1532 56 173 26 CHRONICLE,
1733 57 190 23 WEDNESDAY,
1951 53 170 22 SEPTEMBER
2149 58 18 19 2,
2186 56 49 18 1895

62 233 102 17 T7NIOX
178 231 137 17 STEAMSHIP
330 230 117 17 COMPANY
465 229 30 16 OF

70 247 24 25 U
147 253 57 17 NEW
215 252 115 16 ZEALAND
339 252 82 16 Limited.

126 289 121 16 l'hl)l'U-.KIJ
259 289 48 15 DEP
316 289 102 15 'KIUKK.-

195 320 47 15 i-OK
255 319 102 16 &YDNEY.

63 355 106 17 WALHOBA,
181 351 15 16 \\
202 351 100 21 ednesday,
312 351 52 20 Sept.
374 351 16 16 2,
401 353 10 11 a
424 352 46 17 p.m.

61 428 98 16 Taka)'i'na
167 433 51 15 every
228 427 70 17 Mondai

61 451 130 16 Maiiinavua
200 454 55 15 every
261 449 34 16 Tin

61 621 160 45 HUDDART,
247 619 111 19 PARKER,
380 618 54 17 AND
455 616 32 19 CO

223 643 108 23 (limited),

86 691 94 23 Splendid,
357 688 94 17 Steamers
456 685 38 18 will

63 716 21 17 be
93 713 113 24 despatched
214 713 49 17 from
272 713 118 18 Auckland,
401 717 20 10 as
435 709 60 17 under

61 737 89 24 (weather
166 736 38 17 and
222 736 54 17 other
293 736 142 16 circumstances
451 738 33 17 per-

63 759 118 23 mitting):—

61 781 183 21 ForGISBORNE,
250 781 104 19 NAPIER,
362 779 116 18 WELLING-

82 807 57 19 TON,
151 804 156 21 LYTTELTON,
318 805 15 17 &
342 802 128 20 DUNEDIN,

63 829 245 20 Tasmania....TUESDAY,
324 828 52 21 Sept.
383 828 16 17 8,
411 828 20 15 1:2
438 831 56 11 noon.

63 854 100 18 Anglian,
170 852 101 18 Tuesday,
279 852 51 21 Sept.
338 851 57 18 22,12
402 855 57 11 noon.

188 898 51 17 FOR
253 897 111 18 SYDNEY',

106 922 115 23 (Returning
233 922 20 16 to
261 920 98 18 Auckland
368 918 80 23 Direct.)

63 945 91 23 Carrying
174 944 112 23 Passengers
307 945 29 15 for
359 942 134 20 Melbourne,

73 969 54 17 other
131 969 131 17 AUSTRALIAN
270 967 70 19 Pouts,
347 966 134 18 andlloiiAßT,

63 996 95 18 Anglian
213 995 96 19 Monday,
328 995 52 21 Sept.
399 993 40 21 7,4
447 997 46 17 p.m.

63 1020 113 16 Tasmania.
185 1017 2 22 .
197 1017 2 22 .
207 1018 106 20 .MONDAY,
324 1018 51 21 Sept.
390 1017 28 19 21,
428 1017 10 16 4
447 1021 46 16 p.m.

86 1046 29 17 All
126 1046 74 17 Tickets
206 1051 31 11 are
246 1045 91 16 available
346 1044 39 17 also
400 1044 29 16 for
437 1043 45 21 Stop-

63 1075 44 11 over
115 1075 21 11 or
144 1069 71 17 Return
228 1068 27 18 hv
266 1068 53 17 ANY
338 1066 83 18 UNION
435 1065 59 19 CO.'S

65 1091 138 22 STEAMERS,
213 1092 37 16 and
257 1090 74 19 holders
340 1091 20 17 of
369 1089 66 19 U.S.S.
453 1089 41 17 Co's

63 1115 74 18 Tickets
158 1120 43 18 may
217 1115 60 16 travel
293 1114 25 22 by
340 1112 117 19 ANGLIAN
474 1117 20 12 or

63 1138 137 19 TASMANIA.

160 1168 21 16 L.
195 1167 23 17 D.
228 1166 108 17 NATHAN
350 1166 15 17 &
378 1165 45 20 CO.,

391 1189 79 22 Agents.

198 1230 95 21 rpnos.
317 1230 68 19 COOK
407 1230 14 18 &
446 1230 48 17 SON

95 1336 51 17 In.ok
157 1336 89 20 Passages
256 1333 36 17 and
301 1338 63 12 secure
371 1331 56 17 berth
438 1331 25 21 by

64 1367 38 18 All
109 1366 76 19 Lines.
199 1364 138 19 AllEoutes.
352 1363 38 18 All
395 1362 98 19 Classes.

132 1397 39 19 AT
185 1395 122 19 LOWEST
319 1394 104 19 RATES.

62 1444 90 23 Through
161 1443 74 18 Tickets
243 1442 62 18 issued
317 1444 20 15 to
352 1442 67 17 South
432 1440 49 18 Afri-

86 1472 38 14 can
132 1468 133 18 GoLDI'IELDS,
276 1465 152 21 Johannesburg,
435 1465 35 15 etc.

85 1514 38 18 For
132 1514 24 16 all
166 1512 120 19 information
295 1511 57 23 apply
361 1512 20 15 to

108 1541 90 19 COOK'S
209 1540 125 18 SHIPPING
347 1538 99 20 OFFICE,

107 1572 22 13 M)
150 1572 162 17 01-KEN-STItKET,
327 1569 119 16 AUCKLAND.

63 1895 429 50 HANCOCKS'

187 1969 182 22 CELEBRATED

241 2022 86 33 xxxx

173 2080 210 51 ALES,

192 2145 58 13 MADE
258 2144 55 14 FROM
322 2143 42 14 THE

68 2175 114 33 FINEST
207 2174 87 32 MALT
316 2173 64 32 AND
397 2171 96 37 HOPS,

103 2263 52 16 FREE
167 2263 55 14 FROM
234 2263 39 13 ALL
286 2262 128 14 ANTISEPTICS
427 2261 26 13 OR

169 2289 138 14 DELETERIOUS
326 2288 64 14 ACIDS.

69 2355 137 33 CAPTAIN
228 2354 82 31 CDOK
329 2352 167 37 BREWERY,

168 2397 191 21 NEWMARKET.

70 2450 228 47 Blocker's
347 2448 149 53 Dutel?

202 2506 160 47 Coeoa.

68 2596 137 33 Highest
213 2596 126 25 awards
352 2595 33 25 at
399 2599 100 26 every

187 2636 194 27 Exhibition.

100 2679 64 26 The
177 2679 98 25 latest
286 2678 28 25 is
328 2677 53 26 the
403 2677 97 26 Cross

69 2712 33 26 of
109 2713 109 25 Honor
232 2712 33 25 at
282 2711 54 25 the
357 2711 124 24 Amster-

69 2747 72 24 dam
150 2744 186 27 Exhibition
347 2743 90 29 1895,
446 2742 54 25 the

68 2779 127 31 highest
203 2777 138 32 possible
351 2775 116 26 award.

180 2832 210 26 ROTORUA.

72 2894 239 45 Tarawera
334 2891 167 48 Jiouse,

127 2956 181 20 TUTANEKAI
323 2955 120 19 STREET.

97 2989 81 21 Within
201 2994 45 19 easy
274 2994 64 13 access
364 2988 21 18 of
401 2987 34 19 the
455 2986 49 19 Post

72 3015 67 24 Office,
147 3014 70 24 Baths,
227 3014 39 19 and
274 3013 127 20 Sanatorium
411 3012 93 20 Grounds

72 3042 39 20 and
122 3041 139 25 commanding
276 3046 12 13 a
305 3040 130 25 magnificent
453 3038 50 19 view

72 3068 21 20 of
102 3068 34 18 the
146 3067 63 19 Lake.

102 3097 85 20 Visitors
208 3096 42 20 -will
270 3097 41 18 find
329 3102 61 18 every
406 3095 98 18 attention

73 3124 49 25 paid
131 3126 21 16 to
161 3123 53 19 their
224 3123 83 19 comfort
318 3122 40 18 and
372 3123 34 17 the
416 3121 78 25 require-

74 3153 66 17 ments
150 3149 20 19 of
180 3149 74 18 invalid
267 3151 68 22 guests
346 3147 40 20 will
397 3147 25 19 be
440 3146 55 19 assid-

72 3175 73 25 uously
155 3175 94 19 attended
259 3177 27 17 to.

188 3205 70 19 Teiuis
271 3205 121 19 Moderate.

126 3242 36 31 C.
181 3238 277 38 WILLMOTT,

172 3282 243 17 PROPRI6TGR,

100 3313 80 19 Letters
198 3312 41 18 and
263 3312 118 24 Telegrams
403 3309 102 26 promptly

75 3338 143 25 rf-=pondedto.

668 181 31 11 are
708 174 71 18 invited
790 174 29 18 for
827 175 32 17 the
869 174 81 18 erection

532 196 9 21 1
580 199 20 17 of
609 205 10 11 a
628 197 121 19 ten-roomed
758 197 86 23 building
861 199 20 15 at
896 197 42 17 Atia-

517 223 54 17 nmri.

540 246 57 17 Plans
606 244 38 17 and
652 244 137 22 specifications
798 250 35 11 can
841 244 23 17 be
873 249 42 11 seen
930 244 20 15 at

517 275 32 16 my
562 268 57 18 office.
652 268 77 16 Lowest
743 273 22 11 or
781 273 38 16 any
835 266 66 18 tender
916 267 34 15 not

516 291 112 22 reccssarily
642 291 94 22 accepted.
769 290 82 17 Tenders
864 290 48 16 close
925 294 25 11 on

518 315 42 17 19th
569 313 115 23 September.

609 336 63 24 (Sgd.)
689 337 22 17 B.
730 336 18 18 S.
758 336 120 19 CORLETT,

724 360 102 20 Architect,
837 360 88 16 Eotorua.

541 405 161 27 SCHOOL
721 404 199 27 CONCERT.

519 463 150 44 CIONCERT
684 463 27 25 by
722 463 71 19 School
804 463 95 19 Children
910 463 39 18 and

546 491 6 13 I
583 490 91 22 Friends,
686 491 21 17 in
718 490 34 18 aid
762 489 21 19 of
793 489 72 19 School
874 489 73 22 Funds,

517 517 40 18 will
567 516 47 20 take
623 516 56 25 place
689 517 21 17 in
729 516 34 18 the
779 515 128 18 Schoolroom
924 521 24 12 on

517 542 81 25 Friday,
609 542 35 18 4th
655 541 119 25 September
784 544 54 16 next.

647 574 121 20 Admission',
790 575 25 17 Is.

556 767 137 23 EOTORUA
707 766 111 21 JOCKEY
833 766 79 20 CLUB.

582 820 131 21 MEETING
729 820 22 19 of
766 818 100 21 members
877 818 20 19 of
915 818 34 19 the

596 848 53 19 Club
666 848 39 18 and
725 847 58 18 those
800 844 108 21 interested
929 844 20 19 in

518 876 34 18 the
562 875 144 19 advancement
716 873 21 18 of
746 872 69 24 racing
826 871 20 18 in
856 870 35 19 the
908 870 32 19 dis-

518 902 45 18 trict
573 900 41 19 will
624 900 48 19 take
691 899 57 23 place
764 901 22 16 at
804 897 56 19 Lake
879 896 71 19 House

519 928 62 18 Hotel
589 933 25 12 on
624 926 91 24 Monday
725 928 54 17 next,
789 927 22 15 at
820 924 45 17 8.30
876 929 47 18 p.m.

633 953 23 18 T.
666 952 22 19 C
703 949 167 23 UEQUHAET,

813 975 55 19 Hon.
880 975 42 19 Sec.

577 1201 115 22 Rotorua
704 1199 80 23 Town
798 1198 90 24 Board-

531 1260 16 21 A
562 1256 184 21 PPLICATIONS
760 1256 31 19 for
807 1255 83 24 Ranger
909 1254 40 19 will

553 1298 6 3 -
588 1284 26 18 be
623 1282 92 20 received
725 1282 27 25 by
764 1282 34 19 the
808 1282 109 19 Chairman
929 1281 21 18 of

518 1311 33 18 the
562 1310 65 19 Board
637 1316 27 19 up
675 1312 21 16 to
706 1308 120 25 September
836 1307 41 22 9th,
893 1309 33 16 189
926 1309 23 16 G.

544 1336 123 19 Particulars
681 1336 22 18 of
719 1334 75 21 service
813 1333 94 26 required
929 1336 21 16 to

518 1362 23 20 be
551 1369 47 13 seen
609 1365 19 16 at
638 1362 34 18 the
682 1361 61 19 Town
756 1360 66 19 Board
831 1360 68 18 Ollice.

622 1388 68 25 (Sgd.)
701 1387 21 19 C.
734 1385 141 23 MALFROY,

806 1412 116 19 Chairman.

638 1463 194 21 PANUITANGA.

518 1517 138 44 ETONO
677 1517 40 19 mai
737 1523 39 12 ana
795 1522 10 13 e
825 1517 19 17 to
858 1514 62 20 Poari
938 1521 12 12 o

554 1542 1 21 l
584 1544 91 19 Eotorua
685 1543 35 19 kia
729 1543 66 18 tukua
808 1542 39 18 mai
861 1548 11 11 o
891 1543 58 18 ratou

517 1575 46 14 tono
574 1577 10 12 e
595 1576 41 20 nga
647 1570 70 25 hunga
728 1568 69 19 hiahia
816 1568 21 18 ki
856 1571 19 15 to
895 1567 54 18 mahi

639 1603 35 12 ara
682 1596 24 18 ho
715 1596 34 17 kai
758 1594 54 19 whiu
822 1594 6 18 i
839 1600 41 18 nga
889 1592 60 20 hoiho

517 1623 5 18 i
533 1629 41 19 nga
584 1623 40 18 kau
635 1629 10 12 o
656 1622 60 19 haere
731 1621 60 19 noiho
809 1627 40 12 ana
868 1618 21 21 ki
908 1626 42 17 nga

516 1650 48 18 rolie
574 1655 11 12 o
597 1652 19 15 to
625 1651 67 16 taone.

543 1675 32 18 Ko
583 1681 41 19 nga
637 1674 84 24 tikauga
731 1680 11 12 o
751 1676 48 15 tena
807 1672 56 19 mahi
880 1672 34 18 kei
929 1674 20 16 te

517 1700 38 20 tari
566 1708 11 11 o
588 1704 19 15 te
617 1701 68 18 Taone
697 1700 58 18 Poari
768 1705 10 12 e
786 1699 69 18 tikoto
865 1705 38 12 ana
915 1697 32 19 hei

517 1728 55 18 titiro
582 1733 32 12 mo
623 1733 42 19 nga
675 1726 71 24 hunga
757 1725 76 18 hiahia.

700 1752 40 19 NA
754 1750 115 23 MAPEOI,

819 1777 103 19 Tiamaua.

543 1806 90 19 Eotorua
640 1805 67 19 Taone
718 1803 66 22 Poari,

596 1832 114 25 Hepetema
725 1832 14 22 I,
753 1832 55 17 1890.

630 1880 36 26 £5
681 1877 155 25 REWARD.

518 1933 110 19 TVTILL
638 1932 26 19 bo
674 1932 48 24 paid
732 1931 27 25 by
769 1933 35 17 tho
811 1928 137 26 undersigned

534 1959 9 16 T
552 1959 10 16 T
608 1959 31 19 for
645 1958 132 19 information
784 1957 65 19 which
858 1956 40 20 will
905 1956 45 18 lead

517 1989 20 16 to
547 1985 34 19 the
591 1985 112 19 conviction
713 1984 22 18 of
744 1984 35 18 the
790 1989 72 19 person
872 1989 22 12 or
905 1989 34 18 per-

518 2019 46 12 sons
574 2012 44 19 who
628 2015 106 16 UPROOTED
742 2012 23 16 60
776 2015 73 13 NEWLY
858 2013 93 15 PLANTED

517 2044 62 13 trees
589 2044 25 12 on
624 2037 34 19 the
676 2036 49 19 road
744 2035 82 25 leuding
845 2035 52 18 from
917 2034 34 19 the

517 2064 92 24 Railway
620 2063 80 25 Engine
711 2062 54 19 Shed
775 2065 20 16 to
805 2061 84 19 Steele's
900 2060 39 25 pad-

518 2090 56 19 dock.

692 2114 21 19 C.
729 2112 141 23 MALFEOY,

657 2141 110 19 Chairman
778 2140 60 19 Town
851 2138 71 20 Board.

543 2168 96 23 Eotorua,
652 2169 30 17 Ist
692 2166 126 26 September,
833 2167 54 17 1896.

531 2220 132 19 EOTORUA
688 2217 191 21 PROSPECTING
894 2218 30 18 AS-

656 2244 156 21 SOCIATION.

520 2298 79 28 rpHE
610 2298 72 19 second
692 2297 88 19 month's
790 2295 134 26 subscription
931 2297 21 17 to

525 2318 24 24 JL
584 2325 35 18 the
642 2324 64 19 above
725 2323 126 19 Association
871 2323 18 17 is
907 2328 44 12 now

519 2352 39 18 due
569 2351 40 19 and
616 2352 54 17 must
680 2350 24 18 be
713 2349 46 25 paid
767 2354 19 14 to
795 2349 33 18 tho
835 2347 115 24 Tieasurer,

519 2377 32 19 Mr
562 2377 88 19 Thomas
661 2378 90 21 Samson,
764 2382 25 12 on
797 2382 22 11 or
830 2375 66 18 before
908 2374 33 18 Fri-

520 2404 44 23 day,
577 2403 35 19 4th
623 2403 45 19 inst.
678 2400 4 27 ;
699 2401 106 19 otherwise
816 2400 137 25 membership

520 2430 16 18 is
546 2429 100 19 forfeited.

800 2453 32 19 By
847 2453 78 19 Order.

534 2502 16 24 A
579 2502 55 19 GEN
638 2501 36 18 Eli
677 2500 37 19 AL
724 2500 89 24 meeting
824 2500 21 17 of
854 2499 99 19 members

592 2528 41 19 will
648 2527 48 18 take
717 2526 55 25 place
792 2526 20 18 in
832 2525 34 19 the
884 2524 69 20 Grand

522 2554 61 20 Hotel
593 2561 26 12 on
630 2552 108 25 Saturday,
752 2552 35 18 sth
797 2552 54 21 inst.,
867 2554 20 16 at
910 2552 43 16 8.46

520 2587 47 19 p.m.

524 2629 88 43 JOHN
637 2629 15 17 I.
684 2627 106 18 PHILIPS
822 2626 53 17 AND
909 2625 44 20 CO.,

591 2655 131 14 AUTHORISED
731 2655 75 12 MINING
816 2653 41 13 AND
866 2653 54 13 LAND

638 2678 106 15 TRANSFER
757 2677 123 14 SURVEYORS.

522 2722 55 18 Head
588 2721 68 18 Office:
679 2720 107 23 Halydays
802 2719 107 22 Buildings,
926 2719 29 19 26,

593 2744 177 19 Shortland-street,
781 2742 104 18 Auckland.

651 2768 76 17 Branch
744 2766 67 18 Offices
819 2766 4 19 :

522 2791 108 21 Wharf-st.,
640 2788 82 24 Pacroa;
742 2790 111 18 Brown-st.,
865 2788 90 20 Thames;

600 2815 61 22 Rings
673 2813 59 21 Road,
748 2812 130 20 Coromandel.

524 2845 45 17 P.O.
579 2844 42 17 Box
630 2845 40 16 332.
801 2841 106 22 Telephone
915 2841 41 16 956.

525 2873 56 16 Cable
591 2871 81 17 Address
680 2867 4 22 :
697 2871 136 18 THEODOLITE,
852 2867 104 19 Auckland.

565 2919 117 19 OST.—Ked
696 2919 38 16 and
749 2919 38 16 :md
804 2919 62 17 White
882 2922 18 18 SJ

556 2948 5 15 i
589 2943 51 20 Cow,
649 2943 58 16 white
720 2942 42 17 face
769 2948 5 13 ;
781 2943 36 19 top
821 2940 28 17 off
855 2941 45 16 both

561 2965 73 18 reward
646 2971 24 12 on
680 2968 64 14 return
753 2967 20 14 to
781 2964 20 17 J.
810 2964 22 16 L.
841 2964 56 17 Reed.

641 3020 123 17 VISITORS'
778 3020 62 17 LIST.

654 3071 83 18 Geyseb
753 3071 76 17 Hotel.

548 3096 106 17 Mesdames
664 3094 67 20 Baber,
741 3095 100 21 Tauranga
849 3094 4 22 ;
872 3094 12 17 I:

528 3126 32 10 son
569 3119 37 17 and
616 3118 60 20 sister,
686 3118 97 20 Victoria;
801 3117 64 21 Blake,
882 3117 76 23 Vauyu,
969 3117 1 23 i

527 3142 73 21 Russel,
622 3141 88 21 Toomey,
733 3140 121 23 Melbourne;
880 3141 79 21 Cooper,

529 3166 68 22 Ingnll,
619 3164 86 17 London.
738 3163 47 17 Miss
801 3163 84 21 Murnin,
910 3163 37 17 Mel-

528 3189 77 17 bourne.
630 3187 28 17 Dr
665 3186 76 24 Wogld,
752 3187 78 22 Captain
840 3187 65 22 Krieg,
920 3187 27 16 En-

529 3212 64 22 gineer
600 3210 57 21 Dail,
672 3210 123 17 Lieutenants
813 3209 66 22 Eruse,
896 3209 63 22 Einel,

529 3234 84 21 Eedlioh,
632 3233 120 17 ILLG.M.S.
767 3233 70 20 Falke;
855 3233 27 17 Dr
894 3233 54 17 Woin-

529 3259 54 19 arski,
593 3258 97 19 Ballarat;
703 3257 69 16 Messrs
781 3256 66 20 Green,
854 3256 96 17 Johannes-

528 3281 50 23 burg
584 3287 5 15 ;
602 3279 113 21 Maetavisk,
726 3279 99 21 Dunedin;
842 3279 118 21 Hwiderson,

529 3304 78 19 Russell,
620 3303 85 22 Cogblan
720 3302 37 17 and
771 3302 44 21 Son,
830 3302 69 23 Hayes,
917 3303 33 17 Vic-

529 3328 49 16 toria
584 3333 5 16 ;
602 3328 52 18 Carr,
664 3325 107 18 Auckland.

595 3374 87 17 Brest's
695 3372 112 16 Bathgate
818 3371 78 18 House.

553 3397 80 22 Captain
642 3397 38 16 and
688 3397 41 16 Mrs
740 3394 117 21 Sundstrum,
865 3395 98 21 Dunedin;

531 3419 27 18 Dr
567 3420 21 16 B.
596 3420 20 16 T.
624 3420 79 20 Russell,
712 3417 76 17 Ireland
795 3417 4 23 :
813 3419 67 16 Messrs
887 3419 76 21 Reaney

531 3443 115 23 Wellington
654 3448 6 12 :
668 3443 92 19 Piiikncy,
770 3441 83 20 Robson,
862 3441 100 23 England;

531 3466 76 20 Powell,
618 3467 69 19 Heave,
697 3466 91 18 Johnson,
804 3464 85 22 Sydney;
908 3466 54 19 Kerr,

531 3488 98 22 Waikato;
642 3489 78 20 Martin,
737 3487 50 22 Fiji;
804 3488 92 22 Mitchell,
915 3490 37 21 Syd-

531 3518 37 16 ney
575 3518 6 14 ;
594 3513 67 22 Coope,
672 3511 99 19 Waikato;
784 3511 119 19 Archdeacon
911 3513 43 17 Stoc-

531 3535 39 20 ker,
592 3535 135 23 Invercargill;
748 3533 31 19 Mr
792 3535 78 18 audMrs
886 3537 77 20 Wilson,

533 3558 66 17 Misses
607 3559 51 20 Best,
669 3559 88 20 Graham,
767 3560 107 16 Auckland.

669 3605 84 17 Mokoia
766 3605 62 17 Viett.

557 3627 69 18 Messrs
651 3628 114 20 Waddhain,
794 3628 66 20 Little,
886 3629 79 19 Winter,

534 3650 99 17 Auckland
640 3657 6 14 ;
660 3651 109 20 Stevenson,
776 3652 89 22 England
872 3657 6 15 ;
889 3652 76 22 Dwyre,

534 3674 85 20 Ireland;
649 3674 114 23 Thompson,
789 3674 82 23 Napier;
901 3674 65 21 Small,

535 3696 97 18 Gisborne.

183 3394 81 26 f;oe
286 3393 115 24 sale.

82 3447 110 43 I)LANT
207 3447 20 18 in
237 3447 93 23 working
337 3446 56 18 ordei
402 3445 20 19 in
430 3445 77 24 Taupo,

146 3473 122 24 comprising
276 3479 32 11 :

82 3511 9 14 1
102 3507 110 23 Launches,
224 3513 37 12 one
269 3506 62 25 large,
342 3512 37 12 one
388 3505 63 22 small,
461 3504 48 19 with

108 3533 47 21 fuel,
169 3535 22 16 30
202 3532 46 19 cord
257 3532 20 19 of
287 3532 62 21 wood,
363 3538 26 12 on
396 3531 61 18 hand.

84 3560 10 17 3
102 3558 78 25 Failing
189 3559 67 22 13oats>,
268 3561 39 15 two
317 3560 34 16 ton
361 3557 56 19 each.

83 3587 9 15 ■1
105 3584 83 25 Pulling
196 3584 62 18 Boats,
269 3584 39 19 and
318 3590 54 18 gear.

83 3610 71 19 House
177 3610 39 18 and
240 3610 82 24 garden,
349 3609 42 18 also
410 3608 101 25 goodwill.

109 3635 91 25 Leaving
210 3642 24 12 on
244 3638 82 16 account,
335 3635 20 18 of
365 3634 78 19 health.

205 3660 84 19 TEEMS
302 3660 87 18 CASH.

84 3709 73 26 Apply,

109 3744 89 19 Eickitt
209 3744 15 19 &
231 3743 78 22 Adams,
318 3744 84 24 Agents,
410 3744 77 24 Taupo.

124 3781 28 15 or,
164 3773 83 19 Geouge
256 3774 94 22 Hakpek,
361 3774 113 19 Auckland.

89 3827 79 24 NEW
181 3826 152 24 ZEALAND

141 3876 108 25 DALEY
264 3876 213 25 ASSOCIATION

205 3918 151 23 EACTOEY
377 3920 138 27 BUTTEE,

198 3967 60 18 FOR
273 3967 24 18 Is
318 3966 33 22 Id,
376 3966 37 20 AT

90 4010 185 42 WILLIAMS'
296 4009 86 41 CASH
397 4010 121 42 STORE,

113 4115 73 18 Other
212 4113 77 19 Goods
316 4111 205 24 correspondingly

91 4139 83 20 Cheap.

974 4229 100 37 Ask
1100 4229 70 38 for
1195 4229 265 38 Hancock's
1492 4228 279 39 Celebrated
1814 4226 189 38 XXXX
2029 4226 114 40 Ales
2173 4229 96 37 and
2295 4228 150 39 Stout,

2913 3203 79 22 What
3005 3203 95 29 People
3117 3204 57 30 Say.

2832 3255 21 16 P.
2867 3253 19 19 3.
2897 3255 132 18 WALLACE,
3040 3256 53 18 Esq..
3102 3255 136 19 KAXGAKOO

2940 3279 111 20 VALLEY,
3062 3277 82 23 N.S.W.,

2820 3309 63 17 writes
2890 3309 4 24 ;
2931 3310 51 17 Dear
2991 3310 34 20 Sir,
3028 3310 34 17 —I
3076 3312 47 16 bare
3133 3311 56 18 much
3203 3311 34 22 plea-

2821 3338 42 11 sure
2877 3333 20 17 in
2911 3333 80 21 bearing
3012 3333 76 17 witness
3111 3336 19 15 to
3153 3335 32 17 the
3202 3335 43 22 great

2820 3356 54 17 value
2884 3356 21 17 of
2913 3356 96 17 Clements
3017 3357 59 16 Tonic
3080 3357 19 16 in
3109 3363 50 11 cases
3175 3359 20 16 of
3208 3358 32 16 Lis

2820 3378 67 21 situdo,
2905 3379 135 20 Nervousness,
3055 3380 36 17 and
3109 3380 136 18 Constitutional

2819 3402 85 23 Debility
2926 3403 103 22 generally.
3064 3403 38 17 For
3134 3409 51 12 more
3209 3404 36 16 than

2819 3425 67 18 twelve
2895 3425 77 18 months
2980 3426 9 16 I
2999 3432 38 10 was
3046 3432 10 11 a
3065 3429 73 19 martyr
3146 3430 20 14 to
3173 3429 72 16 extreme

2818 3448 97 19 lassitude,
2921 3449 62 17 lossof
2989 3450 88 20 appetite,
3084 3450 128 22 sleeplessness
3218 3449 27 17 aivi

2818 3472 49 17 their
2873 3472 128 17 concomitant
3010 3473 48 16 train
3069 3473 19 17 of
3101 3473 83 22 physical
3203 3474 34 17 trou-

2818 3494 46 20 bles,
2874 3501 21 11 so
2909 3495 56 17 much
2981 3501 21 11 so
3017 3495 43 17 that
3073 3497 10 16 I
3091 3496 63 18 feared
3162 3498 9 16 I
3188 3495 57 19 should

2818 3518 47 17 have
2888 3520 21 15 to
2926 3517 88 18 abandon
3031 3524 32 17 my
3079 3520 103 21 profession
3199 3526 19 11 as
3239 3524 6 11 fl

2818 3542 108 21 journalist,
2935 3542 78 22 writing
3022 3541 57 24 being
3083 3542 123 24 particularly
3215 3543 23 16 irk-

2818 3570 51 12 some
2878 3564 38 17 and
2924 3564 96 18 laborious
3029 3567 20 15 to
3058 3571 35 11 inc.
3109 3566 10 16 I
3128 3566 48 18 tried
3185 3564 60 20 several

2818 3587 106 18 advertised
2933 3588 61 16 tonics
3003 3588 24 22 (?)
3033 3589 46 16 with
3088 3589 49 17 little
3146 3595 21 11 or
3175 3595 24 12 no
3205 3587 40 26 good

2818 3611 65 19 result,
2898 3611 38 17 and
2944 3611 63 23 began
3023 3613 20 15 to
3052 3611 55 18 think
3121 3618 31 16 my
3166 3618 40 13 case
3220 3613 17 15 he-

2886 3634 32 17 the
2931 3639 66 17 power
3011 3634 20 17 of
3044 3635 91 17 medicine
3159 3638 21 15 to
3204 3638 41 15 cure'

2818 3657 100 21 However,
2940 3658 64 21 seeing
3020 3664 48 15 your
3083 3658 50 17 tonic
3150 3657 95 20 advertised

2818 3680 19 17 in
2847 3686 51 12 some
2907 3681 20 17 of
2935 3686 33 16 my
2977 3681 111 22 exchanges,
3099 3681 10 17 I
3118 3682 101 17 concluded
3232 3683 13 15 to

2818 3704 32 20 try
2865 3703 17 18 it
2898 3709 21 12 as
2935 3709 11 12 a
2980 3704 71 17 dernier
3159 3706 38 17 and
3206 3705 9 17 I
3223 3709 22 13 am

2818 3726 76 23 pleased
2903 3728 20 16 to
2933 3733 33 16 say
2983 3727 42 17 that
3032 3728 32 16 the
3081 3728 59 17 result
3153 3734 38 11 was
3205 3729 40 16 most

2819 3750 126 22 satisfactory.
2980 3751 56 16 After
3044 3750 68 23 taking
3120 3757 35 11 one
3170 3749 57 21 Bottle
3240 3750 5 15 1

2818 3773 61 17 found
2884 3779 33 16 my
2923 3773 143 22 appetitemuch
3071 3773 103 23 improved;
3185 3775 9 17 I
3199 3772 46 19 conM

2818 3796 51 22 sleep
2874 3802 52 11 more
2932 3796 86 22 soundly,
3025 3796 38 17 and
3070 3797 34 16 felt
3111 3798 94 17 refreshed
3209 3799 36 15 next

2819 3820 94 21 morning.
2947 3819 10 17 I
2975 3819 101 17 continued
3100 3820 31 17 the
3156 3820 89 19 medicine,

2819 3843 68 22 taking
2895 3843 19 16 in
2923 3842 26 17 all
2956 3843 29 16 six
2993 3842 53 22 largo
3054 3843 76 20 bottles,
3140 3844 37 17 and
3184 3843 51 24 gradu-

2819 3864 39 24 ally
2874 3865 27 18 all
2909 3871 33 16 my
2951 3865 110 23 distressing
3070 3867 105 22 symptoms
3190 3867 46 21 disap-

2818 3888 75 23 peared.
2928 3888 10 17 I
2963 3894 43 11 now
3023 3888 35 17 feel
3076 3889 68 22 myself
3168 3890 77 22 stronger

2819 3911 46 17 than
2875 3917 48 15 ever,
2934 3911 38 17 and
2981 3917 20 11 as
3010 3917 44 11 near
3062 3912 72 21 perfect
3140 3913 65 17 health
3214 3919 17 10 as
3239 3916 6 12 n

2819 3940 43 11 man
2871 3935 43 16 who
2923 3935 34 16 has
2970 3936 21 15 to
2999 3935 45 16 bear
3057 3935 31 17 the
3102 3936 59 17 strain
3175 3937 21 17 of
3208 3940 28 13 con-

2819 3958 52 17 stant
2879 3957 77 22 literary
2971 3957 53 17 work
3036 3964 34 11 can
3079 3961 66 19 expect
3160 3961 20 15 to
3188 3959 29 17 be.
3239 3957 6 16 1

2818 3986 37 12 can
2875 3980 116 23 confidently
3016 3982 119 16 recommend
3160 3981 85 19 dements

2818 4003 58 17 Tonic
2883 4006 20 14 to
2912 4004 25 16 all
2945 4010 79 15 persons
3032 4004 91 23 suffering
3131 4005 50 18 from
3189 4006 35 17 loss
3231 4002 14 18 of

2818 4032 56 11 nerve
2883 4027 50 17 force
2947 4027 85 22 through
3048 4027 82 18 sickness
3145 4034 22 11 or
3183 4025 62 21 mental

2819 4050 113 20 over-work,
2951 4049 37 17 and
2995 4056 30 11 am
3036 4053 48 14 most
3100 4050 65 23 happy
3173 4055 19 14 to
3208 4055 27 17 sup-

2818 4074 44 21 port
2870 4079 33 16 my
2911 4073 104 22 testimony
3022 4073 47 17 with
3077 4079 32 17 my
3126 4074 119 22 signature-.

2819 4096 43 17 And
2870 4097 71 16 remain
2951 4096 45 16 dear
3004 4096 30 18 sir.
3045 4096 62 18 Yours
3116 4097 102 22 faithfully,
3229 4095 14 18 P'

2818 4118 117 18 Jepfeksox
2950 4119 106 19 Wallace,
3066 4119 72 21 Editor,
3151 4121 36 18 and
3208 4120 22 17 Pr
3239 4125 6 4 '

2819 4143 71 21 prietor
2897 4142 99 22 Kangaroo
3008 4142 60 21 Vail,//
