3290 4340
128 114 18 18 A
160 112 134 20 ROTORUA
308 112 73 21 LOVE
402 113 72 20 SONG.

114 166 43 19 The
176 164 112 25 following,
308 166 80 18 written
408 166 26 24 by
454 166 71 19 Victor

89 192 52 22 Zeal,
154 191 52 24 (Mrs
217 190 22 19 C.
251 190 28 19 H.
292 191 95 25 Wilson,)
399 198 85 18 appears
505 192 20 18 in

88 226 10 13 a
108 220 66 17 recent
190 217 54 18 issue
261 216 21 19 of
299 217 34 19 the
352 218 83 24 Sydney
455 218 59 18 Bulle-

89 245 26 19 tin
124 245 4 19 :

87 286 32 21 Oh,
131 286 78 19 dearest,
220 285 77 18 darkest
305 286 82 20 maiden,
397 292 33 16 my
439 286 57 17 heart
509 286 16 17 is

131 308 71 23 calling
211 309 49 20 thee,

86 333 54 19 Coma
149 332 52 16 forth
210 332 49 17 from
268 333 33 16 out
307 333 34 21 thy
347 333 68 19 whare,
432 331 38 17 and
475 331 49 17 have

130 361 11 12 a
149 355 48 17 bath
205 355 48 17 with
261 361 36 12 me.

86 395 34 19 The
131 395 64 16 ti-tree
204 400 62 12 wavM
277 400 12 11 a
302 394 98 22 welcome;
420 395 32 17 the
473 394 41 17 half-

129 423 58 12 moon
196 418 39 17 soft
243 418 47 17 doth
298 418 64 21 shine;

86 442 34 18 The
130 441 81 22 sulphur
220 441 101 22 fumigates
329 441 31 17 the
369 441 29 17 air
406 447 21 11 as
439 440 36 23 thy
488 440 36 18 flat

129 470 45 11 nose
184 466 58 15 meets
252 465 56 17 mine.

86 504 27 19 All
128 503 38 23 day
187 503 56 17 while
263 503 89 23 catching
371 503 81 23 crayfish
470 503 54 17 thine

130 527 64 21 image
202 527 51 16 went
262 527 46 16 with
317 532 54 11 me—

86 552 8 16 I
103 550 85 23 thought
195 550 44 17 how
248 550 19 16 in
274 550 32 16 the
315 555 58 12 warm
382 549 47 18 bath
446 549 30 18 I'd
493 550 31 17 eat

131 573 52 17 them
192 579 40 11 raw
241 573 45 17 with
296 573 49 17 thee.

86 614 52 18 Then
147 618 52 12 come
208 613 38 16 and
254 613 47 16 have
310 612 35 22 thy
353 612 53 21 bath,
422 613 48 20 love,
486 612 39 18 and

133 642 30 11 see
172 636 32 17 the
213 636 108 17 half-moon
329 636 59 20 shine,

86 659 43 20 And
137 660 32 17 eat
176 659 34 18 the
223 659 52 22 juicy
289 659 75 20 kouras,
380 659 38 17 and
435 659 36 18 rub
488 659 36 22 thy

133 688 45 11 nose
188 682 46 17 with
242 682 55 17 mine.

134 750 124 19 WANTED
270 750 37 18 AN
320 749 144 20 ERUPTION.

253 802 22 18 in
291 802 35 18 the
342 802 109 19 Auckland
468 802 41 19 Her-

87 828 31 19 ald
143 829 113 18 discourses
277 834 22 12 as
318 828 204 26 follows:—Among

88 854 33 20 the
139 861 61 17 many
218 854 129 25 suggestions
356 855 32 18 for
407 855 68 19 increa
486 856 36 25 ing

86 881 33 19 the
139 881 112 18 steadiness
270 881 21 17 of
311 881 34 18 the
365 885 62 15 water
448 881 74 25 supply

85 907 31 21 for
135 906 115 22 Auckland,
261 907 18 19 is
299 913 37 13 one
347 908 20 17 to
385 910 92 16 concrete
487 908 34 18 the

85 933 53 19 sides
149 933 20 18 of
187 933 35 18 the
242 933 72 18 Mount
330 932 57 19 Eden
397 937 71 16 crater,
481 934 40 18 and

84 958 29 20 fill
123 959 17 18 it
150 959 49 18 with
211 962 61 15 water
282 965 22 12 as
315 965 11 12 a
335 959 104 19 reservoir.
454 959 67 25 Every

86 992 36 12 one
140 985 71 18 knows
226 985 44 18 that
287 985 35 19 the
336 985 129 26 picturesque
481 986 40 19 and

85 1014 34 16 tiie
136 1011 99 18 romantic
246 1017 33 12 are
289 1017 75 17 among
375 1011 33 18 tho
426 1014 63 16 assets
500 1013 21 17 of

84 1037 114 22 Auckland,
212 1036 36 19 but
258 1043 38 13 one
306 1037 60 24 thing
382 1044 29 12 we
427 1037 26 19 do
467 1041 54 16 want

83 1067 19 15 to
113 1063 81 19 enliven
205 1063 34 18 the
256 1069 83 18 scenery
348 1063 18 18 is
375 1070 12 12 a
404 1063 43 19 nice
456 1065 65 18 active

83 1089 90 20 volcano.
185 1089 67 25 Every
259 1095 37 12 one
303 1089 45 19 that
355 1089 37 19 has
399 1096 47 12 seen
454 1090 52 19 Vesu-

82 1115 45 18 vius
134 1115 103 25 steaming
244 1122 32 18 up,
286 1115 41 19 and
333 1119 21 15 at
360 1115 60 26 night
427 1115 81 20 illumin-

82 1142 35 24 ing
127 1141 35 19 the
173 1140 95 25 heavens,
280 1141 18 18 is
307 1148 66 12 aware
382 1143 45 18 how
442 1142 16 19 it
468 1143 51 19 adds

81 1172 20 14 to
116 1168 35 18 the
161 1168 132 24 magnificent
308 1168 75 24 beauty
394 1168 21 19 of
425 1168 34 19 the
475 1168 44 25 Bay

81 1194 20 19 of
116 1194 84 24 Naples,
213 1193 40 18 and
263 1194 16 18 if
290 1200 28 12 we
329 1193 40 19 had
382 1194 46 24 only
446 1194 73 20 Mount

82 1219 63 23 Eden,
157 1221 21 16 in
189 1219 71 24 steady
271 1220 98 24 eruption,
382 1227 37 12 our
429 1220 89 20 location

82 1246 66 18 would
157 1252 94 18 compare
262 1246 50 19 with
322 1253 39 17 any
372 1246 20 19 in
403 1246 33 19 tho
453 1247 63 19 world

81 1272 32 19 for
131 1271 93 20 aesthetic
249 1271 112 19 loveliness.
390 1272 58 24 Now,
477 1274 42 19 this

81 1305 36 12 can
130 1298 102 24 probably
248 1298 25 18 be
290 1298 96 19 achieved
402 1302 21 15 at
439 1305 13 13 a
469 1305 49 19 very

79 1324 104 19 moderate
194 1324 139 24 expenditure,
346 1325 40 18 and
397 1324 16 18 if
423 1325 35 18 the
466 1329 50 16 rate'

79 1357 73 20 payers
162 1350 68 19 would
240 1350 47 24 only
303 1352 35 23 get
354 1357 48 12 over
420 1351 54 19 their
483 1352 22 18 in-

80 1380 79 15 sensate
170 1376 102 25 objection
283 1381 20 13 to
314 1376 85 19 another
415 1379 101 23 tuppence

81 1404 20 18 in
111 1403 36 19 tho
157 1402 75 25 pound,
242 1402 48 25 they
300 1402 72 25 might,
383 1403 32 19 for
432 1404 41 18 this
483 1404 26 19 lit-

80 1430 27 18 tle
117 1433 150 19 extravagance
282 1428 70 20 obtnin
368 1435 12 12 a
396 1433 121 21 permanent

80 1455 104 19 fireworks
199 1454 80 26 display
289 1462 5 15 ;
309 1455 34 18 the
363 1456 154 19 attractiveness

80 1482 20 19 of
111 1481 72 23 which,
195 1483 20 16 to
226 1485 109 21 strangers,
353 1481 66 25 might
435 1482 81 25 greatly

80 1508 89 19 enhance
179 1507 35 18 the
230 1507 60 18 value
300 1507 21 19 of
336 1510 96 22 property
442 1508 22 19 in
481 1509 34 19 the

79 1535 46 23 city.
155 1533 54 19 How
219 1536 20 16 to
254 1539 81 18 compas
354 1533 41 19 this
414 1534 26 25 by
453 1535 54 18 artifi-

79 1561 38 19 cial
126 1566 78 16 moans,
220 1559 65 19 which
295 1559 17 19 is
331 1560 80 24 usually
428 1560 86 20 effected

79 1587 27 23 by
116 1585 83 19 natural
208 1592 76 16 causes,
293 1592 45 18 may
347 1585 24 19 be
381 1587 64 18 found
453 1587 19 18 in
481 1587 34 19 the

79 1613 44 19 hint
145 1611 95 25 supplied
257 1611 26 25 by
311 1612 111 19 Tarawera.
461 1613 54 19 That

79 1639 107 19 mountain
206 1644 40 12 was
272 1637 103 27 quiescent
391 1639 52 18 from
465 1639 49 19 time

78 1663 135 21 immemorial
221 1671 21 12 as
253 1664 72 19 Mount
335 1664 57 19 Eden
409 1664 23 23 is,
453 1665 31 18 till
502 1672 12 12 a

78 1691 52 19 little
146 1690 60 20 crack
218 1690 21 20 in
250 1690 34 19 the
291 1690 77 20 bottom
378 1691 21 18 of
415 1690 85 20 Rotoma-

78 1717 55 20 haoa
148 1717 111 25 alongside,
276 1716 102 25 produced
392 1717 25 23 by
428 1724 12 11 a
450 1717 64 25 slight

78 1742 133 27 earthquake,
227 1742 28 19 let
264 1743 35 18 the
316 1745 62 17 water
399 1743 26 23 in,
447 1743 65 20 which

77 1770 119 24 combining
207 1768 49 20 with
267 1769 33 18 the
319 1769 108 19 chemicals
447 1770 66 19 which

78 1803 34 12 are
118 1799 22 16 at
151 1796 35 19 the
197 1796 77 20 hottom
291 1796 21 18 of
329 1795 56 19 these
402 1796 111 19 terrestrial

77 1822 142 19 disturbances
235 1821 72 19 caused
327 1821 34 19 tho
380 1822 48 18 flare
445 1828 27 18 up
492 1823 21 18 of

77 1849 65 19 which
154 1849 35 18 the
199 1848 80 19 records
289 1854 33 13 are
338 1848 90 19 familiar
438 1851 21 16 to
476 1855 37 12 our

77 1875 89 19 readers.
203 1874 51 19 Now
265 1874 34 18 the
310 1881 54 12 same
374 1876 75 17 results
465 1881 47 18 may

77 1901 25 19 be
118 1900 103 26 produced
236 1900 27 24 by
288 1900 92 19 artificial
396 1907 69 12 means
491 1903 22 17 at

76 1927 74 20 Mount
161 1926 64 19 Eden.
255 1926 38 19 For
305 1926 25 25 by
346 1927 116 24 concreting
477 1928 35 18 the

77 1954 52 18 Bides
141 1954 20 18 of
171 1952 35 19 tho
223 1959 44 18 cup,
285 1952 48 25 they
351 1953 41 18 will
411 1954 101 24 probably

76 1979 48 19 hold
134 1979 96 25 together
240 1978 30 19 till
280 1979 34 18 tho
330 1979 65 24 cavity
413 1980 36 18 has
459 1979 51 20 been

75 2006 55 19 filled
142 2008 20 16 to
173 2005 35 19 tho
218 2005 29 24 lip
256 2006 19 23 hj
275 2012 5 6 r
290 2012 11 12 a
322 2005 80 19 volume
413 2006 21 18 of
450 2009 62 16 water

75 2032 59 19 when
154 2032 35 18 the
208 2031 113 25 expansion
338 2032 73 18 caused
430 2032 26 24 by
475 2032 35 19 the

75 2064 94 19 pressure
194 2058 41 19 will
255 2057 58 19 make
333 2057 34 19 the
385 2058 72 19 fissure
477 2065 23 12 re-

74 2084 73 25 quired
166 2086 21 16 at
201 2084 34 18 tho
253 2090 73 18 proper
340 2084 55 23 time,
416 2084 41 20 and
475 2084 35 20 the

75 2111 65 19 whole
150 2110 82 19 volume
242 2111 21 18 of
277 2113 61 18 water,
347 2110 124 26 descending
490 2114 20 15 to

74 2137 35 18 the
124 2137 75 18 heated
214 2136 147 20 subterranean
380 2137 62 24 depth
455 2151 5 9 ,
482 2143 29 13 wa

74 2163 52 18 shall
138 2169 33 12 see
187 2162 54 19 what
260 2169 29 12 we
300 2162 52 19 shall
366 2169 38 12 e«e.

101 2218 47 19 WE
160 2218 75 19 MUST
243 2218 77 19 HAVE
327 2218 57 19 THE
391 2218 84 19 TOOLS.

100 2290 107 18 Robinson
227 2288 81 22 Crusoe,
323 2294 40 18 you
389 2289 119 21 remember,

73 2316 59 21 made
148 2322 12 12 a
172 2315 35 25 big
217 2314 49 19 boat
282 2321 22 12 or
323 2320 62 13 eanoe
393 2317 35 16 out
436 2315 21 18 of
477 2315 34 18 the

73 2342 62 20 trunk
152 2342 22 18 of
184 2347 12 13 a
214 2344 49 15 tree.
292 2340 20 19 It
326 2347 40 12 was
376 2347 12 12 a
408 2340 103 20 laborious

73 2370 38 18 and
120 2368 82 19 tedious
210 2366 44 26 job.
282 2366 47 19 And
338 2366 45 19 that
395 2368 71 17 was'nt
476 2367 35 19 the

73 2397 60 18 worst
142 2395 21 18 of
172 2394 22 18 it.
224 2393 68 19 When
312 2392 25 18 he
355 2396 36 21 got
411 2393 33 19 the
464 2392 47 20 boat

72 2422 53 19 done
146 2420 26 19 he
191 2418 91 20 couldn't
298 2418 74 19 launch
382 2419 23 19 it.
434 2419 21 19 It
470 2426 41 12 was

71 2451 34 16 too
122 2447 68 24 heavy
201 2446 32 18 for
242 2451 38 12 one
287 2451 47 12 man
343 2447 20 16 to
381 2445 81 19 handle.
490 2445 22 19 If

72 2475 25 18 he
108 2474 41 19 had
164 2472 48 25 only
228 2478 25 12 an
264 2474 143 21 arrangoment
416 2471 40 19 like
476 2471 35 19 the

72 2504 84 21 capstan
175 2499 22 18 of
222 2504 12 12 a
250 2497 45 24 ship
315 2497 25 18 he
366 2497 67 24 might
459 2497 52 19 have

72 2525 109 26 managed.
211 2524 34 18 Ho
256 2528 132 14 understood
400 2523 44 19 how
454 2526 21 16 to
485 2524 26 18 do

71 2554 22 22 it,
106 2555 36 16 but
157 2550 73 20 lacked
241 2550 34 18 the
285 2549 57 19 tools.
381 2549 52 19 How
449 2550 57 18 often

72 2586 29 12 wo
111 2578 42 19 find
161 2576 102 20 ourselves
280 2577 20 17 at
308 2582 12 11 a
335 2575 51 19 dead
402 2575 60 20 stand
479 2576 32 18 for

72 2606 44 18 that
127 2610 55 13 same
193 2608 79 14 reason.
301 2601 38 18 Lot
349 2607 32 13 me
392 2601 46 25 give
448 2608 41 18 you
497 2609 12 11 a

73 2631 54 20 fresh
153 2629 130 21 illustration,
304 2627 41 19 tied
363 2633 28 19 up
416 2628 31 18 for
475 2628 35 19 the

73 2659 89 17 moment
195 2656 20 18 in
245 2654 35 19 the
305 2653 107 26 following
443 2653 65 24 letter,

73 2683 66 19 which
155 2684 55 16 must
229 2681 44 19 first
283 2680 25 19 be
326 2680 49 18 read
395 2680 70 19 before
482 2687 27 12 wo

72 2709 78 26 rightly
160 2714 55 13 come
226 2709 21 17 at
255 2707 34 18 the
299 2706 63 25 point.

122 2735 26 19 In
156 2735 33 18 the
201 2733 71 26 spring
282 2733 21 18 of
315 2733 55 18 1894.
470 2739 38 13 our

73 2761 162 25 correspondent,
284 2759 11 18 I
312 2761 36 23 got
371 2758 44 20 into
431 2765 12 13 a
469 2759 39 19 low

73 2788 56 20 weak
141 2793 49 19 way,
203 2789 35 16 not
254 2785 62 24 being
327 2784 45 19 able
384 2788 19 15 to
417 2785 90 25 imagine

71 2815 55 19 what
151 2813 42 19 had
223 2811 108 25 happened
355 2813 21 16 to
404 2817 38 13 me.
472 2811 36 25 My

71 2840 94 25 strength
181 2839 50 24 kept
242 2838 77 23 ebbing
332 2844 57 17 away
399 2837 32 19 till
445 2837 12 19 I
467 2838 41 18 had

71 2867 87 23 scarcely
175 2865 35 19 the
230 2864 65 19 desire
313 2870 22 12 or
350 2864 72 24 ability
439 2866 22 17 to
482 2863 26 19 do

71 2893 107 25 anything.
207 2891 12 18 I
235 2890 38 19 felt
283 2896 23 12 as
322 2890 52 18 tired
384 2897 22 12 as
415 2890 16 19 if
438 2890 12 19 I
466 2890 41 18 had

69 2921 44 24 just
131 2917 81 21 arrived
230 2916 59 19 home
297 2916 52 19 from
360 2923 11 11 a
388 2916 55 25 long,
455 2916 51 19 hard

69 2947 93 25 journey,
174 2946 33 22 yet
217 2949 26 12 no
264 2944 34 17 tax
317 2949 55 12 more
384 2942 50 19 than
447 2942 60 19 usual

69 2974 22 18 of
101 2978 40 18 any
158 2970 50 20 kind
227 2969 41 19 had
278 2968 51 19 been
339 2968 42 20 laid
393 2975 56 19 upon
466 2975 39 12 me.

69 2999 37 25 My
123 2997 56 19 mind
195 2998 33 16 too
240 3001 40 13 was
298 3001 79 19 weary:
394 3001 22 13 so
433 2994 45 20 that
495 2994 11 19 I

69 3024 74 21 turned
155 3024 52 17 from
217 3021 71 24 things
297 3021 45 19 that
352 3021 83 25 obliged
445 3027 33 13 me
487 3022 20 17 to

69 3050 66 23 think,
148 3049 55 25 plan,
214 3054 23 12 or
247 3047 98 20 consider,

118 3076 46 19 Side
181 3074 27 25 by
219 3074 49 22 side,
280 3080 21 12 so
314 3076 20 16 to
342 3073 69 25 speak,
422 3073 49 19 with
480 3072 27 20 nil

68 3104 41 19 this
120 3108 40 13 was
167 3101 35 19 the
211 3100 74 18 failure
294 3100 21 18 of
325 3106 33 17 my
367 3099 97 25 appetite.
480 3099 27 19 Of

69 3135 69 14 course
149 3128 11 18 I
175 3126 109 20 continued
294 3130 19 14 to
320 3128 38 21 eat,
370 3132 23 12 or
410 3125 59 19 make
479 3132 26 12 an

68 3156 60 19 effort
135 3157 21 16 to
164 3156 40 19 eat,
214 3153 38 18 but
263 3151 47 19 food
320 3158 26 12 no
356 3152 71 24 longer
439 3154 53 22 temp-

68 3182 36 19 ted
112 3188 32 12 me
155 3187 22 11 as
187 3179 17 19 it
214 3179 47 18 does
271 3184 12 12 a
301 3184 73 18 person
393 3178 21 19 in
428 3177 76 19 health.

68 3208 12 19 I
90 3207 73 26 picked
174 3206 40 18 and
233 3204 79 20 minced
322 3210 47 12 over
379 3210 35 19 my
431 3205 70 22 meals,

69 3234 41 19 and
119 3233 35 19 the
170 3231 53 21 little
242 3230 12 19 I
273 3230 47 18 took
341 3230 80 20 neither
439 3229 67 20 tasted

69 3259 52 26 good
131 3266 37 12 nor
179 3257 35 19 did
221 3263 31 13 me
262 3262 40 18 any
311 3256 53 23 good
374 3256 53 19 after
436 3255 11 20 I
465 3256 41 19 had

69 3288 59 17 eaten
137 3285 23 20 it.
197 3282 85 20 Instead
298 3282 22 19 of
336 3282 105 24 warming,
452 3288 40 13 com-

68 3312 78 24 forting
156 3309 41 21 and
205 3308 128 25 stimulating
341 3315 37 16 me,
391 3315 22 12 as
422 3309 17 18 it
456 3308 50 19 used

68 3341 20 16 to
99 3338 31 22 do,
141 3337 17 19 it
168 3342 53 20 gave
231 3341 31 13 me
272 3334 83 19 distre-s
365 3337 20 16 at
400 3334 34 19 the
443 3337 51 16 stom-

68 3364 43 23 ach,
124 3363 49 25 pain
186 3365 21 16 at
217 3361 35 20 the
262 3360 61 23 chest,
335 3360 41 19 and
386 3367 11 12 a
414 3360 92 24 singular

68 3390 78 25 feeling
153 3389 22 18 of
185 3388 100 25 tightness
301 3386 76 19 around
389 3386 34 19 the
440 3386 64 22 waist,

69 3423 23 13 as
108 3415 80 25 though
212 3421 12 12 a
240 3412 43 20 belt
299 3419 50 12 were
367 3412 88 20 buckled
471 3415 35 16 too

69 3448 53 19 enug
130 3440 80 21 around
219 3446 39 13 me.

118 3468 60 18 After
193 3473 13 12 a
217 3466 49 19 time
282 3465 34 19 the
326 3464 102 19 condition
438 3465 21 18 of
471 3471 35 18 my

69 3494 91 19 stomach
170 3492 79 19 seemed
261 3494 20 16 to
294 3497 54 18 grow
359 3497 69 12 worse.
439 3490 66 19 There

69 3527 42 12 was
118 3520 46 19 that
182 3524 58 13 sense
258 3519 21 17 of
289 3516 103 26 gnawing,
410 3524 21 11 ho
447 3517 57 18 often

69 3544 117 23 mentioned
195 3544 28 25 by
235 3544 73 22 others,
320 3543 38 20 and
367 3542 134 25 occasionally

70 3579 12 12 a
101 3572 77 23 feeling
197 3570 21 18 of
236 3570 99 18 faiutnos*
354 3569 41 19 and
413 3569 90 24 sinking,

69 3598 73 19 almost
160 3596 41 20 like
217 3596 36 18 the
272 3595 79 25 ground
369 3595 73 25 giving
461 3601 45 18 way

70 3625 65 19 under
145 3622 56 20 one's

96 3650 104 26 [Remark
208 3646 4 30 .
243 3648 32 18 An
304 3647 89 19 eminent
420 3646 85 19 London

71 3676 112 23 physician,
201 3675 21 18 in
238 3680 37 12 one
294 3673 21 18 of
325 3673 30 18 his
374 3672 69 23 books,
459 3672 35 19 des-

69 3703 65 19 cribes
151 3702 42 18 this
206 3699 84 24 sinking
305 3699 76 24 feeling
395 3706 22 11 as
433 3705 38 12 one
482 3699 22 18 of

69 3730 52 18 most
130 3727 109 26 appalling
249 3725 39 20 and
299 3725 96 24 frightful
402 3725 45 18 that
456 3724 17 18 it
489 3724 16 18 is

69 3754 90 26 possible
169 3756 20 16 to
200 3751 125 26 experience.
362 3751 20 18 It
396 3751 16 18 is
422 3755 35 14 not
471 3750 34 19 the

69 3781 55 24 body
134 3780 38 19 but
182 3779 35 19 the
233 3783 53 13 mind
296 3776 43 20 that
346 3777 78 19 suffers.
442 3776 17 22 I,
470 3776 34 19 the

69 3808 83 25 present
160 3805 74 21 writer,
251 3803 52 19 have
319 3802 39 19 had
369 3806 39 15 two
426 3802 79 20 attacks

69 3833 21 19 of
102 3833 20 22 it,
134 3831 41 19 and
182 3836 50 20 pray
243 3832 20 16 to
272 3829 51 18 have
341 3835 25 12 no
385 3835 62 13 more.
483 3828 21 19 It

69 3860 17 18 is
94 3859 41 18 like
144 3860 50 16 unto
205 3856 36 19 the
257 3854 167 25 overshadowing
440 3854 21 19 of
471 3854 33 19 the

70 3884 67 20 Death
148 3882 87 25 Angel's
245 3881 59 25 wing,
325 3886 54 15 with
391 3886 42 14 the
450 3885 54 14 mind

69 3916 66 14 I'ULI.Y
154 3913 107 16 CONSCIOUS
281 3913 24 12 OF
329 3913 41 12 THE
389 3911 114 15 SITUATION.

69 3937 43 19 Tli6
127 3942 61 13 cause
205 3934 17 19 is
240 3932 42 22 uric
299 3932 43 20 ncid
353 3932 70 25 poison
439 3939 20 12 in
470 3932 34 19 the

69 3963 66 22 Wood,
157 3967 38 13 one
213 3960 22 19 of
250 3959 34 19 the
302 3958 95 26 products
419 3959 21 18 of
454 3964 39 19 pro-

69 3990 74 23 longed
155 3984 143 28 indigestion.]

120 4015 67 18 When
202 4012 41 19 this
261 4010 83 25 sinking
358 4010 77 25 feeling
449 4016 55 14 came

68 4041 48 23 on,''
129 4040 107 19 continues
254 4037 35 19 the
298 4037 64 22 lotter,
427 4035 65 26 weigh-

69 4067 24 20 ed
106 4073 30 13 me
152 4066 60 19 down
218 4064 43 20 like
271 4070 12 12 a
301 4063 123 24 nightmare.
452 4062 37 19 Fin-

68 4092 41 26 ally
119 4092 11 19 I
142 4094 36 22 got
188 4094 21 16 to
218 4090 26 20 be
254 4096 21 12 so
292 4088 56 20 wonk
359 4088 10 18 I
388 4087 59 20 could
457 4087 48 24 only

69 4117 53 23 walk
132 4118 72 24 slowly
214 4116 40 20 and
265 4114 74 25 feebly.
367 4114 46 18 The
428 4119 77 17 DoqTOR

69 4151 46 13 WHO
125 4148 125 16 PRESCRIBED
261 4147 38 13 FOR
310 4146 29 13 ME
348 4146 47 12 SAID
405 4145 30 13 MY
455 4144 38 15 COM-

550 120 74 12 plaint
629 120 41 12 was
678 119 117 17 DYSPEPSIA,
800 114 37 20 but
845 115 32 19 his
886 117 97 20 medicine

550 140 41 19 had
601 146 25 12 no
636 139 123 25 perceptible
770 140 64 19 effect.

599 166 11 17 I
629 165 108 19 continued
755 165 42 20 like
814 167 41 19 this
873 168 32 19 for
925 169 57 24 oight

549 198 59 18 years
618 190 4 28 ;
646 193 35 16 not
699 190 76 25 always
803 192 35 19 the
857 200 60 18 same,
947 195 36 19 but

549 224 45 11 now
611 216 66 19 better
693 216 40 19 and
752 218 49 18 then
816 225 70 14 worse.
914 221 40 19 Yet
963 221 20 19 in

549 242 27 19 all
593 242 45 19 that
656 242 48 19 time
724 242 58 19 there
801 251 40 13 was
863 248 35 17 not
917 252 12 13 a
943 247 40 25 day

549 268 57 19 when
616 268 13 18 I
643 268 58 18 could
722 274 37 19 say
776 268 12 19 I
807 277 41 13 wa3
870 272 51 19 well.
950 273 32 19 No

548 294 98 18 medicine
662 300 22 12 or
701 296 108 19 treatment
829 298 80 19 seemed
927 298 55 26 right

547 320 33 18 for
589 326 37 15 me,
638 320 40 18 and
694 320 11 18 I
724 320 73 19 slmost
815 322 68 26 began
892 326 21 17 to
920 324 62 20 think

547 345 12 19 I
571 352 62 12 never
662 346 74 19 should
756 353 81 14 recover
857 355 33 19 my
908 350 74 19 former

547 371 77 19 health.

636 397 78 24 March,
728 399 56 22 1892,
802 399 82 21 Mother
893 401 86 25 Seigel's

548 423 67 26 Sj'rup
630 430 40 12 was
692 425 154 20 recommended
871 430 20 16 to
908 434 32 12 me
957 435 21 13 as

547 449 77 26 having
638 449 51 19 done
706 449 92 21 wonders
819 451 21 19 in
862 459 55 13 cases
940 454 40 20 like

547 476 60 22 mine,
619 482 50 12 even
686 475 59 19 when
763 476 47 25 they
824 484 52 13 were
893 480 21 18 of
933 479 49 26 long

547 501 97 26 standing
663 501 40 19 and
727 503 122 26 everything
874 505 40 19 else
942 506 39 20 had

547 527 69 20 failed.
653 527 33 20 No
709 527 60 19 harm
799 531 19 17 to
846 533 33 22 try
904 532 21 23 it,
952 540 28 12 we

547 553 94 25 thought,
660 553 40 19 and
719 557 36 21 got
771 560 11 13 a
801 555 64 19 bottle
881 557 52 19 from
949 558 32 20 Mi-

547 579 75 23 Grime,
640 580 34 19 the
691 580 85 19 chemist
786 581 22 18 in
823 581 74 20 Bolton
905 583 59 20 Road
975 579 3 24 :

546 606 41 18 and
597 606 52 18 after
659 605 73 25 taking
739 606 15 18 it
764 606 11 19 I
785 607 38 19 felt
841 611 59 21 great
923 611 57 18 velief

547 631 37 25 My
594 632 88 24 appetite
700 632 83 24 quickly
799 633 110 25 improved,
919 636 40 19 and
970 637 10 18 I

545 658 61 18 eould
615 660 33 17 eat
658 658 85 19 without
757 659 56 23 pain.
842 660 67 20 When
919 661 11 19 I
940 662 40 20 had

545 683 63 19 taken
618 686 38 16 two
670 690 22 12 or
706 684 57 18 three
782 685 75 20 bottles
873 693 55 13 more
946 688 34 19 the

546 709 39 19 bad
604 712 111 22 symptoms
737 710 41 19 had
796 711 27 19 all
838 718 58 18 gone,
912 714 41 19 and
969 714 10 19 I

546 742 41 12 was
594 742 21 12 as
623 736 45 18 well
685 742 22 12 as
717 742 53 12 ever.
799 737 35 25 My
844 738 95 20 husband
950 740 20 19 al-

545 768 22 12 so
577 762 48 18 took
636 761 33 19 the
689 762 99 19 medicine
806 764 49 18 with
874 764 34 19 the
925 771 53 14 same

545 788 54 24 good
610 787 79 19 results.
717 787 48 20 You
782 795 45 18 may
844 790 84 24 publish
947 798 32 18 my

545 814 60 19 letter
630 813 39 19 and
698 814 54 18 refer
782 815 100 25 inquirers
900 820 20 15 to
940 823 38 13 me.

545 839 96 26 (Signed)
653 840 64 24 (Mrs)
733 840 108 21 Elizabeth
859 843 84 24 Wilson,
959 846 18 21 5,

545 865 110 20 Northcote
665 868 73 20 Street,
755 867 75 20 Bolton
845 868 64 25 Road,
925 870 40 19 Dar-

545 898 49 13 wen.
607 892 71 18 March
686 893 30 17 Ist

569 918 44 18 The
623 917 63 19 le-son
696 918 21 18 in
733 919 41 19 this
790 920 121 26 interesting
928 928 36 12 nar-

543 945 66 17 rative
618 943 18 19 is
646 946 32 16 too
695 945 55 24 plain
769 946 32 18 for
818 953 23 13 us
860 949 21 16 to
896 948 47 18 miss
956 948 20 18 it.

543 969 43 19 Our
595 969 34 19 old
638 970 67 19 friend
714 970 76 20 Crusoe
800 979 39 12 was
849 975 36 17 not
901 973 46 19 able
957 977 19 15 to

543 995 74 19 launch
636 995 31 19 his
688 996 48 19 boat
757 997 33 19 for
816 999 36 19 the
879 1001 54 17 want
957 1000 21 18 of

543 1021 121 25 machinery.
694 1022 104 26 Similarly
806 1025 33 19 the
850 1025 69 19 doctor
933 1025 45 19 who

543 1048 96 19 attended
648 1048 43 19 Mrs
702 1048 79 20 Wilson
793 1057 40 12 was
848 1056 35 14 uot
901 1051 46 19 able
957 1055 20 15 to

542 1081 47 12 euro
602 1074 36 19 her
655 1074 86 20 because
754 1075 25 19 he
799 1077 35 19 did
844 1081 35 15 not
897 1084 79 18 possess

543 1100 33 19 the
587 1100 55 24 right
651 1101 89 24 remedy.
770 1101 40 20 His
818 1103 83 25 opinion
919 1110 23 12 as
957 1106 20 16 to

543 1126 35 19 her
601 1126 109 25 complaint
729 1134 40 13 was
784 1129 86 25 entirely
895 1132 80 16 correct.

542 1152 40 19 She
600 1159 39 12 was
658 1153 100 25 suffering
768 1154 51 20 from
837 1155 82 20 chronic
928 1155 33 25 dys-

542 1178 75 25 pepsia,
630 1179 97 25 precisely
738 1186 23 13 as
771 1180 25 19 ho
806 1181 42 19 told
857 1182 41 18 her.
936 1182 39 19 But

542 1204 54 27 alas!
613 1205 15 18 it
638 1204 17 19 is
669 1211 38 13 one
723 1206 60 25 thing
802 1209 20 17 to
842 1208 60 18 know
920 1208 54 19 what

541 1231 65 25 ought
616 1234 20 15 to
647 1230 25 19 be
682 1231 52 19 done
744 1233 41 18 and
792 1233 56 25 quite
862 1234 85 19 another
956 1239 20 14 to

541 1257 52 18 have
604 1256 34 19 the
648 1257 120 26 knowledge
778 1259 41 19 and
834 1267 69 12 means
914 1263 19 16 to
951 1260 25 19 do

542 1283 20 19 it.

567 1309 95 19 Between
685 1309 57 20 these
763 1312 41 18 two
829 1311 70 25 thing*
919 1312 57 25 (over

541 1335 39 19 this
590 1335 50 19 wide
650 1336 50 24 gap)
711 1336 70 19 staads
791 1337 81 19 Mother
888 1338 85 24 Seigel's

540 1361 73 25 Syrup,
620 1361 45 25 just
672 1368 22 13 as
710 1362 92 20 between
819 1363 36 20 the
862 1367 39 17 two
919 1364 52 19 sides

540 1389 21 17 of
576 1388 35 18 the
628 1387 87 21 Thames
731 1389 72 19 stands
823 1390 35 18 tho
888 1390 85 19 London

542 1414 81 25 Bridge.

1261 55 58 20 THE
1347 57 57 20 HOT
1430 59 93 20 LAKES
1551 59 169 25 CHRONICLE,
1749 64 121 20 WEDNEs,

1097 127 83 25 THE
1199 127 141 26 MAILS.

1038 192 146 20 ROTORUA
1197 194 74 19 POST
1291 194 115 20 OFFICE.

1076 241 69 19 Mails
1154 242 62 19 close
1225 248 26 13 as
1260 242 73 19 under
1342 249 29 12 :

1177 272 98 17 MoifDAY.

1005 300 47 19 For
1061 301 122 24 Tauranga
1191 303 25 17 at
1225 303 54 18 6.30
1287 308 52 13 a.m.

1028 338 12 9 „
1066 324 126 19 Auckland
1214 326 46 17 and
1276 326 162 19 intermediate

1064 348 84 23 offices,
1159 348 54 19 7.30
1223 354 51 13 a.m.

1173 380 102 17 Tuesday.

1004 408 47 20 For
1067 409 126 19 Auckland
1209 411 46 18 and
1276 411 162 19 intermediate

1067 432 85 23 offices,
1161 434 54 18 7.30
1223 439 51 14 a.m.

1027 470 12 7 „
1066 456 169 19 Rotomaßoad
1241 457 78 23 Camp,
1326 458 55 18 9.30
1386 463 51 14 a.m.

1026 493 13 8 „
1066 479 97 19 Galatea
1171 480 47 18 and
1232 480 135 23 Waiotapu,
1385 480 53 20 7.30

1067 507 54 18 p.m.

1026 539 13 8 „
1065 525 86 23 Taupo,
1169 526 122 22 Atiamuri,
1311 526 126 24 Wairakei,

1066 548 46 19 and
1122 548 91 25 Napier,
1225 548 54 19 7.30
1290 555 53 18 p.m.

1150 580 139 19 Wednesday.

1002 610 47 19 For
1059 611 126 19 Auckland
1206 612 46 18 and
1275 612 163 20 intermediate

1066 634 84 23 offices,
1162 634 54 19 7.30
1225 641 51 13 a.m.

1161 663 118 19 THURSDAY.

1002 693 47 19 For
1065 694 126 20 Auckland
1207 695 47 19 and
1276 695 162 20 intermediate

1065 717 85 23 offices,
1161 717 54 19 7.30
1224 723 52 14 a.m.

1025 754 12 8 „
1063 740 98 22 Matata,
1176 741 155 23 Pongakawa,
1350 742 86 24 Ohiwa,

1065 763 157 23 Whakatane,
1231 764 100 23 Opotiki,
1339 765 98 20 Maketu

1064 786 47 19 and
1120 787 30 18 Te
1160 787 71 22 Puke,
1242 787 54 19 7.30
1304 794 54 17 p.m.

1178 819 88 17 Fkiday.

1002 848 46 19 For
1056 849 129 23 Tauranga,
1195 850 55 18 6.30
1258 856 52 14 a.m.

1025 886 11 8 ~
1062 872 126 19 Auckland
1209 873 46 18 and
1276 874 161 19 intermediate

1064 895 84 23 offices,
1159 895 54 20 7.30
1221 901 52 14 a.m.

1023 932 13 10 ~
1063 919 85 24 Taupo,
1168 919 123 23 Atiamuri,
1310 921 46 18 and
1374 921 48 19 Wai-

1063 942 71 23 rakei,
1146 942 53 20 7.30
1208 948 54 18 p.m.

1161 974 116 18 Saturday.

1001 1004 46 19 For
1060 1005 97 23 Matata,
1173 1006 155 23 Pongakawa,
1347 1007 87 23 Ohiwa,

1063 1028 157 23 Whakatane,
1228 1030 101 22 Opotiki,
1338 1030 98 20 Maketu

1063 1052 47 19 and
1119 1052 31 20 Te
1159 1053 71 22 Puke,
1241 1052 54 20 7.30
1303 1058 54 18 p.m.

999 1112 54 17 THE
1065 1112 116 18 ENGLISH
1194 1113 67 17 MAIL
1275 1117 37 14 VIA
1330 1114 103 18 'FIUSCO.

1023 1166 80 18 Closes
1112 1166 110 23 Rotorua,
1232 1166 90 24 Friday,
1338 1167 61 23 Aug.
1413 1166 19 24 7,

999 1189 25 19 at
1033 1189 55 19 7.30
1096 1195 59 17 a.m.,
1166 1189 45 19 due
1227 1189 23 20 in
1260 1190 97 19 London
1369 1191 64 21 Sept.

999 1212 49 19 9th.

1029 1276 64 17 POST
1105 1276 94 17 OFFICE
1213 1276 188 19 REGULATIONS.

1021 1324 47 19 The
1078 1324 72 19 Office
1159 1324 19 19 is
1188 1330 60 17 open
1258 1325 35 18 for
1301 1326 41 18 the
1352 1326 49 18 sale
1411 1326 25 19 of

997 1348 97 22 stamps,
1105 1348 104 20 delivery
1224 1349 46 17 and
1283 1349 151 23 registration

998 1371 25 18 of
1029 1371 89 23 letters,
1129 1371 87 23 receipt
1232 1372 26 18 of
1269 1374 95 21 parcels,
1385 1373 45 23 &c,

997 1394 61 19 from
1067 1394 15 19 9
1091 1399 51 14 a.m.
1153 1395 25 18 to
1187 1395 15 18 5
1213 1400 54 18 p.m.

1021 1418 47 19 For
1084 1423 86 18 money
1187 1419 68 17 order
1270 1418 47 19 and
1335 1419 97 24 savings

996 1440 64 20 bank
1074 1441 114 22 business,
1204 1442 16 18 9
1234 1447 51 15 a.m.
1303 1443 26 17 to
1346 1443 15 18 4
1378 1448 53 18 p.m.

997 1464 136 24 Saturdays,
1144 1465 15 18 9
1168 1470 52 13 a.m.
1231 1465 25 18 to
1265 1466 14 17 5
1288 1471 54 17 p.m.

1020 1488 47 18 For
1075 1488 122 23 telegraph
1213 1488 113 21 business,
1342 1489 60 19 from
1418 1490 14 18 9

996 1516 52 14 a.m.
1058 1512 26 17 to
1093 1511 15 19 5
1119 1516 53 18 p.m.

1020 1535 99 22 Letters,
1131 1535 75 18 books
1223 1535 45 18 and
1281 1541 149 18 newspapers

995 1563 44 13 can
1043 1557 28 19 be
1077 1557 129 24 registered
1212 1559 25 18 to
1245 1564 46 18 any
1300 1560 53 22 part
1359 1561 26 16 of
1392 1560 39 18 the

995 1581 73 18 world
1077 1586 31 15 on
1117 1582 113 22 payment
1239 1586 24 14 oi
1279 1587 14 13 a
1306 1582 36 18 fee
1360 1583 27 18 of
1400 1583 31 18 3d

995 1603 23 20 in
1025 1604 106 18 addition
1138 1605 26 17 to
1168 1605 40 18 the
1214 1605 108 24 ordinary
1325 1607 104 22 postage.

1018 1628 48 18 The
1075 1627 72 19 Office
1155 1628 47 18 will
1209 1634 94 17 re-open
1312 1634 30 13 on
1351 1630 67 18 Satur-

995 1650 58 24 days
1063 1651 55 24 only
1128 1651 35 18 for
1176 1651 28 19 15
1219 1652 103 18 minutes
1338 1652 36 18 for
1390 1653 40 19 the

995 1674 103 24 delivery
1112 1674 26 18 of
1152 1674 82 19 letters
1248 1676 59 18 after
1322 1676 40 18 the
1376 1676 55 19 mail

995 1697 103 24 arriving
1107 1698 25 18 at
1141 1697 54 20 7.40
1204 1704 52 17 p.m.
1267 1698 20 19 is
1296 1699 86 18 sorted.

1143 1721 26 19 R.
1183 1721 27 19 D.
1229 1721 130 24 DANSEY,

1253 1745 152 18 Postmaster.

562 1475 67 18 Music,
639 1475 67 20 Music,
714 1476 61 18 Music
783 1475 46 21 :—A
839 1478 63 17 choice
917 1478 47 18 selec-

538 1498 40 17 tion
588 1498 20 17 of
622 1498 32 17 the
668 1498 57 17 latest
740 1505 63 17 songs,
818 1500 25 23 by
860 1501 46 17 such
922 1507 39 12 com-

538 1527 63 16 posers
623 1528 21 10 as
663 1521 80 19 Pinsuti,
764 1523 92 18 Berthold
870 1525 65 20 Tours,
952 1525 20 18 C.

538 1544 89 23 Godfrey,
639 1544 89 22 Sherwin,
739 1547 64 17 Banks
813 1547 77 21 Winter,
907 1548 66 23 Henry

538 1568 63 19 Klein,
610 1568 89 21 Juneker,
709 1568 107 23 Caracsioli,
828 1570 88 20 Brahatn,
926 1571 47 17 Ivan

538 1591 69 22 Caryll,
617 1592 74 21 Angela
704 1592 116 22 Bawlinson,
830 1593 65 23 Gratty,
910 1595 61 21 Birch,

538 1614 84 21 Barnett,
641 1614 115 22 Desommes,
776 1616 111 21 Offenbach,
905 1618 26 17 &c
940 1618 31 17 &c.

537 1638 44 17 Also
590 1638 87 20 Waltzes,
688 1638 93 23 Marches,
792 1640 97 20 Gavottes,
905 1641 55 17 Seren-

536 1661 50 20 ades,
605 1660 106 22 Bondcaus,
722 1662 38 17 and
779 1663 102 18 Overtures
894 1664 30 17 for
939 1664 33 18 the

536 1684 109 17 Pianoforte
653 1684 26 23 by
688 1685 77 23 Gung'l,
777 1686 99 21 D'Albert,
891 1687 80 22 Bossini,

536 1708 83 21 Stephen
648 1708 74 21 Glover,
747 1709 78 20 Ketten,
856 1710 113 21 Beethoven,

536 1730 88 22 Lardelli,
643 1731 122 17 Heunerboin
791 1733 93 17 Harrison
901 1733 63 18 White

536 1754 110 20 Peehotsch,
657 1754 77 22 Bonsor,
745 1755 26 18 &c
780 1756 32 17 &c.
838 1756 78 18 Francis
933 1757 37 18 and

535 1777 53 22 Days
607 1778 42 16 11th
668 1777 65 18 Comic
747 1779 82 20 Annual,
847 1780 62 17 words
933 1780 38 18 and

535 1801 60 17 music
608 1802 20 15 at
637 1801 117 17 OlluoxiCLE
764 1802 75 18 Office.*

561 1832 40 19 We
612 1834 53 17 must
675 1839 27 18 go
717 1833 52 19 from
787 1834 58 19 homo
865 1835 31 18 for
909 1841 60 13 news.

536 1858 26 19 At
575 1858 36 19 the
627 1860 89 24 meeting
730 1860 22 17 of
771 1860 34 19 the
820 1860 151 26 Philosophical

536 1884 96 19 Institute
642 1888 20 15 at
684 1886 77 24 Napier
778 1886 35 19 the
833 1887 58 18 other
910 1888 58 23 night

535 1914 87 15 extracts
631 1917 50 12 were
692 1917 20 14 re
720 1912 18 18 id
746 1912 52 19 from
806 1919 11 12 a
827 1914 143 24 geognphical

535 1937 71 18 reader
616 1937 67 18 issued
693 1938 40 18 this
743 1945 50 17 year
804 1938 25 24 by
840 1946 38 11 one
893 1940 21 18 of
936 1940 34 19 the

535 1962 83 26 leading
639 1964 82 18 London
744 1964 121 26 publishing
890 1966 78 24 houses,

535 1989 40 19 and
592 1989 96 19 intended
705 1992 21 17 to
743 1990 75 25 impart
840 1990 129 22 information

535 2016 64 18 about
609 2016 33 18 the
653 2016 80 19 various
750 2016 78 20 British
845 2018 88 19 colonies
949 2022 20 15 to

535 2041 34 19 the
585 2042 65 24 youth
675 2042 22 19 of
722 2043 36 19 the
775 2042 89 26 Empire.
893 2044 64 25 Sheep-

535 2068 85 18 farmers
638 2069 21 17 in
678 2075 37 12 our
745 2069 79 19 district
848 2070 56 24 (says
931 2070 35 19 the

536 2093 86 25 Herald)
642 2094 42 19 will
703 2095 25 19 be
745 2095 110 19 interested
872 2099 19 15 to
910 2096 59 19 know

534 2120 44 18 that
589 2120 57 18 there
656 2121 16 17 is
689 2121 53 19 little
752 2128 59 17 grass
830 2122 89 19 suitable
937 2123 32 19 for

534 2148 82 22 pasture
627 2146 21 18 in
658 2147 35 18 the
710 2147 67 19 North
794 2147 76 23 Island,
888 2148 37 19 but
943 2155 26 13 on

534 2173 34 17 the
578 2171 59 19 othor
647 2172 55 19 hand
711 2173 45 18 fern
776 2173 17 19 is
812 2174 97 24 plentiful
930 2175 39 18 and

534 2197 75 19 affords
623 2204 26 12 an
668 2199 99 19 excellent
781 2199 117 19 substitute.
926 2200 42 19 The

535 2224 52 19 book
594 2225 92 18 contains
696 2231 13 12 a
718 2225 77 25 picture
802 2226 22 18 of
830 2225 36 19 the
874 2225 94 20 Terraces

533 2250 42 19 aud
602 2256 12 13 a
632 2256 49 19 very
699 2251 125 25 npoeryphal
844 2255 84 15 account
947 2253 21 18 of

534 2276 53 19 their
614 2277 114 22 formation,
757 2278 54 18 from
839 2277 65 19 which
931 2284 37 13 one

535 2302 66 20 would
611 2303 73 24 gather
694 2303 44 18 that
759 2303 35 19 the
804 2303 94 20 Terraces
917 2310 51 13 were

534 2329 41 18 still
590 2329 34 18 the
644 2329 80 19 wonder
734 2330 21 18 of
776 2330 34 18 the
830 2330 135 19 tourist—ten

533 2361 59 19 years
617 2356 53 17 after
697 2356 53 17 their
782 2356 132 19 destruction.
950 2357 18 18 A

534 2381 86 18 number
635 2382 21 18 of
674 2382 59 17 other
747 2382 68 22 views,
827 2389 21 11 as
872 2382 56 19 fresh
946 2389 22 12 as

534 2407 48 24 they
601 2413 34 13 are
656 2408 128 24 interesting,
806 2408 45 19 load
882 2415 37 12 one
947 2411 21 16 to

534 2433 82 18 woud6r
635 2433 90 19 whether
743 2434 35 18 the
798 2436 58 17 other
881 2434 87 19 colonies

533 2465 34 12 are
584 2459 106 24 similiarly
710 2459 51 19 used
780 2466 21 12 as
812 2467 11 11 a
839 2460 129 25 playground

533 2486 31 17 for
575 2485 34 18 the
619 2485 114 25 compiler's
742 2486 142 24 imagination.

559 2519 34 19 Mr
602 2519 64 25 Lang,
675 2519 91 19 member
772 2520 32 18 for
811 2520 75 25 Waipa
896 2521 58 24 speak-

533 2547 36 23 ing
578 2547 21 17 in
609 2547 35 17 the
655 2546 62 18 house
737 2546 34 18 the
792 2547 58 18 other
867 2547 59 24 night
947 2548 20 19 in

533 2573 101 17 reference
651 2575 20 15 to
687 2572 34 18 the
736 2572 155 22 £so,Uootobe
910 2577 58 20 spent

532 2598 21 19 in
577 2598 122 26 developing
719 2599 34 18 the
772 2598 88 20 thermal
886 2599 80 26 spring*

532 2624 41 19 and
590 2630 82 18 scenery
688 2625 21 18 of
723 2625 35 18 the
768 2624 83 25 Colony,
865 2625 43 19 said
917 2624 4 25 :
956 2626 11 19 I

533 2650 66 23 think,
611 2650 16 19 if
644 2656 28 12 we
680 2657 51 12 were
741 2650 57 25 quite
808 2657 46 12 suii>
873 2651 44 19 that
927 2651 39 20 this

533 2683 71 17 money
630 2676 67 19 would
715 2676 26 19 be
768 2676 45 19 well
832 2680 64 22 spent,
926 2678 41 19 this

533 2703 66 18 would
610 2702 24 19 be
645 2709 12 12 a
675 2709 48 17 very
743 2702 53 24 good
807 2703 53 18 loan.
891 2704 37 19 We
939 2704 27 19 all

532 2728 60 19 know
602 2728 54 19 what
669 2728 34 19 the
714 2728 82 19 tourists
804 2729 51 18 have
874 2729 52 20 done
935 2730 32 19 for

531 2754 134 19 Switzerland
674 2754 40 19 aud
724 2754 59 19 other
789 2757 56 23 parts
855 2756 21 17 of
886 2756 80 25 Europe

531 2781 61 18 —the
608 2781 55 24 large
683 2785 83 14 amount
786 2781 21 18 of
825 2788 71 18 money
918 2782 48 24 they

531 2806 56 19 leave
599 2808 19 17 in
632 2808 57 17 those
699 2806 79 26 places;
794 2807 38 18 and
843 2814 51 17 now,
916 2808 48 19 with

531 2833 33 18 the
575 2833 167 18 communication
760 2833 45 18 that
825 2840 28 11 wo
865 2833 51 19 have
926 2834 24 19 be-

531 2862 64 16 tween
611 2860 51 18 New
684 2858 91 20 Zealand
794 2859 40 19 and
864 2860 97 24 England,

531 2886 71 24 people
609 2884 59 19 think
674 2891 48 18 very
733 2884 52 19 little
797 2891 53 13 more
859 2886 21 18 of
890 2886 64 18 travel-

529 2911 45 25 ling
583 2914 21 16 to
615 2911 50 19 New
684 2911 89 19 Zealand
793 2911 49 19 than
862 2911 48 24 they
929 2912 35 19 did

529 2944 59 17 years
602 2944 39 17 ago
656 2937 21 19 of
693 2937 63 25 going
766 2939 21 16 to
797 2937 35 19 the
848 2937 115 19 Continent.

529 2963 63 23 Then,
606 2963 37 22 Sir,
655 2963 57 19 these
721 2963 71 24 people
809 2963 80 25 coming
900 2966 19 16 to
928 2964 33 18 the

529 2989 78 24 Colony
616 2989 67 19 would
692 2989 25 19 do
728 2996 10 11 a
745 2991 59 22 great
815 2989 45 19 deal
877 2990 21 18 of
909 2990 52 24 good

529 3016 21 18 in
560 3015 58 19 other
627 3018 93 22 respects.
729 3015 57 24 They
799 3015 66 19 would
876 3015 46 25 help
942 3018 21 16 to

529 3041 101 20 advertise
649 3041 21 23 it,
691 3041 38 19 and
747 3041 49 24 they
807 3041 67 19 would
884 3041 25 18 bo
928 3041 35 19 the

529 3074 70 12 means
614 3067 21 19 of
651 3067 98 25 bringing
761 3074 12 11 a
792 3070 51 16 most
862 3067 100 19 desirable

528 3093 52 19 class
590 3094 22 18 of
622 3093 70 19 settler
702 3095 20 17 to
742 3099 36 13 our
793 3093 169 25 shores—people

529 3120 44 18 who
593 3119 67 19 would
679 3119 47 18 take
744 3126 26 18 up
790 3119 171 19 moderate-sized

528 3146 66 25 pieces
604 3146 21 18 of
634 3145 54 23 laud,
698 3145 40 19 and
748 3145 81 25 employ
839 3152 11 11 a
860 3145 90 19 consider-

528 3172 47 18 able
585 3174 83 16 amount
679 3172 21 18 of

530 3246 43 44 IF
587 3244 60 20 YOU
668 3244 57 19 ARE
747 3244 66 19 SICK
829 3244 20 19 in
863 3250 40 19 any
919 3251 45 18 way

583 3271 103 19 whatever
700 3270 50 19 send
766 3277 12 11 a
794 3270 93 25 stamped
904 3277 48 12 enve-

529 3298 46 25 lope
584 3300 21 16 to
615 3303 37 13 our
662 3297 88 24 Agency,
762 3296 138 25 Wellington;
912 3298 51 17 state

529 3325 34 18 the
573 3330 45 13 ease
628 3329 22 13 as
666 3322 99 25 minutely
773 3328 22 13 as
814 3321 89 26 possible
923 3322 41 19 and

529 3357 40 18 you
585 3349 77 19 receive
680 3348 69 19 advice
768 3348 28 24 by
821 3350 70 16 return
910 3352 52 21 post.

529 3377 42 19 Our
580 3379 73 22 agents
667 3380 34 13 are
712 3374 28 18 all
749 3373 104 26 qunlified.
887 3373 21 19 If
922 3380 41 18 you

529 3402 79 20 enclose
617 3403 22 17 2s
656 3401 25 18 6d
699 3406 28 12 wo
745 3399 41 20 will
803 3399 50 19 send
867 3406 41 18 you
926 3406 38 12 our

529 3429 45 18 best
582 3427 83 24 remedy
674 3427 32 18 for
716 3425 34 19 the
766 3432 45 12 case
829 3425 80 25 lasting
922 3432 41 18 you

529 3458 39 16 two
590 3453 74 19 weeks.
702 3452 45 20 You
766 3458 48 12 save
832 3458 74 18 money
924 3451 40 19 and

529 3479 85 20 doctors'
625 3479 53 19 bills.
705 3477 49 20 You
763 3478 77 19 receive
858 3477 70 19 advice
938 3483 25 13 on

529 3506 28 19 all
566 3506 73 25 points,
651 3504 41 19 and
702 3504 34 19 the
745 3506 71 22 purest
827 3503 21 18 of
865 3503 98 19 remedies

529 3537 51 18 sent,
588 3535 22 16 at
618 3537 25 13 no
650 3533 57 16 extra
714 3532 42 17 cost
766 3530 50 18 than
824 3529 17 18 if
848 3528 115 26 personally

529 3557 86 26 bought,
623 3557 27 24 by
658 3556 63 25 doing
727 3561 51 19 your
783 3555 93 18 business
884 3554 47 19 with
940 3561 24 12 us

529 3584 27 25 by
566 3585 52 24 post.
646 3582 85 20 Consult
745 3584 19 16 at
774 3587 55 12 once.
863 3580 100 19 Ailments

529 3610 65 19 which
606 3616 40 16 are,
656 3611 21 17 at
684 3609 36 18 the
729 3608 49 19 time
794 3606 90 25 thought
900 3609 21 16 to
939 3606 25 19 be

529 3636 59 26 light,
600 3642 34 13 are
643 3635 56 19 often
709 3634 34 19 the
754 3632 114 26 beginning
877 3632 22 19 of
914 3632 40 19 seri-

529 3669 35 13 ous
575 3667 153 18 consequences,
740 3659 66 22 which
826 3658 16 19 if
861 3658 61 19 taken
942 3658 21 20 in

529 3688 47 19 time
587 3694 34 13 aro
630 3686 88 20 cheeked
728 3685 41 20 and
778 3684 68 20 cured.

529 3724 169 23 OKEATFORD
713 3722 161 22 BOTANICAL
893 3721 67 24 COY.,

634 3763 149 21 Wellington,
795 3761 40 19 and
846 3763 20 17 at

552 3791 82 23 Sydney,
644 3789 117 18 Melbourne,
772 3787 50 23 Cape
829 3787 64 18 Town,
903 3786 37 18 and

651 3811 85 21 Lincoln,
749 3810 97 23 England.

1042 1797 104 40 MEN'S
1177 1797 199 42 TAILORING,

993 1895 22 21 O
1053 1900 56 23 large
1119 1900 81 24 portion
1210 1900 22 19 of
1241 1900 33 19 the
1285 1901 55 18 stock
1355 1902 22 19 of
1394 1902 34 18 the

992 1925 41 19 late
1046 1925 28 19 H.
1086 1925 33 20 W.
1129 1926 122 24 Neighbour
1262 1927 24 18 lie
1297 1927 15 19 is
1330 1928 97 24 prepared

992 1954 20 16 to
1023 1952 47 24 give
1081 1952 31 18 his
1121 1956 111 15 customers
1242 1953 34 18 the
1292 1952 37 19 full
1352 1953 75 20 benefit

992 1978 21 18 of
1022 1978 35 18 the
1067 1978 38 18 low
1113 1978 54 25 price
1178 1981 21 16 at
1208 1978 64 19 which
1280 1979 24 19 he
1313 1980 113 24 purchased

992 2003 34 19 the
1036 2010 62 13 same.

1064 2029 71 19 CALL
1149 2030 59 19 AND
1227 2030 124 20 INSPECT.

1017 2055 118 20 First-class
1151 2057 149 25 workmanship
1320 2058 39 18 and
1380 2064 35 19 per-

991 2082 40 18 fect
1041 2082 23 18 lit
1074 2082 131 25 guaranteed.

1182 2109 54 18 Al--o

991 2133 132 23 Selling-ofF
1133 2134 52 18 Sale
1195 2134 26 18 of
1225 2135 105 23 Drapery
1339 2135 84 20 Goods.

1020 2156 66 19 Prior
1095 2157 24 18 to
1129 2157 98 23 visiting
1237 2158 125 19 Auckland
1370 2159 26 18 to

1072 2185 100 18 procure
1181 2180 64 19 fresh
1260 2182 80 18 Stock.

1013 2211 148 23 Everything
1168 2212 101 19 lowered
1278 2213 25 18 to

1066 2234 155 21 BED-ROCK
1241 2236 112 19 PRICES.

1058 2286 78 27 JOB
1175 2288 181 31 CORBAN,

1108 2320 206 17 OHIXEMUTU.

582 3877 30 43 J,
642 3875 35 42 M
680 3873 17 26 C
699 3871 204 48 ARTMUR,

528 3930 205 30 ACCOUNTANT
745 3929 61 27 AND
822 3927 139 28 GENERAL

687 3969 110 27 AGENT.

549 4034 129 21 Tradesmen's
688 4033 62 17 Books
764 4032 52 22 kept,
834 4030 91 18 balanced
942 4035 21 12 or

528 4059 82 19 audited.

551 4082 94 19 Accounts
660 4080 55 18 niado
731 4079 34 18 out
781 4078 39 18 and
835 4078 90 17 collected
939 4081 24 12 on

528 4105 124 20 commission.

538 4139 116 20 Temporary
660 4134 84 19 address:
759 4134 118 17 CnRONICLE
886 4131 64 18 Office.

1463 703 239 56 Supplied
1726 704 131 56 Regu-

1537 849 130 56 larly
1688 850 130 45 from

1535 1173 278 38 OFFice.

1507 1274 194 33 Canterbury
1733 1275 109 31 Times,

1501 1322 220 25 Christenurch
1752 1322 95 31 Press,

1515 1374 70 24 New
1598 1373 135 26 Zealand
1758 1372 76 32 Mali,

1547 1429 111 32 Family
1673 1429 127 30 Reader,

1472 1476 106 32 Young
1601 1475 116 26 Ladies'
1738 1476 135 31 Journal,

1524 1523 90 25 Black
1639 1523 60 25 and
1715 1522 107 31 White,

1455 1572 172 27 Illustrated
1650 1572 125 26 London
1793 1572 95 31 News,

1453 1622 63 25 The
1536 1623 116 29 Album,
1686 1622 64 25 The
1764 1622 123 30 Sketch,

1532 1672 121 33 Sydney
1674 1672 135 30 Bulletin,

1587 1739 12 11 „
1703 1719 75 30 Mail,

1507 1767 90 25 Town
1610 1766 60 26 and
1687 1766 143 32 Country,

1560 1812 218 30 Australasian,

1607 1859 133 30 Referee,

1451 1909 230 32 Cosmopolitan
1719 1908 165 32 Magazine,

1551 1959 112 26 Strand
1771 1978 13 11 „

1529 2006 139 26 Windsor
1771 2026 12 9 „

1530 2052 138 32 Ludgate
1771 2072 12 10 „

1502 2099 116 25 Review
1641 2098 32 26 of
1693 2098 140 30 Reviews,

1516 2150 125 25 Woman
1662 2152 32 23 at
1711 2150 105 30 Home,

1448 2199 151 26 Weldon's
1612 2199 128 26 Fashion
1756 2199 125 26 Journal

1482 2249 129 30 Senild's
1626 2249 128 25 Fashion
1803 2268 13 11 „

1494 2298 181 32 Something
1696 2300 33 23 to
1746 2298 92 31 Read,

1448 2348 182 33 Snapshots,
1654 2348 148 30 Answers,
1822 2347 45 26 Tit-

1529 2399 66 29 bits,
1609 2398 123 32 Scraps,
1754 2398 51 25 &c.

1448 2449 64 25 And
1528 2448 36 27 all
1583 2448 96 26 Home
1696 2448 60 25 and
1773 2448 90 25 Colon-

1465 2498 35 26 ial
1517 2498 113 32 Papers
1644 2498 23 24 &
1681 2497 182 32 Magazines.

1613 2669 99 22 TH9

1032 2384 117 32 MISS
1180 2384 210 38 FRENCH,

1005 2443 268 28 ANGLO-PARISIAN
1304 2445 91 27 DRESS-

1151 2493 113 27 MAKER.

1090 2550 66 22 (Late
1166 2551 26 17 of
1199 2551 123 22 Dunedin.)

989 2598 92 43 I)EGS
1095 2600 21 17 to
1126 2598 93 19 intimate
1231 2601 21 17 to
1271 2599 33 20 the
1319 2599 65 20 Indies
1403 2601 21 18 of

1013 2621 14 20 )
1057 2624 92 19 llotorua
1173 2625 46 19 that
1238 2625 35 19 she
1292 2625 36 20 has
1347 2627 77 18 started

989 2650 94 19 business
1105 2651 23 18 in
1152 2651 156 25 Fenton-street,
1333 2652 91 26 opposite

989 2676 34 18 the
1034 2676 70 18 Grand
1118 2677 68 17 Hotel.

1095 2737 222 19 MASSAGE.

1102 2784 116 19 FRASER.
1230 2784 96 25 qualified
1343 2785 78 19 Ameri-

990 2808 48 18 J-UL
1066 2815 39 14 can
1124 2811 112 23 Masseuse,
1256 2808 11 27 i
1278 2808 11 27 6
1300 2808 121 27 permanently

988 2835 77 20 located
1082 2836 21 18 iu
1120 2836 97 19 Rotorua.
1257 2836 39 19 She
1323 2836 36 19 has
1383 2837 38 19 had

987 2862 138 19 considerable
1140 2863 118 20 experience
1269 2862 20 19 in
1306 2864 34 17 the
1360 2865 52 17 treat-

988 2891 56 15 ment
1063 2888 21 19 of
1101 2888 64 20 ladies
1176 2888 38 19 and
1225 2888 114 25 gentlemen
1351 2888 60 21 suffer-

989 2913 35 25 ing
1034 2914 51 19 from
1106 2914 89 24 Sci.itica,
1214 2914 148 24 Rheumatism,
1375 2916 47 18 Stiff

987 2938 73 25 Joints,
1083 2939 115 27 Dyspepsia
1217 2941 41 18 and
1275 2940 28 19 all
1321 2942 62 18 forms
1402 2942 20 18 of

987 2964 93 20 Nervous
1098 2966 113 19 Disorders.

1036 3000 95 18 Adduess
1141 3000 4 20 :
1161 3001 98 19 GRAND
1273 3001 98 19 HOTEL.

1092 3192 207 20 UNDERSIGNED
1328 3193 51 25 begs
1397 3196 22 16 to

996 3212 17 24 1
1054 3217 51 19 offer
1115 3218 101 20 Nuhseuy
1226 3220 65 18 Stock
1301 3220 21 18 of
1331 3219 27 19 all
1373 3220 35 18 des-

986 3243 101 25 criptions,
1108 3244 58 18 seeds
1186 3245 40 19 and
1246 3245 54 26 appli
1308 3245 98 19 inces—in-

986 3269 82 25 cluding
1079 3269 50 19 New
1139 3270 91 19 Zealand
1244 3271 66 23 Trees,
1331 3271 85 23 Shrubs,

986 3294 77 22 Plants,
1082 3295 51 19 Tree
1144 3296 68 22 Ferns,
1230 3297 69 23 Ferns,
1319 3298 40 22 &c,
1376 3299 42 21 Ac,

987 3320 76 25 packed
1073 3321 21 19 in
1105 3322 56 18 wood
1174 3321 40 20 find
1227 3329 74 13 canvas
1315 3330 56 12 cases
1388 3323 31 19 for

986 3346 33 19 the
1027 3346 98 25 Colonies,
1138 3347 40 19 and
1189 3348 21 18 in

986 3372 30 18 for
1039 3372 77 20 distant
1138 3374 108 19 countries.
1286 3374 69 19 Medal
1378 3375 40 19 and

989 3398 92 24 Diploma
1091 3399 91 20 received
1192 3400 31 19 for
1235 3400 72 24 plants,
1319 3401 40 23 &c,
1370 3403 49 17 thus

986 3426 43 16 sent
1039 3426 20 16 to
1071 3425 35 18 the
1230 3426 125 23 Exhibition,
1364 3427 55 18 Lon»

986 3450 44 22 don,
1284 3452 21 19 in
1311 3452 107 20 Auckland

986 3477 23 16 35
1019 3482 66 18 years.

1063 3511 38 31 C.
1118 3511 43 33 T,
1178 3511 160 38 WHEN,

986 3559 37 18 M/r.
1033 3559 105 18 HOBSON
1145 3560 128 21 NURSERY,
1282 3561 134 21 REMUERA.

1110 3591 121 23 Auckland,
1244 3592 50 19 N.Z.

1005 3658 54 46 G.
1097 3658 298 47 BURTON'S

987 3740 220 25 PIONEER
1250 3742 166 25 STORE,

1064 3787 102 25 Opposite
1181 3787 73 20 Palace
1270 3786 68 21 Hotel.

985 3837 137 25 GROCERY,

1025 3869 138 19 OILMEN'S
1178 3867 111 25 STORES,

1066 3898 219 23 IRONMONGERY,

1118 3928 251 24 CROCKERYWARE,

1171 3963 142 24 DRAPERY,
1331 3964 42 22 &c,
1383 3964 34 18 &c-

1014 3998 15 15 A.
1046 3994 149 20 well-assorted
1213 3993 57 20 ntoek
1287 3994 20 18 in
1324 3993 27 19 all
1367 3993 51 20 lines

986 4021 20 19 of
1016 4020 35 20 the
1059 4020 63 20 above
1132 4023 21 16 at
1163 4020 72 19 lowest
1246 4026 69 17 prices.

986 4056 49 20 New
1047 4055 87 20 Zealnnd
1143 4055 64 25 Dairy
1216 4053 146 20 AoeociationV
1369 4054 36 19 Fac-

1021 4084 46 21 tory
1079 4081 74 19 Butter
1164 4080 54 20 fresh
1228 4080 58 19 twice
1297 4080 81 24 weekly.

1061 4125 51 19 New
1122 4124 51 20 Laid
1183 4124 61 23 Eggs,
1254 4124 42 23 <fcc,
1308 4124 34 19 &c.

1448 2749 243 43 MASTERPIECE
1712 2749 164 40 LIBRARY.

1445 2852 143 33 Popular
1601 2852 128 31 Novels,

1478 2939 65 26 The
1557 2939 115 33 Penny
1684 2939 107 31 Poets,

1511 3030 109 25 Books
1630 3029 50 26 for
1685 3029 54 26 the
1751 3029 125 28 Bairns,

1442 3201 204 46 Mewnes'
1677 3201 198 46 Famous

1581 3287 162 46 Books.

1477 3480 165 43 BROADER
1681 3480 154 41 BRITAIN,

1441 3582 30 26 A
1500 3581 177 27 Collection
1701 3581 35 26 of
1758 3581 99 26 Photo-

1507 3650 133 33 graphic
1655 3649 109 27 Views
1778 3648 35 26 of

1557 3718 54 26 the
1634 3717 122 27 World.

1906 658 107 77 dfsad

1900 3099 16 15 A
1934 3097 112 17 MEMBER
2065 3096 33 17 OF
2119 3095 53 18 THE
2193 3095 87 18 HOUSE
2302 3095 31 18 OF

1989 3118 251 19 REPRESENTATIVES.

1923 3161 95 22 Speaking
2032 3166 24 11 on
2071 3160 31 17 the
2116 3159 106 22 Pharmacy
2235 3158 37 17 Bill
2286 3158 46 20 said,

1900 3207 69 22 during
1978 3207 32 17 the
2027 3207 37 16 lust
2081 3207 33 15 100
2129 3211 53 17 years
2197 3205 47 17 than
2258 3205 43 16 that
2314 3204 19 17 of

2019 3235 21 12 or
2048 3229 62 17 words
2119 3230 19 16 to
2147 3228 44 17 that
2203 3228 58 17 effect.
2295 3227 38 17 The

1899 3254 80 17 M.H.R.
1995 3252 57 23 spoke
2065 3252 82 17 without
2159 3251 96 22 thinking,
2272 3256 21 12 or
2310 3250 23 17 he

1900 3276 62 18 would
1975 3278 35 15 not
2026 3276 48 16 have
2090 3275 54 17 made
2161 3274 45 17 sueh
2223 3280 23 10 an
2264 3273 69 17 absurd

1899 3300 107 16 statement.
2031 3299 31 16 He
2071 3297 96 23 evidently
2180 3297 55 17 knew
2251 3296 82 22 nothing

1899 3323 19 17 of
1926 3323 33 18 the
1968 3328 41 11 new
2018 3321 76 20 remedy
2102 3320 73 18 termed

2039 3344 154 17 NEUHOL

1899 3367 60 17 which
1968 3367 21 19 is,
1994 3366 19 17 in
2017 3366 117 22 comparison
2140 3365 45 17 with
2192 3363 89 18 remedies
2287 3363 46 18 used

1898 3396 45 11 even
1952 3391 23 16 25
1984 3395 53 17 years
2045 3395 43 16 ago,
2099 3395 20 10 as
2126 3388 50 22 light
2184 3389 21 15 to
2213 3387 95 17 darkness.

2037 3417 155 17 NEUROL

1898 3440 14 17 is
1921 3446 11 11 a
1945 3439 129 22 scientifically
2091 3438 91 23 prepared
2199 3436 96 20 medicine,
2312 3436 20 17 in

1898 3463 32 17 the
1938 3463 50 17 form
1996 3462 21 17 of
2024 3461 92 23 powders.
2142 3461 19 16 It
2167 3461 15 16 is
2191 3461 33 15 not
2237 3459 84 23 disagree-

1898 3486 40 18 able
1946 3482 4 24 ;
1964 3485 16 17 it
1987 3485 16 17 is
2012 3486 34 16 not
2053 3484 101 22 expensive
2161 3482 4 24 ;
2179 3483 16 17 it
2203 3483 33 17 lies
2244 3483 20 16 in
2277 3482 55 17 small

1898 3515 84 16 compass
1989 3505 4 26 ;
2007 3508 17 17 it
2031 3507 86 18 contains
2125 3513 24 10 no
2158 3506 70 23 opium,
2246 3505 86 22 morphia

1897 3538 22 11 or
1932 3530 117 23 antipyrino;
2068 3530 16 18 it
2101 3530 39 16 will
2156 3530 35 16 not
2206 3534 43 12 cure
2265 3534 55 16 every-

1897 3555 56 20 thing
1961 3555 35 16 but
2011 3554 16 17 it
2039 3553 16 18 is
2069 3553 83 17 effective
2166 3553 19 16 in
2199 3552 26 17 all
2238 3557 50 12 cases
2302 3551 30 17 for

1898 3578 60 17 which
1967 3577 16 17 it
1991 3577 15 17 is
2018 3575 149 18 recommended,

2037 3604 155 17 NEUROL

1898 3626 37 17 will
1944 3626 67 17 relieve
2020 3631 54 16 every
2084 3626 49 16 form
2151 3625 20 17 of
2187 3624 94 17 headache
2297 3624 35 16 not

1898 3650 66 17 caused
1973 3650 26 21 by
2006 3649 54 17 brain
2071 3649 76 16 disease.

2037 3676 154 18 NEUROL

1897 3710 52 12 cures
1970 3704 98 22 neuralgia
2088 3704 20 16 of
2124 3703 32 17 the
2173 3703 40 16 face
2229 3702 37 17 and
2283 3701 48 17 head

1898 3734 50 11 more
1957 3727 96 23 promptly
2062 3726 47 17 than
2118 3725 83 23 quinine.

1920 3751 34 16 LA
1959 3749 102 20 GRIPPE,
2071 3755 20 10 or
2097 3748 151 17 INFLUENZA
2253 3748 48 17 loses
2307 3747 23 17 its

1898 3776 68 15 terrors
1975 3773 14 16 if
1998 3772 107 17 NEUROL
2114 3772 14 16 is
2137 3771 57 17 taken
2205 3772 19 16 at
2232 3771 32 17 the
2279 3776 39 12 com-

1898 3796 115 17 mencement
2022 3795 20 17 of
2050 3795 33 16 the
2091 3794 70 18 attack.

1921 3818 87 19 COLDS.
2048 3816 141 20 CATARRHS,
2224 3816 104 19 FEVERS,

1898 3840 174 19 RHEUMATISM
2097 3845 31 11 aro
2154 3839 26 17 all
2201 3838 80 18 relieved
2305 3839 25 22 by

1898 3863 112 19 NEUROL.

1921 3887 37 17 For
1978 3891 72 12 women
2070 3885 107 18 NEUROL
2193 3885 16 17 is
2227 3884 103 23 peculiarly

1898 3910 85 19 suitable,
1992 3909 16 16 it
2017 3914 52 11 euros
2078 3908 26 17 all
2118 3908 74 22 painful
2206 3913 73 17 cramps
2293 3907 37 17 and

1898 3933 53 18 other
1959 3932 60 22 pains.

1920 3955 63 21 Every
2003 3954 64 20 miner,
2088 3953 94 17 bushman
2207 3953 38 17 and
2266 3953 65 17 settlor

1898 3977 66 19 should
1973 3983 71 16 possess
2053 3982 11 11 a
2072 3976 39 17 box
2120 3977 20 16 of
2148 3976 112 17 NEUROL.
2288 3976 19 17 It
2315 3976 15 16 is

1898 4007 11 10 a
1917 4000 91 17 medicine
2017 4000 52 17 chest
2078 3999 19 17 in
2105 3999 55 17 small
2169 4004 90 17 compass.

1921 4023 45 17 Sold
1974 4023 26 22 by
2008 4022 26 17 all
2042 4022 127 21 storekeepers
2182 4021 38 17 and
2236 4021 93 20 chemists,

1898 4047 19 16 2b
1926 4052 33 16 per
1967 4045 44 19 box,
2020 4050 21 12 or
2049 4046 44 20 post
2107 4044 39 17 freo
2163 4044 48 17 from
2224 4043 107 18 NEUROL

1898 4069 40 19 Co.,
1949 4067 104 20 Auckland,
2064 4068 20 17 2s
2095 4067 28 16 Id.

1921 4090 104 18 Whoiesalo
2034 4090 49 17 from
2091 4089 131 24 Koruplhorne
2230 4089 37 17 and
2274 4089 45 17 Pros-

1898 4120 34 12 ser,
1942 4120 22 11 or
1973 4113 92 17 Sharland
2074 4112 38 17 and
2120 4113 33 17 Co.

954 4219 99 43 Ask
1080 4218 72 39 for
1177 4213 263 46 Hancock's
1468 4209 275 45 Celebrate!
1790 4200 186 45 XXXX
2014 4198 112 40 Ales
2157 4200 94 38 and
2276 4198 146 40 Stout.

2693 214 108 114 m

1462 537 203 42 SOMETHING
1698 539 45 42 TO
1778 540 116 42 READ!

2119 430 481 49 cro-crißasrJk.L.

1918 536 305 76 Resorts
2270 549 81 67 of
2385 550 127 70 the
2558 553 247 75 World

1905 793 429 66 PEYSER
2409 805 369 67 HOUSE

2088 993 36 19 Six
2135 995 57 19 miles
2201 996 52 20 from
2263 997 57 20 Lake
2330 999 71 26 Taupo
2412 1000 101 26 (Rotorua
2522 1004 59 22 side.l

2190 1046 335 36 ROTORUK

1918 1089 151 46 COAL
2091 1089 124 46 AND
2239 1090 320 46 FIREWOOD
2594 1091 205 47 DEPOT.

2122 1181 32 27 F.
2173 1180 196 27 GOODSON
2390 1180 30 26 &
2442 1181 32 26 C.
2495 1180 228 27 GRIFFITHS
2742 1181 59 32 beg

1916 1206 59 38 l®\
2053 1213 107 33 notify
2172 1214 55 25 the
2241 1213 172 26 Residents
2425 1214 35 25 of
2472 1214 143 26 Rotorua
2634 1214 71 26 that
2723 1214 78 32 they

1915 1253 54 19 are
1978 1252 73 20 now
2063 1247 156 32 prepared
2227 1247 32 25 to
2270 1246 119 26 deliver
2399 1249 32 23 to
2441 1253 64 26 any
2514 1248 71 31 part
2599 1246 35 26 of
2642 1247 54 25 the
2705 1247 96 26 Town

1997 1287 105 33 THE
2126 1288 125 32 BEST
2276 1287 287 34 HOUSEHOLD
2585 1288 126 37 COAL,

2296 1330 127 23 HLSO

1947 1364 28 19 ■q
1997 1364 16 17 X
2027 1364 33 13 w
2079 1364 15 19 jc
2133 1364 68 14 vw
2210 1364 29 14 ri
2263 1364 64 14 mif
2342 1364 47 13 w
2406 1365 16 11 v
2453 1364 31 15 vrr
2494 1364 54 14 yv>
2563 1364 30 19 •£*
2603 1363 47 20 vyr
2660 1364 24 15 r\
2693 1364 25 14 r\
2728 1364 28 14 v\

1947 1376 73 19 J3.J&.
2034 1378 19 17 jl
2069 1378 33 17 jx
2125 1371 114 24 Aahju
2269 1377 111 19 jlaxx
2396 1371 33 25 A
2453 1380 20 16 jc
2494 1379 18 17 a.
2521 1378 32 18 jc\
2563 1373 31 23 jcU
2611 1378 30 18 xx
2660 1379 24 16 u
2693 1379 25 17 u
2728 1378 39 22 ju,

1914 1405 45 25 At
1971 1404 53 26 the
2043 1405 172 25 LOWEST
2229 1405 200 26 CURRENT
2441 1405 134 26 RATES
2590 1407 32 24 at
2634 1405 54 26 the
2698 1406 85 25 short-

2272 1439 48 24 est
2338 1438 113 25 notice.

1939 1494 83 23 Goods
2040 1494 133 23 delivered
2188 1494 67 23 with
2276 1496 163 28 promptness
2455 1496 27 21 to
2505 1494 35 23 all
2557 1496 71 28 parts
2643 1495 27 22 of
2684 1494 45 23 the
2745 1494 40 23 Dif:

1911 1521 64 22 triet
1984 1520 68 23 after
2061 1520 97 23 arrival
2169 1521 27 22 of
2203 1521 84 22 trains

2109 1554 92 23 Orders
2221 1561 62 23 may
2298 1555 31 23 be
2346 1555 50 23 left
2411 1556 26 22 at
2450 1555 45 23 the
2512 1555 90 27 Yards,

1997 1590 388 35 PUKUKTUK
2423 1590 292 35 STREET.

1914 1666 866 56 HiTiTiPTiIMMiM^TTISnTE

1931 1736 122 19 AGENTS
2067 1736 61 18 FOR
2137 1736 61 18 THE
2207 1736 51 19 N.Z.
2270 1736 137 19 EXPRESS
2421 1736 39 19 Co.

1909 1785 262 46 Auckland
2193 1785 98 45 and
2316 1785 229 45 Waikato
2574 1785 213 57 Agency,

2150 1849 84 19 NEAR
2252 1849 152 19 CATHOLIC
2418 1849 134 20 CHURCH.

2237 1896 230 33 ROTORUA.

2177 2000 97 35 ON
2309 2001 214 34 SKL6:

2060 2045 55 20 (KT
2128 2046 72 16 TH6
2215 2045 147 17 LOMSST
2375 2045 101 16 CHSH
2491 2044 150 21 PRICSS.)

1907 2083 139 31 FRUIT,
2319 2081 245 29 GROCERIES,

1974 2123 222 28 CLOTHING.
2431 2122 215 32 DRAPERY,

2074 2165 144 26 FANCY
2237 2164 144 29 GOODS,
2584 2164 66 32 &c.j

2300 2206 94 17 HLSO

2072 2236 258 26 HOUSEHOLD
2366 2235 258 27 FURNITURE.

2110 2321 61 56 S.
2220 2323 44 52 D
2293 2323 46 52 A
2370 2323 47 52 N
2446 2321 44 52 D
2514 2320 71 65 O,

1962 2392 467 37 CO7V£7vnSSION
2476 2392 259 36 HC6NT.

1948 2447 293 65 77FX13zl

2469 2447 226 65 niiiaT

2004 2526 167 37 QUEEN
2198 2526 203 35 STREET,
2420 2525 273 32 AUCKLAND,

2132 2566 107 19 UNDER
2252 2566 75 18 NEW
2340 2565 225 19 MANAGEMENT.

2121 2597 454 63 JOSEPjOTeRJIE,

2030 2677 61 19 fLate
2101 2677 22 19 of
2132 2677 34 19 the
2176 2677 57 18 Lake
2243 2677 71 18 House
2329 2676 40 19 and
2383 2676 74 19 Palace
2468 2676 78 22 Hotels,
2557 2676 108 24 Rotorua,)

2150 2708 49 18 Has
2205 2709 51 22 just
2265 2708 72 18 taken
2349 2713 55 13 over
2413 2707 47 18 this
2469 2707 76 18 Hotel.

1902 2732 129 19 Travellers
2039 2732 49 19 will
2096 2731 48 20 And
2153 2737 70 18 every
2231 2731 98 18 Modern
2338 2730 160 19 Convenience
2508 2730 121 18 combined
2634 2730 59 19 with
2698 2730 94 24 Civility

2208 2754 46 19 and
2260 2754 96 23 Prompt
2363 2754 124 19 attention.

1928 2801 43 19 The
1983 2800 98 18 situation
2091 2801 22 17 of
2128 2800 35 19 the
2178 2800 125 18 Waveulky
2322 2799 81 19 renders
2423 2799 16 18 it
2458 2798 96 26 specially
2573 2799 120 18 convenient
2709 2799 33 18 for
2758 2799 33 18 the

1903 2827 117 24 Travelling
2031 2826 73 19 Public
2114 2826 41 19 and
2173 2826 87 19 Visitors
2277 2829 20 15 to
2314 2825 34 19 tbe
2365 2825 46 25 City
2427 2825 53 18 from
2495 2825 35 18 the
2545 2824 91 25 Country
2652 2825 27 24 by
2699 2825 53 18 train
2770 2831 21 12 or

1902 2856 93 16 steamer.

1903 2879 103 30 Special
2015 2878 208 29 Arrangements
2234 2878 75 22 made
2319 2878 38 22 for
2369 2877 45 23 the
2430 2877 176 23 convenience
2620 2876 28 23 of
2659 2876 130 24 Families.

2096 2916 200 17 NIGHT
2342 2915 260 17 PORTER.

1904 2959 176 26 First-class
2095 2958 117 26 Billiard
2230 2958 118 25 Rooms.
2384 2957 102 25 Wines
2498 2958 61 24 and
2575 2957 108 30 Spirits
2697 2958 33 24 of
2735 2956 54 26 the

1982 2992 69 26 best
2067 2992 125 25 Brands.
2237 2990 170 26 Hancock's
2430 2990 82 25 Prize
2526 2990 103 25 XXXX
2644 2990 68 25 Ales

2175 3024 113 30 always
2307 3030 36 19 on
2371 3023 141 31 draught.

2359 3090 217 45 Rotorua
2617 3090 168 45 Tours.

2358 3172 16 26 1
2381 3173 13 23 >
2398 3172 147 18 ASSENGERS
2554 3174 20 15 to
2582 3173 85 16 Rotorua
2675 3178 31 11 are
2713 3171 75 18 advised

2365 3193 10 23 j
2422 3196 43 16 that
2473 3202 11 10 a
2497 3197 76 20 regular
2583 3195 51 23 daily
2648 3194 56 19 coach
2721 3195 67 18 service

2356 3219 85 17 betwoon
2451 3218 89 18 Okorofre
2549 3218 37 18 and
2598 3219 83 17 Itotorua
2696 3218 38 17 and
2750 3218 38 17 vice

2356 3248 53 10 versa
2417 3242 16 16 is
2442 3247 42 11 now
2493 3242 89 22 running.

2379 3265 39 17 The
2427 3264 115 23 advantages
2549 3272 10 9 o
2575 3265 37 17 this
2617 3265 54 16 route
2676 3270 31 11 are
2712 3270 64 11 numer-

2356 3293 38 15 ous,
2405 3294 12 11 a
2426 3288 103 17 somewhat
2542 3288 72 17 tedious
2623 3288 77 21 railway
2708 3287 80 22 journey

2355 3311 15 17 is
2379 3311 78 20 broken,
2466 3311 38 17 and
2513 3311 31 17 the
2561 3314 53 14 route
2631 3312 90 16 traverses
2738 3316 50 11 soma

2356 3334 20 17 of
2393 3334 34 17 the
2443 3333 85 18 loveliest
2544 3334 52 17 Bush
2612 3334 80 22 Scenery
2709 3333 19 17 in
2741 3333 47 18 New

2356 3357 89 17 Zealand.

2394 3387 106 23 PARES,
2516 3388 40 18 10s
2567 3387 81 19 EACH
2661 3387 83 19 WAY.

2355 3415 92 24 Special
2463 3415 165 23 Conveyances
2645 3420 43 13 can
2708 3415 29 19 be
2754 3420 23 13 ar-

2500 3438 88 24 ranged
2597 3438 41 19 for.

2354 3484 213 19 Leave—Okoroire
2575 3484 35 18 for
2624 3484 103 18 Rotorua
2741 3483 46 19 and

2424 3507 219 19 Whakarewarewa
2672 3507 62 23 daily
2762 3507 25 18 at

2426 3531 29 18 lO
2463 3536 52 14 a.m.

2354 3554 205 19 Leave—Rotorua
2567 3553 46 18 and
2622 3553 148 18 Whakarewa-

2423 3582 62 14 rewa
2500 3577 37 18 for
2551 3576 115 23 Okoroire,
2683 3576 62 23 daily
2761 3577 25 17 at

2426 3600 28 18 10
2462 3605 52 14 a.m.

2376 3624 32 17 All
2428 3629 110 17 passengers
2559 3629 30 10 are
2607 3622 74 17 advised
2702 3624 20 15 to
2737 3622 47 17 avail

2353 3646 111 18 themselves
2473 3646 20 18 of
2501 3646 38 17 this
2556 3646 60 16 Route
2631 3652 20 10 as
2666 3645 90 17 Okoroire
2770 3645 15 17 is

2353 3676 34 10 one
2403 3670 21 16 of
2434 3670 32 16 the
2475 3669 52 17 show
2535 3669 61 23 places
2614 3669 20 16 of
2650 3669 31 16 the
2699 3667 86 19 Thermal

2353 3693 85 19 District,
2460 3692 38 17 and
2512 3698 24 11 no
2553 3692 43 16 visit
2610 3693 20 16 to
2647 3692 31 16 the
2694 3692 59 16 Lukes
2770 3691 14 16 is

2353 3716 92 21 complete
2454 3715 81 17 without
2540 3715 23 17 its
2570 3714 97 18 inclusion.

2376 3738 73 22 Special
2458 3737 93 17 attention
2563 3737 16 17 is
2592 3737 58 18 called
2664 3738 19 16 to
2697 3737 32 17 the
2747 3737 37 17 fact

2353 3761 41 17 that
2403 3767 12 10 a
2424 3761 56 17 coach
2488 3760 61 19 leaves
2563 3760 84 17 Rotorua
2656 3759 38 18 and
2703 3760 67 17 Whaka-

2353 3789 99 12 rewarewa
2460 3789 25 11 on
2494 3783 78 22 Sunday
2579 3784 21 15 at
2610 3784 20 15 10
2638 3789 43 11 a.m.

2487 3829 162 16 KCENTSi

2353 3855 71 17 THOS.
2439 3855 68 17 COOK
2525 3855 14 16 &
2558 3854 54 20 SOX,
2629 3853 99 18 Auckland
2746 3853 37 18 and

2523 3878 89 16 Rotorua.

2368 3941 163 21 GOVERNMENT
2551 3940 49 20 LIFE
2620 3941 137 22 INSURANCE.

2482 3967 118 13 Established
2608 3967 37 13 1870.

2382 3991 48 14 LOW
2438 3990 113 14 PREMIUMS.
2569 3990 67 13 LARGE

2368 4015 143 15 Reversionary
2520 4014 86 13 Bonuses
2615 4015 105 12 declared—

2399 4033 20 12 In
2427 4033 33 12 1880
2656 4031 102 17 .£125,000

2399 4048 20 12 In
2427 4048 33 13 1885
2656 4048 102 16 £319,000

2399 4064 19 13 In
2427 4064 32 13 1890
2653 4064 105 17 £396,000

2398 4081 20 13 In
2427 4080 32 13 1893
2465 4079 51 16 (three
2521 4082 46 13 yoarß
2572 4079 57 16 0n1y)...
2652 4079 105 19 £277,000

2504 4100 14 14 J.
2528 4100 18 14 H.
2555 4100 135 15 BICHABDSON.

2365 4118 15 12 r]
2627 4117 129 13 Cotimiibaioner.

2877 716 253 28 PittCE—THREEPEN
3135 726 31 18 CE

2804 778 206 48 IMPERII
3075 790 67 24 urr-

2844 835 122 26 PORT
2990 842 9 20 J

2934 877 159 24 AUCKLAND.

2828 938 93 26 Splendid
2938 944 166 21 accommodation
3116 948 30 19 for
3159 950 50 19 Tour-

2803 965 34 17 ists
2847 965 38 18 and
2895 965 116 23 Travellers.

2818 1002 179 33 High-class
3016 1007 109 28 Wines
3145 1014 58 21 and
3220 1039 25 4 ._

2827 1058 233 48 KUSABS
3093 1063 151 47 BROS

2929 1115 213 37 MAHAKU

2825 1153 71 40 SAW
2910 1154 25 41 &
2961 1155 148 44 PLANING
3131 1158 113 41 MILLS.

3112 1228 133 25 RI7VIU.

2980 1259 41 14 THE
3033 1261 53 13 OXLY

2827 1282 130 20 GENUINE
2971 1283 58 20 DRY
3045 1286 77 18 LAND
3138 1286 107 20 TIMBER

2927 1313 29 17 IN
2968 1313 50 18 THE
3032 1314 112 20 MARKET.

2825 1357 124 26 11/TESSBS
2968 1359 97 18 KUSABS
3083 1361 69 18 BROS,
3166 1362 37 23 beg
3219 1368 26 12 re-

2826 1378 47 22 ItX
2898 1381 100 25 spectfully
3003 1383 20 17 to
3030 1383 70 19 inform
3107 1384 32 18 the
3152 1385 64 17 Public
3229 1386 16 17 of

2825 1404 75 16 Kotorua
2909 1406 32 14 aud
2950 1406 72 20 vicinity
3032 1406 38 16 Unit
3078 1408 40 20 they
3133 1407 42 16 have
3190 1411 46 13 estab-

2824 1425 53 16 lished
2885 1432 9 8 11
2904 1426 41 20 yard
2954 1426 17 15 in
2985 1426 124 21 Hiuemoa-st.,
3118 1430 32 14 and
3165 1434 31 10 can
3209 1435 36 10 now

2823 1447 60 20 supply
2893 1447 28 15 the
2929 1447 50 16 finest
2987 1447 43 16 class
3044 1449 18 15 of
3076 1449 81 20 Building
3169 1450 76 16 Material

2823 1467 16 15 in
2848 1468 29 15 the
2885 1468 73 16 Market.
2975 1469 16 15 It
2999 1469 14 15 is
3021 1470 100 21 unequalled
3130 1472 15 14 in
3155 1470 90 19 durability

2823 1489 32 15 and
2865 1489 102 21 impervious
2976 1493 16 12 to
3002 1491 28 15 the
3039 1493 66 14 attacks
3119 1492 19 15 of
3151 1492 47 16 borer
3211 1489 2 21 i

2823 1510 30 20 dry
2865 1514 30 12 rot.
2919 1511 52 15 Their
2978 1512 82 15 sawmills
3069 1518 27 10 are
3104 1513 48 16 fitted
3161 1513 42 16 with
3218 1525 16 4 v..

2823 1534 42 13 most
2874 1531 67 17 modern
2950 1532 98 21 appliances
3057 1534 33 15 and
3100 1534 26 16 the
3135 1534 36 16 firm
3184 1535 15 15 is
3208 1534 37 16 able

2823 1555 16 13 to
2855 1553 60 20 supply
2931 1559 34 14 any
2980 1555 80 19 quantity
3076 1555 17 15 of
3109 1555 36 21 Dry
3163 1555 81 21 Building

2823 1573 77 16 Material
2909 1579 21 11 on
2938 1575 30 15 the
2976 1577 73 15 shortest
3057 1576 60 16 notice.

2822 1625 137 29 Skirtings,
2967 1626 175 29 Architraves,
3147 1628 80 23 Mould-

2855 1660 65 28 ings,
2933 1661 50 22 and
2992 1661 110 23 Dressed
3112 1662 99 24 Timber

2885 1699 27 22 of
2920 1707 79 22 every
3013 1700 162 30 description,
3180 1703 5 7 6
3186 1703 6 24 ]

2910 1741 107 30 Always
3027 1750 33 16 on
3069 1743 82 24 Hand.

2844 1775 117 24 HENAU
2971 1776 105 23 HOUSE
3086 1777 126 24 BLOCKS.

2840 1822 48 16 Price
2897 1823 45 16 Lists
2950 1829 21 9 on
2980 1824 101 20 application
3091 1825 19 15 to

2818 1858 221 32 KUSABS
3074 1859 169 33 BROS:

2802 1907 44 20 1
2890 1907 114 19 MAMAKU
3017 1913 26 13 on
3055 1908 111 19 OIIAUPO.

2942 1945 27 17 Or
2977 1946 19 16 at
3004 1945 32 17 the
3048 1945 67 21 Yards,

2839 1980 122 17 lIINEMOA
2974 1980 99 22 STREET,
3093 1981 124 18 ROTOEUA.

2817 2048 159 42 ROTORUA
2999 2048 89 41 BOOT
3109 2048 24 41 &
3151 2048 88 41 SHOE

2964 2105 124 41 DEPOT,

2814 2484 18 19 A
2850 2484 66 26 Largo
2935 2486 60 19 Stock
3014 2487 21 18 of
3051 2486 93 23 German,
3160 2484 78 19 French

2881 2512 38 19 and
2930 2512 89 19 Colonial
3029 2512 61 18 Loots
3100 2512 74 24 always

2973 2539 21 18 in
3011 2538 66 19 Stock.

2814 2583 67 20 BEST
2889 2583 74 20 MATE
2968 2583 69 20 RIAL.
3073 2583 17 19 B
3095 2583 45 19 EST
3148 2583 83 19 WORK

2890 2629 155 20 AUCKLAND
3055 2629 104 19 PRICES.

2813 2712 158 23 Hand-sewn
2982 2711 77 23 Boots
3069 2717 14 16 a
3098 2710 135 29 Specialty.

2812 2796 34 19 TO
2860 2796 56 19 THE
2930 2794 104 20 TUBLIO
3048 2794 34 19 OF
3098 2794 136 19 EOTOEUA.

2813 2923 23 20 -L
2865 2932 37 13 rua
2919 2926 31 18 for
2964 2925 51 18 their
3022 2925 82 17 favours
3116 2924 73 25 during
3201 2924 33 18 tlio

2811 2955 46 19 past
2865 2952 68 18 fifteen
2942 2957 62 18 years,
3017 2950 40 18 and
3070 2954 20 14 to
3107 2950 64 24 notify
3190 2950 44 18 that

2811 2979 32 18 for
2852 2978 34 19 the
2896 2977 129 19 convenience
3036 2977 21 17 of
3066 2976 98 18 residents
3173 2976 20 18 in
3202 2975 32 19 the

2814 3005 47 18 Sew
2872 3003 112 24 Township,
2996 3001 40 19 and
3046 3008 31 19 my
3091 3001 56 19 trade
3164 3008 59 18 gener-

2811 3030 47 25 ally,
2869 3029 11 19 I
2890 3029 50 18 have
2950 3028 53 19 built

2811 3142 63 20 which
2885 3149 33 12 aie
2927 3148 44 12 now
2982 3147 50 20 opon
3041 3141 31 19 for
3081 3140 96 23 business,
3194 3139 40 19 and

2811 3169 10 19 I
2831 3175 32 12 am
2882 3167 97 27 prepared
3000 3170 20 16 to
3032 3167 73 25 supply

2947 3219 70 18 Pkime
3037 3218 61 18 Meat

2811 3276 20 19 in
2843 3276 48 19 both
2901 3275 49 19 New
2962 3274 39 20 and
3011 3274 39 19 Old
3058 3273 125 26 Townships.

2841 3383 43 24 An
2896 3382 149 30 Inspection
3059 3382 22 23 is
3095 3381 107 24 invited.

3015 3426 99 21 HENBT
3128 3427 80 19 KIKK.

3023 3527 34 40 M,
3093 3526 115 47 SIMON,

3000 3580 60 23 (Late
3067 3579 21 19 of
3097 3579 132 23 Melbourne.)

2997 3699 103 23 Clothes
3112 3699 73 22 made
3203 3699 26 21 to

3023 3725 73 22 order
3113 3731 32 15 on
3160 3723 44 23 the

3048 3749 130 23 shortest

3066 3776 90 22 notice.

3006 3870 54 25 Style
3070 3869 37 19 ard
3119 3868 34 19 Fit
3163 3869 34 17 not
3207 3869 20 17 to

2996 3898 22 18 be
3028 3895 92 26 equalled
3137 3900 19 11 in
3173 3896 54 17 town.

2994 3933 107 18 Address:
3117 3929 108 19 ;\rawaSt.

3062 3956 97 18 Eoloiua.

2895 4054 136 21 FEINTING
3053 4054 21 18 of
3097 4059 59 19 every
3179 4053 34 20 des-

2803 4074 22 25 -0
2862 4082 83 25 cription
2956 4080 93 20 executed
3065 4079 47 18 with
3132 4082 93 17 neatness

2803 4108 38 19 and
2851 4107 94 24 despatch
2954 4110 20 16 at
2985 4106 32 19 the
3027 4105 117 20 Chronicle
3156 4106 68 20 Office.
