2550 4029
1185 36 98 31 THE

58 99 455 135 NEW
635 94 848 132 ZEALAND
1615 94 838 137 GAZETTE.

623 319 131 32 PORT
776 319 289 37 NICHOLSON,
1089 315 259 36 SATURDAY
1370 317 242 38 MORNING,
1634 318 106 32 MAY
1763 322 52 34 23,
1840 323 87 29 1840.

2333 324 99 39 [Vol.
2455 325 27 31 I.

58 326 64 32 No.
146 325 44 40 7.]

49 420 84 22 NEW
150 418 170 21 ZEALAND
337 416 100 21 LAND
454 414 184 21 COMPANY.

51 472 94 29 Capital,
159 472 120 27 £100,000,
293 470 24 22 in
326 472 56 20 4000
392 468 80 23 Shares
482 468 26 23 of
517 466 49 23 £25
576 466 63 28 each,

275 497 30 22 all
314 496 54 29 paid
375 503 40 21 up.

132 552 119 22 Governor
258 558 5 15 :
278 550 47 23 The
335 550 66 22 Earl
413 556 26 15 of
447 548 115 23 Durham.

93 586 93 27 Deputy
196 585 117 22 Governor
320 592 5 13 :
341 583 89 22 Joseph
442 583 82 26 Somes,
541 581 53 28 Esq.

282 618 115 21 Directors
405 624 6 14 :

103 645 63 23 Lord
175 645 74 28 Petre,
558 660 4 9 ,

104 672 63 22 Hon.
178 672 93 22 Francis
280 670 90 27 Baring,
382 669 69 28 M.P.,

103 699 62 22 John
175 699 104 22 Ellorker
287 697 111 27 Boulcott,
415 697 60 27 Esq.,

103 726 62 22 John
175 726 102 22 William
286 724 92 27 Buckle,
389 724 60 28 Esq.,

103 752 90 24 Russell
202 752 78 27 Ellice,
291 752 61 27 Esq.,

104 780 79 22 James
191 779 82 22 Brodie
284 778 100 28 Gordon,
397 779 59 27 Esq.,

103 807 99 21 Thomas
211 806 67 21 Alers
287 805 107 27 Hankey,
405 806 62 27 Esq.,

103 833 101 22 William
214 832 61 22 Hutt
291 832 61 28 Esq.,
364 832 70 27 M.P.,

105 861 95 21 Stewart
209 859 162 28 Majoribanks,
383 859 61 28 Esq.,

105 888 36 22 Sir
149 887 102 22 William
259 886 154 27 Molesworth,
422 886 70 27 Bart.,
503 885 69 27 M.P.,

105 913 132 23 Alexander
246 913 79 26 Nairn,
336 913 63 26 Esq.,

105 941 62 21 John
178 940 67 27 Pirie,
255 939 60 27 Esq.,
327 939 131 26 Alderman,

105 967 36 22 Sir
151 967 89 26 George
251 966 99 26 Sinclair,
361 966 71 26 Bart.,
443 962 70 30 M.P.,

105 993 62 22 John
178 993 59 22 Abel
247 992 78 27 Smith,
336 992 63 27 Esq.,
411 992 68 27 M.P.,

103 1020 61 22 Wm.
175 1020 137 26 Thompson,
323 1019 62 27 Esq.,
397 1018 130 27 Alderman,
540 1018 69 27 M.P.,

105 1048 35 22 Sir
149 1047 83 26 Henry
240 1045 79 28 Webb,
329 1046 71 27 Bart.,

105 1073 87 23 Arthur
200 1073 80 27 Willis,
291 1072 61 31 Esq.,

106 1101 89 27 George
204 1099 120 23 Frederick
334 1101 89 25 Young,
435 1098 53 29 Esq.

163 1136 117 24 Secretary
288 1141 5 14 :
309 1133 63 22 John
383 1133 83 27 Ward,
477 1133 53 27 Esq.

49 1195 92 51 THE
150 1195 62 22 main
222 1194 97 22 features
326 1194 27 22 of
358 1193 39 23 the
406 1197 82 25 system
496 1193 27 22 of
529 1193 112 23 coloniza-

125 1223 48 21 tion
183 1221 97 28 adopted
288 1221 31 27 by
328 1221 39 21 the
380 1221 123 28 Company,
520 1228 44 19 are,
567 1233 31 4 —
599 1222 40 25 Ist,

49 1251 39 21 the
98 1250 45 22 sale
154 1249 26 22 of
189 1249 73 26 lands,
277 1251 23 19 at
313 1255 28 15 an
356 1249 99 21 uniform
470 1247 45 23 and
529 1247 113 22 sufficient

48 1278 74 27 price;
140 1275 46 23 and
199 1275 76 27 2ndly,
292 1274 37 22 the
345 1275 155 27 employment
513 1274 27 22 of
552 1282 14 14 a
580 1274 61 27 large

48 1305 90 27 portion
148 1303 26 21 of
180 1303 38 21 the
227 1301 209 29 purchase-money,
448 1308 24 15 as
482 1309 29 14 an
522 1301 119 27 Immigra-

49 1332 49 21 tion
107 1330 73 22 Fund.
210 1329 29 22 In
249 1329 61 21 these
319 1331 106 24 respects,
440 1327 39 23 the
488 1328 121 28 principles
620 1329 25 21 of

49 1357 71 23 South
132 1356 116 22 Australia
261 1355 57 22 have
333 1355 59 21 been
407 1355 103 23 followed
524 1362 24 15 as
562 1355 79 28 nearly

49 1392 24 15 as
92 1384 173 22 circumstances
280 1382 80 27 would,
380 1381 26 23 in
420 1381 38 23 the
475 1385 92 26 present
582 1390 59 20 case,

49 1411 89 28 permit.

76 1445 48 22 The
138 1443 73 28 grand
227 1443 73 27 object
314 1442 26 23 of
355 1442 39 23 the
410 1450 55 20 new,
479 1450 25 15 or
515 1443 125 29 improved,

51 1475 83 24 system
144 1471 26 22 of
181 1470 38 22 the
230 1470 95 28 disposal
340 1470 26 22 of
384 1470 96 22 colonial
493 1470 73 28 lands,
583 1471 19 22 is
619 1475 23 18 to

49 1498 99 28 regulate
164 1497 38 22 the
217 1497 80 28 supply
312 1497 26 22 of
354 1504 52 15 new
420 1497 59 26 land,
496 1497 31 34 by
543 1498 37 22 the
595 1499 47 22 real

49 1528 71 19 wants
133 1524 26 22 of
172 1524 39 22 the
227 1524 116 27 Colonists,
359 1531 25 14 so
399 1524 49 22 that
463 1524 37 22 the
512 1519 59 28 land
585 1525 57 22 shall

49 1559 71 15 never
136 1552 28 21 be
185 1550 71 23 either
274 1551 189 27 superabundant,
486 1559 24 14 or
528 1551 113 29 deficient,

49 1579 73 22 either
137 1581 38 19 too
192 1578 77 27 cheap,
286 1585 26 14 or
329 1580 38 20 too
387 1579 59 22 dear.
486 1578 21 22 It
524 1578 42 23 has
584 1579 58 22 been

49 1606 78 22 shown
137 1605 49 22 that
195 1605 38 22 the
244 1605 43 22 due
298 1606 132 27 proportion
443 1605 104 23 between
562 1607 80 27 people

51 1633 46 22 and
103 1632 55 22 land
163 1639 54 20 may
222 1632 29 21 be
259 1632 127 27 constantly
392 1632 93 22 secured
490 1632 31 28 by
527 1632 115 23 abandon-

49 1660 40 28 ing
98 1660 38 21 the
146 1658 39 23 old
195 1662 84 24 system
289 1658 26 22 of
326 1667 97 19 grants,
434 1660 45 21 and
488 1660 116 28 requiring
614 1668 28 14 an

50 1687 100 21 uniform
159 1686 62 28 price
230 1693 41 21 per
279 1693 57 20 acre,
351 1686 37 21 for
397 1686 30 22 all
435 1694 51 14 new
494 1686 73 27 lands,
578 1687 65 22 with-

52 1717 40 18 out
101 1713 126 28 exception.
256 1712 26 23 If
292 1712 37 23 the
339 1714 62 27 price
412 1714 27 21 be
453 1716 41 19 not
507 1716 39 19 too
560 1714 50 26 low,
625 1715 19 21 it

51 1740 73 22 deters
134 1740 137 27 speculators
279 1739 58 22 from
352 1740 118 27 obtaining
484 1740 61 28 land,
561 1741 55 21 with
630 1749 14 15 a

51 1768 57 21 view
118 1770 23 18 to
145 1762 95 32 leaving
249 1766 58 22 their
315 1771 107 23 property
430 1768 24 20 in
465 1775 14 14 a
489 1767 75 22 desert
577 1771 65 25 state,

52 1794 46 22 and
112 1794 50 22 thus
176 1797 105 25 prevents
289 1794 112 26 injurious
411 1794 123 28 dispersion
540 1802 6 20 ;
561 1795 19 21 it
589 1795 53 28 also,

50 1821 32 27 by
93 1820 135 28 compelling
236 1827 66 21 every
308 1820 106 23 labourer
421 1824 22 18 to
451 1822 61 21 work
519 1822 36 21 for
562 1829 80 21 wages,

51 1848 59 21 until
119 1848 29 21 he
157 1848 42 21 has
207 1848 70 21 saved
289 1847 38 22 the
337 1848 56 27 only
402 1855 78 15 means
491 1849 25 21 of
527 1849 118 27 obtaining

50 1874 63 28 land,
123 1874 88 22 insures
226 1881 13 15 a
253 1874 80 28 supply
348 1875 26 21 of
385 1875 79 22 labour
477 1875 35 22 for
526 1875 56 22 hire.
613 1876 28 27 If,

51 1909 31 14 on
92 1903 38 19 the
140 1902 64 21 other
214 1900 67 28 hand,
296 1901 38 22 the
344 1902 62 26 price
415 1902 27 21 be
453 1905 40 19 not
502 1905 38 19 too
549 1902 62 27 high,
626 1903 18 21 it

50 1928 90 21 neither
149 1928 100 22 confines
259 1928 37 21 the
307 1927 88 24 settlers
410 1929 76 22 within
501 1937 14 13 a
529 1936 65 21 space
609 1929 35 22 in-

51 1955 163 27 conveniently
228 1962 92 20 narrow,
338 1962 43 14 nor
397 1955 52 22 does
462 1957 20 21 it
496 1959 96 24 prevent
606 1956 38 22 the

49 1981 82 28 thrifty
144 1981 105 22 labourer
262 1982 58 21 from
334 1982 121 26 becoming
469 1990 14 14 a
493 1983 149 26 land-owner,

51 2008 59 21 after
119 2008 102 25 working
230 2015 61 13 some
301 2008 54 21 time
364 2008 38 21 for
411 2015 80 19 wages.

82 2034 20 21 A
119 2032 119 28 sufficient,
255 2033 41 21 but
314 2036 40 19 not
373 2041 62 14 more
456 2034 52 22 than
529 2034 113 22 sufficient

49 2060 63 28 price
122 2060 35 21 for
171 2059 30 22 all
214 2067 51 14 new
277 2060 61 27 land,
354 2060 20 21 is
389 2060 38 22 the
442 2062 61 20 main
519 2062 86 20 feature
621 2062 25 20 of

51 2087 40 22 the
108 2094 51 14 new
174 2089 84 29 system
273 2086 25 21 of
314 2087 158 22 colonization.
505 2088 23 21 It
543 2088 101 22 obviates

51 2121 69 19 every
131 2120 85 20 species
232 2114 26 21 of
271 2114 115 26 bondage;
406 2114 29 27 by
449 2115 121 27 providing
584 2123 61 13 com-

50 2140 91 23 binable
150 2140 87 26 labour,
247 2140 19 21 it
274 2140 92 23 renders
374 2141 104 28 industry
484 2149 55 20 very
549 2142 95 27 produc-

51 2168 53 26 tive,
116 2166 46 23 and
170 2167 121 22 maintains
301 2167 54 22 both
364 2168 56 27 high
434 2175 80 21 wages,
531 2168 46 22 and
590 2169 55 27 high

51 2194 90 28 profits;
163 2194 18 21 it
197 2194 77 21 makes
293 2194 37 22 the
349 2194 82 28 colony
447 2203 23 14 as
487 2196 117 21 attractive
621 2203 24 15 as

52 2221 103 27 possible,
171 2220 56 22 both
242 2223 23 19 to
280 2222 123 26 capitalists
418 2222 45 21 and
477 2225 23 19 to
515 2222 116 22 labourers
639 2231 5 19 ;

54 2248 46 21 and
108 2251 41 18 not
157 2247 87 28 merely
253 2250 22 19 to
285 2248 69 27 these,
368 2248 42 22 but
420 2248 52 28 also,
482 2250 32 27 by
522 2250 126 29 bestowing

53 2282 29 14 on
98 2275 36 21 the
146 2274 89 28 colony,
252 2274 37 22 the
300 2274 73 22 better
388 2276 117 22 attributes
521 2277 27 21 of
565 2283 29 15 an
610 2277 38 21 old

53 2302 90 27 society,
155 2305 23 18 to
186 2301 63 22 those
258 2301 49 22 who
313 2302 59 21 have
381 2309 13 15 a
402 2302 89 22 distaste
499 2303 35 21 for
541 2303 61 22 what
608 2303 40 22 has

53 2328 126 22 heretofore
188 2328 59 22 been
256 2328 38 22 the
308 2329 113 27 primitive
432 2330 116 22 condition
559 2331 26 21 of
596 2338 50 14 new

52 2356 104 22 colonies.

80 2383 47 21 The
136 2385 64 25 great
211 2382 73 28 object
293 2383 26 21 of
329 2383 39 22 the
377 2383 61 28 price
447 2383 20 23 is
479 2387 22 19 to
517 2391 78 15 secure
609 2384 39 22 the

54 2412 58 19 most
121 2409 109 23 desirable
240 2410 142 27 proportions
390 2411 101 22 between
505 2411 82 28 people
602 2411 46 22 and

54 2436 54 22 land
113 2444 5 19 ;
134 2437 41 21 but
184 2436 38 22 the
233 2436 52 29 plan
294 2436 41 22 has
345 2437 40 21 the
391 2437 88 23 further
485 2438 71 22 result
564 2438 25 22 of
595 2446 52 20 pro-

55 2463 81 27 ducing
146 2470 13 15 a
169 2470 105 20 revenue,
291 2463 74 23 which
380 2464 45 22 will
440 2469 41 18 not
496 2465 55 28 only
567 2465 79 28 supply

54 2490 37 22 the
103 2491 105 26 requisite
223 2491 66 27 profit
303 2493 23 19 to
340 2491 40 21 the
395 2491 156 23 shareholders
566 2492 26 22 of
608 2492 38 22 the

56 2517 120 32 Company,
200 2517 42 22 but
264 2517 112 23 furnishes
399 2518 37 22 the
460 2526 78 15 means
557 2519 35 22 for
616 2526 29 15 an

56 2543 154 28 Immigration
221 2544 71 27 Fund,
294 2557 31 4 —
326 2552 14 14 a
346 2545 59 22 fund
412 2546 128 27 constantly
548 2546 98 28 applica-

55 2570 36 22 ble
106 2574 23 18 to
145 2571 37 21 the
199 2578 95 21 purpose
310 2572 27 21 of
349 2572 107 28 bringing
469 2573 81 22 labour
567 2577 23 18 to
607 2573 38 21 the

55 2597 78 32 colony
134 2610 31 5 —
167 2598 48 22 that
229 2599 25 26 is,
271 2598 24 22 in
312 2599 94 27 causing
423 2600 37 21 the
477 2601 50 21 best
546 2608 56 14 sort
623 2600 25 22 of

54 2624 147 23 colonization
213 2628 22 18 to
245 2625 96 32 proceed
350 2629 24 18 at
385 2627 37 21 the
435 2630 99 23 greatest
547 2627 97 28 possible

53 2654 53 18 rate.
135 2652 55 22 And
197 2651 44 23 this
247 2660 20 14 is
273 2651 38 23 the
319 2653 85 23 second
413 2653 85 23 feature
509 2653 26 23 of
547 2655 38 21 the
595 2662 50 14 new
653 2651 2 34 j

54 2681 89 24 system.

80 2705 53 32 The_
138 2705 153 29 employment
300 2707 26 21 of
340 2706 40 22 the
394 2707 211 28 purchase-money,
621 2715 25 15 or

53 2731 38 23 the
100 2732 109 29 principal
219 2736 50 24 part
277 2733 27 22 of
313 2734 24 26 it,
348 2734 25 22 in
384 2735 127 28 conveying
519 2735 88 22 settlers
621 2738 23 18 to

53 2758 38 22 the
101 2759 87 28 colony,
199 2759 41 23 has
249 2760 38 22 the
296 2760 117 29 following
422 2761 83 23 effects.
535 2762 24 22 It
567 2761 78 23 makes

53 2784 38 23 the
104 2786 134 27 purchasers
252 2787 26 21 of
293 2786 55 22 land
362 2795 38 15 see
414 2788 93 28 plainly,
522 2788 51 22 that
587 2788 59 22 their

53 2818 83 21 money
145 2813 45 22 will
199 2813 29 21 be
237 2814 106 21 returned
352 2814 26 22 in
391 2815 37 21 the
442 2815 69 28 shape
525 2816 27 21 of
566 2815 80 22 labour

53 2839 45 22 and
106 2839 138 28 population.
274 2840 22 21 It
305 2841 74 26 tends,
394 2841 24 22 in
427 2841 52 28 fact,
494 2845 25 19 to
527 2842 70 22 lower
607 2843 38 21 the

52 2872 119 22 necessary
190 2866 106 22 standard
315 2867 26 21 of
356 2868 69 26 price,
440 2868 104 28 because,
564 2868 54 22 with
633 2876 13 14 a

51 2895 106 19 constant
166 2893 73 21 influx
249 2893 26 21 of
284 2893 80 28 people
374 2897 25 19 to
408 2894 38 22 the
456 2895 89 27 colony,
554 2895 38 22 the
602 2895 43 22 due

51 2919 131 28 proportion
186 2919 103 22 between
296 2920 80 27 people
384 2920 44 22 and
434 2921 55 22 land
495 2929 54 20 may
555 2923 29 20 be
591 2921 55 28 kept

51 2953 32 21 up
94 2949 28 29 by
133 2953 13 14 a
153 2947 71 21 lower
232 2946 67 27 price,
311 2946 56 22 than
377 2947 22 21 if
409 2947 63 23 there
481 2955 59 15 were
549 2955 31 15 no
590 2949 55 21 such

52 2973 153 27 immigration
211 2989 5 5 .
236 2976 23 18 it
268 2973 112 22 therefore
387 2974 129 22 diminishes
524 2974 39 23 the
569 2975 78 27 period

54 2999 80 28 during
144 2999 75 23 which
227 3000 38 22 the
273 3000 107 22 labourer
392 3004 61 19 must
464 3001 62 23 work
541 3001 35 23 for
589 3001 56 28 hire,

54 3027 45 21 and
107 3027 31 27 by
148 3027 38 22 the
200 3027 65 27 rapid
277 3034 104 20 progress
397 3027 71 23 which
482 3029 19 21 it
514 3028 95 29 imparts
623 3031 23 19 to

54 3053 38 22 the
100 3054 50 21 best
159 3057 47 19 sort
215 3054 26 22 of
252 3054 157 28 colonization,
423 3055 19 22 it
457 3055 103 28 explains
574 3058 24 19 to
608 3055 38 22 the

55 3079 117 28 labouring
181 3081 57 21 class
248 3081 25 21 of
279 3081 148 27 immigrants,
438 3082 49 22 that
496 3090 69 20 every
573 3089 42 15 one
625 3082 24 22 of

56 3105 62 21 them
129 3107 51 21 who
195 3107 21 21 is
229 3107 137 23 industrious
384 3109 44 21 and
445 3108 86 28 thrifty,
548 3116 54 19 may
617 3109 29 22 be

55 3137 50 15 sure
114 3134 24 18 to
146 3132 94 31 bepome
252 3137 41 17 not
305 3134 88 27 merely
407 3142 28 14 an
451 3142 76 15 owner
542 3136 26 22 of
584 3136 60 26 land,

56 3156 42 23 but
113 3156 47 23 also
174 3158 26 21 in
218 3158 36 21 his
272 3161 58 24 turn,
352 3167 30 15 an
403 3162 114 28 employer
536 3163 27 22 of
582 3163 64 22 hired

56 3182 122 28 labourers,
190 3191 14 14 a
212 3187 82 19 master
303 3186 26 21 of
340 3191 107 19 servants.

84 3210 68 22 From
162 3206 63 26 these
235 3211 180 30 considerations,
430 3215 38 22 the
479 3216 117 28 Company
604 3216 42 22 has

58 3236 97 28 adopted
173 3236 39 23 the
228 3245 61 14 same
305 3242 84 24 system
406 3241 24 21 of
447 3241 115 29 disposing
576 3243 26 21 of
618 3243 28 22 its

57 3267 68 18 waste
136 3263 74 27 lands,
227 3271 23 14 as
265 3264 40 21 has
320 3266 91 27 already
423 3269 85 25 proved
522 3269 79 28 highly
613 3270 34 22 fa-

56 3290 108 23 vourable
178 3293 23 19 to
216 3290 38 22 the
267 3290 183 28 productiveness
464 3295 25 21 of
503 3295 105 28 industry
622 3297 24 21 in

56 3317 72 22 South
138 3317 122 22 Australia.
289 3317 28 22 In
327 3325 14 14 a
351 3325 51 15 new
413 3319 86 33 colony,
514 3322 94 27 planted
621 3323 25 22 in

57 3351 14 14 a
79 3344 73 22 fertile
163 3344 46 22 and
225 3344 113 22 extensive
353 3345 111 34 territory,
479 3351 19 18 it
511 3355 20 15 is
547 3349 98 28 obvious,

56 3370 49 23 that
124 3370 38 23 the
179 3370 169 23 establishment
364 3372 27 21 of
406 3372 55 22 such
475 3380 14 15 a
503 3379 84 22 system
601 3376 20 22 is
635 3384 13 14 a

56 3401 83 18 matter
155 3398 26 22 of
198 3397 39 23 the
254 3397 91 29 deepest
363 3402 101 18 moment
481 3403 22 18 to
520 3401 39 21 the
573 3402 75 23 future

56 3424 90 22 welfare
159 3425 26 21 of
197 3425 92 27 society.
423 3425 20 21 it
456 3426 38 22 the
508 3427 53 22 best
573 3428 75 24 effects

56 3458 53 19 may
118 3451 55 22 with
182 3452 131 22 confidence
322 3452 29 22 be
362 3452 136 27 anticipated
505 3460 5 14 :
526 3460 14 14 a
547 3457 103 20 constant

57 3480 45 19 and
110 3478 90 27 regular
210 3478 80 28 supply
300 3478 26 22 of
338 3486 52 15 new
398 3478 55 22 land
461 3479 25 21 in
500 3479 45 22 due
559 3487 90 21 propor-

54 3504 47 22 tion
111 3507 24 19 to
144 3505 39 22 the
203 3508 70 19 wants
282 3505 27 22 of
319 3513 13 14 a
340 3506 132 27 population
484 3506 128 28 increasing
622 3509 30 26 by

53 3531 72 22 births
135 3533 47 21 and
194 3532 153 27 immigration
353 3540 6 20 ;
378 3533 31 22 all
423 3532 38 22 the
477 3532 137 28 advantages
627 3537 23 19 to

138 3558 103 23 facilities
251 3559 25 21 of
286 3561 116 26 transport
408 3559 45 22 and
460 3560 189 22 communication

54 3592 39 15 are
103 3586 104 22 essential
215 3594 6 19 ;
238 3586 110 26 certainty
363 3587 28 21 of
399 3586 76 27 limits,
491 3586 47 22 and
554 3587 96 28 security

55 3612 26 21 of
93 3612 48 21 title
151 3615 23 19 to
184 3615 106 29 property
298 3613 24 22 in
334 3613 59 22 land
399 3621 5 19 ;
418 3613 40 22 the
468 3615 98 25 greatest
578 3613 71 22 facili-

53 3638 43 22 ties
106 3646 30 14 on
145 3640 118 27 acquiring
272 3640 37 22 the
320 3640 45 22 due
376 3640 103 28 quantity
485 3648 5 19 ;
506 3640 39 21 the
555 3643 97 23 greatest

54 3669 192 24 encouragement
259 3669 21 19 to
290 3667 153 27 immigration
454 3667 46 22 and
509 3667 141 27 settlement;

54 3692 47 21 and
113 3691 40 23 the
168 3695 59 19 most
240 3693 63 27 rapid
318 3701 103 25 progress
437 3693 25 23 of
479 3694 38 22 the
531 3693 81 28 people
625 3694 24 22 in

54 3718 103 22 material
167 3719 96 22 comfort
271 3721 45 21 and
326 3721 69 21 social

81 3751 48 21 The
140 3751 67 23 Land
216 3753 71 22 Office
302 3754 36 21 for
355 3754 61 22 Sales
433 3753 46 22 and
494 3753 119 22 Transfers
630 3753 19 22 is

54 3783 52 15 now
116 3784 58 21 open
185 3781 24 19 at
222 3779 54 22 Port
291 3780 133 28 Nicholson,
442 3780 45 22 and
505 3780 39 22 the
560 3779 55 23 land
630 3780 19 21 is

54 3803 50 22 sold
110 3803 24 22 in
142 3805 97 22 sections
245 3806 25 21 of
280 3808 41 21 100
329 3814 64 15 acres
400 3807 61 27 each,
472 3810 22 19 at
500 3807 33 22 £1
542 3814 40 20 per
590 3814 57 15 acre.

53 3829 48 23 The
116 3830 126 28 advantage
256 3833 26 21 of
296 3834 136 27 purchasing
447 3834 78 21 before
545 3834 38 21 the
600 3841 48 14 sur-

51 3863 57 22 ,veys
119 3864 37 15 are
165 3858 25 21 in
202 3865 14 14 a
228 3859 136 28 sufficiently
373 3861 96 21 forward
478 3863 58 19 state
548 3864 23 18 to
582 3860 65 22 allow

53 3884 27 21 of
92 3884 131 22 immediate
237 3885 113 28 selection,
366 3887 28 27 is,
409 3887 49 21 that
470 3887 39 22 the
518 3887 96 27 priority
623 3887 26 22 of

53 3910 78 22 choice
148 3911 20 22 is
186 3912 93 22 secured
291 3912 24 23 in
333 3915 40 19 the
392 3913 65 22 order
475 3913 24 22 in
514 3913 73 23 which
606 3914 38 23 the

53 3937 142 28 registration
206 3939 26 21 of
242 3939 37 22 the
289 3939 109 28 purchase
407 3940 20 21 is
436 3940 72 23 made.

81 3965 53 22 Port
143 3965 130 29 Nicholson,
289 3966 63 28 April
363 3968 33 26 14,
408 3968 60 21 1840.

708 414 114 21 UNION
835 414 102 21 BANK
952 414 43 21 OF
1009 413 221 22 AUSTRALIA.

672 447 97 23 London
787 447 91 28 Office,
893 447 47 21 No.
955 448 35 26 38,
1008 447 52 22 Old
1075 446 184 22 Broad-street.

726 500 93 28 Capital,
830 500 123 28 £500,000;
971 500 55 28 paid
1034 508 38 20 up,
1088 500 117 26 £300,000.

901 553 115 23 Directors
1023 562 6 14 :

727 580 88 27 George
825 580 48 22 Fife
884 580 85 28 Angas,
980 581 62 28 Esq.,

726 607 86 22 Robert
821 607 92 27 Brooks,
925 607 61 32 Esq.,

726 633 78 22 James
813 633 61 23 John
885 634 123 26 Cummins,
1018 633 63 28 Esq..

726 660 85 22 Robert
820 660 124 28 Gardener,
955 661 60 27 Esq.,
1027 659 151 27 Manchester,

727 687 61 21 John
800 687 66 27 Gore,
877 687 63 27 Esq.,

727 713 91 22 Charles
827 713 109 32 Hindley,
948 713 60 27 Esq.,
1019 713 70 26 M.P.,

726 740 120 27 Benjamin
856 740 26 22 E.
893 739 80 28 Lindo,
981 739 61 28 Esq.,

727 766 91 22 Charles
828 766 96 22 Edward
931 766 111 27 Mangles,
1055 766 59 28 Esq.,

727 793 143 28 Christopher
879 793 104 26 Rawson,
994 793 61 27 Esq.,
1067 792 99 27 Halifax,

726 819 97 23 Thomas
834 819 78 28 Sands,
924 819 61 28 Esq.,
996 819 125 28 Liverpool,

728 847 76 22 James
813 847 70 27 Bogle
893 847 80 26 Smith,
983 846 61 28 Esq.,

727 874 78 22 James
813 873 97 23 Ruddell
920 873 70 28 Todd,
1002 873 53 28 Esq.

672 908 118 21 Trustees:
815 908 96 21 George
930 908 65 20 Carr
1019 907 75 26 Glyn,
1116 906 61 27 Esq.,
1199 905 63 22 John

710 934 74 26 Gore,
795 934 60 26 Esq.,
870 933 47 22 and
926 933 76 22 James
1013 933 21 22 J.
1047 933 115 26 Cummins,
1174 932 53 27 Esq.

673 967 101 22 Bankers
782 975 5 13 :
811 966 92 22 Messrs.
928 967 75 26 Glyn,
1028 966 129 27 Hallifax,
1178 966 83 26 Mills,

920 993 45 21 and
978 993 40 21 Co.

756 1028 116 26 Secretary
881 1035 5 14 :
903 1028 95 21 Samuel
1008 1027 109 27 Jackson,
1129 1027 53 27 Esq.

710 1061 101 23 Colonial
821 1061 117 28 Inspector
946 1069 4 14 :
966 1061 23 22 J.
1001 1061 24 23 C.
1035 1061 125 26 M'Laren,
1175 1061 52 26 Esq.

797 1115 68 21 New
882 1115 125 21 Zealand
1026 1115 114 21 Branch.

674 1148 67 23 Local
753 1148 113 23 Directors
874 1156 5 14 :
895 1148 59 23 Geo.
966 1149 21 22 S.
999 1149 85 26 Evans,
1098 1149 61 27 Esq.,
1171 1148 91 27 D.C.L.,

737 1176 63 22 Edw,
806 1176 78 22 'Betts
894 1175 105 27 Hopper,
1011 1176 61 28 Esq.,
1087 1175 44 22 and
1142 1175 57 23 Geo.

883 1202 110 28 Hunter,
1004 1202 53 28 Esq.

674 1236 110 27 Manager
793 1244 5 14 :
814 1236 63 22 John
888 1237 83 26 Smith,
983 1236 60 28 Esq.,
1058 1235 46 23 late
1114 1235 27 22 of
1151 1235 39 23 the
1200 1236 63 21 Com-

723 1263 92 22 mercial
824 1263 65 21 Bank
900 1263 27 21 of
938 1263 112 27 England,
1062 1262 153 23 Manchester.

784 1297 113 22 Branches
908 1300 24 19 at
947 1296 98 28 Sydney,

949 1323 90 22 Hobart
1046 1324 76 27 Town,

950 1351 149 27 Launceston,
1110 1350 46 22 and

948 1378 54 21 Port
1012 1377 81 28 Philip.

672 1412 55 23 Port
736 1412 131 27 Nicholson,
878 1411 81 23 March
969 1413 34 26 24,
1016 1413 61 21 1840.

674 1466 92 34 rpHE
783 1466 113 22 Directors
914 1466 27 21 of
957 1465 38 22 the
1011 1465 58 22 New
1085 1465 101 23 Zealand
1199 1465 64 22 Land

681 1488 29 27 JL
750 1493 116 28 Company
880 1493 85 27 hereby
981 1493 51 26 give
1049 1493 81 26 notice,
1148 1492 49 22 that
1212 1492 52 27 they

672 1519 58 23 have
738 1528 113 14 effected
861 1528 30 13 an
902 1527 173 14 arrangement
1084 1518 52 23 with
1143 1519 38 22 the
1189 1519 74 21 Union

672 1547 66 22 Bank
753 1547 26 21 of
795 1547 120 26 Australia,
933 1547 44 21 No.
994 1548 34 25 38,
1044 1546 45 22 Old
1105 1546 157 26 Broad-street,

673 1574 103 27 London,
788 1574 34 21 for
831 1573 38 22 the
881 1573 171 22 establishment
1065 1573 27 22 of
1104 1580 13 14 a
1133 1572 130 22 BRANCH

672 1601 91 22 BANK
777 1601 34 22 IN
826 1600 73 23 NEW
913 1600 160 27 ZEALAND,
1086 1600 98 27 through
1193 1599 72 22 which

673 1628 38 22 the
720 1628 102 22 business
835 1628 27 21 of
875 1627 38 22 the
931 1627 58 22 New
1004 1627 101 22 Zealand
1118 1627 67 21 Land
1201 1627 64 21 Com-

673 1661 61 21 pany
743 1655 45 22 will
797 1656 27 21 be
835 1654 134 22 transacted.
998 1654 48 21 The
1062 1654 114 21 Directors
1192 1653 73 22 there-

673 1681 48 22 fore
729 1682 146 21 recommend
883 1685 24 18 to
925 1681 110 22 Colonists
1051 1680 39 22 the
1106 1681 78 21 Union

674 1708 26 21 of
719 1708 115 22 Australia
850 1715 24 15 as
893 1715 29 14 an
948 1707 170 22 establishment
1140 1707 125 28 possessing

674 1735 57 22 their
748 1736 70 21 entire
842 1735 137 27 confidence,
1000 1734 45 22 and
1064 1735 49 21 able
1133 1738 22 17 to
1175 1734 89 27 provide

674 1762 127 28 effectually
815 1762 36 22 for
867 1762 37 22 the
919 1761 106 22 financial
1040 1764 70 19 wants
1128 1761 25 22 of
1165 1761 37 22 the
1219 1761 47 22 first

674 1789 134 22 settlement.

843 1816 34 28 By
888 1815 66 22 order
963 1815 27 22 of
1000 1815 38 22 the
1048 1815 80 27 Board,

922 1849 85 23 JOHN
1022 1849 104 27 WARD,
1143 1849 122 28 Secretary.

674 1883 57 23 New
740 1883 101 22 Zealand
849 1883 66 22 Land
926 1883 136 27 Company's
1073 1883 77 27 Office,

702 1913 19 25 1,
733 1910 159 28 Adam-street,
904 1910 105 28 Adelphi,
1021 1910 53 23 27th
1084 1910 68 26 Aug.,
1165 1911 60 21 1839.

872 1964 200 21 SEMINARY.

675 1998 92 46 MR.
789 1997 104 21 GRACE
912 1997 91 20 intends
1024 2000 24 17 to
1070 2004 58 19 open
1151 2004 15 14 a
1189 1997 79 21 Public

767 2023 81 22 School
857 2022 46 22 and
912 2022 114 27 Boarding
1041 2022 186 27 Establishment,
1244 2030 23 14 as

674 2050 62 27 early
753 2056 23 15 as
792 2049 95 28 possible
904 2049 57 22 after
979 2049 38 21 the
1039 2049 130 21 settlement
1184 2049 27 21 of
1227 2049 38 22 the

674 2076 111 28 township
800 2079 23 19 at
844 2076 131 22 Thorndon.
1015 2076 29 21 In
1059 2076 92 26 making
1168 2076 43 21 this
1228 2083 39 15 an-

674 2106 152 19 nouncement
833 2106 22 18 to
863 2103 37 21 the
909 2103 146 26 community,
1063 2102 44 22 Mr.
1115 2103 27 21 G.
1152 2102 113 22 considers

674 2130 18 21 it
701 2130 35 22 his
746 2129 54 28 duty
809 2133 23 18 to
842 2133 56 19 state
909 2129 48 22 that
973 2129 24 21 in
1013 2129 38 21 the
1068 2133 159 23 management
1244 2130 25 22 of

675 2157 44 21 this
729 2157 124 26 Seminary,
870 2157 29 21 he
909 2157 46 21 will
968 2156 127 27 constantly
1105 2158 127 20 endeavour
1244 2160 22 18 to

675 2184 26 21 fit
709 2183 72 28 youth
790 2184 35 21 for
834 2183 38 22 the
880 2183 103 22 business
993 2183 26 21 of
1029 2183 39 22 life
1076 2191 6 19 ;
1098 2183 44 21 and
1152 2186 23 18 to
1182 2183 85 23 furnish

676 2210 64 22 those
749 2209 108 23 intended
866 2211 35 21 for
910 2209 38 23 the
957 2210 94 22 learned
1063 2209 135 28 professions
1215 2211 52 21 with

677 2237 37 22 the
730 2237 133 22 instruction
879 2240 145 25 preparatory
1041 2240 24 18 to
1082 2244 13 14 a
1107 2244 62 15 more
1185 2237 83 28 profes-

677 2264 72 22 sional
766 2264 125 22 education.
926 2264 43 22 His
985 2263 49 22 first
1049 2263 74 28 object
1139 2264 46 22 will
1200 2264 29 22 be
1246 2267 21 19 to

678 2291 67 22 make
755 2291 62 21 them
834 2291 50 22 well
899 2290 136 28 acquainted
1051 2291 53 21 with
1120 2290 39 22 the
1175 2291 93 27 English

678 2318 118 27 language,
816 2318 54 22 with
891 2318 29 22 its
940 2317 151 28 orthography
1110 2317 46 22 and
1180 2321 87 24 syntax,

679 2345 46 22 and
752 2345 52 21 with
832 2345 38 21 the
896 2345 108 26 meaning
1029 2344 45 22 and
1100 2344 123 22 derivation
1246 2345 24 21 of

679 2371 79 23 words.
794 2372 44 22 For
851 2372 45 22 this
912 2378 103 21 purpose,
1039 2371 38 22 the
1092 2371 74 28 pupils
1181 2371 45 22 will
1240 2373 27 21 be

679 2399 132 28 questioned
820 2406 61 21 upon
891 2406 67 20 every
969 2398 65 27 thing
1048 2398 73 22 which
1138 2398 53 28 they
1207 2399 59 27 read,

679 2425 45 23 and
733 2425 104 29 required
846 2429 23 19 to
878 2429 58 19 state
945 2425 57 22 their
1017 2425 144 28 conceptions
1176 2425 26 22 of
1213 2425 17 22 it
1244 2426 23 22 in

678 2453 58 22 their
747 2460 50 15 own
805 2453 119 27 language.
954 2453 22 21 A
985 2452 88 27 weekly
1087 2452 94 27 English
1194 2452 73 22 theme

677 2480 45 22 will
728 2480 29 22 be
764 2480 128 27 prescribed
896 2483 24 18 to
928 2479 37 22 the
972 2486 63 15 more
1042 2479 117 22 advanced
1164 2479 102 28 scholars,

676 2514 62 21 upon
748 2514 60 14 some
818 2507 88 27 subject
923 2507 24 21 in
959 2506 87 28 history
1062 2514 26 14 or
1101 2514 105 14 common
1221 2507 44 27 life,

676 2541 24 15 as
710 2542 30 14 an
751 2534 98 22 exercise
858 2535 24 21 in
900 2533 155 28 composition.
1085 2533 95 27 English
1194 2541 73 20 gram-

676 2568 49 15 mar
735 2561 45 22 will
789 2561 27 22 be
827 2561 80 27 taught
915 2558 75 25 rather
999 2560 31 28 by
1041 2561 161 26 conversation,
1214 2561 53 21 than

675 2588 30 27 by
716 2588 140 27 committing
865 2587 60 23 rules
935 2591 22 18 to
967 2595 109 20 memory.
1105 2587 45 22 Mr.
1157 2587 28 22 G.
1194 2587 73 23 would

676 2615 104 22 consider
794 2615 93 22 himself
903 2622 25 14 as
943 2617 41 19 not
1002 2615 70 26 doing
1091 2614 82 28 justice
1192 2617 23 19 to
1232 2614 35 22 his

675 2642 80 28 pupils,
768 2650 55 14 even
834 2645 22 19 to
866 2642 64 22 those
942 2641 50 23 who
1002 2641 89 23 confine
1101 2641 133 22 themselves
1244 2644 22 19 to

675 2676 30 15 an
722 2669 105 28 ordinary
841 2668 95 28 English
947 2668 125 27 education,
1089 2669 21 21 if
1127 2668 29 22 he
1174 2668 38 22 did
1227 2672 40 18 not

677 2696 127 22 endeavour
814 2695 81 28 during
905 2695 38 23 the
953 2695 72 23 whole
1035 2702 77 15 course
1122 2698 23 18 to
1157 2695 83 28 impart
1253 2702 14 15 a

675 2722 132 29 knowledge
818 2723 25 21 of
855 2723 38 21 the
908 2722 58 22 facts
981 2723 25 21 in
1019 2722 90 22 natural
1123 2721 141 29 philosophy,

675 2753 137 24 astronomy,
837 2749 127 28 chemistry,
989 2752 113 25 anatomy,
1126 2749 138 28 physiology,

677 2777 45 21 and
732 2777 88 21 natural
829 2777 93 26 history,
934 2776 73 22 which
1016 2784 39 14 are
1065 2775 37 23 the
1117 2780 61 18 most
1193 2783 74 15 essen-

676 2803 39 22 tial
724 2806 24 19 to
759 2803 57 22 their
825 2803 103 28 physical
937 2803 51 22 well
995 2803 76 27 being,
1087 2803 45 22 and
1140 2803 74 21 which
1223 2802 44 22 will

675 2838 69 40 Erove
760 2838 13 14 a
788 2838 77 14 source
880 2830 27 21 of
924 2831 117 26 agreeable
1058 2829 96 28 thought
1170 2830 25 21 in
1212 2829 55 22 after

692 2858 29 21 fe.
758 2857 29 22 In
802 2857 106 27 teaching
924 2857 135 32 geography,
1079 2864 62 15 more
1158 2856 109 22 attention

675 2884 46 21 will
729 2884 29 21 be
768 2883 53 25 paid
829 2887 23 18 to
862 2883 38 22 the
911 2883 90 28 animal,
1013 2884 101 27 mineral,
1124 2883 46 22 and
1179 2886 88 25 vegeta-

675 2909 37 22 ble
721 2912 105 26 products
837 2911 25 20 of
873 2909 57 22 each
939 2913 102 25 country,
1053 2911 45 21 and
1111 2913 23 19 to
1149 2911 39 21 the
1204 2917 63 15 man-

675 2944 53 14 ners
738 2937 46 21 and
792 2940 97 19 customs
900 2937 26 21 of
935 2937 29 22 its
979 2937 144 27 inhabitants,
1140 2937 56 22 than
1206 2940 23 18 to
1238 2937 27 22 its

677 2963 144 28 topography.

707 2989 100 28 Writing,
820 2989 132 28 arithmetic,
963 2989 46 23 and
1020 2990 156 22 mathematics
1185 2990 45 22 will
1239 2991 27 21 be

677 3016 80 27 taught
772 3015 119 28 according
909 3018 24 20 to
948 3016 39 22 the
1002 3017 120 28 principles
1140 3017 74 22 which
1230 3024 37 15 ex-

677 3045 104 25 perience
790 3043 40 22 has
840 3043 85 28 proved
934 3046 23 19 to
966 3043 29 22 be
1011 3043 38 22 the
1066 3047 58 18 most
1138 3044 127 21 successful.

678 3070 28 22 In
716 3070 38 22 the
771 3070 99 22 classical
886 3070 149 28 department,
1053 3070 65 22 while
1133 3078 69 20 every
1216 3078 51 20 por-

677 3097 47 21 tion
738 3097 26 21 of
775 3104 112 20 grammar
900 3097 46 22 will
957 3098 88 21 receive
1063 3097 29 22 its
1107 3097 45 22 due
1167 3098 63 21 share
1246 3097 25 22 of

677 3124 117 27 attention,
806 3132 68 24 every
883 3131 79 14 means
972 3124 44 22 will
1029 3125 29 21 be
1068 3124 118 28 employed
1195 3127 23 18 to
1227 3124 40 21 im-

677 3154 50 23 part
735 3154 23 18 to
768 3151 38 21 the
815 3151 74 28 pupils
899 3151 55 22 such
966 3158 14 14 a
989 3150 132 29 knowledge
1131 3151 26 21 of
1168 3151 38 22 the
1216 3158 52 14 con-

678 3177 54 22 duct
747 3177 25 22 of
790 3177 38 22 the
846 3180 65 25 great
929 3184 53 15 men
1001 3177 26 22 of
1048 3178 117 27 antiquity,
1186 3177 27 22 of
1232 3178 36 21 the

678 3204 103 27 opinions
791 3205 27 21 of
827 3205 29 21 its
865 3203 162 28 philosophers,
1041 3205 46 21 and
1096 3205 26 21 of
1132 3204 39 22 the
1180 3205 87 21 routine

678 3231 26 22 of
720 3231 29 21 its
768 3231 104 28 ordinary
890 3231 47 27 life,
952 3238 25 14 as
994 3231 47 21 will
1058 3234 40 19 not
1116 3231 64 22 leave
1199 3231 67 26 them,

678 3258 67 21 when
753 3258 95 28 perhaps
857 3257 80 28 nearly
946 3257 30 22 all
985 3257 38 22 the
1033 3260 68 20 terms
1111 3258 25 21 of
1148 3258 38 22 the
1195 3257 74 23 Greek

678 3285 46 22 and
733 3285 66 22 Latin
809 3285 58 22 have
876 3284 69 22 faded
954 3285 58 21 from
1023 3285 57 21 their
1089 3285 126 22 memories.

679 3332 12 3 _
706 3311 46 22 Mr.
763 3312 72 22 Grace
844 3312 19 21 is
873 3318 73 15 aware
963 3311 26 22 of
1001 3311 38 22 the
1055 3311 110 28 difficulty
1180 3312 29 21 he
1225 3311 45 22 will

679 3342 123 19 encounter
820 3339 58 22 from
898 3338 38 22 the
954 3342 61 18 want
1034 3338 26 22 of
1081 3339 121 22 assistants.
1231 3338 36 22 He

678 3365 46 22 will
733 3365 128 22 endeavour
869 3368 23 19 to
902 3365 73 22 lessen
984 3365 45 22 this
1037 3365 25 22 in
1070 3366 37 21 the
1114 3365 49 22 first
1169 3366 100 21 instance

677 3392 32 27 by
719 3396 157 24 arrangement
883 3401 6 18 ;
905 3392 46 22 and
960 3392 66 22 when
1035 3392 30 22 he
1075 3399 41 16 can
1129 3399 94 20 procure
1234 3391 36 22 the

680 3419 37 21 aid
727 3419 25 21 of
764 3422 127 24 competent
900 3426 99 24 persons,
1011 3419 28 22 he
1049 3419 45 22 will
1110 3419 61 22 avail
1182 3417 92 23 himself

680 3445 26 22 of
716 3445 25 28 it,
759 3446 115 27 confining
888 3446 94 21 himself
999 3449 23 18 to
1038 3453 14 14 a
1066 3445 91 28 general
1171 3445 99 27 superin-

679 3471 110 23 tendence
797 3472 26 21 of
833 3473 38 21 the
879 3472 176 27 establishment,
1064 3473 45 22 and
1117 3475 23 18 to
1148 3472 38 21 the
1193 3472 77 27 higher

681 3497 111 23 branches
802 3499 27 21 of
839 3499 127 22 education.

709 3525 22 21 A
741 3525 64 22 small
814 3526 89 27 portion
914 3526 26 21 of
950 3525 38 22 the
999 3526 118 27 scriptures
1127 3525 46 22 will
1181 3525 28 22 be
1216 3524 54 22 read

682 3550 68 28 daily,
756 3559 60 20 upon
825 3552 72 22 which
904 3552 38 23 the
948 3552 101 22 students
1057 3552 44 22 will
1107 3553 28 21 be
1143 3551 125 27 examined,

682 3577 46 21 and
744 3585 58 20 upon
823 3579 99 27 Sunday,
942 3579 38 22 the
997 3579 75 28 pupils
1089 3579 75 22 whose
1181 3580 89 26 parents

682 3603 54 22 wish
745 3604 24 27 it,
781 3605 44 21 will
834 3605 28 22 be
872 3606 117 22 convened
999 3607 78 21 before
1093 3606 76 21 divine
1178 3605 90 26 service,

681 3629 35 22 for
725 3631 38 21 the
780 3638 94 21 purpose
889 3632 27 21 of
928 3633 116 27 repeating
1060 3632 36 22 the
1112 3631 86 23 church
1211 3634 59 19 cate-

682 3656 70 22 chism
763 3657 44 22 and
816 3654 37 26 the
863 3659 80 21 collect
952 3660 35 21 for
997 3659 38 22 the
1046 3659 49 28 day.

708 3683 23 21 A
740 3684 88 26 printed
838 3692 57 21 copy
912 3686 26 21 of
953 3686 45 21 Mr.
1016 3686 93 22 Grace's
1124 3683 145 24 testimonials

681 3716 53 21 may
748 3709 29 23 be
791 3718 52 14 seen
859 3715 23 19 at
896 3712 39 22 the
952 3712 63 22 office
1032 3713 26 21 of
1073 3712 43 22 this
1128 3718 76 21 paper.
1232 3711 37 21 He

681 3735 40 23 has
731 3737 68 21 much
808 3737 102 28 pleasure
924 3739 24 21 in
963 3739 142 26 mentioning
1121 3740 49 20 that
1184 3737 29 22 he
1229 3737 40 22 has

680 3763 78 21 shown
768 3763 60 22 them
838 3767 22 19 to
870 3765 42 21 Dr.
924 3766 82 27 Evans,
1023 3765 50 22 who
1085 3763 119 30 expressed
1212 3763 57 23 him-

680 3789 46 22 self
736 3790 104 27 satisfied,
857 3791 59 22 from
929 3791 36 22 his
979 3791 131 27 knowledge
1127 3791 27 21 of
1169 3797 61 15 some
1247 3790 25 22 of

679 3815 38 23 the
728 3817 128 26 gentlemen
866 3818 51 21 who
927 3817 56 22 have
992 3817 117 23 furnished
1118 3817 69 22 them.

889 3871 166 25 WANTED,

679 3904 163 49 SEVERAL
867 3904 154 24 SAWYERS.
1060 3904 75 30 Apply
1152 3908 23 19 to
1190 3904 25 23 T.
1233 3905 41 34 M.,

745 3931 133 23 Partridge
889 3932 45 23 and
944 3932 39 22 Co.
1269 3930 6 30 /,'

705 3966 64 27 April
780 3968 31 25 11,
825 3967 60 22 1840.
1258 3968 17 23 /-'.

1252 3993 12 17 it
1274 3991 2 3 '

1291 411 93 34 rpHE
1398 411 159 22 PICKWICK
1571 412 80 21 CLUB
1668 412 39 21 OF
1718 412 74 22 NEW
1806 412 72 22 ZEA-

1298 433 30 26 JL
1366 438 95 27 LAND,
1479 438 35 22 for
1529 438 112 22 members
1657 438 45 22 and
1714 439 85 22 friends
1817 439 59 26 only,

1289 463 46 22 will
1343 468 63 18 meet
1415 472 66 20 every
1499 465 105 27 Tuesday
1620 465 101 27 evening,
1740 468 24 19 at
1780 466 45 21 Mr.
1841 465 36 22 W.

1289 489 105 24 Elsdon's
1415 492 146 21 Commercial
1578 492 46 21 Inn
1640 492 45 21 and
1699 494 94 21 Tavern.
1831 492 47 22 The

1291 517 61 22 chair
1361 520 24 19 to
1394 518 28 22 be
1432 518 67 22 taken
1512 521 24 18 at
1544 517 14 23 7
1567 518 86 23 o'clock
1662 518 113 28 precisely.

1318 550 55 22 Port
1382 551 130 28 Nicholson,
1524 552 56 27 May
1589 554 21 25 8,
1621 553 61 21 1840.

1322 605 240 22 COMMERCIAL
1575 607 68 20 INN
1657 607 21 19 &
1692 607 156 25 TAVERN,

1293 637 92 49 MR.
1395 638 36 22 W.
1442 639 123 22 ELSDON
1571 639 56 26 begs
1632 643 23 18 to
1662 639 81 22 inform
1749 639 36 22 his
1794 639 85 22 friends

1365 665 46 22 and
1416 665 38 22 the
1462 666 81 27 public,
1551 665 50 22 that
1604 665 39 22 the
1650 666 67 22 above
1724 666 71 22 house
1802 666 19 21 is
1828 673 50 16 now

1293 697 54 21 open
1351 708 5 11 ,
1368 692 46 21 and
1418 692 81 32 parties
1504 692 104 27 favoring
1612 692 49 22 him
1666 692 51 22 with
1724 692 59 22 their
1788 696 91 24 patron-

1293 724 40 20 age
1350 719 46 21 will
1414 719 48 21 find
1480 727 68 19 every
1564 719 190 22 accommodation
1771 719 36 22 for
1821 720 58 21 their

1293 745 101 27 comfort,
1403 745 93 28 coupled
1505 746 55 21 with
1569 746 138 22 moderation
1715 746 25 22 in
1751 745 100 28 charges.

1319 778 85 28 Wines,
1416 779 79 28 spirits,
1506 779 46 22 and
1561 779 85 22 bottled
1660 779 34 22 ale
1709 779 44 23 and
1767 783 76 24 porter
1858 780 25 21 of

1294 804 112 23 excellent
1415 806 93 27 quality.

1319 839 57 21 Cold
1386 839 71 27 joints
1466 840 83 26 always
1563 839 80 27 ready;
1664 839 45 22 and
1722 847 29 14 an
1768 839 111 28 Ordinary

1293 863 60 28 daily
1363 868 24 17 at
1396 866 52 25 five,
1457 872 55 20 p.m.

1318 896 127 23 Harmonic
1454 898 110 28 meetings
1579 906 67 20 every
1657 898 107 28 Saturday
1775 899 103 27 evening.

1293 950 91 22 PORT
1403 952 199 21 NICHOLSON
1622 953 155 25 TAVERN,
1796 953 84 20 EAT-

1323 978 66 21 ING
1403 979 122 25 HOUSE,
1540 980 21 20 &
1576 980 130 20 COFFEE
1720 980 128 20 ROOMS.

1293 1011 36 47 J
1357 1011 105 22 ALLEN
1481 1013 54 26 begs
1550 1016 23 17 to
1587 1012 84 22 inform
1687 1012 33 22 his
1734 1012 86 23 friends
1837 1013 44 22 and

1333 1049 10 10 •
1375 1038 38 22 the
1422 1038 81 28 public,
1521 1039 47 22 that
1577 1039 29 21 he
1617 1039 41 22 has
1668 1039 84 27 opened
1763 1039 37 22 the
1811 1040 70 21 above

1293 1063 77 28 house,
1381 1069 55 18 next
1446 1065 54 22 door
1509 1068 23 19 to
1543 1066 44 22 Mr.
1603 1066 22 21 J.
1641 1066 96 27 Telford,
1752 1066 47 21 and
1813 1066 68 27 hopes

1293 1090 31 27 by
1333 1092 63 21 strict
1405 1093 110 21 attention
1526 1095 22 19 to
1557 1096 61 18 meet
1630 1093 53 21 with
1694 1100 12 14 a
1714 1100 66 15 snare
1791 1093 26 22 of
1827 1093 56 27 pub-

1293 1117 28 23 lic
1331 1122 129 24 patronage.

1321 1152 28 22 In
1359 1153 128 22 connexion
1496 1153 54 23 with
1560 1154 37 22 the
1607 1154 78 27 above,
1702 1154 20 22 J.
1733 1154 30 21 A.
1780 1154 41 22 has
1836 1154 45 22 also

1295 1180 87 26 opened
1390 1180 35 22 his
1434 1181 130 21 Butcher's
1580 1181 60 21 Shop
1655 1181 44 21 and
1712 1181 112 22 Grocery
1839 1181 44 21 and

1294 1206 124 29 Provision
1434 1207 155 28 Warehouse,
1606 1208 74 21 where
1697 1207 34 22 the
1748 1208 76 26 public
1841 1215 40 15 can

1294 1233 27 21 be
1338 1234 103 27 supplied
1454 1234 54 22 with
1523 1238 60 18 meat
1603 1235 45 21 and
1664 1234 29 22 all
1708 1234 67 22 kinds
1790 1235 26 21 of
1832 1242 50 20 pro-

1295 1260 90 22 visions.

1307 1314 230 22 DISSOLUTION
1552 1317 43 20 OF
1608 1317 258 21 PARTNERSHIP.

1294 1348 146 48 NOTICE
1455 1349 27 22 IS
1500 1349 130 22 HEREBY
1648 1349 106 28 GIVEN,
1776 1350 49 21 that
1844 1349 36 22 the

1376 1375 143 29 Partnership
1531 1377 102 22 between
1647 1376 38 22 the
1698 1376 153 28 undersigned
1863 1377 18 22 is

1295 1401 116 28 dissolved,
1423 1406 80 24 except
1512 1410 24 15 so
1552 1404 33 21 far
1600 1411 24 14 as
1639 1404 79 21 relates
1733 1406 24 19 to
1773 1404 108 26 Consign-

1293 1432 74 18 ments
1376 1430 46 21 and
1430 1430 112 26 Agencies
1552 1437 50 15 now
1611 1430 101 22 received
1723 1437 25 14 or
1764 1430 49 21 that
1829 1437 51 21 may

1293 1454 28 23 be
1331 1456 120 22 addressed
1460 1460 23 19 to
1492 1457 39 22 the
1541 1457 51 22 firm
1601 1457 61 27 prior
1674 1460 21 19 to
1709 1457 76 22 notice
1801 1457 26 22 of
1837 1456 44 23 this

1295 1482 138 23 dissolution.

1512 1510 26 22 E.
1554 1510 148 26 DANIELL,

1512 1537 123 22 DANIEL
1650 1537 183 22 RIDDIFORD.

1321 1563 54 22 Port
1384 1563 131 28 Nicholson,
1528 1565 55 27 May
1594 1566 33 25 12,
1638 1566 60 20 IS4O.

1504 1618 167 26 WANTED,

1310 1652 19 21 A
1354 1651 172 23 SITUATION
1540 1659 23 15 as
1577 1651 229 23 BOOK-KEEPER.
1836 1651 47 22 Un-

1294 1674 51 26 -tx.
1374 1679 169 24 exceptionable
1559 1679 126 21 references
1700 1686 41 15 can
1757 1679 28 21 be
1806 1679 73 26 given.

1295 1704 87 23 Letters
1392 1705 120 23 addressed
1524 1706 30 22 D.
1564 1706 26 21 F.
1601 1705 34 28 P.,
1674 1705 93 23 Gazette
1804 1705 77 28 Office,

1295 1732 43 22 will
1348 1735 60 19 meet
1415 1732 53 22 with
1477 1736 90 25 prompt
1575 1733 117 21 attention.

1323 1759 53 22 Port
1386 1759 131 27 Nicholson,
1528 1759 56 28 May
1594 1761 34 26 13,
1640 1761 60 20 1840.

1296 1813 173 49 HAND
1484 1814 26 21 T.
1530 1814 84 22 COOK
1630 1815 44 26 beg
1690 1816 19 20 to
1725 1821 121 14 announce
1862 1816 21 19 to

1359 1851 12 11 •
1401 1841 57 21 their
1465 1841 86 22 friends
1556 1841 45 21 and
1606 1841 38 22 the
1653 1841 103 22 colonists
1762 1841 121 31 generally,

1296 1866 49 22 that
1356 1867 54 28 they
1420 1867 57 22 have
1491 1868 88 27 opened
1589 1875 13 14 a
1612 1868 124 21 Wholesale
1751 1868 46 21 and
1811 1868 74 21 Retail

1297 1894 63 21 Store
1371 1898 23 17 at
1403 1894 113 27 Thordon,
1526 1902 55 14 near
1591 1895 44 21 Mr.
1647 1895 112 26 Barrett's,
1771 1895 46 21 and
1827 1895 57 27 hope

1296 1921 30 27 by
1335 1921 120 28 supplying
1465 1928 60 15 none
1536 1922 41 21 but
1585 1922 70 26 goods
1666 1922 25 21 of
1698 1921 35 22 the
1742 1921 51 22 best
1800 1921 84 28 quality

1297 1948 45 21 and
1352 1951 23 18 at
1388 1948 113 21 moderate
1515 1949 79 26 prices,
1610 1951 23 18 to
1642 1948 65 21 merit
1716 1949 38 20 the
1764 1948 122 21 continued

1289 1978 100 24 .support
1397 1975 25 21 of
1426 1975 62 21 those
1496 1975 51 21 who
1554 1982 53 19 may
1614 1975 79 21 favour
1700 1975 61 21 them
1769 1975 54 22 with
1829 1975 57 22 their

1291 2000 89 22 tfruevs.

1324 2034 48 21 The
1380 2033 115 27 following
1505 2041 38 14 are
1553 2041 12 14 a
1571 2034 44 21 few
1624 2034 26 21 of
1655 2034 37 21 the
1701 2034 88 22 articles
1799 2034 31 21 H.
1842 2034 44 21 and

1296 2060 27 22 T.
1334 2061 23 21 C.
1369 2060 57 22 have
1437 2063 22 18 at
1472 2064 91 24 present
1571 2061 35 21 for
1620 2060 52 27 sale,
1688 2060 44 22 and
1741 2060 54 28 they
1806 2063 79 25 expect

1296 2086 86 28 shortly
1392 2095 13 14 a
1413 2095 62 14 more
1490 2088 114 21 extensive
1618 2089 133 20 assortment
1759 2088 59 21 from
1830 2088 54 26 Syd-

1296 2121 45 20 ney
1349 2114 47 22 and
1405 2114 37 22 the
1451 2114 49 27 Bay
1511 2114 26 21 of
1543 2114 94 22 Islands.

1325 2148 73 28 Wine,
1409 2149 54 21 Port
1472 2148 45 22 and
1528 2149 88 27 Sherry,

1326 2175 96 28 Brandy,

1326 2202 117 27 Hollands,

1325 2229 67 27 Rum,

1326 2256 44 21 Ale
1378 2257 25 20 in
1411 2255 70 23 bottle
1492 2256 133 27 (Dunbar's)

1326 2283 77 22 Porter
1413 2283 62 27 ditto,

1326 2310 75 27 Flour,

1326 2336 92 28 Biscuit,

1326 2364 62 26 Rice,

1325 2390 47 22 Tea
1382 2391 76 27 coffee,
1474 2398 73 20 sugar,
1558 2392 20 21 &
1590 2390 63 23 other
1667 2390 115 28 groceries,
1794 2391 41 22 &c.
1846 2390 39 23 &c.

1298 2423 129 29 Thorndon,
1439 2425 56 28 May
1505 2425 20 27 7,
1538 2427 61 20 1840.

1299 2477 92 23 rriHE
1404 2478 228 23 UNDERSIGNED
1644 2479 53 21 offer
1702 2480 35 21 for
1744 2479 59 28 Sale,
1813 2486 28 15 on
1849 2479 38 22 the

1305 2501 29 25 JL
1373 2505 44 22 Lot
1426 2505 71 23 above
1508 2505 46 23 Col.
1565 2506 149 27 Wakefield's,

1323 2540 43 20 300
1375 2539 72 22 dozen
1454 2539 131 28 Hodgson's
1593 2540 50 27 pale
1654 2539 40 27 ale,

1324 2567 29 20 50
1362 2566 51 23 best
1421 2566 139 27 Westphalia
1568 2566 72 28 hams,

1323 2594 43 21 200
1374 2594 63 21 2-cut
1446 2593 80 28 yellow
1537 2593 67 27 deals,

1324 2619 101 29 Battens,

1323 2648 28 20 30
1362 2647 72 23 dozen
1443 2648 59 26 good
1512 2647 84 28 sherry,

1322 2675 15 20 4
1345 2673 67 23 hhds.
1422 2676 101 26 superior
1533 2674 97 28 Brandy,

1324 2702 28 21 30
1363 2702 62 21 casks
1435 2702 65 27 nails,
1512 2701 107 22 assorted.

1500 2736 26 22 T.
1543 2736 33 22 M.
1592 2735 182 23 PARTRIDGE
1784 2735 45 23 and
1840 2735 46 22 CO.

1488 2770 56 22 Bills
1553 2777 30 15 on
1593 2770 97 27 Sydney.

1324 2803 56 24 Port
1388 2804 131 27 Nicholson,
1531 2804 38 21 Bth
1578 2804 73 27 April,
1664 2805 57 20 1840.

1411 2859 85 27 SALE,
1521 2858 41 23 BY
1590 2858 65 22 THE
1676 2857 209 28 SUBSCRIBERS,

1324 2912 103 23 Hawes's
1446 2912 97 23 London
1561 2919 61 21 soap,
1646 2912 24 22 in
1688 2911 56 23 281b.
1764 2911 47 22 and
1829 2911 56 22 161b.
1897 2918 2 4 •

1296 2938 78 28 boxes,

1324 2966 66 22 Ditto
1400 2966 97 27 candles,
1509 2966 54 27 dips,
1575 2966 24 21 in
1609 2965 58 22 361b.
1677 2965 75 27 boxes,

1324 2993 126 27 Wrapping
1458 3001 77 20 paper,

1324 3020 140 27 Stationery;
1479 3020 48 21 and

1361 3060 116 15 EXPECTED
1492 3060 76 19 DAILY,
1585 3060 30 14 BY
1629 3060 45 14 THE
1690 3052 13 12 Ü

1324 3086 105 21 Window
1438 3086 66 27 glass,
1516 3085 94 22 suitable
1620 3086 63 25 sizes,

1325 3112 106 27 Superior
1441 3112 146 27 champagne,
1597 3112 25 21 in
1630 3112 95 27 baskets,

1324 3139 101 27 Brandy,
1435 3139 23 21 in
1467 3139 66 22 hhds.
1544 3133 45 27 and
1598 3141 89 25 quarter
1696 3138 71 27 casks,

1325 3166 83 27 Claret,
1419 3166 24 21 in
1453 3173 68 19 cases,

1324 3192 132 34 Burgundy,
1467 3193 24 22 in
1502 3192 63 28 ditto,

1324 3219 92 22 Bottled
1425 3219 85 28 sherry,

1325 3246 65 23 Ditto
1399 3249 59 24 port.

1501 3273 27 22 T.
1543 3273 34 22 M.
1592 3272 183 23 PARTRIDGE
1786 3272 46 22 and
1842 3272 45 22 CO.

1300 3328 123 23 MESSRS.
1439 3328 111 23 HENRY
1565 3327 111 23 MEECH
1685 3328 19 21 &
1715 3326 172 26 OXENHAM,

1356 3362 181 27 Shipwrights
1547 3362 57 21 and
1613 3361 70 21 Boat
1691 3361 136 24 Builders,

1300 3396 93 47 BEG
1400 3396 65 21 leave
1474 3399 24 18 to
1509 3402 118 15 announce
1637 3398 23 18 to
1667 3394 37 22 the
1710 3396 82 26 gentry
1799 3393 45 22 and
1851 3393 38 21 the

1378 3422 80 28 public,
1468 3422 49 22 that
1526 3422 85 31 haying
1618 3429 14 14 a
1639 3420 109 28 thorough
1757 3420 132 26 knowledge

1300 3450 26 21 of
1338 3449 54 28 Ship
1401 3449 46 22 and
1456 3450 59 21 Boat
1523 3449 113 27 Building,
1644 3448 52 26 they
1704 3455 42 14 can
1756 3446 55 22 with
1820 3446 68 22 confi-

1300 3476 72 22 dence
1389 3476 125 22 undertake
1531 3479 22 18 to
1571 3475 65 22 build
1655 3482 42 20 any
1713 3473 136 28 description
1865 3473 26 22 of

1300 3502 82 28 Yacht,
1391 3504 64 26 Boat,
1464 3510 25 15 or
1498 3503 80 27 Barge,
1586 3509 62 21 upon
1655 3500 53 23 such
1717 3504 69 17 terms
1796 3507 24 14 as
1829 3502 61 19 must

1300 3537 81 14 ensure
1390 3530 63 22 them
1463 3530 38 21 the
1509 3529 122 22 continued
1637 3532 120 24 patronage
1766 3526 26 22 of
1803 3526 31 23 all
1840 3526 50 23 who

1300 3556 59 23 have
1369 3563 56 16 once
1435 3556 119 28 employed
1563 3556 71 21 them.

1328 3590 92 22 Messrs.
1432 3589 30 23 H.
1474 3589 34 23 M.
1520 3589 44 22 and
1576 3589 27 21 O.
1615 3589 50 21 take
1673 3587 36 22 the
1716 3586 144 29 opportunity
1868 3586 27 22 of

1300 3617 118 27 returning
1436 3617 59 22 their
1514 3616 86 22 sincere
1623 3614 80 22 thanks
1722 3613 35 23 for
1780 3614 39 22 the
1837 3621 54 20 very

1299 3643 81 23 liberal
1390 3647 92 25 support
1491 3643 54 28 they
1554 3643 59 21 have
1622 3641 89 28 already
1721 3643 47 19 met
1776 3640 63 23 with.

1383 3677 39 22 All
1432 3677 75 22 orders
1516 3675 132 29 punctually
1659 3674 105 23 attended
1777 3677 33 19 to.

1328 3711 53 23 Left
1389 3711 46 23 side
1446 3712 26 21 of
1484 3711 39 22 the
1533 3711 68 21 River
1611 3709 65 28 Hutt,

1394 3745 66 28 April
1470 3747 33 25 14,
1516 3746 61 21 1840.
1770 3750 10 15 s

1297 3800 3 12 1
1356 3799 130 21 WHALE
1502 3798 67 24 OIL,
1580 3798 89 20 IRON
1682 3797 93 25 POTS,
1791 3798 44 19 &c.

1302 3831 92 50 JUST
1418 3831 138 27 LANDED,
1577 3833 24 19 at
1618 3831 49 22 Jas.
1689 3830 96 22 Taine's
1804 3831 82 25 Stores,

1364 3858 131 27 Thorndon,
1511 3858 41 21 550
1568 3857 87 27 gallons
1669 3857 48 22 best
1733 3857 68 22 black
1818 3856 71 22 whale

1296 3881 42 37 |oil,
1350 3892 14 14 a
1371 3885 62 27 large
1442 3885 96 21 number
1543 3884 26 22 of
1575 3885 49 21 iron
1630 3887 50 25 pots
1686 3891 24 15 or

1289 3911 140 28 inegrohead
1458 3912 99 21 tobacco,
1582 3910 71 28 pipes,
1679 3911 84 26 knives,
1792 3910 96 27 scissors,

1289 3942 100 24 Vipoons,
1400 3939 93 21 worsted
1505 3946 59 19 caps,
1577 3938 133 27 comforters,
1727 3945 65 20 gown
1807 3937 81 28 pieces,

1289 3960 98 32 fi'hawls,
1397 3965 44 23 and
1452 3973 13 15 a
1473 3965 92 28 general
1577 3968 130 20 assortment
1719 3965 25 22 of
1754 3965 76 27 goods.

1288 3995 13 13 *
1536 3987 18 21 V
1563 4003 4 5 ,

1963 414 100 21 BANK
2077 415 42 20 OF
2133 415 92 21 PORT
2238 416 206 22 NICHOLSON.

1911 447 134 23 CAPITAL
2061 448 102 27 £50.000,
2183 448 36 22 IN
2236 449 63 22 2.500
2317 449 118 24 SHARES
2454 451 39 23 OF

2123 475 48 22 £20
2184 475 99 28 EACH;

1910 506 32 22 To
1952 507 28 22 be
1989 507 116 23 increased
2115 512 23 18 at
2147 508 38 23 the
2196 508 117 23 discretion
2329 510 26 21 of
2367 510 36 22 the
2418 511 77 23 Direc-

1937 538 54 23 tors,
1999 534 29 28 by
2038 534 38 22 the
2085 535 58 22 issue
2152 536 26 21 of
2189 536 83 22 £1.000
2279 536 122 22 additional
2408 538 86 27 Shares,

1937 564 23 18 to
1970 561 29 22 be
2009 561 48 22 sold
2065 561 35 22 for
2108 562 38 21 the
2156 562 85 23 benefit
2250 563 25 22 of
2286 563 37 22 the
2333 564 72 21 Bank.

1945 616 51 23 The
2008 616 136 31 advantages
2155 618 114 30 produced
2279 618 30 31 by
2320 626 13 15 a
2340 618 155 31 Localßank,

1910 648 56 24 both
1987 657 25 15 as
2030 658 14 14 a
2064 650 119 30 profitable
2206 651 137 23 investment
2361 651 26 24 of
2406 653 89 31 capital,

1911 682 45 24 and
1975 690 24 15 as
2017 691 14 14 a
2048 691 79 15 means
2151 684 26 22 of
2198 684 193 24 accommodation
2412 690 22 18 to
2457 685 42 25 the

1911 716 132 30 commnity,
2055 724 37 15 are
2104 721 38 19 too
2154 717 51 24 well
2220 717 138 24 established
2375 722 23 19 to
2409 720 90 30 require

1911 756 43 23 any
1974 753 113 19 comment
2104 754 24 18 at
2149 755 101 25 present.
2286 750 76 24 There
2384 752 20 22 is
2426 756 40 19 not
2485 760 14 16 a

1911 782 74 31 single
1996 782 89 24 British
2097 782 88 32 Colony
2198 784 25 23 of
2232 792 44 22 any
2283 785 139 29 importance
2428 785 69 24 with-

1911 820 39 19 out
1961 819 24 20 at
1996 815 57 24 least
2065 823 41 16 one
2118 816 57 23 such
2187 816 76 30 Bank,
2282 818 45 23 and
2337 818 26 22 in
2381 825 66 24 every
2459 819 38 23 in-

1911 852 78 20 stance
2000 848 64 24 these
2075 849 141 24 institutions
2225 857 37 16 are
2270 858 29 15 no
2309 850 45 24 less
2367 859 13 14 a
2388 859 78 16 source
2474 852 26 23 of

1911 882 69 30 profit
1991 886 22 18 to
2025 881 39 23 the
2076 881 163 24 Shareholders
2258 883 55 23 than
2330 882 27 24 of
2372 884 84 24 benefit
2474 889 25 19 to

1912 914 37 24 the
1970 915 146 30 community.
2158 915 29 23 In
2205 915 53 30 fact,
2275 915 67 24 while
2359 917 39 24 the
2415 917 82 24 Banks

1912 947 75 24 which
2008 947 57 24 have
2091 947 59 24 been
2177 948 138 25 established
2340 950 32 31 by
2399 949 101 32 English

1912 981 84 32 capital
2005 981 25 23 in
2041 981 38 23 the
2091 981 161 25 Australasian
2264 982 107 25 Colonies
2391 982 73 25 divide
2475 988 25 19 at

1912 1014 37 23 the
1962 1018 86 20 utmost
2058 1014 59 23 from
2130 1015 14 25 7
2157 1019 22 20 to
2194 1017 30 22 10
2236 1023 41 23 per
2290 1021 68 25 cent.,
2375 1016 39 24 the
2430 1018 71 30 profit

1912 1047 26 23 of
1951 1048 40 23 the
2003 1047 72 24 Local
2086 1047 80 24 Banks
2184 1057 94 23 average
2295 1049 59 24 from
2375 1052 30 21 15
2424 1054 22 19 to
2466 1053 33 21 20

1911 1088 41 23 per
1965 1085 59 20 cent.
2061 1080 57 24 This
2131 1081 119 24 difference
2261 1084 20 21 is
2294 1083 72 30 easily
2377 1084 125 24 accounted

1912 1113 35 24 for
1956 1123 6 15 :
1988 1122 68 23 every
2074 1114 124 24 individual
2215 1116 24 22 in
2258 1124 13 15 a
2286 1116 89 31 Colony
2386 1116 115 31 naturally

1911 1147 88 31 prefers
2021 1156 14 15 a
2057 1147 69 24 Bank
2144 1148 54 23 with
2218 1148 75 24 whose
2312 1149 125 31 Managers
2456 1150 46 24 and

1914 1180 144 31 Proprietors
2070 1181 28 23 he
2117 1181 20 22 is
2156 1182 141 30 acquainted,
2318 1183 45 23 and
2380 1183 25 23 in
2426 1183 76 23 which

1912 1213 30 24 he
1953 1214 95 23 himself
2062 1221 52 23 may
2126 1214 57 23 have
2196 1223 13 14 a
2221 1215 70 23 direct
2305 1216 102 29 interest,
2420 1220 23 19 to
2456 1224 44 16 one

1914 1247 125 23 conducted
2050 1247 30 30 by
2097 1252 125 27 strangers.
2258 1248 30 24 In
2301 1249 66 23 order
2382 1253 22 19 to
2422 1256 79 16 secure

1913 1284 23 19 to
1948 1280 39 23 the
1999 1280 111 32 proposed
2125 1280 68 24 Bank
2211 1281 45 24 this
2276 1282 125 31 advantage
2419 1283 24 22 in
2461 1282 39 24 the

1912 1313 80 24 fullest
2003 1314 88 31 degree,
2109 1314 38 23 the
2159 1314 79 23 shares
2248 1315 57 23 have
2324 1315 59 23 been
2399 1315 62 24 fixed
2477 1320 25 19 at

1912 1347 59 23 such
1982 1355 29 15 an
2022 1352 101 24 amount,
2136 1355 25 15 as
2173 1352 23 19 to
2207 1347 66 24 allow
2285 1355 44 23 any
2342 1348 120 32 Capitalist
2475 1350 26 23 in

1912 1380 38 23 the
1968 1380 87 31 Colony
2066 1385 22 19 to
2098 1381 95 23 become
2205 1389 13 15 a
2226 1381 160 25 Shareholder.
2421 1382 80 31 Every

1914 1421 50 21 one,
1977 1411 127 32 therefore,'
2115 1413 47 24 will
2178 1414 59 23 have
2255 1423 30 15 an
2300 1415 97 24 interest
2418 1416 23 23 in
2460 1415 40 24 the

1911 1447 130 31 prosperity
2050 1447 45 23 and
2105 1447 102 31 stability
2219 1447 26 24 of
2258 1449 38 22 the
2308 1448 78 29 Bank,
2399 1449 44 23 and
2453 1449 49 23 will

1912 1481 53 29 give
1977 1481 18 22 it
2006 1488 13 15 a
2030 1481 131 31 preference
2170 1481 58 24 both
2245 1482 24 23 in
2287 1481 97 31 making
2400 1482 101 32 deposits

1913 1514 45 23 and
1971 1514 133 31 circulating
2114 1515 30 22 its
2156 1519 73 19 notes.

1948 1547 51 24 The
2012 1548 90 30 Capital
2113 1548 25 23 of
2153 1547 38 24 the
2203 1548 69 23 Bank
2283 1547 42 24 has
2336 1548 59 23 been
2405 1548 62 24 fixed
2478 1554 24 19 at

1913 1581 124 29 £50.000,
2051 1588 13 16 a
2075 1588 51 17 sum
2137 1581 74 23 which
2223 1581 18 23 it
2252 1582 19 22 is
2284 1581 107 24 assumed
2408 1582 45 24 will
2470 1582 30 24 be

1914 1615 114 22 sufficient
2045 1614 36 23 for
2097 1615 40 22 the
2148 1618 93 28 present
2251 1619 71 19 wants
2341 1616 26 23 of
2382 1614 37 25 the
2438 1623 62 16 com-

1914 1648 97 30 munity.
2049 1648 57 23 This
2120 1648 90 31 Capital
2222 1655 49 22 can,
2289 1648 112 29 however,
2419 1649 28 23 be
2464 1649 37 23 in-

1915 1681 93 24 creased
2021 1686 24 19 at
2056 1681 37 23 the
2104 1681 123 24 discretion
2239 1681 25 23 of
2278 1681 38 24 the
2330 1682 125 29 Directors,
2469 1682 35 31 hy

1916 1714 37 24 the
1966 1715 61 23 issue
2045 1715 24 23 of
2085 1717 74 21 1.000
2179 1714 122 24 additional
2320 1715 92 30 Shares,
2431 1720 23 19 to
2472 1715 34 24 be-

1915 1747 107 33 disposed
2044 1748 25 23 of
2093 1748 36 23 for
2151 1747 39 24 the
2212 1747 85 24 benefit
2315 1749 25 23 of
2359 1748 38 24 the
2416 1748 86 24 Share-

1914 1781 92 24 holders
2015 1791 6 20 ;
2042 1781 44 23 and
2096 1782 19 22 it
2128 1782 21 22 is
2165 1782 114 30 proposed
2292 1781 50 24 that
2352 1782 39 23 the
2401 1781 110 32 iDeedlpf

1916 1815 137 24 Settlement
2064 1815 59 23 shall
2134 1815 91 22 contain
2237 1822 13 15 a
2260 1816 124 30 provision,
2401 1815 103 27 autlibri.?

1916 1849 52 30 sing
1980 1848 37 24 the
2028 1848 106 31 majority
2146 1848 24 23 of
2185 1848 39 23 the
2243 1848 163 24 Shareholders
2424 1853 23 19 to
2466 1849 38 23 in-

1916 1889 77 16 crease
2011 1882 39 23 the
2070 1881 89 32 Capital
2172 1886 24 19 to
2208 1882 57 23 such
2274 1882 90 23 further
2375 1887 95 18 amount
2479 1890 34 16 as.

1916 1923 53 23 may
1980 1915 24 23 in
2015 1915 59 23 their
2086 1915 92 32 opinion
2189 1915 29 23 be
2233 1914 104 31 justified
2353 1915 32 31 by
2396 1915 37 24 the
2445 1923 59 24 aug-

1915 1949 93 23 mented
2018 1949 109 23 demands
2139 1949 25 22 of
2178 1948 39 23 the
2231 1948 94 31 Colony.

1950 1982 51 23 The
2011 1983 107 22 business
2131 1982 25 22 of
2170 1982 39 22 the
2222 1981 68 23 Bank
2304 1982 47 23 will
2368 1982 28 22 be
2415 1982 102 32 strictly

1916 2013 50 24 that
1985 2013 23 23 of
2031 2022 14 14 a
2067 2013 69 24 Bank
2155 2014 25 22 of
2201 2013 115 24 Discount
2333 2014 47 23 and
2396 2015 108 31 Deposit.

1918 2047 50 23 The
1979 2050 48 20 rate
2039 2046 27 23 of
2078 2046 105 24 discount
2194 2051 23 18 to
2229 2046 28 24 be
2271 2049 30 21 10
2311 2055 41 23 per
2364 2053 58 19 cent.
2432 2057 6 20 ;
2458 2049 46 23 and

1918 2082 13 21 5
1944 2088 42 23 per
1994 2084 59 19 cent,
2061 2079 47 24 will
2118 2079 29 24 be
2159 2079 94 24 allowed
2264 2088 62 24 upon
2337 2081 99 31 deposits
2448 2081 36 24 for
2493 2090 14 15 a

1916 2113 81 31 longer
2007 2112 80 33 period
2098 2113 56 23 than
2165 2121 13 15 a
2189 2113 88 29 month,
2279 2126 33 4 —
2312 2118 40 20 not
2363 2119 23 19 to
2397 2115 29 23 be
2437 2115 74 23 with-

1918 2147 77 24 drawn
2005 2147 73 23 under
2090 2149 31 21 10
2134 2146 62 32 days'
2209 2147 83 24 notice.

2080 2206 260 26 REGULATIONS.

1954 2243 23 22 1.
1978 2253 34 4 —
2013 2240 51 25 The
2072 2240 89 32 Capital
2174 2241 25 23 of
2214 2241 38 23 the
2261 2241 120 32 Company
2387 2246 23 19 to
2420 2243 87 23 consist

1918 2274 26 24 of
1959 2275 121 27 £50.000,
2093 2275 25 21 in
2130 2276 76 22 2.500
2220 2274 85 24 Shares
2317 2276 25 22 of
2357 2276 55 24 £20
2424 2276 64 23 each.

1953 2310 24 21 2.
1978 2320 33 4 —
2013 2307 52 24 One
2076 2307 77 31 pound
2163 2315 41 23 per
2217 2307 65 24 share
2295 2312 22 19 to
2335 2309 30 23 be
2382 2309 53 31 paid
2453 2316 54 24 pre-

1918 2342 66 22 vious
1996 2345 21 19 to
2029 2341 38 23 the
2079 2341 96 23 election
2187 2341 31 24 of.
2226 2341 128 30 Directors,
2367 2343 25 23 of
2405 2342 75 24 which
2495 2351 14 15 a

1918 2375 84 23 week's
2011 2375 77 31 public
2100 2375 75 22 notice
2191 2375 47 23 will
2255 2375 28 23 be
2302 2376 70 30 given
2380 2385 6 19 ;
2405 2376 46 23 and
2467 2377 39 23 £1

1919 2408 124 24 additional
2060 2411 23 19 at
2102 2408 38 22 the
2158 2408 128 31 expiration
2305 2409 25 23 of
2352 2409 56 23 each
2425 2410 82 24 month

1918 2442 59 23 from
1989 2441 49 24 that
2048 2441 85 31 period,
2151 2441 61 23 until
2227 2442 35 24 £5
2278 2442 41 23 has
2331 2443 59 22 been
2399 2443 55 31 paid
2464 2451 42 23 up.

1953 2477 24 22 3.
1978 2488 35 3 —
2013 2474 99 24 Further
2123 2474 55 24 calls
2191 2479 23 19 to
2227 2475 29 23 be
2274 2476 66 23 made
2359 2480 25 19 at
2399 2476 39 23 the
2457 2476 50 24 dis-

1918 2509 87 24 cretion
2018 2508 26 23 of
2058 2508 38 23 the
2114 2508 120 23 Directors
2243 2518 5 20 ;
2268 2509 46 23 and
2325 2509 64 23 three
2405 2509 102 24 months'

1917 2543 106 30 previous
2041 2542 74 22 notice
2133 2542 26 22 of
2174 2542 57 22 each
2248 2542 44 24 call
2309 2546 24 20 to
2351 2543 29 23 be
2398 2544 68 30 given
2483 2544 27 22 in

1919 2575 38 24 the
2067 2575 101 22 Zealand

1952 2611 24 21 4.
1980 2621 31 4 —
2012 2608 37 24 No
2061 2616 83 23 person
2155 2612 23 20 to
2189 2609 29 23 be
2235 2609 94 23 allowed
2347 2614 25 19 to
2389 2610 119 24 subscribe

1918 2643 35 22 for
1964 2650 62 15 more
2038 2641 55 24 than
2105 2644 32 21 50
2151 2641 93 25 Shares.

1952 2679 24 20 5.
1978 2688 33 3 —
2012 2675 51 23 The
2076 2674 97 24 Officers
2186 2675 26 23 of
2225 2675 39 23 the
2277 2675 119 32 Company
2410 2681 22 19 to
2453 2684 56 17 con-

1918 2709 43 23 sist
1979 2708 25 23 of
2023 2709 53 22 nine
2095 2708 120 23 Directors
2234 2709 45 23 and
2297 2717 14 15 a
2330 2709 102 30 Cashier,
2452 2711 57 22 with

1918 2742 57 23 such
1993 2742 123 23 assistance
2133 2749 25 15 as
2177 2742 39 22 the
2234 2742 120 24 Directors
2372 2751 52 23 may
2442 2743 72 24 deem.'

1918 2783 128 23 necessary.

1952 2811 24 21 6.
1978 2821 33 4 —
2012 2808 51 23 The
2081 2808 120 24 Directors
2219 2813 23 19 to
2260 2810 29 22 be
2308 2809 87 24 elected
2412 2810 35 23 for
2464 2817 44 17 one

1917 2850 61 22 year,
1990 2842 30 31 by
2032 2841 39 23 the
2083 2841 164 25 Shareholders
2257 2851 5 21 ;
2283 2846 23 20 at
2322 2843 39 23 the
2380 2844 129 30 expiration

1918 2876 25 22 of
1958 2876 48 22 that
2023 2875 87 31 period,
2130 2883 42 16 one
2191 2876 62 23 third
2272 2876 25 23 of
2311 2876 39 23 the
2366 2876 104 29 number,
2483 2881 24 19 to

1916 2909 29 23 be
1957 2909 140 22 determined
2106 2909 32 30 by
2151 2909 41 29 lot,
2212 2909 59 24 shall
2287 2911 78 27 retire,
2384 2909 45 24 and
2446 2909 61 24 their

1916 2942 65 31 place
1998 2942 29 23 be
2045 2941 62 25 filled
2125 2942 30 31 by
2172 2942 64 24 fresh
2250 2943 104 29 election,
2355 2956 34 3 —
2389 2944 38 22 the
2438 2944 69 22 retir-

1917 2977 41 29 ing
1968 2975 118 24 Directors
2098 2980 23 19 to
2133 2975 28 23 be
2174 2975 92 32 capable
2279 2976 25 23 of
2318 2976 142 24 re-election.

1953 3010 24 24 7.
1978 3021 34 4 —
2013 3009 51 23 The
2083 3008 96 24 Cashier
2197 3013 23 19 to
2233 3009 29 23 be
2280 3009 123 32 appointed
2419 3010 31 30 by
2468 3009 40 24 the

1918 3042 127 29 Directors,
2058 3042 44 23 and
2114 3042 129 23 removable
2255 3046 23 19 at
2289 3043 60 22 their
2359 3043 113 30 pleasure.

1953 3078 24 21 8.
1979 3088 32 4 —
2014 3075 163 25 Qualification
2195 3074 25 24 of
2241 3075 120 24 Directors
2380 3079 23 20 to
2422 3076 29 23 be
2476 3078 31 22 15

1920 3109 93 23 Shares.

1952 3144 25 22 9.
1979 3154 33 4 —
2013 3141 30 24 In
2055 3140 29 25 all
2095 3141 113 31 meetings
2220 3141 25 23 of
2260 3141 172 30 Shareholders,
2448 3142 61 24 Pro-

1918 3176 98 30 prietors
2034 3179 23 18 to
2072 3173 58 25 have
2142 3182 42 16 one
2196 3179 51 19 vote
2257 3175 36 23 for
2305 3182 70 24 every
2386 3178 13 21 5
2413 3175 94 24 Shares.

1956 3211 38 21 10.
1996 3221 35 3 —
2031 3207 37 24 No
2076 3208 49 23 Bill
2135 3212 23 19 to
2170 3208 28 23 be
2207 3207 134 24 discounted
2348 3213 80 26 except
2434 3209 74 23 under

1919 3241 39 24 the
1970 3241 102 24 sanction
2090 3241 25 24 of
2129 3240 64 25 three
2213 3241 25 23 of
2252 3241 38 24 the
2309 3241 118 24 Directors
2436 3251 6 20 ;
2466 3250 43 16 nor

1919 3275 20 24 if
1950 3274 101 32 objected
2063 3278 22 19 to
2096 3275 31 31 by
2139 3282 43 16 one
2194 3274 26 24 of
2228 3274 63 25 three
2304 3275 24 23 of
2337 3275 40 23 the
2387 3275 121 24 Directors

1919 3312 99 27 present.

1956 3343 38 22 11.
1996 3353 35 5 —
2031 3340 118 32 Meetings
2159 3346 24 19 to
2194 3342 30 23 be
2238 3341 55 24 held
2309 3341 146 31 half-yearly,
2473 3342 38 23 for

1919 3374 39 24 the
1969 3382 98 23 purpose
2079 3375 26 23 of
2119 3375 117 31 declaring
2246 3374 136 29 Dividends,
2396 3375 42 23 &c.

1956 3409 39 22 12.
1996 3420 35 4 —
2031 3407 25 24 A
2078 3412 123 20 statement
2224 3408 24 23 of
2269 3408 38 23 the
2328 3408 77 23 affairs
2424 3408 24 23 of
2470 3407 41 24 the

1919 3440 71 24 Bank
2001 3445 23 19 to
2039 3441 29 23 be
2086 3441 47 24 laid
2150 3441 77 24 before
2246 3441 37 23 the
2303 3440 163 24 Shareholders
2486 3445 25 19 at

1921 3474 56 23 each
1999 3474 58 24 such
2079 3474 141 32 half-yearly
2240 3475 109 30 meeting,
2373 3474 44 24 and
2439 3474 72 24 after-

1919 3507 74 24 wards
2021 3507 122 32 published
2170 3509 25 23 in
2223 3507 38 24 the
2322 3507 59 25 New
2408 3507 103 24 Zealand

2482 3553 20 12 «.,

1954 3601 25 24 A
1990 3601 67 23 Deed
2068 3601 25 24 of
2109 3601 143 29 Settlement,
2269 3605 24 19 to
2303 3600 29 24 be
2344 3600 80 31 signed
2434 3600 32 31 by
2478 3600 33 24 all

1922 3634 39 23 the
1981 3634 171 29 Shareholders,
2173 3634 136 31 embodying
2329 3634 65 23 these
2412 3633 45 24 and
2479 3634 33 23 all

1921 3667 66 24 other
2003 3675 121 24 necessary
2135 3667 146 31 regulations,
2299 3667 47 23 will
2359 3667 29 23 be
2398 3667 112 31 prepared

1921 3709 26 16 as
1959 3700 100 32 speedily
2071 3709 24 16 as
2107 3700 108 32 possible.

1938 3760 257 24 PROPOSITIONS
2209 3767 32 16 at
2253 3767 51 16 the
2319 3759 173 24 MEETING.

1957 3796 23 21 1.
1981 3806 34 4 —
2016 3793 61 24 That
2084 3794 38 23 the
2128 3794 139 30 Prospectus
2274 3800 51 16 now
2332 3792 54 24 read
2392 3793 28 23 be
2427 3793 83 31 adopt-

1921 3827 30 23 ed
1961 3826 45 24 and
2015 3827 98 30 printed.

1927 3871 7 11 -.
1955 3862 25 21 2.
1980 3872 35 4 —
2015 3860 63 23 That
2101 3859 97 31 Captain
2222 3858 101 24 Edward
2347 3858 95 24 Daniell
2463 3859 47 24 and

1921 3884 99 32 Messrs.
2033 3892 129 31 Partridge,
2177 3892 72 29 Watt,
2262 3891 89 30 Millar,
2364 3892 42 22 and
2418 3892 91 29 Pierce,

1921 3927 29 24 do
1966 3926 59 23 form
2043 3935 14 15 a
2074 3925 144 26 Provisional
2231 3925 137 25 Coiumittee
2379 3929 22 19 to
2413 3932 66 23 carry
2490 3925 19 24 it

1923 3961 48 23 into
1985 3960 72 24 effect.
