2550 4029
1470 1569 247 17 THERMOMETER.

1355 1602 68 21 Week
1438 1602 85 24 ending
1535 1602 90 24 Friday,
1646 1603 58 23 May
1722 1604 31 22 22,
1767 1604 59 21 1840.

1477 1910 115 17 LATEST
1605 1910 108 17 DATES.

1299 1946 97 22 London
1619 1946 130 23 November
1761 1948 38 27 IS,
1811 1948 71 23 1839.

1299 1978 92 31 Sydney
1619 1978 70 32 April
1702 1981 22 27 6,
1740 1981 71 22 1840.

1299 2012 91 23 Hobart
1402 2012 74 23 Town
1621 2012 85 23 March
1735 2014 20 24 6,
1770 2014 74 22 1840.

1296 2075 88 43 New
1413 2075 206 43 Zealand
1648 2075 234 43 Gazette.

1422 2128 132 27 Saturday,
1571 2129 58 21 May
1643 2130 35 25 23,
1694 2130 58 21 1840.

1947 804 44 24 We
2014 805 141 24 understand
2174 805 51 24 that
2247 814 95 23 persons
2360 807 104 31 residing
2482 812 24 19 at

1915 847 92 31 Cloudy
2018 848 59 31 Bay,
2096 849 68 23 make
2181 850 19 22 it
2219 857 14 16 a
2244 850 98 30 practice
2361 854 24 19 to
2398 851 109 24 circulate

1913 890 57 23 false
1990 895 134 20 statements
2143 893 133 30 respecting
2293 893 58 23 Port
2368 893 137 30 Nicholson,

1915 932 113 30 asserting
2039 932 50 23 that
2105 934 19 21 it
2135 934 20 21 is
2167 941 30 15 an
2376 936 129 30 dangerous

1913 978 52 27 port
1976 978 22 19 to
2012 978 64 20 enter
2085 983 25 14 or
2122 974 80 32 depart
2209 974 69 31 from,
2291 976 45 23 and
2347 976 42 24 has
2400 977 106 25 insecure

1914 1016 135 32 anchorage.
2086 1017 127 24 Doubtless
2223 1018 47 24 this
2279 1026 78 16 course
2366 1020 20 23 is
2395 1021 111 30 pursued,

1913 1059 59 24 from
1990 1068 15 15 a
2022 1060 49 23 fear
2090 1060 49 23 that
2157 1060 21 23 if
2193 1060 39 24 the
2254 1061 62 24 truth
2334 1063 115 30 prevailed
2468 1064 39 23 the

1913 1103 100 31 whaling
2030 1103 87 24 vessels
2136 1104 75 23 would
2232 1105 153 31 immediately
2402 1106 70 24 make
2489 1107 19 23 it

1913 1145 59 24 their
1988 1146 61 23 head
2059 1151 112 26 quarters,
2190 1147 76 24 which
2277 1148 75 24 would
2368 1149 30 23 be
2413 1150 56 23 both
2482 1153 25 21 to

1914 1188 59 23 their
1990 1188 126 33 advantage
2134 1190 45 22 and
2197 1198 42 15 our
2256 1191 75 30 profit.
2368 1191 36 24 To
2422 1192 58 24 such
2494 1201 14 15 a

1913 1231 64 30 point
1987 1231 43 23 has
2039 1231 45 23 this
2092 1232 97 23 conduct
2200 1232 60 24 been
2273 1233 92 30 carried,
2378 1234 50 23 that
2435 1235 19 22 it
2465 1235 43 24 has

1914 1281 57 16 even
1982 1274 60 23 been
2054 1274 57 23 used
2122 1279 23 18 to
2158 1275 63 23 deter
2233 1275 39 24 the
2284 1277 50 22 sick
2344 1277 60 23 from
2416 1278 92 31 coming

1913 1316 54 24 here
1975 1321 22 19 to
2006 1317 78 24 obtain
2091 1318 95 23 medical
2195 1318 143 25 attendance.
2364 1320 45 23 We
2415 1320 60 24 have
2483 1325 24 19 at

1913 1359 46 25 this
1976 1365 103 19 moment
2096 1369 29 15 an
2141 1362 105 22 instance
2261 1362 26 23 of
2300 1362 38 24 the
2353 1362 65 25 kind.
2455 1364 50 24 Mr.

1913 1402 132 32 M'Ginley,
2055 1404 62 23 chief
2122 1404 78 24 officer
2206 1404 26 24 of
2237 1412 29 16 an
2273 1405 124 25 American
2404 1407 103 31 whaling

1913 1445 59 33 ship,
1984 1447 47 23 had
2041 1447 38 23 his
2087 1447 107 24 shoulder
2202 1448 124 24 dislocated
2336 1449 31 31 by
2375 1458 13 15 a
2396 1449 60 24 blow
2468 1458 37 15 re-

1914 1490 77 23 ceived
1998 1490 59 23 from
2070 1491 38 23 the
2115 1491 75 24 flukes
2199 1491 26 24 of
2234 1499 14 16 a
2258 1492 73 23 whale
2338 1492 63 24 three
2412 1493 95 24 months

1913 1534 69 28 since,
1992 1534 47 23 and
2045 1533 39 24 the
2091 1534 170 31 promulgation
2270 1536 24 23 of
2303 1536 63 22 these
2373 1536 133 24 falsehoods

1912 1577 125 31 prevented
2042 1578 38 22 the
2088 1577 50 32 ship
2145 1578 95 31 visiting
2246 1586 27 15 us
2282 1586 61 16 some
2349 1579 55 23 time
2412 1579 63 24 since
2482 1584 23 19 to

1913 1621 56 23 seek
1979 1620 68 24 relief
2056 1620 35 24 for
2105 1620 46 24 this
2168 1620 105 25 sufferer.
2309 1621 48 24 Mr.
2372 1622 133 32 M'Ginley,

1912 1671 46 16 was
1969 1671 28 16 on
2009 1663 40 24 the
2057 1671 40 16 eve
2106 1663 25 24 of
2139 1665 121 30 returning
2272 1669 20 19 to
2301 1665 113 29 America,
2427 1670 24 19 to
2465 1666 41 23 ob-

1913 1708 47 22 tain
1967 1706 98 24 medical
2072 1706 141 30 attendance,
2225 1708 68 23 when
2298 1708 28 23 he
2335 1708 140 25 determined
2482 1714 24 19 to

1913 1751 59 31 push
1983 1759 78 15 acrops
2079 1751 38 23 the
2130 1752 84 22 Straits
2232 1752 24 22 in
2268 1760 12 15 a
2291 1752 71 24 whale
2379 1752 61 30 boat,
2461 1754 46 23 and

1913 1794 89 24 arrived
2018 1793 55 25 here
2087 1802 14 16 a
2117 1794 43 31 day
2173 1802 25 16 cr
2216 1799 44 19 two
2279 1795 69 24 since.
2383 1796 46 23 We
2446 1797 61 23 need

1913 1837 79 31 hardly
2006 1842 57 19 state
2075 1838 29 23 he
2116 1845 46 16 was
2174 1839 72 22 much
2258 1839 113 31 surprised
2385 1844 22 19 to
2418 1840 50 23 find
2480 1849 25 15 so

1915 1880 66 25 noble
1996 1889 14 15 a
2020 1880 107 30 harbour,
2148 1889 25 16 so
2186 1889 55 23 easy
2254 1882 25 23 of
2294 1890 84 22 access,
2397 1883 57 23 after
2467 1884 39 23 the

1913 1924 131 23 falsehoods
2058 1924 29 23 he
2105 1924 45 24 had
2169 1932 25 16 so
2207 1925 64 23 often
2287 1926 59 22 been
2362 1926 63 31 plied
2440 1926 65 30 with,

1914 1968 95 23 without
2021 1976 14 15 a
2047 1968 84 24 chance
2142 1968 25 23 of
2183 1967 61 25 thei*
2260 1968 71 32 being
2342 1969 162 25 contradicted.

1946 2011 44 24 We
2009 2019 38 17 are
2066 2012 76 30 happy
2155 2016 21 19 to
2195 2012 30 23 be
2243 2012 50 23 able
2310 2016 23 20 to
2350 2017 57 19 state
2419 2013 51 24 that
2480 2014 23 23 J.

1913 2053 93 27 Dorset,
2019 2053 69 29 Esq.,
2103 2054 38 22 the
2156 2054 105 22 Colonial
2275 2054 112 30 Surgeon,
2407 2057 100 20 assisted

1913 2095 30 31 by
1950 2094 45 24 Dr.
2006 2094 93 30 Stokes,
2112 2094 41 24 has
2160 2095 60 23 been
2232 2096 52 23 able
2287 2100 25 19 to
2318 2096 81 24 reduce
2411 2097 38 24 the
2457 2098 49 22 dis-

1913 2138 106 28 location,
2034 2138 45 22 and
2086 2137 50 23 that
2142 2138 48 23 Mr.
2200 2138 133 32 M'Ginley,
2342 2140 18 22 is
2369 2140 70 31 doing
2446 2141 59 29 well,

1913 2181 45 23 and
1969 2181 46 23 will
2025 2181 29 23 be
2067 2181 51 23 able
2129 2189 54 22 very
2197 2189 56 16 soon
2265 2183 68 30 again
2343 2187 23 19 to
2378 2183 129 25 undertake

1913 2224 36 23 his
1962 2224 75 23 duties
2046 2232 29 15 on
2081 2225 72 23 board
2160 2225 37 23 his
2204 2226 83 23 vessel.
2324 2226 59 23 This
2391 2227 19 22 is
2418 2232 41 19 not
2467 2228 39 23 the

1913 2268 51 23 first
1976 2275 50 16 case
2039 2267 24 24 of
2072 2267 67 24 relief
2148 2268 103 23 afforded
2260 2273 23 19 to
2294 2277 96 23 persons
2402 2271 105 30 engaged

1913 2312 23 22 in
1948 2310 101 31 whaling
2065 2311 31 31 by
2108 2311 38 23 the
2158 2311 98 23 medical
2268 2312 129 31 gentlemen
2410 2313 25 23 of
2447 2313 59 25 Port

1913 2354 136 24 Nicholson.
2087 2354 94 29 Indeed,
2195 2362 34 16 we
2245 2355 70 26 doubt
2333 2356 19 23 if
2361 2364 25 16 as
2404 2361 38 26 yet
2461 2366 45 22 any

1913 2397 136 24 Institution
2072 2397 41 24 has
2135 2398 87 31 proved
2244 2406 24 15 so
2291 2399 104 24 valuable
2418 2404 24 20 to
2466 2400 40 25 the

1912 2442 92 31 locality
2016 2450 25 15 as
2054 2450 40 15 our
2108 2442 104 23 Colonial
2225 2442 117 31 Hospital.

1346 2182 45 24 We
1421 2190 38 16 are
1487 2183 77 31 happy
1582 2187 23 20 to
1636 2183 48 24 find
1712 2183 37 24 the
1772 2185 113 24 schooner

1320 2225 86 24 Jewess
1441 2226 42 23 has
1499 2226 59 23 been
1576 2226 130 32 purchased
1715 2226 30 32 by
1754 2227 131 31 gentlemen

1295 2268 103 32 residing
1408 2269 63 29 here,
1485 2269 44 24 and
1541 2270 50 23 that
1602 2270 167 24 henceforward
1781 2271 40 23 she
1840 2272 45 22 will

1295 2312 117 31 generally
1423 2320 45 16 run
1478 2313 104 23 between
1594 2313 46 24 this
1651 2319 53 26 port
1715 2314 41 24 and
1772 2314 78 32 places
1861 2316 24 22 in

1297 2355 85 23 Cooks'
1395 2355 94 23 Straits.

1330 2398 24 24 It
1366 2403 82 19 cannot
1457 2399 31 23 be
1500 2400 128 31 impressed
1639 2408 62 24 upon
1712 2400 37 24 the
1758 2401 78 31 public
1848 2406 36 19 too

1295 2441 69 24 much
1375 2449 24 16 or
1411 2446 36 19 too
1461 2442 69 30 often,
1544 2442 51 24 that
1608 2443 39 24 the
1666 2444 130 23 foundation
1807 2444 25 24 of
1847 2445 37 23 the

1294 2486 129 31 prosperity
1435 2486 25 23 of
1477 2486 57 24 Port
1553 2486 128 24 Nicholson
1699 2491 59 19 must
1774 2487 29 24 be
1823 2496 62 16 com-

1294 2536 83 21 merce,
1391 2528 44 24 and
1456 2529 50 23 that
1529 2529 38 24 the
1591 2534 89 27 greater
1701 2531 88 31 portion
1800 2531 26 24 of
1845 2540 40 15 our

1295 2572 63 23 trade
1370 2576 61 19 must
1442 2572 29 23 be
1487 2572 87 24 carried
1593 2581 30 15 on
1640 2573 101 31 through
1757 2574 38 23 the
1815 2575 37 23 aid
1863 2575 24 23 of

1293 2616 61 23 local
1365 2616 117 32 shipping.
1518 2616 45 23 We
1575 2616 60 24 shall
1645 2616 58 24 have
1716 2625 13 15 a
1739 2622 61 26 great
1816 2626 69 23 many

1294 2660 87 23 vessels
1393 2659 131 31 constantly
1540 2660 102 31 arriving
1659 2661 62 23 from
1739 2661 91 32 Sydney
1840 2661 45 24 and

1296 2703 92 23 Hobart
1400 2703 80 29 Town,
1499 2703 56 23 with
1574 2704 103 31 supplies
1692 2705 36 23 for
1745 2712 25 16 us
1791 2705 44 23 and
1847 2705 38 23 the

1295 2745 100 31 whaling
1406 2745 72 24 trade.
1516 2746 25 23 If
1551 2746 54 32 they
1624 2752 79 19 return
1720 2747 56 24 from
1793 2747 92 24 whence

1296 2789 55 32 they
1362 2797 62 16 came
1437 2790 24 23 in
1473 2789 84 24 ballast
1567 2791 19 22 it
1598 2790 20 23 is
1625 2790 90 32 greatly
1725 2795 21 19 to
1756 2799 41 15 our
1810 2790 75 25 disad-

1294 2837 105 27 vantage,
1412 2832 39 24 the
1461 2832 73 24 whole
1547 2833 25 24 of
1581 2833 39 23 the
1633 2841 101 24 expence
1746 2834 22 23 of
1778 2834 37 23 the
1833 2842 52 16 ves-

1296 2877 45 23 sels
1354 2877 91 30 coming
1456 2876 46 24 and
1513 2878 120 30 returning
1644 2877 81 31 falling
1736 2877 52 25 then
1807 2886 30 16 on
1847 2878 38 24 the

1296 2920 38 23 the
1346 2919 91 24 articles
1460 2919 51 24 sold
1532 2920 65 23 here.
1633 2920 28 23 If
1678 2921 56 31 they
1753 2929 28 23 go
1804 2926 23 19 to
1847 2921 38 24 the

1296 2964 85 23 Straits
1393 2962 44 24 and
1449 2963 56 24 seek
1523 2971 75 24 cargo,
1619 2963 89 32 though
1724 2965 18 23 it
1754 2964 131 25 diminishes

1295 3006 39 23 the
1347 3010 49 20 cost
1405 3010 24 19 to
1442 3014 35 21 us,
1487 3011 39 26 yet
1539 3007 49 23 still
1598 3006 158 33 disadvantage
1767 3008 23 23 in
1799 3009 88 23 several

1294 3057 63 24 ways
1380 3049 90 25 attends
1495 3050 38 24 the
1558 3049 72 25 trade.
1675 3050 25 24 It
1718 3051 111 23 behooves
1849 3051 38 24 the

1294 3093 132 23 mercantile
1445 3093 98 23 interest
1563 3093 25 24 of
1604 3093 47 24 this
1670 3094 64 31 place
1753 3098 21 19 to
1791 3095 29 23 be
1832 3103 53 23 pos-

1296 3135 79 24 sessed
1393 3136 25 23 of
1431 3143 14 16 a
1462 3135 67 24 small
1549 3135 58 24 class
1627 3136 26 23 of
1671 3136 84 23 vessels
1772 3138 115 22 sufficient

1294 3182 24 19 to
1340 3178 81 23 collect
1440 3178 30 23 all
1489 3178 38 24 the
1545 3179 101 31 produce
1665 3179 104 32 required
1789 3180 36 23 for
1846 3187 40 16 our

1296 3229 50 15 own
1358 3223 168 30 consumption,
1546 3222 45 24 and
1602 3227 23 19 to
1642 3223 83 31 supply
1736 3223 35 23 the
1790 3223 96 24 demand

1294 3265 60 23 from
1376 3264 122 25 Australia
1520 3265 45 24 and
1587 3265 56 25 Van
1670 3266 116 23 Dieman's
1810 3266 74 24 Land.

1294 3308 67 24 With
1377 3309 57 23 such
1452 3317 30 16 an
1503 3314 94 19 amount
1619 3309 26 23 of
1666 3309 103 31 shipping
1790 3309 95 32 belong-

1294 3352 42 31 ing
1364 3356 22 19 to
1410 3351 46 24 this
1478 3356 60 27 port,
1562 3352 19 23 it
1600 3352 77 23 would
1700 3360 53 15 soon
1769 3352 28 23 be
1809 3353 25 22 in
1845 3361 41 15 our

1294 3403 77 23 power
1394 3399 22 19 to
1441 3396 52 29 give
1527 3394 39 24 the
1600 3394 87 24 vessels
1715 3394 55 24 from
1793 3395 93 31 Sydney

1295 3437 46 24 and
1353 3437 92 24 Hobart
1457 3437 82 29 Town,
1553 3441 79 20 return
1640 3445 94 24 cargoes
1743 3438 21 24 of
1772 3443 112 27 potatoes,

1294 3481 56 29 flax,
1362 3481 60 31 pigs,
1442 3480 45 23 salt
1503 3480 67 32 pork,
1590 3480 46 23 and
1647 3481 89 29 timber,
1754 3489 24 15 as
1791 3481 95 32 quickly

1296 3532 24 15 as
1333 3524 54 30 they
1393 3531 59 16 were
1464 3523 113 32 prepared
1588 3528 23 19 to
1623 3523 86 25 reload.
1734 3524 40 25 We
1783 3526 67 23 could
1858 3526 27 24 do

1295 3568 25 28 it,
1334 3571 46 25 too,
1392 3566 56 24 with
1464 3567 70 31 profit
1546 3571 23 19 to
1583 3567 116 24 ourselves
1711 3568 42 24 and
1770 3569 82 32 saving
1862 3574 23 19 to

1296 3618 41 16 our
1346 3610 149 31 neighbours.
1526 3610 74 24 Much
1608 3610 67 32 delay
1684 3611 45 25 and
1738 3611 47 26 risk
1795 3613 90 24 attends

1294 3654 64 31 large
1370 3653 86 23 vessels
1467 3653 87 31 having
1571 3658 24 19 to
1606 3654 54 23 wait
1672 3654 69 24 about
1751 3655 37 24 the
1798 3656 85 24 Straits

1294 3698 37 23 for
1344 3704 75 24 cargo,
1432 3696 76 24 which
1518 3696 77 24 would
1607 3697 30 23 be
1650 3698 69 23 saved
1732 3698 28 32 by
1771 3699 62 24 their
1844 3700 41 24 be-

1296 3742 40 30 ing
1354 3740 50 24 able
1419 3744 25 20 to
1457 3740 96 31 provide
1571 3740 139 24 themselves
1722 3742 52 23 with
1792 3751 93 24 cargoes

1294 3784 56 24 here
1360 3794 5 19 ;
1389 3783 44 25 and
1451 3784 73 31 goods
1542 3784 129 31 purchased
1689 3784 55 24 here
1759 3790 24 19 at
1801 3794 57 16 even
1873 3795 13 15 a

1298 3827 83 31 higher
1398 3827 71 32 price,
1482 3827 21 23 if
1517 3831 23 20 to
1552 3827 29 23 be
1598 3827 46 24 had
1656 3836 29 15 on
1702 3828 100 31 demand,
1812 3830 75 23 would

1295 3870 29 23 be
1345 3871 106 23 attended
1470 3871 55 23 with
1549 3879 62 16 move
1636 3872 69 31 profit
1727 3872 52 24 than
1797 3874 89 23 attends

1297 3913 97 32 seeking
1412 3914 38 24 the
1470 3914 70 31 goods
1558 3916 23 22 in
1600 3915 68 25 small
1687 3916 118 31 quantities
1825 3924 60 24 upon

1297 3963 43 15 our
1354 3961 69 17 coast.

1947 2508 149 23 Subscribers
2108 2508 102 30 residing
2223 2512 23 19 at
2262 2508 125 24 Thorndon
2403 2509 47 24 will
2467 2514 39 26 get

1912 2540 59 24 their
1981 2549 84 24 papers
2083 2541 123 31 regularly,
2224 2550 30 15 on
2271 2542 136 31 application
2423 2547 23 19 to
2465 2551 41 15 our

1913 2579 78 26 agents
2005 2575 70 29 there,
2090 2575 98 23 Messrs.
2203 2575 76 24 Durie
2291 2576 44 23 and
2347 2576 87 24 Millar.

1948 2615 97 24 Grand
2069 2616 70 23 Fete
2170 2623 55 16 and
2254 2616 97 23 Public
2374 2616 73 24 Ball
2471 2625 35 16 at

1913 2648 159 24 Thorndon.
2110 2649 29 23 In
2151 2648 103 24 addition
2265 2654 22 18 to
2298 2649 37 23 the
2350 2654 156 20 amusements

1913 2682 91 31 already
2026 2682 174 31 contemplated,
2220 2683 20 22 it
2255 2682 21 24 is
2292 2682 114 32 proposed
2423 2684 51 23 that
2493 2693 13 15 a

1913 2715 86 24 cricket
2011 2715 77 23 match
2101 2715 58 24 shall
2170 2723 64 16 come
2252 2716 44 29 off;
2317 2717 25 22 in
2359 2717 147 24 furtherance

1913 2749 25 23 of
1952 2749 83 29 which,
2049 2748 78 24 eleven
2137 2748 132 32 gentlemen
2280 2754 23 19 at
2322 2750 127 24 Thorndon
2467 2759 39 16 are

1913 2782 102 24 desirous
2033 2782 25 24 of
2072 2782 97 32 making
2184 2787 173 27 arrangements
2375 2788 23 20 to
2416 2784 56 31 play
2493 2793 13 15 a

1913 2816 47 22 side
1972 2816 60 22 from
2042 2816 128 22 Britannia.

1945 2856 45 24 We
2003 2865 38 15 are
2060 2856 77 32 happy
2158 2861 22 19 to
2199 2856 30 24 be
2249 2857 51 24 able
2317 2861 24 20 to
2359 2862 78 27 report
2456 2858 51 24 that

1913 2890 65 24 when
1989 2889 39 25 the
2042 2891 111 23 schooner
2310 2891 71 23 sailed
2394 2891 59 24 from
2467 2892 40 24 the

1913 2923 51 32 Bay
1986 2924 27 23 of
2032 2924 100 29 Islands,
2156 2923 47 24 His
2234 2924 142 31 Excellency
2407 2925 100 32 Captain

1914 2957 107 30 Hobson,
2042 2957 77 30 R.N.,
2137 2966 46 16 was
2204 2959 138 30 improving,
2362 2958 45 24 and
2422 2959 19 23 it
2459 2967 49 15 was

1913 2990 75 33 hoped
1996 2991 30 24 he
2037 2991 77 24 would
2125 2999 56 16 soon
2187 2992 175 31 be.thoroughly
2371 2992 104 23 restored
2482 2997 25 19 to

1913 3024 85 24 health.
2036 3025 25 23 It
2071 3033 47 15 was
2128 3025 48 24 still
2186 3025 120 23 uncertain
2317 3025 75 23 where
2408 3025 38 24 the
2457 3030 50 19 seat

1915 3058 24 23 of
1948 3058 158 24 Government
2117 3058 75 24 would
2202 3058 29 23 be
2245 3058 145 24 established.

1906 3107 8 14 t
1948 3098 51 24 One
2011 3098 105 24 hundred
2127 3098 44 23 and
2186 3098 54 30 fifty
2258 3102 76 27 troops
2352 3098 46 24 had
2416 3100 92 24 arrived

1913 3135 23 19 at
1948 3131 37 23 the
1998 3132 53 29 Bay
2062 3131 26 23 of
2097 3131 100 28 Islands,
2210 3131 47 23 and
2270 3131 18 23 it
2305 3139 47 17 was
2369 3132 77 32 hoped
2457 3133 51 23 that

1913 3163 39 24 the
1963 3163 48 24 fear
2029 3164 124 30 generated
2169 3164 33 31 by
2225 3164 58 23 their
2304 3173 109 23 presence
2432 3166 76 26 wquld

1914 3201 36 19 act
1960 3201 61 19 most
2031 3197 145 31 beneficially
2186 3206 64 23 upon
2265 3198 38 24 the
2318 3206 124 16 numerous
2463 3200 46 22 im-s

1913 3230 72 23 moral
2000 3230 138 24 individuals
2158 3231 83 23 settled
2259 3232 25 23 in
2295 3232 50 23 that
2355 3236 53 27 part
2425 3232 26 24 of
2468 3233 41 23 the

1914 3263 87 23 Island.

1953 3303 79 25 When
2053 3303 39 25 the
2268 3305 42 24 left
2333 3305 37 24 the
2393 3305 115 26 Chatham

1913 3336 101 30 Islands,
2026 3337 43 24 but
2081 3347 13 14 a
2106 3338 67 24 small
2183 3343 54 27 part
2247 3338 47 25 had
2310 3338 58 24 been
2386 3339 57 29 sold,
2463 3340 45 23 and

1913 3378 14 16 a
1948 3370 64 32 large
2043 3371 76 24 vessel
2141 3380 46 16 was
2204 3380 64 16 .seen
2289 3373 155 31 approaching
2468 3373 40 24 the

1913 3408 70 26 coast,
2002 3405 117 32 supposed
2131 3410 24 19 to
2172 3406 30 23 be
2213 3406 41 23 the
2268 3406 138 31 Company's
2419 3406 89 28 barque

1945 3477 45 25 We
2004 3486 38 16 are
2054 3479 78 32 happy
2144 3484 23 19 to
2179 3483 60 19 state
2258 3479 50 23 that
2324 3479 68 24 brick
2411 3479 98 33 making

1913 3511 41 25 has
1967 3513 148 24 commenced
2127 3517 23 20 at
2162 3512 134 25 Thorndon.
2333 3512 99 25 Messrs.
2451 3514 57 23 Sin-

1913 3545 55 26 clair
1979 3545 46 25 and
2037 3546 81 24 Millar
2130 3546 58 24 have
2201 3545 120 32 employed
2339 3554 14 15 a
2369 3547 98 24 number
2484 3547 26 24 of

1912 3578 81 31 hands,
2012 3579 51 24 who
2086 3587 38 16 are
2145 3579 77 30 busily
2246 3579 110 31 engaged,
2381 3580 45 23 and
2448 3580 60 24 have

1913 3612 91 32 already
2016 3613 83 23 turned
2110 3620 62 16 some
2183 3612 82 24 bricks
2278 3617 38 19 out
2327 3613 26 23 of
2368 3613 39 24 the
2418 3614 88 24 mould.

1947 3653 50 24 The
2010 3653 112 23 Revenue
2137 3657 73 19 cutter
2388 3653 43 24 has
2447 3653 61 24 been

1913 3686 94 24 ordered
2025 3691 24 18 to
2063 3686 58 24 New
2135 3686 111 28 Zealand,
2266 3686 44 24 and
2327 3688 19 22 it
2358 3687 20 23 is
2397 3687 111 32 expected

1913 3719 49 25 that
1971 3720 40 24 she
2021 3719 47 24 will
2079 3719 29 23 be
2120 3719 114 24 stationed
2247 3719 63 25 there
2322 3720 136 31 altogether.

1946 3760 115 24 Mutual
2086 3759 163 25 Insurance.
2300 3761 23 24 A
2347 3769 112 24 company
2484 3761 26 24 of

1913 3794 45 23 this
1979 3793 139 31 description
2134 3794 20 23 is
2177 3794 72 23 about
2271 3799 22 19 to
2314 3795 29 23 be
2372 3795 89 24 formed
2482 3796 25 22 in

1914 3827 100 31 Sydney,
2033 3835 29 15 on
2083 3827 39 23 the
2141 3835 62 16 same
2226 3828 125 32 principles
2370 3836 25 16 as
2419 3829 88 23 similar

1913 3861 103 23 societies
2028 3861 24 22 in
2067 3860 116 31 England,
2197 3860 76 24 which
2289 3862 58 23 have
2366 3862 83 23 turned
2468 3865 39 19 out

1913 3897 59 21 most
1982 3893 121 25 beneficial
2116 3898 22 19 to
2153 3894 39 24 the
2211 3896 148 30 communiiy.
2395 3895 24 24 A
2428 3895 78 32 public

1913 3928 100 30 meeting
2025 3928 21 23 is
2058 3928 69 23 about
2139 3932 22 19 to
2172 3927 29 24 be
2216 3928 73 24 called
2308 3937 30 16 on
2357 3929 37 24 the
2407 3929 97 30 subject,

1948 3961 109 24 Sydney
2073 3961 134 24 Gazette.

763 54 129 31 THE
936 54 140 31 NEW
1121 55 312 32 ZEALAND
1478 56 323 31 GAZETTE.

1950 142 56 24 Had
2023 151 34 16 we
2075 144 39 23 the
2131 153 80 15 means
2230 146 26 22 of
2271 147 122 32 importing
2411 156 14 14 a
2442 148 65 31 large

1915 186 96 23 number
2023 186 25 23 of
2056 188 60 30 pigs,
2128 194 34 17 we
2175 188 69 23 could
2254 189 23 23 in
2289 197 14 15 a
2313 189 44 23 few
2367 198 66 22 years
2451 198 56 24 pre-

1914 235 55 24 pare
1983 228 45 24 and
2046 229 52 32 ship
2110 237 68 24 many
2191 230 115 24 thousand
2321 231 88 24 barrels
2421 233 26 23 of
2463 233 44 23 salt

1914 270 65 31 pork,
1993 272 68 30 equal
2072 273 25 22 in
2105 271 86 33 quality
2198 277 23 19 to
2235 273 49 24 that
2291 274 75 23 which
2376 276 21 22 is
2410 276 97 31 shipped

1914 313 59 23 from
1985 313 95 32 Europe
2092 323 26 14 or
2129 315 118 25 America.

1948 355 44 24 We
2001 356 77 24 would
2089 362 94 26 suggest
2190 358 21 23 if
2220 359 39 23 the
2271 360 131 24 mercantile
2409 361 98 24 interest

1915 398 26 23 of
1955 398 47 24 this
2019 400 65 30 place
2097 400 53 24 does
2168 405 41 19 not
2221 410 57 16 soon
2289 411 51 15 own
2350 405 86 23 vessels
2454 410 23 19 to
2493 414 14 15 a

1915 442 115 24 sufficient
2041 447 85 25 extent,
2139 443 39 24 the
2192 445 117 31 propriety
2320 446 26 23 of
2355 447 152 33 establishing

1915 492 12 15 a
1939 485 110 31 shipping
2060 494 111 24 company
2183 492 23 18 to
2220 487 29 24 be
2262 489 93 23 entitled
2366 489 39 24 the
2448 490 59 27 Pprt

1915 528 128 23 Nicholson
2073 529 112 31 Coasting
2214 530 117 32 Shipping

1916 570 62 25 Such
1985 579 14 15 a
2009 572 95 31 society,
2112 572 55 24 with
2173 581 13 15 a
2195 574 84 31 capital
2289 574 24 23 of
2321 575 80 23 twelve
2409 583 25 15 or
2440 575 65 24 four-

1915 617 52 20 teen
1976 614 114 24 thousand
2099 615 96 30 pounds,
2204 616 76 31 might
2288 624 50 16 own
2344 621 38 19 ten
2393 626 25 15 or
2425 619 82 23 twelve

1915 657 96 24 suitable
2029 658 94 29 vessels,
2143 658 44 24 and
2202 659 79 24 obtain
2297 660 63 31 large
2376 661 82 31 profits
2475 662 32 30 by

1915 701 130 31 conferring
2058 702 111 23 immense
2186 702 87 24 benefit
2284 711 61 24 upon
2359 703 46 24 this
2416 708 54 27 part
2481 704 26 23 of

1915 744 57 23 New
1983 744 111 23 Zealand.

1422 1649 42 14 lorn.

1515 1648 58 16 Even.

1617 1648 62 17 Wind.
1695 1651 3 23 |

1749 1649 87 16 Weather.

1297 1688 31 17 Sat

1297 1710 45 16 Sun.
1361 1721 19 6 ...

1297 1731 51 16 Mon.
1361 1742 19 6 ...

1297 1752 54 16 Tues.
1362 1764 18 5 ...

1297 1773 50 15 Wed.
1362 1784 18 6 ...

1297 1794 81 17 Thurs...

1297 1815 29 16 Fri

1426 1689 21 16 53

1425 1711 22 15 59

1425 1732 21 15 50

1426 1752 22 16 54

1426 1774 20 14 55

1426 1794 22 15 54

1426 1816 21 15 59

1534 1690 22 16 54

1533 1712 20 15 Gl

1533 1731 21 16 57

1533 1753 22 16 64

1533 1774 21 15 63

1533 1795 21 15 59

1533 1816 21 15 60

1632 1690 40 17 S.E.
1712 1691 40 16 Gale
1758 1691 36 16 and
1802 1691 46 16 rain.

1631 1711 51 16 N.W.
1711 1712 50 19 Light
1767 1712 50 16 wind
1824 1712 15 16 &
1844 1712 39 16 fine,

1631 1732 51 16 N.W.
1711 1732 50 20 Light
1768 1733 28 15 do.
1804 1733 15 15 &
1827 1733 35 15 fine

1631 1753 51 16 N-W.
1712 1753 46 16 Ditto
1766 1754 51 15 ditto.

1630 1774 52 16 N.W.
1711 1775 101 15 Dittoditto.

1630 1795 51 16 N.W.
1711 1795 47 16 Ditto
1766 1795 52 16 ditto.

1630 1816 51 16 N.W.
1711 1816 60 21 Strong
1778 1816 29 16 do.
1815 1816 15 16 &
1837 1817 41 16 fine.

1318 1857 54 17 Mean
1378 1869 4 5 .

1427 1857 49 17 54.88

1534 1858 50 16 61.8G

731 136 69 21 FOR
818 135 71 23 THE
908 137 76 19 BAY
1002 137 43 20 OF
1064 137 159 26 ISLANDS,

840 176 27 15 TO
882 176 50 15 SAIL
948 177 169 19 IMMEDIATELY,

795 205 92 35 rpHE
897 205 46 23 fine
953 206 109 22 schooner
1072 206 125 23 JEWESS.
1224 207 49 22 Has

695 228 94 38 oSJSjj^
802 228 29 26 JL
866 233 101 27 superior
977 233 193 24 accommodation
1181 233 34 22 for
1223 240 50 21 pas-

683 262 209 25 eSssmeisengers.
921 259 45 22 For
974 259 82 27 freight
1066 266 25 14 or
1097 267 101 20 passage,
1207 261 66 26 apply

682 288 22 18 to
713 285 74 23 Willis
796 286 47 22 and
851 285 46 28 Co.,
911 292 25 15 or
946 288 23 20 to
977 286 26 22 T.
1014 286 33 22 M.
1056 285 117 28 Partridge
1182 288 44 20 and
1233 287 38 21 Co.

708 318 55 23 Port
772 318 129 28 Nicholson,
913 319 57 28 May
979 320 33 26 21,
1025 320 60 21 1840.

786 373 181 22 POTATOES
984 374 71 20 FOR
1075 374 96 21 SALE.

682 407 52 48 A
753 405 168 26 QUANTITY,
944 406 69 27 being
1038 406 38 22 the
1103 414 67 20 cargo
1190 407 26 21 of
1235 407 37 22 the

761 433 108 22 schooner
1033 433 59 22 from
1108 433 38 22 the
1163 433 109 22 Chatham

683 459 94 28 Islands,
794 460 26 22 of
832 466 56 19 very
903 459 100 28 superior
1019 459 92 28 quality,
1128 460 145 28 particularly

682 486 36 22 for
727 486 59 22 seed.
816 486 76 28 Apply
901 489 24 18 to

796 520 25 21 T.
832 519 34 22 M.
876 518 185 23 PARTRIDGE
1071 520 47 24 and
1127 520 55 28 CO.,
1193 527 26 15 or

796 545 132 23 HUNTER
937 546 46 22 and
993 547 45 21 CO.

708 579 54 22 Port
772 579 130 26 Nicholson,
915 579 57 28 May
981 581 34 26 21,
1027 581 60 21 1840.

681 632 92 23 Exodus
786 641 18 14 c.
819 635 27 20 20
861 640 21 14 v.
896 634 19 21 8.
1122 634 38 22 the
1176 635 97 21 Sabbath

842 659 50 28 day,
903 662 23 20 to
936 660 58 28 keep
1002 661 19 21 it

682 699 73 48 ON
774 699 130 23 SUNDAY
922 699 94 28 NEXT,
1037 708 15 14 a
1070 708 93 14 sermon
1183 700 44 22 will
1245 701 28 21 be

758 725 111 29 preached
881 726 32 27 by
923 726 37 22 the
970 727 56 22 Rev.
1038 727 21 21 J.
1071 727 29 21 G.
1111 727 85 28 Butler,
1212 734 60 21 upon

681 752 37 22 the
727 754 118 27 necessity,
857 753 45 21 and
911 756 65 24 great
984 753 86 23 benefit
1080 756 24 19 to
1120 754 29 22 be
1166 754 107 27 expected

680 779 57 23 from
748 787 13 15 a
769 781 89 26 regular
867 780 135 22 attendance
1012 788 61 20 upon
1083 781 85 21 Divine
1179 781 93 28 worship

680 813 29 15 on
719 807 38 21 the
767 806 98 23 Sabbath
875 806 51 27 day.

707 840 89 23 Service
806 843 22 20 to
843 847 132 16 commence
989 844 23 19 at
1023 841 109 28 half-past
1141 843 24 20 11
1179 841 91 28 o'clock,

680 874 59 20 a.m.,
760 867 115 29 precisely,
892 867 26 22 in
932 868 46 22 Mr.
999 868 111 22 Hunter's
1131 868 62 28 large
1215 872 56 18 store

679 901 71 15 room.

706 928 23 22 It
737 928 19 22 is
766 928 74 28 hoped
850 927 37 23 the
896 928 120 28 labouring
1026 929 81 22 classes
1116 929 45 21 will
1179 927 65 23 make
1260 935 13 15 a

678 955 64 26 point
753 955 26 21 of
789 954 125 27 attending.

864 1016 101 21 RICE!
986 1015 98 22 RICE!

680 1049 92 49 THE
786 1048 228 23 UNDERSIGNED
1032 1049 55 27 begs
1102 1052 24 19 to
1140 1049 83 22 inform
1235 1049 37 21 the

754 1077 74 27 public
843 1075 23 22 in
882 1076 100 27 general,
1000 1075 50 22 that
1065 1077 60 20 from
1141 1083 29 14 an
1190 1076 81 21 advan-

679 1106 91 24 tageous
789 1102 116 28 purchase,
925 1102 30 22 he
974 1103 19 21 is
1016 1103 99 21 enabled
1137 1106 23 18 to
1177 1103 65 21 retail
1259 1110 14 14 a

679 1130 100 28 superior
788 1129 83 29 sample
882 1129 27 22 of
918 1129 46 22 rice
974 1132 24 19 at
1006 1129 50 26 3Jd.
1067 1137 41 20 per
1116 1129 31 22 lb.

1016 1163 36 21 W.
1069 1163 25 21 P.
1111 1163 131 22 HARVIE.

706 1198 55 22 Port
769 1197 130 27 Nicholson,
911 1198 58 27 May
976 1199 34 26 22,
1022 1199 60 20 1840.

680 1253 163 48 PICKLES,
859 1253 90 27 Sauces,
965 1252 110 28 Mustard,
1091 1253 93 22 Bottled
1198 1254 73 22 Fruits

753 1280 45 21 and
808 1280 126 26 Preserves,
946 1280 46 21 and
1000 1280 56 22 Pine
1068 1280 94 23 Cheese.

857 1313 55 22 And
923 1313 49 28 just
980 1315 110 26 received,

806 1349 77 27 30,000
901 1348 128 23 American
1049 1349 94 22 Cigars.

897 1381 26 23 T.
935 1382 34 22 M.
980 1382 185 22 PARTRIDGE
1172 1383 46 21 and
1224 1383 46 22 CO.

678 1434 178 48 WA.NTED
875 1437 23 19 to
917 1434 61 22 lease
996 1442 25 14 or
1035 1434 118 28 purchase,
1172 1442 15 14 a
1202 1435 68 22 Town

765 1463 151 21 Allotment.
932 1461 73 22 Offers
1013 1461 25 21 in
1047 1461 95 27 writing,
1151 1461 120 23 addressed

680 1491 21 18 to
719 1488 44 22 Mr.
783 1489 79 25 Grace,
881 1488 46 22 and
943 1488 41 22 left
998 1491 24 19 at
1037 1488 38 22 the
1096 1487 71 23 Office
1185 1489 25 21 of
1227 1489 43 22 this

678 1522 76 21 paper,
766 1516 44 22 will
819 1516 28 22 be
855 1515 155 28 immediately
1021 1515 107 22 attended
1138 1518 30 20 to.

680 1569 68 49 TO
762 1569 39 22 BE
816 1568 85 28 SOLD,
922 1576 13 14 a
944 1576 51 15 new
1003 1569 141 22 WOODEN
1158 1570 110 28 HOUSE,

756 1597 39 27 (by
805 1595 131 28 Manning,)
951 1598 27 20 33
988 1597 46 21 feet
1042 1597 31 27 by
1083 1598 34 26 18,
1125 1597 92 27 making
1226 1597 43 22 five

678 1630 75 15 rooms
763 1625 13 20 8
785 1623 45 22 feet
840 1623 78 26 height
927 1623 24 21 in
962 1623 36 22 the
1009 1623 65 27 clear,
1090 1625 14 20 2
1118 1623 89 22 French
1216 1625 54 21 win-

679 1649 67 28 dows,
756 1651 67 21 roller
828 1649 81 28 blinds,
916 1650 70 26 locks,
996 1651 47 26 &c,
1052 1651 118 27 complete.
1195 1651 75 28 Apply

678 1680 22 18 to
711 1677 56 22 Rev.
778 1678 25 21 T.
815 1678 25 21 F.
851 1677 111 28 Churton,
972 1677 131 22 Thorndon.

676 1731 185 48 WANTED,
883 1738 14 14 a
919 1732 97 21 number
1038 1732 26 21 of
1082 1731 185 23 Brick-makers.

775 1759 75 27 Apply
861 1761 22 18 at
893 1758 38 22 the
970 1759 94 22 Gazette
1104 1759 79 22 Office.

918 1813 107 20 LAND.

676 1847 187 49 WANTED,
880 1847 101 22 Sections
996 1847 53 23 with
1060 1848 71 22 Town
1143 1849 77 26 Acres,
1230 1849 39 21 be-

774 1879 71 18 tween
869 1874 56 22 Nos.
949 1877 42 20 200
1015 1875 45 21 and
1082 1877 50 21 300.
1172 1876 97 22 Address

676 1901 31 23 X.
718 1902 28 22 Y.
757 1902 34 27 Z.,
802 1906 24 18 at
835 1901 37 23 the
911 1902 94 22 Gazette
1042 1902 80 22 Office.

702 1937 67 27 April
778 1939 19 23 9,
810 1938 60 21 1810.

859 1992 108 21 TOWN
986 1993 97 20 LAND

675 2026 178 46 WANTED
861 2028 22 18 to
889 2025 117 26 purchase.
1035 2026 69 26 Early
1113 2026 77 22 choice
1195 2027 78 24 would,

774 2053 26 20 be
810 2051 121 28 preferred.
962 2051 76 28 Apply
1047 2054 23 19 to

1031 2085 126 22 ROBERT
1170 2086 69 22 TOD.

704 2119 54 22 Port
767 2119 132 27 Nicholson,
912 2119 66 28 April
987 2120 34 26 23,
1033 2120 62 21 1840.

920 2176 106 20 LAND.

675 2210 177 49 WANTED
863 2213 23 18 to
896 2209 117 28 purchase,
1023 2210 144 22 SEVERAL
1176 2211 91 22 TOWN

774 2237 104 23 ACRES.
909 2237 69 27 Early
993 2232 87 27 choices
1096 2238 75 22 would
1181 2238 28 22 be
1220 2246 48 20 pre-

675 2265 81 22 ferred.
769 2267 4 3 '
784 2265 77 28 Apply
870 2267 24 19 to
900 2264 46 22 Mr.
956 2264 91 28 Dudley
1057 2265 103 21 Sinclair.

677 2318 221 51 STATIONERY
927 2318 64 22 FOR
1020 2319 86 28 SALE,
1135 2320 42 21 AT
1204 2320 63 22 THE

766 2345 144 24 GAZETTE
949 2345 110 22 OFFICE
1066 2353 38 14 :

817 2387 139 15 WHOLESALE
970 2387 46 15 AND
1032 2387 92 15 RETAIL.

702 2414 57 23 Fine
768 2414 47 22 laid
823 2416 55 26 pott,

702 2442 57 22 Fine
769 2442 61 22 thick
840 2447 62 16 wove
914 2444 79 24 quarto
1001 2444 56 24 post,

701 2468 65 23 Ditto
822 2468 54 23 ditto
911 2471 80 18 octavo
1001 2468 43 27 do.,

703 2496 117 28 Superfine
829 2501 63 16 wove
902 2498 81 24 quarto
993 2495 57 22 satin
1058 2498 58 25 post,

702 2523 65 22 Ditto
822 2523 55 22 ditto
905 2524 80 19 octavo
996 2522 61 28 ditto,

702 2550 65 23 Ditto
777 2550 48 22 thin
835 2548 46 24 laid
890 2552 80 24 quarto
981 2549 62 27 ditto,

702 2576 65 23 Ditto
822 2577 56 22 ditto
889 2580 80 18 octavo
979 2576 61 27 ditto,

703 2604 116 28 Superfine
831 2604 63 26 large
907 2604 51 21 thin
970 2603 53 22 blue
1040 2611 63 15 wove
1117 2607 79 25 quarto
1209 2608 56 24 post,

678 2632 107 27 stamped,

702 2659 117 27 Superfine
828 2657 46 24 laid
883 2657 108 29 foolscap,

703 2685 74 28 Large
787 2686 49 21 thin
845 2688 80 24 quarto
934 2688 57 24 post,

702 2712 60 23 Note
772 2720 75 20 paper,

703 2740 82 21 Brown
794 2746 74 22 paper,
877 2739 104 27 imperial
991 2747 55 20 cap.,

701 2766 50 28 Bag
760 2767 62 27 ditto,

703 2793 64 22 Kent
777 2794 61 27 ditto,

702 2820 72 28 Royal
784 2821 68 26 hand,

702 2848 100 22 juumber
812 2848 61 27 ditto,

702 2874 58 22 Blue
770 2875 73 28 demy,

701 2901 77 28 Demy
784 2902 97 26 blotting
887 2908 77 21 paper,

701 2928 90 23 Double
800 2935 80 20 crown,

702 2956 71 22 Small
781 2956 68 27 hand,

702 2983 88 27 Crown,

700 3009 76 23 Blank
785 3010 70 27 cards,

701 3037 151 23 Memoranda
860 3036 79 28 books,

701 3064 49 22 Pen
758 3064 96 27 holders,
866 3064 70 22 wafer
948 3067 89 25 stamps,
1045 3064 53 22 lead
1107 3065 94 28 pencils,
1213 3065 53 23 slate

673 3091 63 28 ditto,
755 3092 66 22 India
840 3091 88 28 rubber,
949 3091 86 28 sealing
1052 3099 58 20 wax,
1131 3093 64 22 office
1213 3101 53 20 pen-

672 3118 88 29 knives,
771 3119 40 22 &c.
824 3119 39 22 &c.
875 3118 41 22 &c.

900 3173 141 21 NOTICE.

671 3206 204 50 WHEREAS,
892 3206 63 22 since
965 3208 110 27 Saturday
1083 3208 53 28 last,
1147 3216 61 15 some
1218 3217 49 20 per-

760 3242 41 14 son
817 3242 25 14 or
855 3241 94 19 persons
963 3234 58 22 have
1034 3235 137 28 feloniously
1184 3237 84 21 carried

673 3269 63 19 away
746 3269 14 14 a
768 3262 60 27 buoy
838 3260 80 28 placed
927 3260 78 23 within
1016 3269 14 14 a
1038 3262 54 21 mile
1102 3262 27 22 of
1140 3262 38 22 the
1184 3263 81 29 Beach,

673 3288 100 28 opposite
784 3288 44 22 Mr.
842 3286 107 24 Telford's
963 3288 70 22 Store.
1061 3289 56 27 Any
1126 3296 82 21 person
1218 3290 50 23 who

671 3310 106 33 wifrgive
788 3315 55 22 such
858 3314 147 22 information
1021 3322 24 14 as
1059 3315 48 23 will
1120 3316 53 22 lead
1189 3320 23 19 to
1229 3317 38 23 the

671 3342 134 24 restoration
819 3342 26 22 of
858 3341 38 22 the
911 3344 107 26 property
1035 3342 45 22 and
1100 3344 128 22 conviction
1245 3345 26 22 of

672 3369 38 21 the
729 3369 106 28 offender,
853 3368 46 21 will
918 3373 26 16 be
962 3368 96 29 suitably
1073 3370 129 28 rewarded;
1222 3373 46 21 and

672 3396 29 22 all
711 3404 93 20 persons
815 3403 37 15 are
864 3394 87 28 hereby
966 3396 86 27 strictly
1068 3396 129 28 prohibited
1210 3398 57 24 from

671 3423 118 28 removing
798 3430 46 21 any
852 3422 73 25 buoys
935 3429 27 15 or
970 3422 65 22 other
1049 3423 78 23 marks
1144 3427 124 21 connected

672 3450 55 22 with
736 3450 43 22 this
789 3453 56 25 port,
857 3448 73 22 under
941 3448 37 23 the
990 3453 97 19 severest
1096 3451 101 28 penalty.

772 3491 6 7 -
804 3484 36 27 By
850 3482 66 22 order
925 3483 27 21 of
964 3483 46 22 Col.
1022 3483 133 29 Wakefield,

891 3516 125 24 ROBERT
1031 3517 28 23 R.
1077 3518 133 29 STRANG,

1155 3554 109 23 Solicitor.

699 3578 56 23 Port
763 3578 133 27 Nicholson,
908 3578 57 27 May
974 3579 34 27 21,
1020 3580 60 21 1840.

681 3632 119 23 TOSIAS
809 3632 134 27 TUCKER,
955 3632 158 28 Blacksmith,
1127 3634 85 29 Shoer,
1223 3636 44 22 and

673 3655 26 24 ti
738 3659 112 28 Farrier,
860 3659 55 27 begs
925 3662 24 19 to
959 3659 82 22 inform
1050 3656 39 27 the
1098 3660 139 24 inhabitants
1245 3663 26 21 of

673 3684 54 23 Port
738 3686 130 28 Nicholson,
880 3685 50 23 that
944 3686 28 21 he
988 3686 41 22 has
1044 3689 149 21 commenced
1208 3690 59 22 busi-

673 3719 52 15 ness
741 3712 24 22 in
782 3713 39 22 the
838 3712 71 23 above
925 3713 66 27 lines,
1008 3713 25 22 in
1052 3721 14 14 a
1082 3714 62 29 Shop
1158 3723 56 15 near
1229 3717 38 21 the

673 3737 90 29 Beach,'
769 3743 22 18 at
800 3740 39 21 the
847 3739 60 22 back
917 3740 27 21 of
955 3740 45 22 Mr.
1012 3740 111 23 Hunter's
1133 3742 81 28 Stpres,
1223 3744 44 21 and

673 3766 69 27 hopes
756 3766 32 28 by
804 3766 111 22 attention
932 3769 24 20 to
972 3767 102 22 business
1089 3771 23 19 to
1128 3770 67 22 merit
1211 3770 57 23 then-

673 3796 99 25 support.

769 3847 110 24 KAREY
897 3848 46 21 and
960 3848 35 23 W.
1012 3849 159 24 NICHOLLS
1188 3851 43 28 beg
1245 3855 22 21 tq

788 3875 81 22 inform
880 3874 39 23 the
929 3875 137 23 inhabitants
1076 3877 27 21 of
1115 3878 53 21 Port
1175 3878 86 22 Nichol-

673 3909 47 19 son,
742 3902 49 21 that
809 3903 52 26 they
878 3902 59 22 have
960 3904 147 22 commenced
1125 3904 101 23 business
1244 3912 17 15 a:

673 3928 144 28 COOPERS,
829 3932 23 19 at
861 3928 132 28 Thorndon,
1010 3931 45 21 and
1064 3930 59 29 hope
1134 3931 29 28 by
1172 3935 88 24 punctu-

673 3954 54 28 ality
738 3959 22 18 to
770 3956 65 21 niei'H
846 3955 56 21 their
913 3959 147 24 patvon.-igci'

274 135 167 21 AUCTION.

66 167 91 49 MR.
182 168 22 21 J.
226 168 146 23 TELFORD
387 169 19 21 is
421 168 124 22 instructed
558 171 24 19 to
599 168 55 22 offer

156 194 35 22 for
201 194 53 28 sale,
266 198 24 19 at
298 195 37 22 the
344 195 70 22 house
422 195 25 21 of
454 195 45 22 Mr.
508 195 29 21 A.
547 195 105 26 Duncan,

64 228 56 14 near
137 221 37 22 the
191 221 72 28 Bank,
281 229 30 14 on
327 221 142 27 Wednesday
488 224 61 24 next,
570 224 24 19 at
610 224 43 19 two

66 247 85 22 o'clock
159 255 5 14 :

92 281 38 21 An
141 280 116 29 eight-day
268 281 70 27 clock,

91 308 23 20 A
124 308 133 26 barometer,

90 334 81 22 Scotch
181 335 65 21 made
256 335 50 21 iron
312 334 89 28 plough,
412 337 43 19 two
463 337 34 19 set
504 334 26 22 of
536 334 65 22 horse
609 333 45 22 and

64 367 43 15 one
117 364 35 18 set
160 360 59 22 mule
229 361 99 27 harness,
338 361 74 27 riding
423 360 76 22 saddle
515 360 44 22 and
573 360 79 26 bridle,

64 390 52 24 cart,
124 388 118 27 mounting
248 388 81 21 wheels
335 388 46 21 and
386 388 57 27 axle,
451 386 203 22 double-barrelled

62 421 54 19 gun,
127 415 40 21 &c.
175 415 41 21 &c.

325 440 29 22 A.
370 440 99 28 SCOTT,
480 440 144 22 Auctioneer.

90 467 54 22 Port
154 467 131 28 Nicholson,
296 468 55 27 May
360 469 34 25 23,
407 468 60 21 1840.

268 522 178 21 REGATTA.

63 555 92 48 MR.
171 555 22 22 J.
210 556 144 21 TELFORD
369 556 39 21 has
426 563 29 14 on
470 555 54 27 sale,
541 562 13 15 a
565 555 89 22 limited

154 582 104 28 quantity
268 582 26 21 of
304 582 77 21 ladies'
392 582 61 21 dress
462 582 66 22 shoes
534 590 5 19 ;
557 582 27 21 of
597 589 56 20 gen-

62 609 103 21 tlemen's
174 609 61 22 dress
245 609 45 21 and
299 609 51 21 half
363 609 59 21 dress
434 609 65 21 boots
515 609 45 21 and
574 608 64 22 shoes
645 616 5 19 ;

61 635 46 21 and
116 643 14 14 a
138 635 62 27 large
208 636 107 21 selection
325 635 27 22 of
361 638 87 24 regatta
457 635 102 26 shirting.

88 662 58 21 N.B.
180 662 74 22 Prime
264 662 56 28 pork
332 662 46 21 and
390 662 57 27 beef,
465 662 35 22 for
513 662 43 21 this
570 661 82 22 week's

61 689 95 21 market.

88 715 54 22 Port
152 715 131 28 Nicholson,
295 715 56 28 May
361 717 33 20 22.

278 770 47 21 ON
340 770 95 21 SALE.

60 804 93 48 MR.
168 804 22 21 J.
205 804 145 22 TELFORD
365 804 54 27 begs
435 807 22 18 to
471 803 111 26 intimate,
603 803 49 21 that

153 831 28 21 he
191 831 40 21 has
242 838 29 14 on
282 831 57 26 Sale,
351 834 23 18 at
382 831 35 21 his
428 831 86 26 House,
523 834 23 18 at
555 830 38 21 the
604 833 48 19 east

54 879 6 7 y
59 857 45 21 end
123 857 26 21 of
168 857 37 22 the
225 858 135 27 Company's
378 857 156 28 Warehouses,
558 864 30 15 on
613 857 37 21 the

46 883 96 28 '"Beach,
154 892 28 14 an
192 887 135 19 assortment
337 885 26 21 of

221 918 26 21 of
259 918 37 21 the
307 918 48 22 first
364 918 93 28 quality,

86 944 69 22 Flour
164 944 45 22 and
220 944 103 28 oatmeal,

87 972 76 26 Sugar,
175 975 44 23 tea,
231 972 45 21 and
287 971 74 27 coffee,

85 998 91 27 Cheese,
187 999 82 27 butter,
281 998 45 22 and
335 998 88 22 various
434 997 64 22 other
509 997 94 22 articles.

58 1031 55 22 Port
121 1031 131 27 Nicholson,
266 1032 64 27 April
340 1033 33 26 10,
385 1033 61 21 1840.

192 1087 153 20 WEEKLY
360 1087 162 21 MARKET.

59 1120 93 48 MR.
167 1120 21 21 J.
204 1120 144 22 TELFORD
363 1120 40 22 has
417 1120 111 28 arranged
538 1124 21 18 to
568 1120 59 23 have
638 1127 14 15 a

151 1155 94 14 weekly
269 1155 93 14 market
389 1155 29 14 on
442 1148 140 21 MONDAY
607 1147 45 22 and

59 1174 169 21 SATURDAY
243 1174 167 27 EVENINGS,
427 1177 23 18 at
459 1174 35 21 his
504 1174 145 26 Warehouse,

58 1200 59 22 from
127 1202 15 20 4
151 1204 22 18 to
184 1202 13 21 7
207 1201 93 27 o'clock,
313 1201 68 27 being
394 1202 110 21 intended
520 1202 81 26 chiefly
616 1202 35 21 for

59 1226 38 23 the
118 1228 194 21 accommodation
332 1228 26 21 of
375 1228 144 22 Workmen's
539 1228 111 23 Families.

58 1254 48 22 The
125 1254 115 28 following
259 1255 88 22 articles
365 1255 44 22 will
428 1256 27 21 be
475 1256 50 21 sold
542 1256 24 21 in
586 1256 64 21 small

58 1282 127 27 quantities,
198 1285 23 18 at
229 1282 131 21 reasonable
370 1283 71 27 prices
448 1290 5 13 :

85 1308 76 27 Flour,
182 1309 104 27 oatmeal,
306 1316 72 20 sugar,
398 1313 43 23 tea,
468 1310 76 26 coffee,
568 1310 81 26 butter,

59 1334 85 28 cheese,
157 1336 98 27 candles,
268 1343 59 20 soap,
339 1336 40 22 &c.
391 1337 38 21 &c.

87 1362 54 21 Port
149 1362 131 28 Nicholson,
292 1363 64 27 April
367 1365 31 25 10,
410 1364 61 20 1840.

274 1419 47 19 ON
339 1419 95 20 SALE.

59 1452 93 48 MR.
167 1452 144 21 TELFORD
321 1452 40 21 has
372 1459 28 14 on
410 1452 54 27 sale,
482 1452 86 28 Starch,
587 1453 63 22 Mar-

152 1479 93 27 malade,
258 1478 44 23 and
312 1479 93 28 Pickles,
417 1479 45 22 and
478 1487 56 21 very
549 1480 101 28 superior

58 1506 99 26 Brandy.

87 1532 54 22 Port
150 1532 131 28 Nicholson,
292 1533 52 22 24th
355 1533 71 28 April,
436 1535 62 25 1840,

222 1589 98 20 LAND
339 1590 144 21 ORDERS.

61 1622 33 35 Q
99 1621 126 23 EVERAL
231 1623 43 21 lots
283 1623 26 21 of
314 1623 68 21 Town
391 1622 44 22 and
441 1623 101 28 Country
549 1623 101 22 Sections

60 1644 34 27 O
124 1649 35 22 for
168 1649 58 27 Sale,
240 1650 31 27 by
287 1650 87 22 Private
391 1650 113 22 Contract.
534 1650 76 28 Apply
626 1654 24 18 to

58 1675 28 22 R.
102 1676 28 22 R.
148 1676 99 27 Strang,
268 1677 59 28 Esq.,
346 1677 108 28 Solicitor,
470 1677 45 22 No.
529 1678 20 27 4,
569 1677 81 28 Clyde-

58 1706 93 24 terrace,
163 1710 24 14 or
197 1706 23 19 to
230 1699 44 26 Mr.
287 1704 21 21 J.
318 1704 97 21 Telford.

86 1730 54 22 Port
149 1729 131 29 Nicholson,
292 1731 64 28 April
365 1732 33 27 24,
410 1732 61 21 1840.

211 1786 109 21 BRICK
334 1786 157 21 MAKING-.

57 1820 185 50 WANTED,
250 1821 63 22 three
320 1821 76 25 steady
402 1821 123 22 workmen.
545 1821 76 25 Apply
626 1825 23 19 to

378 1849 44 21 Mr.
434 1848 21 22 J.
466 1849 153 21 TELFORD.

224 1904 98 20 LAND
337 1903 144 21 ORDERS.

58 1938 92 48 MR.
165 1938 22 21 J.
202 1937 145 22 TELFORD
361 1936 40 23 has
414 1944 29 14 on
454 1936 58 28 Sale,
523 1937 70 22 Town
603 1937 46 22 and

150 1965 100 27 Country
260 1964 108 22 Sections.

85 1992 36 21 He
132 1992 19 21 is
161 1992 45 21 also
215 1991 124 22 instructed
348 1995 22 18 to
384 1990 110 29 purchase
502 1991 38 22 the
548 1992 101 26 Country

57 2019 65 21 Land
131 2019 23 22 in
165 2026 11 15 3
187 2019 86 21 section
283 2019 26 21 of
320 2018 37 22 the
370 2018 48 22 first
433 2019 68 21 series
515 2018 73 22 under
603 2019 44 21 No.

55 2047 49 20 000.

83 2080 54 22 Port
145 2079 132 27 Nicholson,
288 2079 65 27 April
364 2080 32 25 10,
408 2079 60 20 1840.

299 2135 103 20 LAND.

73 2171 16 20 A
107 2169 45 23 NY
171 2167 138 23 Gentleman
328 2168 95 27 wishing
441 2171 23 18 to
483 2167 88 28 dispose
591 2167 26 23 of
635 2175 14 15 a

55 2190 51 30 J\.
135 2196 65 22 Land
209 2195 81 28 Order,
301 2202 52 21 may
363 2195 54 22 hear
426 2195 27 22 of
464 2202 14 14 a
487 2194 122 28 purchaser
618 2202 30 14 on

55 2223 150 28 appplication
215 2226 23 19 to

255 2249 127 23 SAMUEL
396 2249 47 22 Me.
459 2248 160 27 DONNELL,

193 2285 54 22 Last
260 2285 65 27 Tent,
341 2287 54 19 west
409 2284 46 21 end
469 2283 26 22 of
511 2283 37 22 the
563 2283 82 22 Beach.

82 2319 38 22 Bfi
132 2319 71 28 April,
215 2320 61 20 1840.

57 2374 165 50 STORAGE
234 2378 23 17 to
267 2374 27 22 be
301 2374 51 23 had.
382 2374 76 28 Apply
466 2378 23 18 to
497 2374 26 22 T.
530 2375 33 22 M.
572 2374 75 22 Part-

121 2409 70 14 ridge
203 2401 45 22 and
259 2402 38 21 Co.

54 2456 63 23 THE
141 2457 89 22 FIRST
254 2457 80 22 SHOP
359 2457 125 22 OPENED
509 2457 36 22 IN
566 2457 81 22 PORT

255 2484 190 22 NICHOLSON.

97 2518 56 20 The
168 2517 145 21 Britannia
327 2519 83 20 Hotel
427 2519 56 20 and
501 2519 100 21 Stores.

53 2552 36 48 J
125 2551 112 22 PIERCE
253 2552 55 26 begs
323 2555 24 18 to
363 2553 83 21 inform
461 2552 35 22 his
506 2552 85 22 friends
602 2552 46 22 and

122 2578 38 22 the
169 2578 83 28 public,
264 2579 49 21 that
321 2579 35 22 his
365 2580 73 21 Stores
446 2587 37 14 are
492 2587 50 14 now
551 2580 94 27 opened,

54 2605 45 22 and
109 2605 48 22 that
165 2606 31 26 by
205 2606 111 21 attention
327 2606 45 22 and
386 2606 110 28 diligence
506 2606 28 22 he
544 2606 70 28 hopes
624 2610 23 18 to

53 2633 67 21 merit
130 2632 56 22 their
196 2636 129 24 patronage.

81 2667 21 21 J.
113 2667 87 21 Pierce
208 2667 56 27 begs
274 2670 23 18 to
308 2667 82 22 submit
403 2667 37 22 the
450 2667 117 27 following
575 2667 39 22 list
624 2668 26 22 of

54 2694 70 27 goods
132 2702 4 13 :

83 2729 118 21 Groceries
210 2728 27 22 of
248 2728 30 22 all
288 2728 73 22 kinds.

81 2755 80 27 Bread,
172 2755 64 28 flour,
248 2756 46 22 and
302 2756 87 22 biscuit.

82 2783 84 27 Spirits,
183 2783 76 27 wines,
278 2783 35 22 ale
330 2783 46 23 and
391 2787 81 24 porter,
490 2785 25 21 in
532 2784 53 22 cask
602 2785 45 22 and

54 2808 77 24 bottle.

81 2837 62 22 York
149 2837 45 22 and
201 2836 138 29 Westphalia
344 2837 72 28 hams,
424 2838 24 22 in
455 2838 61 27 good
523 2839 122 23 condition.

82 2864 175 27 Haberdashery
267 2865 26 21 of
304 2864 29 22 all
342 2865 73 22 kinds.

82 2891 163 28 Ironmongery
255 2891 46 22 and
311 2892 90 27 cutlery.

81 2919 65 21 Nails
155 2919 71 21 direct
234 2919 59 21 from
302 2918 38 22 the
349 2919 117 23 Britannia
475 2920 80 23 works.

81 2952 21 22 J.
119 2952 86 22 Pierce
220 2952 70 28 hopes
299 2952 49 22 that
356 2952 37 23 the
408 2954 143 27 competitive
561 2958 84 25 system

54 2978 26 23 of
90 2979 93 28 puffing,
196 2987 24 14 so
229 2980 70 21 much
309 2980 110 27 practised
427 2981 23 21 in
461 2981 38 22 the
516 2982 36 21 old
567 2983 76 27 world,

53 3006 45 21 will
114 3013 70 14 never
200 3006 28 21 be
243 3006 134 22 introduced
392 3008 23 21 in
432 3008 44 21 this
494 3008 99 28 Colony;
615 3009 30 23 he

53 3032 110 23 therefore
173 3033 95 22 refrains
277 3034 58 21 from
346 3034 144 28 introducing
504 3036 78 27 prices,
599 3037 47 21 and

53 3060 86 28 merely
147 3060 82 22 invites
240 3068 14 14 a
263 3060 57 22 trial.

81 3094 54 22 Port
144 3094 131 28 Nicholson,
288 3095 64 27 April
363 3097 32 26 13,
407 3097 61 21 1840.

54 3150 231 21 CALEDONIAN
301 3152 148 20 TAVERN
468 3152 21 20 &
505 3153 138 25 STORES,

212 3178 48 19 ON
275 3178 70 20 THE
360 3178 127 21 BEACH.

54 3209 92 49 MR.
163 3209 125 22 HARVIE
300 3211 54 26 begs
370 3215 23 17 to
408 3211 84 23 inform
509 3212 35 22 his
558 3212 86 22 friends

146 3236 46 22 and
201 3236 37 22 the
248 3237 74 26 public
331 3238 24 20 in
364 3239 97 27 general,
470 3239 50 21 that
527 3239 37 23 the
572 3239 71 23 above

54 3263 78 22 House
143 3263 44 22 and
198 3263 74 22 Stores
282 3271 36 14 are
330 3272 51 14 now
398 3272 64 21 open,
481 3266 46 22 and
542 3267 49 21 that
606 3267 37 22 the

52 3290 115 27 following
175 3290 70 27 goods
255 3298 38 14 are
302 3291 34 21 for
346 3291 51 28 sale,
407 3299 29 15 on
443 3291 39 23 the
488 3296 58 19 most
551 3301 92 15 reason-

52 3317 50 22 able
113 3321 80 18 terms:

81 3350 82 23 Choice
170 3351 69 22 wines
249 3351 46 22 and
304 3351 80 28 spirits.

80 3378 96 22 Elliott's
186 3378 101 28 superior
295 3378 86 23 bottled
394 3380 45 21 and
449 3380 95 28 draught
553 3382 35 22 ale
598 3382 46 22 and

53 3408 67 19 stout.

81 3432 123 27 Groceries,
217 3432 78 28 spices,
306 3432 40 22 &c.
358 3432 38 23 &c.

80 3459 104 28 Superior
194 3459 52 27 rice,
257 3459 141 28 remarkably
408 3460 78 28 cheap.

80 3486 88 22 Blocks.
198 3486 49 32 Pit^
253 3490 115 24 cross-out,
377 3486 67 28 hand,
454 3488 46 21 and
509 3491 64 19 tenor
580 3497 62 15 saws.

80 3514 81 21 Braces
171 3513 46 22 and
225 3513 51 27 bits,
288 3513 67 28 ship's
365 3521 104 21 scrapers,
478 3516 92 21 mortice
582 3523 60 21 axes,

52 3540 75 28 frying
146 3548 62 20 pans,
229 3540 97 27 scissors,
348 3540 85 28 knives,
453 3549 82 21 razors,
554 3543 90 27 powder

52 3567 74 28 flasks,
138 3569 72 25 slates,
222 3566 52 23 lead
287 3570 45 19 and
348 3567 53 22 slate
417 3568 94 28 pencils,
528 3570 54 21 steel
598 3570 46 22 and

52 3594 61 22 brass
123 3601 63 21 pens,
198 3594 45 22 and
253 3601 13 15 a
273 3597 63 24 great
343 3594 86 28 variety
440 3595 26 22 of
476 3596 167 28 ironmongery.

81 3621 96 27 Regatta
195 3621 67 22 white
288 3622 46 21 and
359 3622 82 28 striped
466 3622 75 28 shirts,
565 3624 78 27 prints,

51 3647 74 23 linens
135 3648 45 22 and
190 3648 102 22 calicoes.

81 3675 73 27 Cloth,
174 3683 49 20 pea,
243 3675 91 28 fustian,
356 3675 44 22 and
419 3676 53 21 cord
492 3676 89 27 jackets
599 3677 46 21 and

52 3704 104 26 grousers.

80 3728 147 28 Dress'coats,
238 3729 125 22 waistcoats
373 3728 45 23 and
428 3732 104 25 trousers,
543 3730 80 22 stocks.

81 3755 87 23 Ladies'
187 3756 65 22 boots
271 3756 45 22 and
341 3756 70 28 shoes,
431 3756 150 28 gentlemen's
600 3758 45 22 and

53 3782 120 22 children's
183 3782 64 22 ditto.

81 3809 84 25 Candle
183 3810 46 24 and
247 3810 62 27 lamp
327 3813 82 24 cotton,
430 3810 112 28 webbing,
562 3811 47 22 and
631 3819 14 14 a

52 3836 91 28 general
154 3839 134 23 assprtment
301 3837 26 21 of
337 3837 63 23 other
409 3837 78 28 goods,
506 3838 96 28 adapted
611 3839 34 21 for

52 3871 14 14 a
74 3871 84 20 -young
174 3863 87 28 Colony
269 3872 5 19 ;
298 3864 53 27 also,
372 3872 14 14 a
401 3872 106 14 canteen
527 3865 115 28 complete,

52 3890 131 28 containing
205 3898 69 20 every
298 3891 105 28 requisite
426 3891 35 21 for
480 3898 29 15 an
528 3892 117 28 exploring

53 3917 134 28 expedition.

79 3951 82 26 Beach,
173 3951 53 21 Port
236 3951 131 27 Nicholson,
379 3952 55 27 May
445 3953 31 25 16,
490 3954 60 20 1840.
627 3961 16 14 m

1532 138 124 23 NOTICE.

1317 170 72 21 THE
1409 170 115 23 UNION
1542 172 154 22 BENEFIT
1716 174 152 20 SOCIETY.

1317 203 18 22 A
1353 203 38 23 LL
1401 203 137 23 PERSONS
1544 204 96 29 wishing
1647 208 23 19 to
1679 206 89 22 become
1778 206 110 22 members

1299 227 52 24 .xjL
1380 230 25 21 of
1418 230 44 22 this
1476 231 95 28 Society,
1588 239 37 14 are
1642 233 109 26 earnestly
1764 233 87 21 invited
1865 236 23 18 to

1300 256 79 22 attend
1388 259 23 19 at
1421 256 45 22 Mr.
1477 257 36 22 W.
1524 258 104 22 Elsdon's
1635 259 144 21 Commercial
1790 258 43 22 Inn
1844 259 45 22 and

1299 283 96 27 Tavern,
1411 290 30 15 on
1450 283 82 28 Friday
1543 285 98 26 evening
1650 288 61 19 next.
1739 285 45 22 The
1795 285 61 22 chair
1865 288 22 19 to

1299 309 29 22 be
1339 309 67 22 taken
1416 313 24 18 at
1447 309 109 30 half-past
1565 311 34 22 six
1616 312 87 22 o'clock
1711 311 112 28 precisely.

1303 363 91 49 CJ.
1405 364 99 22 STONE
1514 365 54 28 begs
1578 368 22 20 to
1611 366 83 22 inform
1704 366 37 22 the
1750 367 81 27 public,
1840 366 49 22 that

1390 390 35 22 his
1435 398 50 15 new
1496 392 62 22 Store
1567 393 19 21 is
1596 400 51 14 now
1658 400 57 17 open
1725 393 32 22 for
1765 393 39 22 the
1813 393 45 22 sale
1866 393 25 22 of

1301 417 170 28 Ironmongery,
1489 418 130 28 Hardware,
1635 418 97 29 Cutlery,
1746 421 37 20 &c.
1814 420 21 21 A
1851 420 38 22 list

1300 443 27 22 of
1337 451 14 14 a
1360 444 42 22 few
1412 445 89 22 articles
1510 445 23 22 in
1543 446 62 22 stock
1614 446 19 21 is
1645 446 113 27 appended
1765 454 6 14 :

1327 469 80 29 Locks,
1418 470 86 29 hinges,
1516 472 64 27 nails,
1591 480 86 20 screws,
1689 473 45 22 and
1742 473 70 21 brads.

1329 497 140 27 Carpenter's
1478 499 65 21 tools.

1329 523 53 23 Iron
1392 527 36 19 tea
1437 525 81 22 kettles
1527 525 46 23 and
1582 533 130 21 saucepans.

1327 549 132 24 Percussion
1470 552 45 22 and
1524 552 51 22 flint
1583 560 65 19 guns.

1328 577 55 21 Shot
1392 577 57 22 belts
1459 579 46 21 and
1513 579 91 27 powder
1612 579 76 22 flasks.

1329 604 52 22 Gun
1391 604 94 28 nipples,
1497 606 106 27 ramrods,
1612 606 47 22 and
1668 606 100 27 wadding
1777 606 107 32 punches.

1329 631 149 26 Gunpowder,
1491 632 56 27 shot,
1558 632 69 27 flints,
1639 633 45 21 and
1692 640 125 21 percussion
1828 641 59 20 caps.

1327 657 104 22 Window
1446 659 65 27 glass,
1529 659 68 22 white
1612 659 59 28 lead,
1689 659 83 23 unseed
1788 659 37 28 oil,
1844 659 45 23 and

1301 683 130 28 whitening.

1327 710 57 22 Blue
1394 710 46 22 and
1448 711 41 22 red
1498 712 83 22 twilled
1591 720 63 19 serge
1665 712 71 22 shirts.
1752 729 2 4 .

1327 737 95 28 Pickles,
1433 738 46 27 ink,
1491 739 111 28 blacking,
1614 739 113 28 crockery,
1738 740 38 22 &c.
1788 741 40 21 &c.

1327 763 92 23 Timber
1428 764 26 22 of
1466 765 31 22 all
1505 765 66 23 kinds
1581 773 29 15 on
1621 766 52 27 sale,
1688 767 45 21 and
1743 767 115 27 delivered,
1870 767 21 21 if

1299 791 111 27 required.

1327 817 54 22 Port
1390 817 132 28 Nicholson,
1532 819 58 27 May
1598 820 35 20 22.

1322 878 7 25 ;
1449 872 64 21 MR.
1533 873 30 21 T.
1583 873 156 21 ROSKELL

1299 904 108 51 BEGS
1417 908 24 19 to
1447 905 83 23 inform
1536 906 38 22 the
1580 906 83 27 public,
1671 907 48 21 that
1723 907 27 22 he
1755 907 40 22 has
1800 908 88 26 opened

1377 939 14 14 a
1406 932 64 22 Store
1487 936 23 17 at
1524 932 38 21 the
1579 936 55 18 west
1651 933 44 21 end
1711 934 25 20 of
1752 934 35 21 the
1803 934 82 26 Beach,

1299 958 75 22 where
1383 958 29 22 he
1423 958 66 23 offers
1504 958 35 23 for
1556 958 53 28 sale,
1627 962 24 19 at
1666 960 126 21 reasonable
1808 960 78 28 prices,

1300 984 38 23 the
1347 985 204 23 undermentioned
1560 986 89 22 articles
1658 994 5 13 :

1327 1018 85 27 Spirits,
1428 1019 129 26 (wholesale
1566 1019 46 22 and
1622 1019 83 26 retail.)

1327 1045 52 27 Tea,
1388 1045 74 28 coffee,
1471 1054 72 19 sugar,
1551 1047 100 26 tobacco,
1659 1047 46 21 and
1711 1047 72 27 cigars,
1795 1047 89 27 (retail.)

1327 1071 75 23 Prime
1417 1079 50 15 rose
1484 1073 59 21 Cork
1555 1073 83 27 butter,
1657 1073 85 28 cheese,
1755 1073 70 28 hams,
1842 1075 45 21 and

1299 1098 63 29 pork.

1327 1125 70 22 Flour
1405 1125 46 22 and
1459 1125 88 23 biscuit.

1326 1152 106 27 Vinegar,
1444 1160 84 19 sauces,
1539 1153 107 28 mustard,
1658 1153 89 28 pickles,
1757 1155 40 21 &c.

1327 1179 57 28 Soap
1391 1188 6 18 ;
1415 1187 81 20 sperm,
1507 1180 44 28 dip,
1564 1180 45 22 and
1618 1181 78 21 mould
1704 1181 93 21 candles.

1326 1205 72 29 Lamp
1408 1206 46 22 and
1461 1207 87 21 linseed
1557 1207 37 27 oil,
1605 1207 47 22 and
1660 1207 82 28 paints.

1326 1233 81 26 Prints,
1419 1233 84 22 fustian
1513 1237 108 24 trowsers,
1632 1234 110 27 blankets,
1752 1235 38 21 &c.

1325 1260 23 21 A
1357 1261 87 26 variety
1453 1261 26 21 of
1490 1260 121 27 hardware,
1623 1261 45 21 and
1675 1261 95 28 superior
1778 1261 109 23 Sheffield

1299 1287 95 27 cutlery.

1327 1314 21 21 A
1369 1313 102 28 quantity
1491 1314 26 22 of
1535 1314 91 27 mangel
1644 1314 83 23 wurzel
1745 1315 42 21 and
1802 1315 84 27 garden

1298 1340 71 22 seeds.

1506 1376 55 14 ALSO
1577 1376 29 14 ON
1623 1376 62 20 SALE,

1325 1402 23 21 A
1358 1401 65 22 small
1433 1404 47 19 cart
1489 1402 54 22 with
1552 1402 100 28 harness,
1666 1403 45 21 and
1721 1410 13 14 a
1743 1405 51 25 tent,
1807 1403 78 22 twelve

1297 1429 47 21 feet
1353 1428 30 27 by
1393 1428 67 28 eight.

1476 1464 14 14 A
1509 1463 57 15 BOAT
1587 1464 43 14 FOR
1650 1464 63 14 HIRE.

1297 1482 45 22 No.
1353 1484 19 25 3,
1383 1485 55 19 west
1447 1483 45 21 end
1502 1483 25 22 of
1538 1484 38 21 the
1586 1483 84 28 Beach,

1325 1509 54 22 Port
1397 1509 132 28 Nicholson,
1550 1510 55 28 May
1624 1511 47 27 7th,
1692 1511 58 21 1840.
