2550 4029
85 207 46 23 We
147 207 59 23 have
222 207 59 22 been
298 205 80 31 kindly
394 204 118 25 furnished
529 203 55 24 with
601 202 36 24 the

51 250 116 31 following
178 254 101 19 extracts
289 250 60 23 from
361 257 14 15 a
385 249 74 27 letter,
471 247 74 23 which
557 254 29 15 an
602 247 35 22 in-

52 293 104 30 telligent
160 292 75 24 friend
241 293 42 22 has
291 291 121 24 addressed
418 296 23 18 to
448 290 36 23 his
494 290 143 23 connections

51 336 25 22 in
88 335 110 30 England
206 343 5 15 :
213 347 35 4 —

115 384 54 24 You
180 384 55 29 will,
253 384 25 23 in
289 383 37 24 the
337 384 53 23 first
399 383 71 31 place,
488 382 29 23 be
529 381 110 24 desirious

51 431 24 19 to
86 427 64 23 learn
160 427 39 23 the
214 426 92 31 general
320 426 115 23 character
447 425 25 23 of
486 425 39 23 the
537 429 102 27 country,

51 470 46 22 and
107 473 119 28 prospects
239 470 24 22 of
275 469 38 23 the
324 468 88 31 colony,
432 475 24 16 as
469 468 81 30 chiefly
562 467 78 23 affect-

51 513 42 30 ing
103 513 38 23 the
155 516 105 27 property
272 511 25 23 of
308 511 66 24 those
385 511 49 23 who
446 511 57 23 have
514 510 126 32 purchased

50 555 55 23 land
115 555 58 23 from
190 555 41 23 the
242 555 56 23 New
313 554 101 24 Zealand
432 553 67 24 Land
513 554 125 30 Company.

52 597 72 32 Upon
137 597 64 24 these
219 598 84 30 points,
323 597 13 23 I
355 605 38 15 am
411 596 95 24 enabled
524 601 22 18 to
564 601 76 26 report

50 644 61 19 most
128 640 140 30 favourably.
305 639 57 24 Port
380 638 127 25 Nicholson
522 647 118 23 possesses

51 690 68 23 every
136 683 109 31 requisite
261 682 36 24 for
314 682 38 24 the
371 683 133 23 attainment
515 682 25 24 of
556 690 14 16 a
585 690 55 23 very

50 725 56 31 high
125 726 83 30 degree
220 725 26 23 of
260 726 138 31 prosperity.
435 725 51 24 The
506 725 100 24 harbour
620 726 19 23 is

51 768 119 29 excellent,
184 768 46 23 and
241 769 25 22 in
278 769 100 22 addition
390 773 21 18 to
428 770 30 22 its
477 770 104 22 intrinsic
599 769 40 23 ad-

51 816 103 26 vantage,
167 812 20 22 is
206 811 38 24 the
256 811 53 31 only
321 812 48 23 safe
386 812 44 23 and
449 812 122 23 accessible
588 816 52 27 port

49 855 36 22 for
96 854 63 31 large
169 855 87 23 vessels
269 863 29 15 on
310 855 38 23 the
355 855 77 23 North
441 855 87 29 Island,
538 856 102 23 between

51 897 38 23 the
100 898 60 22 river
172 897 102 24 Thames
286 906 29 15 on
326 897 39 24 the
382 903 55 24 east,
458 898 44 23 and
521 897 118 25 Manakou

51 948 30 15 on
92 940 39 23 the
141 944 57 20 west
211 944 69 20 coast.
318 941 51 23 The
381 941 43 23 soil
436 941 25 23 of
469 941 38 23 the
520 942 89 22 district
620 943 19 21 is

50 983 149 31 exceedingly
210 983 82 29 fertile,
305 983 89 30 thickly
403 983 99 29 wooded,
512 984 45 23 and
563 984 76 23 there-

49 1025 50 23 fore
110 1026 125 30 expensive
247 1030 24 19 to
282 1026 68 29 clear,
362 1026 42 23 but
420 1026 55 23 with
487 1034 13 15 a
511 1030 65 27 great
590 1026 49 23 deal

51 1068 26 23 of
84 1068 105 24 valuable
200 1068 84 24 timber
300 1077 62 24 upon
380 1070 24 22 it.
442 1069 51 23 The
512 1070 89 23 climate
620 1070 19 22 is

49 1111 120 30 healthful,
181 1111 112 32 pleasant,
313 1113 45 23 and
374 1121 25 15 so
414 1113 101 31 equable,
536 1113 49 23 that
601 1113 38 23 the

50 1153 105 32 working
166 1162 54 16 man
232 1155 75 31 might
317 1155 30 24 do
360 1164 14 14 a
384 1155 43 24 fair
445 1155 63 31 day's
527 1155 65 24 work
611 1163 28 16 on

51 1197 82 24 almost
141 1205 67 24 every
216 1198 42 31 day
266 1200 24 21 in
298 1198 37 23 the
345 1207 61 22 year.
444 1198 13 24 I
469 1199 58 23 have
539 1199 100 31 scarcely

49 1240 72 24 heard
133 1249 42 23 any
186 1249 86 23 person
286 1249 93 24 express
392 1250 28 15 an
435 1242 112 31 objection
566 1247 23 18 to
601 1242 38 23 the

51 1284 89 31 Colony
147 1285 24 23 in
183 1292 45 23 any
237 1284 24 24 of
270 1285 64 23 these
341 1289 101 27 respects
453 1294 4 20 ;
472 1285 87 31 though
570 1293 69 23 many

51 1335 38 16 are
100 1327 159 32 disappointed
271 1332 23 19 at
305 1328 89 31 finding
403 1328 39 24 the
454 1332 89 27 greater
554 1332 51 28 part
618 1329 22 23 of

49 1370 40 23 the
100 1370 55 23 land
166 1371 69 23 about
242 1371 38 24 the
290 1371 100 24 harbour
397 1372 94 23 covered
498 1371 55 24 with
560 1372 77 28 forest,

49 1413 85 32 having
156 1414 115 24 somehow
288 1414 107 25 obtained
410 1415 40 24 the
467 1415 51 24 idea
534 1415 49 24 that
600 1415 39 24 the

49 1457 51 23 first
117 1457 131 23 settlement
270 1462 61 18 must
346 1458 30 23 be
394 1466 59 23 open
468 1459 83 30 plains.
588 1458 51 24 The

49 1499 79 30 forest,
141 1500 112 30 however,
271 1501 20 23 is
303 1505 40 19 not
355 1508 62 16 more
430 1501 76 29 dense,
522 1508 41 16 nor
576 1509 62 16 more

49 1543 96 24 difficult
157 1548 21 19 to
192 1543 59 24 clear
262 1544 56 23 than
328 1544 51 23 that
392 1544 24 23 of
427 1544 99 29 Canada,
543 1545 46 22 and
600 1544 39 23 the

49 1594 101 24 expense
162 1586 26 23 of
197 1587 101 31 clearing
309 1587 46 24 will
372 1587 28 24 be
411 1595 56 23 very
477 1588 59 23 little
549 1592 90 27 greater

48 1628 57 24 than
116 1630 25 23 in
152 1629 50 24 that
214 1629 89 31 Colony
312 1639 5 20 ;
336 1630 77 24 whilst
424 1630 39 24 the
473 1631 54 23 land
538 1632 21 22 is
569 1631 70 23 much

48 1680 63 16 more
129 1673 75 23 fertile
204 1684 34 5 —
239 1681 52 23 may
310 1673 27 23 be
355 1673 93 24 worked
465 1682 62 24 upon
547 1673 31 25 all
599 1674 39 24 the

48 1723 54 23 year
113 1716 81 24 round.
226 1716 24 24 It
256 1717 54 29 will,
322 1718 19 22 it
352 1717 20 24 is
380 1717 49 24 said
439 1717 31 31 by
479 1718 59 31 good
545 1718 92 32 judges,

47 1758 55 24 bear
126 1763 43 20 two
193 1767 66 24 crops
277 1760 24 23 in
312 1760 38 23 the
367 1769 61 23 year,
447 1761 44 24 and
509 1761 64 24 there
591 1762 22 23 is
625 1770 13 15 a

49 1802 86 23 certain
146 1802 91 24 market
249 1804 24 22 in
285 1803 37 24 the
334 1804 136 24 Australian
482 1804 108 24 Colonies
601 1805 37 24 for

49 1852 42 16 our
114 1846 93 31 surplus
230 1847 106 30 produce,
355 1852 23 19 at
390 1856 12 15 a
413 1849 62 30 price
498 1856 63 16 more
583 1848 55 24 than

48 1889 65 23 twice
126 1896 24 16 as
158 1889 69 23 much
235 1898 25 15 as
269 1890 48 23 that
322 1890 113 29 obtained,
447 1899 29 15 on
484 1891 38 23 the
531 1900 105 23 average,

46 1932 36 23 for
93 1932 74 23 wheat
173 1933 25 23 in
216 1933 101 24 Canada.
354 1934 81 23 Under
455 1934 63 23 these
538 1936 99 23 circum-

48 1979 97 26 stances,
159 1976 13 24 I
185 1976 28 24 do
224 1981 40 19 not
277 1978 70 23 admit
359 1986 14 15 a
384 1978 70 22 doubt
467 1978 24 23 of
500 1978 38 23 the
547 1987 90 15 success

45 2018 28 31 _of
82 2018 39 24 the
134 2019 98 30 Colony.

110 2063 95 31 Among
215 2063 38 24 the
263 2063 124 30 Colonists,
400 2064 62 23 there
474 2065 19 22 is
507 2063 129 24 abundance

47 2105 26 24 of
84 2114 85 24 energy
180 2107 45 23 and
238 2108 131 30 enterprise,
383 2107 45 23 and
438 2115 34 15 we
479 2107 57 23 have
547 2107 89 31 already

47 2150 104 23 received
162 2150 130 24 accessions
300 2150 59 23 from
370 2150 92 31 Sydney
470 2150 25 24 of
504 2150 132 32 capitalists,

47 2193 51 23 who
109 2193 58 24 have
177 2194 95 23 become
284 2194 90 23 settlers
385 2195 24 22 in
421 2194 38 23 the
472 2194 96 31 Colony.

110 2236 76 24 There
205 2244 38 16 are
260 2237 155 31 undoubtedly
432 2238 54 23 here
504 2246 13 15 a
527 2238 44 23 few
590 2239 47 23 dis-

47 2279 101 24 satisfied
159 2288 104 24 persons,
277 2280 45 23 and
333 2280 13 24 I
358 2280 58 24 have
427 2281 70 23 heard
508 2281 52 24 that
571 2290 14 15 a
594 2282 42 23 few

47 2322 125 30 labourers,
190 2323 46 24 and
248 2331 42 16 one
303 2331 23 16 or
338 2328 45 19 two
395 2324 136 31 purchasers
544 2326 25 23 of
583 2326 55 23 land

48 2366 85 29 orders,
145 2366 59 23 have
214 2366 42 24 left
268 2366 45 24 this
324 2366 66 32 place
400 2367 35 23 for
449 2368 101 31 Sydney.
575 2368 13 24 I
601 2376 36 16 am

47 2409 99 23 inclined
164 2414 23 18 to
206 2409 87 24 believe
317 2409 49 24 that
385 2410 64 24 these
467 2418 95 24 persons
580 2411 57 24 have

49 2451 57 24 done
119 2460 24 15 so
155 2453 25 22 in
198 2460 129 24 pursuance
340 2453 26 24 of
381 2461 14 16 a
405 2454 126 23 resolution
550 2455 89 23 formed

47 2495 77 24 before
136 2495 54 31 they
202 2496 42 23 left
254 2496 117 32 England,
385 2497 44 24 and
445 2497 49 24 that
512 2498 54 30 they
585 2498 53 31 only

49 2546 62 16 came
124 2539 54 23 here
197 2539 99 24 because
315 2540 39 24 the
372 2545 169 27 arrangements
555 2542 25 23 of
599 2542 39 23 the

50 2582 119 31 Company
192 2583 102 24 afforded
312 2583 63 24 them
394 2583 38 25 the
452 2585 145 31 opportunity
617 2585 23 23 of

47 2626 90 30 getting
147 2630 23 19 to
183 2627 95 30 Sydney
285 2631 23 18 at
319 2635 14 15 a
342 2635 56 23 very
405 2627 116 24 moderate
529 2636 107 24 expence.

50 2669 23 24 It
86 2670 19 23 is
121 2674 41 19 not
178 2670 142 32 improbable
338 2670 50 24 that
405 2670 55 32 they
477 2671 46 24 will
541 2672 57 23 send
616 2677 22 19 to

50 2712 109 32 England
175 2713 162 32 discouraging
355 2718 140 25 statements,
515 2723 25 15 as
559 2720 22 19 to
601 2716 38 24 the

50 2756 114 24 condition
175 2757 46 23 and
232 2762 118 27 prospects
362 2758 26 23 of
400 2758 39 24 the
459 2759 96 31 Colony.
585 2759 54 24 You

46 2807 62 23 Tiuay,
129 2799 112 31 however,
259 2801 50 31 rely
326 2809 30 15 on
374 2801 39 24 the
432 2809 109 25 accuracy
559 2803 26 23 of
599 2811 40 23 my

51 2847 116 25 accounts,
180 2843 46 24 and
236 2852 53 24 may
300 2849 48 19 rest
366 2845 94 24 assured
478 2846 49 23 that
538 2846 21 23 if
576 2846 14 23 I
602 2855 37 15 err

49 2890 23 19 at
84 2886 38 29 all,
134 2887 18 23 it
159 2887 19 23 is
186 2887 46 23 and
239 2887 47 24 will
291 2888 29 23 be
327 2896 31 15 on
365 2888 37 24 the
411 2888 49 24 side
468 2889 25 23 of
502 2889 132 32 deficiency,

49 2929 80 24 rather
140 2929 55 25 than
208 2938 88 16 excess.

155 2977 38 26 yet
211 2973 39 23 the
270 2973 115 24 Colonists
402 2974 69 24 know
488 2975 59 24 little
559 2976 26 23 of
599 2976 38 23 the

48 3016 94 23 interior
154 3016 26 23 of
193 3016 40 23 the
245 3021 102 27 country.
379 3016 148 34 Penetrating
538 3019 99 32 through

49 3067 14 14 a
74 3059 69 23 dense
155 3059 45 23 and
218 3059 101 31 pathless
337 3060 72 23 forest
426 3065 104 26 presents
548 3067 89 26 greater

49 3102 129 24 difficulties
190 3102 57 24 than
258 3111 14 15 a
287 3111 84 24 person
390 3103 50 24 who
451 3105 21 23 is
482 3105 96 24 without
596 3114 41 16 ex-

49 3146 104 31 perience
166 3145 25 23 of
207 3145 38 23 the
263 3145 58 25 kind
337 3154 43 16 can
399 3148 111 23 conceive.
547 3149 15 23 I
578 3149 59 24 have

49 3187 83 24 visited
143 3187 37 24 the
192 3188 81 23 mouth
284 3189 24 22 of
317 3189 38 24 the
367 3190 102 23 Pererua
482 3191 68 29 river,
563 3192 74 23 which

49 3230 52 23 falls
113 3230 48 23 into
173 3230 40 23 the
225 3238 39 15 sea
275 3231 78 32 nearly
363 3234 102 30 opposite
476 3237 23 20 to
510 3234 39 23 the
562 3234 75 24 island

50 3274 25 23 of
84 3273 80 29 Mana,
177 3273 46 24 and
235 3273 73 24 which
319 3275 20 22 is
352 3276 121 23 accessible
485 3281 23 19 to
515 3278 87 24 vessels
616 3278 22 24 of

50 3317 69 23 about
138 3319 31 21 50
187 3324 25 16 or
230 3318 31 22 60
285 3321 50 19 tons
358 3317 96 25 burden.
489 3319 51 25 The
563 3321 73 32 valley

48 3359 101 32 through
160 3359 75 25 which
247 3360 45 24 this
310 3361 61 23 river
388 3362 63 23 flows
470 3365 102 23 contains
582 3373 55 23 pro-

48 3403 69 31 bably
129 3403 59 23 from
200 3405 93 27 20,000
305 3408 22 19 to
338 3406 92 26 30,000
451 3413 61 16 acres
523 3406 25 24 of
562 3408 74 24 fertile

48 3446 62 29 land,
131 3446 43 24 and
190 3446 65 23 there
273 3454 39 15 are
329 3454 124 17 numerous
471 3447 166 34 advantageous

49 3490 55 22 sites
115 3490 36 22 for
161 3490 71 22 mills.

106 3532 52 24 The
164 3533 76 31 valley
246 3533 25 23 of
276 3532 39 24 the
323 3532 64 24 Hutt
393 3534 19 22 is
420 3535 118 23 estimated
545 3540 23 19 to
575 3544 62 15 com-

48 3576 62 30 prise
122 3576 69 23 about
205 3577 108 28 120,000
324 3581 24 18 to
364 3578 108 28 150,000
480 3585 62 16 acres
550 3578 26 24 of
583 3579 54 24 land

49 3619 30 24 all
91 3619 38 24 the
140 3620 100 31 produce
253 3620 26 23 of
287 3619 74 24 which
367 3627 53 23 may
426 3620 29 23 be
461 3620 100 32 brought
573 3621 65 24 down

49 3668 23 19 to
86 3663 57 24 Port
150 3663 129 24 Nicholson
291 3664 25 22 in
326 3663 74 23 boats.
437 3663 37 31 By
485 3664 38 23 the
531 3669 107 19 accounts

49 3705 103 25 received
162 3706 59 24 from
233 3706 39 24 the
284 3707 96 28 natives,
393 3706 71 24 found
475 3707 99 23 hitherto
585 3709 52 21 uni-

47 3750 84 32 formly
152 3754 113 25 accurate,
284 3751 19 22 it
320 3758 96 24 appears
432 3750 49 23 that
498 3750 92 31 beyond
600 3751 38 22 the

47 3794 131 24 mountains
190 3794 26 22 in
227 3792 74 24 which
317 3793 38 23 the
371 3792 62 24 Hutt
449 3792 42 24 has
505 3794 30 22 its
550 3801 87 21 source,

47 3837 65 23 there
135 3838 21 22 is
180 3845 31 15 an
235 3837 117 23 extensive
377 3836 135 31 champaign
536 3841 101 28 country,

47 3881 75 23 which
133 3881 112 24 stretches
255 3888 63 23 away
325 3885 23 18 to
361 3879 38 25 the
407 3884 49 19 east
468 3884 70 25 coast,
548 3880 46 24 and
600 3881 38 23 the

46 3923 74 24 whole
137 3923 106 33 produce,
249 3923 26 24 of
289 3923 83 30 which,
391 3924 74 30 owing
483 3927 23 19 to
527 3923 39 23 the
583 3923 55 24 total

47 3966 97 25 absence
157 3967 24 24 of
195 3967 113 24 harbours
326 3975 31 15 on
375 3966 49 25 that
442 3971 70 25 coast,
531 3972 63 18 must
611 3967 27 23 be

669 123 95 32 shipped
774 123 59 23 from
844 123 47 23 this
901 127 61 27 port.
997 122 86 31 Nearly
1093 122 40 23 the
1150 122 73 23 whole
1234 122 24 23 of

668 163 45 23 this
724 163 63 32 plain
798 162 97 31 belongs
907 167 22 19 to
943 162 39 24 the
992 162 58 24 New
1069 161 102 24 Zealand
1189 161 67 23 Land

670 203 117 31 Company
795 212 6 20 ;
811 203 42 23 but
869 207 24 19 to
904 202 39 24 the
963 201 115 24 Colonists
1090 202 19 22 it
1120 202 20 22 is
1152 209 14 15 a
1173 205 82 19 matter

670 243 25 23 of
702 242 146 24 indifference
857 242 103 24 whether
971 242 19 22 it
1007 241 84 30 belong
1109 245 23 19 to
1150 241 63 23 them
1230 249 26 15 or

669 282 37 24 the
719 282 89 24 British
819 282 164 28 Government,
996 282 69 27 since,
1077 281 25 22 in
1112 280 73 24 either
1196 288 58 21 case,

669 323 19 23 it
698 322 45 24 will
753 323 29 23 be
794 322 96 23 covered
900 322 55 22 with
972 320 142 33 population,
1133 320 45 23 and
1196 325 60 18 must

670 362 88 31 depend
768 370 62 23 upon
841 362 45 23 this
897 362 65 31 place
973 362 36 22 for
1020 362 29 22 its
1059 361 91 30 foreign
1156 360 71 24 trade.

728 402 57 24 This
799 402 80 31 colony
889 409 119 24 possesses
1020 409 29 15 an
1060 400 125 31 advantage
1203 407 53 16 over

670 443 31 23 all
711 442 39 24 the
762 442 115 24 Southern
890 441 115 29 Colonies,
1017 440 74 24 which
1102 440 48 24 will
1161 448 58 15 soon
1227 441 29 22 be

670 482 54 32 duly
743 482 143 31 appreciated
903 482 25 22 in
947 481 116 31 England.
1098 480 159 31 Agricultural

669 523 109 30 pursuits,
791 527 23 18 to
825 522 75 24 which
910 522 19 22 it
941 522 20 22 is
972 521 124 32 peculiarly
1107 520 104 31 adapted,
1220 528 37 15 are

670 563 33 23 far
714 563 74 23 better
800 562 75 24 suited
889 566 23 20 to
929 570 97 23 persons
1045 562 25 23 of
1091 561 66 23 small
1176 561 81 30 capital

670 603 55 23 than
737 602 69 31 sheep
817 602 107 31 farming.
962 602 51 23 The
1020 602 80 31 profits
1110 601 25 23 of
1145 600 38 24 the
1190 601 66 23 latter

670 650 37 16 are
721 650 25 15 as
757 642 64 31 high,
835 650 24 15 or
866 642 99 31 perhaps
973 642 90 31 higher,
1071 641 43 23 but
1121 640 38 24 the
1166 645 90 19 returns

670 690 37 16 are
719 683 79 23 slower
806 682 44 24 and
855 682 71 23 much
931 682 48 23 less
987 682 97 28 certain;
1098 680 47 24 and
1149 689 13 15 a
1168 685 88 26 greater

670 723 83 31 capital
764 724 19 22 is
795 722 113 31 required,
922 722 56 23 than
990 726 23 19 to
1022 729 129 16 commence
1157 721 99 30 agricul-

670 763 58 23 tural
738 763 164 30 undertakings
914 763 62 23 with.
1013 762 101 24 Persons
1125 762 56 23 with
1192 762 66 22 small

670 805 94 30 capitals
775 812 38 16 are
825 804 83 24 almost
922 805 86 23 certain
1022 808 23 19 to
1057 803 95 23 succeed
1166 803 62 28 here,
1239 803 20 23 if

668 844 99 31 prudent
792 844 45 24 and
863 844 150 24 industrious.
1060 844 135 23 Provisions
1220 851 37 15 are

668 885 122 28 moderate,
803 884 45 24 and
858 885 65 23 there
934 886 20 22 is
967 892 14 16 a
992 885 85 23 certain
1089 883 45 24 and
1140 883 118 32 profitable

668 930 59 18 mart
738 925 35 23 for
783 925 109 31 produce.
929 925 63 23 Corn
1002 925 103 23 however
1117 931 53 23 may
1176 923 29 23 be
1217 931 40 15 ex-

668 965 81 31 pected
767 969 21 19 to
807 965 54 23 bear
879 964 160 31 permanently
1056 972 15 15 a
1091 964 83 31 higher
1196 965 61 30 price

668 1005 54 23 here
733 1005 56 23 than
801 1005 24 23 in
836 1004 118 31 England,
966 1004 68 24 while
1042 1004 39 24 the
1091 1004 57 24 land
1164 1005 20 22 is
1202 1012 55 23 pur-

670 1045 82 23 chased
762 1045 35 23 for
808 1053 12 15 a
830 1045 66 23 small
907 1045 71 31 price,
992 1044 44 24 and
1046 1045 21 23 is
1083 1045 48 23 free
1149 1045 59 23 from
1220 1045 38 23 the

669 1087 94 31 charges
775 1091 22 19 to
809 1086 75 24 which
895 1087 19 22 it
924 1087 21 22 is
957 1086 89 31 subject
1060 1089 24 20 at
1095 1085 76 24 home.
1208 1085 50 24 Nor

669 1128 19 22 is
700 1127 62 24 there
781 1136 44 22 any
842 1135 67 15 cause
925 1131 23 19 to
968 1126 129 32 apprehend
1109 1134 14 16 a
1135 1126 88 31 change
1233 1127 25 23 in

668 1169 45 23 this
725 1174 96 26 respect.
859 1169 76 31 Sheep
952 1169 99 30 farming
1066 1169 26 22 in
1107 1167 120 24 Australia
1237 1168 19 23 is

668 1217 61 15 more
741 1209 117 31 profitable
871 1209 46 23 and
926 1209 47 23 less
983 1208 128 24 hazardous
1125 1208 57 23 than
1197 1208 60 30 agri-

669 1250 95 29 culture,
777 1250 44 23 and
837 1250 38 23 the
895 1249 130 24 settlement
1042 1249 25 24 of
1082 1249 66 23 these
1166 1249 91 23 Islands

668 1291 46 23 will
726 1291 108 22 diminish
846 1298 43 15 one
902 1291 24 22 of
939 1291 39 22 the
989 1291 64 22 main
1064 1290 159 23 inducements
1234 1294 22 19 to

668 1332 115 22 extensive
807 1330 148 31 agricultural
977 1331 128 31 operations
1125 1334 24 19 at
1164 1334 94 27 present

668 1372 101 30 existing
778 1372 25 22 in
817 1371 49 23 that
882 1374 105 27 country.
1024 1371 24 23 It
1065 1371 20 22 is
1103 1370 83 23 indeed
1202 1378 55 24 pro-

667 1412 74 28 bable,
754 1411 48 24 that
813 1411 113 24 whatever
938 1411 84 31 capital
1032 1411 21 23 is
1065 1410 104 23 destined
1178 1414 23 19 to
1208 1410 50 24 that

667 1451 91 31 pursuit
775 1452 31 30 by
825 1451 125 31 capitalists
969 1451 25 23 of
1010 1451 57 23 New
1079 1451 75 23 South
1169 1450 86 30 Wales,

668 1492 46 23 will
724 1492 29 23 be
765 1492 103 23 invested
879 1492 24 23 in
915 1491 46 24 this
976 1491 89 31 colony,
1083 1492 26 22 in
1126 1491 130 31 preference

668 1538 23 18 to
703 1533 59 23 their
774 1541 50 16 own
835 1537 103 27 country,
952 1541 31 15 on
994 1536 95 20 account
1098 1532 26 23 of
1137 1532 39 23 the
1189 1540 67 24 supe-

668 1575 45 23 rior
725 1574 130 32 adaptation
868 1574 25 23 of
908 1574 39 23 the
964 1574 44 23 soil
1019 1574 44 23 and
1075 1573 90 24 climate
1178 1578 22 19 to
1219 1574 37 23 the

669 1614 88 24 culture
767 1614 23 23 of
799 1614 74 30 grain.

801 1655 77 31 happy
885 1659 23 19 to
920 1654 84 24 inform
1015 1663 45 23 you
1071 1654 56 24 with
1138 1654 84 32 regard
1232 1658 23 20 to

668 1696 37 24 the
723 1697 96 29 natives,
831 1696 50 24 that
893 1705 24 15 as
935 1701 39 26 yet
990 1696 86 32 perfect
1093 1697 111 30 harmony
1215 1696 41 24 has

667 1737 113 32 prevailed
793 1738 103 23 between
914 1737 62 24 them
989 1737 45 23 and
1044 1738 38 22 the
1095 1737 99 29 settlers,
1213 1738 45 22 and

668 1778 49 23 that
733 1778 54 31 they
797 1778 58 23 have
872 1778 87 31 proved
975 1778 149 31 exceedingly
1140 1778 77 23 useful
1233 1782 23 19 to

667 1826 35 16 us.
738 1818 48 24 But
797 1818 35 23 for
843 1818 39 23 the
893 1818 80 24 labour
984 1818 55 31 they
1049 1818 58 24 have
1118 1818 137 31 performed,

670 1867 31 15 we
713 1858 81 24 should
804 1859 58 23 have
873 1859 58 23 been
942 1860 24 22 in
976 1867 13 15 a
999 1859 47 23 less
1052 1859 131 23 favourable
1194 1860 62 30 posi-

668 1901 47 23 tion
732 1900 55 24 than
804 1905 24 18 at
844 1905 101 26 present.
982 1900 66 31 They
1062 1907 38 16 are
1118 1900 137 31 intelligent,

667 1943 40 22 but
717 1941 25 24 of
757 1949 78 16 course
847 1942 107 30 ignorant
966 1941 25 23 of
1006 1941 82 23 almost
1105 1948 70 24 every
1189 1940 67 32 thing

668 1982 157 31 appertaining
843 1986 23 18 to
885 1981 39 24 the
942 1981 76 23 habits
1037 1981 45 23 and
1103 1981 112 32 practises
1234 1981 25 23 of

668 2022 145 22 civilization.
849 2022 68 29 They
940 2029 46 20 are,
1008 2021 113 28 however,
1147 2028 66 23 eager
1234 2027 22 17 to

667 2061 71 29 learn,
757 2060 44 24 and
813 2068 37 16 are
861 2060 120 31 gradually
993 2061 118 30 acquiring
1128 2068 14 15 a
1152 2065 58 18 taste
1222 2060 34 24 for

668 2101 123 32 European
803 2101 171 28 conveniences,
987 2101 73 23 which
1074 2101 47 23 will
1131 2100 52 24 lead
1195 2101 61 23 them

667 2148 23 18 to
701 2142 65 24 work
781 2150 63 16 more
856 2142 98 31 steadily
965 2141 46 24 and
1022 2141 135 32 effectually,
1177 2142 45 23 and
1233 2147 22 19 to

665 2184 30 23 be
705 2191 64 16 more
780 2183 122 31 thoughtful
915 2183 45 23 and
969 2183 120 31 provident
1100 2183 56 23 than
1167 2187 25 19 at
1202 2191 54 23 pre-

668 2229 57 20 sent.
763 2224 104 32 Happily
878 2224 55 30 they
943 2223 59 25 have
1016 2232 29 16 no
1059 2228 59 20 taste
1130 2225 36 23 for
1178 2225 79 23 ardent

667 2266 85 31 spirits,
762 2264 87 32 though
856 2264 56 31 they
919 2272 38 16 are
968 2264 116 31 generally
1093 2264 57 24 fond
1157 2264 25 24 of
1189 2265 66 29 wine,

667 2306 43 23 and
729 2306 62 23 since
809 2312 34 17 we
858 2305 59 23 have
935 2305 60 23 been
1009 2305 63 29 here,
1093 2305 13 23 I
1125 2305 58 24 have
1202 2305 54 31 only

665 2346 71 24 heard
748 2346 25 23 of
787 2354 42 15 one
841 2353 85 24 person
936 2345 51 24 who
1004 2345 43 24 has
1058 2346 94 23 become
1171 2347 86 22 intoxi-

668 2387 71 23 cated.
779 2386 67 31 They
863 2386 70 31 begin
956 2390 23 19 to
1002 2387 64 22 learn
1089 2386 39 24 the
1147 2387 68 23 value
1235 2387 24 23 of

667 2435 89 23 money,
778 2427 45 24 and
840 2427 88 23 several
945 2427 57 24 have
1021 2427 158 24 accumulated
1196 2428 62 23 what

667 2476 52 23 may
736 2468 30 23 be
787 2468 88 23 termed
895 2468 154 25 considerable
1069 2476 73 17 sums.
1177 2468 78 25 When

666 2512 42 28 put
726 2509 24 23 in
768 2508 118 32 possesion
898 2508 26 23 of
938 2508 61 23 their
1016 2516 112 22 reserves,
1142 2508 12 25 I
1168 2508 28 25 do
1215 2514 41 19 not

668 2550 69 23 doubt
754 2557 68 23 many
834 2549 25 24 of
873 2549 63 24 them
948 2549 47 24 will
1013 2550 90 32 acquire
1121 2550 64 32 large
1202 2559 54 23 pro-

667 2590 83 31 perties
760 2598 6 20 ;
785 2589 45 24 and
846 2589 89 31 though
952 2589 64 24 there
1027 2590 20 23 is
1058 2594 40 19 not
1116 2590 70 23 much
1202 2598 55 24 pro-

667 2630 80 31 ability
759 2630 24 23 of
797 2630 59 23 their
867 2638 52 15 race
937 2630 113 31 enduring
1061 2638 46 24 any
1118 2630 140 32 lengthened

667 2670 85 32 period,
766 2670 12 25 I
791 2678 38 17 see
837 2678 31 16 no
879 2679 83 16 reason
969 2675 23 19 to
1004 2670 134 32 apprehend
1150 2671 59 24 their
1218 2679 40 16 ex-

668 2712 96 23 tinction
772 2721 5 20 ;
792 2712 54 31 they
856 2712 47 23 will
914 2712 29 23 be
955 2712 120 31 gradually
1086 2712 112 23 absorbed
1209 2713 48 23 into

668 2752 37 23 the
717 2752 101 31 English
827 2752 142 31 population.

726 2792 50 24 The
784 2793 72 23 whole
865 2793 25 23 of
899 2793 39 23 the
949 2794 77 23 native
1037 2793 134 32 population
1180 2793 24 23 of
1213 2793 46 23 this

667 2833 64 32 place
738 2833 87 32 profess
833 2834 39 22 the
879 2834 118 23 Christian
1003 2834 105 31 religion,
1117 2834 45 23 and
1169 2834 91 31 though

667 2874 64 23 there
750 2882 37 15 are
804 2881 30 16 no
851 2874 127 31 European
995 2874 161 24 Missionaries
1174 2883 86 23 among

667 2914 70 29 them,
750 2914 52 31 they
813 2922 36 16 are
857 2914 48 23 still
913 2915 65 22 strict
984 2915 25 23 in
1018 2914 38 24 the
1067 2914 159 31 performance
1237 2916 26 22 of

667 2955 59 24 their
734 2956 108 30 religious
854 2956 148 23 ceremonies.
1037 2955 37 24 As
1084 2956 19 22 it
1114 2956 21 22 is
1147 2959 22 20 to
1176 2956 30 23 be
1216 2964 42 16 ex-

666 2996 88 31 pected,
775 2996 111 28 however,
915 2995 54 31 they
993 3003 37 16 are
1051 2995 145 32 imperfectly
1218 3004 40 16 ac-

668 3036 107 33 quainted
790 3036 56 24 with
868 3036 40 24 the
926 3036 114 24 doctrines
1058 3036 26 24 of
1100 3036 158 32 Christianity,

667 3077 44 23 and
722 3085 39 15 are
772 3077 159 32 superstitious
944 3077 25 23 in
980 3084 69 23 many
1060 3076 26 24 of
1095 3076 61 24 their
1165 3077 94 23 observ-

667 3126 75 16 ances.
779 3117 128 32 Compared
918 3117 56 23 with
990 3117 61 23 what
1066 3117 55 31 they
1140 3125 59 16 were
1217 3117 42 24 be-

665 3157 48 24 fore
724 3157 39 24 the
773 3157 155 24 introduction
936 3157 26 23 of
970 3157 65 23 these
1047 3157 115 23 doctrines
1175 3165 85 24 among

665 3199 71 30 them,
754 3199 44 23 and
809 3199 46 23 this
867 3199 21 23 is
901 3198 119 31 obviously
1030 3198 40 24 the
1080 3202 52 20 true
1150 3199 110 23 standard

667 3241 25 23 of
701 3240 151 31 comparison,
871 3239 40 23 the
926 3240 176 30 improvements
1115 3239 94 23 effected
1227 3239 31 31 by

666 3281 59 23 their
737 3281 133 23 conversion
882 3284 24 19 to
920 3279 152 31 Christianity
1081 3280 21 23 is
1114 3284 61 19 most
1186 3280 72 24 strik-

665 3323 41 29 ing
714 3331 6 20 ;
741 3321 44 23 and
793 3321 26 29 if,
838 3328 25 16 as
875 3328 34 16 we
926 3324 61 20 trust
1004 3328 42 16 our
1060 3320 132 24 settlement
1203 3320 55 25 here

665 3361 46 24 will
730 3361 86 24 elevate
834 3361 46 23 and
902 3361 102 31 improve
1027 3361 70 29 them,
1120 3361 20 23 it
1161 3361 47 23 will
1229 3361 29 24 be

667 3411 25 16 as
708 3403 70 23 much
795 3407 25 18 to
839 3402 40 23 the
897 3401 93 24 labours
1003 3401 26 24 of
1042 3401 39 24 the
1096 3401 161 25 Missionaries

667 3451 24 16 as
713 3448 24 18 to
760 3443 39 23 the
821 3443 100 22 humane
945 3442 45 23 and
1011 3442 51 31 just
1082 3443 130 30 provisions
1235 3443 26 23 of

665 3484 39 23 the
726 3483 119 31 Company
860 3490 29 16 on
902 3482 81 23 behalf
995 3482 26 23 of
1035 3482 39 23 the
1091 3483 98 28 natives,
1208 3482 50 24 that

666 3524 45 24 this
722 3524 72 24 result
805 3524 47 23 will
868 3524 30 23 be
910 3524 83 30 owing.
1030 3523 58 23 This
1100 3527 124 20 statement
1237 3524 20 23 is

666 3565 38 24 the
717 3573 63 16 more
797 3564 101 29 needful,
917 3564 99 23 because
1029 3571 62 16 some
1104 3563 25 24 of
1144 3563 39 24 the
1196 3563 61 24 Mis-

667 3606 116 29 sionaries,
795 3606 26 23 in
832 3613 30 16 an
872 3604 125 32 ill-judged
1009 3605 66 31 spirit
1086 3604 26 23 of
1117 3604 106 32 jealousy
1235 3606 26 23 of

667 3646 37 24 the
715 3646 151 23 interference
879 3645 24 24 of
917 3645 37 24 the
968 3645 118 31 Company
1097 3645 25 22 in
1135 3653 14 14 a
1158 3645 66 31 place
1236 3646 26 23 of

668 3686 73 24 which
758 3686 54 31 they
830 3686 92 24 desired
938 3690 25 19 to
983 3693 79 16 secure
1082 3685 40 24 the
1141 3686 115 32 monoply,

666 3726 57 23 have
731 3726 157 24 endeavoured
898 3731 23 19 to
933 3726 75 23 excite
1022 3725 38 24 the
1067 3726 89 23 natives
1169 3727 89 31 against

667 3766 38 24 the
716 3766 104 32 English
832 3766 98 29 settlers,
947 3766 45 23 and
1001 3766 57 23 have
1072 3766 100 31 exposed
1183 3766 73 25 them-

668 3806 60 24 selve
751 3811 23 19 to
796 3814 78 16 severe
898 3806 45 23 and
961 3806 51 23 well
1034 3806 96 23 merited
1152 3814 103 17 censure.

667 3846 77 25 While
766 3846 102 32 blaming
884 3846 63 24 them
971 3846 37 24 for
1025 3846 57 24 their
1100 3846 96 24 envious
1213 3848 44 23 and

668 3886 77 24 selfish
760 3886 103 30 conduct,
884 3886 13 24 I
910 3886 73 24 desire
1002 3886 49 23 that
1068 3886 54 32 they
1133 3886 82 24 should
1234 3892 23 18 at

667 3926 38 25 the
717 3935 62 16 same
790 3928 55 23 time
862 3928 88 23 receive
962 3926 43 24 full
1017 3926 70 25 credit
1098 3926 37 25 for
1146 3927 38 24 the
1198 3927 58 31 good

667 3966 73 24 which
752 3966 54 30 they
816 3966 58 24 have
886 3966 155 30 undoubtedly

755 39 126 30 THE
925 37 138 32 NEW
1107 36 311 33 ZEALAND
1463 35 329 33 GAZETTE.

210 126 79 24 NEW
307 125 171 24 ZEALAND.

1910 3897 93 22 Printed
2021 3896 45 22 and
2084 3895 120 29 published
2224 3899 22 19 at
2265 3895 39 23 the
2324 3895 70 22 Office
2414 3895 27 21 of
2462 3894 34 22 the

2036 3930 101 23 Zealand
2297 3930 54 22 Port
2366 3928 130 26 Nicholson,

1936 3966 58 22 New
2004 3965 107 22 Zealand.

2479 119 12 20 (1

1284 118 203 21 MANNING'S
1500 118 185 21 PORTABLE
1697 117 175 22 COLONIAL

1486 145 190 21 COTTAGES.

1284 179 59 47 H
1375 178 163 27 MANNING,
1553 179 48 26 251,
1613 178 86 22 HIGH
1715 176 157 28 HOLBORN,

1347 216 11 10 •
1388 205 145 28 respectfully
1541 205 83 21 solicits
1636 205 39 21 the
1684 204 110 22 attention
1805 204 26 21 of
1839 204 36 21 in-

1284 231 93 27 tending
1387 229 87 25 settlers
1484 235 23 19 to
1519 231 38 23 the
1565 231 55 28 high
1630 231 117 22 character
1756 230 72 22 which
1839 230 35 22 his

1285 258 159 22 COTTAGES
1457 259 59 21 have
1528 258 113 22 obtained.
1670 257 69 23 Their
1751 257 123 22 usefulness

1284 285 45 21 and
1343 285 134 27 superiority
1492 285 26 22 of
1530 285 160 26 construction,
1707 284 71 22 either
1792 291 25 14 as
1831 287 44 18 sta-

1284 311 89 28 tionary
1380 318 25 15 or
1411 311 118 23 moveable
1536 311 133 28 residences,
1681 318 24 14 as
1712 310 90 27 regards
1810 310 65 22 dura-

1284 337 70 28 bility,
1367 338 100 28 comfort,
1480 338 46 22 and
1534 339 37 21 the
1581 338 87 26 facility
1676 337 55 23 with
1740 337 71 22 which
1821 336 54 28 they

1284 372 53 19 may
1348 364 28 22 be
1389 365 68 21 taken
1472 365 71 27 down,
1559 365 114 26 removed,
1688 363 46 23 and
1747 363 86 23 refixed
1843 363 32 28 by

1284 391 38 21 the
1329 394 59 18 most
1393 391 182 28 inexperienced,
1585 392 19 21 is
1614 399 51 15 now
1672 391 58 26 fully
1737 390 139 22 ascertained

1284 417 46 21 and
1352 417 181 27 acknowledged.
1574 419 29 21 In
1627 418 108 22 evidence
1757 417 26 21 of
1802 416 73 22 which

1285 443 31 23 H.
1327 444 33 22 M.
1371 445 70 21 refers
1451 445 53 22 with
1514 445 136 22 satisfaction
1660 447 23 19 to
1693 443 38 22 the
1739 451 68 20 many
1815 443 61 22 testi-

1284 471 88 21 monals
1380 471 30 22 he
1420 471 40 23 has
1470 471 112 28 received,
1597 471 46 23 and
1652 474 23 19 to
1686 471 38 21 the
1736 470 85 28 private
1831 470 45 22 and

1284 497 119 28 published
1411 498 77 22 letters
1497 499 59 21 from

1311 530 26 22 T.
1348 531 26 22 B.
1385 531 73 27 Hack,
1470 532 52 28 Esq.

1312 557 47 22 The
1370 558 55 21 Rev.
1436 559 24 22 C.
1472 559 26 22 B.
1509 558 106 28 Howard,
1627 558 94 23 Colonal
1731 558 114 27 Chaplain.

1313 584 84 22 Robert
1408 585 96 28 Gouger,
1517 586 51 28 Esq.
1580 585 101 22 Colonial
1691 586 124 26 Secretary.

1312 611 25 22 T.
1358 611 26 22 B.
1403 612 147 28 Strangways,
1570 612 53 28 Esq.
1643 611 102 23 Colonial
1761 612 115 26 Secretary

1313 638 29 21 G.
1353 638 21 21 S.
1385 638 120 28 Kingston,
1518 640 52 27 Esq.
1579 639 45 22 late
1635 638 229 28 Surveyor-General.

1341 664 56 26 (The
1417 665 63 22 three
1498 667 66 21 latter
1587 666 137 22 Gentlemen
1742 664 57 23 have
1820 664 54 22 each

1340 691 94 22 ordered
1443 700 14 13 a
1465 693 84 22 second
1559 693 99 27 Cottage,
1667 693 62 21 since
1736 692 62 21 there
1808 698 67 21 expe-

1338 718 76 22 rience
1424 719 25 21 in
1457 719 39 22 the
1507 720 85 24 Colony
1602 720 26 21 of
1633 720 39 21 the
1683 719 48 22 first
1740 718 72 22 which
1822 718 53 26 they

1339 744 71 27 took).

1312 770 73 23 Lieut.
1394 772 87 27 Frome,
1491 773 74 27 Royal
1572 772 121 28 Engineer,
1705 772 169 28 Surveyor-Ge-

1285 798 62 21 neral
1357 798 25 21 of
1389 798 71 23 South
1469 795 120 26 Australia.

1313 825 93 27 Captain
1426 826 77 26 Smith,
1524 826 73 27 Royal
1615 826 115 27 Artillery,
1755 826 119 26 Surveyor-

1287 851 97 22 General
1394 852 27 21 of
1430 852 57 22 New

1313 878 93 28 Captain
1416 878 146 27 Hindmarsh,
1578 879 46 21 late
1638 879 119 21 Governor
1766 878 26 21 of
1804 877 70 22 South

1286 904 120 22 Australia.

1313 931 34 22 Sir
1357 931 77 22 James
1444 931 97 27 Stirling,
1551 931 46 22 late
1606 931 118 22 Governor
1733 931 28 21 of
1772 930 102 22 Western

1286 958 120 22 Australia.

1313 985 23 21 C.
1347 985 26 21 T.
1384 985 34 22 La
1427 985 80 27 Trobe,
1519 984 265 23 Lieutenant-Governor
1791 984 25 22 of
1823 984 53 23 Port

1286 1011 81 28 Philip.

1314 1038 90 22 Charles
1413 1038 93 28 Cooper,
1518 1038 60 28 Esq.,
1589 1038 68 22 Chief
1667 1038 87 21 Justice
1764 1038 26 21 of
1804 1037 71 22 South

1287 1064 122 23 Australia.

1312 1091 41 22 Dr.
1368 1092 83 27 Evans,
1469 1092 120 22 Chairman
1606 1092 25 21 of
1648 1091 37 22 the
1702 1091 56 22 New
1775 1091 101 22 Zealand

1286 1118 149 23 Association.

1313 1145 27 22 R.
1352 1146 85 27 Stokes,
1449 1146 60 28 Esq.,
1520 1146 45 21 and
1580 1145 64 22 other
1655 1145 136 22 Gentlemen
1802 1145 26 21 of
1836 1145 38 21 the

1286 1172 85 27 Survey
1379 1172 156 28 Department,
1545 1172 57 22 New
1612 1172 107 21 Zealand.

1313 1199 41 22 See
1365 1199 101 27 Gougers
1735 1205 56 21 page
1800 1198 33 22 71.

1313 1226 41 22 See
1378 1226 136 23 "Loudon's
1538 1226 174 28 Encyclopaedia
1738 1226 25 21 of
1783 1226 91 26 Cottage

1484 1261 68 19 pages
1561 1254 39 20 251
1611 1256 23 18 to
1644 1252 48 23 257.

1313 1280 93 27 Captain
1413 1280 22 22 J.
1446 1280 27 22 G.
1483 1280 54 22 Hall
1545 1280 41 21 has
1596 1279 88 22 resided
1692 1280 25 21 in
1728 1286 42 15 one
1781 1279 25 21 of
1813 1278 61 23 these

1286 1306 103 28 Cottages
1400 1307 36 22 for
1453 1307 84 22 several
1553 1314 64 20 years
1634 1310 24 19 at
1674 1306 129 28 Wargrave,
1820 1313 55 14 near

1286 1333 247 28 Henley-on-Thames.

1311 1370 48 22 The
1369 1371 144 21 well-known
1521 1370 134 28 superiority
1664 1370 26 22 of
1701 1369 62 22 these
1771 1370 103 27 Cottages

1286 1404 52 15 over
1347 1405 45 20 any
1402 1397 74 22 others
1485 1397 97 22 hitherto
1590 1397 135 22 introduced
1735 1400 22 18 to
1765 1396 37 22 the
1810 1397 64 21 Colo-

1286 1424 54 27 nies,
1351 1424 92 22 renders
1452 1425 18 20 it
1479 1432 150 19 unnecessary
1641 1427 23 18 to
1681 1423 45 22 add
1742 1431 61 14 more
1819 1423 55 22 than

1285 1451 49 21 that
1342 1451 53 27 they
1404 1451 58 28 pack
1470 1451 23 22 in
1505 1459 14 14 a
1528 1451 64 22 small
1604 1458 110 20 compass,
1731 1451 46 21 and
1784 1458 52 20 may
1846 1451 28 21 be

1286 1478 87 21 erected
1381 1479 24 20 in
1416 1486 14 13 a
1439 1479 42 21 few
1490 1478 74 27 hours,
1575 1478 54 21 with
1634 1479 74 26 joists,
1716 1477 74 28 floors,
1801 1477 71 28 doors,

1284 1505 80 26 glazed
1371 1505 112 27 windows,
1491 1505 46 22 and
1543 1505 91 27 painted
1643 1505 73 21 inside
1726 1504 45 22 and
1781 1505 91 21 outside.

1285 1531 63 22 Price
1357 1532 54 27 Jls,
1423 1532 45 21 and
1477 1532 109 28 upwards.

1314 1559 111 26 Dressers,
1436 1559 66 27 sofas,
1514 1559 76 26 tables,
1607 1559 78 26 chairs,
1700 1558 45 21 and
1761 1565 14 14 a
1789 1558 85 28 variety

1286 1585 25 22 of
1322 1586 138 21 economical
1470 1586 101 21 Colonial
1580 1586 120 21 Furniture
1710 1585 66 22 made
1785 1588 22 19 to
1817 1581 57 32 pack

1284 1613 24 21 in
1319 1613 54 21 each
1383 1613 71 27 other,
1463 1616 25 18 to
1498 1620 52 15 save
1559 1613 89 27 freight.

1312 1639 87 22 Letters
1420 1640 36 26 (of
1467 1640 90 28 inquiry
1566 1640 63 26 only)
1648 1642 61 19 must
1717 1639 28 21 be
1756 1638 117 28 post-paid.

1286 1693 164 49 MARTIN
1460 1693 45 22 and
1514 1694 38 21 Co.
1566 1693 45 27 beg
1620 1696 23 19 to
1652 1693 85 22 inform
1748 1693 127 27 Emigrants

1376 1720 46 21 and
1431 1720 106 28 Shippers
1547 1720 25 21 of
1581 1720 77 22 Goods
1667 1723 23 19 to
1700 1720 57 22 New
1766 1720 107 26 Zealand,

1284 1746 53 28 they
1353 1746 57 23 have
1427 1747 83 27 always
1524 1755 28 14 on
1566 1747 62 22 hand
1641 1746 127 23 warranted
1782 1746 94 28 agricul-

1284 1774 59 21 tural
1355 1774 150 28 implements,
1521 1777 64 24 carts,
1600 1774 126 28 plantation
1740 1774 61 27 hoes,
1816 1774 58 27 bills,

1285 1804 47 18 cast
1354 1801 56 22 steel
1432 1801 122 22 American
1578 1801 77 27 wedge
1679 1808 61 20 axes,
1765 1800 108 28 hatchets,

1285 1828 85 27 spades,
1385 1828 96 26 shovels,
1492 1828 106 28 coopers',
1610 1828 144 28 carpenters',
1764 1829 110 26 sawyers',

1284 1854 103 27 farriers',
1411 1855 94 27 smiths',
1528 1854 45 22 and
1596 1854 64 22 other
1683 1854 58 23 tools
1762 1854 27 22 of
1808 1862 68 20 every

1285 1881 142 28 description,
1451 1880 96 29 cooking
1570 1886 125 24 apparatus,
1719 1889 75 19 ovens,
1820 1882 54 21 steel

1284 1908 65 28 mills,
1361 1909 40 21 &c.

1311 1943 61 21 N.B.
1374 1955 31 4 —
1406 1943 83 21 Wheat
1502 1943 65 28 mills,
1585 1943 45 22 and
1647 1943 102 27 dressing
1761 1943 115 23 machines

1284 1970 45 21 and
1346 1970 72 22 sieves
1432 1978 37 14 are
1484 1970 80 22 almost
1580 1970 167 27 indispensable
1761 1971 35 21 for
1811 1971 63 21 Emi-

1284 2000 75 23 grants
1370 2000 22 18 to
1403 1997 38 21 the
1451 2004 49 14 new
1512 1997 148 21 Settlements.

1312 2028 81 22 Orders
1397 2029 35 21 for
1437 2036 45 24 any
1487 2029 26 21 of
1514 2030 36 21 the
1555 2029 115 26 following
1674 2029 88 21 articles
1767 2029 109 21 executed

1285 2059 22 18 at
1316 2055 38 22 the
1364 2055 155 27 Birmingham
1530 2055 44 22 and
1585 2054 105 23 Sheffield
1702 2055 90 21 Factors
1802 2055 72 27 prices

1285 2082 44 21 and
1346 2082 124 21 discounts:
1472 2094 31 4 —
1503 2082 80 21 Plated
1598 2089 77 19 wares,
1692 2082 64 21 brass
1770 2082 104 26 foundry,

1281 2109 115 27 japanned
1404 2109 46 21 and
1456 2109 68 22 metal
1532 2116 76 20 wares,
1618 2108 79 28 lamps,
1707 2108 77 27 scales,
1793 2109 83 27 weigh-

1284 2136 39 27 ing
1332 2136 122 26 machines,
1465 2136 81 28 optical
1556 2136 45 21 and
1613 2136 168 21 mathematical
1793 2136 83 21 instru-

1284 2166 80 24 ments,
1382 2163 100 27 buttons,
1502 2163 98 27 military
1616 2162 46 22 and
1679 2162 42 28 gilt
1740 2166 134 24 ornaments,

1282 2190 121 27 jewellery,
1415 2190 99 27 needles,
1522 2190 42 21 fish
1573 2190 78 26 hooks,
1662 2189 120 28 harpoons,
1792 2190 82 27 combs,

1285 2220 98 24 turnery,
1394 2216 101 28 brushes,
1506 2224 64 20 guns,
1581 2217 84 27 pistols,
1676 2216 130 28 precussion
1816 2223 58 21 caps,

1284 2244 96 27 powder,
1396 2244 57 26 shot,
1464 2244 90 26 swords,
1565 2244 114 26 cutlasses,
1690 2244 61 26 wips,
1765 2243 109 27 saddlery,

1286 2274 61 19 stove
1353 2274 79 24 grates,
1439 2270 96 28 fenders,
1541 2271 40 21 five
1585 2271 68 26 irons,
1659 2270 45 22 and
1709 2271 165 27 ironmongery,

1286 2298 45 21 and
1340 2297 85 27 cutlery
1436 2298 26 21 of
1469 2305 67 20 every
1545 2298 143 27 description.

1312 2333 26 20 62
1348 2331 45 22 and
1402 2333 34 26 63,
1450 2331 157 22 Gracechurch
1617 2334 73 24 street,
1703 2331 103 23 London.

1299 2386 82 21 NEW
1396 2386 170 20 ZEALAND
1580 2386 54 20 and
1648 2386 214 20 AUSTRALIA.

1287 2419 91 34 rpHE
1392 2418 229 23 UNDERSIGNED
1633 2419 99 27 supplies
1741 2419 133 27 merchants,

1294 2441 29 27 JL
1359 2446 36 22 for
1404 2453 89 15 export
1503 2453 67 20 only,
1579 2446 53 22 with
1644 2446 144 27 agricultural
1797 2446 79 28 imple-

1286 2477 73 18 ments
1365 2481 6 20 ;
1386 2473 99 27 whaling
1493 2480 59 20 gear,
1564 2481 78 14 which
1653 2481 20 14 is
1683 2481 66 14 much
1759 2481 117 14 approved

1287 2508 26 14 of
1320 2509 6 19 ;
1341 2500 70 22 house
1421 2500 92 27 fittings,
1524 2500 56 22 tools
1587 2500 35 22 for
1627 2500 90 22 various
1724 2500 80 28 trades,
1811 2500 64 28 nails,

1286 2528 78 27 anvils,
1371 2528 67 26 vices,
1448 2527 85 28 spades,
1542 2527 45 21 and
1593 2527 78 21 chains
1677 2535 5 19 ;
1696 2527 84 32 plated,
1788 2535 87 20 copper,

1286 2555 68 27 brass,
1364 2555 57 27 iron,
1429 2554 61 27 steel,
1498 2554 83 22 British
1585 2554 68 28 plate,
1664 2554 124 28 Britannia,
1796 2555 81 27 japan-

1286 2582 50 27 ned,
1347 2582 40 27 tin,
1397 2582 46 21 and
1453 2581 64 22 other
1526 2583 68 20 metal
1603 2589 71 14 wares
1680 2590 5 19 ;
1702 2589 68 20 every
1780 2582 98 27 descrip-

1286 2609 47 21 tion
1352 2608 26 22 of
1393 2608 166 27 ironmongery,
1578 2608 93 27 cutlery,
1689 2608 46 22 and
1749 2608 114 22 hardware
1871 2616 4 19 ;

1285 2636 57 27 iron,
1352 2635 58 28 lead,
1419 2642 88 21 copper,
1516 2635 67 27 brass,
1591 2635 58 27 zinc,
1657 2635 45 22 and
1712 2635 65 22 other
1784 2635 80 22 metals
1871 2644 4 18 ;

1287 2663 32 22 tin
1333 2663 78 28 plates,
1427 2663 99 26 buttons,
1543 2662 101 27 brushes,
1662 2662 46 22 and
1723 2663 62 27 glue;
1806 2662 72 27 single

1288 2690 45 22 and
1347 2689 82 22 double
1444 2689 92 27 fowling
1549 2689 81 28 pieces,
1644 2689 108 28 muskets,
1768 2689 108 27 carbines,

1287 2717 66 28 rifles,
1370 2717 83 27 pistols,
1470 2716 47 22 and
1530 2716 83 22 swords
1620 2724 5 19 ;
1648 2716 104 27 saddlery
1766 2716 45 22 and
1827 2716 51 22 har-

1288 2752 57 19 ness,
1366 2745 40 21 &c.
1426 2744 41 21 &c.
1476 2752 6 19 ;
1506 2743 59 27 gold,
1586 2743 74 27 silver,
1680 2743 48 27 gilt,
1749 2743 45 22 and
1811 2743 67 22 black

1284 2770 121 29 jewellery,
1429 2771 40 21 &c.
1477 2779 6 18 ;
1507 2770 62 22 work
1586 2771 78 26 boxes,
1690 2770 101 27 dressing
1808 2778 68 19 cases,

1288 2799 87 26 writing
1384 2797 72 28 desks,
1469 2799 48 26 &c,
1529 2797 94 22 suitable
1637 2801 23 17 to
1675 2797 63 22 these
1754 2797 122 27 countries;

1288 2825 101 28 together
1403 2824 54 22 with
1470 2824 95 22 window
1580 2825 66 26 glass,
1663 2824 46 22 and
1723 2824 59 27 glass
1796 2832 81 19 wares;

1288 2853 37 21 the
1336 2852 71 22 whole
1418 2852 26 22 of
1455 2851 73 23 which
1538 2859 36 15 are
1585 2851 98 28 charged
1690 2859 30 14 on
1728 2859 54 20 very
1789 2859 90 15 reason-

1288 2879 50 23 able
1347 2883 77 18 terms.

1534 2905 140 23 EDWARD
1689 2905 135 28 CHANCE,

1288 2940 123 23 Hardware
1422 2940 45 21 and
1477 2939 99 22 General
1587 2940 150 21 Commission
1752 2939 126 22 Merchant.

1314 2967 97 22 London
1418 2975 5 13 :
1439 2969 19 25 2,
1471 2967 188 22 Coleman-street
1667 2966 122 28 buildings.

1301 3023 122 21 EVERY
1440 3023 83 20 MAN
1540 3022 59 21 HIS
1617 3022 83 21 OWN
1717 3022 145 21 MILLER.

1289 3056 84 49 JT.
1389 3056 164 22 SHENSTON
1567 3055 146 28 respectfully
1728 3056 55 27 begs
1798 3058 24 19 to
1837 3055 44 22 call

1328 3094 10 10 •
1373 3083 37 22 the
1430 3083 110 22 attention
1560 3083 26 21 of
1606 3082 139 27 Merchants,
1765 3083 113 27 Captains,

1288 3110 45 22 and
1347 3110 129 27 Emigrants
1486 3112 23 19 to
1522 3109 38 22 the
1570 3109 88 27 Colony
1669 3109 25 21 of
1705 3109 57 21 New
1771 3109 107 26 Zealand,

1288 3140 21 19 to
1330 3136 36 22 his
1387 3137 101 27 superior
1510 3136 68 21 Stock
1603 3135 26 22 of
1650 3143 88 20 scales,
1766 3142 112 19 weights,

1288 3170 123 20 MEASURES,
1430 3170 119 15 WEIGHING
1568 3170 125 19 MACHINES,
1714 3162 48 27 &C,
1783 3161 96 28 adapted

1288 3194 21 18 to
1336 3197 68 21 every
1428 3197 96 21 pm'pose
1554 3189 104 28 required
1683 3189 24 21 in
1734 3189 55 21 such
1813 3190 68 21 situa-

1287 3218 65 21 tions.
1385 3217 40 22 He
1442 3217 50 21 'also
1512 3216 82 23 solicits
1613 3224 30 14 an
1660 3216 127 28 inspection
1806 3216 26 21 of
1846 3215 35 22 his

1289 3251 115 15 IMPROVED
1424 3251 68 14 STEEL
1516 3251 81 14 WHEAT
1616 3250 76 20 MILLS,
1714 3243 46 21 and
1782 3250 98 14 BOLTING

1286 3278 119 15 machines
1436 3271 26 21 of
1490 3274 59 18 most
1582 3270 101 28 superior
1706 3269 175 28 Workmanship

1286 3298 45 22 and
1348 3297 48 22 real
1415 3298 82 26 utility,
1521 3297 88 22 articles
1632 3297 25 20 in
1683 3303 13 14 a
1720 3303 50 14 new
1795 3295 86 28 Colony

1286 3325 81 22 almost
1390 3323 174 28 indispensable.
1601 3323 49 22 The
1676 3323 71 21 above
1775 3330 54 19 may
1851 3323 29 21 be

1286 3359 52 15 seen
1355 3358 28 15 on
1401 3351 39 21 the
1458 3351 109 21 Premises
1584 3350 75 22 where
1678 3349 55 34 they
1749 3356 36 15 are
1801 3356 80 15 manu-

1286 3377 106 28 factured,
1403 3378 41 21 395
1455 3378 99 26 Strand,
1565 3377 44 22 five
1620 3377 66 21 doors
1695 3373 64 25 West
1767 3376 25 21 of
1799 3376 81 21 South-

1285 3409 91 25 ampton
1383 3407 76 20 street.

1313 3439 80 22 Patent
1404 3437 127 28 Steelyards
1544 3444 29 15 on
1587 3436 123 28 Improved
1723 3436 123 28 Principles
1857 3439 23 19 to

1286 3466 71 27 weigh
1368 3465 59 22 from
1439 3472 14 14 a
1462 3465 72 26 single
1543 3464 77 28 pound
1630 3467 23 18 to
1662 3464 14 20 5
1686 3467 59 18 tons.

1311 3498 129 23 Wholesale
1456 3497 46 22 and
1517 3497 70 27 retail,
1604 3497 47 22 and
1665 3504 68 20 every
1743 3497 76 22 article
1834 3497 48 22 sold

1286 3525 133 24 warranted.

1303 3580 16 19 A
1340 3577 224 23 GRICULTURAL
1582 3576 45 22 and
1643 3575 144 23 KITCHEN
1805 3576 76 22 GAR-

1286 3598 50 29 J\.
1364 3604 66 23 DEN
1447 3604 93 21 SEEDS
1556 3604 25 21 in
1590 3603 63 27 large
1669 3610 24 14 or
1712 3603 66 22 small
1792 3603 89 22 Assort-

1286 3635 72 19 ments
1365 3632 35 21 for
1408 3631 92 22 Settlers
1507 3631 25 21 in
1541 3630 56 22 New
1606 3629 108 28 Zealand,
1727 3630 46 21 and
1780 3630 29 22 all
1818 3631 64 21 other

1287 3659 108 27 Colonies,
1404 3657 110 28 carefully
1519 3657 85 28 packed
1610 3657 31 27 by
1648 3657 101 28 Gordon,
1758 3657 121 28 Thomson,

1287 3686 44 23 and
1340 3686 45 27 Co.,
1399 3685 130 27 Seedsmen,
1544 3684 43 22 No.
1601 3685 33 26 25,
1651 3684 144 22 Fenchurch-
1804 3688 75 24 street,

1287 3713 102 22 London.

1347 3766 219 22 OUTFITTING
1589 3766 232 20 WAREHOUSE.

1294 3801 118 23 TAMES
1423 3799 207 23 RICHARDSON
1641 3799 45 21 and
1695 3799 84 27 SONS,
1791 3799 43 22 No.
1844 3799 35 28 72,

1287 3821 26 30 *l
1352 3827 148 28 High-street,
1519 3826 118 29 Wapping,
1655 3833 57 15 near
1728 3826 38 22 the
1784 3826 95 22 London

1286 3855 66 22 Dock
1361 3855 90 27 Bridge.

1314 3888 137 22 Gentlemen
1470 3887 136 28 proceeding
1624 3890 24 18 to
1669 3886 72 26 India,
1758 3886 121 27 Australia,

1288 3915 42 21 and
1336 3915 56 22 New
1401 3915 107 26 Zealand,
1518 3922 36 14 are
1562 3914 57 27 fully
1630 3914 112 27 equipped
1750 3913 53 22 with
1813 3921 68 20 every

1288 3942 73 21 article
1372 3942 105 27 requisite
1488 3942 33 21 for
1532 3941 36 21 the
1579 3946 94 20 voyage,
1691 3947 30 15 on
1739 3940 38 21 the
1786 3940 95 22 shortest

1288 3968 79 22 notice.
1557 3986 4 4 ,

1903 117 151 49 TAND
2073 118 24 22 C.
2115 118 175 28 LOCKHART,
2311 120 120 21 Seedsmen
2448 120 45 21 and

1954 155 10 10 •
2004 144 119 28 Florists,
2135 145 39 21 156
2189 145 127 27 Cheapside,
2330 146 104 27 London,
2448 146 45 27 beg

1902 174 59 18 most
1980 171 143 27 respectfully
2137 174 22 18 to
2176 171 43 22 call
2234 172 39 21 the
2287 173 110 21 attention
2413 173 28 21 of
2454 172 38 22 the

1903 198 115 26 Company
2024 198 45 21 and
2075 197 128 28 Emigrants
2209 201 19 18 to
2234 198 58 22 New
2297 198 101 23 Zealand
2403 202 24 18 to
2434 198 58 23 their

1903 224 64 21 stock
1982 224 25 21 of
2020 224 159 28 Agricultural,
2198 224 95 27 Garden,
2312 225 88 23 Flower
2413 226 77 26 Seeds,

1904 251 126 26 catalogues
2041 251 25 21 of
2072 251 73 21 which
2154 259 53 19 may
2216 252 26 21 be
2255 251 45 22 had
2309 252 69 27 gratis
2388 259 30 15 on
2432 256 60 24 post-

1903 277 53 27 paid
1965 277 142 27 application.

2073 331 41 21 TO
2129 331 191 22 EMIGRANTS.

1998 365 178 21 MEDICINE
2197 365 133 25 CHESTS,
2351 366 45 21 &c.

1904 397 110 48 TW.
2030 397 139 28 HORDER,
2182 398 26 21 of
2223 400 33 26 20,
2273 398 218 28 Fenchurch-street,

1956 435 11 10 •
1987 424 56 27 begs
2052 427 22 18 to
2083 425 44 21 call
2137 425 36 21 the
2184 425 107 21 attention
2301 426 25 21 of
2337 425 64 22 those
2409 426 83 27 parties

1904 451 50 20 who
1963 458 54 20 may
2025 452 28 20 be
2061 452 24 21 in
2100 455 61 18 want
2175 452 26 21 of
2213 451 112 22 Medicine
2340 452 86 27 Chests,
2441 456 24 18 to
2480 460 15 14 a

1903 477 62 27 large
1982 480 134 19 assortment
2132 481 22 18 at
2170 478 36 21 his
2221 478 181 28 Establishment,
2418 478 74 23 which

1903 503 29 22 he
1942 505 54 26 begs
2005 508 59 18 most
2073 505 144 27 respectfully
2225 508 21 19 to
2257 505 54 22 offer
2326 508 23 19 to
2363 505 38 22 the
2415 506 77 27 public

1904 538 29 15 on
1946 531 55 21 such
2011 534 68 19 terms
2088 539 25 14 as
2123 531 44 22 will
2179 531 48 28 defy
2236 532 152 27 competition.

1932 564 22 22 A
1963 567 63 24 great
2041 565 87 27 variety
2143 565 27 21 of
2185 565 94 22 Seidletz
2294 565 73 28 Cases,
2384 565 69 28 filled,
2469 569 24 19 at

1903 592 32 20 4s.
1946 592 36 21 6d.
1993 591 56 21 each
2055 599 5 19 ;
2079 592 96 21 Seidletz
2186 592 107 27 Powders,
2304 593 30 21 Is.
2346 592 34 22 6d.
2388 600 43 20 per
2438 593 53 26 box,

1904 625 26 14 or
1939 621 43 18 two
1991 618 35 21 for
2033 619 33 21 2s.
2075 618 37 22 6d.
2119 626 6 19 ;
2147 619 123 21 Carbonate
2286 619 25 21 of
2325 619 64 28 Soda,
2406 621 32 20 Is.
2454 626 40 21 per

1904 644 30 22 Ib.
1942 652 5 20 ;
1965 645 100 21 Tartaric
2075 645 65 28 Acid,
2151 647 33 20 3s.
2195 645 32 22 6d.
2238 653 40 20 per
2286 645 31 22 lb.

1918 679 23 21 A
1949 679 78 21 liberal
2038 678 121 23 allowance
2168 682 25 18 to
2201 679 102 28 Captains
2313 679 46 22 and
2366 679 113 28 Shippers.

1903 735 221 25 WHOLESALE
2154 736 123 24 PRICES
2311 736 179 25 CURRENT.

2052 794 163 23 IMPORTED
2229 795 111 23 GOODS.

1976 835 130 15 CORRECTED
2121 837 28 14 UP
2165 837 29 14 TO
2208 837 82 14 FRIDAY
2305 836 109 16 EVENING.

1904 880 18 7 „
2243 863 16 17 £
2281 868 14 12 s.
2321 864 18 16 d.
2394 863 18 18 £
2434 869 16 12 s.
2476 865 17 16 d.

1904 880 55 22 Rum
1966 889 6 12 :
1987 881 25 21 P.
2023 882 26 21 B.
2059 882 34 26 P.,
2110 883 54 27 duty
2179 884 50 26 free,

2012 914 40 19 per
2060 908 76 26 gallon
2245 912 14 19 0
2287 910 13 22 7
2328 912 82 21 0..0
2426 913 26 20 12
2480 914 13 19 0

1904 933 48 22 Gin
1960 941 5 14 :
1986 933 53 23 Pale
2245 938 14 20 0
2286 937 14 22 7
2327 939 49 19 0..
2395 939 56 20 010
2479 941 13 19 0

1986 961 62 26 Case,
2062 963 16 20 4
2090 962 89 27 gallons
2187 964 42 21 4-5.
2246 965 51 20 11
2327 966 14 19 0
2358 979 5 5 .
2371 978 6 6 .
2396 966 11 19 1
2436 966 14 19 5
2479 967 13 19 0

1903 986 98 24 Brandy
2008 995 5 14 :
2029 988 59 22 First
2094 989 92 28 quality,
2195 997 37 21 per

2053 1016 76 26 gallon
2246 1019 13 20 0
2274 1018 27 21 14
2327 1019 14 20 0
2359 1032 18 6 ..
2396 1019 14 20 0
2426 1019 26 21 16
2480 1021 14 19 0

2027 1042 87 23 Second
2122 1044 104 28 quality..
2246 1046 13 20 0
2274 1046 25 20 13
2327 1046 13 20 0
2358 1060 18 5 ..
2396 1047 14 19 0
2426 1046 25 20 15
2480 1047 14 20 0

2026 1069 69 22 Third
2105 1070 54 22 ditto
2184 1086 42 5 ....
2245 1073 55 20 012
2327 1073 13 20 0
2358 1087 5 5 .
2372 1086 4 6 .
2396 1073 13 20 0
2425 1073 26 21 13
2480 1074 13 20 6

1904 1095 94 23 Porter
2004 1104 5 14 :
2043 1096 120 28 Barclay's,
2196 1105 37 20 per

2070 1124 117 26 hogshead
2212 1140 15 5 ..
2246 1126 55 21 710
2328 1127 14 19 0
2359 1140 4 6 .
2372 1140 5 6 .
2396 1127 13 20 8
2426 1127 26 21 10
2481 1127 13 21 0

2045 1150 101 28 Dunbar,
2154 1152 25 21 in
2187 1152 42 21 bot.

2072 1185 41 19 per
2122 1178 41 21 doz
2245 1180 13 20 0
2274 1180 25 20 18
2327 1181 80 20 0..1
2436 1181 14 20 3
2480 1181 13 20 0

1904 1202 51 22 Ale
1963 1210 5 14 :
1985 1203 27 21 In
2021 1203 76 28 bottle,
2113 1212 40 20 per
2163 1204 42 22 doz
2210 1207 89 20 ..018
2327 1207 13 20 0
2358 1221 5 5 .
2372 1222 4 4 .
2396 1208 11 20 1
2438 1208 14 20 0
2480 1209 13 19 0

1904 1229 82 23 Wine:
2002 1230 88 28 Sherry,
2102 1239 38 19 per
2149 1232 52 27 pipe
2212 1246 14 7 ..
2231 1233 28 21 28
2286 1234 14 20 0
2327 1234 14 20 0
2358 1235 52 20 ..40
2438 1235 14 20 0
2480 1235 14 20 0

2013 1257 70 27 Ditto,
2099 1265 40 20 per
2153 1258 76 22 dozen.
2246 1261 11 19 1
2286 1260 13 20 5
2327 1261 14 19 0
2358 1274 5 5 .
2372 1274 4 6 .
2395 1261 14 20 2
2426 1261 26 21 10
2480 1262 14 20 0

1904 1283 88 22 Sugar:
2008 1284 120 23 Mauritius
2137 1293 40 20 per
2186 1289 45 19 cwt.
2246 1287 14 21 2
2288 1287 12 20 5
2328 1288 14 20 0
2360 1301 18 6 ..
2396 1288 14 20 2
2439 1289 13 19 8
2481 1289 14 20 0

2012 1311 81 22 Brown
2246 1315 13 20 0
2286 1315 14 21 0
2327 1315 15 20 0
2359 1327 18 7 ..
2397 1315 10 20 1
2425 1315 25 21 15
2479 1316 14 20 0

2013 1338 97 22 Refined
2125 1339 53 28 loaf,
2196 1347 37 20 per

2039 1365 22 22 lb
2245 1369 14 19 0
2288 1368 11 20 1
2329 1368 11 21 1
2360 1381 17 7 ..
2396 1369 14 20 0
2440 1369 11 21 1
2480 1369 13 21 3

1903 1390 48 23 Tea
1961 1399 5 14 :
1984 1392 87 27 Hyson,
2081 1400 40 20 per
2132 1393 63 23 chest
2212 1408 4 6 .
2223 1409 3 6 .
2233 1395 26 21 10
2274 1395 26 21 10
2328 1396 13 20 0
2359 1409 4 5 .
2372 1409 5 5 .
2383 1395 27 21 12
2426 1397 26 20 12
2480 1397 14 20 0

1904 1418 87 23 Coffee
1999 1427 5 13 :
2016 1419 63 27 Java,
2090 1427 41 20 per
2139 1420 22 22 lb
2245 1423 14 20 0
2288 1423 10 19 1
2327 1423 14 19 3
2359 1436 4 5 .
2372 1435 5 6 .
2396 1423 14 20 0
2439 1423 11 21 1
2480 1424 14 20 6

1903 1444 58 23 Rice
1969 1453 5 14 :
1986 1446 108 22 Common
2104 1454 40 21 per
2153 1447 50 28 bag.
2213 1463 4 5 .
2224 1463 3 6 .
2248 1449 11 21 1
2288 1450 12 20 1
2328 1450 37 20 0.
2372 1463 6 5 .
2398 1450 10 20 1
2438 1450 14 20 5
2481 1451 13 21 0

1986 1473 66 22 Good
2246 1477 11 19 1
2286 1477 13 21 8
2327 1477 49 19 0..
2396 1477 55 21 112
2480 1479 12 19 0

1902 1499 105 23 Tobacco
2015 1508 5 14 :
2035 1500 143 29 Negrohead,
2196 1509 37 20 per

2061 1528 24 21 lb
2246 1531 14 20 0
2288 1531 11 20 1
2316 1531 26 20 10
2360 1544 18 6 ..
2397 1532 13 20 0
2438 1531 15 21 2
2481 1533 13 20 9

1904 1554 87 22 Cigars
1998 1562 5 14 :
2014 1555 102 28 Manilla,
2125 1562 40 21 per
2173 1557 57 26 1000,

2041 1581 54 28 duty
2110 1582 53 28 free,
2180 1590 52 20 very

2041 1616 75 15 scarce
2244 1611 13 21 5
2285 1613 14 19 0
2325 1612 50 20 0..
2394 1613 14 19 0
2436 1613 14 20 0
2480 1614 13 20 0

2013 1635 130 23 Havannah
2269 1644 59 16 none
2339 1637 23 22 in
2372 1638 97 22 market.

2013 1662 127 23 Chinsurah
2246 1665 14 21 4
2287 1667 14 19 0
2328 1666 81 21 0..5
2438 1667 14 20 0
2480 1668 13 20 0

1904 1689 59 22 Salt
1972 1698 5 14 :
1992 1689 126 29 Liverpool,
2130 1698 39 21 per
2180 1695 37 18 ton
2225 1693 34 21 .9
2286 1694 14 20 0
2327 1693 13 20 0
2358 1707 5 5 .
2372 1707 4 5 .
2382 1693 28 21 12
2438 1695 14 19 0
2480 1695 13 19 0

1904 1717 60 21 Soap
1973 1725 6 13 :
2005 1717 102 22 Hawes's
2131 1718 99 29 London,

2030 1752 41 18 per
2079 1748 40 18 ton
2233 1745 27 23 76
2287 1748 22 20 0/
2328 1747 14 20 0
2360 1760 4 6 .
2373 1761 4 5 .
2383 1748 27 20 80
2439 1748 15 20 0
2481 1749 14 20 0

1905 1771 105 23 Candles
2017 1779 5 14 :
2029 1771 96 28 English
2132 1780 56 20 wax,
2196 1780 37 20 per

2050 1799 23 21 lb
2246 1802 14 20 0
2287 1801 13 21 3
2328 1801 14 19 0
2360 1815 4 5 .
2372 1814 5 6 .
2397 1802 14 20 0
2438 1802 15 20 3
2481 1802 14 20 6

2036 1825 81 23 Mould
2246 1829 13 19 0
2288 1828 10 20 1
2328 1828 14 20 0
2360 1841 17 6 ..
2397 1829 13 19 0
2440 1829 10 20 1
2480 1830 13 19 3

1904 1851 67 22 Pork
1978 1860 4 13 :
1999 1851 63 28 Irish,
2074 1860 40 20 per
2124 1853 74 22 barrel
2212 1868 3 5 .
2222 1868 4 6 .
2245 1855 54 20 515
2328 1855 14 19 0
2360 1868 3 6 .
2372 1868 5 5 .
2397 1855 13 21 7
2438 1856 14 20 0
2481 1857 13 19 0

1905 1879 70 21 Hams
1982 1891 6 10 *
2003 1879 129 28 Yorkshire,
2147 1888 40 19 per
2197 1881 22 21 lb
2226 1897 5 5 .
2246 1882 14 20 0
2289 1883 10 20 1
2330 1882 10 20 1
2360 1895 4 5 .
2373 1896 5 5 .
2398 1883 13 20 0
2440 1883 11 20 1
2481 1884 13 19 6

1904 1906 95 22 Butter
2006 1914 5 13 :
2027 1906 65 28 Irish,
2103 1915 39 20 per
2151 1907 30 22 lb.
2214 1922 4 6 .
2225 1923 4 6 .
2248 1910 13 19 0
2290 1910 10 20 1
2330 1908 13 21 6
2361 1922 4 6 .
2373 1922 6 6 .
2398 1910 14 19 0
2441 1910 11 19 1
2482 1911 14 19 9

1905 1933 131 22 Potatoes:
2057 1934 57 21 New
2128 1934 104 28 Zealand,

2082 1969 41 19 per
2132 1965 38 18 ton
2185 1976 42 6 ....
2247 1962 13 22 7
2288 1964 13 20 0
2328 1964 14 20 0
2360 1977 5 5 .
2373 1977 5 5 .
2385 1964 26 20 10
2439 1964 14 20 0
2481 1965 14 19 0

1905 1987 90 21 Cheese
2003 1995 5 13 :
2024 1987 107 22 Cheshire
2247 1992 13 19 0
2288 1991 11 19 1
2328 1991 50 19 3..
2398 1992 13 19 0
2441 1991 54 20 110

2023 2013 55 20 Pine
2088 2014 75 27 Apple
2185 2017 75 18 ....0
2288 2017 12 18 1
2328 2017 83 18 4..0
2440 2018 14 17 O
2481 2018 14 17 O

1905 2037 91 22 Starch
2005 2046 4 13 :
2026 2039 42 21 Per
2076 2039 23 21 lb
2248 2042 13 20 0
2290 2042 10 20 1
2330 2042 13 20 9
2361 2055 5 5 .
2374 2055 5 5 .
2398 2042 14 20 0
2440 2042 14 20 2
2482 2043 14 19 0

1905 2064 44 22 Oil
1958 2072 5 14 :
1980 2064 102 28 Linseed,
2093 2073 40 20 per
2142 2066 76 26 gallon
2226 2069 34 20 .0
2288 2069 13 19 9
2329 2069 13 19 0
2361 2082 4 5 .
2373 2082 6 5 .
2398 2070 13 19 0
2428 2069 24 20 11
2482 2070 13 19 0

1980 2091 77 28 Black,
2067 2100 40 19 per
2117 2092 56 22 ditto
2186 2096 76 20 ....0
2288 2095 13 21 5
2330 2096 82 20 0..0
2438 2096 14 20 5
2482 2097 14 19 6

1905 2118 74 22 Pitch
1992 2126 5 13 :
2030 2119 136 28 Stockholm,
2198 2128 36 20 per

2055 2147 73 21 barrel
2250 2149 10 20 1
2289 2149 13 20 5
2331 2150 13 19 0
2361 2163 5 6 .
2375 2163 4 5 .
2400 2150 10 20 1
2428 2150 27 20 10
2483 2152 14 19 0

1904 2172 52 23 Tar
1963 2180 5 14 :
1984 2173 54 21 Coal
2248 2176 52 21 115
2330 2178 49 19 0..
2398 2178 14 19 2
2441 2178 14 19 0
2483 2179 14 19 0

1905 2199 116 23 Mustard
2029 2209 4 13 :
2050 2200 43 22 Per
2102 2201 71 22 dozen
2250 2204 52 21 116
2330 2205 82 20 0..0
2441 2204 14 21 0
2483 2206 13 19 0

1905 2227 99 22 Pickles
2015 2236 5 13 :
2052 2228 115 28 Assorted,
2198 2236 36 20 per

2079 2255 57 28 doz.,
2161 2259 73 24 quarts
2251 2258 9 19 1
2289 2258 14 20 2
2331 2258 14 20 0
2362 2272 18 5 ..
2401 2258 10 21 1
2429 2258 26 20 10
2483 2259 14 20 0

1905 2281 124 23 Muskets:
2045 2281 94 23 Walnut
2144 2283 90 22 stocked
2250 2285 10 20 1
2290 2286 13 19 8
2330 2285 14 20 0
2361 2299 18 6 ..
2400 2286 12 20 0
2441 2286 14 19 0
2483 2286 14 20 0

1905 2309 63 21 Beef
1975 2317 5 13 :
1996 2309 76 27 Fresh,
2093 2317 89 14 carcase
2198 2317 36 20 per

2024 2336 24 21 lb
2246 2339 14 20 0
2290 2340 9 19 1
2330 2340 13 19 0
2361 2353 18 5 ..
2398 2340 14 20 0
2440 2340 14 20 0
2482 2340 13 20 0

1906 2363 102 22 Mutton
2016 2370 4 14 :
2043 2363 93 22 Carcase
2146 2371 40 20 per
2196 2364 21 21 lb
2226 2381 5 5 .
2248 2367 12 19 0
2290 2367 9 19 1
2329 2367 14 19 0
2361 2380 4 6 .
2373 2380 6 5 .
2398 2368 14 19 0
2440 2367 14 20 0
2482 2368 13 19 0

1907 2390 76 22 Pork:
1999 2390 75 27 Fresh,
2093 2397 89 15 carcase
2198 2399 36 19 per

2024 2417 22 22 lb
2247 2420 13 20 0
2288 2421 14 20 0
2328 2420 14 19 5
2361 2434 18 5 ..
2398 2421 14 20 0
2440 2421 14 20 0
2482 2420 13 22 7

1906 2443 92 22 Flour:
2016 2444 43 21 Per
2068 2447 39 19 ton
2233 2447 28 20 40
2288 2448 14 19 0
2329 2448 14 19 0
2361 2448 51 20 ..60
2440 2448 14 20 0
2482 2449 14 20 0

1906 2471 79 22 Milk:
2001 2470 44 23 Per
2051 2472 49 26 pint
2248 2475 13 19 0
2289 2475 13 20 0
2330 2474 13 21 3
2361 2488 18 5 ..
2399 2475 13 20 0
2440 2476 15 19 0
2481 2476 16 19 4

1906 2498 81 22 Plank
1994 2506 5 14 :
2015 2498 42 22 Per
2067 2500 40 21 100
2116 2499 46 21 feet
2187 2514 42 6 ....
2249 2502 13 19 0
2278 2502 24 19 18
2331 2502 13 20 0
2361 2515 6 6 .
2375 2515 5 6 .
2400 2502 10 19 1
2428 2502 27 20 10
2483 2503 14 20 0

1907 2525 143 22 Scantling:
2066 2526 43 22 Per
2116 2528 39 21 100
2165 2526 64 22 feet..
2250 2528 12 21 0
2278 2529 25 20 18
2331 2529 13 20 0
2362 2542 18 5 ..
2400 2530 10 19 1
2440 2529 14 20 5
2483 2530 14 19 0

1906 2552 128 23 Shingles:
2050 2552 43 23 Per
2100 2555 54 21 1000
2250 2556 9 19 1
2290 2557 13 19 0
2330 2557 14 20 0
2361 2570 5 4 .
2375 2570 5 4 .
2401 2557 9 19 1
2429 2556 26 21 10
2483 2557 14 19 0

1906 2606 64 23 Boat
1981 2606 74 22 Hire:
2070 2607 43 22 Per
2119 2607 49 27 day,
2175 2608 60 21 with-

2099 2638 39 18 out
2147 2634 71 22 hands
2227 2651 5 5 .
2248 2637 13 20 0
2277 2637 25 20 16
2330 2638 14 19 0
2361 2650 19 6 ..
2401 2637 9 20 1
2441 2637 14 20 0
2483 2638 14 20 0

1906 2660 87 22 Wages
2000 2668 5 13 :
2034 2660 139 28 Mechanics,
2200 2669 37 20 per

2060 2688 63 21 week
2252 2690 53 21 116
2333 2691 48 20 0..
2401 2691 14 20 2
2443 2691 14 20 2
2485 2693 14 19 0

2045 2714 124 23 Labourers
2251 2717 9 20 1
2290 2717 13 20 5
2332 2718 50 20 0..
2403 2718 54 20 110
2485 2719 14 20 0

1942 2780 51 24 The
2012 2780 64 24 New
2096 2781 127 24 Zealand
2242 2781 124 24 Gazette
2389 2783 54 29 will,
2462 2784 36 23 for

1907 2820 40 24 the
1958 2825 99 27 present,
2069 2822 28 23 be
2105 2822 120 31 published
2231 2822 96 31 weekly,
2337 2831 68 22 every
2413 2824 84 23 Satur-

1909 2862 44 31 day
1963 2863 114 31 morning.
2116 2864 30 22 So
2166 2871 56 16 soon
2239 2871 25 16 as
2283 2864 19 23 it
2320 2865 20 22 is
2359 2865 140 31 sufficiently

1909 2904 132 31 supported,
2063 2905 19 22 it
2104 2904 47 24 will
2174 2904 30 24 be
2226 2905 79 23 issued
2330 2905 168 32 semi-weekly.

1910 2944 128 33 Subjoined
2049 2952 37 17 are
2098 2945 39 24 the
2149 2949 70 20 terms
2226 2954 5 16 :
2233 2958 35 4 —

1944 2994 81 24 Price
2045 3001 30 16 of
2094 3001 51 16 the
2164 2993 96 24 Paper.
2262 3005 35 5 —
2298 2993 72 31 Forty
2393 2992 108 33 shillings

1908 3043 43 22 per
1962 3042 93 21 annum,
2073 3033 96 32 payable
2181 3034 24 23 in
2217 3033 97 24 advance
2323 3042 6 20 ;
2349 3041 26 15 or
2387 3041 44 16 one
2443 3034 57 23 shil-

1909 3074 50 31 ling
1970 3076 35 22 for
2017 3074 73 31 single
2101 3074 118 23 numbers.

1942 3122 248 23 Advertisements.
2192 3133 32 4 —
2226 3121 43 23 Six
2285 3120 59 25 lines
2362 3122 46 23 and
2419 3123 81 29 under,

1910 3164 36 22 3s.
1960 3161 39 24 6d.
2012 3161 36 23 for
2059 3161 38 23 the
2109 3161 50 23 first
2168 3161 118 29 insertion,
2294 3161 46 24 and
2351 3170 43 15 one
2407 3162 96 32 shilling

1909 3203 37 23 for
1963 3202 56 23 each
2038 3202 141 30 subsequent
2196 3202 108 23 insertion
2313 3211 7 20 ;
2343 3202 61 24 from
2422 3203 38 24 six
2479 3208 23 18 to

1910 3248 39 19 ten
1959 3243 67 28 lines,
2038 3243 45 22 five
2094 3242 107 32 shillings
2212 3242 33 24 for
2259 3243 39 23 the
2316 3243 58 29 first,
2394 3244 46 23 and
2459 3252 43 15 one

1911 3283 94 31 shilling
2027 3283 46 23 and
2094 3283 110 31 sixpence
2224 3283 35 24 for
2282 3283 56 24 each,
2360 3283 142 31 subsequent

1910 3323 111 24 insertion
2029 3332 7 20 ;
2056 3323 71 24 above
2138 3328 41 19 ten
2194 3324 65 28 lines,
2278 3323 45 24 five
2340 3323 108 32 shillings
2466 3325 36 23 for

1911 3365 39 24 the
1961 3366 52 23 first
2023 3370 40 19 ten
2073 3365 67 29 lines,
2153 3365 47 24 and
2209 3365 121 31 fourpence
2342 3372 42 24 per
2401 3365 48 24 line
2466 3366 36 23 for

1911 3406 39 24 the
1961 3414 81 16 excess
2054 3405 25 24 of
2093 3405 50 24 that
2149 3405 96 24 number
2253 3414 6 20 ;
2280 3405 45 23 and
2335 3409 118 28 twopence
2459 3413 42 24 per

1909 3448 49 25 line
1969 3448 36 24 for
2017 3448 56 24 each,
2083 3447 140 31 subsequent
2231 3446 120 24 insertion.

1945 3496 198 25 Advertisements
2154 3494 47 25 will
2211 3498 39 20 not
2260 3502 84 24 appear
2357 3495 25 23 in
2401 3494 40 24 the
2460 3503 41 16 en-

1911 3539 70 30 suing
1990 3538 104 28 number,
2107 3537 21 23 if
2140 3535 103 25 received
2255 3535 58 24 later
2330 3535 57 24 than
2405 3535 96 33 Friday,

1912 3580 32 22 10
1968 3578 95 29 o'clock,
2088 3585 54 16 a.m.
2183 3575 197 25 Advertisements
2404 3576 48 24 will
2473 3577 29 23 be

1911 3619 123 24 continued
2045 3617 44 24 and
2100 3616 101 31 charged
2211 3615 57 24 until
2283 3617 204 23 counter-ordered
2494 3626 7 21 ;

1911 3660 57 24 such
1980 3659 66 24 order
2056 3662 63 19 must
2130 3657 28 24 be
2177 3660 49 20 sent
2243 3660 23 20 to
2285 3657 39 23 the
2344 3657 75 24 Office
2437 3657 65 24 three

1910 3701 57 31 days
1973 3699 78 24 before
2057 3698 148 32 publication,
2214 3697 43 24 and
2263 3702 64 19 must
2332 3697 29 23 be
2368 3698 26 23 in
2400 3698 100 30 writing.

1944 3749 41 24 AH
1996 3749 85 28 orders,
2097 3747 195 28 advertisements,
2310 3747 46 23 and
2373 3747 128 23 communi-

1910 3791 88 23 cations
2008 3793 23 20 to
2043 3788 38 24 the
2094 3787 91 30 Editor,
2201 3795 34 16 are
2250 3787 123 32 requested
2383 3791 24 20 to
2419 3787 29 23 be
2461 3786 40 24 ad-

1910 3829 95 25 dressed
2016 3834 24 19 to
2052 3829 46 23 this
2113 3829 83 23 Office.
