4260 5920
2657 2903 162 21 MARRIAGE.

2456 2942 312 24 Biggins—BucHANAN.-On
2778 2942 30 21 Ist
2822 2939 119 27 December,
2953 2938 57 28 1897,

2506 2975 22 19 at
2538 2971 82 27 Trinity
2630 2971 91 26 Church,
2731 2970 115 26 Lawrence,
2861 2968 27 27 by
2905 2968 35 21 the
2956 2968 54 21 Yen.

2508 3000 129 21 Archdeacon
2651 2999 120 24 Beaumont,
2786 2996 77 27 Joseph
2885 2996 88 26 Bijrgins,
2990 2996 21 19 of

2505 3027 90 25 Ettrick,
2604 3029 22 17 to
2634 3027 57 25 Mary
2698 3026 53 20 Jane
2761 3023 189 27 Buchanan,Evans
2956 3023 52 20 Flat.

2479 3118 150 38 Mount
2671 3117 158 47 Benger
2871 3113 116 40 Mail.

2609 3227 62 20 JUST
2690 3227 54 20 AND
2765 3226 68 19 FEAR

2527 3305 118 26 FRIDAY,
2659 3304 160 21 DECEMBER
2837 3304 32 25 17,
2889 3302 57 22 1897.

2476 3398 70 42 The
2574 3395 126 43 Dismal
2726 3394 138 48 Swamp
2894 3393 92 41 Dam.

2454 3478 51 29 Mr
2526 3475 143 31 Perham's
2690 3478 93 36 report
2796 3485 35 18 on
2844 3478 85 25 water
2942 3482 49 19 con-

2454 3518 136 28 servation
2601 3517 50 28 has
2665 3517 69 27 been
2747 3514 56 29 laid
2821 3525 36 17 on
2869 3515 48 28 the
2932 3513 76 27 table

2453 3558 29 30 of
2495 3558 47 30 the
2556 3558 102 35 House,
2679 3556 55 30 and
2756 3554 107 46 though
2887 3552 117 39 making

2453 3609 36 18 no
2521 3601 129 35 pretence
2681 3600 28 25 to
2744 3596 137 37 anything
2906 3595 29 27 in
2960 3593 47 28 the

2453 3641 97 26 nature
2565 3638 29 29 of
2604 3648 34 18 an
2648 3635 161 31 exhaustive
2820 3634 115 41 enquiry
2946 3633 58 29 into

2455 3680 45 27 the
2514 3679 198 37 requirements
2725 3677 29 28 of
2766 3676 47 28 the
2827 3676 110 28 various
2950 3674 42 28 dis-

2454 3719 78 29 tricts
2546 3718 107 37 visited,
2673 3717 34 29 he
2730 3716 145 30 dismissed
2888 3715 117 29 without

2455 3760 192 37 compunction
2667 3768 75 20 some
2764 3758 29 28 of
2805 3758 48 28 the
2868 3760 72 26 most
2953 3755 34 28 im-

2454 3802 112 36 portant
2576 3799 119 38 projects
2706 3796 136 39 proposed
2853 3800 29 25 to
2895 3796 58 28 him
2967 3795 36 36 by

2455 3840 135 29 residents
2604 3837 180 41 experienced
2805 3837 27 29 in
2856 3837 48 29 the
2918 3835 71 39 possi-

2453 3881 101 28 bilities
2568 3880 29 28 of
2610 3880 78 29 those
2701 3878 130 29 districts.
2872 3877 83 34 Such,
2975 3880 29 24 at

2453 3921 36 28 all
2502 3923 105 32 events,
2620 3930 30 18 as
2664 3919 54 28 will
2730 3919 35 28 be
2778 3928 64 18 seen
2865 3917 71 28 from
2960 3916 42 26 his

2454 3963 93 37 report
2561 3960 112 40 (quoted
2687 3960 28 28 in
2729 3969 50 19 our
2791 3958 53 28 last
2857 3957 82 32 issue)
2955 3956 48 28 has

2453 4003 68 28 been
2535 4002 42 28 his
2598 4003 149 26 treatment
2772 3999 29 27 of
2825 3998 47 29 the
2897 3996 104 30 Dismal

2455 4044 108 36 Swamp
2584 4040 155 30 Reservoir.
2778 4039 55 29 For
2845 4049 54 26 any
2913 4035 88 30 useful

2452 4092 118 29 purpose
2594 4080 89 29 which
2707 4080 42 28 his
2775 4082 92 34 report
2890 4087 33 18 on
2948 4075 55 29 this

2453 4123 101 39 unique
2566 4122 56 29 and
2636 4125 71 26 most
2718 4119 124 30 valuable
2856 4123 83 24 water
2952 4115 51 29 site

2453 4165 22 28 is
2489 4165 86 38 likely
2586 4167 29 26 to
2628 4172 78 19 serve
2730 4162 23 27 it
2779 4160 89 38 might
2890 4158 58 38 just
2973 4167 29 17 as

2455 4205 59 29 well
2527 4206 70 27 have
2611 4204 68 29 been
2695 4203 109 28 written
2831 4201 26 27 in
2884 4200 46 28 the
2956 4207 31 19 ex-

2454 4244 86 38 pert's
2554 4244 77 29 office
2644 4247 29 25 at
2685 4242 173 34 Wellington
2882 4249 31 19 or
2937 4247 50 27 any-

2455 4286 89 29 where
2576 4284 65 31 else.
2697 4282 45 30 Mr
2775 4280 113 30 Perham
2921 4288 84 20 never

2455 4327 97 29 visited
2562 4327 48 28 the
2623 4326 72 32 dam,
2709 4323 54 29 and
2778 4323 42 28 his
2834 4320 123 30 remarks
2970 4329 33 19 on

2454 4368 22 28 it
2490 4365 162 42 apparently
2665 4375 46 18 are
2732 4362 134 39 compiled
2881 4361 69 28 from
2965 4359 28 28 in-

2456 4408 147 29 formation
2617 4404 133 41 gathered
2764 4404 70 28 from
2849 4402 46 28 the
2906 4411 61 19 man
2979 4400 26 28 in

2456 4449 47 29 the
2530 4450 94 33 street,
2656 4445 52 30 and
2742 4444 43 29 his
2810 4443 102 39 figures
2937 4442 69 28 from

2456 4489 79 37 plans
2557 4487 143 29 borrowed
2725 4485 28 28 in
2779 4483 138 29 Dunedin.
2956 4481 52 29 His

2457 4529 59 27 fear
2528 4529 30 27 of
2568 4527 85 38 being
2694 4524 109 29 snowed
2815 4534 36 27 up
2892 4523 116 28 because

2457 4569 78 28 there
2547 4577 72 20 were
2632 4578 15 17 a
2660 4566 51 29 few
2726 4565 94 29 inches
2833 4563 29 29 of
2878 4573 75 18 snow
2973 4572 35 19 on

2458 4610 46 27 the
2518 4612 48 34 top
2579 4607 29 29 of
2621 4607 47 28 the
2688 4615 99 27 ranges
2800 4605 53 26 will
2868 4604 64 36 only
2946 4613 47 28 pro-

2458 4649 70 28 voke
2540 4659 16 17 a
2566 4650 210 33 contemptuous
2789 4644 78 27 smile
2878 4644 70 27 from
2958 4652 52 18 one

2458 4687 53 30 end
2525 4687 29 30 of
2567 4687 46 29 the
2629 4684 108 30 district
2749 4687 29 25 to
2793 4686 47 25 the
2853 4683 79 28 other
2944 4694 6 23 ;
2960 4682 50 28 but

2458 4731 28 26 at
2499 4727 34 29 all
2557 4729 95 26 events
2675 4725 35 28 he
2736 4732 55 19 was
2817 4724 139 27 fortunate
2981 4722 27 28 in

2458 4768 103 38 having
2574 4776 35 20 an
2622 4765 131 30 assistant
2778 4763 60 28 who
2864 4762 83 29 saved
2961 4764 47 26 the

2459 4809 130 29 situation
2619 4807 38 36 by
2719 4804 191 36 volunteering
2968 4803 42 27 for

2460 4849 66 29 such
2540 4859 16 18 a
2599 4845 152 32 hazardous
2795 4843 78 37 duty.
2913 4844 39 27 As
2965 4843 43 28 for

2459 4900 53 27 any
2525 4887 132 38 hardship
2669 4885 28 28 in
2712 4885 86 38 goinGf
2822 4886 49 24 out
2893 4887 28 23 to
2936 4883 74 28 Lake

2461 4929 109 31 Onslow
2584 4931 29 26 at
2622 4927 47 30 the
2683 4925 65 30 time
2761 4924 30 28 of
2810 4922 46 28 Mr
2870 4922 140 29 Perham's

2460 4971 74 34 visit,
2549 4971 77 27 there
2639 4978 56 17 was
2719 4962 154 38 absolutely
2887 4973 80 25 none,
2981 4975 29 18 as

2460 5011 47 28 the
2520 5009 79 29 track
2612 5007 75 30 leads
2701 5015 65 19 ovev
2779 5004 46 27 the
2850 5002 59 28 side
2922 5003 29 27 of
2964 5004 46 27 the

2462 5061 94 28 range,
2579 5049 54 30 and
2655 5051 29 25 at
2706 5045 47 29 the
2779 5044 66 28 time
2866 5042 76 30 there
2955 5054 55 18 was

2460 5094 49 27 not
2521 5099 75 21 more
2606 5089 66 29 than
2686 5098 16 17 a
2714 5086 59 28 foot
2786 5084 29 28 of
2824 5093 74 19 snow
2907 5093 34 18 on
2957 5094 52 28 any

2460 5135 63 34 part
2535 5131 30 29 of
2582 5131 31 27 it.
2652 5128 26 28 A
2705 5125 69 29 brief
2799 5124 98 28 review
2919 5124 28 28 of
2968 5124 42 29 his

2460 5172 72 28 facts
2544 5170 55 29 and
2619 5169 102 36 figures
2733 5164 55 29 will
2803 5164 73 28 show
2891 5163 60 29 that
2964 5164 46 28 the

2460 5216 57 25 rest
2528 5211 29 29 of
2566 5209 46 30 Mr
2620 5204 141 32 Perham's
2770 5207 93 35 report
2871 5204 22 27 is
2902 5204 107 37 equally

2460 5250 150 31 unreliable
2634 5245 179 39 throughout,
2838 5254 30 18 as
2900 5243 44 29 for
2968 5244 28 28 in-

2461 5296 93 24 stance
2567 5291 78 27 when
2658 5287 34 28 he
2705 5285 99 38 speaks
2829 5284 29 28 of
2883 5284 46 28 the
2949 5284 49 28 alti-

2461 5332 66 29 tude
2540 5331 29 29 of
2580 5329 47 29 the
2641 5327 61 29 dam
2713 5324 85 37 being
2807 5324 44 35 960
2851 5324 44 35 ft,
2906 5323 86 29 where-

2461 5383 29 17 as
2503 5372 28 28 in
2544 5369 97 37 reality
2661 5367 23 28 it
2702 5366 24 28 is
2740 5363 72 37 1,900
2812 5363 44 37 ft.
2896 5363 44 29 He
2953 5364 57 28 also

2462 5410 136 30 mentions
2611 5408 61 29 that
2684 5406 47 28 the
2744 5404 68 29 total
2825 5413 63 19 area
2913 5404 28 28 of
2964 5404 46 28 the

2462 5453 62 27 dam
2533 5451 24 28 is
2572 5447 78 38 1,500
2660 5455 84 25 acres,
2754 5444 86 36 being
2848 5444 161 37 apparently

2462 5490 95 30 misled
2571 5489 37 38 by
2620 5487 49 30 the
2680 5486 58 28 fact
2749 5484 62 29 that
2831 5484 61 28 that
2916 5483 23 29 is
2965 5484 45 28 the

2461 5541 63 19 area
2556 5530 30 29 of
2615 5528 47 29 the
2694 5524 210 40 Amalgamated
2937 5523 73 29 Co.'s

2461 5574 93 35 grant.
2592 5569 41 29 As
2658 5579 16 18 a
2698 5570 101 25 matter
2823 5565 29 28 of
2877 5565 65 34 fact,
2964 5564 46 29 the

2461 5609 122 40 physical
2592 5606 199 31 conformation
2802 5605 29 28 of
2836 5604 46 28 the
2894 5607 115 30 country

2462 5651 22 28 is
2498 5649 66 30 such
2578 5648 61 30 that
2651 5647 38 39 by
2702 5646 104 38 raising
2819 5644 46 29 the
2876 5643 62 29 dam
2949 5642 58 29 wall

2460 5701 36 18 an
2509 5687 150 32 additional
2675 5686 59 29 10ft
2754 5685 47 29 the
2821 5687 85 25 water
2918 5682 89 30 would

2462 5732 33 28 be
2514 5729 93 30 forced
2631 5727 73 30 back
2728 5738 16 17 a
2763 5726 122 29 distance
2910 5723 30 29 of
2965 5723 42 29 six

2462 5771 85 35 miles,
2559 5769 55 30 and
2627 5769 38 37 by
2678 5767 103 37 raising
2800 5766 46 28 the
2869 5764 61 28 wall
2951 5773 55 28 any

3030 185 151 28 additional
3204 186 98 36 height
3326 196 16 17 a
3368 187 216 37 corresponding

3031 227 116 25 amount
3178 224 30 28 of
3236 227 85 25 water
3345 226 89 27 would
3461 227 34 28 be
3520 236 48 18 con-

3032 264 107 37 served,
3154 275 29 18 as
3197 264 79 30 there
3298 264 23 29 is
3345 276 37 18 no
3406 266 78 29 other
3498 266 87 29 outlet

3032 306 44 27 for
3088 306 22 27 it
3124 309 98 35 except
3234 309 29 24 at
3277 306 48 27 the
3339 306 72 29 dam.
3450 307 46 28 Mr
3521 308 48 27 Per-

3033 346 63 28 hani
3109 346 23 29 is
3145 346 82 39 again
3241 346 154 37 altogether
3409 347 135 29 mistaken
3557 347 28 28 in

3034 387 42 28 his
3090 387 126 28 estimate
3230 387 30 28 of
3272 387 47 27 the
3338 390 59 25 cost
3410 388 28 27 of
3451 388 46 27 the
3510 387 75 28 work

3034 426 111 40 already
3158 426 80 31 done.
3278 426 45 29 He
3347 426 139 32 evidently
3509 427 78 29 takes

3034 480 36 16 no
3083 471 116 25 account
3212 467 29 28 of
3255 468 47 27 the
3316 468 76 27 work
3406 468 72 27 done
3492 479 32 17 on
3541 468 48 27 the

3036 507 103 29 section
3152 507 71 28 built
3244 508 39 37 by
3296 507 46 28 Mr
3356 507 129 35 Rawlins,
3500 508 89 26 where

3035 548 176 29 foundations
3227 547 55 29 had
3295 551 28 26 to
3340 549 33 27 be
3391 547 73 28 sunk
3476 547 59 28 into
3549 547 42 28 oft

3036 600 31 19 or
3079 589 44 28 4ft
3135 589 28 28 of
3177 589 69 28 solid
3269 589 76 35 rock,
3371 589 91 28 which
3476 588 98 29 founda-

3036 629 72 30 tions
3122 640 45 18 are
3181 633 27 26 at
3222 633 113 35 present
3352 629 48 30 the
3413 629 163 29 understrnc-

3038 675 59 24 ture
3108 671 28 28 of
3147 671 61 28 23ft
3218 671 29 28 of
3257 671 69 28 solid
3337 680 137 26 masonry.
3514 669 77 28 With

3037 711 157 36 refreshing
3207 712 123 28 candour
3351 712 34 27 he
3410 711 102 29 admits
3531 711 60 28 that

3038 753 42 28 his
3094 753 139 29 estimates
3247 763 45 18 are
3312 752 85 29 based
3417 753 64 38 only
3496 762 35 19 on
3545 751 47 30 the

3038 798 59 24 cost
3123 793 29 29 of
3176 794 47 27 the
3249 794 101 28 section
3380 793 70 29 built
3485 793 36 36 by
3548 792 45 29 Mr

3039 834 104 38 Davey,
3157 834 51 28 but
3227 834 21 29 it
3262 845 61 18 mav
3338 834 118 38 perhaps
3469 833 35 29 be
3518 843 73 19 news

3040 879 27 24 to
3081 874 57 28 him
3152 874 61 28 that
3237 875 46 27 the
3310 874 53 29 last
3388 874 102 28 section
3504 874 29 28 of
3547 873 45 28 the

3040 914 58 30 wall
3114 914 80 35 built,
3209 914 87 30 which
3320 925 55 19 was
3388 914 65 39 only
3467 914 51 36 sft,
3533 916 59 26 cost

3041 957 112 34 £I,OOO.
3194 956 57 28 The
3264 960 97 34 expert
3373 957 23 27 is
3410 957 56 27 also
3491 960 29 24 at
3545 965 46 17 sea

3040 1007 29 17 as
3083 995 114 38 regards
3210 996 46 29 the
3272 1001 84 23 water
3368 996 90 38 rights
3481 995 110 38 already

3041 1037 116 39 granted
3171 1037 28 28 in
3225 1038 47 28 the
3286 1038 71 28 dam.
3398 1037 44 29 He
3455 1047 63 28 says
3531 1036 61 28 that

3041 1077 137 29 exclusive
3190 1077 30 29 of
3233 1078 46 28 the
3290 1078 213 38 Amalgamated
3517 1076 73 30 Co.'s

3041 1118 89 38 rights
3143 1117 77 29 there
3243 1128 45 18 are
3316 1118 51 28 184
3392 1118 94 28 heads.
3525 1116 65 28 This

3041 1158 135 38 quantity,
3187 1158 262 33 however,includes
3459 1158 46 28 the
3516 1167 55 18 com-

3041 1197 97 40 pany's
3150 1198 98 38 rights.
3288 1198 52 28 His
3354 1198 156 28 contention
3523 1196 64 29 with

3041 1239 99 37 regard
3154 1242 28 26 to
3196 1239 55 29 this
3278 1242 107 32 matter,
3411 1239 21 27 if
3460 1249 39 18 we
3524 1237 64 30 read

3041 1279 93 31 aright
3150 1279 115 37 (though
3279 1279 48 28 the
3351 1279 134 28 intention
3502 1278 28 28 of
3544 1278 46 28 the

3041 1319 87 29 whole
3149 1323 93 34 report
3262 1319 22 28 is
3297 1318 180 39 exceedingly
3490 1329 98 27 vague,

3041 1360 52 29 and
3100 1360 116 38 perhaps
3222 1359 146 39 purposely
3378 1360 208 38 inconsequent)

3041 1402 22 26 is
3077 1401 59 26 that
3150 1400 47 27 the
3210 1400 104 36 raising
3326 1401 29 26 of
3368 1400 47 28 the
3425 1400 61 28 wall
3500 1400 88 28 would

3040 1440 64 37 only
3118 1450 76 18 serve
3207 1440 47 28 the
3267 1449 105 19 owners
3386 1440 29 28 of
3439 1439 47 28 the
3506 1440 70 27 exist-

3040 1482 49 37 ing
3103 1480 98 38 rights,
3215 1480 50 28 but
3277 1480 23 29 if
3317 1480 23 28 it
3361 1480 47 28 did
3422 1480 63 36 only
3498 1480 55 28 this
3566 1480 22 27 it

3041 1520 89 30 would
3144 1520 34 28 be
3191 1520 48 28 the
3251 1523 120 34 greatest
3384 1520 103 29 benefit
3500 1523 29 25 to
3542 1520 47 28 the

3042 1560 117 33 district,
3173 1570 30 18 as
3215 1560 53 28 last
3281 1570 64 26 year
3370 1570 33 17 an
3430 1563 112 25 amount
3562 1560 28 27 of

3041 1602 122 27 between
3176 1599 74 29 £7OO
3263 1600 53 28 and
3340 1599 104 35 £I,OOO
3469 1609 54 18 was
3536 1599 54 28 lost

3041 1646 27 25 to
3082 1641 46 29 the
3150 1640 100 28 miners
3276 1640 54 28 and
3353 1640 135 28 residents
3502 1640 28 28 of
3544 1639 45 29 the

3041 1682 107 29 district
3161 1682 36 37 by
3211 1681 47 28 the
3271 1681 57 28 fact
3342 1681 61 28 that
3430 1681 44 28 the
3495 1690 93 18 season

3041 1733 53 19 was
3107 1732 16 18 a
3135 1722 50 33 dry
3200 1730 62 20 one.
3302 1720 57 28 The
3384 1721 104 36 raising
3502 1720 28 28 of
3542 1721 47 27 the

3040 1763 59 29 wall
3110 1761 98 34 would,
3218 1762 134 33 however,
3363 1761 79 27 effect
3452 1760 122 28 consider-

3039 1804 63 37 ably
3116 1812 74 19 more
3204 1801 67 29 than
3285 1801 55 29 this
3360 1800 117 37 saving,,
3487 1810 29 18 as
3530 1800 44 28 wit-

3039 1856 61 17 ness
3126 1843 47 28 the
3197 1842 78 35 large
3298 1840 117 29 number
3429 1841 28 27 of
3470 1840 104 37 applica-

3037 1885 72 28 tions
3122 1883 43 28 for
3187 1885 83 23 water
3293 1880 89 38 rights
3406 1880 88 28 which
3521 1880 68 27 have

3038 1926 67 29 been
3121 1924 94 29 before
3229 1922 47 28 the
3289 1920 122 30 Warden
3427 1920 103 38 during
3543 1920 46 29 the

3037 1970 62 34 past
3113 1965 96 28 twelve
3223 1962 110 28 months
3345 1962 89 28 which
3447 1962 79 28 could
3541 1965 48 23 not

3036 2007 33 28 be
3083 2004 125 38 granted.
3248 2002 144 35 However,
3405 2002 78 28 there
3497 2009 54 21 was
3572 2011 16 18 a

3036 2050 62 25 vote
3131 2045 29 29 of
3190 2042 140 36 £200,000
3360 2041 158 30 earmarked
3545 2041 43 30 for

3036 2091 84 24 water
3133 2084 188 30 conservation
3345 2093 132 27 purposes
3491 2086 47 24 out
3559 2082 28 29 of

3036 2127 47 28 the
3096 2126 53 28 last
3170 2124 170 34 £1,000,000
3354 2123 71 35 loan,
3439 2122 53 28 and
3507 2122 22 28 if
3545 2123 42 27 Mr

3036 2167 140 29 Perham's
3190 2169 93 34 report
3295 2164 23 28 is
3331 2167 29 25 to
3373 2164 34 28 be
3419 2164 81 28 taken
3514 2174 29 18 as
3553 2174 32 17 an

3034 2207 158 35 indication,
3211 2207 46 28 the
3276 2204 199 39 requirements
3490 2204 27 27 of
3531 2204 55 28 this

3036 2249 107 29 district
3157 2247 54 30 will
3226 2249 48 28 not
3283 2245 34 30 be
3328 2244 160 31 considered
3497 2244 27 29 in
3540 2244 47 29 the

3036 2290 177 27 distribution
3246 2287 30 28 of
3309 2286 61 27 that
3403 2296 69 17 sum.
3531 2287 38 34 Ap-

3036 2329 125 40 parently
3175 2329 21 28 it
3206 2338 66 29 goes
3284 2325 43 30 for
3335 2325 118 37 nothing
3467 2324 59 29 that
3540 2324 47 29 the

3037 2370 128 29 Minister
3178 2369 43 29 for
3241 2368 90 29 Mines
3354 2366 110 29 himself
3490 2365 97 29 visited

3037 2411 46 28 the
3096 2411 63 27 dam
3175 2410 53 28 and
3250 2407 149 40 expressed
3423 2407 112 28 himself
3561 2416 30 17 as

3038 2451 126 38 strongly
3187 2451 28 27 in
3230 2449 99 29 favour
3352 2447 29 30 of
3404 2447 187 30 Government

3037 2492 145 40 acquiring
3196 2491 68 29 such
3284 2501 16 18 a
3321 2489 125 29 valuable
3460 2491 131 36 property

3037 2533 44 30 for
3093 2533 47 29 the
3165 2532 86 30 State.
3294 2531 75 29 Such
3392 2530 111 39 opinion
3527 2529 65 29 does

3037 2578 50 24 not
3100 2574 90 38 weigh
3205 2573 110 37 against
3330 2572 60 28 that
3404 2571 29 28 of
3446 2581 34 18 an
3495 2573 97 34 expert

3039 2615 60 29 who
3121 2624 84 20 never
3230 2624 54 19 saw
3307 2612 47 30 the
3380 2612 85 40 place.
3505 2611 87 28 There

3039 2666 49 19 can
3112 2656 36 28 be
3171 2655 65 38 only
3262 2664 51 19 one
3336 2653 110 39 opinion
3474 2652 29 29 of
3526 2651 67 29 such

3067 2699 78 26 tours
3158 2696 29 28 of
3199 2694 155 39 inspection
3399 2704 30 18 as
3442 2692 60 30 that
3512 2692 28 30 of
3549 2691 45 29 Mr

3040 2736 126 29 Perham.
3206 2736 77 37 They
3303 2745 46 18 are
3373 2734 99 38 simply
3488 2744 15 17 a
3516 2741 78 30 gross

3039 2777 80 29 fraud
3133 2787 35 18 on
3182 2776 47 30 the
3241 2776 94 38 public
3348 2774 55 29 and
3425 2785 17 18 a
3461 2777 84 25 waste
3565 2772 29 29 of

3039 2818 94 38 public
3157 2827 106 27 money.
3305 2816 28 28 If
3354 2816 35 28 he
3414 2816 48 26 has
3489 2813 103 29 treated

3040 2859 47 28 the
3100 2857 88 29 whole
3201 2857 30 30 of
3243 2857 47 29 the
3312 2855 122 31 districts
3448 2853 101 30 visited
3564 2863 29 19 as

3040 2898 143 36 cavalierly
3199 2908 28 17 as
3252 2898 35 26 he
3309 2898 48 26 has
3381 2896 77 27 Lake
3472 2894 120 33 Onslow,

3039 2936 181 40 experienced
3235 2936 108 39 mining
3368 2934 146 40 engineers
3527 2933 67 29 with

3039 2980 76 37 quite
3128 2989 29 17 as
3171 2978 82 28 much
3267 2976 139 38 authority
3420 2980 29 24 to
3464 2975 83 38 speak
3562 2985 27 17 as

3039 3019 45 28 Air
3097 3018 116 28 Perham
3228 3017 53 28 will
3296 3017 70 28 have
3387 3027 35 17 no
3446 3014 145 30 hesitation

3038 3058 28 29 in
3079 3058 138 38 affirming
3243 3058 59 28 that
3325 3057 42 27 his
3393 3058 93 36 report
3507 3056 23 26 is
3544 3058 48 23 not

3039 3099 88 29 worth
3142 3099 46 28 the
3201 3107 86 27 paper
3299 3097 22 28 it
3333 3096 23 28 is
3370 3096 107 28 written
3493 3105 45 18 on.

3064 3180 108 21 Lawrence
3191 3179 40 21 and
3247 3177 116 22 Alexandra
3382 3177 71 21 letters
3474 3175 41 23 and
3533 3175 59 21 other

3039 3210 75 19 matter
3123 3207 93 21 crowded
3225 3210 36 17 out
3270 3206 41 20 this
3319 3206 61 21 issue.

3062 3247 43 21 The
3114 3245 78 26 Jockey
3203 3245 52 21 Club
3265 3243 40 22 will
3314 3245 55 19 meet
3384 3245 23 19 at
3428 3242 88 22 Heron's
3530 3241 48 21 Hot'
3586 3241 6 21 1

3039 3281 26 15 on
3075 3273 128 25 Wednesday
3211 3273 91 25 evening.

3063 3313 32 22 Mr
3109 3312 24 22 C.
3151 3312 21 22 J.
3187 3311 94 26 Coombs,
3298 3310 84 25 dentist,
3402 3309 17 21 is
3437 3309 21 21 in
3477 3308 114 27 Roxburgh

3039 3341 77 27 to-day,
3127 3340 40 21 and
3177 3346 45 21 may
3232 3339 25 21 be
3267 3338 106 22 consulted
3382 3339 22 19 at
3518 3336 66 22 Hotel

3064 3380 101 21 Members
3174 3379 22 21 of
3212 3379 35 21 the
3260 3378 47 21 Gun
3318 3377 53 22 Club
3380 3384 33 14 aie
3424 3376 109 22 reminded
3544 3377 22 20 of
3579 3384 10 12 a

3039 3415 13 21 p
3077 3408 49 21 ctice
3157 3406 68 22 match
3246 3407 23 20 at
3299 3405 36 21 the
3358 3411 80 14 reserve
3472 3405 119 20 to-morrow

3038 3435 118 26 (Saturday)
3165 3436 22 18 at
3196 3434 12 20 2
3217 3440 52 19 p.m.

3062 3474 42 21 The
3117 3472 112 27 Roxburgh
3238 3471 39 21 and
3286 3470 48 22 Coal
3353 3470 65 22 Creek
3436 3469 78 21 schools
3534 3469 52 21 have

3038 3501 67 21 closed
3123 3501 32 19 for
3171 3501 39 19 five
3228 3499 71 20 weeks'
3309 3497 114 21 Christmas
3432 3497 103 24 vacation,
3546 3496 41 20 and

3038 3534 74 21 reopen
3122 3526 87 22 towards
3218 3526 36 20 the
3267 3524 77 22 middle
3353 3524 22 21 of
3384 3524 100 25 January.

3062 3568 33 21 Mr
3116 3567 26 21 1).
3178 3563 99 27 Mitchell,
3309 3563 81 28 draper,
3421 3563 22 21 of
3472 3563 117 25 Lawrence,

3036 3601 115 14 announces
3160 3593 32 21 his
3201 3593 101 20 intention
3321 3592 21 20 of
3356 3592 58 23 being
3425 3591 20 20 in
3456 3591 42 20 this
3507 3590 80 20 district

3037 3624 51 19 next
3111 3621 56 21 week
3186 3619 51 22 with
3255 3619 28 21 all
3305 3619 36 21 the
3360 3618 62 21 latest
3441 3617 99 21 novelties
3557 3617 32 20 for

3036 3650 120 22 Christmas.

3061 3690 30 20 At
3104 3689 37 20 the
3158 3688 90 25 meeting
3266 3687 22 20 of
3303 3687 37 20 the
3360 3686 110 25 Wesleyan
3486 3684 65 24 synod
3568 3684 19 20 in

3037 3716 96 21 Dunedin
3142 3715 40 21 last
3193 3714 57 21 week
3257 3714 17 20 it
3281 3720 40 14 was
3332 3713 90 21 resolved
3432 3715 21 17 to
3461 3710 128 22 recommend

3035 3744 118 22 conference
3166 3744 23 21 to
3206 3742 86 28 appoint
3309 3749 12 14 a
3342 3740 92 23 minister
3444 3741 22 21 to
3476 3738 113 27 Roxburgh

3034 3773 52 20 next
3094 3779 48 18 year

3058 3810 40 20 We
3112 3808 68 21 would
3189 3808 55 21 draw
3254 3807 36 21 the
3309 3806 101 22 attention
3430 3805 21 21 of
3467 3804 82 22 readers
3566 3805 21 19 to

3034 3838 33 20 Mr
3079 3837 31 20 W.
3122 3836 23 22 T.
3156 3836 24 21 T.
3194 3835 92 27 Tulboys'
3297 3834 160 22 advertisement
3468 3834 20 20 in
3501 3832 85 21 another

3032 3865 89 22 column.
3171 3863 53 22 Glad
3246 3863 76 25 tidings
3345 3862 32 21 for
3556 3866 33 14 are

3032 3892 102 25 promised
3142 3894 20 17 to
3168 3891 27 20 all
3203 3891 45 20 who
3255 3897 38 19 pay
3300 3883 32 26 his
3339 3889 157 20 establishment
3507 3895 11 13 a
3530 3888 54 20 visit.

3064 3930 33 21 Mr
3113 3930 22 21 J.
3153 3929 26 20 A.
3197 3929 66 24 Scott,
3283 3927 28 21 M.
3333 3929 34 24 A.,
3387 3926 37 21 has
3442 3925 91 24 resigned
3552 3925 35 20 the

3032 3957 113 26 editorship
3165 3956 20 21 of
3202 3956 36 20 the
3257 3954 94 25 'Tablet',
3373 3954 74 23 having
3467 3953 82 21 decided
3566 3955 21 17 to

3033 3985 85 25 practise
3128 3984 35 20 the
3173 3984 39 19 law
3222 3984 19 19 in
3258 3981 103 22 Dunedin.
3373 3981 43 21 The
3436 3981 50 20 Rev.
3507 3979 76 21 Father

3032 4012 80 25 Cleary,
3123 4011 21 20 of
3155 4011 76 20 Ararat
3241 4009 115 26 (Victoria),
3367 4009 36 20 has
3410 4009 48 19 been
3467 4007 87 21 selected
3564 4009 22 18 to

3031 4040 36 21 the
3078 4038 93 22 editorial
3180 4037 63 22 chair.

3056 4077 44 20 The
3118 4076 105 25 Secretary
3251 4075 21 19 of
3290 4074 35 20 the
3343 4073 88 21 General
3455 4073 50 20 Post
3523 4072 63 20 Office

3032 4104 80 21 notifies
3122 4103 35 21 the
3167 4103 53 20 issue
3229 4102 69 21 before
3309 4101 113 21 Christmas
3440 4100 22 20 of
3469 4106 12 14 a
3499 4100 84 25 novelty

3032 4134 20 20 in
3062 4132 36 21 the
3112 4131 63 26 shape
3197 4130 21 21 of
3239 4129 95 21 coloured
3354 4131 45 23 post
3418 4128 64 27 cards,
3504 4127 82 24 beam?

3033 4161 88 25 pictures
3131 4159 21 20 of
3167 4158 50 21 New
3227 4157 87 21 Zealand
3323 4163 89 19 scenery,
3423 4158 21 19 at
3462 4163 12 13 a
3492 4155 91 21 nominal

3032 4187 94 22 addition
3136 4188 23 19 to
3169 4186 35 21 the
3213 4185 59 21 usual
3282 4187 46 24 po«t
3336 4184 48 21 card
3392 4188 51 17 rate.

3058 4228 29 19 At
3097 4233 24 13 an
3132 4224 154 25 extraordinary
3304 4223 81 26 general
3401 4223 89 24 meeting
3509 4222 22 20 of
3551 4221 35 21 the

3032 4252 112 26 Roxburgh
3163 4252 50 21 G.S.
3231 4251 102 26 Dredging
3343 4250 44 27 Co.,
3398 4249 49 22 held
3457 4250 20 20 in
3492 4249 94 21 Dunedin

3033 4289 26 14 on
3081 4280 36 22 the
3133 4279 37 23 9th
3189 4279 57 27 inst.,
3270 4278 18 22 it
3307 4285 40 14 was
3373 4277 92 22 reßolved
3488 4277 45 21 that
3553 4275 34 22 the

3033 4315 98 21 company
3140 4315 25 19 go
3175 4308 44 21 into
3235 4306 129 28 liquidation,
3375 4306 38 21 and
3426 4306 32 21 Mr
3467 4306 21 20 J.
3503 4306 77 19 Burton

3034 4344 39 13 was
3091 4336 112 26 appointed
3229 4335 108 26 liquidator
3357 4336 31 19 for
3406 4334 36 20 the
3463 4339 87 20 purpose
3566 4332 21 19 of

3036 4364 85 23 winding
3135 4370 28 17 up
3170 4363 35 20 the
3215 4366 71 17 e3tate.

3059 4404 43 20 The
3111 4404 66 24 sports
3186 4401 47 21 club
3247 4401 41 21 wi'l
3298 4401 44 25 give
3352 4400 54 21 their
3417 4399 74 21 annual
3504 4400 80 20 concert

3036 4431 39 21 and
3086 4430 39 21 ball
3135 4437 25 13 on
3170 4429 80 26 Boxing
3260 4429 66 26 night,
3337 4428 40 21 and
3387 4429 155 23 arrangements
3554 4432 32 14 are

3036 4460 21 20 in
3071 4464 90 21 progress
3170 4464 22 14 so
3203 4457 46 21 that
3258 4464 11 13 a
3285 4456 51 28 good
3351 4461 127 21 programme
3497 4454 52 21 shall
3563 4453 23 21 be

3036 4485 120 23 submitted.
3182 4484 43 21 The
3235 4485 41 20 ball
3286 4484 39 21 will
3335 4484 24 20 be
3369 4491 11 13 a
3391 4482 73 27 special
3473 4482 81 21 feature
3565 4481 21 20 of

3038 4513 35 22 the
3083 4511 62 23 club's
3155 4511 109 21 festivities
3274 4511 41 21 this
3329 4517 48 19 year
3387 4510 40 21 and
3436 4510 26 21 ad
3472 4509 89 21 libitum.

3062 4549 24 22 In
3098 4548 80 28 passing
3198 4546 107 28 judgment
3324 4553 25 14 on
3368 4552 12 15 a
3398 4544 123 27 prohibition
3531 4544 57 21 order

3038 4584 43 15 case
3098 4578 22 19 at
3135 4576 36 21 the
3189 4575 66 20 Court
3272 4581 25 14 on
3318 4574 100 25 Tuesdav,
3438 4572 33 21 Mr
3481 4572 107 26 M'Carthy

3194 4604 47 24 Any
3252 4609 45 13 man
3309 4602 48 20 that
3374 4608 66 13 comes
3460 4600 68 20 before
3548 4607 39 18 me,

3039 4631 39 22 and
3088 4638 12 14 a
3109 4630 72 26 charge
3191 4629 21 22 of
3221 4629 110 26 supplying
3340 4628 60 21 drink
3412 4631 20 17 to
3446 4633 11 14 a
3473 4626 115 26 prohibited

3038 4665 72 19 person
3119 4658 17 20 is
3145 4656 77 27 proved
3231 4656 79 26 against
3323 4650 51 31 him,
3394 4655 11 20 I
3424 4654 52 21 shall
3495 4654 51 19 have
3563 4659 25 14 no

3038 4685 109 22 hesitation
3157 4684 20 21 in
3188 4684 64 26 fining
3260 4683 43 21 him
3314 4682 35 21 the
3359 4681 39 21 full
3408 4680 84 28 penalty
3502 4680 85 20 allowed

3038 4713 27 23 bv
3080 4713 36 19 the
3131 4710 155 22 law-£lo—as
3305 4710 42 21 this
3365 4710 10 19 I
3395 4708 91 21 consider
3507 4714 12 13 a
3537 4710 51 17 most

3038 4739 76 20 serious

3066 4779 30 21 At
3116 4785 25 14 an
3162 4776 155 27 extraordinary
3338 4774 89 28 meeting
3448 4772 21 23 of
3486 4773 35 21 the
3538 4772 50 21 local

3040 4806 69 22 school
3127 4805 125 25 committee,
3277 4804 48 21 held
3344 4811 25 13 on
3387 4802 92 26 Tuesday
3497 4801 91 25 evening,

3040 4834 58 22 there
3112 4840 53 14 were
3175 4831 141 27 present—Mr
3326 4831 79 20 Mercer
3418 4830 28 24 (in
3466 4828 34 21 the
3518 4828 70 25 chair;,

3040 4861 40 21 aud
3091 4861 74 21 Messrs
3175 4858 115 27 M'Mullio,
3302 4858 115 25 Cockburn,
3428 4857 62 22 Hart.
3500 4855 86 26 Jeffery,

3041 4889 39 20 and
3090 4887 85 25 Waigth
3187 4886 125 26 (secretary).
3339 4885 43 21 The
3400 4885 103 20 chairman
3512 4883 42 20 said
3564 4882 24 21 he

3041 4916 38 20 ha<l
3093 4914 91 22 received
3194 4914 36 20 the
3239 4913 122 24 resignation
3372 4912 22 20 of
3407 4911 48 20 Miss
3466 4910 121 21 Sutherland

3041 4952 21 13 as
3072 4943 90 22 mistress
3172 4941 21 21 of
3203 4941 35 21 the
3259 4939 110 27 Hoxburgh
3386 4938 76 22 school.
3491 4936 20 23 It
3521 4936 67 23 would

3041 4974 37 18 not
3088 4971 24 21 be
3121 4976 104 19 necessary
3236 4969 32 21 for
3278 4969 55 20 them
3347 4970 21 18 to
3377 4967 48 21 take
3434 4974 39 18 any
3487 4965 73 27 action,
3567 4972 21 14 as

3042 4999 50 20 Miss
3100 4997 125 21 Sutherland
3232 4996 40 20 had
3279 4996 42 20 also
3332 4995 113 20 forwarded
3454 4994 36 20 her
3500 4993 76 25 resigna-

3041 5026 42 20 tion
3102 5026 22 20 to
3142 5024 35 20 the
3196 5023 71 21 Board.
3295 5023 21 20 It
3333 5028 40 14 was
3391 5021 97 21 resolved,
3509 5026 25 14 on
3554 5020 34 20 the

3041 5054 77 20 motion
3128 5052 21 21 of
3159 5052 73 21 Messrs
3242 5051 55 21 Hart
3310 5049 39 21 and
3369 5049 86 25 Jeffery,
3475 5047 46 21 that
3540 5047 48 21 Miss

3041 5080 141 21 Sutherland's
3191 5078 122 24 resignation
3324 5077 24 21 be
3356 5077 90 20 received
3457 5075 49 20 with
3513 5077 73 23 regret.

3065 5120 43 19 The
3118 5119 72 20 bazaar
3206 5119 21 19 at
3246 5116 77 20 Millers
3336 5115 46 21 Flat
3392 5121 39 13 was
3441 5114 110 20 continued
3561 5120 25 14 on

3041 5146 73 25 Friday
3125 5146 38 20 and
3182 5143 108 24 Saturday,
3305 5142 40 21 and
3354 5148 26 14 on
3390 5141 102 23 Saturday
3502 5141 84 25 evening

3041 5174 35 21 the
3086 5173 42 21 hall
3142 5179 39 14 was
3191 5170 73 27 simply
3278 5169 76 26 packed
3365 5170 21 19 to
3396 5167 133 26 overflowing.
3558 5168 28 20 As

3041 5208 10 13 a
3062 5202 78 19 matter
3149 5199 22 20 of
3180 5205 70 14 course
3261 5197 36 20 the
3309 5195 128 21 stallholders
3455 5201 51 13 were
3519 5194 55 20 indus-

3042 5228 64 21 tiious
3115 5226 39 21 and
3165 5226 34 21 the
3213 5224 68 28 public
3298 5230 52 14 weie
3368 5222 50 26 kept
3436 5221 82 27 equally
3536 5221 49 26 busy

3041 5255 99 25 sounding
3161 5254 35 20 the
3219 5251 74 27 depths
3316 5251 21 20 of
3355 5249 54 22 their
3426 5249 91 26 pockets.
3543 5249 43 21 The

3040 5283 72 20 bazaar
3122 5280 126 26 throughout
3265 5285 40 13 was
3321 5284 25 14 an
3358 5277 125 23 unqualified
3500 5282 84 20 success,

3041 5309 37 20 the
3086 5307 95 28 proceeds
3190 5305 117 24 amounting
3315 5305 22 19 to
3344 5303 69 26 nearly
3422 5303 60 21 £l5O.
3511 5304 29 18 At
3549 5304 36 19 the

3040 5336 53 20 close
3109 5341 26 15 on
3157 5333 100 25 Saturday
3279 5331 84 26 evening
3383 5330 36 20 the
3436 5329 50 22 Rev.
3509 5329 75 21 Father

3041 5364 70 25 Coffey
3120 5362 57 26 again
3188 5359 91 22 thanked
3288 5358 28 21 all
3329 5357 45 21 who
3391 5357 41 21 had
3449 5357 51 20 been
3509 5357 63 20 instru-

3041 5390 76 20 mental
3126 5390 20 19 in
3158 5388 81 24 making
3248 5387 36 20 the
3293 5386 72 20 bazaar
3370 5392 22 13 so
3399 5384 183 20 successful—both

3041 5416 35 21 the
3095 5414 129 23 stallholders
3242 5413 40 21 and
3299 5412 37 21 the
3354 5411 79 26 general
3451 5410 132 27 public-and

3041 5444 53 21 after
3103 5443 31 21 his
3144 5442 90 21 remarks
3243 5440 58 21 three
3307 5440 72 25 hearty
3385 5439 70 21 cheers
3463 5444 51 15 were
3524 5439 58 24 given

3041 5472 31 19 for
3081 5471 37 20 the
3128 5477 41 13 rev.
3180 5468 115 26 gentleman
3305 5467 88 20 himself.
3420 5466 42 20 Our
3474 5465 35 21 list
3516 5465 22 21 of
3547 5466 35 20 the

3040 5500 53 19 most
3100 5496 82 21 notable
3191 5496 48 26 gifts
3245 5496 20 19 in
3275 5494 36 21 the
3319 5494 76 21 bazaar,
3408 5493 64 21 which
3482 5493 100 26 appeared

3040 5526 20 20 in
3071 5525 39 20 last
3119 5525 60 24 issue,
3190 5529 39 14 was
3235 5522 119 25 necessarily
3365 5520 217 27 incompleto.asmany

3040 5553 22 21 of
3069 5552 56 22 them
3135 5557 55 16 came
3199 5550 19 21 in
3238 5550 124 26 subsequent
3371 5550 21 19 to
3403 5555 37 14 our
3450 5547 52 22 visit.
3530 5548 21 21 It
3565 5548 16 21 is

3039 5580 129 24 satisfactory
3185 5580 22 19 to
3222 5578 61 21 know
3300 5578 45 20 that
3360 5576 64 21 Dame
3442 5576 97 26 Fortune,
3562 5583 22 14 as

3040 5606 119 26 personified
3178 5606 21 19 in
3217 5605 36 20 the
3270 5604 80 20 various
3370 5604 73 24 riffles,
3461 5603 123 20 distributed

3040 5633 57 20 them
3107 5632 49 21 with
3170 5632 36 20 the
3220 5632 80 20 utmost
3316 5630 141 26 impartiality,
3476 5630 39 20 and
3533 5630 50 20 with

3039 5660 73 25 hardly
3135 5661 22 18 to
3179 5658 25 21 be
3235 5657 98 26 expected
3362 5656 96 28 equaMtv,
3492 5656 92 22 between

3040 5686 112 27 Roxburgh
3161 5686 40 21 and
3212 5686 114 21 Lawrence.
3353 5684 20 22 It
3388 5686 17 19 is
3422 5684 98 27 expected
3539 5684 45 21 that

3040 5715 36 21 the
3085 5714 78 22 Millers
3173 5714 47 20 Flat
3229 5712 75 22 church
3321 5712 41 21 will
3382 5712 25 21 be
3424 5712 78 26 opened
3511 5712 74 21 almost

3039 5743 43 20 free
3091 5743 22 19 of
3122 5741 49 21 debt
3180 5740 88 26 through
3284 5740 34 21 the
3335 5747 75 19 agency
3428 5741 22 19 of
3459 5740 36 20 the
3504 5740 78 26 bazaar,

3040 5769 39 22 <nd
3090 5769 35 21 the
3135 5768 91 24 building
3236 5767 40 21 will
3286 5768 25 20 be
3319 5774 51 18 gone
3377 5774 26 13 on
3411 5767 49 20 with
3467 5766 114 22 forthwith.

3639 187 44 20 The
3700 186 72 21 Public
3793 186 76 19 Works
3886 186 37 19 Hta
3925 188 6 11 f
3935 189 66 17 ern«*n(.
4020 194 40 13 ww
4074 187 88 26 bfryfjghi

3614 213 59 20 down
3689 219 25 14 on
3725 212 92 25 Tuesday
3837 212 64 25 night,
3913 212 38 19 am!
3972 213 88 19 innrj'!<•«(

3614 240 147 25 votes—Otago
3785 239 91 24 Central,
3899 238 95 28 £30,000,
4015 241 22 19 to
4053 246 56 21 ©tarty
4128 241 34 21 tb*

3614 267 41 21 line
3665 269 21 19 to
3697 267 101 21 Eweburn
3806 274 5 17 ;
3917 266 30 21 for
3957 266 34 21 the
4002 267 91 22 Hetiwxrd
4107 273 53 17 t;a*u

3614 295 41 21 line
3667 303 5 16 ;
3693 295 40 21 and
3753 295 75 27 £3,C00
3846 295 31 20 for
3897 295 34 20 the
3954 301 115 15 conwrwin
4088 295 21 21 <•?
4129 301 33 16 t.,s

3615 323 71 20 Forest
3697 322 40 21 Rill
3748 324 98 23 tramway
3857 323 21 19 to
3886 321 110 21 anon'itia;
4006 328 6 12 ;
4022 322 82 27 railway
4116 323 26 20 lit.

3616 351 28 20 As
3656 354 20 17 to
3686 349 36 22 the
3732 349 110 27 Roxburgh
3853 349 48 27 lino,
3920 348 89 22 detailed
4025 349 57 26 plan*
4097 356 32 15 ar»-
4142 353 20 19 U>

3616 379 23 19 be
3646 378 107 26 prepared,
3764 379 21 19 to
3795 377 24 21 be
3829 377 40 20 laid
3882 376 68 20 b.*fo*e
3968 377 37 20 +he
4023 377 67 21 Koaxf-
4111 385 49 13 nexi/

3616 406 82 25 session,
3710 405 90 24 showing
3811 404 36 20 the
3857 405 42 19 cost
3916 403 21 20 of
3947 410 23 13 an
3982 404 104 21 AxLenaiiu
4097 404 21 21 of
4128 404 34 21 the

3617 435 82 23 present
3710 433 38 20 line
3759 432 52 21 from
3822 431 73 21 Heriot
3906 433 21 19 to
3940 429 70 24 Giiie'*.

3643 473 30 19 At
3683 479 10 13 a
3704 472 89 24 meeting
3802 471 22 19 of
3833 471 35 19 t.he
3878 470 111 25 Roxburgh
4008 471 77 24 JocV»7
4105 472 58 25 Club,

3620 499 45 19 held
3676 499 21 19 at
3707 497 106 21 Ormond's
3829 497 62 20 Hotel
3909 504 24 13 on
3954 497 101 26 Saturday
4074 499 84 23 cvnin<

3620 526 57 20 there
3703 531 51 13 were
3781 524 182 26 present—M-.ssrs
3994 523 31 23 \Y.
4048 525 25 21 A.
4099 525 67 28 Reilly

3621 552 128 26 (president),
3761 552 24 20 A.
3799 551 90 27 Cordon,
3907 553 95 24 Spooner,
4013 552 91 27 Louden,
4118 553 47 21 Bair

3620 580 40 21 and
3670 580 82 21 Dunne.
3779 580 21 20 It
3810 586 40 13 was
3859 579 82 21 decided
3952 581 20 19 to
3982 580 50 20 alter
4043 580 35 21 the
4088 580 47 23 date
4152 580 13 21 >[

3622 608 35 19 the
3667 614 44 13 race
3721 608 89 24 meeting
3819 607 52 19 from
3881 607 94 26 Monday,
3988 607 34 20 3rd
4034 608 98 24 January,
4144 615 22 14 10

3620 634 108 27 Saturday,
3740 635 30 20 Ist
3778 634 59 25 (New
3847 633 69 22 Year's
3925 634 58 26 Day).
4013 636 31 20 An
4054 636 112 27 adjourned

3620 664 88 25 meeting
3719 669 39 14 was
3768 662 48 21 held
3826 669 24 14 ou
3864 662 125 27 Wednesday
4003 664 85 26 evening
4099 666 21 19 at
4130 664 34 22 the

3620 697 54 14 same
3698 690 56 26 place
3775 690 56 20 when
3851 690 32 20 Mr
3904 690 66 24 Reilly
3988 691 58 25 again
4065 691 97 25 presided,

3621 719 38 20 five
3669 718 98 21 members
3777 718 59 25 being
3844 719 89 25 present.
3963 718 19 19 It,
3992 725 39 14 was
4045 718 83 22 decided
4143 723 20 17 to

3620 746 52 21 have
3686 746 36 21 the
3731 753 45 14 race
3789 745 42 21 ball
3844 752 27 14 on
3888 746 52 20 New
3958 745 69 21 Year's
4043 746 66 27 night,
4127 747 39 21 and

3620 775 151 23 arrangements
3793 781 52 13 were
3879 775 39 24 put
3947 773 21 21 in
3993 774 53 20 tiain
4069 774 96 22 therefor.

3620 802 74 21 Messrs
3710 801 23 21 T.
3751 801 115 24 Thompson
3884 800 41 21 and
3945 800 20 21 J.
3987 801 26 21 A.
4034 801 58 26 Boyd
4114 808 51 15 were

3620 829 111 28 appointed
3740 828 146 27 handicappers
3895 828 31 21 for
3932 828 36 21 the
3978 828 94 27 meeting.

3646 870 30 20 At
3684 868 36 21 the
3730 868 88 26 meeting
3827 867 22 21 of
3863 868 35 20 the
3917 868 107 26 Licensing
4043 868 122 22 Committee

3620 903 25 14 on
3656 896 98 26 Tuesday,
3766 895 108 21 Constable
3890 895 73 26 Fouby
3978 895 126 24 complained
4121 897 45 20 that

3620 923 77 22 several
3707 922 116 28 prohibited
3834 930 82 20 persons
3926 924 21 19 at
3958 922 78 22 Millers
4052 923 48 21 Flat
4114 931 51 14 were

3619 953 43 20 still
3672 952 59 25 being
3740 951 93 26 supplied
3848 951 50 20 with
3913 951 60 21 drink
3992 951 106 21 whenever
4116 953 50 22 they

3620 979 80 21 wanted
3709 979 25 26 it,
3745 979 40 20 and
3799 978 26 20 he
3841 977 77 21 wished
3933 980 22 18 to
3971 977 60 27 bring
4044 979 35 19 the
4093 981 73 19 matter

3620 1007 68 21 before
3698 1006 35 21 the
3749 1006 123 22 committee.
3900 1005 43 21 The
3958 1005 79 27 subject
4055 1012 38 16 was
4107 1013 45 15 men-

3619 1035 68 21 tioned
3697 1035 20 20 in
3728 1035 117 20 connection
3862 1033 50 21 with
3931 1033 35 22 the
3987 1033 87 22 transfer
4091 1035 21 20 of
4130 1035 35 20 the

3618 1063 75 20 license
3704 1062 20 21 of
3735 1062 36 21 the
3780 1062 63 25 Ferry
3853 1061 70 21 Hotel.
3951 1061 43 20 The
4013 1061 101 22 chairman
4124 1062 42 21 said

3619 1090 46 20 that
3674 1090 36 20 the
3719 1089 117 20 committee
3854 1088 66 21 would
3934 1089 69 20 advise
4016 1088 36 21 the
4069 1089 96 22 licensees

3618 1117 21 21 of
3649 1117 48 20 both
3708 1116 65 21 hotels
3782 1118 22 18 at
3815 1116 76 20 Millers
3911 1116 47 20 Flat
3977 1115 45 21 that
4032 1123 12 12 a
4053 1117 112 21 conviction

3618 1144 40 22 had
3682 1144 49 21 been
3755 1142 95 23 obtained
3867 1142 78 27 against
3968 1150 12 14 a
3999 1143 88 22 resident
4108 1144 58 21 there

3618 1172 87 26 charged
3715 1172 49 20 with
3775 1171 108 25 supplying
3898 1171 67 26 liquor
3983 1172 21 19 to
4022 1177 12 14 a
4052 1172 114 26 prohibited

3618 1207 80 19 person,
3721 1199 40 20 and
3782 1198 87 21 another
3895 1198 89 21 resident
4012 1205 40 14 was
4076 1199 90 27 strongly

3617 1227 106 27 suspected
3745 1227 22 21 of
3784 1226 35 21 the
3837 1233 54 14 same
3914 1226 84 22 offence.
4026 1227 56 26 They
4100 1228 66 20 would

3617 1255 42 21 also
3669 1262 54 13 warn
3734 1255 57 21 these
3801 1254 142 26 hotelkeeptrs
3954 1257 22 18 to
3985 1255 115 21 endeavour
4109 1257 21 19 to
4139 1255 25 21 be

3618 1282 77 21 careful
3713 1282 21 21 in
3749 1282 71 21 future
3837 1281 21 21 iu
3877 1282 110 26 supplying
3997 1282 67 27 liquor
4072 1285 21 18 to
4109 1282 56 22 these

3619 1316 89 19 persons.

3644 1351 30 21 At
3687 1351 36 21 the
3732 1350 58 22 usual
3801 1349 89 27 meeting
3907 1350 21 22 of
3937 1350 36 22 the
3982 1350 71 22 Teviot
4062 1350 92 26 Horticul-

3620 1379 53 21 tural
3686 1379 81 26 Society
3777 1384 25 16 on
3813 1378 127 27 Wednesday
3953 1381 85 23 evening
4048 1378 56 25 there
4114 1389 53 15 were

3618 1407 186 25 present—Messrs
3813 1406 103 23 Campbell
3937 1406 125 25 (chairman),
4081 1410 83 23 Haines,

3618 1434 23 21 J.
3655 1433 63 26 Snell,
3729 1433 117 23 Matthews,
3865 1433 96 25 Andrew,
3972 1433 106 26 Bennetts,
4088 1438 79 20 Wilkea

3622 1461 40 21 and
3681 1461 30 21 Dr
3729 1460 81 21 Mullin.
3836 1459 43 21 The
3899 1459 103 26 following
4019 1459 90 26 business
4128 1472 40 13 was

3623 1488 115 21 transacted
3778 1487 54 21 That
3849 1486 36 21 the
3907 1487 47 21 date
3972 1487 21 21 of
4013 1487 35 21 the
4069 1491 56 21 show
4142 1492 26 21 be

3622 1516 77 21 altered
3709 1518 21 18 to
3748 1514 112 26 Thuraday,
3878 1515 48 22 17th
3945 1515 116 28 February;
4076 1519 46 22 that
4131 1520 36 21 the

3624 1543 117 22 committee
3748 1542 83 27 provide
3838 1543 47 19 wire
3892 1543 78 24 netting
3976 1542 32 20 for
4013 1543 35 20 the
4055 1548 111 22 protection

3623 1572 21 19 of
3655 1571 35 20 the
3700 1570 65 23 fiuit;
3778 1569 47 20 that
3834 1569 36 20 the
3885 1570 93 20 estimate
3987 1569 31 20 for
4027 1574 91 25 printing
4128 1575 40 20 and

3622 1598 123 25 advertising
3752 1597 26 25 by
3789 1596 36 20 the
3833 1596 41 21 Mt.
3881 1597 92 20 Benger
4046 1602 122 25 proprietors

3622 1626 25 21 be
3658 1624 107 28 accepted;
3780 1623 46 22 that
3838 1623 31 20 Mr
3879 1624 99 21 Bennetts
3996 1624 38 21 and
4055 1628 34 21 the
4106 1636 62 14 8»pr»-

3622 1654 61 21 taries
3692 1653 25 21 be
3726 1659 12 14 a
3747 1653 80 20 concert
3836 1653 115 20 committee
3961 1652 21 21 in
3992 1657 116 21 connection
4116 1657 51 21 with

3621 1682 36 20 the
3666 1682 56 19 show
3730 1688 5 15 ;
3751 1680 45 20 that
3804 1680 74 21 entries
3885 1680 31 20 for
3925 1680 55 20 show
3990 1682 53 20 close
4053 1686 21 18 at
4085 1685 22 21 10
4118 1693 50 18 p.m.

3621 1716 25 13 on
3657 1708 47 21 16th
3716 1708 111 24 February,
3835 1707 88 20 exhibits
3937 1710 21 17 to
3976 1707 24 22 be
4014 1709 20 20 in
4045 1711 36 21 the
4090 1713 41 20 hall
4142 1713 26 26 by

3621 1736 12 20 9
3643 1743 47 15 a.m.
3702 1743 24 13 on
3738 1735 36 20 the
3785 1734 46 21 17th
3841 1742 5 17 ;
3860 1734 45 21 that
3914 1735 35 20 the
3958 1734 54 22 show
4022 1736 24 22 be
4056 1746 49 18 open
4116 1741 52 20 from

3621 1763 12 21 3
3643 1770 50 17 p.m.
3709 1764 21 19 to
3740 1762 12 21 5
3762 1768 51 18 p.m.
3824 1762 40 20 and
3873 1762 11 21 7
3894 1769 13 19 p
3918 1769 27 14 m.
3959 1763 22 19 to
3999 1764 24 19 10
4038 1772 48 19 p.m.
4099 1774 24 14 on
4133 1768 35 20 the

3622 1791 48 20 17th
3682 1790 132 25 February.-
3821 1789 42 20 The
3873 1791 50 19 next
3928 1790 89 27 meeting
4026 1800 39 14 was
4076 1795 52 21 fixed
4137 1795 31 21 for

3622 1818 136 24 Wednesday,
3768 1816 47 21 l?th
3825 1816 98 26 January.

3647 1854 49 20 You
3707 1853 51 20 have
3769 1852 70 20 ruined
3848 1859 50 19 your
3908 1854 130 21 constitution
4049 1858 121 24 sufficiently

3623 1881 26 19 bv
3663 1881 95 23 drinking
3772 1878 82 21 inferior
3869 1880 39 20 tea.
3936 1881 84 21 Recruit,
4033 1883 27 24 by
4076 1885 95 27 drinking

3621 1908 49 27 only
3680 1908 64 21 Kozie
3755 1909 38 19 tea.
3821 1906 20 21 It,
3850 1906 16 22 is
3873 1913 50 19 pure
3929 1908 38 20 and
3976 1909 179 26 reliable.—Advt.

3643 1942 105 23 Certainly
3762 1943 35 21 the
3812 1945 53 18 most,
3879 1944 93 19 effuc'.ivq
3986 1946 98 20 medicine
4097 1947 20 19 in
4129 1948 36 20 the

3621 1971 59 20 world
3699 1971 16 20 is
3733 1971 114 20 SANDER,
3861 1971 38 20 and
3917 1971 75 21 SON'S'
4009 1973 159 23 EUCALYPTI

3619 1998 136 21 EXTRACT.
3782 1998 48 20 Test
3837 1998 27 19 i»s
3870 1998 112 22 eminently
3989 2001 97 24 powerful
4095 2002 72 20 afFecta

3619 2026 19 19 in
3652 2025 81 25 coughs,
3745 2025 62 24 colds,
3818 2025 102 21 influenza
3928 2033 6 18 ;
3957 2026 35 20 the
4002 2027 58 20 relief
4069 2029 16 19 is
4097 2029 67 20 inst.an

3619 2055 89 18 t.aneous.
3740 2053 23 20 In
3779 2053 77 21 serious
3866 2060 54 13 cases
3934 2053 40 21 and
3988 2055 101 21 accidents
4104 2056 22 21 of
4139 2056 29 22 all

3618 2081 65 23 kinds,
3695 2080 25 21 be
3729 2080 50 27 they
3791 2080 91 24 wound*,
3894 2080 67 23 burns,
3971 2081 104 26 scalding,
4092 2083 78 22 bruises

3631 2109 73 24 prains,
3713 2109 17 18 it
3739 2108 16 19 is
3764 2109 35 19 the
3809 2107 61 21 safest
3880 2107 134 21 remedv—no
4026 2110 144 24 swelling—no

3618 2135 157 21 inflammation.
3804 2134 50 21 Liko
3863 2135 111 26 surprising
3984 2137 72 21 effects
4066 2138 101 25 produced

3619 2163 20 20 in
3657 2170 69 19 croup,
3737 2163 108 26 diptheria,
3861 2162 115 26 bronchitis,
3989 2164 146 22 inflammation
4148 2166 23 21 of

3623 2191 35 19 the
3682 2190 66 24 lungs,
3764 2190 108 25 swellings,
3882 2193 37 18 etc.
3939 2191 109 26 diarrhoea,
4063 2193 100 25 dysentry

3621 2217 87 21 diseases
3718 2217 21 20 of
3749 2217 35 21 the
3798 2217 84 20 kidneys
3892 2217 40 21 and
3946 2217 81 28 urinary
4037 2226 77 18 organs.
4143 2220 24 21 In

3636 2252 21 15 Be
3664 2245 54 21 atall
3725 2245 99 26 hospitals
3830 2244 40 22 and
3877 2244 84 22 medical
3967 2246 75 26 clinics,
4055 2248 89 24 patron's
4157 2248 23 22 d.

3621 2274 28 25 by
3657 2274 39 19 His
3706 2274 87 25 Majesty
3802 2273 36 20 the
3850 2273 54 25 King
3913 2273 21 20 of
3946 2274 63 26 Italy,
4019 2276 91 20 crowned
4126 2276 45 21 .vith

3623 2300 66 20 medal
3699 2300 40 20 and
3748 2300 90 25 diploma
3847 2304 22 15 at
3881 2300 149 21 International
4044 2302 132 26 Exhibition,,

3623 2326 138 22 Amsterdam.
3789 2326 62 21 Tnat
3861 2333 21 13 in
3893 2327 40 20 this
3943 2328 102 24 approved
4054 2329 69 21 article
4132 2330 40 21 and

3623 2355 65 27 reject
3696 2354 29 21 all
3734 2356 73 19 others.

3655 2426 207 54 Vice-Regal
3892 2428 89 42 Tour
4010 2428 146 52 through

3770 2487 57 42 the
3860 2487 196 44 Goldfields.

3655 2568 39 21 We
3706 2567 124 22 understand
3843 2569 40 20 His
3898 2570 122 25 Excellency
4030 2569 35 21 the
4074 2570 105 20 Governor

3629 2595 84 22 intends
3732 2597 21 19 to
3772 2595 47 21 take
3842 2603 12 14 a
3877 2596 79 26 driving
3975 2598 46 20 tour
4038 2596 88 27 through
4143 2596 36 21 the

3628 2622 4 29 .
3640 2622 94 22 oldfields
3764 2622 74 28 during
3868 2624 36 23 the
3928 2625 72 22 month
4022 2624 22 22 of
4066 2624 110 27 February.

3628 2653 74 20 Messrs
3711 2652 61 24 Craig
3790 2652 38 21 and
3838 2653 36 21 Co.
3895 2654 41 20 will
3953 2653 84 26 provide
4047 2653 35 21 the
4091 2659 73 19 convey-

3627 2686 59 14 ances
3696 2679 40 20 and
3746 2678 77 28 horses,
3833 2683 39 18 and
3883 2680 36 21 the
3929 2682 47 19 tour
3986 2681 40 20 will
4033 2680 24 21 be
4067 2680 65 21 under
4142 2680 37 21 the

3628 2706 93 28 personal
3732 2707 124 25 supervision
3865 2708 22 20 of
3895 2708 34 20 Mr
3936 2708 61 26 Hugh
4005 2708 66 26 Craig.
4101 2710 16 18 A
4128 2714 49 19 very

3626 2734 110 20 attractive
3745 2735 59 19 route
3814 2735 36 20 has
3860 2735 50 21 been
3921 2735 86 26 mapped
4017 2738 44 23 out,
4073 2738 24 23 by
4108 2735 65 21 which

3627 2761 35 21 the
3673 2761 106 25 vice-regal
3791 2764 59 25 party
3870 2763 40 21 will
3930 2762 25 21 be
3974 2763 83 21 enabled
4070 2764 20 20 to
4098 2769 34 15 see
4141 2762 35 21 the

3627 2789 44 21 best
3682 2788 21 21 of
3712 2788 36 21 the
3757 2789 102 22 Southern
3871 2790 55 22 Lake
3936 2798 83 19 scenery
4028 2791 39 21 and
4077 2790 35 22 tho
4122 2791 52 21 most

3627 2817 123 25 interesting
3772 2817 21 20 of
3816 2818 36 20 the
3877 2819 112 26 goldfields'
4010 2819 98 20 districts.
4133 2818 43 20 The

3628 2846 57 18 route
3711 2850 20 14 as
3762 2846 22 18 at
3817 2847 83 24 piesent
3925 2845 103 26 intended,
4051 2845 80 27 subject
4151 2847 23 18 to

3628 2872 124 27 subsequent
3773 2871 126 28 alterntions,
3927 2873 17 21 is
3962 2881 21 14 as
4009 2873 78 21 follows
4129 2873 43 21 The

3627 2902 60 22 party
3697 2899 42 21 will
3749 2900 60 20 reach
3830 2901 135 24 Queerstown
3983 2901 27 26 by
4024 2901 37 20 the
4070 2901 106 20 Waimea-

3627 2925 102 22 Kineston
3739 2926 91 27 railway,
3840 2927 40 21 and
3890 2927 53 21 from
3953 2927 134 26 Queenstown
4098 2927 41 21 will
4150 2932 24 19 go

3627 2954 21 20 to
3657 2953 106 28 Skippers,
3775 2955 106 26 returning
3896 2962 54 14 same
3966 2955 102 27 evening;
4082 2955 80 26 Queens-

3626 2983 56 19 town
3692 2983 21 19 to
3725 2982 135 26 Arrowtown,
3879 2983 33 20 via
3929 2983 55 21 Lake
4004 2982 83 27 Huyes;
4102 2984 72 19 Arrow

3626 3009 21 19 to
3659 3008 120 26 Pembroke,
3791 3010 30 19 via
3831 3010 102 19 Cardrona
3943 3017 5 18 ;
3963 3012 39 18 two
4012 3010 55 25 days'
4076 3012 97 23 stoppage

3624 3037 22 18 at
3657 3035 110 26 Cardrona,
3779 3035 64 21 which
3854 3036 41 20 will
3904 3036 45 25 give
3958 3043 25 14 an
4002 3037 132 25 opportunity
4149 3038 23 18 to

3625 3062 57 20 drive
3705 3065 22 17 to
3749 3062 128 21 Matukituki
3894 3063 40 20 and
3955 3065 22 18 to
4002 3063 47 20 bout
4072 3069 25 14 on
4116 3062 55 21 Lake

3626 3089 106 24 Wanaka;
3748 3090 53 19 from
3811 3090 113 20 Pembroke
3941 3091 23 20 to
3974 3090 113 25 Cromwell,
4097 3089 74 21 theuca

3624 3118 22 19 to
3675 3116 65 26 Clyde
3769 3123 23 14 or
3823 3117 124 26 Alexandra,
3973 3116 52 22 from
4048 3117 72 20 thence
4148 3118 23 19 to

3625 3144 120 26 Roxburgh,
3765 3144 40 21 and
3822 3144 52 21 from
3893 3144 111 26 Roxburgh
4019 3146 21 19 to
4056 3144 115 21 Lawrence.

3624 3171 57 27 Lady
3691 3171 102 27 Ranfurly
3803 3171 40 21 will
3853 3173 36 20 not
3897 3178 122 20 accompany
4028 3172 36 21 the
4075 3178 11 20 p
4092 3173 48 25 irty.

3740 3240 313 51 Correspondence.

3808 3327 57 21 THE
3891 3327 90 21 DRUM.

3801 3355 29 19 To
3844 3360 43 14 the
3902 3355 86 19 Editor.

3648 3382 97 26 Sir,—ln
3753 3389 52 19 your
3813 3382 40 21 last
3862 3382 52 21 issue
3924 3382 36 21 the
3967 3382 130 21 bandmaster
4106 3381 21 22 of
4135 3382 36 21 the

3624 3410 111 26 Roxburgh
3749 3410 57 20 Brass
3816 3410 58 21 Band
3890 3417 40 14 was
3945 3410 58 21 made
4012 3411 22 20 to
4043 3416 35 20 say
4087 3411 35 19 tne
4136 3411 36 20 cut

3622 3438 19 19 in
3654 3438 36 19 the
3700 3438 60 19 drum
3773 3437 55 20 head
3841 3444 41 13 was
3891 3439 37 18 not
3935 3438 53 19 done
4001 3436 133 26 maliciously.
4160 3437 12 20 I

3622 3464 38 26 beg
3670 3466 22 19 to
3701 3464 75 21 inform
3786 3464 35 21 the
3831 3464 68 26 public
3917 3464 46 21 that
3981 3464 17 21 it
4017 3471 40 14 was
4070 3465 36 19 not
4116 3464 53 21 done

3622 3490 142 25 accidentally,
3788 3498 21 13 as
3831 3498 61 18 many
3915 3492 83 20 citizens
4024 3491 52 21 have
4098 3491 74 25 closely

3622 3518 108 21 examined
3740 3518 35 21 the
3785 3518 60 20 drum
3855 3518 60 26 head,
3934 3518 40 21 and
3991 3518 27 20 all
4028 3525 34 13 are
4070 3518 103 20 confident

3622 3545 48 22 that
3681 3546 46 26 pairt
3740 3544 22 21 of
3771 3544 36 22 the
3817 3547 46 20 rent
3874 3552 39 14 was
3927 3545 73 22 caused
4019 3545 26 27 by
4062 3552 12 14 a
4083 3545 56 21 knife
4149 3552 23 14 or

3622 3581 56 13 some
3687 3573 59 20 other
3755 3573 61 25 sharp
3826 3574 131 20 instrument.
3984 3574 10 20 I
4014 3573 50 21 wish
4073 3573 17 21 it
4099 3573 42 21 also
4150 3575 21 18 to

3622 3600 25 21 be
3658 3600 125 20 understood
3800 3600 47 20 that
3864 3607 26 14 no
3906 3601 66 20 blame
3980 3600 100 21 whatevei
4092 3600 46 21 falls
4147 3607 27 14 on

3622 3627 36 21 the
3668 3627 78 20 Millers
3756 3626 45 21 Flat
3810 3627 123 21 Athenaeum
3940 3628 130 24 Committee,
4079 3634 22 14 as
4109 3634 61 20 every

3622 3661 45 15 care
3677 3661 39 15 was
3726 3654 61 21 taken
3797 3661 26 14 on
3831 3654 54 22 their
3895 3656 52 26 part.
3975 3655 19 21 A
4005 3654 62 22 letter
4073 3654 36 22 has
4118 3655 51 21 boea

3622 3684 47 18 sent
3679 3683 21 19 to
3710 3682 36 20 the
3756 3682 52 20 band
3819 3682 52 20 from
3881 3689 12 13 a
3902 3682 78 20 Millers
3995 3682 48 20 Flat
4054 3682 118 26 gentleman

3621 3709 72 26 asking
3702 3709 37 20 the
3748 3708 53 21 band
3842 3713 22 16 to
3874 3711 38 23 put
3922 3709 55 20 their
3987 3709 42 20 foot
4039 3716 25 13 on
4075 3716 36 19 my
4120 3710 52 20 neck

3622 3737 40 22 and
3673 3736 77 27 compel
3757 3742 32 15 me
3798 3737 21 20 to
3825 3736 62 26 speak
3896 3736 36 22 the
3938 3736 58 22 truth
4003 3736 20 22 in
4032 3736 35 22 the

3622 3765 11 21 I
3643 3765 61 21 think
3713 3765 36 20 the
3758 3763 68 26 public
3834 3764 59 20 know
3904 3770 33 14 me
3951 3765 45 20 well
4005 3764 80 25 enough
4094 3764 27 26 by
4131 3765 41 21 this

3624 3793 50 19 time
3684 3791 86 21 without
3780 3791 35 20 the
3825 3790 48 20 boot
3883 3791 58 25 being
3954 3791 49 20 used
4017 3793 22 17 to
4057 3792 34 25 get
4101 3794 21 17 at
4132 3791 38 20 the

3622 3819 106 21 truth.—l
3737 3825 38 17 am,
3786 3818 43 24 &c.,
3899 3817 34 22 W.
3944 3818 28 21 H.
3984 3818 96 24 Wilkes,
4090 3818 24 22 R.
4114 3818 61 22 8.8..

3645 3898 47 39 An
3725 3896 194 41 Unfounded
3947 3896 198 41 Statement.

3630 3976 223 22 EMPHATICALLY
3876 3975 219 21 CONTRADICTED
4117 3976 39 21 BY

3690 4003 57 21 THE
3761 4003 153 21 LICENSING
3927 4003 170 22 COMMITTEE.

3652 4068 58 29 The
3732 4069 141 36 following
3895 4068 166 29 declaration
4088 4069 76 28 made-

3615 4109 37 39 by
3677 4109 46 29 the
3753 4110 148 38 Licensing
3944 4108 163 30 Committee
4140 4114 28 25 at

3617 4150 46 28 the
3677 4151 122 39 meeting
3812 4162 35 17 on
3871 4150 134 38 Tuesday,
4032 4150 66 27 with
4125 4161 28 18 re-

3617 4191 66 36 gard
3699 4195 28 24 to
3742 4191 141 39 requiring
3908 4190 140 29 increased
4062 4201 88 18 accom-

3617 4230 137 28 modation
3770 4232 69 27 from
3855 4242 74 18 some
3940 4231 130 28 licensees
4080 4231 88 28 under

3617 4271 71 28 their
3704 4271 150 37 authority,
3876 4271 51 29 will
3956 4271 75 29 show
4057 4270 68 37 that,
4139 4281 30 19 as

3618 4322 39 17 we
3671 4312 133 29 surmised
3819 4318 28 23 at
3861 4313 46 28 the
3921 4313 66 28 time
4009 4312 47 29 the
4076 4315 93 36 report

3619 4362 53 18 was
3702 4353 159 35 circulated,
3904 4353 21 28 it
3965 4352 71 39 was'
4052 4352 116 39 entirely
4198 4368 8 3 -

3618 4392 172 40 groundless.

3653 4434 58 29 The
3732 4433 145 30 Chairman
3904 4433 163 31 said:—The
4095 4444 55 19 com-

3619 4475 94 28 mittee
3725 4475 69 29 have
3805 4476 54 28 had
3870 4476 87 28 under
3966 4475 201 29 consideration

3619 4525 16 18 a
3648 4516 154 37 paragraph
3816 4516 88 28 which
3918 4516 136 37 appeared
4069 4516 27 27 in
4121 4515 47 28 the

3619 4555 122 29 columns
3756 4557 28 27 of
3806 4556 46 28 the
3896 4555 128 38 Tuapeka
4048 4553 119 37 Times/'

3620 4597 84 26 which
3716 4596 153 29 insinuated
3880 4598 59 26 that
3949 4597 45 26 the
4002 4597 164 32 committee,

3619 4635 90 28 whilst
3720 4641 48 22 not
3790 4637 102 36 having
3923 4637 46 26 the
3994 4644 118 27 courage
4137 4637 28 24 to

3618 4675 114 33 directly
3746 4674 90 29 refuse
3850 4674 102 29 certain
3965 4674 123 34 licenses,
4112 4672 55 29 had

3619 4718 46 34 yet
3678 4714 123 29 resolved
3815 4714 59 28 that
3887 4714 22 28 it
3923 4714 33 29 be
3970 4714 78 29 made
4061 4725 16 18 a
4102 4724 49 19 con-

3618 4754 84 29 dition
3718 4755 28 28 of
3754 4764 52 28 any
3817 4754 116 29 renewal
3945 4754 58 29 that
4014 4755 45 28 the
4069 4755 98 29 houses

3617 4794 118 29 licensed
3746 4794 97 29 should
3855 4795 32 28 be
3898 4795 88 28 either
4003 4795 124 29 renewed
4137 4807 30 17 or

3617 4834 141 39 subjected
3772 4838 28 25 to
3813 4834 67 29 such
3901 4835 140 28 extensive
4065 4835 103 39 repairs
4187 4862 7 6 ,

3615 4886 29 16 as
3659 4875 87 27 would
3754 4875 77 27 make
3839 4875 20 26 it
3866 4880 46 22 not
3921 4875 87 27 worth
4023 4875 44 28 the
4083 4876 80 27 while
4181 4894 8 7 -

3617 4915 28 28 of
3656 4915 45 28 the
3711 4914 138 36 licensees,
3859 4914 52 28 and
3925 4915 61 27 thus
4000 4915 34 38 by
4044 4915 118 30 indirect
4191 4914 3 39 .

3618 4965 89 20 means
3743 4959 27 25 to
3796 4955 79 29 effect
3901 4955 141 30 reduction
4065 4957 26 27 in
4118 4957 49 29 the

3617 4996 114 28 number
3753 4996 29 26 of
3803 4995 119 28 licensed
3949 4996 97 27 houses
4072 4997 28 26 iu
4118 4997 49 29 the

3616 5035 114 30 district.
3746 5034 13 29 I
3772 5045 42 18 am
3829 5034 85 29 asked
3925 5040 26 25 to
3961 5040 79 28 state,
4052 5036 53 29 and
4119 5036 42 30 for
4187 5058 5 6 >

3617 5076 97 38 myself
3727 5075 87 28 desire
3828 5080 27 24 to
3870 5080 78 31 state,
3963 5077 61 27 that
4038 5087 34 18 no
4099 5079 66 27 such

3616 5120 97 24 matter
3724 5126 52 17 was
3791 5126 63 17 ever
3867 5115 117 30 debated
3999 5127 30 18 or
4039 5127 68 18 even
4119 5129 28 17 re-

3615 5155 89 29 ferred
3718 5159 28 24 to
3760 5155 26 28 in
3801 5155 47 28 the
3860 5156 166 36 committee,
4040 5157 52 28 and
4104 5159 61 28 that

3614 5206 35 17 no
3663 5195 65 28 such
3747 5195 59 28 idea
3827 5195 49 29 has
3895 5206 65 19 ever
3984 5197 109 29 crossed
4119 5199 46 28 the

3613 5235 75 29 mind
3699 5235 29 29 of
3740 5246 15 18 a
3766 5235 88 39 single
3866 5237 116 29 number
3991 5237 29 29 of
4030 5238 46 29 the
4089 5249 56 19 com-

3613 5277 94 26 mittee
3718 5287 7 21 ;
3739 5286 50 17 nor
3803 5277 47 27 has
3863 5287 53 27 any
3931 5279 122 27 member
4065 5279 29 27 of
4117 5281 46 27 the

3613 5315 164 36 committee,
3790 5316 88 28 either
3890 5318 27 26 in
3929 5319 189 27 conversation
4132 5331 31 17 or

3613 5355 151 35 otherwise,
3779 5356 80 37 given
3874 5358 157 37 expression
4055 5363 28 25 to
4108 5371 56 28 any

3612 5395 64 28 such
3715 5396 91 29 views.
3846 5396 58 29 The
3936 5399 157 29 committee
4118 5411 45 19 are

3612 5435 134 30 therefore
3755 5441 29 24 at
3794 5447 16 18 a
3820 5436 54 30 loss
3885 5441 27 26 to
3923 5438 168 30 understand
4103 5441 60 29 how

3610 5486 52 28 any
3676 5476 66 29 such
3756 5477 154 39 paragraph
3928 5487 64 21 ever
4015 5482 146 36 appeared,

3613 5517 49 28 but
3695 5526 107 19 assume
3835 5518 60 29 that
3927 5519 47 29 the
4012 5521 90 29 editor
4134 5522 29 30 in

3612 5557 125 38 question
3749 5557 52 30 had
3813 5559 106 29 trusted
3933 5565 27 23 to
3974 5560 41 30 his
4029 5561 118 39 imagina-

3612 5599 57 26 tion
3683 5599 43 26 for
3756 5599 42 28 his
3824 5599 79 29 facts.
3943 5600 151 30 Whatever
4116 5604 47 28 the

3613 5637 156 29 committee
3780 5649 61 28 may
3853 5639 35 29 do
3899 5641 27 27 ia
3940 5641 160 40 regulating
4113 5644 49 29 the

3613 5677 89 39 liquor
3714 5679 88 28 traffic
3829 5680 54 28 will
3908 5680 34 29 be
3968 5681 71 30 done
4062 5684 103 38 openly

3613 5718 55 29 and
3681 5718 88 30 above
3784 5719 94 37 board,
3899 5720 54 30 and
3975 5727 50 25 not
4047 5724 118 31 secretly

3615 5769 30 18 or
3657 5759 35 36 by
3706 5759 113 29 indirect
3833 5761 134 30 methods,
4173 5757 15 24 •*'
4227 5771 7 15 »

1730 102 197 47 MOUNT
2012 104 227 44 BENGEE
2324 91 154 52 MAIL.

3460 92 165 52 Friday,
3650 95 218 39 December
3891 95 57 42 17,
3972 92 105 43 1397

114 212 159 44 NOTICE
298 216 28 26 Is
350 217 108 34 Hereby
491 216 85 26 Given
606 216 61 24 that

191 252 71 28 after
272 255 42 26 Ist
322 254 127 36 January,
458 253 71 32 1898,
536 252 46 28 the
591 251 76 27 Bank

115 289 29 27 of
156 290 66 27 New
235 291 117 28 Zealand
367 292 52 26 will
437 291 77 27 make
536 301 15 16 a
571 290 97 34 charge

117 327 28 26 of
168 328 55 27 Ten
245 329 129 35 Shillings
399 330 52 25 and
475 328 129 34 Sixpence
627 327 43 24 for

119 364 124 38 Opening
270 366 113 28 Current
406 367 134 26 Accounts
563 364 66 27 with
654 372 16 18 a

119 404 109 26 smaller
240 405 84 25 credit
337 413 27 17 or
383 404 73 26 debit
473 403 110 25 balance
604 401 66 25 than

120 440 75 30 £IOO
211 441 60 36 (one
284 442 121 27 hundred
420 440 100 36 pounds
534 438 134 35 sterling).

154 492 26 24 A
193 492 106 25 further
310 492 96 32 charge
418 490 28 25 of
466 489 54 26 Ten
541 489 129 32 Shillings

121 529 53 26 and
187 528 128 34 Sixpence
327 527 54 26 will
395 528 31 25 be
437 526 75 26 made
525 524 62 27 each
600 524 59 26 half
665 538 5 5 •

119 575 63 26 year
211 565 41 26 for
281 565 153 33 continuing
466 567 27 23 to
517 562 66 35 keep
607 560 64 28 such

122 607 122 23 accounts
269 604 25 24 in
325 611 79 26 every
433 611 58 17 case
514 600 87 26 where
626 598 46 27 the

124 641 107 27 balance
244 644 28 24 at
285 640 83 27 credit
380 639 92 27 stands
482 637 42 28 for
533 637 73 26 three
616 645 42 18 con-

123 680 117 25 secutive
252 679 65 28 days
330 678 97 33 during
439 677 45 25 the
494 675 131 35 half-year
645 677 27 22 at

124 716 51 27 less
188 717 66 25 than
266 715 56 26 £SO
335 715 71 34 (fifty
424 713 102 36 poands
539 711 132 34 sterling).

158 765 109 27 Present
280 764 148 26 Customers
439 762 51 26 and
500 762 74 25 those
588 760 68 35 Open-

124 804 46 32 ing
192 803 130 24 Accounts
343 809 33 17 on
397 809 29 16 or
449 799 89 26 before
562 799 46 25 the
633 798 41 25 Ist

125 840 125 33 January,
265 837 73 33 1898,
349 837 55 26 will
418 837 55 26 also
486 836 32 26 be
531 835 104 35 subject
647 837 28 23 to

124 886 16 16 a
161 875 159 27 conditional
344 873 162 35 half-yearly
530 873 97 33 charge
649 872 26 24 of

124 913 54 27 Ten
200 912 128 34 Shillings
350 910 53 28 and
424 910 128 35 Sixpence
565 918 28 18 as
607 909 68 26 from

125 952 46 24 the
195 951 41 25 Ist
261 948 75 35 April
359 952 69 27 next,
455 948 27 26 in
507 951 80 23 terms
609 946 28 26 of
661 956 15 15 a

124 986 162 27 notification
300 986 85 26 which
399 985 55 26 will
475 985 31 26 be
527 983 147 26 forwarded

125 1029 27 22 to
164 1024 62 27 each
240 1023 138 27 Customer
388 1023 26 26 in
429 1023 51 26 due
493 1030 97 19 course.

156 1073 52 26 For
219 1073 46 26 the
279 1073 75 26 Bank
367 1072 28 26 of
407 1071 66 27 New
486 1071 127 30 Zealand,

324 1126 29 26 L.
372 1124 30 26 E.
423 1123 148 31 HAINES,

374 1164 96 33 Agent,
486 1160 156 35 Roxburgh.

509 1272 34 20 fiii

143 1341 127 35 Florist,
289 1339 174 30 Wholesale
481 1347 55 20 and
558 1336 105 30 Retail

265 1380 88 29 Seeds
372 1380 169 34 Merchant,

152 1432 140 29 MORAY
312 1430 132 37 PLACE,
465 1428 191 37 DUNEDIN,

132 1485 114 25 (Successor
252 1486 23 19 to
281 1484 52 21 Geo.
339 1481 266 23 Matthews—Established
615 1476 65 25 1850.)

254 1550 152 29 FLORAL
426 1549 126 29 WORK.

164 1590 66 29 This
237 1598 12 14 4
258 1590 24 27 is
306 1589 49 29 the
379 1589 127 36 Leading
533 1588 33 28 11.
578 1598 48 16 use
651 1588 26 26 in

128 1630 129 30 Dunedin
270 1629 43 30 for
332 1629 93 29 Bridal
451 1628 135 35 Showers,
609 1628 53 28 Bou-

127 1675 90 36 quets,
238 1670 140 36 Wreaths,
393 1669 113 39 Sprays,
519 1668 53 32 and
590 1668 89 30 Floral

124 1712 128 38 Designs.

161 1752 50 38 My
225 1750 139 30 continual
376 1750 52 28 and
444 1750 131 28 unvaried

124 1803 150 23 SUCCESSES
287 1802 39 23 AT
338 1802 57 22 THE
409 1802 131 21 DUNEDIN
559 1801 118 22 FLOWER

350 1830 99 21 SHOWS

128 1868 22 27 is
167 1867 135 28 sufficient
320 1865 80 38 proof
421 1865 30 28 of
463 1875 47 27 my
531 1864 146 38 capability

128 1907 27 29 in
169 1907 55 29 this
237 1906 105 30 branch
355 1905 28 30 of
396 1905 48 30 the
456 1904 136 30 business.

165 1948 49 39 My
225 1948 159 38 experience
394 1946 111 29 enables
519 1955 44 19 me
576 1949 28 25 to

161 2006 74 21 PACK
249 2005 89 22 THESE
353 2003 138 23 DELICATE
506 2002 136 21 ARTICLES

127 2042 45 29 for
191 2041 49 29 rail
260 2052 31 18 or
313 2045 117 25 steamer
441 2039 66 29 with
530 2038 67 29 such
618 2046 60 21 care

127 2083 54 28 and
205 2092 107 19 success
326 2093 29 17 as
369 2086 138 24 to.ensure
529 2079 73 30 their
621 2079 58 28 safe

127 2123 53 28 and
191 2122 107 39 perfect
307 2122 129 37 delivery,
446 2131 66 19 even
523 2120 72 29 after
603 2129 75 18 some

127 2163 67 37 days
207 2164 27 27 in
249 2163 108 29 transit.

163 2204 13 27 I
190 2204 71 28 have
273 2213 147 19 numerous

128 2253 193 23 UNSOLICITED
331 2252 207 24 TESTIMONIALS
547 2251 78 23 FROM
635 2249 43 23 MY

318 2281 164 22 CUSTOMERS

127 2317 53 28 and
196 2316 117 29 Patrons
326 2317 134 38 attesting
482 2319 28 25 to
524 2324 45 29 my
580 2314 98 37 ability

124 2357 28 28 in
165 2357 55 29 this
233 2356 157 40 particular.

338 2429 128 29 SEEDS.

166 2471 14 29 I
206 2470 101 40 import
339 2470 65 39 only
435 2470 71 29 from
538 2469 49 30 the
617 2469 62 29 best

127 2513 146 39 European
288 2511 54 30 and
353 2510 176 32 Continental
545 2510 134 36 Growers,

130 2565 29 18 so
172 2554 60 28 that
245 2554 162 38 purchasers
421 2563 49 19 can
484 2553 59 37 rely
566 2562 34 18 on
618 2556 45 34 get-

130 2594 61 38 ting
203 2594 114 38 nothing
336 2594 51 28 but
402 2593 47 29 the
462 2593 63 28 best
538 2592 100 29 strains
651 2591 28 29 of

127 2635 95 30 Seeds.

167 2676 39 28 To
221 2676 77 28 those
312 2674 61 30 who
386 2674 70 29 have
474 2677 50 25 not
536 2673 83 39 given
633 2683 46 27 my

132 2716 68 29 Seed
225 2728 15 16 a
261 2716 71 35 trial,
346 2716 15 28 I
371 2715 91 29 would
483 2714 57 28 like
563 2714 73 28 them
651 2716 28 25 at

129 2756 68 29 least
211 2760 29 25 to
254 2756 66 29 send
333 2766 44 19 me
389 2766 17 18 a
419 2754 79 30 small
518 2754 62 29 trial
600 2753 79 30 order

127 2797 55 28 and
197 2806 125 29 compare
336 2796 108 35 results,
458 2795 54 29 and

148 2848 9 21 I
172 2848 41 21 AM
229 2848 127 21 WILLING
369 2847 35 21 TO
420 2847 88 21 ABIDE
522 2846 38 21 BY
572 2845 89 22 THEIR

334 2874 145 23 DECISION.

130 2934 303 57 SHAMROCK
464 2931 57 59 H
524 2933 143 40 OTEL
671 2963 6 14 '

303 3006 200 32 •DONEDIN.

131 3090 137 22 COGELAN
283 3090 77 21 BROS.

521 3089 159 21 Proprietors.

134 3155 111 29 TTHIS
277 3155 134 29 favourite
453 3153 94 36 Hotel,
578 3152 103 38 having

214 3196 121 38 recently
357 3196 68 28 been
449 3195 83 29 taken
555 3204 66 19 over
643 3193 38 38 by

129 3238 104 28 Messrs
261 3236 123 38 Coghlan
423 3236 89 35 Bros.,
537 3234 49 28 has
611 3233 68 28 been

128 3277 168 37 thoroughly
309 3278 151 27 renovated
479 3274 152 40 improved.

166 3318 117 28 Visitors
294 3316 72 29 from
379 3316 47 29 the
440 3320 115 33 country
574 3314 65 34 will,
651 3323 29 19 as

127 3358 162 34 heretofore,
320 3357 57 29 find
413 3356 118 38 nothing
555 3354 125 38 wanting

126 3399 60 28 that
197 3398 80 29 tends
291 3401 28 26 to
333 3398 72 29 their
418 3396 118 30 comfort
548 3394 56 30 and
614 3405 49 19 con-

124 3439 141 28 venience.

138 3516 77 21 ONLY
229 3516 68 19 BEST
310 3516 114 19 BRANDS
446 3514 36 21 OF
498 3512 91 21 WINES
602 3511 63 21 AND

225 3542 106 23 SPIRITS
344 3542 74 22 KEPT
431 3541 32 22 IN
479 3539 96 24 STOCK.

169 3608 92 38 Night
286 3608 97 30 Porter
406 3608 29 28 in
458 3606 174 30 attendance.

246 3686 130 30 Charges
402 3686 161 29 Moderate.

220 3768 46 37 C.
304 3770 38 35 J.
384 3768 189 50 Coombs,

145 3833 192 32 SUKGICAL
357 3832 24 32 &
398 3831 259 33 MECHANICAL

314 3879 168 30 DENTIST

201 3933 8 9 •
332 3926 39 27 (By
385 3926 82 25 Exam.)

232 3984 152 31 COOMBS
401 3995 63 26 may
477 3984 35 29 be
524 3982 150 30 Consulted

381 4029 28 25 at

270 4077 135 29 'Hebon's
427 4076 95 29 Hotel

127 4130 44 29 On
192 4129 155 36 FRIDAY,
369 4130 70 28 17th
459 4127 218 31 DECEMBER.

167 4208 40 26 As
220 4207 14 28 I
248 4208 95 27 intend
355 4208 114 35 visiting
487 4207 56 28 this
563 4206 116 29 District

132 4246 184 37 periodically,
329 4247 22 28 it
357 4247 56 27 will
421 4256 63 18 save
498 4245 123 29 Patients
632 4246 47 28 the

132 4297 119 28 expense
263 4286 28 29 of
305 4287 85 39 going
402 4290 30 26 to
444 4291 73 25 town
530 4299 8 23 ;
557 4285 54 30 and
624 4297 30 18 as
665 4286 13 29 I

135 4330 149 34 guarantee
303 4328 35 27 all
360 4327 86 36 work,
472 4327 123 28 Patients
618 4337 62 28 may

132 4367 58 38 rely
205 4377 34 18 on
252 4367 110 38 getting
374 4379 16 17 a
403 4367 142 28 first-class
556 4366 123 30 denture.

134 4446 91 22 TEETH
253 4446 81 22 MADE
361 4447 37 21 BY
428 4446 95 22 OTHER
548 4445 134 23 DENTISTS

155 4473 131 22 PROVING
295 4473 252 22 UNSATISFACTORY
555 4473 61 21 MAY
627 4474 35 20 BE

190 4501 193 21 REMODELLED
397 4502 36 20 AT
447 4501 93 21 SMALL
553 4500 74 22 COST.

139 4570 124 30 Painless
291 4569 161 30 Extraction
480 4567 65 29 with
571 4566 113 30 Nitrous

174 4611 89 29 Oxide
371 4610 126 33 Cocaine,
510 4608 94 35 Ether,
618 4618 31 18 or

320 4650 183 30 Chloroform.

134 4725 133 30 Stopping
287 4733 72 20 with
378 4725 85 35 Gold,
486 4721 147 36 Amalgam,
651 4729 35 20 or

349 4765 123 31 Cement.

226 4843 30 29 C.
305 4843 28 28 J.
386 4838 207 37 COOMBS,

272 4890 129 28 Surgeon
423 4887 119 28 Dentist

174 4936 146 40 (Opposite
334 4933 129 41 Cargill's
475 4932 174 40 Monument)

338 4987 143 22 DUNEDIN.

245 5027 81 38 (Late
340 5026 77 30 Kidd
430 5025 55 30 and
499 5024 59 39 Co.)

304 5122 378 46 WINN,

133 5196 135 26 PAINTER,
293 5194 131 26 GLAZIER,
447 5193 92 21 PAPER
557 5193 127 27 HANGER,

207 5230 69 22 SIGN
296 5228 117 22 WRITER
433 5227 62 22 AND
517 5226 94 23 HOUSE

320 5261 177 26 DECORATOR,

226 5303 72 28 Ross
318 5302 100 34 Place,
437 5300 161 29 Lawrence.

175 5385 42 28 On
233 5383 63 28 Sale
309 5393 17 18 a
334 5382 77 37 large
421 5380 55 29 and
485 5381 92 28 varied
587 5386 85 25 assort-

136 5428 77 26 ment
226 5423 28 29 of
269 5423 69 36 Oils,
351 5421 105 37 Paints,
479 5419 97 38 Scrim,
599 5421 87 38 Glass,

136 5464 230 40 Paperhangings
387 5462 56 29 and
462 5461 134 30 Painters'
616 5462 53 30 Sun-

135 5507 82 29 dries.

174 5546 69 30 New
251 5545 54 30 and
313 5543 171 32 fashionable
492 5542 74 30 Wall
576 5542 110 42 Papers,

137 5588 72 28 from
223 5588 37 27 5d
281 5597 50 27 per
351 5586 77 37 piece
449 5584 136 37 upwards.
623 5588 48 26 Pat-

136 5631 78 25 terns
226 5629 63 26 sent
301 5635 35 19 on
357 5624 175 39 application,
546 5628 62 33 post
620 5624 66 30 free.

174 5667 148 29 Estimates
334 5665 84 39 given
430 5664 44 29 for
496 5663 116 29 General
633 5664 36 30 Re-

133 5708 84 40 pairs,

175 5746 163 31 Celebrated
351 5745 131 29 Lustruss
500 5745 89 36 Paint,
602 5746 83 39 ready

131 5787 102 38 :pixed,
245 5786 37 30 all
296 5785 123 31 Colours.

706 441 233 54 ROXBURGH
965 438 152 33 JOCKEY
1143 436 110 32 CLUB.

731 521 165 31 ANNUAL
916 520 102 30 RACE
1038 518 185 35 MEETING,

874 561 39 30 To
926 562 36 29 be
976 560 65 30 held
1054 570 35 19 oil

706 614 215 36 SATURDAY,
933 613 186 30 JANUARY
1133 613 23 35 1,
1175 612 80 28 1898.

755 694 164 27 President
931 702 6 18 :
966 693 41 25 Mr
1020 692 41 26 W.
1077 692 31 26 A.
1124 690 82 36 Reilly

706 742 249 28 Vice-President
969 751 5 17 :
1001 741 42 27 Mr
1063 741 28 27 T.
1114 740 144 35 Thompson

771 792 94 27 Judge
876 802 5 17 :
901 792 43 25 Mr
957 791 102 26 Louden

907 840 128 27 Starter
1047 849 5 18 :
1072 839 42 27 Mr
1126 838 63 27 Bain

733 890 103 26 Clerk
847 899 35 17 of
896 890 127 26 Course:
1037 889 43 25 Mr
1090 889 29 24 A.
1133 887 101 26 Gordon

706 937 97 29 Clerk
824 948 34 18 of
872 938 106 28 Scales
990 948 6 17 :
1019 937 42 27 Mr
1073 937 86 27 James
1173 927 86 36 Elliot*

810 988 211 26 Timekeeper:
1041 986 43 26 Mr
1097 984 72 35 Boyd

740 1036 163 28 Secretary
914 1047 6 17 :
939 1036 43 27 Mr
996 1035 92 27 Dunne

900 1083 163 27 Treasurer
1075 1092 6 16 :
1100 1081 42 27 Mr
1155 1080 72 35 Boyd

708 1132 148 27 Stewards
868 1142 6 16 :
893 1132 94 26 Messrs
1001 1132 73 31 Bain,
1087 1130 79 35 Boyd,
1176 1128 83 28 James

778 1169 99 34 Elliott,
903 1170 118 33 Spooner,
1051 1169 54 26 Jos.
1131 1167 128 35 Tamblyn,

778 1205 90 33 Peakp,
892 1205 112 33 Louden,
1018 1205 112 33 Gordon,
1153 1205 89 35 Thomp-

778 1253 52 24 son,
845 1244 95 36 Young-
959 1245 49 26 and
1021 1244 102 27 Graves.

860 1321 254 30 PROGRAMME.

713 1363 159 39 (Approved
881 1363 37 39 by
927 1363 128 28 Dunedin
1061 1363 107 37 Jockey
1180 1361 79 37 Club)

845 1414 169 29 I—Maiden
1035 1414 97 28 Plate.

713 1454 37 30 Of
763 1456 90 28 ssovs.
892 1454 54 29 For
959 1454 108 29 district
1086 1454 94 28 horses
1202 1452 57 28 that

783 1495 70 27 have
866 1504 84 18 never
962 1504 61 17 won
1038 1493 91 36 public
1152 1501 107 27 money.

784 1533 114 36 Weight
908 1532 43 28 for
960 1543 61 26 age.
1054 1532 137 33 Distance,
1204 1530 55 35 |of

781 1584 13 15 n
811 1573 71 27 nsile.
922 1571 147 34 Entrance,
1084 1572 40 26 ss.

774 1612 199 28 2—Handicap
995 1610 113 28 Maiden
1129 1609 76 28 Trot

708 1652 38 30 Of
771 1656 90 26 Osovs.
910 1652 52 28 For
983 1651 95 29 horses
1103 1650 61 28 that
1190 1649 69 28 have

782 1704 84 18 never
890 1703 58 18 won
963 1703 16 17 a
991 1691 93 39 public
1096 1694 66 25 trot.
1201 1689 58 29 The

783 1733 99 29 second
894 1733 79 29 horse
983 1736 28 24 to
1021 1730 105 30 receive
1136 1730 19 29 £
1163 1732 6 26 I
1187 1729 71 29 from

781 1775 47 27 the
837 1773 103 29 stakes.
978 1772 139 33 Distance,
1129 1772 32 33 1£
1171 1769 86 28 miles.

781 1817 44 26 >o
851 1814 102 37 weight
984 1811 87 30 under
1105 1811 30 29 11
1169 1814 87 24 stone.

782 1855 146 34 Entrance,
943 1854 39 27 6s.

759 1896 15 28 3
776 1895 191 28 —Roxburgh
985 1891 62 31 J.C.
1068 1891 144 29 Handicap

708 1936 37 30 Of
762 1936 104 29 lOsovs.
907 1934 106 30 Second
1025 1934 78 28 horse
1114 1937 28 25 to
1153 1931 104 30 receive

782 1977 36 28 £2
834 1977 71 27 from
919 1976 47 28 the
976 1974 101 30 stakes.
1117 1973 139 34 Distance,

783 2018 10 26 1
812 2016 72 28 mile.
923 2019 145 30 Entrance,
1083 2014 55 28 10s.

780 2057 198 29 4—Handicap
1004 2055 81 30 Hack
1108 2054 75 28 Race

708 2098 35 29 Of
758 2099 90 28 ssovs.
888 2098 54 28 For
954 2097 107 28 district
1074 2097 93 27 horses
1181 2093 74 38 only.

781 2139 67 28 Post
868 2141 88 34 entry.
995 2136 139 35 Distance,
1157 2135 14 35 f
1193 2134 29 28 of
1241 2144 15 17 a

780 2179 73 30 mile.
892 2180 145 32 Entrance,
1051 2178 40 28 ss.

739 2220 15 28 s—First5
757 2219 120 29 —First
894 2218 145 29 Handicap
1061 2217 75 28 Open
1150 2215 76 29 Trot

708 2261 37 30 Of
759 2261 107 28 lOsova.
907 2259 104 30 Second
1021 2259 79 28 horse
1110 2263 27 23 to
1151 2256 105 29 receive

781 2302 37 26 £2
832 2301 69 27 from
917 2301 46 26 the
976 2299 101 28 stakes.
1116 2298 139 33 Distance,

781 2341 15 28 2
812 2341 85 28 miles.
936 2339 44 29 No
999 2339 102 39 weight
1121 2338 87 27 under
1227 2341 22 24 1J

781 2386 87 24 stone.
907 2381 145 33 Entrance,
1071 2381 53 27 10s.

818 2421 158 28 6—Flying
1002 2421 143 27 Handicap

708 2461 36 31 Of
759 2462 108 36 7£sovs.
907 2460 104 31 Second
1021 2461 80 29 horse
1110 2466 28 23 to
1152 2459 105 30 receive

783 2504 35 28 £1
838 2504 46 28 10s
899 2503 69 28 from
983 2502 44 29 the
1053 2502 101 29 stakes.
1195 2501 46 28 Dis-

781 2550 89 31 tance,
893 2546 16 27 6
937 2543 132 40 furlongs.
1110 2543 147 36 Entrance,

781 2586 30 28 7s
825 2586 45 27 6d.

736 2626 162 30 7—Second
914 2625 141 30 Handicap
1069 2625 74 29 Opkn
1158 2624 74 31 Trot

708 2666 35 30 Of
905 2666 108 29 Second
1027 2666 79 29 horse
1115 2670 28 25 to
1153 2666 106 29 receive

780 2708 33 28 £1
832 2708 49 28 10s
894 2707 71 29 from
985 2708 47 27 the
1055 2706 102 30 stakes.
1196 2706 47 29 Dis-

782 2753 88 31 tance,
959 2747 86 29 miles.
1083 2746 45 30 No
1156 2747 103 37 weight

780 2788 88 30 under
877 2789 28 29 11
914 2793 87 25 stone.
1024 2788 145 36 Entrance,
1176 2788 82 30 6s6d.

708 2866 124 32 RULES
862 2866 83 31 AND
974 2865 284 32 REGULATIONS.

745 2922 26 29 1.
790 2920 192 30 Nominations
996 2919 43 28 for
1049 2919 47 28 the
1105 2919 154 38 Roxburgh

709 2962 107 38 Jockey
827 2961 70 30 Club
907 2960 154 37 Handicap,
1072 2959 102 40 Flying
1184 2959 57 29 Han-

708 3004 91 37 dicap,
813 3002 54 29 and
882 3002 47 28 the
943 3000 74 30 First
1028 3001 145 38 Handicap
1183 3000 76 39 Open

710 3044 67 29 Trot
790 3047 75 25 must
877 3042 35 29 be
925 3045 62 26 sent
999 3045 29 25 to
1049 3041 47 29 the
1118 3042 141 37 Secretary

709 3089 50 24 not
771 3084 70 28 later
853 3083 66 28 than
933 3082 47 28 the
1004 3082 74 28 22nd
1100 3081 159 34 December,

714 3125 77 34 1897,
806 3127 28 25 at
850 3124 34 27 10
898 3133 65 27 p.m.
1003 3121 161 39 Handicaps
1173 3126 28 23 to
1214 3131 30 28 ap-

709 3174 66 30 pear
786 3164 28 29 in
828 3164 47 29 the
896 3163 103 28 Mount
1018 3162 114 28 Bengek
1147 3163 75 27 Mail
1234 3161 25 29 of

708 3206 48 28 the
770 3206 67 28 24th
851 3203 161 29 December.

747 3246 25 28 2.
794 3244 109 30 Entries
928 3244 44 28 for
996 3242 48 30 the
1070 3242 80 29 Hack
1180 3241 79 37 Race,

710 3286 109 28 Maiden
834 3284 76 36 Trot,
925 3283 53 29 and
994 3282 107 30 Second
1116 3282 143 39 Handicap

708 3326 68 29 Trot
788 3329 75 25 must
875 3324 35 30 be
923 3322 109 30 handed
1045 3322 27 30 in
1087 3327 28 25 to
1134 3323 46 29 the
1195 3322 48 30 Sec-

708 3371 92 33 retary
813 3366 96 29 before
922 3365 47 28 the
981 3364 151 39 preceding
1153 3374 62 18 race
1237 3364 22 28 is

708 3418 61 24 run,
783 3417 30 18 so
827 3416 29 19 as
870 3409 29 26 to
912 3404 78 30 allow
1003 3404 66 29 time
1089 3404 45 29 for
1156 3404 89 29 declar-

707 3448 50 38 ing
771 3447 48 28 the
832 3445 160 38 handicaps.
1031 3444 111 29 Entries
1157 3444 44 29 for
1213 3444 46 28 the

707 3487 113 29 Maiden
835 3486 79 29 Plate
938 3484 54 30 and
1018 3488 177 34 acceptances
1216 3484 43 29 for

707 3526 36 30 all
758 3526 161 38 Handicaps
932 3528 29 26 to
983 3524 35 30 be
1039 3525 29 28 in
1089 3524 49 29 the
1165 3524 78 29 Secre-

707 3568 87 38 tary's
806 3566 89 30 hands
907 3566 38 38 by
961 3566 31 29 12
1007 3564 107 31 o'clock
1132 3576 72 19 noon
1223 3575 36 19 on

707 3609 53 37 day
774 3608 30 29 of
816 3617 84 19 races.

744 3649 26 30 3.
791 3648 117 29 District
920 3646 94 31 horses
1027 3646 55 30 and
1105 3656 106 19 owners
1230 3652 29 23 to

706 3690 35 29 be
766 3689 123 28 resident
919 3688 29 27 in
973 3688 48 28 the
1046 3687 109 28 district
1181 3688 77 27 three

706 3729 128 32 calendar
846 3728 111 30 months
979 3727 75 40 prior
1079 3730 29 27 to
1134 3726 125 40 January

708 3774 51 32 Ist,
788 3771 80 28 1898.
906 3769 125 35 District,
1057 3769 36 28 25
1117 3769 79 28 miles
1220 3769 38 37 by

706 3811 72 29 main
792 3809 75 30 road.

741 3853 27 29 4.
788 3851 59 29 The
877 3849 74 31 rules
980 3849 30 30 of
1034 3849 98 39 racing
1157 3849 30 30 of
1211 3848 47 31 the

706 3891 197 39 Metropolitan
928 3891 107 37 Jockey
1061 3890 72 30 Club
1159 3890 29 29 of
1210 3890 48 29 the

706 3933 107 29 district
825 3931 56 29 will
894 3931 35 29 be
948 3930 108 38 strictly
1077 3930 122 29 adhered
1218 3933 38 26 to.

741 3973 26 29 5.
788 3972 59 30 The
860 3971 104 30 winner
977 3971 29 30 of
1032 3971 47 30 the
1101 3970 155 39 Roxburgh

706 4014 106 38 Jockey
826 4013 71 29 Club
921 4012 146 38 Handicap
1091 4017 28 23 to
1143 4022 80 27 carry
1242 4022 16 17 a

706 4054 111 39 penalty
827 4053 29 30 of
868 4053 62 28 101b
941 4053 29 28 in
978 4053 48 28 the
1041 4052 99 38 Flying
1150 4051 90 28 Handi-

706 4104 57 29 cap.

743 4136 26 28 6.
790 4135 58 28 The
861 4133 132 38 Trotting
1006 4142 75 19 races
1091 4132 54 28 will
1159 4132 35 29 be
1206 4143 50 18 run

706 4175 88 29 under
806 4175 47 29 the
867 4173 73 30 rules
963 4174 29 28 of
1015 4172 129 39 Trotting
1157 4172 29 29 of
1212 4173 46 28 the

706 4215 129 29 Dunedin
849 4213 107 37 Jockey
971 4213 80 28 Club.

746 4255 24 29 7.
792 4254 47 29 All
853 4253 184 28 nominations
1049 4255 30 25 to
1098 4251 35 29 be
1154 4262 88 18 accom-

707 4295 101 41 panied
828 4296 38 38 by
886 4293 68 36 fees,
980 4293 54 28 and
1055 4296 29 25 to
1108 4297 72 24 state
1199 4304 60 28 age,

708 4338 103 34 colour,
824 4335 55 29 and
893 4334 132 39 pedigree
1037 4333 30 28 of
1079 4333 88 35 horse,
1181 4344 78 19 name

709 4377 29 29 of
752 4386 91 20 owner
862 4375 56 29 and
932 4374 107 29 colours
1052 4373 29 28 of
1093 4373 93 36 rider;
1206 4375 53 28 and

709 4417 28 28 in
751 4417 47 29 the
811 4417 82 28 Trots
906 4426 16 18 a
934 4414 47 29 list
1006 4413 29 29 of
1060 4414 199 37 performances

711 4462 74 24 must
798 4458 34 28 be
845 4457 93 39 given.
978 4453 46 30 All
1037 4453 95 30 horses
1141 4458 73 25 must
1227 4455 32 29 be

711 4498 96 28 ridden
820 4498 29 28 in
862 4497 117 33 colours,
1006 4494 54 28 and
1086 4504 54 27 any
1161 4494 98 39 jockey

713 4537 91 38 riding
828 4540 100 36 except
962 4536 29 28 in
1018 4534 106 29 colours
1149 4535 110 28 entered

713 4587 61 29 may
788 4578 33 29 be
835 4578 82 30 fined.

751 4620 25 26 8.
797 4618 45 28 All
856 4618 134 38 disputes,
1011 4615 106 36 claims,
1139 4615 53 28 and
1216 4615 29 28 ob-

708 4657 120 36 jections
839 4658 104 37 arising
956 4660 48 24 out
1012 4655 29 29 of
1052 4655 46 28 the
1106 4665 76 18 races
1196 4654 63 28 shall

715 4697 34 28 be
762 4695 113 30 decided
898 4697 37 37 by
962 4695 46 29 the
1035 4695 141 36 stewards,
1195 4693 64 30 their

715 4736 119 29 decision
848 4740 29 25 to
890 4737 35 27 be
938 4735 74 29 final.
1051 4735 110 29 Entries
1183 4739 28 24 to
1230 4735 29 29 be

714 4776 125 30 received
853 4776 63 39 only
930 4787 34 19 on
976 4776 77 29 these
1063 4775 164 30 conditions.

752 4817 155 28 N.B.—No
932 4820 79 33 entry
1043 4827 32 18 or
1102 4820 157 35 acceptance

714 4857 54 28 will
797 4858 35 28 be
861 4856 125 30 received
1017 4867 35 18 on
1078 4867 53 28 any
1157 4860 102 35 pretext

715 4897 139 29 whatever
865 4897 73 28 after
950 4897 47 29 the
1010 4897 67 29 time
1089 4897 138 38 specified.

905 4948 31 32 P.
957 4949 27 31 J.
1006 4949 146 38 DUNNE,

983 4991 75 28 Hon.
1073 4992 153 36 Secretary.

714 5057 221 55 JONES'S
1025 5057 234 57 QOALPIT,

862 5132 99 31 COAL
983 5133 138 30 CREEK.

716 5213 119 30 T)EST
855 5212 159 31 LIGNITE
1032 5214 29 28 in
1083 5213 47 29 the
1150 5212 109 29 District

803 5255 44 29 for
880 5254 143 39 Steaming
1048 5266 31 17 or
1104 5252 155 31 Household

715 5305 132 29 purposes
864 5295 138 29 delivered
1016 5298 66 25 at—

973 5333 82 31 Cash.
1122 5332 124 30 Booked.

714 5374 154 39 Roxburgh
937 5398 30 7 ...
992 5375 48 28 10s
1099 5374 48 28 lis
1159 5383 50 28 per
1218 5375 41 26 ton

714 5415 57 30 The
785 5415 47 29 Pit
940 5438 29 7 ...
1011 5415 31 28 5s
1117 5414 32 29 6s
1198 5435 19 14 „

714 5455 154 39 Roxburgh
906 5455 68 29 East
994 5455 49 28 lis
1101 5455 48 28 12s
1199 5476 19 13 ~

714 5497 57 29 The
785 5496 127 39 Dredges
940 5519 30 6 ...
994 5495 132 30 Contract
1145 5493 102 30 Prices.

752 5575 58 30 The
830 5574 158 38 Proprietor
1001 5574 49 29 has
1063 5573 102 35 special
1179 5572 69 30 facili-

715 5615 51 28 ties
776 5615 44 28 for
832 5615 123 37 delivery
968 5613 27 28 in
1009 5624 54 27 any
1085 5617 63 34 part
1170 5613 29 28 of
1218 5613 41 27 the

715 5654 125 36 District,
866 5653 55 30 and
948 5653 159 30 Customers
1132 5663 63 28 may
1208 5652 51 38 rely

715 5706 33 18 on
762 5695 85 39 being
858 5693 139 41 promptly
1011 5693 135 39 supplied.

752 5735 101 30 Orders
866 5746 63 26 may
943 5735 34 27 be
990 5734 51 28 left
1054 5737 28 26 at
1103 5734 47 29 the
1164 5733 95 29 Mount

712 5775 115 29 Benger
841 5775 76 28 Mail
930 5774 93 29 Office.

1279 198 140 29 TEVIOT
1429 198 217 29 WESLEYAN
1662 198 172 31 CHURCH.

1379 302 114 38 Sunday
1507 302 124 30 Services
1644 302 56 28 will
1722 303 35 28 be
1770 313 64 19 con-

1368 343 101 30 ducted
1482 353 30 19 as
1526 343 140 30 follow:

1280 399 112 27 Roxburgh
1403 399 20 26 (7
1432 399 120 26 p.m.)—Mr
1566 398 109 22 Matthews

1281 428 48 22 Coal
1340 427 64 22 Creek
1414 427 21 26 (3
1444 426 120 27 p.m.)—Mr
1574 426 111 22 Matthews

1285 456 77 22 Ettrick
1371 455 29 26 (11
1412 455 119 26 a.m.)—Mr
1542 455 110 21 Matthews

1369 483 21 24 (7
1400 483 120 26 p.m.)—Mr
1528 483 22 21 J.
1561 483 24 20 C.
1595 483 68 19 Smith

1289 546 44 67 J
1424 542 53 35 W.
1554 539 176 38 ROON
1750 539 85 43 EY,

1320 624 207 27 HAIRDRESSER,
1541 622 201 26 TOBACCONIST,
1759 622 47 23 &c..

1288 667 75 38 Begs
1378 669 29 25 to
1422 665 125 28 intimate
1567 667 28 26 to
1614 664 47 29 the
1674 662 94 39 public
1780 662 61 29 that

1569 704 49 29 lias

1311 746 153 30 OPENED
1484 747 26 28 A
1530 743 293 31 HATRDRESSING

1494 786 150 29 SALOON

1288 828 28 29 in
1340 828 47 29 the
1410 827 45 30 old
1479 827 144 36 Premises,
1646 829 68 27 next
1738 824 104 40 Boyd's

1524 868 94 28 Hotel.

1310 940 253 37 Haircutting—6d
1576 953 7 22 ;
1612 939 140 35 Children,
1778 938 45 29 6d.

1470 980 133 37 Shaving,
1618 980 45 28 6d.

1353 1058 106 29 Razors
1481 1058 53 29 Set
1758 1057 30 28 Is

1291 1130 96 20 LARGE
1398 1129 186 22 ASSORTMENT
1593 1128 143 23 TOBACCOS
1743 1128 16 21 &
1766 1127 78 22 PIPES

1327 1194 28 30 J.
1382 1194 45 31 W.
1447 1194 166 37 ROONEY,
1628 1194 120 35 Painter,
1767 1193 49 28 has
1829 1202 16 18 a

1276 1234 2 40 !
1293 1236 76 38 large
1419 1240 166 26 assortment
1635 1236 30 29 of
1715 1234 131 37 Painting

1276 1266 2 45 |
1293 1276 141 29 Materials
1448 1287 35 18 on
1498 1276 73 28 hand
1584 1288 7 23 ;
1616 1276 54 28 and
1683 1275 27 28 in
1725 1274 81 30 order
1817 1277 29 25 to

1292 1320 72 26 meet
1377 1317 47 29 the
1437 1317 82 30 times
1531 1316 49 30 has

1291 1369 216 22 CONSIDERABLY
1531 1368 136 21 REDUCED
1685 1368 56 20 THE
1763 1367 82 21 PRICE
1858 1367 2 31 j

1367 1403 37 20 OF
1419 1403 143 20 PAINTING
1576 1403 66 20 THIS
1654 1401 116 21 i>EAS<>N.
1847 1400 14 23 'I

1412 1466 27 29 J.
1480 1465 46 30 W.
1566 1465 167 35 ROONEY,

1311 1518 121 33 Painter,
1458 1517 123 36 Grainer,
1613 1517 68 36 Sign
1715 1516 111 34 Writer,
1858 1516 2 37 ,

1425 1556 204 37 Paperhanger,
1651 1556 60 33 &c.,

1336 1605 151 23 SCOTLAND
1502 1606 112 24 STREET,
1629 1605 168 22 ROXBURGH.

1353 1727 420 43 BERNSTONE,

1334 1827 77 29 THE
1631 1827 143 29 TAILOR

1432 1891 94 35 (From
1553 1892 152 37 Dunedin),

1364 1971 70 36 TT7
1443 1972 64 28 ILL
1522 1972 66 27 visit
1601 1971 166 36 Roxburgh,

1482 2011 104 29 Millers
1616 2011 72 35 Flut,
1713 2011 53 28 and

1360 2052 188 39 surrounding
1583 2052 123 30 districts
1738 2060 29 20 at

1359 2094 109 38 regular
1481 2094 140 34 intervals,

1497 2148 78 29 when
1590 2148 35 29 he

1371 2214 103 29 WILL
1488 2214 104 29 TAKE
1608 2214 149 29 ORDERS

1361 2280 29 24 to
1415 2276 55 27 suit
1484 2276 45 28 the
1544 2277 182 27 convenience
1740 2276 29 28 of

1437 2322 47 28 the
1501 2320 68 30 local
1590 2321 102 39 public.

1408 2423 128 29 Charges
1560 2424 161 30 Moderate.

1364 2536 76 30 Suits
1449 2536 70 29 from
1529 2537 39 29 £3
1579 2537 43 35 3s;
1637 2536 131 30 Trousers

1470 2583 71 29 from
1557 2584 48 28 16s
1619 2584 45 28 6d.

1363 2690 46 29 Fit
1422 2689 173 31 Guaranteed
1616 2702 30 18 or
1667 2691 101 39 Money

1465 2743 48 25 not
1527 2739 141 39 accepted.

1291 2879 42 52 J>
1341 2922 10 10 #
1373 2880 33 39 J.
1438 2882 43 37 B.
1513 2880 161 42 YULE,
1699 2878 143 43 L.D.S.,

1374 2963 192 45 Surgeon
1601 2960 163 44 Dentist,

1420 3031 301 32 INVERCARGILL.

1394 3115 47 29 Mr
1463 3115 78 29 Yule
1564 3113 54 29 will
1640 3112 65 30 visit
1708 3129 34 4 —

1303 3185 256 36 DISPENSARY,
1585 3182 249 36 aLKXANDRA,

1351 3239 81 29 From
1448 3239 69 28 24th
1529 3242 30 25 to
1573 3237 67 28 28th
1655 3235 133 38 January.

1535 3286 65 28 And

1293 3333 168 31 HERON'S
1477 3331 136 36 HOTEL,
1625 3329 222 37 ROXBURGH,

1355 3383 86 29 From
1456 3381 67 30 28th
1537 3384 29 26 to
1579 3381 63 29 31st
1655 3380 133 37 January.

1290 3646 46 55 Q
1430 3639 413 36 HUBENER,

1341 3692 12 13 *
1363 3704 134 23 TEACBER
1519 3703 35 21 OF
1576 3701 58 22 THE
1656 3699 112 26 VIOLIN,

1287 3760 69 30 Will
1371 3759 66 30 visit
1450 3755 156 39 Roxburgh
1620 3752 105 38 weekly
1750 3752 92 38 (every

1490 3801 144 38 Monday.)

1287 3896 97 30 Terms
1395 3905 36 19 on
1439 3893 167 39 application
1615 3894 28 26 to
1654 3891 53 28 self
1717 3901 30 18 or
1759 3889 83 29 Office

1465 3941 29 30 of
1507 3940 56 29 this
1576 3940 99 38 Paper.

1291 4060 216 31 ROXBURGH
1517 4056 160 31 BAKERY
1688 4055 24 29 &
1724 4053 119 30 STORK

1309 4250 141 35 BAKER,
1480 4242 296 35 CONFECTIONER
1801 4241 23 29 &
1857 4241 2 44 j

1427 4293 283 36 STOREKEEPER,

1329 4356 149 24 SCOTLAND
1502 4354 113 26 STREET,
1639 4348 167 25 ROXBURGH.

1328 4453 75 30 R.K.
1414 4451 104 30 desires
1533 4454 29 25 to
1574 4447 88 31 thank
1677 4446 47 30 the
1737 4443 92 30 inhabi-

1291 4498 76 25 tants
1381 4494 30 28 of
1425 4491 155 38 Roxburgh
1593 4489 53 28 and
1659 4484 183 35 surrounding

1291 4534 123 29 districts
1439 4532 44 29 for
1504 4532 46 27 the
1574 4531 115 36 support
1712 4524 132 30 accorded

1292 4575 56 29 him
1362 4575 27 28 in
1404 4573 48 30 the
1463 4575 73 36 past,
1551 4571 51 28 and
1618 4574 28 23 to
1655 4567 99 29 inform
1769 4566 74 28 them

1294 4615 61 28 that
1368 4613 119 35 nothing
1500 4612 54 27 will
1569 4612 35 27 be
1616 4608 125 38 wanting
1754 4616 34 20 on
1803 4606 42 28 his

1293 4657 62 34 part
1367 4653 29 28 in
1406 4653 48 28 the
1467 4652 92 28 future
1569 4655 30 24 to
1607 4648 81 29 merit
1696 4658 16 18 a
1721 4646 109 30 continu-

1293 4703 68 20 ance
1373 4692 29 30 of
1414 4691 73 31 their
1500 4693 123 37 support.

1322 4782 143 24 WEDDING
1484 4782 61 22 AND
1564 4779 151 28 BIKTHDAY
1733 4777 91 23 CAKES

1444 4817 82 21 MADE
1543 4817 36 20 TO
1592 4815 105 21 ORDER.

1294 4864 124 27 SOIREES,
1443 4863 112 22 PICNICS
1578 4863 16 21 &
1613 4860 87 23 BALLS
1717 4857 132 23 CATF.RED

1338 4900 57 21 FOR
1409 4898 38 23 ON
1464 4899 58 21 THE
1535 4896 146 23 SHORTEST
1699 4893 113 24 NOTICE.

1296 4942 129 42 Nothing
1439 4942 52 30 but
1505 4942 47 29 the
1564 4941 63 30 best
1637 4937 124 33 material
1773 4937 76 29 used.

1297 5039 78 22 GOOD
1390 5036 186 24 ASSORTMENT
1586 5036 35 21 OF
1630 5033 165 27 GROCERIES,
1806 5032 45 25 &c.,

1501 5071 39 22 ON
1557 5070 93 21 HAND.

1316 5165 62 35 Gif
1385 5164 121 29 Liberal
1526 5162 141 29 Discount
1679 5167 49 20 for
1750 5156 84 30 Cash.

1301 5278 62 52 yy
1456 5275 22 28 T
1494 5298 6 7 .
1569 5269 172 32 BOWD
1761 5267 91 35 EN,

1372 5347 177 26 CARPENTER,
1576 5344 117 25 JOINER,
1721 5340 60 23 AND

1472 5382 207 26 UNDERTAKER,

1296 5441 101 28 Desires
1423 5445 24 21 to
1474 5436 76 29 thank
1577 5434 42 27 the
1650 5431 88 28 Public
1763 5431 24 26 of
1812 5429 41 28 the

1298 5479 106 27 District
1418 5478 38 26 for
1474 5479 55 32 past
1548 5476 112 31 support,
1680 5469 48 26 and
1748 5467 61 36 begs
1828 5472 25 21 to

1296 5517 92 27 inform
1419 5514 66 26 them
1521 5513 55 24 that
1606 5508 30 27 he
1666 5507 43 26 has
1740 5505 112 28 resumed

1298 5554 123 29 Business
1434 5552 24 27 in
1473 5545 150 37 Roxburgh.

1297 5639 135 28 Estimates
1444 5636 75 36 given
1530 5632 48 28 and
1589 5630 121 36 Building
1721 5629 131 27 Contracts

1400 5686 27 27 ef
1443 5683 32 29 all
1495 5681 74 29 kinds
1586 5678 162 29 undertaken.

1333 5783 78 27 Plans
1424 5780 48 28 and
1491 5777 186 37 Specifications
1691 5776 124 37 prepared.

1876 780 87 55 W.
1994 781 56 54 T.
2085 772 338 61 TALBOYS

1871 875 113 38 Having
2003 877 78 28 made
2100 887 16 17 a
2136 875 91 37 Large
2244 871 137 30 Purchase
2395 870 29 29 of

1887 948 221 38 SAMPLE
2133 941 277 45 CLOTHING

1872 1019 84 30 From
1968 1019 48 30 the
2037 1019 173 38 Wellington
2232 1015 129 31 Woollen
2376 1014 47 30 Co.

2122 1079 28 25 at
2169 1085 16 18 a

1961 1139 129 44 Large
2131 1136 207 41 Discount,

1930 1196 29 30 Is
1982 1207 62 19 now
2060 1196 124 37 Offering
2196 1194 47 29 the
2256 1202 74 20 same
2343 1195 29 25 at

1888 1259 301 38 ORIGINAL
2232 1255 176 38 COST.

1878 1360 59 56 Jjh
2001 1372 54 28 We
2078 1371 80 29 Have
2184 1372 73 27 Also
2259 1385 36 5 —

1974 1423 98 30 Tweed
2086 1422 54 29 and
2155 1421 86 39 Serge
2253 1420 86 34 Sails,
2351 1418 71 29 from

1874 1514 89 31 MJn's
1984 1514 100 30 Tweed
2105 1514 141 34 Trousers,
2260 1512 36 28 all
2318 1512 106 28 sizes—

1945 1558 31 26 (3s
1992 1556 26 28 11
2026 1556 17 27 d

1874 1606 87 29 Men's
1976 1606 84 28 Black
2076 1604 130 30 Worsted
2219 1603 84 29 Vests
2305 1602 68 28 —Gs
2389 1601 35 29 6d

2026 1687 132 38 Splendid
2181 1686 52 28 Lot
2247 1684 29 28 of

1874 1739 108 30 BOYS'
1993 1739 122 29 SERGE
2124 1736 177 31 KNICKER
2311 1733 112 31 SUITS

2081 1791 47 29 All
2141 1790 77 30 sizes.

1926 1872 29 28 M
1964 1872 79 28 KN'S
2076 1871 110 34 HATS,
2218 1866 148 36 SHiRTS,

1955 1924 182 36 SCARVES,
2151 1921 188 31 BRACES—

1999 1977 32 28 In
2053 1976 109 29 endless
2176 1976 114 37 variety.

1870 2057 89 40 Large
1992 2058 160 39 Shipments
2184 2056 29 28 of
2246 2056 49 28 the
2326 2056 96 29 Latest

1907 2100 92 28 Goods
2017 2100 69 27 from
2101 2099 46 27 the
2161 2098 223 28 Manufacturers

2097 2138 64 28 —in
2164 2154 35 4 —

1869 2187 120 29 DRESS
2005 2186 153 36 STUFFS,
2168 2185 148 36 PRINTS,
2328 2184 69 30 MUS-

1906 2239 97 37 LINS,
2018 2237 195 37 VEILINGS,
2228 2236 161 38 GLOVES,

2078 2291 59 34 &c.,
2158 2290 59 34 &c.,

1898 2345 39 29 At
1951 2343 92 30 Prices
2055 2343 90 29 which
2159 2345 73 26 must
2245 2341 49 30 sell
2309 2341 83 28 them.

1981 2426 24 27 A
2031 2423 139 30 Beautiful
2203 2423 54 28 Lot
2282 2422 29 28 of

2028 2474 244 33 UMBRELLAS.

1916 2605 219 42 Trimmed
2158 2604 229 49 Millinery,

1872 2678 29 28 of
1924 2676 87 29 which
2037 2686 39 18 we
2102 2675 68 28 have
2197 2684 16 18 a
2237 2684 66 28 very
2330 2672 93 29 choice

2053 2716 140 34 selection,
2213 2719 29 23 at

1874 2771 167 49 Greatly
2064 2769 191 39 Reduced
2278 2768 146 38 Prices.

1873 2903 161 55 W.T.

2097 2902 108 36 ■AkTL

2009 2996 285 34 ROXBURGH,

1911 3086 176 30 TENDERS
2108 3086 74 28 FOR
2203 3086 186 30 CARTAGE.

1894 3165 100 30 Tevtot
2029 3175 53 19 and
2112 3166 169 28 Alexandra
2311 3165 81 29 Fhuit-

1961 3215 125 20 gkowers
2089 3206 7 11 5
2118 3206 140 34 Company,
2279 3206 65 29 Ltd.

1879 3284 64 37 \Y
1947 3283 121 28 ANTED
2105 3282 164 27 TENDERS
2309 3283 34 26 for
2384 3283 42 26 the

1980 3321 70 27 CAR
2060 3320 88 28 TAGE
2170 3319 45 28 OF
2232 3321 67 26 5000
2319 3320 107 28 CASES

1876 3360 44 27 OF
1939 3359 110 27 FRUIT
2068 3361 80 33 (more
2173 3368 26 17 or
2224 3358 57 35 less)
2308 3359 60 26 from
2384 3358 41 27 the

1875 3398 88 26 Teviot
1977 3398 106 26 District
2105 3403 23 19 to
2154 3396 133 26 Lawrence
2313 3395 111 37 Railway

1875 3436 105 26 Station.

1910 3471 185 37 Specifications
2110 3477 24 20 to
2149 3470 28 26 he
2191 3479 55 18 seen
2259 3470 46 27 and
2318 3470 107 27 Tenders

1875 3516 24 19 to
1913 3510 28 25 he
1955 3509 89 33 lodged
2065 3508 58 26 with
2146 3508 109 26 Joskph
2275 3508 149 31 Tamblyn,

1874 3547 59 27 Coal
1949 3546 87 34 Creek,
2047 3556 31 17 on
2089 3556 27 17 or
2128 3544 80 29 before
2222 3544 202 36 SATURDAY,

1874 3586 70 26 18th
1961 3584 97 27 INST..
2073 3591 24 19 at
2114 3586 8 24 1
2140 3593 48 25 p.m

1905 3622 54 26 The
1973 3621 84 27 lowest
2071 3631 27 17 or
2111 3630 47 27 auy
2175 3628 9 18 i
2192 3620 75 27 euder
2282 3626 43 22 not
2340 3629 70 19 neces-

1872 3660 75 36 sarily
1962 3659 121 36 accepted.

1978 3707 136 28 JOSEPH
2133 3707 185 33 TAMBLYN,

2253 3747 136 28 Secretnrv.

1940 3808 105 29 LAND
2065 3807 201 29 TRANSFER
2287 3807 73 29 ACT

2055 3848 175 30 NOTICES.

1873 3931 72 56 NO
1956 3928 75 28 TICE
2053 3929 23 26 Ts
2102 3929 101 34 Hereby
2219 3929 80 26 Given
2315 3928 54 27 that
2383 3928 41 26 the

1962 3968 92 26 several
2070 3967 93 36 parcels
2174 3969 24 25 ot
2208 3966 56 27 land
2277 3967 148 26 hereinafter

2017 4005 48 26 will
2092 4005 29 26 be
2146 4005 110 29 brought
2278 4004 79 27 under
2383 4004 40 27 the

1873 4044 137 32 provisions
2024 4044 24 25 of
2151 4041 69 28 Land
2241 4042 111 26 Transfer
2368 4043 54 30 Act,

1873 4080 71 31 ISBo,
1959 4080 82 25 unless
2055 4087 85 19 caveat
2166 4080 28 24 be
2218 4079 89 28 lorlired
2328 4078 80 27 forbid-

1872 4119 15 26 d
1902 4128 27 18 iiL
1930 4116 3 30 r
1959 4118 41 26 the
2024 4127 66 17 snme
2116 4116 85 28 within
2231 4127 45 17 one
2308 4116 115 28 calendar

1872 4156 84 25 month
1982 4156 60 26 from
2071 4156 39 25 'he
2216 4154 28 27 of
2269 4155 151 30 publication

1871 4193 81 27 hereof
1966 4194 23 25 in
2005 4193 40 26 the
2095 4193 63 26 New
2173 4192 106 27 Zealand

1907 4243 111 28 Sections
2034 4243 13 25 9
2062 4241 47 27 and
2127 4242 37 29 10,
2182 4241 77 27 Block
2273 4243 59 28 XT.,
2344 4242 77 26 Town

1973 4280 24 26 of
2011 4278 143 34 Roxburgh.
2184 4279 53 27 The
2251 4278 86 29 Public
2347 4280 60 27 Trus-

1976 4326 44 22 tee,
2052 4318 135 33 applicant.
2241 4318 125 34 Occupied
2393 4318 31 35 by

1973 4356 67 26 Julia
2055 4356 74 25 Grav.
2168 4356 47 25 No.
2232 4356 66 26 4J24

1907 4407 132 29 Diagrams
2060 4414 56 18 mav
2142 4404 28 26 be
2196 4405 127 31 inspected
2338 4412 24 20 at
2377 4406 49 26 this

1873 4444 80 28 Oftifre.

1912 4482 75 26 Dated
2015 4482 48 25 this
2088 4480 43 26 o'h
2158 4480 46 26 d<v
2230 4481 28 27 of
2281 4480 144 31 TVceiriher,

1876 4520 71 32 1807,
1973 4525 26 19 at.
2021 4519 41 26 the
2089 4517 82 27 L»n(is
2199 4518 117 35 Registry
2343 4516 83 33 Office,

1876 4557 124 28 Dunrdiu.

2095 4594 36 29 H.
2153 4593 163 35 TURTON,

2052 4634 104 27 District
2170 4633 69 26 Land
2258 4633 134 30 Registrar.

1996 4695 140 31 PUBLIC
2156 4694 151 30 NOTICE.

1897 4774 160 22 ROXBURGH
2074 4773 183 22 RECREATION
2271 4771 136 23 RESERVE.

1913 4839 57 21 THE
1984 4838 104 22 PUBLIC
2098 4838 147 21 RESERVE*
2260 4838 60 26 ACT,
2335 4838 56 26 1881,

1864 4860 1 32 1
1990 4866 183 21 AMENDMENT
2187 4866 61 26 ACT,
2264 4866 57 22 1885.

1879 4930 157 59 PUBLIC
2050 4929 132 30 NOTICE
2197 4931 24 27 Is
2237 4930 101 36 Hereby
2349 4930 80 28 Given

1961 4970 53 26 that
2029 4969 42 28 the
2084 4970 96 35 portion
2198 4970 27 26 of
2235 4970 41 26 the
2293 4969 136 34 Roxburgh

1882 5007 143 27 Recreation
2039 5007 230 31 Reserve,enclosed
2279 5006 48 26 and
2340 5006 90 25 known

1880 5055 26 18 as
1920 5045 41 26 the
1973 5044 87 36 Sports
2071 5043 113 30 Ground,
2198 5045 47 27 and
2257 5045 89 26 situate
2358 5043 57 27 with-

1880 5084 25 25 in
1921 5083 41 25 the
1982 5082 117 33 Borough
2123 5083 27 25 of
2173 5082 151 34 Roxburgh,
2339 5080 48 26 will
2403 5080 28 26 be

1879 5120 80 27 under
1982 5120 42 26 the
2048 5120 95 27 control
2173 5122 28 25 of
2223 5121 41 25 the
2290 5118 139 31 Roxburgh

1883 5157 108 27 Athletic
2004 5158 87 34 Sports
2115 5157 65 28 Club
2205 5167 31 17 on
2262 5155 168 29 MONDAY,

1881 5195 71 27 27th
1978 5195 211 33 DECEMBER,
2216 5196 74 28 1897,
2305 5193 47 28 and
2376 5193 54 26 that

1881 5231 57 37 they
1952 5242 40 18 are
2001 5233 142 28 authorised
2155 5237 26 23 to
2191 5231 107 29 demand
2309 5241 13 17 a
2335 5230 47 28 Fee
2394 5231 37 26 for

1880 5270 131 27 admission
2025 5271 97 27 thereto
2142 5281 26 16 as
2187 5270 119 37 provided
2321 5269 31 35 by
2365 5267 48 28 Sub-

1879 5308 94 26 section
1987 5309 14 25 4
2015 5308 24 26 of
2049 5308 41 26 the
2100 5306 185 38 above-quoted
2297 5307 56 31 Act,
2366 5305 65 27 until

1881 5343 42 28 the
1935 5345 136 36 expiration
2085 5345 29 27 of
2124 5345 42 27 the
2180 5344 70 35 day's
2268 5344 93 35 Sports.

1916 5381 76 28 Given
2006 5383 80 27 under
2098 5393 42 24 my
2154 5382 67 27 hand
2244 5382 49 26 this
2317 5379 114 28 fifteenth

1881 5417 48 39 day
1942 5419 26 28 of
1977 5419 146 33 December,
2138 5419 75 28 1897.

2034 5470 138 29 HENRY
2192 5468 166 35 BAILLIE,

1958 5510 88 38 Mayor
2056 5511 28 27 of
2091 5511 42 27 the
2147 5508 120 36 Borough
2282 5506 149 37 Roxburgh.

1881 5581 141 30 Admission
2036 5588 26 22 to
2076 5582 118 29 Grounds
2196 5598 35 4 —

2066 5619 102 32 Adults,
2184 5619 26 25 Is
2221 5627 6 24 ;
2248 5615 127 32 Children,
2389 5614 42 27 6d.

1914 5697 38 35 By
1966 5698 71 28 order
2050 5699 28 26 of
2094 5698 41 26 the
2155 5693 140 37 Roxburgh
2317 5691 112 29 Athletic

1880 5735 86 28 Snorts
1980 5736 69 28 Club.

2062 5772 79 30 WM.
2156 5769 160 35 GEORGE,
2331 5768 60 29 Sec.

2585 195 97 28 FOR
2721 193 142 30 SALE.

2450 271 238 31 ANE-THIRD
2703 270 128 31 SHAKE
2845 270 28 28 in
2886 268 118 29 Warren

2535 314 54 28 and
2605 313 75 29 Co.'s
2696 313 87 28 Claim
2794 315 29 24 at
2836 308 167 30 Pomabaka.

2448 353 142 40 —Apply,

2619 393 119 29 JABEZ
2764 390 167 35 BURTON,

2821 429 149 36 Roxburgh.

2553 503 111 29 FOR
2740 501 172 30 SALE.

2453 588 156 31 TTORSE
2629 588 53 29 arid
2705 587 159 29 First-class
2889 586 101 39 Spring-

2550 633 58 28 cart
2621 629 54 30 and
2695 627 266 40 Harness.—Apply

2663 682 85 29 Office
2764 682 29 28 of
2805 681 55 29 this
2874 682 97 36 Paper.

2569 746 261 32 SALE—Covered
2842 747 129 36 Express,
2981 745 27 28 in

2535 790 71 37 good
2623 788 88 30 order.
2714 788 144 38 —Apply,
2872 787 86 28 Office
2981 785 29 29 of

2452 831 56 30 this
2522 830 99 37 Paper.
2883 868 120 4 ____

2502 900 215 31 ROXBURGH
2757 896 194 31 ATHLETIC

2588 940 143 31 SPORTS
2771 939 110 30 CLUB.

2569 1014 143 39 following
2726 1023 46 19 are
2786 1013 47 29 the
2849 1011 161 39 Handicaps

2539 1056 126 30 declared
2677 1056 38 37 by
2726 1055 49 29 the
2790 1054 218 37 Handicappers.

2453 1626 143 24 ATHLETIC
2609 1625 103 23 SPORTS
2736 1623 74 22 CLUB
2830 1620 179 24 HANDICAP—

2686 1661 88 22 350tds.

2504 1733 147 23 M'Connechie
2874 1744 5 6 •
2888 1743 5 7 •
2934 1735 31 14 scr

2503 1768 33 22 W.
2547 1769 61 21 Toms
2874 1779 6 6 •
2888 1779 5 6 •
2934 1770 32 13 scr

2547 1804 25 22 P.
2582 1804 87 22 Stevens
2874 1815 5 6 •
2886 1814 6 6 •
2945 1799 12 21 5

2502 1839 44 21 Jas.
2557 1839 60 25 Craig
2874 1848 19 7 ••
2947 1833 12 20 8

2500 1874 49 21 Jno.
2559 1873 99 26 Tamblyn
2870 1884 18 6 ••
2931 1868 25 20 10

2501 1910 27 22 A.
2541 1908 61 22 Toms
2872 1919 19 7 ••
2933 1903 24 21 14

2500 1946 22 22 J.
2533 1946 35 22 W.
2582 1945 83 26 Rooney
2872 1956 5 6 •
2884 1954 6 7 •
2943 1939 13 22 8

2500 1980 70 20 James
2579 1979 116 25 Thompson
2868 1988 19 7 ••

2607 2011 123 24 BICYCLE
2754 2010 95 22 RACES.

2700 2046 9 22 A
2720 2045 47 22 mile
2781 2045 10 20 1
2799 2043 47 22 mile
2860 2043 12 21 2
2879 2041 47 22 mile
2940 2041 11 21 5
2959 2041 47 21 mile

2790 2078 52 22 Yds.
2866 2076 51 22 Yds.
2941 2076 52 22 Yd?.

2660 2828 59 22 WM.
2735 2827 122 25 GEORGE,
2872 2827 54 21 Hon.
2942 2827 43 20 Sec.
