2550 4029
88 256 2420 33 THE

88 289 382 57 NEW
597 289 892 57 ZEALAND
1616 289 892 57 GAZETTE

88 346 2420 56 AND

88 402 1153 57 WELLINGTON
1356 402 1152 57 SPECTATOR.

616 481 220 40 PUBLISHED
882 484 132 38 EVERY
1058 484 257 38 WEDNESDAY
1355 485 89 40 AND
1489 488 229 38 SATURDAY
1762 491 206 38 MORNING.

640 596 112 33 PORT
773 598 262 39 NICHOLSON,
1053 599 225 32 SATURDAY
1299 596 209 43 MCTRNING,
1530 603 235 36 NOVEMBER
1787 611 53 33 25,
1865 610 90 31 1843.

2284 610 94 42 [Tot.
2400 613 54 34 IV:

124 594 64 31 No.
210 594 90 38 301.]

120 126 5 3 -

1951 699 122 26 ROYAL
2101 700 173 25 VICTORIA
2301 705 178 28 THEATRE*

2051 738 108 18 MANNERS
2174 741 93 21 STREET,
2284 742 28 16 TE
2324 743 54 16 ARO.

1924 766 93 48 MR.
2041 766 123 28 DAVIES,
2186 768 59 23 from
2268 769 38 22 the
2330 770 98 28 Sydney,
2449 771 59 23 Mel*

2016 793 91 27 bourne,
2117 794 44 22 and
2177 795 98 25 Queen's
2289 795 104 29 Theatre,
2404 797 102 29 London,

1923 822 58 18 most
1995 820 141 28 respectfully
2150 821 95 23 informs
2259 822 39 22 the
2315 828 78 23 gentry
2407 824 28 22 of
2447 824 61 23 Wel-

1922 844 91 28 lington,
2024 846 28 22 its
2068 847 98 28 vicinity,
2178 848 45 22 and
2238 848 36 22 the
2289 850 76 26 public
2381 851 123 28 generally,

1920 870 49 23 that
1978 872 83 27 having
2066 873 91 23 become
2166 875 81 22 Lessee
2254 876 28 21 of
2287 874 38 24 the
2331 877 71 22 above
2409 877 94 28 theatre,

1922 897 29 22 he
1961 899 44 22 will
2016 899 57 22 have
2082 900 35 22 the
2129 901 72 22 honor
2208 902 25 21 of
2240 903 126 27 appearing,

2030 932 64 24 FOR
2108 934 64 23 ONE
2193 935 103 23 NIGHT
2312 937 85 22 ONLY

1920 957 61 27 prior
2006 961 22 19 to
2049 960 37 22 the
2105 961 87 28 closing
2210 963 25 21 of
2254 963 38 21 the
2314 968 87 22 present
2417 970 86 17 season.

1920 984 89 27 During
2029 986 38 22 the
2087 994 72 16 recess
2178 989 38 21 the
2240 989 95 22 Theatre
2359 990 44 21 will
2423 990 29 23 be
2470 997 23 17 re
2494 1003 11 12 r

1922 1011 111 23 modelled
2057 1013 44 22 and
2124 1014 113 29 elegantly
2263 1016 150 23 embellished.
2458 1017 43 23 Mrl

1920 1038 84 22 Davies
2014 1038 40 23 has
2070 1040 36 22 the
2120 1042 148 25 gratification
2284 1047 23 17 to
2323 1050 119 16 announce
2456 1044 49 23 that

1922 1065 37 20 the
1979 1065 70 22 ladies
2065 1067 45 21 and
2124 1069 128 26 gentlemen
2272 1069 97 28 forming
2388 1070 37 23 the
2444 1077 61 21 corps

1920 1091 131 28 dramatique
2065 1093 55 23 have
2136 1095 146 28 handsomely
2292 1096 81 23 offered
2390 1097 57 23 their
2459 1105 46 16 ser-

1921 1118 61 22 vices
1992 1119 33 21 for
2035 1120 44 22 this
2089 1122 110 22 occasion.

1949 1145 36 22 On
2004 1146 103 28 Tuesday
2126 1150 104 27 evening,
2249 1149 127 23 November
2392 1151 33 27 28,
2444 1152 59 26 1843,

1920 1171 44 22 will
1985 1172 27 22 be
2030 1174 120 27 produced,
2172 1176 33 21 for
2221 1175 38 22 the
2278 1177 48 21 first
2343 1177 54 22 time
2417 1182 23 17 at
2460 1179 44 21 this

1919 1198 104 28 Theatre,
2031 1201 85 27 Selby's
2123 1198 100 26 admired
2230 1203 67 27 petite
2303 1204 99 27 comedy,
2409 1204 94 23 entitled

2080 1239 45 16 THE
2140 1234 100 21 WIDOW'S
2253 1241 89 16 VICTIM.

1948 1261 106 23 Jerimiah
2066 1264 47 28 Clip
2331 1267 45 21 Mr.
2391 1267 84 23 Daviet.

1948 1294 69 22 After
2035 1295 79 28 which,
2134 1304 14 14 a
2165 1297 87 27 variety
2270 1298 26 20 of
2314 1298 100 28 singing;
2431 1304 23 18 to
2474 1300 27 23 be

1920 1319 103 24 followed
2033 1322 28 27 by
2074 1323 36 21 the
2120 1323 119 27 laughable
2249 1324 96 23 burletta
2361 1326 73 23 called

1933 1361 46 15 THD
1990 1363 74 14 MIDDY
2074 1363 96 21 ASHORE,
2185 1365 31 15 OR
2226 1365 14 16 A
2251 1365 69 16 SPREE
2341 1366 59 16 UPON
2416 1368 68 16 LAND.

1947 1386 56 22 Tom
2023 1387 94 28 Cringle,
2135 1389 93 26 (Boson
2247 1390 25 21 of
2292 1391 37 22 the
2339 1391 59 28 Billy
2413 1392 85 29 Ruffin,

2272 1418 45 22 Mr.
2331 1419 85 22 Davits.
2490 1435 8 10 >

1946 1444 47 23 The
2013 1448 112 26 evening's
2139 1450 171 22 entertainment
2325 1452 44 22 will
2386 1452 110 23 conclude

1918 1471 53 22 with
1983 1472 56 26 (also
2050 1474 34 21 for
2094 1474 35 23 the
2139 1476 47 21 first
2196 1477 53 21 time
2260 1481 24 17 at
2292 1478 44 22 this
2345 1478 106 27 Theatre)
2463 1479 38 23 the

1918 1498 50 23 well
1978 1499 80 23 known
2069 1501 74 27 Farce,
2155 1502 73 23 called

2080 1540 44 15 THE
2139 1541 77 16 QUEER
2230 1542 101 16 SUBJECT.

1917 1561 43 23 Bill
1972 1563 120 28 Mattocks,
2105 1566 56 25 (The
2172 1567 75 24 Queer
2255 1568 94 28 subject)
2360 1570 44 21 Mr.
2414 1570 84 22 Daviet.

1945 1594 44 23 Mr.
2001 1595 83 23 Davies
2094 1598 52 26 begs
2163 1603 22 17 to
2201 1606 74 15 assure
2291 1599 62 23 those
2370 1601 69 23 ladies
2454 1603 44 22 and

1917 1622 137 27 gentlemen,
2072 1624 47 21 who
2135 1632 51 20 may
2202 1625 71 23 honor
2288 1626 37 23 the
2339 1627 95 23 Theatre
2446 1630 52 22 with

1916 1648 58 21 their
1983 1656 115 20 presence,
2108 1650 49 22 that
2167 1659 28 15 on
2211 1652 43 22 this
2268 1654 101 22 occasion
2381 1655 38 21 the
2430 1655 67 23 doors

1915 1674 44 22 will
1975 1683 58 19 open
2051 1683 23 15 at
2089 1677 13 22 7
2118 1678 92 27 o'clock,
2228 1680 44 21 and
2287 1680 38 22 the
2340 1682 158 27 performance

1915 1702 43 21 will
1969 1709 129 16 commence
2108 1707 23 19 at
2139 1704 109 29 half-past
2256 1714 71 16 seven
2336 1709 117 28 precisely.

2216 1739 19 22 I.
2246 1740 95 28 Davies,
2353 1742 116 28 Manager.

1971 1780 102 24 Messrs.
2099 1783 152 23 HOLROYD
2276 1793 46 15 and
2348 1787 96 29 HART,

2078 1817 129 23 Notaries
2230 1819 106 27 Public,

2003 1854 37 15 *E
2070 1857 71 19 ARO,
2171 1857 240 19 WBLLINOTON.

1940 1878 133 27 September
2081 1882 21 25 4,
2113 1883 61 21 1843.

2141 1933 41 21 On
2197 1933 70 26 Sale,

1912 1961 93 49 THE
2033 1963 73 23 NEW
2130 1965 152 24 ZEALAND
2310 1968 186 29 PORTFOLIO,

1910 2014 73 12 Tv^.ii
1985 1996 27 15 CO
2005 1995 23 31 r?J
2030 1989 54 23 duct
2078 1990 37 36 M
2145 1999 14 14 v
2226 1994 16 21 s
2243 2008 6 7 -
2266 1995 18 20 c
2286 2001 103 22 h***aw,
2408 1995 89 28 (oftfae

1910 2014 88 23 Middle
2005 2016 110 29 Temple,)
2126 2018 215 25 Barrister-at-Law.

1938 2046 44 23 No.
1996 2047 48 22 I.
2044 2049 23 22 A
2083 2049 75 23 Letter
2172 2053 24 20 to
2215 2050 37 23 the
2269 2052 70 28 Right
2437 2055 61 24 Lord

1910 2074 100 28 Stanley,
2028 2076 117 28 Secretary
2164 2078 28 22 of
2207 2078 59 22 State
2286 2080 35 21 for
2339 2080 37 22 the
2396 2081 102 27 Colonial

1910 2101 156 28 Department,
2100 2104 34 21 On
2141 2104 38 22 the
2186 2104 187 26 Administration
2379 2109 27 22 of
2409 2108 87 25 Justice

1910 2128 23 21 in
1944 2128 56 22 New

1911 2188 8 1 .
1937 2161 46 23 No.
1996 2162 62 22 ll.
2059 2163 77 23 Letter
2149 2168 23 18 to
2188 2165 61 23 John
2263 2167 59 22 Abel
2338 2167 79 29 Smith,
2433 2170 62 29 Esq.,

1911 2190 69 25 M.P.,
2002 2190 47 22 *On
2059 2191 39 21 the
2104 2191 143 28 Advantages
2254 2193 72 23 which
2333 2195 73 23 would
2415 2204 80 16 accrue

1909 2218 23 18 to
1943 2215 94 28 English
2047 2217 125 27 Capitalists
2181 2220 58 21 from
2249 2219 37 23 the
2296 2222 169 25 establishment
2473 2224 26 26 of

1910 2249 12 14 a
1931 2243 61 20 Loan
2003 2244 102 27 Company
2113 2245 35 22 for
2156 2247 54 20 New
2219 2247 98 28 Zealand,
2329 2248 84 24 similar
2425 2254 23 21 to
2458 2251 37 23 the

1909 2269 129 23 Australian
2047 2271 66 23 Trust
2371 2274 3 3 '
2389 2274 3 3 '
2411 2273 2 5 '

1936 2304 44 23 No.
2092 2306 35 22 An
2139 2307 98 23 Address
2249 2311 21 19 to
2280 2308 39 25 the
2329 2309 56 25 New
2395 2311 101 25 Zealand

1908 2331 66 22 Land
1985 2332 137 28 Proprietors
2131 2334 99 23 resident
2244 2334 26 27 in.
2276 2335 37 23 the
2324 2337 86 24 United
2423 2337 73 29 King-

1908 2358 59 26 dom,
1979 2366 30 15 on
2024 2360 86 22 several
2124 2365 92 22 matters
2226 2362 26 24 of
2258 2363 137 28 importance
2405 2368 23 21 to
2438 2366 58 23 their

1934 2419 45 23 No.
1997 2420 71 23 IV.
2150 2422 38 23 the
2209 2422 114 25 Financial
2341 2426 115 23 condition
2471 2428 27 24 of

1914 2446 50 40 Jew
2108 2449 30 28 by
2147 2450 93 24 Charles
2249 2451 75 29 Terry,
2336 2452 60 30 Esq.,
2406 2454 87 26 F.R.S..

1908 2481 12 14 r
1927 2476 62 21 .S.A.

1934 2506 44 22 No.
1995 2506 28 22 V.
2054 2508 20 22 1.
2124 2508 161 24 Observations
2308 2518 30 16 on
2359 2511 137 30 facilitating

1914 2533 133 27 Emigration
2072 2537 24 19 to
2117 2535 57 23 New
2198 2536 108 28 Zealand,
2325 2538 30 28 by
2374 2546 80 15 means
2472 2541 26 22 of

1914 2560 110 22 Vloderate
2038 2561 104 28 .Charges
2157 2563 35 21 for
2211 2563 68 22 Chief
2294 2565 44 21 and
2353 2565 141 25 Fore-Cabin

2067 2588 29 22 In
2105 2596 12 14 a
2128 2589 81 23 Letter-
2216 2593 23 19 to
2249 2590 83 28 Joseph
2343 2593 84 25 Somes,
2439 2593 53 25 Esq.

1905 2614 41 21 &c.
1957 2614 41 22 &c.
2027 2615 34 28 By
2073 2615 30 22 H.
2113 2616 22 22 S.
2147 2616 123 28 Chapman.

1932 2647 21 20 2.
1995 2646 21 22 A
2028 2647 75 22 Letter
2111 2650 34 19 on'
2151 2648 105 28 Banking
2265 2649 24 22 in
2299 2648 55 25 New

1906 2671 34 28 By
1951 2672 86 23 Arthur
2046 2673 27 22 T.
2086 2674 107 28 Holroyd,
2205 2676 52 28 Esq.

1933 2706 45 22 No.
2089 2707 159 24 Observations
2261 2716 28 16 on
2299 2709 41 23 the
2348 2709 146 32 Advantages

1905 2732 27 22 of
1943 2740 14 14 a
1974 2732 185 29 Representative
2175 2736 121 28 Assembly
2310 2737 36 23 for
2363 2738 62 22 New
2436 2739 58 23 Zea-

2014 2774 3 3 .

1933 2786 99 24 General
2044 2788 48 23 title
2102 2788 46 23 and
2155 2789 153 24 introduction
2319 2794 22 18 to
2350 2791 41 23 the
2399 2792 81 23 Series.

2095 2828 68 15 PRICE
2181 2829 119 16 SIXPENCE.

1932 2850 88 21 Gazette
2030 2850 79 28 Office,
2121 2853 68 27 Sept.,
2202 2854 61 21 1843.

1903 2900 73 49 (\N
1992 2901 79 22 SALE
2085 2905 24 18 at
2127 2901 38 22 the
2185 2902 71 23 Office
2277 2904 23 22 of
2318 2904 44 23 this
2380 2912 71 20 paper
2456 2909 38 20 :-^

1930 2924 21 25 /
1981 2927 64 27 Keys
2054 2928 26 21 of
2087 2928 38 21 the
2134 2928 71 23 Town
2214 2930 28 21 of
2247 2929 56 23 New
2313 2930 129 30 Plymoutn,

1930 2953 68 23 Plans
2008 2954 25 22 of
2041 2955 100 28 Country
2150 2955 68 23 Land
2226 2956 74 23 round
2312 2957 144 28 Wellington,
2466 2961 25 24 io
2515 2967 6 10 <

1901 2986 59 21 case,
2322 2996 7 3 -
2472 2982 17 20 7

1929 3007 69 22 Plans
2009 3007 26 22 of
2041 3007 93 28 Nelson,
2144 3009 24 22 in
2179 3016 60 20 case,
2449 3017 14 11 <
2478 3028 9 5 ,

1928 3034 81 27 Copies
2025 3034 27 22 of
2063 3035 40 22 the
2118 3035 56 22 New
2194 3036 100 23 Zealand
2308 3037 103 29 Journal,
2428 3041 72 22 1842U

1899 3061 120 26 complete,
2030 3061 83 28 bound,

1928 3087 135 28 Chapman's
2074 3089 114 27 Portfolio,
2198 3090 87 28 bound,

1927 3113 75 23 Prints
2009 3116 23 20 of
2039 3115 92 28 Nelson,

1927 3141 75 22 Prints
2012 3142 26 21 of
2042 3141 141 29 Wellington,

1927 3167 68 23 Plans
2005 3168 26 21 of
2037 3168 84 23 Nelson
2131 3170 23 22 in
2165 3168 86 30 Sheets,

1927 3192 69 25 Plans
2005 3195 27 22 of
2037 3193 99 30 Country
2146 3194 66 25 Land
2222 3201 25 18 at
2258 3198 151 30 Wellington,'

1926 3221 69 23 Plans
2004 3222 25 22 of
2037 3222 40 29 the,
2084 3223 67 22 Town
2162 3224 26 23 of
2195 3224 57 24 New
2262 3224 129 30 PlyniQuth-

1925 3256 132 28 September
2066 3257 33 27 19,
2110 3258 62 23 1843.

1886 3288 2 28 [
1998 3304 40 22 To
2068 3304 87 24 Cover
2183 3306 58 23 this
2268 3295 135 43 ****

2099 3341 32 22 At
2143 3341 136 28 Wellington,

1896 3372 94 50 THE
2041 3369 280 33 THOROUGHBRED
2376 3379 106 24 HORSE

2102 3402 227 28 WANDERER,

1895 3426 39 28 tlje
1943 3430 106 26 property
2059 3428 28 25 pf
2091 3428 86 26 Eobert
2186 3430 105 28 Jenkins..

1886 3479 2 6 ,
1921 3461 127 23 Wanderer
2055 3469 46 15 was
2108 3466 40 24 got
2156 3463 31 28 by
2197 3464 82 27 Young
2288 3464 130 30 Wanderer,
2425 3466 57 24 bred

1894 3487 31 28 by
1941 3488 62 23 Lord
2021 3489 127 28 Egremont,
2169 3490 48 23 and
2233 3492 109 26 imported
2359 3492 48 23 into
2428 3493 52 27 Van

1894 3515 112 22 Dieraens
2023 3516 68 23 Land
2107 3517 30 27 by
2158 3517 79 23 James
2258 3518 87 29 Henty,
2371 3515 74 33 Em./
2456 3522 28 22 of

1894 3540 151 25 Launceston.
2378 3544 10 4 ~

1920 3569 63 22 Dam
1997 3577 13 15 a
2019 3570 69 23 blood
2103 3577 61 16 mare
2172 3570 32 28 by.
2212 3570 67 23 Peter
2294 3570 68 29 Finn,
2371 3576 42 20 out
2426 3574 29 23 of
2464 3583 15 15 a

1893 3596 67 23 blood
1971 3604 61 16 mare
2042 3597 148 27 bjj.B^Jliyar.

1886 3632 2 14 r
1920 3623 281 31 Bomv.ar..wajyported
2218 3623 29 35 by
2256 3623 38 26 the
2300 3624 55 25 .Van
2369 3625 110 30 pjemjns

1886 3657 2 18 t
1892 3652 67 21 Land
1978 3652 127 31 Company,,
2120 3652 51 26 a^d
2183 3657 20 15 m
2221 3652 38 21 the
2277 3659 46 25 sjr^.
2339 3652 27 32 o|
2384 3653 95 30 Dongl4

1892 3675 76 29 Caird
1984 3677 52 23 Yon
2053 3677 90 28 Trump,
2158 3675 45 24 and
2212 3677 65 23 other
2293 3675 186 35 wimuiyjljoira^

1892 3704 80 23 onthe
1980 3704 53 26 Van
2042 3704 106 28 Djeinaiu
2159 3703 127 24 Land.turL

1918 3729 50 33 qfh>
1976 3734 125 26 proprietor
2108 3731 75 22 deems
2199 3733 19 20 rt
2225 3738 149 24 unnecessary
2381 3736 31 26 &,
2421 3735 57 29 offer,

1892 3762 126 26 cp^njnen.t*
2025 3765 25 16 as
2061 3757 80 29 judges
2150 3757 28 25 of
2185 3757 83 24 'horses
2281 3757 46 30 w.#
2340 3756 139 35 at/onqe/foi

1891 3786 129 26 convinced,
2035 3785 50 22 that
2102 3785 35 26 bis,
2153 3785 81 32 bloody
2249 3785 64 27 bone,
2329 3786 44 28 and.
2393 3788 86 23 beaufa

1891 3811 93 24 reaches
1992 3819 80 14 nearer
2081 3811 119 26 perfection
2211 3811 55 29 tbjift
2275 3811 205 33 thatqfjany'qt&ejc

1891 3838 66 23 horse
1966 3839 24 22 in
2000 3838 44 22 this
2054 3837 92 28 Colony.
2371 3839 4 3 '
2400 3856 2 5 ,
2422 3840 3 4 '

1918 3926 131 26 tfcvember
2058 3926 53 28 VMS
2111 3926 53 28 43.
2389 3918 25 39 .}
2446 3942 33 15 :

213 687 56 22 For
282 686 116 23 London
414 686 95 23 direct.
591 695 10 14 *

131 725 55 18 mJCT
244 719 93 24 rriHE
360 720 45 22 fine
429 721 44 21 fust
496 720 81 27 sailing
605 722 50 25 brig

110 738 103 41 H_K
251 746 29 24 A
363 748 207 25 VICTORIA,

99 773 134 37 pSb'
255 776 42 20 300
312 778 55 22 tons,
384 775 94 22 Sinclair
506 781 87 22 master,
610 776 44 22 will

88 797 145 34 JmuP^
256 803 41 22 sail
307 803 35 22 for
357 803 92 21 London
461 810 30 14 on
506 811 26 14 or
541 804 69 21 about
617 803 37 22 the

78 827 159 39 C5200P
238 848 4 12 ;
247 858 5 2 -
257 837 9 20 *
268 839 23 18 at
309 834 132 28 December,
461 836 84 27 having
564 836 30 22 all
615 836 42 25 her

260 862 58 22 dead
334 862 80 28 weight
429 863 117 27 engaged;
561 863 40 22 she
615 863 41 22 has

69 895 63 17 room
142 890 54 27 only
207 890 34 22 for
252 898 14 14 a
276 890 40 21 few
326 895 50 16 tons
386 890 25 21 of
417 888 57 28 light
483 890 76 27 goods.

96 920 45 23 For
160 929 101 21 passage,
276 921 83 28 having
377 928 53 21 very
448 923 101 27 superior
568 928 88 16 accom-

66 948 124 28 modation,
202 949 67 28 apply
281 952 23 18 to

384 974 84 23 Waitt
482 975 46 22 and
541 975 85 23 Tyser.

97 1008 150 28 Wellington,.
255 1009 51 22 Oct.
316 1010 34 26 13,
362 1010 60 21 1843.

264 1062 53 21 For
332 1062 125 24 London,

181 1096 29 20 To
228 1097 45 19 tail
288 1102 27 14 on
335 1096 35 20 the
384 1096 38 20 bth
436 1096 105 26 proximo,

227 1130 46 26 T*
290 1128 58 23 HE
436 1128 45 23 fine
568 1130 86 24 barque

102 1149 96 31 JfeGL
234 1152 30 24 X
335 1156 254 26 INDEMNITY,

240 1181 28 22 R*
293 1181 115 27 Sedgwick
437 1182 150 27 commander,
611 1184 43 20 312

68 1203 153 34 hJSHHMC
240 1211 56 28 tpns,
316 1207 40 24 has
374 1208 104 26 splendid
499 1209 154 22 accommoda-

240 1235 59 21 tions
307 1234 36 23 for
353 1241 137 20 passengers.

269 1265 44 23 For
321 1265 83 28 freight
414 1273 24 17 or
446 1274 100 21 passage,
554 1267 65 28 apply
629 1269 23 19 to

285 1300 131 27 RIDOWAYS,
428 1300 107 28 GUYTON,
551 1302 19 21 &
586 1301 36 22 Co.

95 1326 145 34 Weflington,
252 1333 130 23 November
389 1335 21 26 3,
423 1335 60 21 1843.

209 1379 54 20 For
277 1379 117 21 London
410 1378 96 27 direct,

78 1407 87 35 ^IfcS-f
165 1418 9 16 1
174 1431 7 11 !
220 1416 45 26 HP
271 1415 41 23 HE
331 1415 45 22 fine
397 1415 43 22 fast
463 1416 81 26 sailing
567 1417 83 25 barque

227 1439 29 25 X
353 1443 111 21 GLEN
472 1445 90 24 ARM,

233 1469 22 21 A
276 1471 18 24 1,
314 1470 42 21 300
376 1474 57 22 tons,
459 1469 33 23 H.
513 1470 53 27 Guy
589 1479 63 14 com-

68 1493 149 33 ajjgggg
233 1496 94 22 mander
334 1503 5 18 ;
354 1495 40 23 has
403 1496 107 22 first-rate
525 1504 126 15 accommo-

233 1522 76 32 datjon
328 1524 36 20 for
381 1530 137 24 passengers,
539 1524 46 24 and
605 1525 45 22 will

231 1549 118 28 positively
359 1549 41 22 sail
410 1549 44 22 this
466 1551 84 21 month.

92 1575 44 22 For
149 1575 84 28 freight
243 1583 26 15 or
283 1583 99 21 passage,
394 1576 65 28 apply
474 1580 23 18 to
508 1577 36 22 the
555 1577 94 28 Captain

66 1609 28 15 on
104 1602 75 27 board,
191 1609 24 15 or
226 1606 22 18 to

306 1629 23 23 J.
346 1629 123 23 Boulcott
484 1631 20 21 &
519 1631 48 24 Co.,

423 1656 114 23 Lambton
547 1657 74 28 Quay.

91 1682 97 22 October
196 1683 20 26 6,
229 1683 63 22 1842.

90 1713 56 23 N.B.
149 1713 75 22 The
242 1714 93 28 Captain
346 1714 44 23 will
407 1718 39 19 not
464 1715 29 22 be
512 1716 136 28 responsible

64 1740 33 23 for
107 1747 43 21 any
161 1740 64 23 debts
234 1741 130 22 contracted
372 1742 30 27 by
414 1742 36 22 the
462 1750 66 15 crew.

110 1784 193 26 PASSAGE
331 1786 50 23 TO
409 1786 187 24 LONDON.

204 1820 53 22 For
272 1820 117 22 London
404 1820 97 23 direct.

72 1854 100 35 -^I_2^,
211 1860 93 23 rFIHE
328 1860 44 23 fine
393 1861 44 22 fast
455 1862 82 27 sailing
560 1862 84 27 barque

85 1881 106 32 Jggk
217 1886 31 25 X
284 1886 10 9 "'
367 1889 166 25 TVRIAN,

64 1909 141 40 <^S|
222 1915 42 21 225
274 1918 52 19 tons
335 1915 98 27 register,
450 1916 87 22 Robert
548 1917 95 26 August.

61 1937 146 37 ___HH____p
227 1941 109 22 Clarkson
347 1942 150 26 commander,
509 1943 39 21 has
563 1944 29 20 all
605 1944 40 21 her

35 1977 3 3 -
54 1964 187 27 '^BMM^^~*"
241 1975 7 10 l
247 1968 158 25 *#o-enggff<l,
414 1968 44 19 and
471 1968 43 20 will
526 1969 117 25 positively

222 1990 29 22 be
261 1991 134 28 d2Bpatcned
406 2000 27 13 on
445 1992 40 22 the
496 1993 39 22 6'h
546 1994 97 21 Decem-

60 2017 44 23 ber.
132 2017 42 23 For
183 2017 65 23 cabin
267 2024 99 21 passage,
376 2018 67 28 apply
455 2022 24 18 to
497 2020 37 23 the
549 2020 93 27 Captain

60 2052 27 15 on
97 2044 75 28 board,
184 2052 26 15 or
219 2048 24 19 to

347 2071 94 23 Samuel
457 2071 46 23 and
517 2072 97 23 Joseph.

85 2097 127 23 November
220 2099 35 24 21,
268 2099 61 22 1843.

59 2144 52 21 For
130 2144 112 25 Kelson,
257 2144 108 21 Hobart
382 2144 97 25 Town,
495 2145 55 21 and
568 2146 74 21 Ade-

307 2170 82 23 laide.

99 2201 71 35 %_
187 2201 16 35 L
221 2208 93 28 rjIHE
361 2208 48 21 first
457 2207 59 23 class
569 2208 74 23 vessel

88 2228 113 41 jjgjfj^v
228 2234 29 23 A
316 2234 121 21 JOSEPH
461 2236 122 26 ALBINO,

80 2256 132 39 jjf^fsy
234 2262 93 27 Captain
346 2261 84 25 Finnis,
441 2262 44 21 will
495 2262 40 22 sail
553 2264 34 20 for
603 2262 38 23 the

62 2284 155 38 JBCmm^L
233 2288 28 22 a^
263 2296 41 14 ove
321 2292 60 24 ports
396 2295 28 16 on
440 2288 148 29 Wednesday,
603 2289 38 23 the

62 2311 155 30 C555E3P
233 2315 52 22 29th
294 2315 49 24 inf.
356 2342 5 5 a
371 2315 44 22 For
423 2315 83 27 freight
516 2323 24 15 or
547 2323 93 21 passage

229 2342 61 28 early
300 2342 137 28 application
446 2342 20 23 is
482 2350 123 21 necessary,
618 2347 22 18 to

57 2367 90 29 Captain
158 2368 78 25 Finnis
246 2376 28 15 on
284 2369 77 27 board,
372 2376 24 15 or
403 2373 23 18 to

367 2401 83 23 Waitt
466 2401 44 22 and
526 2403 85 22 Tyser.

81 2433 54 22 This
144 2434 71 22 vessel
226 2434 46 22 will
281 2434 44 23 call
334 2438 24 19 at
369 2434 76 28 Kapiti
456 2435 22 22 if
485 2436 111 22 sufficient
605 2436 35 23 in-

57 2459 115 23 ducement
182 2461 61 22 offer.

81 2487 127 22 November
217 2490 35 24 24,
262 2490 63 21 -1843.

55 2531 52 21 For
120 2532 147 22 Auckland
277 2534 55 22 and
346 2534 45 21 the
405 2534 59 26 Bay
474 2534 33 22 of
517 2534 119 22 Islands.

61 2559 100 46 "'j2h
206 2570 91 35 rpHE
321 2570 108 23 schooner
454 2572 182 27 COLUMBINE,

72 2593 118 38 tWf*~fciV
309 2601 57 23 tons>
378 2598 97 22 Stratton
492 2602 89 23 master,
592 2600 46 21 will

218 2631 25 14 8&
243 2623 16 22 il
269 2624 23 21 f
294 2631 10 14 r
314 2624 38 22 the
365 2624 69 22 above
444 2629 62 27 ports
521 2633 28 14 on
567 2626 71 22 Tues-

53 2653 147 32 6E__S_k
218 2650 45 28 day
274 2655 62 18 next.
365 2650 43 23 For
418 2651 82 27 freight
511 2659 25 15 or
544 2659 93 21 passage

218 2678 68 27 apply
296 2681 23 19 to
329 2676 38 23 the
377 2678 93 28 Captain
482 2685 29 16 on
521 2679 77 23 board.

78 2709 129 23 November
215 2711 35 25 24,
263 2710 60 22 1843.

196 2756 54 21 For
265 2755 109 26 Sydney
391 2755 96 26 direct,

53 2788 27 20 Or
85 2789 22 20 to
116 2795 42 20 any
165 2790 59 20 other
234 2789 56 21 Port
299 2788 24 26 if
328 2790 101 25 sufficient
437 2789 131 23 inducement
575 2791 60 27 offer,

203 2822 92 28 rfIHE
319 2822 46 23 fine
388 2822 43 22 fast
452 2823 85 26 sailing
563 2828 74 19 cutter

83 2845 95 26 teGL
209 2847 30 24 X
314 2850 127 21 ROVER'S
468 2851 101 25 BRIDE,

54 2878 147 36 /_3l_____A
215 2883 19 14 W
235 2875 25 23 *H
278 2876 41 27 Ba^
334 2883 6 15 *
342 2883 14 16 Q
372 2880 38 18 tne
426 2884 38 15 Col
464 2884 42 17 irse
522 2878 26 22 of
563 2886 15 14 a
592 2878 43 23 few

242 2939 45 23 For
295 2939 84 28 freight
388 2946 26 16 or
421 2946 101 23 passage,
534 2941 67 29 apply
611 2946 24 18 to

214 2966 46 23 Mr.
269 2966 94 23 Hanson
370 2974 141 22 Eupercargo,
520 2976 28 15 on
556 2969 78 27 board,
639 2984 6 4 -

49 2997 23 16 or
81 2993 23 20 to
449 2994 6 3 '

344 3020 36 22 W.
392 3021 25 21 B.
429 3021 98 24 Rhodes
536 3022 21 23 &
566 3023 40 23 Co.

71 3049 56 22 Port
135 3049 134 26 Nicholson,
279 3051 129 24 November
418 3053 33 26 18,
462 3054 63 22 1843.

264 3103 152 22 NOTICE.
567 3096 3 3 '

44 3134 128 29 Meeting
192 3136 30 20 of
240 3136 123 22 Justices
377 3137 43 21 for
436 3137 47 23 the
505 3140 129 25 Transfer

161 3162 32 21 of
204 3162 159 23 Publican's
376 3164 140 23 Licences.

43 3195 50 49 A
109 3195 132 23 SPECIAL
256 3196 148 23 MEETING
415 3198 26 22 of
453 3198 39 23 the
502 3200 96 25 Justices
608 3202 28 21 of
660 3194 2 8 '

121 3222 39 23 the
175 3223 73 22 Peace
262 3223 35 22 for
307 3223 38 23 the
361 3224 67 23 Town
438 3226 47 21 and
501 3226 94 24 District
608 3229 28 21 of
660 3229 2 5 '

43 3247 54 24 Port
113 3249 133 27 Nicholson,
264 3250 46 24 will
327 3251 27 22 be
368 3251 82 24 holden
465 3256 25 19 at
502 3254 39 22 the
556 3254 75 24 Police
660 3266 2 13 i

43 3275 78 28 OflSce,
132 3276 148 28 Wellington,
290 3285 28 16 on
333 3277 38 26 the
381 3278 47 25 first
443 3280 108 28 Tuesday
558 3282 24 22 in
593 3282 38 25 the

43 3301 78 24 month
137 3304 26 22 of
177 3304 129 24 December
319 3309 64 23 next,
397 3305 34 25 for
445 3306 41 23 the
504 3308 94 24 transfer
606 3310 28 22 of

43 3328 127 25 Publican's
184 3330 109 24 Licences
304 3332 37 24 for
354 3332 40 23 the
408 3333 47 24 sale
466 3334 27 23 of
507 3335 123 28 Spirituous

43 3355 101 28 Liquors,
163 3357 72 27 Wine,
247 3358 51 28 Ale,
316 3359 47 22 and
378 3359 65 27 Beer,
452 3360 25 23 in
490 3362 138 24 accordance

43 3383 50 21 with
108 3383 38 23 the
163 3385 125 27 provisions
304 3386 27 22 of
347 3386 37 23 the
403 3387 130 24 Ordinance
543 3390 14 21 5
568 3389 59 23 Viet.

43 3407 87 26 Session
139 3412 21 26 2,
171 3411 44 22 No.
227 3411 58 24 XII.

230 3445 97 26 Alfrep
341 3446 29 23 R.
386 3447 125 30 Ghetha.p,

339 3480 64 23 Clerk
413 3482 27 22 of
445 3482 68 29 Petty
519 3484 108 24 Sessions.

66 3509 75 23 Police
152 3511 78 28 Office,
240 3511 146 30 Wellington,
660 3510 2 27 I

107 3537 129 24 November
246 3540 20 24 1,
278 3538 62 27 J843.
659 3553 2 21 (

277 3583 108 23 Notice.
476 3587 11 5 '
523 3586 40 19 R*.

42 3612 89 39 rpHE
143 3614 230 26 UNDERSIGNED
387 3618 66 29 being
461 3621 71 23 about
541 3626 23 18 to
573 3630 50 21 pro.

48 3643 26 19 A
98 3643 55 20 ceed
163 3646 22 18 to
194 3643 107 27 England
316 3644 30 27 by
355 3644 38 24 the
407 3646 48 25 first
473 3651 149 25 opportunity,

40 3667 41 24 and
90 3674 25 16 as
123 3668 29 22 he
161 3671 91 24 intends
261 3670 118 29 returning
394 3675 23 22 to
430 3673 140 30 Wellington
581 3677 41 23 im-

40 3695 124 27 mediately,
179 3696 45 25 will
238 3696 30 26 be
285 3697 73 32 happy
373 3703 23 21 to
410 3704 99 23 transact
523 3703 99 24 business

38 3718 33 21 for
79 3727 44 21 any
132 3723 81 26 parties
221 3724 52 22 that
285 3732 53 25 may
346 3725 81 25 favour
443 3727 48 24 him
501 3730 53 23 with
565 3731 58 22 their
655 3739 6 3 -

38 3748 147 23 instructions.
576 3754 5 3 '
603 3754 4 4 '
653 3753 8 20 C

38 3800 12 14 T
325 3778 112 29 William
447 3782 144 25 Bannister.

38 3805 106 21 Aiambton
154 3806 72 29 Quay,
237 3809 130 23 November
376 3812 20 26 7,
403 3814 65 24 ,1843.
654 3807 7 26 i

40 3879 41 27 V
260 3882 72 29 office,
342 3884 56 23 J>ec.
407 3886 21 22 4.

59 3901 72 29 Sugar
138 3909 84 27 papers,

1509 691 39 27 5
1562 696 126 23 Reward.

1306 726 49 50 A
1369 726 138 24 REWARD
1523 728 26 22 of
1564 729 40 24 ff
1618 730 45 21 will
1683 730 30 22 be
1727 731 69 27 given
1811 731 34 23 for
1854 731 38 23 the

1383 754 116 29 discovery
1509 756 27 20 of
1546 755 40 22 the-
1600 763 93 19 persons
1703 757 48 21 who
1767 764 38 16 are
1818 759 22 21 in
1854 759 38 22 the

1306 779 61 22 habit
1384 780 26 23 of
1424 781 94 28 stealing
1528 782 56 22 from
1601 782 39 22 the
1656 783 57 22 back
1722 784 27 21 of
1761 784 38 22 the
1808 785 84 26 garden

1304 805 29 23 of
1341 807 36 22 the
1388 808 156 28 undersigned,
1555 810 22 20 in
1592 809 99 28 Murphy
1701 811 80 21 Street.

1628 843 26 21 T.
1671 843 32 22 M.
1719 843 144 27 Partridge.

1330 867 129 23 November
1470 869 32 25 15,
1515 869 61 21 1843.

1451 913 170 27 Strawberry
1635 914 104 22 Plants.

1303 941 92 37 rpHE
1409 943 157 28 undersigned,
1576 945 84 27 having
1670 952 13 15 a
1693 945 60 28 large
1764 947 98 24 number
1867 947 26 23 of

1310 967 29 25 X
1376 970 38 22 the
1425 970 67 22 finest
1501 971 136 28 Strawberry
1648 972 82 27 Plants,
1739 974 46 22 and
1797 974 93 27 wishing

1302 999 23 17 to
1339 1003 125 21 encourage
1481 997 36 23 the
1534 998 133 28 production
1683 999 26 21 of
1725 1000 60 27 fruit,
1802 1001 45 21 will
1863 1001 26 21 be

1302 1021 72 29 happy
1386 1029 22 15 to
1423 1025 51 25 give
1490 1024 75 22 orders
1577 1025 34 21 for
1625 1025 39 21 the
1678 1026 108 28 delivery,
1797 1034 92 20 gratis,

1302 1055 29 15 on
1342 1047 38 25 the
1390 1050 67 27 Hutt,
1469 1055 23 17 to
1501 1058 14 14 a
1529 1051 87 22 limited
1631 1056 79 18 extent
1719 1057 23 17 to
1751 1053 58 23 each
1820 1054 70 25 appli-

1302 1080 58 18 cant.

1491 1104 71 22 Chas.
1577 1105 27 22 E.
1619 1104 52 23 Yon
1687 1106 119 26 Alzdorf,

1302 1158 112 6 __^
1667 1132 110 22 Lambton
1788 1134 73 27 Quay.

1301 1175 184 49 WANTED,
1516 1183 14 15 a
1551 1177 44 22 few
1624 1180 77 24 expert
1727 1178 70 22 Irish
1824 1178 65 23 Flax

1397 1201 127 23 Dressebs.

1621 1230 27 22 T.
1664 1229 34 23 M.
1714 1230 146 23 Partridge.

1328 1252 31 24 Te
1369 1255 55 26 Aro,
1436 1255 98 22 October
1543 1257 34 25 31,
1591 1257 63 21 1843.

1551 1301 93 21 Seeds.

1300 1333 50 49 A
1365 1331 87 25 VERY
1468 1333 158 23 SUPERIOR
1641 1335 43 22 and
1695 1335 103 23 valuable
1808 1340 81 19 assort-

1378 1364 64 18 ment
1458 1361 27 21 of
1500 1361 60 22 fresh
1577 1362 70 22 Seeds
1662 1363 48 26 just
1723 1364 110 27 received,
1851 1364 37 23 the

1299 1385 47 21 first
1363 1387 26 21 of
1405 1394 13 14 a
1434 1387 89 26 regular
1538 1389 88 27 supply,
1637 1396 48 15 now
1702 1397 28 14 on
1748 1391 47 21 sale
1810 1395 23 18 at
1851 1391 37 23 the

1300 1411 69 24 Office
1389 1413 27 21 of
1433 1413 42 23 this
1496 1415 69 28 Paper
1585 1415 30 28 by
1631 1416 38 22 the
1689 1417 158 28 undersigned,
1863 1418 23 23 in

1287 1439 132 28 .quantities
1430 1445 22 17 to
1462 1441 43 22 suit
1514 1441 133 28 purchasers
1655 1450 6 14 :

1327 1471 54 24 Fine
1391 1474 53 22 seed
1454 1482 59 20 peas,
1525 1483 66 14 seven
1602 1477 111 27 varieties,

1327 1498 41 23 Do.
1398 1500 37 23 do.
1466 1502 68 22 broad
1544 1502 77 28 beans,
1633 1504 62 22 three
1704 1505 114 27 varieties,

1326 1526 41 23 Do.
1398 1527 37 23 do.
1463 1528 65 22 horse
1537 1528 79 28 beans,

1325 1552 43 24 Do.
1398 1554 35 22 do.
1461 1555 81 22 scarlet
1550 1563 95 15 runners
1655 1557 46 22 and
1711 1556 88 24 French
1808 1558 76 28 beans,

1325 1579 42 23 Do.
1397 1581 36 22 do.
1463 1582 75 27 spring
1548 1582 80 28 wheat,
1642 1588 64 22 tares,
1717 1584 46 22 and
1774 1589 56 24 oats,

1325 1606 82 23 Round
1417 1608 47 22 and
1474 1609 84 27 prickly
1566 1610 100 26 spinach,

1325 1632 63 28 Long
1398 1634 80 23 scarlet
1488 1636 43 21 and
1542 1637 75 27 turnip
1628 1637 82 27 radish,

1325 1658 113 30 Rhubard,
1451 1662 66 22 white
1533 1663 46 22 and
1595 1663 42 22 red
1654 1664 50 22 beet
1718 1665 45 22 and
1778 1666 106 27 mangold

1297 1688 98 27 wuitzel,

1325 1714 123 28 Carraway,
1461 1715 45 23 Dill
1517 1716 45 23 and
1571 1717 95 27 Burnet,

1324 1741 41 22 Sea
1375 1742 56 24 cale,
1443 1750 126 20 asparagus,
1581 1748 82 23 carrot,
1673 1745 45 22 and
1730 1747 98 28 parsnip,

1324 1768 93 28 English
1428 1767 50 25 leek
1489 1770 45 22 and
1543 1771 76 25 onion,
1631 1772 94 27 Spanish
1738 1773 36 21 do.

1324 1794 123 28 Vegetable
1464 1804 94 15 marrow
1572 1798 45 22 and
1628 1798 54 28 long
1695 1799 88 28 prickly
1791 1808 92 15 cucum-

1296 1821 45 27 ber,

1323 1848 145 28 Cauliflower,
1478 1850 88 28 endive,
1576 1851 47 22 and
1637 1852 81 27 celery,

1322 1873 118 30 Virginnia
1457 1878 99 26 tobacco,
1570 1879 154 27 mignionette,
1743 1879 47 24 and
1814 1885 68 18 sweet

1294 1909 58 20 peas,

1322 1929 36 22 All
1368 1934 58 19 sorts
1437 1930 26 22 of
1469 1930 84 27 garden
1564 1931 46 22 and
1620 1932 53 22 field
1683 1932 105 29 cabbage,

1316 1955 49 33 4}'
1476 1957 35 22 do.
1595 1958 38 22 do.
1690 1960 79 27 turnip,

1320 1981 38 22 All
1367 1984 57 20 sorts
1433 1983 26 21 of
1465 1982 90 28 lettuce,
1565 1984 72 26 salad;
1648 1985 46 21 and
1705 1986 93 27 brucoli,

1320 2008 38 21 All
1367 2012 57 18 sorts
1434 2010 27 21 of
1466 2009 75 28 lupins
1550 2010 46 22 and
1604 2012 152 27 nasturtiums,

1320 2034 37 22 All
1368 2039 58 18 sorts
1435 2036 26 21 of
1468 2040 68 18 sweet
1546 2036 74 28 herbs,

1320 2061 49 22 One
1379 2060 103 24 hundred
1492 2062 76 23 choice
1579 2064 91 22 varities
1682 2065 27 21 of
1721 2065 77 23 flower
1806 2066 71 29 seeds,

1320 2088 21 22 A
1351 2095 54 19 very
1419 2089 103 22 valuable
1539 2095 132 18 assortment
1685 2092 28 21 of
1724 2092 60 22 fresh
1802 2093 76 23 choice

1292 2121 82 19 grasses
1384 2116 36 21 for
1428 2117 148 25 gentlemen's
1590 2118 71 22 lawns
1676 2119 44 22 and
1734 2120 144 27 agricultural

1292 2147 111 22 purposes,

1319 2168 110 28 Cabbage,
1459 2170 91 27 brocoli,
1578 2171 107 27 rhubard,
1716 2172 74 28 onion,
1819 2173 58 29 leek,

1290 2194 81 23 lettuce
1391 2196 80 28 plants,
1490 2198 49 26 &c,
1558 2205 52 14 now
1630 2199 69 27 ready
1718 2203 21 18 to
1758 2200 29 22 be
1806 2204 72 20 trans-

1289 2221 98 28 planted,
1399 2222 72 24 raised
1482 2224 55 23 from
1547 2225 98 29 samples
1656 2227 26 21 of
1691 2226 62 22 these
1763 2227 72 23 seeds.

1703 2260 34 23 W.
1754 2260 95 25 Moody.

1318 2283 98 23 October
1424 2285 21 26 6,
1458 2286 62 21 1843.

1454 2330 90 22 Beach
1562 2331 146 29 Frontage.

1291 2363 64 47 TO
1370 2363 40 22 BE
1425 2363 65 28 LET,
1505 2365 71 22 beach
1585 2365 103 27 frontage
1703 2367 41 22 lots
1755 2368 24 21 in
1790 2372 85 19 section

1360 2391 43 21 490
1412 2398 29 14 on
1457 2390 39 22 the
1506 2391 55 23 Plan
1572 2393 27 21 of
1606 2392 39 22 the
1654 2393 67 22 Town
1735 2395 27 21 of
1768 2394 107 28 Welling-

1288 2419 45 21 ton,
1344 2417 116 27 adjoining
1470 2418 42 22 Mr.
1521 2418 90 23 Taine's
1617 2422 70 25 store;
1702 2421 44 22 and
1755 2421 24 22 in
1790 2422 83 23 section

1287 2444 46 23 616,
1342 2443 99 23 between
1451 2445 75 28 Major
1534 2445 92 23 Baker's
1636 2446 44 23 and
1689 2447 43 23 Mr.
1740 2448 134 26 Swainson's

1288 2468 85 24 houses.

1314 2501 53 23 Also
1379 2502 37 22 the
1424 2502 115 30 following
1547 2504 98 23 sections
1655 2513 29 15 on
1694 2506 38 23 the
1739 2506 56 24 Plan
1804 2508 27 22 of
1837 2508 36 23 the

1290 2542 11 8 *
1306 2535 56 20 own,
1372 2529 77 22 viz:

1387 2561 28 21 55
1550 2563 43 21 319
1742 2567 42 21 922

1374 2588 43 21 240
1551 2589 41 23 718
1731 2593 53 22 1079

1312 2614 75 28 Apply
1402 2618 22 18 to

1463 2642 24 22 E.
1503 2642 22 22 J.
1541 2642 151 28 Wakefield,
1708 2652 24 16 or

1461 2673 35 21 W.
1511 2674 29 22 V.
1555 2675 109 27 Brewer,
1680 2677 108 22 Manners
1788 2690 10 12 r
1800 2682 74 20 treet.

1471 2719 35 22 W.
1524 2720 32 22 M.
1572 2720 108 28 SMITH,

1285 2762 56 16 LATE
1352 2763 237 17 SUttVEVOR-OENERAL
1600 2766 29 14 TO
1641 2767 45 14 THE
1702 2767 49 15 NEW
1767 2768 104 16 ZEALAND

1519 2792 116 20 COMPANY,

1304 2821 149 26 .Surveyor,
1468 2822 212 28 Draughtsman,
1696 2826 53 21 and
1764 2826 78 22 Land

1527 2851 103 27 Agent,

1282 2882 177 29 Tinakori-road,
1471 2885 100 29 January
1583 2889 22 25 4,
1618 2889 62 21 1843.

1507 2932 54 21 For
1574 2933 73 24 Sale,

1283 2962 91 37 qiHE
1389 2963 145 24 COTTAGE
1548 2965 96 23 situated
1654 2967 23 22 in
1694 2968 101 22 Oriental
1812 2969 58 29 Bay,

1289 2989 32 24 X
1355 2989 45 23 and
1415 2990 69 29 lately
1493 2992 107 28 occupied
1614 2993 31 27 by
1655 2994 37 22 the
1709 2995 159 28 undersigned.

1282 3017 21 21 A
1316 3016 54 27 long
1388 3016 60 24 lease
1466 3018 26 22 of
1508 3017 38 23 the
1560 3019 85 23 section
1660 3028 58 21 upon
1736 3022 75 23 which
1831 3023 37 22 the

1282 3043 67 23 house
1358 3043 77 23 stands
1445 3045 80 26 will.be
1534 3046 104 27 granted.

1306 3069 68 23 Town
1385 3069 55 23 land
1449 3071 45 23 will
1503 3072 27 22 be
1539 3072 68 23 taken
1617 3073 24 22 in
1651 3074 120 29 exchange.

1306 3097 44 22 For
1358 3097 85 23 further
1451 3099 135 27 particulars,
1598 3101 68 26 apply
1675 3104 24 19 to

1600 3127 99 22 George
1713 3128 89 28 Duffa,
1816 3136 26 17 or

1600 3153 36 22 W.
1653 3154 28 22 V.
1694 3154 105 27 BgEWER

1279 3196 39 22 To
1333 3198 164 21 Gentlemen
1510 3200 149 28 intending
1672 3202 29 21 to
1717 3204 76 19 enter
1806 3203 59 21 into

1303 3224 45 21 the
1376 3225 145 26 profitable
1548 3228 110 25 pursuit
1687 3228 31 22 of
1743 3230 124 27 Grazing

1303 3251 55 22 and
1378 3252 138 28 Breeding
1534 3254 94 25 Stock,
1650 3254 42 22 for
1711 3256 90 22 which
1821 3258 47 21 the

1303 3278 89 22 fertile
1412 3278 111 23 Islands
1544 3280 30 23 of
1591 3281 70 22 New
1677 3282 123 24 Zealand
1819 3289 46 20 are

1302 3310 33 16 so
1349 3306 152 28 peculiarly
1515 3308 128 26 adapted.

1277 3331 91 50 THE
1379 3332 153 28 undersigned
1541 3334 43 28 beg
1593 3338 24 18 to
1624 3334 83 23 inform
1717 3334 59 24 their
1779 3336 86 23 friends

1346 3358 46 24 and
1408 3359 38 24 the
1461 3360 75 31 public
1551 3360 123 28 generally,
1691 3361 47 23 that
1754 3362 55 28 they
1819 3363 46 23 will

1276 3388 99 20 contract
1399 3386 36 22 for
1453 3384 40 30 the,
1515 3386 101 29 delivery
1641 3388 26 22 of
1687 3388 38 22 the
1748 3389 117 29 following

1276 3411 134 29 description
1423 3413 26 22 of
1456 3412 77 32 Stocky
1537 3414 24 22 in
1569 3421 45 21 any
1624 3414 55 28 Pqrt
1687 3415 28 23 of
1726 3415 38 25 the
1774 3416 90 24 Islands

1276 3438 26 21 of
1307 3438 56 23 New
1372 3439 116 23 Zealand:

1301 3465 97 24 Horned
1412 3466 70 23 cattle
1498 3467 126 30 (improved
1637 3468 89 28 breeds)
1740 3469 28 23 of
1779 3469 31 23 all
1824 3470 40 23 de-

1275 3492 125 30 scriptions,
1463 3508 5 5 -
1490 3514 4 3 .

1300 3519 94 34 Horsesj
1414 3520 59 24 from
1494 3520 38 26 tb,e
1553 3520 53 24 best
1624 3521 94 28 English
1737 3522 47 26 and
1800 3523 63 25 Arab

1273 3546 71 28 studs,
1359 3547 96 23 suitable
1470 3547 36 23 for
1523 3547 86 30 racing,
1624 3546 84 30 Buddie,
1719 3557 24 18 or.
1755 3549 94 24 harness
1854 3559 7 20 ;

1273 3573 45 24 tnd
1327 3572 108 30 breeding
1443 3581 82 20 mares,
1590 3577 9 4 ~
1861 3576 3 5 '

1299 3600 59 23 Pure
1367 3601 76 22 Saxon
1454 3600 45 23 and
1508 3601 87 22 merino
1605 3609 66 20 ewes,

1299 3627 121 23 HalAbred
1436 3628 114 22 Leicester
1563 3628 46 23 and
1624 3628 89 23 merino
1729 3637 66 20 ewes,
1811 3638 52 21 par-

1273 3654 101 30 ticularly
1384 3654 99 30 adapted,
1494 3655 35 25 fo,r
1538 3654 43 24 this
1591 3659 103 25 country,
1704 3663 24 16 as
1737 3657 56 29 they
1798 3659 66 23 unite

1273 3681 80 27 weight
1362 3681 27 22 of
1395 3689 90 19 carcass,
1492 3682 52 28 with,
1553 3682 103 26 fineness,
1663 3682 27 23 of
1696 3684 62 24 wool.

1297 3708 49 23 The
1369 3708 152 28 undersigned
1543 3716 41 16 can
1613 3711 169 23 accommodate
1808 3719 54 19 purr

1271 3734 89 24 chasers
1374 3736 28 21 of
1414 3733 59 25 their
1483 3735 67 23 Stock
1567 3733 57 25 with'
1638 3737 114 23 extensive
1766 3739 96 28 grazing

1271 3769 60 19 rnns,
1343 3762 76 22 within
1432 3764 39 20 100
1480 3762 65 22 miles
1555 3763 26 21 of
1586 3763 45 21 this
1644 3763 58 23 Port.

1532 3796 35 22 W.
1582 3796 28 22 B.
1625 3796 96 23 Rhodes
1734 3798 48 22 and*
1794 3799 39 22 00.

1462 3827 16 11 .
1513 3827 28 13 r^Z
1624 3828 18 9 tz
1690 3833 20 5 ,
1724 3829 3 9 i
1743 3830 19 9 ,i,
1777 3830 80 12 aujiio

1457 3841 66 22 Just
1536 3842 134 21 received.

1271 3872 128 50 PLANS
1421 3872 28 22 of
1470 3871 37 23 the
1530 3873 70 22 Town
1619 3873 28 22 of
1665 3873 166 25 Wellington.

1344 3899 56 23 Plan
1421 3899 28 26 pf
1456 3899 38 22 the
1504 3899 108 24 Harbour
1622 3901 26 22 of
1662 3900 56 24 Port
1732 3894 127 32 Nicholson

1265 3931 2 25 |
1297 3926 106 27 Message
1412 3925 74 28 cards,
1551 3945 7 7 .
1635 3925 36 9 "'
1686 3941 3 5 .
1722 3925 3 6 '

741 690 96 22 Public
852 691 131 26 Auction,
998 696 37 17 ex

645 730 10 20 g
691 722 56 34 Ti/f
753 722 27 23 R.
789 721 227 29 FITZHEItBERT,
1024 723 44 22 will
1080 724 40 21 sell
1131 724 27 28 by
1166 723 107 27 Auction,

690 746 58 24 Itl
767 756 26 14 on
804 749 106 27 Ifuesday
928 754 60 22 next,
1005 754 24 18 at
1045 756 35 17 cus
1097 755 77 23 storcs>
1192 755 24 18 at
1231 757 45 16 one

645 776 9 22 [1
688 774 88 23 o'clock
785 776 108 27 precisely
901 783 36 14 :

645 811 9 14 c
716 807 89 22 Several
815 811 51 18 tons
875 807 66 28 flour,

645 843 12 15 <r
716 835 39 20 150
766 834 89 22 bushels
866 839 56 23 oats,

645 871 11 14 ls
716 861 26 22 10
753 865 49 17 tuns
814 860 54 28 hay,,

714 888 28 21 30
751 887 83 22 barrels
843 895 59 14 mesa
911 887 62 29 pork,

645 930 11 13 l_
714 914 28 21 40
753 914 74 21 drums
838 914 48 27 figs,

713 942 16 20 2
737 948 61 14 cases
813 945 109 23 currants,

714 968 42 21 650
764 968 41 21 lbs.
814 974 54 21 very
878 968 98 28 superipr
986 968 106 25 Cheshire
1103 968 87 28 cheese,

713 994 14 21 5
738 994 52 27 kegs
802 994 83 26 butter,

714 1021 27 21 25
752 1022 52 25 bags
815 1020 65 23 white
891 1028 74 20 sugar,

713 1048 28 20 25
750 1047 53 27 bags
814 1047 73 27 bright
898 1048 97 22 Manilla
1004 1056 73 21 sugar,
1089 1049 62 28 (very
1167 1049 64 28 dry,}

715 1075 27 20 30
752 1074 47 21 doz.
812 1074 84 21 bottled
906 1080 82 22 porter,

716 1099 61 28 Very
787 1101 99 27 superior
897 1102 91 26 Congou
1000 1104 42 25 tea,

645 1137 9 14 c
714 1127 21 20 A
747 1127 41 21 few
800 1134 61 14 cases
872 1127 105 27 Cogniac.

882 1166 75 15 TEUMS
969 1167 28 15 AT
1009 1168 64 16 SALE.

645 1185 9 19 2
686 1188 130 22 November
826 1184 36 31 24,'
873 1191 60 21 1843.

685 1238 212 48 HJERVIS,
911 1241 113 23 General
1041 1242 103 27 Dealer,
1158 1244 110 21 Lambton

797 1265 65 27 Quay
875 1267 54 24 (late
941 1268 46 22 Mr.
997 1267 57 24 Woo.
1066 1269 136 28 Jackson's),
1216 1271 52 26 begs

684 1295 22 17 to
718 1291 98 22 intimate
836 1293 49 21 that
905 1293 28 22 he
951 1295 38 21 has
1006 1302 29 14 on
1050 1296 54 27 sale,
1122 1300 22 18 at
1159 1304 52 20 very
1227 1297 42 22 low

685 1318 104 26 prices,
791 1319 122 27 carpeting,
944 1324 66 24 coats,
1036 1322 96 27 jackets,
1159 1327 108 22 trowsers,

645 1365 2 3 .
685 1349 129 21 waistcoats,
831 1351 77 22 strong
923 1346 64 22 boots
996 1349 45 21 and
1057 1349 72 27 shoes,
1141 1349 55 27 hats,
1209 1357 58 20 caps,

684 1370 180 28 handkerchiefs,
872 1373 43 21 silk
922 1373 45 22 and
975 1375 56 21 satin
1042 1376 81 26 stocks,
1130 1377 82 26 sewing
1218 1376 49 27 silk,

681 1398 84 26 gloves,
776 1399 119 27 stockings,
908 1400 97 27 needles,
1017 1401 110 28 thimbles,
1145 1403 69 22 hooks
1224 1403 44 22 and

645 1425 5 14 B
684 1432 58 19 eye*,
754 1425 58 26 cord,
824 1426 100 27 binding,
932 1428 97 27 scissors,
1039 1429 48 22 hair
1095 1431 100 26 brooms.;
1207 1430 59 26 shoe,

685 1451 144 28 white-wash,
851 1453 45 22 and
915 1455 120 28 scrubbing
1054 1456 102 28 brushes;
1182 1457 84 27 combs,

645 1483 7 7 -
683 1478 96 27 buttons,
789 1485 49 22 stay
849 1479 67 23 laces.
947 1481 73 27 Flour,
1033 1490 88 21 pepper,
1132 1484 80 21 starch.

645 1511 6 21 T
711 1511 138 27 Carpenter's
869 1512 64 28 tools,
951 1513 42 22 viz.
1022 1514 85 28 planes,
1127 1523 62 19 saws,
1206 1523 60 20 axes,

682 1544 86 19 angers,
786 1538 64 27 plane
869 1539 67 27 irons,
954 1540 86 27 chisels,
1060 1549 69 20 rasps,
1148 1542 118 27 hammers,

680 1564 54 25 glue
749 1570 55 22 pots,
820 1565 111 27 gimblets,
1030 1568 96 28 drivers;
1143 1570 53 26 bait,
1207 1574 58 23 gate,

681 1590 46 22 and
737 1591 19 21 T
765 1591 77 27 hinges
850 1600 5 17 ;
873 1592 63 27 bolts,
949 1594 112 28 cupboard
1071 1596 44 21 and
1130 1596 54 22 door
1194 1596 69 26 locks,

682 1617 40 21 hat
730 1617 54 28 pins,
795 1618 67 22 brads
873 1619 24 22 of
907 1620 28 21 all
947 1620 151 28 descriptions.

709 1649 116 23 Butcher's
854 1651 108 27 cleavers,
998 1653 77 26 hooks,
1104 1653 44 24 and
1184 1653 80 28 steels;

682 1676 99 26 cooper's
818 1677 93 27 drivers,
941 1679 118 27 hammers,
1089 1681 44 22 and
1166 1680 101 29 drawing

645 1724 3 14 i
680 1702 89 28 knives;
785 1704 105 26 painter's
901 1705 62 27 tools,
976 1707 125 26 plasterer's
1112 1707 55 22 tools
1174 1716 5 18 ;
1195 1708 69 26 sheep

679 1730 83 26 shears,
779 1731 113 27 grubbing
908 1733 44 21 and
970 1733 106 28 breaking
1090 1741 30 20 up
1136 1735 58 26 hoes,
1214 1735 52 28 pick

645 1774 2 5 .
679 1763 61 21 axes,
760 1762 77 23 patent
855 1759 72 22 scales
946 1761 45 21 and
1009 1760 68 32 sheep
1096 1761 61 27 bells,
1179 1761 85 28 garden

678 1782 55 24 hoes
749 1784 44 22 and
810 1785 86 22 trowels
904 1793 6 19 ;
918 1793 73 21 .guns,
1007 1787 83 28 pistols,
1103 1789 44 21 and
1161 1796 46 19 gun
1224 1789 41 22 im-

679 1810 109 31 plements
798 1819 6 19 ;
833 1819 66 19 sugar
923 1814 96 31 nippers,
1044 1815 155 27 candlesticks,
1225 1816 39 22 fire

678 1843 63 21 iron;
757 1841 61 19 cruet
836 1839 84 27 stands,
939 1840 78 23 knives
1028 1841 45 22 and
1089 1842 67 26 forks,
1167 1849 80 20 spoons
1257 1850 6 19 ;

644 1871 2 13 s
678 1864 71 22 books
758 1865 44 21 and
817 1866 146 27 periodicals;
979 1875 27 14 an
1019 1868 89 27 elegant
1122 1869 142 22 four-btirner

677 1890 62 28 lamp
758 1892 42 21 and
819 1895 54 18 neat
889 1893 48 21 iron
959 1894 105 23 bedstead
1074 1903 6 19 ;
1106 1903 13 14 a
1138 1895 85 28 variety
1241 1897 26 21 of

677 1919 70 26 prints
756 1918 45 22 and
813 1919 143 23 caricatures.

760 1951 57 21 N.B.
849 1952 77 21 Goods
936 1953 50 24 3old
995 1961 29 16 on
1036 1955 155 24 Commission.

703 1980 128 23 November
840 1984 35 24 21,
889 1984 60 21 1843.

789 2031 42 21 On
847 2032 70 25 Sale,
934 2038 37 16 ex

675 2064 207 48 BRANDY
910 2066 24 22 in
962 2066 73 27 hhds.,

752 2091 107 27 Oranges,
870 2092 95 28 lemons,
978 2093 43 23 and
1031 2099 108 23 currants,

758 2118 110 27 Oatmeal,
880 2120 80 27 starch,
970 2120 61 26 blue,

758 2145 64 26 Soda,
834 2147 108 26 mustard,
953 2147 90 28 pickles,

756 2171 96 28 Thread,
863 2172 88 28 cheese,
963 2175 40 21 &c.

885 2204 132 29 RIDGWATTS,
1035 2207 107 27 GUYTON,
1157 2208 20 23 &
1193 2208 38 23 Co.

701 2233 127 23 November
836 2237 47 24 21,.
885 2237 61 21 1843.

674 2284 117 50 SPARS
808 2285 60 24 FQR
883 2287 87 26 SALE,
979 2288 26 21 of
1008 2288 103 23 different
1116 2289 141 25 dimensions,

739 2311 63 28 lying
816 2316 24 18 at
859 2313 45 22 Kai
925 2313 84 24 Warra.
1047 2316 73 27 Large
1137 2317 121 27 quantities

672 2345 42 15 can
726 2339 27 21 be
768 2339 115 23 furnished
899 2344 23 19 to
938 2341 73 27 order,
1027 2342 35 23 for
1078 2344 139 26 exportation
1233 2352 26 15 or

671 2364 68 23 home
749 2373 46 15 use.

931 2403 64 19 ALSO,

698 2419 48 22 The
758 2421 74 22 Lease
842 2421 27 22 of
876 2421 68 22 about
952 2424 28 20 50
989 2430 63 15 acres
1061 2424 28 22 of
1094 2424 52 22 land
1159 2427 24 20 at
1196 2425 61 22 Orua

671 2447 91 22 Motera
772 2450 23 24 (a
806 2447 44 22 fine
867 2448 42 28 bay
920 2448 86 25 district
1020 2450 69 24 about
1098 2453 15 21 6
1127 2451 63 26 miles
1198 2452 58 22 from

672 2473 154 28 Wellington),
843 2474 53 23 with
915 2476 38 22 the
970 2476 70 23 house
1055 2485 28 14 on
1102 2478 37 22 the
1151 2479 89 27 ground
1249 2487 6 15 :

671 2500 63 23 there
744 2509 35 14 are
789 2502 68 21 about
868 2506 36 18 ten
921 2508 63 17 acies
997 2504 96 27 cleared,
1113 2506 44 21 and
1173 2506 50 23 four
1231 2506 25 27 in

670 2528 139 23 cultivation.
838 2529 45 23 For
892 2530 88 23 further
988 2532 139 27 particulars,
1137 2533 66 29 apply
1214 2537 22 18 to

861 2563 120 23 Kenneth
996 2565 151 28 Mathpeson,

777 2594 56 28 Ship
849 2595 107 28 Building
969 2596 45 22 and
1025 2597 119 29 Repairing
1157 2598 69 28 Yard,

946 2628 45 22 Kai
1005 2628 87 24 Warra.

697 2653 129 23 November
835 2655 20 25 6,
868 2655 62 25 184g.

784 2704 40 21 On
839 2704 71 26 Sale,
925 2711 37 16 ex

675 2742 62 23 Ki\
763 2742 101 23 BOXES
889 2744 96 22 assorted
1000 2744 143 24 TOBACCO
1158 2746 95 29 PIPES,

669 2768 69 30 M|/
768 2771 39 20 100
821 2770 79 22 tierces
910 2771 121 22 American
1044 2772 59 28 beef,

766 2798 27 21 20
808 2796 53 23 coils
871 2798 99 22 assorted
980 2798 89 29 Europe
1078 2807 61 21 rope.

985 2833 83 22 Waitt
1083 2835 44 22 and
1141 2835 83 23 Tyser.

695 2861 145 28 Wellington,
853 2864 51 21 Oct.
916 2866 33 25 10,
962 2866 60 21 1843.

788 2908 54 21 For
856 2909 71 25 Sale,
942 2915 37 16 ex

670 2941 254 29 TIUTHERFORD,
966 2944 117 28 DRURY,
1125 2947 20 22 &
1179 2947 73 23 CO.'S

668 2966 52 23 XV
746 2969 98 34 superior
854 2970 76 26 wines,
942 2970 36 23 viz
986 2979 5 14 :

694 2995 60 27 Pqrt,
763 2991 84 33 sherry,
857 2997 45 22 and
920 2998 101 23 Madeira
1031 2999 23 22 in
1066 2999 76 28 bottle,

693 3022 55 25 Pale
757 3023 44 22 and
812 3024 75 22 brown
898 3024 78 29 sherry
985 3033 24 19 \$
1019 3027 73 27 wood,

666 3069 6 4 .
693 3049 55 22 Port
756 3050 23 21 in
789 3051 72 27 wood,

692 3076 104 22 Madeira
805 3077 23 22 in
838 3078 73 28 wood,

692 3101 141 29 Hennessy's
842 3112 85 20 cognac
937 3106 24 23 in
971 3107 71 27 wood,

692 3129 46 23 Old
748 3130 48 27 pale
808 3130 69 24 bottle
887 3132 96 30 brandy.
997 3132 4 4 '

979 3167 84 24 Waitt
1076 3169 47 23 and
1137 3170 84 25 Tyser.

662 3197 25 18 W
706 3194 119 29 ellington,
837 3196 136 28 September
983 3199 33 27 19,
1028 3201 63 22 1843.

664 3247 73 49 ON
752 3248 86 27 SALE,
849 3252 25 19 at
882 3250 100 24 reduced
991 3255 59 20 rates
1059 3254 36 22 for
1104 3256 51 23 cash
1162 3263 35 16 :

728 3275 72 22 Prime
812 3275 58 23 Irish
880 3276 83 28 butter,

726 3301 93 24 Manilla
829 3303 79 29 Sugar,

725 3328 60 24 Loaf
835 3330 45 27 do.,

725 3355 88 25 Bottled
821 3357 45 27 aje.

913 3386 133 30 Ridoways,
1058 3389 107 30 Guttok,
1175 3391 23 28 ft
1205 3391 51 23 Co..

660 3414 32 22 Te
701 3414 55 27 Aro,
767 3416 129 24 November
905 3417 20 27 7,
937 3419 61 23 1843.

857 3468 44 21 Ex

661 3499 72 49 ON
748 3500 78 22 SALE
839 3500 31 29 by
884 3501 39 23 the
937 3503 182 29 undersigned-

738 3527 83 25 Hunt's
829 3530 102 26 superior
941 3529 36 24 old
986 3535 53 24 port
1047 3532 64 28 wine,
1126 3534 86 24 bottled
1219 3534 24 24 in

659 3553 95 30 Qporto,

685 3581 104 28 Hosiery,
799 3580 57 29 lace,
868 3582 45 23 and
922 3583 95 29 netting,

683 3607 167 28 Earthenware,
861 3609 51 23 well
922 3612 107 26 assorted,

683 3634 125 29 Champion
818 3636 20 21 &
849 3636 60 23 Co.'b
918 3637 94 28 vinegar
1019 3639 24 23 in
1053 3639 55 24 half
1111 3641 131 28 hogsheads.

1035 3673 90 24 Willis
1139 3677 20 22 &
1174 3676 38 22 Co.

681 3702 145 29 Wellington,
838 3704 91 27 August
939 3706 33 27 14,
983 3708 62 21 1843.

653 3753 122 27 Country
789 3754 126 24 Sections
935 3756 42 25 for
996 3757 61 22 Sale
1137 3753 106 31 XaberV

897 3783 102 21 Terms.

652 3806 165 50 SEVERAL
852 3807 102 24 Sections
981 3810 27 21 of
1038 3811 101 27 Country
1166 3811 72 27 L,and,

685 3837 5 15 l
716 3833 91 28 already
816 3833 83 24 chosen
909 3835 24 23 in
944 3835 37 23 the
995 3837 93 22 Porirua
1103 3837 91 28 district,
1204 3838 36 21 for

650 3860 59 28 Sale,
720 3868 75 18 TER.MS
805 3868 106 18 libe.ra.l..
941 3863 76 28 Apply
1026 3866 22 19 to

745 3892 25 22 F.
784 3892 30 23 A.
828 3893 173 29 MqiEawoTH,
1017 3895 185 30 Murphy-street,
1213 3904 27 16 or

744 3918 35 27 W.
794 3918 28 23 V'
837 3920 111 28 Bbbwer,
957 3922 196 25 Manners-street.
