2550 4029
1881 136 43 18 our
1933 132 62 27 laws,
2008 132 102 22 exercise
2129 136 61 26 upon
2210 132 40 23 the
2268 132 101 23 meanest
2386 132 26 23 of
2423 132 37 25 Ait

1882 164 101 30 subjects
1994 163 9 23 ?

1916 196 26 24 If
1957 195 56 24 New
2026 194 100 25 Zealand
2142 195 21 23 is
2181 195 72 24 under
2273 195 37 24 the
2321 197 140 33 sovereignty

1882 228 26 24 of
1924 228 114 31 England,
2058 227 38 24 the
2119 227 95 25 Natives
2233 233 61 19 must
2313 228 25 23 in
2359 229 37 23 the
2415 230 47 25 first

1882 262 101 23 instance
1995 261 28 23 be
2035 261 65 23 made
2112 265 23 19 to
2146 260 44 24 feel
2202 260 50 24 that
2261 260 39 24 her
2308 267 74 25 power
2390 261 21 23 is
2421 270 39 16 un«

1883 294 87 24 limited
1979 294 46 24 and
2043 294 41 23 her
2096 293 54 24 laws
2169 293 129 23 inviolable.
2333 293 25 24 It
2378 294 44 23 will
2435 296 26 24 be

1883 334 54 24 easy
1955 332 21 18 to
1995 326 96 24 restrain
2111 325 146 32 ill-disposed
2275 325 67 24 white
2360 334 58 21 men,
2438 336 23 16 as

1884 367 56 16 soon
1951 367 25 16 as
1987 358 40 25 the
2039 358 95 25 Natives
2145 358 57 24 have
2214 358 100 28 become,
2327 364 40 17 not
2378 367 25 16 as
2415 367 45 17 now

1884 392 131 31 nominally,
2037 391 42 24 but
2096 391 71 32 really
2187 391 87 24 British
2291 391 109 31 subjects.
2434 393 28 30 If,

1884 433 29 15 on
1926 426 39 23 the
1976 425 64 23 other
2051 425 68 27 hand,
2132 425 39 23 the
2190 424 83 23 Native
2294 424 79 23 Chiefs
2393 432 36 16 are
2439 431 22 19 to

1885 458 28 24 be
1925 458 93 24 allowed
2039 462 23 19 to
2081 458 73 23 retain
2176 457 38 23 the
2232 457 143 30 sovereignty
2394 458 24 22 of
2429 458 34 25 the

1885 497 89 24 greater
1985 495 51 27 part
2048 491 26 22 of
2089 491 37 22 the
2146 490 95 28 islands,
2253 490 31 23 let
2296 489 48 23 that
2355 489 107 27 valueless

1886 524 120 23 document
2017 523 71 23 called
2108 524 37 22 the
2164 523 87 30 Treaty
2272 522 24 23 of
2311 522 114 31 Waitangi
2437 525 25 23 he

1887 557 106 28 revoked,
2005 556 45 23 and
2071 556 62 23 there
2152 564 52 22 may
2216 561 39 25 yet
2273 555 27 24 be
2319 555 70 23 found
2407 564 57 17 some

1887 597 42 16 one
1943 597 82 23 among
2036 589 39 23 the
2088 589 54 23 New
2153 588 102 24 Zealand
2264 588 74 31 Kings
2349 588 84 31 willing
2444 595 21 19 to

1886 630 125 23 encourage
2024 622 38 23 the
2075 622 76 23 march
2168 622 26 23 of
2209 621 143 28 civilization,
2365 621 44 23 and
2419 622 47 25 able

1888 661 22 18 to
1922 659 86 29 protect
2021 663 27 16 us
2068 655 89 30 against
2177 654 38 24 the
2234 660 43 18 two
2288 654 120 23 chieftains
2420 655 46 24 who

1887 688 57 24 have
1956 688 83 24 braved
2051 688 38 24 the
2100 688 54 24 laws
2166 687 45 24 and
2223 687 72 25 defied
2313 687 37 24 the
2362 695 73 24 power
2447 689 23 24 of

1889 719 87 26 Britain
1989 721 53 24 with
2054 722 121 31 impunity.

1923 754 28 24 In
1964 755 71 23 either
2047 762 60 21 case,
2119 763 13 15 a
2143 760 81 25 strong
2234 753 61 25 force
2310 753 45 24 and
2366 753 102 31 vigorous

1889 795 114 16 measures
2016 787 45 24 will
2080 788 28 23 be
2124 787 127 31 absolutely
2263 795 119 23 necessary
2394 794 28 16 on
2434 787 35 25 the

1889 825 51 27 part
1961 821 23 23 of
2009 819 38 25 the
2068 820 89 24 British
2178 821 162 22 Government.
2386 819 25 23 If
2434 820 35 24 the

1892 854 95 23 Natives
1999 861 38 16 are
2054 853 88 24 British
2154 853 109 31 subjects,
2275 853 53 23 both
2341 852 44 23 will
2397 853 27 22 be
2435 861 34 15 re-

1890 887 80 31 quired
1990 892 22 18 to
2032 887 109 23 maintain
2159 886 67 24 crder
2246 886 43 23 and
2308 886 43 22 law
2368 893 80 23 among
2458 894 13 16 a

1891 920 131 32 population
2034 920 132 30 amounting
2178 924 23 18 to
2213 919 102 31 upwards
2327 919 26 22 of
2368 920 102 27 100,000

1891 953 71 23 souls.
1997 953 27 24 If
2039 952 53 32 they
2103 960 37 16 are
2153 960 14 16 a
2186 958 102 26 separate
2308 953 77 22 nation
2405 952 66 24 under

1892 986 58 24 their
1971 993 49 16 own
2041 986 73 23 rulers
2131 985 46 24 and
2197 986 62 29 laws,
2272 985 51 30 they
2336 985 46 23 will
2399 985 27 23 be
2444 992 26 17 no

1891 1019 47 24 less
1950 1019 104 32 required
2069 1020 24 23 in
2112 1019 66 23 order
2196 1023 23 19 to
2239 1018 91 32 provide
2342 1018 35 23 for
2389 1018 37 23 the
2437 1026 34 16 se-

1893 1053 74 31 curity
1978 1053 24 24 of
2018 1052 38 23 the
2076 1052 88 24 British
2182 1051 114 24 dominion
2308 1051 45 24 and
2371 1052 101 30 tenitory

1893 1094 83 22 among
1996 1093 13 16 a
2029 1086 95 31 foreign,
2145 1085 45 24 and
2208 1086 30 30 by
2251 1085 105 23 numbers
2375 1085 97 31 superior

1894 1119 141 32 population.

2006 1176 144 24 WAIRAU
2171 1175 188 25 MASSACRE.

1929 1227 68 23 Some
2020 1226 144 23 information
2185 1226 42 23 has
2248 1225 95 24 reached
2363 1232 28 16 us
2409 1225 64 25 about

1896 1260 44 22 this
1961 1267 83 22 savage
2062 1260 99 27 murder,
2180 1258 81 29 which,
2274 1259 18 23 if
2307 1264 57 23 true,
2376 1265 96 24 present]

1896 1292 37 23 the
1951 1293 74 22 native
2042 1291 115 24 character
2176 1292 25 24 in
2224 1300 13 15 a
2257 1291 66 24 much
2336 1300 71 15 worse
2418 1292 55 31 light

1897 1326 53 22 than
1973 1325 48 23 that
2044 1326 23 23 in
2090 1325 72 23 which
2181 1325 39 23 the
2237 1325 88 23 settlers
2341 1329 23 19 at
2387 1331 86 25 present

1896 1358 80 30 regard
1987 1359 26 28 it,
2023 1366 57 16 even
2089 1358 57 23 after
2157 1359 45 22 this
2210 1358 102 24 dreadful
2323 1363 75 19 event.
2435 1358 38 24 We

1896 1392 82 23 refrain
1997 1392 58 23 from
2075 1391 131 32 publishing
2227 1392 39 24 the
2288 1391 142 24 information
2453 1392 20 24 in

1897 1426 111 30 question,
2033 1425 75 31 partly
2127 1425 96 23 because
2235 1432 33 17 we
2277 1425 57 31 hope
2346 1425 18 23 it
2375 1432 51 24 may
2437 1431 36 18 not

1897 1458 27 23 be
1936 1463 58 23 true,
2006 1459 45 22 and
2062 1458 81 31 partly,
2155 1458 21 24 if
2191 1463 57 25 true,
2261 1459 95 23 because
2376 1458 18 23 it
2412 1458 61 24 could

1898 1497 38 17 not
1948 1491 39 24 fail
1999 1496 23 19 to
2033 1492 28 23 be
2074 1497 58 18 most
2143 1491 89 32 painful
2244 1496 23 19 to
2282 1492 38 23 the
2340 1491 94 31 feelings
2454 1492 19 23 of

1898 1524 37 24 the
1947 1525 104 23 relatives
2062 1526 25 22 of
2101 1525 37 24 the
2152 1525 118 23 murdered
2282 1533 60 15 men.
2390 1524 24 23 It
2424 1524 49 29 will,

1899 1558 108 29 however,
2021 1559 28 22 be
2068 1559 98 30 brought
2185 1558 73 24 under
2278 1559 37 22 the
2335 1559 106 22 attention
2453 1559 20 22 of

1900 1591 95 32 Captain
2008 1591 102 31 Fitzroy,
2122 1592 49 23 who
2183 1592 46 24 will
2241 1597 38 18 not
2291 1591 39 24 fail
2343 1596 21 19 to
2380 1591 42 24 feel
2439 1591 34 24 the

1900 1626 111 29 necessity
2030 1625 25 23 of
2077 1626 124 30 revenging
2224 1625 38 23 the
2285 1624 63 29 dead,
2375 1625 43 23 and
2440 1625 33 24 the

1898 1658 72 24 honor
1981 1660 22 22 of
2020 1658 36 24 his
2070 1663 101 26 country,
2184 1659 30 30 by
2233 1658 93 30 making
2348 1666 14 16 a
2381 1658 92 30 salutary

1900 1692 102 32 example
2014 1693 26 22 of
2055 1692 63 24 these
2130 1691 131 32 disgusting
2272 1699 102 23 savages.

2121 1755 145 24 CATTLE.

1933 1806 52 26 The
2003 1806 69 25 cattle
2089 1808 100 31 brought
2206 1808 30 31 by
2258 1808 37 23 the
2314 1808 51 31 ship
2381 1806 94 26 Frances

1901 1848 61 16 were
1985 1841 49 23 sold
2057 1841 31 31 by
2110 1842 90 23 auction
2223 1849 29 16 on
2281 1841 120 31 Thursday
2427 1841 47 24 last.

1902 1874 86 24 Eleven
2001 1882 60 15 cows
2074 1874 123 31 consigned
2209 1879 24 19 to
2252 1882 42 16 one
2310 1879 65 26 party
2392 1874 46 26 sold
2455 1879 22 19 al

1901 1908 73 30 prices
1983 1908 58 23 from
2054 1908 37 24 £2
2107 1909 49 22 10s.
2169 1913 23 18 to
2204 1909 103 27 £615.;
2322 1908 98 31 together
2428 1908 48 30 they

1902 1941 95 23 realized
2016 1942 56 22 £49
2093 1942 50 22 16s.
2154 1950 7 18 ;
2181 1949 29 14 on
2231 1942 38 21 the
2290 1949 94 19 average
2404 1941 25 27 of
2439 1942 38 22 £4

1904 1974 8 20 1
1919 1974 36 20 Os.
1966 1971 38 23 6d.
2049 1971 52 23 The
2119 1971 47 23 loss
2220 1970 67 23 cattle
2298 1976 28 17 on
2340 1970 36 22 the
2386 1977 89 23 passage

1903 2009 37 18 out
1954 2004 24 22 of
1993 2003 45 23 this
2051 2003 33 24 lot
2095 2011 45 15 was
2150 2003 161 28 considerable,
2324 2002 44 24 and
2378 2002 35 24 the
2421 2003 57 31 price

1904 2037 32 23 for
1949 2036 71 23 which
2032 2036 38 24 the
2082 2037 126 23 remainder
2220 2043 47 16 was
2278 2036 48 24 sold
2338 2036 37 23 did
2387 2041 37 18 not
2436 2044 39 23 pay

1904 2070 37 23 the
1954 2069 83 31 freight
2055 2070 25 23 of
2095 2070 38 23 the
2151 2070 123 31 shipment.
2326 2069 50 24 The
2395 2074 46 19 cost
2459 2069 23 24 of

1904 2103 37 23 the
1954 2103 74 27 cattle,
2040 2103 96 30 fittings,
2148 2103 92 30 freight,
2260 2103 162 28 commissions,
2438 2102 41 24 and

1904 2136 44 23 and
1961 2144 12 16 a
1984 2137 90 31 portion
2086 2137 24 24 of
2126 2136 37 23 the
2175 2136 85 30 freight
2270 2144 37 16 are
2331 2136 110 24 therefore
2452 2135 27 24 all

1905 2175 22 19 at
1940 2169 36 25 the
1988 2177 101 24 expence
2101 2170 25 24 of
2141 2169 38 24 the
2191 2169 100 32 shipper.

1938 2203 92 24 Twelve
2041 2211 59 16 cows
2112 2203 43 24 and
2167 2203 43 23 five
2223 2203 80 28 calves,
2316 2203 122 30 consigned
2457 2208 20 17 to

1905 2237 94 23 another
2021 2243 75 25 party,
2117 2244 58 16 were
2192 2236 50 24 sold
2261 2242 23 18 at
2301 2236 39 24 the
2359 2244 61 16 same
2432 2236 49 24 time

1905 2270 27 31 by
1947 2270 98 27 auction,
2058 2270 44 23 and
2112 2270 37 23 the
2162 2277 59 16 cows
2233 2269 110 31 averaged
2354 2269 77 31 nearly
2449 2270 33 22 six

1906 2303 87 31 pounds
2002 2303 65 29 each,
2079 2303 45 23 and
2135 2303 38 23 the
2185 2303 75 23 calves
2272 2303 77 30 nearly
2361 2302 121 32 thirty-five

1905 2337 105 30 shillings
2030 2336 63 24 each.
2138 2336 51 24 The
2208 2336 47 24 loss
2274 2344 27 15 on
2321 2336 78 29 board,
2420 2342 22 17 to
2456 2335 26 24 be

1879 2390 2 4 ,
1907 2371 95 30 charged
2016 2375 23 18 to
2051 2370 46 24 this
2110 2370 122 31 shipment,
2249 2377 45 16 was
2314 2375 38 18 not
2371 2378 24 15 so
2415 2375 67 25 great,

1907 2404 46 23 still
1966 2403 36 24 the
2013 2404 120 30 consignee
2146 2408 70 19 states
2229 2403 38 24 the
2275 2411 49 16 sum
2338 2403 94 24 realized
2441 2402 41 24 will

1879 2455 2 2 .
1907 2437 54 31 only
1976 2445 41 24 pay
2037 2437 92 32 freight.
2177 2437 51 24 The
2249 2441 48 19 cost
2316 2436 25 24 of
2357 2437 37 23 the
2413 2436 69 27 cattle,

1879 2489 2 13 t
1907 2478 100 24 expence
2027 2471 25 24 of
2067 2471 95 29 fittings,
2180 2470 44 24 and
2245 2470 52 30 hay,
2310 2470 117 28 therefore,
2448 2469 34 23 fall

1879 2521 2 4 .
1908 2512 59 23 upon
1980 2505 38 23 the
2028 2504 100 32 shipper,
2138 2504 45 23 and
2195 2504 68 24 make
2275 2504 37 23 the
2324 2503 137 32 speculation
2472 2510 10 15 a

1909 2537 55 24 total
1975 2537 57 24 loss.

2190 2568 28 12 ♦

2099 2591 197 24 WANGANUI.

1944 2644 51 24 The
2006 2643 88 25 Nelson
2107 2643 85 25 Packet
2204 2643 40 24 has
2256 2644 49 31 just
2317 2642 104 25 returned
2433 2641 56 25 from

1912 2677 48 24 that
1971 2678 137 23 settlement.
2133 2677 38 24 Oo
2183 2677 40 23 her
2235 2685 47 22 way
2295 2677 62 23 there
2369 2675 40 24 she
2420 2675 69 24 called

1883 2721 3 5 ■
1912 2716 22 19 at
1947 2711 88 31 Cloudy
2049 2711 57 31 Bay,
2119 2710 44 24 and
2174 2710 67 24 while
2261 2710 62 23 there
2345 2710 36 23 the
2394 2709 94 31 Captain

1912 2745 45 24 and
1969 2752 56 17 crew
2037 2744 112 24 broached
2161 2744 39 23 the
2212 2751 74 24 cargo,
2299 2744 34 23 for
2346 2742 71 24 which
2429 2748 34 17 act
2475 2743 17 22 it

1913 2786 46 16 was
1971 2778 97 31 thought
2080 2777 96 32 prudent
2188 2783 23 17 to
2230 2777 59 24 clear
2307 2776 38 24 the
2363 2776 51 31 ship
2425 2775 24 23 of
2463 2783 12 14 a
2486 2773 8 25 1

1913 2812 25 24 of
1954 2812 68 23 them.
2059 2811 51 24 The
2132 2811 96 32 Captain
2247 2809 100 25 retained
2367 2809 37 24 the
2421 2809 70 22 clear-

1913 2853 63 21 ance,
1989 2845 43 23 and
2046 2844 37 23 the
2096 2845 71 22 vessel
2181 2851 46 16 was
2249 2843 89 32 obliged
2359 2848 22 18 to
2397 2840 92 34 proceed

1913 2885 23 17 to
1947 2878 39 23 her
1998 2878 135 23 destination
2146 2877 94 23 without
2253 2878 24 22 it.

1947 2911 39 24 On
2004 2910 83 24 arrival
2105 2915 22 19 at
2147 2910 138 31 Wanganui,
2300 2909 38 23 the
2358 2915 135 25 supercargo

1914 2952 46 16 was
1971 2944 102 30 annoyed
2086 2943 52 23 with
2151 2943 38 22 the
2201 2943 101 22 officious
2312 2942 148 23 interference
2472 2940 24 24 of

1914 2978 63 24 three
1995 2977 26 23 of
2045 2976 38 24 the
2112 2976 83 31 unpaid
2223 2976 152 29 magistrates,
2397 2974 97 26 Messrs.

1915 3011 71 31 King,
2000 3010 87 28 Nixon,
2100 3009 43 24 and
2162 3009 127 31 Campbell.
2325 3008 51 23 The
2387 3007 75 24 leader
2477 3007 19 23 it

1914 3052 46 16 was
1972 3044 96 30 thought
2080 3042 73 24 would
2166 3048 40 18 not
2216 3042 58 23 have
2285 3042 58 23 been
2358 3049 25 15 so
2395 3040 99 24 trouble-

1915 3085 63 17 some
1988 3077 45 24 had
2046 3077 27 23 he
2086 3082 39 18 not
2134 3076 59 23 been
2202 3076 96 30 seeking
2305 3082 62 16 some
2380 3078 113 27 trumpery

1917 3113 156 22 Government
2091 3110 162 31 employment.
2296 3108 52 24 The
2367 3109 73 22 vessel
2452 3105 42 24 and

1916 3152 67 24 cargo
2001 3144 76 23 would
2096 3143 57 24 have
2181 3143 57 23 been
2258 3140 131 26 abandoned
2413 3145 22 19 to
2458 3139 36 24 the

1917 3179 78 23 tender
2015 3178 96 24 mercies
2131 3176 26 24 of
2181 3176 63 24 these
2265 3174 136 33 gentlemen,
2412 3172 49 25 .had
2480 3172 16 23 it

1917 3212 57 23 been
1984 3211 72 31 likely
2070 3210 48 24 that
2129 3211 23 22 in
2164 3217 51 16 case
2228 3209 26 24 of
2260 3208 115 30 obtaining
2386 3214 28 16 an
2425 3205 72 25 action

1917 3251 24 17 at
1951 3245 41 24 law
2005 3245 34 23 for
2051 3245 106 30 damages
2169 3243 90 31 against
2277 3241 69 27 them,
2359 3240 38 23 the
2408 3242 90 20 amount

1917 3278 74 24 would
2002 3278 58 23 have
2072 3277 56 23 been
2148 3274 127 28 recovered,
2287 3272 95 24 without
2396 3268 100 33 severely

1919 3312 134 29 distressing
2062 3310 69 24 them.
2155 3308 66 24 Even
2233 3306 124 32 supposing
2369 3305 63 24 these
2443 3312 55 24 gen-

1919 3345 81 24 tlemen
2020 3343 47 24 had
2078 3350 42 22 any
2133 3341 61 31 right
2214 3345 23 19 to
2255 3339 115 28 interfere,
2382 3338 73 24 which
2467 3345 31 15 wa

1919 3379 28 23 do
1960 3383 39 19 not
2009 3376 78 29 admit,
2100 3377 18 22 it
2129 3382 45 16 was
2185 3374 61 23 their
2256 3373 56 31 duty
2322 3378 24 19 to
2357 3372 59 24 have
2427 3370 70 29 aided,

1920 3412 70 24 under
1999 3411 38 23 the
2049 3411 183 24 circumstances,
2244 3407 76 23 rather
2340 3406 54 23 than
2407 3410 21 19 to
2439 3404 56 24 have

1919 3446 67 32 given
1997 3444 38 24 the
2046 3447 66 28 party
2122 3442 23 23 in
2157 3441 107 31 question
2275 3439 96 25 trouble.

1953 3502 37 30 By
2002 3508 30 16 an
2050 3498 176 25 advertisement
2237 3498 24 23 in
2281 3504 40 16 our
2340 3503 76 24 paper,
2427 3495 18 23 it
2455 3492 43 25 will

1919 3536 29 23 be
1955 3541 52 18 seen
2020 3534 36 23 St.
2069 3531 119 25 Andrew's
2200 3531 64 31 Day,
2272 3531 18 24 is
2301 3535 23 18 to
2339 3530 27 23 be
2376 3526 122 27 celebrated

1919 3569 31 30 by
1969 3576 14 15 a
2001 3567 81 23 dinner
2103 3573 25 15 as
2144 3564 76 29 usual,
2240 3564 35 24 At
2286 3562 111 25 Barrett's
2419 3559 77 26 Hotel.

1922 3602 42 23 We
1975 3604 58 20 trust
2044 3598 49 25 that
2110 3599 63 23 there
2185 3598 46 23 will
2247 3598 28 23 be
2287 3605 13 15 a
2310 3601 79 25 strong
2409 3598 88 22 muster,

1920 3634 46 24 and
1976 3641 31 16 we
2020 3640 38 16 are
2070 3631 118 32 requested
2206 3636 24 19 to
2241 3636 57 18 state
2314 3630 48 23 that
2374 3628 37 24 the
2421 3626 77 24 dinner

1921 3669 19 22 is
1953 3672 38 19 not
2002 3667 26 22 of
2042 3672 30 17 an
2084 3665 115 24 exclusive
2217 3665 123 27 character,
2352 3663 41 23 but
2405 3661 46 23 that
2461 3659 36 23 the

1922 3700 83 25 Scotch
2016 3698 47 24 will
2074 3698 27 24 be
2119 3699 75 30 happy
2208 3703 24 19 to
2244 3702 57 19 meet
2314 3696 59 23 their
2383 3693 83 24 friends
2477 3689 24 25 of

1922 3734 63 25 other
1997 3733 86 30 origins
2095 3740 28 15 on
2136 3732 49 23 that
2197 3731 52 31 day.

2075 3781 72 25 THE
2174 3778 191 28 THEATRE..
2402 3803 4 4 .

1957 3816 46 24 Mr.
2016 3814 87 25 Davies
2115 3815 45 24 will
2176 3815 68 24 make
2256 3814 35 23 his
2302 3813 50 23 first
2364 3814 133 28 appearance

1923 3858 30 16 on
1963 3848 107 32 Tuesday
2082 3853 63 26 next,
2156 3848 45 25 and
2212 3847 58 25 from
2278 3846 36 24 his
2323 3844 95 33 reputed
2427 3840 72 28 excel-

1923 3884 63 24 lence
1997 3891 26 16 as
2034 3889 31 17 an
2084 3887 70 25 actor,
2173 3882 45 24 and
2234 3880 38 25 the
2292 3879 82 32 capital
2390 3873 111 33 evening'!

1924 3917 176 24 entertainment
2110 3915 93 29 offered,
2214 3922 34 16 vre
2260 3913 66 25 make
2337 3919 30 16 no
2384 3909 69 25 doubt
2461 3908 39 23 but

1926 3951 49 23 that
1986 3949 40 24 the
2035 3949 79 32 public
2124 3948 45 25 will
2178 3947 106 30 liberally
2293 3948 95 29 support
2397 3943 55 25 him.

659 136 88 42 New
776 136 206 42 Zealand
1011 136 205 42 Gazette

695 193 68 23 AND
777 192 214 24 WELLINGTON
1010 189 191 26 SPECTATOR.

746 259 132 25 Saturday,
894 256 131 24 November
1038 256 35 27 25,
1090 256 61 24 1843.

692 310 52 26 The
755 310 157 33 appointment
919 310 24 23 of
952 318 14 15 a
975 310 121 28 Resident,
1108 310 19 22 it
1138 316 103 25 appears,

664 343 40 25 will
717 343 152 31 rest.entjrely
879 343 55 23 with
946 342 98 31 Captain
1053 341 102 31 Fitzroy.
1192 341 51 25 The

664 378 107 30 necessity
785 377 34 24 for
830 376 56 24 such
898 383 29 17 an
939 375 77 24 officer
1028 375 52 29 will,
1094 381 32 17 we
1136 375 68 31 hope,
1216 376 34 23 he-

664 410 61 24 made
745 414 59 20 most
825 409 107 24 manifest
950 408 31 31 by
994 408 39 24 the
1044 412 132 27 arguments
1188 409 55 23 used

664 442 69 24 either
744 444 24 22 in
779 442 40 24 the
831 441 124 29 memorial,
977 448 25 17 or
1021 440 110 32 prepared
1143 441 68 29 ready
1221 446 22 19 to

664 475 25 25 be
700 473 123 26 submitted
835 475 29 30 by
875 474 39 24 the
926 473 137 25 Committee
1082 473 122 32 appointed
1221 480 31 18 at.

664 508 35 24 the
712 508 75 32 public
799 508 100 30 meeting
910 512 22 19 to
943 506 78 25 confer
1033 506 53 23 with
1100 505 45 25 His
1159 506 85 25 Excel-

664 541 63 32 lency
742 542 58 23 from
819 541 54 23 time
891 545 23 19 to
935 540 62 24 time.
1046 540 51 23 Our
1113 540 98 31 position
1217 541 28 23 is

664 574 121 32 analogous
797 579 22 18 to
832 574 48 23 that
896 573 26 24 of
937 573 56 24 Port
1012 571 95 33 Phillip,
1129 578 22 17 to
1173 572 71 25 which

664 615 12 15 a
688 607 113 24 Resident
821 614 44 16 was
884 605 120 33 appointed
1020 613 62 16 some
1101 605 63 24 three
1180 613 75 23 years'

664 640 69 25 since.
779 639 47 25 His
842 640 74 23 duties
928 639 45 24 will
984 637 116 25 doubtless
1112 638 28 24 be
1152 639 92 29 similar,

664 673 43 23 and
719 673 36 24 his
765 680 89 25 powers
865 672 82 24 should
956 676 39 19 not
1007 672 28 23 be
1056 672 45 23 less
1120 672 124 25 extensive.

664 706 42 25 We
724 714 37 16 are
781 712 40 19 not
839 707 24 23 in
880 706 130 31 possession
1023 705 25 24 of
1064 705 37 23 the
1114 705 132 32 knowledge

664 740 25 23 of
704 740 39 24 the
762 744 79 20 extent
860 744 22 19 to
901 739 72 23 which
993 739 51 23 that
1061 740 90 29 portion
1168 738 26 24 of
1209 739 37 24 the

665 773 88 31 Colony
772 773 25 23 of
819 773 58 24 New
896 772 73 24 South
988 771 78 24 Wales
1082 771 41 24 has
1136 772 70 23 found
1217 773 30 24 its

664 805 58 25 local
733 806 77 24 affairs
822 805 116 32 improved
947 805 30 30 by
990 804 38 24 the
1047 806 159 30 appointment
1225 806 28 24 of

666 839 47 24 Mr.
738 839 108 24 Latrobe.
894 838 87 24 Should
1004 846 45 22 any
1072 838 130 30 gentleman
1219 839 28 24 be

665 872 95 24 enabled
772 877 22 19 to
807 872 70 31 speak
887 877 24 19 to
922 872 49 23 that
978 872 73 30 point,
1071 871 29 23 he
1112 872 73 23 would
1196 880 51 16 ren-

665 905 40 24 der
723 905 94 24 himself
837 905 75 24 useful
928 905 29 31 by
971 905 192 30 communicating
1176 905 72 24 infor-

665 940 86 22 mation
769 939 25 23 of
816 939 38 23 the
870 938 57 24 kind
946 943 23 18 to
987 936 45 26 Dr.
1052 937 79 24 Evans
1142 938 43 23 and
1199 939 54 25 Mr.'

665 972 94 28 Stokes,
771 971 50 24 who
833 979 37 16 are
880 971 97 31 charged
989 971 55 23 with
1056 971 37 24 the
1105 973 143 30 ptcparation

665 1006 27 23 of
699 1006 39 23 the
751 1005 128 27 Memorial,
882 1017 33 4 —
916 1004 97 31 through
1026 1012 40 16 our
1078 1005 110 29 columns,
1190 1018 34 5 —
1225 1014 24 15 or

665 1044 24 18 at
708 1039 38 24 the
764 1038 78 32 public
862 1039 107 29 meeting,
990 1037 73 24 which
1083 1045 34 17 we
1134 1038 58 32 hope
1205 1040 45 23 will

665 1080 57 16 soon
732 1072 28 24 be
771 1071 134 24 announced
915 1079 24 16 as
946 1071 70 24 about
1024 1076 23 18 to
1058 1070 52 25 take
1118 1071 64 32 place
1189 1077 24 19 at
1220 1080 30 16 an

666 1105 63 31 early
739 1104 87 33 period.

701 1145 51 24 The
763 1145 75 24 duties
850 1145 24 24 of
890 1145 37 24 the
941 1145 114 24 Resident
1073 1145 53 29 will,
1145 1153 33 16 we
1197 1154 54 24 pre-

667 1187 73 21 sume,
769 1178 28 24 be
817 1179 80 32 purely
919 1179 126 24 executive.
1096 1178 47 24 His
1163 1186 88 25 powers

667 1212 83 25 should
767 1212 80 24 enablo
866 1212 46 24 him
932 1216 22 19 to
971 1212 99 31 perform
1091 1212 30 24 all
1133 1213 57 23 such
1203 1218 48 18 acts

667 1254 27 16 as
709 1246 39 24 the
765 1245 124 25 Auckland
910 1245 126 24 Executive
1054 1245 72 24 would
1140 1248 111 28 sanction,

669 1279 45 24 and
724 1279 73 24 which
810 1279 37 24 the
856 1279 90 24 welfare
958 1279 25 23 of
992 1278 38 25 the
1042 1279 129 24 settlement
1178 1279 75 24 would

669 1312 96 25 demand
778 1317 22 19 to
812 1313 28 23 be
855 1312 127 33 performed
1003 1312 77 24 before
1099 1314 154 23 communica-

669 1347 48 23 tion
738 1346 65 24 could
825 1346 27 23 be
872 1346 43 23 had
934 1345 52 24 with
998 1345 39 24 the
1047 1351 48 18 seat
1106 1347 26 22 of
1146 1346 107 26 Govern-

672 1384 70 20 ment.
786 1378 82 25 Power
888 1384 23 18 to
926 1383 36 19 act
973 1378 90 31 btyond
1074 1379 45 23 this
1131 1384 79 19 extent
1223 1387 31 15 we

670 1413 28 23 do
711 1417 40 19 not
762 1420 97 23 suppose
871 1411 72 24 would
955 1411 29 23 be
995 1412 121 28 conceded,
1129 1413 19 22 if
1161 1412 92 31 sought,

672 1446 33 24 for
717 1446 19 23 it
747 1445 76 24 would
835 1445 28 24 be
874 1444 96 25 difficult
981 1449 23 18 to
1017 1444 67 24 make
1096 1451 40 18 out
1155 1453 15 16 a
1187 1446 67 24 claim

672 1479 88 31 beyond
783 1479 38 23 the
844 1483 78 19 extent
939 1486 34 15 we
992 1478 57 24 have
1069 1478 82 27 stated,
1170 1479 45 24 and
1237 1481 19 22 it

673 1512 72 24 would
758 1516 39 20 not
809 1512 52 30 only
874 1512 27 23 be
913 1511 51 29 idle,
983 1511 42 24 but
1035 1512 101 31 possibly
1148 1512 107 24 mischie-

672 1553 57 16 vous
752 1550 22 20 to
794 1545 43 24 ask
850 1545 33 24 for
904 1552 61 16 more
988 1545 56 23 than
1063 1545 50 23 that
1129 1545 73 24 which
1223 1554 33 15 we

673 1579 68 24 could
769 1578 134 31 reasonably
931 1583 103 26 support.
1089 1578 92 31 Beyond
1211 1579 45 23 this

674 1617 79 20 extent
769 1613 40 23 the
833 1612 110 24 Resident
966 1611 74 24 would
1061 1611 28 24 be
1106 1611 103 25 valuable
1231 1620 25 16 as

674 1654 28 15 an
723 1653 69 24 organ
814 1646 25 23 of
861 1645 197 28 communication,
1079 1645 44 24 and
1144 1646 57 23 from
1219 1646 38 23 the

675 1679 57 24 local
745 1679 144 23 information
901 1679 28 23 he
941 1678 72 24 would
1026 1679 93 23 become
1137 1679 120 31 possessed

675 1713 31 29 of,
719 1712 73 31 might
801 1712 28 24 be
839 1719 53 24 very
902 1712 81 28 useful,
996 1711 108 31 provided
1117 1712 27 24 he
1155 1712 45 24 had
1219 1713 39 23 the

675 1746 47 23 will
734 1745 43 24 and
796 1746 39 23 the
855 1745 164 32 qualifications
1039 1750 23 18 to
1080 1745 35 24 fill
1133 1745 38 24 the
1193 1746 65 24 oftice

677 1779 130 31 efficiently.
852 1776 45 27 His
916 1778 218 25 recommendations
1145 1778 75 25 would
1232 1780 27 23 be

677 1813 71 24 found
765 1812 115 31 generally
900 1816 23 19 to
941 1813 56 23 have
1017 1817 63 26 great
1093 1812 90 31 weight,
1196 1813 20 24 if
1231 1813 28 23 he

677 1846 84 32 proved
772 1851 23 19 to
807 1846 28 23 be
848 1854 13 15 a
872 1846 130 23 reasonable
1016 1853 59 21 man,
1100 1846 43 23 and
1164 1846 96 31 enjoyed

678 1880 38 23 the
728 1884 89 26 respect
828 1879 26 24 of
868 1879 38 24 the
917 1879 89 24 settlers
1018 1879 25 23 in
1062 1879 84 24 Cook's
1166 1879 92 25 Straits.

678 1913 44 24 We
745 1912 73 32 might
840 1917 80 27 expect
938 1912 35 24 his
999 1912 219 25 recommendations
1238 1918 23 19 to

677 1945 59 25 have
744 1946 85 31 weight
839 1951 24 19 at
874 1945 38 25 the
924 1950 48 20 seat
981 1945 26 24 of
1018 1946 163 28 Government,
1190 1946 71 25 uuder

678 1980 57 23 such
753 1979 183 26 circumstances,
952 1984 57 17 even
1028 1978 19 23 if
1063 1978 49 23 that
1131 1977 73 24 which
1216 1984 45 18 was

679 2011 84 32 sought
775 2010 91 24 clashed
879 2010 53 24 with
944 2010 37 23 the
993 2010 96 24 interest
1100 2011 26 23 of
1133 2010 38 23 the
1180 2016 48 18 seat
1240 2012 25 22 of

679 2044 163 28 Government,
856 2043 106 32 provided
973 2043 97 30 Captain
1084 2043 93 31 Fitzroy
1189 2044 27 23 be
1235 2052 28 17 as

677 2077 136 32 intelligent,
831 2076 119 33 impartial,
970 2076 44 24 and
1024 2076 146 29 honourable,
1183 2084 26 16 as
1230 2085 35 16 we

678 2111 58 24 have
755 2112 56 23 been
832 2110 35 25 led
893 2115 22 18 to
937 2109 96 28 believe,
1051 2109 59 25 from
1131 2110 36 23 his
1185 2110 79 32 public

678 2152 84 21 career,
774 2152 33 16 we
819 2152 51 23 may
880 2143 58 32 hope
950 2149 23 17 to
984 2143 48 24 find
1044 2143 55 24 him.

712 2183 51 25 The
774 2182 166 32 qualifications
952 2181 25 24 of
993 2181 37 24 the
1049 2189 82 24 person
1147 2187 23 18 to
1182 2182 28 24 be
1222 2190 42 24 ap-

678 2217 92 32 pointed
783 2216 112 24 Resident
906 2223 37 16 are
952 2215 111 24 therefore
1075 2215 26 24 of
1110 2215 155 25 considerable

679 2252 147 30 importance.
863 2249 35 24 To
912 2248 36 24 the
970 2253 78 19 extent
1060 2254 22 18 to
1101 2248 73 24 which
1192 2257 73 16 unne-

680 2291 89 24 cessary
783 2283 108 24 demands
904 2283 27 23 be
950 2281 64 24 made
1036 2290 60 23 upon
1116 2282 36 23 the
1165 2283 65 23 office
1243 2284 25 23 of

681 2317 112 25 Resident
812 2316 103 24 willthe
935 2315 109 30 difficulty
1066 2316 25 23 of
1115 2316 118 31 obtaining
1254 2324 13 16 a

681 2352 76 29 fitting
777 2357 83 25 person
878 2350 28 23 be
925 2349 125 24 increased.
1086 2348 51 24 The
1157 2349 74 31 salary
1244 2351 25 23 of

681 2384 38 24 the
731 2384 64 24 office
807 2383 47 23 will
873 2382 138 30 necessarily
1025 2382 26 22 be
1070 2382 75 29 small,
1157 2383 45 23 and
1215 2384 20 23 if
1249 2384 19 23 it

682 2425 57 16 were
752 2416 109 32 expected
872 2417 50 23 that
941 2415 37 24 the
997 2415 114 24 Resident
1122 2423 45 16 was
1180 2421 23 19 to
1215 2417 52 31 play

681 2456 65 27 petty
759 2450 121 24 Governor
892 2450 30 31 by
931 2449 78 31 giving
1020 2450 93 30 parties,
1122 2450 44 23 and
1173 2455 24 18 to
1209 2450 59 31 keep

681 2493 15 15 a
707 2484 73 31 paltry
795 2488 72 24 court,
879 2491 31 16 no
921 2490 52 17 man
985 2483 23 22 in
1021 2483 35 22 his
1068 2490 78 16 senses
1159 2483 50 23 who
1222 2491 46 16 was

681 2522 42 20 not
732 2513 120 36 possessed
863 2517 26 23 of
898 2525 14 15 a
918 2518 86 31 private
1016 2516 87 24 income
1116 2516 72 24 would
1202 2517 66 25 think

682 2552 26 23 of
724 2551 120 31 accepting
856 2550 38 23 the
913 2550 164 32 appointment,
1091 2550 35 23 for
1146 2551 20 22 if
1182 2550 28 23 he
1221 2551 47 29 did,

682 2585 33 24 he
722 2584 74 24 would
807 2589 41 18 not
854 2584 40 24 fail
901 2591 54 16 soon
964 2588 22 20 to
997 2583 94 23 become
1100 2583 168 30 embarrassed,

683 2618 65 24 when
761 2618 34 23 his
808 2617 166 31 independence
995 2616 74 24 would
1088 2624 55 16 soon
1160 2617 28 23 be
1200 2625 70 23 ques-

684 2650 83 26 tioned.
804 2650 26 26 If
844 2650 111 24 therefore
966 2651 20 22 it
1006 2650 27 23 be
1054 2650 111 24 desirable
1177 2655 23 19 to
1213 2651 57 24 seek

684 2685 38 24 the
741 2688 85 20 utmost
846 2688 78 19 extent
943 2684 26 23 of
983 2683 125 31 efficiency,
1122 2685 17 22 it
1160 2689 62 18 must
1242 2685 28 23 be

685 2717 137 26 understood
835 2717 49 24 that
896 2716 38 25 the
952 2716 115 24 Resident
1079 2716 46 24 will
1136 2721 40 19 not
1187 2717 29 23 be
1230 2725 40 17 ex-

684 2751 80 33 pected
776 2756 23 19 to
819 2751 65 23 incur
903 2758 28 15 ex
950 2749 73 32 officio
1044 2758 112 23 expences
1167 2759 7 20 ;
1193 2751 78 24 other-

685 2786 54 23 wise
758 2784 161 30 subserviency
931 2791 50 22 may
997 2783 29 23 be
1047 2782 38 24 the
1106 2791 165 24 consequence,

685 2827 26 16 or
723 2819 38 23 the
772 2818 66 23 office
856 2825 41 15 can
919 2817 52 30 only
983 2817 28 22 be
1032 2817 108 31 occupied
1151 2817 30 31 by
1193 2826 44 15 one
1250 2818 25 23 of

685 2860 14 15 a
711 2852 58 23 class
782 2851 84 30 always
885 2858 54 23 very
951 2850 88 24 limited
1059 2851 23 23 in
1103 2859 13 15 a
1128 2858 54 23 very
1193 2859 79 23 young

686 2885 88 30 colony.
812 2883 86 24 Indeed
909 2884 38 23 the
959 2884 66 23 office
1043 2883 74 32 might
1129 2884 27 23 be
1168 2885 63 22 filled
1242 2884 30 31 by

686 2926 63 16 some
761 2917 124 28 individual
896 2917 52 24 with
962 2916 37 24 the
1009 2916 47 24 sole
1065 2917 208 25 recommendation

687 2953 26 23 of
734 2952 84 30 having
838 2951 65 24 other
920 2958 94 17 sources
1034 2950 26 25 of
1073 2951 90 24 income
1184 2951 93 25 besides,

687 2986 36 23 his
735 2985 83 31 salary.

722 3026 23 24 It
757 3026 19 23 is
796 3024 75 25 stated
891 3029 23 19 to
932 3024 58 24 have
1011 3026 56 22 been
1087 3025 120 24 intimated
1225 3025 54 25 that'

687 3059 82 24 should
788 3059 98 31 Captain
907 3058 93 30 Fitzroy
1021 3057 67 25 think
1109 3059 18 22 it
1146 3066 84 24 proper
1251 3064 23 19 to

689 3093 93 31 appoint
793 3100 13 14 a
819 3091 119 28 Resident,
950 3091 28 23 he
1000 3099 111 24 purposes
1131 3092 113 31 selecting
1258 3100 17 16 a

687 3125 131 32 gentleman
831 3128 23 20 to
865 3125 33 24 fill
912 3125 48 22 that
978 3124 66 24 office
1061 3125 59 24 from
1140 3133 85 24 among
1236 3125 39 24 the

689 3159 91 24 settlers
792 3158 26 24 of
834 3158 86 24 Cook's
939 3158 94 23 Straits.
1069 3158 44 24 We
1134 3158 57 24 have
1204 3158 69 24 heard

689 3191 87 25 several
787 3191 129 31 gentlemen
929 3190 82 24 named
1022 3198 26 16 as
1057 3191 72 24 either
1140 3192 27 23 fit
1174 3200 26 15 or
1207 3192 68 24 seek-

689 3226 41 31 ing
741 3230 23 18 to
775 3224 34 25 fill
821 3224 38 24 the
871 3224 65 24 office
944 3232 7 20 ;
971 3224 40 23 but
1023 3231 26 16 as
1061 3223 53 32 they
1125 3224 28 24 do
1171 3231 40 17 not
1223 3233 52 24 pre-

690 3264 51 19 sent
753 3257 144 28 themselves,
910 3257 42 23 and
974 3261 84 20 cannot
1073 3257 28 24 be
1120 3263 40 26 put
1179 3259 97 23 forward

691 3292 29 31 by
732 3292 59 24 their
803 3290 85 24 friends
900 3291 24 23 in
935 3290 56 24 such
1001 3298 14 15 a
1023 3297 94 17 manner
1129 3299 24 15 as
1162 3296 23 19 to
1197 3292 80 28 entitle

691 3334 28 15 us
731 3331 22 18 to
765 3324 68 25 make
845 3332 44 24 any
901 3323 102 25 remarks
1011 3332 60 23 upon
1082 3324 59 23 their
1150 3326 127 30 respective

691 3359 175 32 qualifications,
878 3365 34 16 we
923 3357 43 24 feel
985 3357 77 24 bound
1080 3362 23 18 to
1116 3358 90 23 abstain
1217 3358 60 24 from

692 3400 26 16 so
729 3392 78 30 doing.
842 3391 94 31 Among
955 3390 38 25 the
1011 3390 105 24 remarks
1134 3390 73 24 which
1225 3398 53 28 may

692 3426 28 23 be
732 3425 66 24 made
811 3433 29 15 on
852 3424 38 24 the
901 3424 90 32 subject
1011 3424 26 24 of
1052 3423 39 25 the
1110 3424 65 24 office
1186 3424 27 24 of
1228 3424 49 25 Re-

692 3459 76 24 sident
778 3459 25 23 in
816 3458 38 23 the
866 3457 129 29 Memorial,
1009 3464 33 17 we
1062 3457 29 24 do
1112 3462 40 19 not
1171 3465 107 24 presume

693 3499 33 17 we
737 3491 60 24 shall
807 3491 48 24 find
866 3491 39 24 the
917 3499 65 15 name
994 3490 25 24 of
1035 3490 38 24 the
1092 3498 83 23 person
1187 3499 26 15 or
1225 3499 52 24 per*

693 3532 55 17 sons
759 3525 24 23 in
795 3524 87 24 Cook's
903 3524 90 29 Straits,
1006 3524 52 24 best
1076 3523 107 32 qualified
1206 3529 22 19 to
1242 3525 37 24 fill

694 3558 49 24 that
762 3558 74 24 office.
880 3557 55 29 But,
958 3557 73 24 under
1051 3556 38 25 the
1107 3556 130 25 intimation
1256 3563 22 23 tfy

694 3591 73 24 which
778 3598 34 16 we
820 3590 58 24 have
889 3590 98 28 alluded,
996 3598 35 16 we
1042 3598 38 16 see
1093 3598 29 16 no
1134 3598 80 16 reason
1227 3591 51 31 why

694 3624 38 23 the
745 3624 92 31 opinion
849 3624 25 23 of
883 3624 39 23 the
933 3623 83 24 Public
1030 3624 105 31 Meeting
1143 3624 86 23 should
1240 3629 39 19 not

694 3657 29 23 be
734 3656 96 26 elicited,
836 3664 25 16 as
872 3662 23 18 to
905 3656 37 24 the
952 3664 97 24 persons
1058 3656 51 24 best
1118 3657 107 31 qualified
1232 3657 48 26 and

694 3690 39 23 the
753 3689 66 24 order
839 3690 24 23 in
883 3689 73 24 which
974 3689 74 30 their.
1054 3697 77 16 names
1150 3690 84 24 should

694 3723 79 32 placed
786 3730 29 16 on
827 3730 13 16 a
851 3722 40 24 list
901 3727 23 19 to
936 3722 28 24 be
985 3722 118 24 furnished
1122 3728 23 18 to
1156 3723 40 24 the
1209 3724 70 24 Com-

695 3758 65 23 mitte
771 3756 122 32 appointed
905 3761 23 18 to
940 3756 78 23 confer
1036 3756 55 23 with
1103 3756 104 31 Captain.
1213 3757 67 24 Fitz-

695 3798 46 23 roy.
747 3791 130 30 respecting
888 3789 39 25 the
946 3794 73 18 wants
1040 3789 46 23 and
1105 3789 84 25 wishes
1201 3791 24 23 of
1242 3790 38 24 the

695 3822 91 25 settlers
796 3823 25 24 iv
833 3822 45 25 this
889 3828 50 26 part
950 3822 26 24 of
992 3821 56 25 New
1060 3822 109 25 Zealand.

729 3855 51 25 The
791 3863 83 24 person
892 3857 50 23 best
959 3854 107 33 qualified
1078 3861 23 19 to
1109 3856 36 25 .fill
1157 3856 47 24 this
1215 3856 66 30 office;

696 3890 21 23 is
738 3897 43 18 one
804 3889 76 24 whose
890 3890 118 27 .interests
1028 3897 38 16 are
1087 3889 118 25 identified
1211 3908 3 4 .
1225 3890 57 26 with

696 3923 65 24 those
780 3923 27 24 of
822 3922 86 26 Cook's
923 3923 96 29 Straits.,
1032 3922 65 24 other
1115 3922 167 33 qualificatidnt

696 3956 69 31 being
776 3955 76 32 equal,
865 3956 45 24 and
920 3960 56 21 next
996 3960 25 19 to
1039 3955 47 24 this
1105 3956 54 24 best
1165 3957 117 31 ymaali*

1270 142 61 16 some
1343 142 44 16 one
1398 134 50 24 who
1459 134 43 24 has
1517 141 30 16 no
1566 134 97 24 interest
1681 134 23 22 in
1724 132 60 24 New
1794 132 59 24 Zea-

1269 166 62 26 land*
1366 166 51 25 The
1434 174 83 24 person
1534 168 27 22 in
1578 167 40 23 the
1636 166 63 24 other
1719 170 102 19 extreme
1822 176 33 6 —

1269 201 38 23 the
1319 207 82 24 person
1413 204 61 19 most
1481 199 70 31 likely
1560 204 24 19 to
1596 200 28 23 be
1633 203 59 20 most
1701 197 153 25 mischievous

1270 234 19 23 is
1300 240 29 17 an
1341 232 124 24 individual
1477 231 49 25 who
1538 232 43 24 has
1592 240 14 16 a
1613 231 59 25 local
1682 232 102 27 interest,
1796 231 57 23 from

1270 267 176 23 circumstances
1463 265 72 31 likely
1547 269 24 20 to
1590 265 29 24 be
1637 263 66 26 made
1721 268 134 27 permanent

1270 303 23 20 at
1304 297 133 26 Auckland.
1473 297 70 25 From
1564 297 57 24 such
1633 305 15 16 a
1658 304 81 24 person
1750 297 20 22 it
1781 296 73 22 would

1271 332 26 24 be
1309 330 164 25 unreasonable
1491 336 23 18 to
1534 335 83 27 expect
1632 330 92 31 justice,
1735 328 45 24 and
1799 329 57 22 least

1270 364 25 25 of
1309 364 32 24 all
1354 364 20 24 if
1389 365 18 23 it
1418 363 82 25 tended
1512 369 23 18 to
1547 363 69 24 make
1628 364 18 22 it
1663 363 41 23 felt
1721 362 29 30 by
1763 361 31 23 all
1811 362 45 22 im-

1270 396 82 34 partial
1370 404 95 25 persons
1487 396 48 23 that
1557 396 58 24 Port
1636 395 125 24 Nicholson
1780 395 20 22 is
1818 394 38 23 the

1272 437 81 25 proper
1363 431 45 23 site
1420 430 33 23 for
1464 429 39 24 the
1521 434 50 18 seat
1591 429 26 23 of
1633 428 164 27 Government,
1811 427 44 23 and

1272 464 48 23 that
1331 463 98 30 nothing
1438 462 64 23 short
1513 462 25 23 of
1548 462 39 23 the
1599 465 101 27 grossest
1710 459 111 32 stupidity
1831 467 26 15 or

1271 501 60 19 most
1342 496 96 30 rascally
1450 495 73 23 desire
1535 494 36 24 for
1582 494 55 24 laud
1646 494 103 31 jobbing,
1763 492 93 24 obliter-

1272 530 63 29 ating
1355 536 68 23 every
1446 527 122 24 honorable
1590 527 87 31 feeling
1693 527 26 23 of
1742 525 115 32 responsi-

1273 562 65 31 bility
1349 566 24 19 to
1392 562 40 23 the
1450 560 157 24 Government
1627 560 30 31 by
1669 560 73 23 whom
1763 559 94 30 appoin-

1273 595 44 28 ted,
1329 595 68 23 could
1415 594 57 23 have
1492 593 66 24 made
1579 595 18 22 it
1609 593 118 23 otherwise
1739 596 117 27 apparent.

1274 627 127 30 Following
1411 626 39 24 the
1466 626 65 24 order
1543 626 26 24 of
1585 626 153 31 impartiality,
1750 625 21 23 if
1787 625 70 31 parti-

1273 661 55 30 ality
1340 666 23 19 to
1376 660 37 24 the
1422 660 62 31 place
1493 659 27 25 be
1532 665 41 19 not
1585 658 127 33 possessed,
1720 666 37 16 are
1768 658 38 23 the
1815 657 42 23 fol-

1274 694 83 31 lowing
1368 693 163 32 qualifications
1543 701 6 21 ;
1564 701 14 16 a
1585 692 139 31 willingness
1737 697 22 17 to
1772 691 86 24 receive

1275 727 37 24 the
1324 727 68 23 views
1411 727 24 23 of
1451 726 38 24 the
1509 726 96 24 Settlers
1627 725 99 30 verbally
1738 732 25 16 or
1784 724 74 23 other-

1275 761 61 28 wise,
1349 760 44 23 and
1405 764 23 19 to
1439 760 51 31 give
1502 759 60 24 them
1575 759 43 24 full
1630 757 164 25 consideration
1802 765 6 20 ;
1822 756 37 23 the

1276 801 73 24 power
1361 798 23 18 to
1396 793 28 23 do
1436 800 25 16 so
1469 802 7 19 ;
1489 793 114 23 sufficient
1612 791 98 32 aptitude
1723 795 22 19 to
1752 795 62 19 meet
1822 790 38 23 the

1276 827 38 24 Sel
1318 826 54 24 tiers
1383 825 100 33 publicly
1496 826 42 23 and
1556 833 70 23 argue
1639 825 73 31 points
1725 824 24 23 of
1766 824 94 30 import-

1276 868 55 16 ance
1343 860 53 23 with
1409 859 60 23 them
1477 867 6 20 ;
1497 859 37 23 the
1547 866 75 23 power
1636 858 25 22 of
1670 857 191 29 communicating

1277 893 120 30 efficiently
1408 892 52 23 with
1479 892 38 23 the
1529 892 56 23 Seat
1596 891 26 22 of
1641 891 169 27 Government,,
1818 889 42 24 and

1273 926 123 32 judgment
1413 924 88 24 backed
1519 925 29 30 by
1568 924 102 24 decision
1686 923 44 23 and
1748 922 112 30 industry.

1276 960 54 30 Any
1342 958 130 32 gentleman
1490 957 120 32 possessed
1623 958 25 22 of
1664 957 62 23 these
1744 955 117 31 qualifica-

1278 994 58 22 tions
1357 992 45 24 and
1414 992 82 30 having
1509 999 27 15 no
1557 991 112 31 opposing
1680 990 94 23 interest
1789 993 22 19 to
1825 988 37 24 the

1278 1033 56 25 prog
1337 1033 46 16 .ess
1396 1026 24 23 of
1430 1025 37 24 the
1480 1024 143 24 settlements
1636 1024 23 23 in
1672 1022 84 25 Cook's
1769 1022 93 28 Straits,

1278 1060 18 23 is
1308 1059 27 23 fit
1347 1059 35 23 for
1394 1059 38 23 the
1444 1058 73 24 office.
1553 1057 109 28 Further,
1674 1064 32 15 we
1718 1055 67 24 think
1796 1055 66 30 Capt.

1279 1092 92 31 Fitzroy
1379 1091 79 29 would,
1469 1092 20 23 if
1498 1091 38 23 the
1544 1091 129 23 intimation
1682 1089 48 24 that
1741 1089 29 23 he
1780 1088 84 24 desires

1279 1132 21 18 to
1321 1126 94 31 appoint
1434 1133 14 15 a
1467 1124 85 24 Settler
1570 1124 29 23 be
1611 1129 58 23 true,
1681 1122 27 24 be
1728 1129 63 16 more
1811 1122 53 23 than

1279 1158 94 31 willing,
1385 1158 74 24 would
1470 1158 28 23 be
1515 1157 104 24 desirous
1637 1160 23 19 to
1669 1156 75 23 confer
1754 1155 40 23 the
1802 1155 63 23 office

1279 1193 25 23 of
1321 1192 113 24 Resident
1452 1199 59 24 upon
1524 1190 58 24 such
1594 1199 14 15 a
1627 1197 89 24 person,
1728 1188 82 24 should
1828 1187 37 24 the

1279 1226 100 24 creation
1390 1225 26 24 of
1430 1225 49 23 that
1490 1224 65 23 office
1572 1230 93 25 appear,
1676 1230 24 15 or
1717 1222 28 24 be
1764 1221 65 24 made
1843 1226 22 18 to

1279 1266 90 25 appear,
1381 1265 121 24 necessary
1513 1262 23 19 to
1554 1256 55 30 him,
1622 1264 60 23 upon
1700 1256 35 23 his
1746 1255 83 24 arrival
1841 1256 21 22 in

1281 1293 57 24 New
1355 1291 108 25 Zealand.

1560 1327 28 15 ♦■

1315 1354 43 24 We
1369 1353 46 25 had
1426 1352 111 29 occasion,
1553 1353 25 22 in
1599 1360 42 15 our
1656 1352 44 22 last
1717 1350 105 27 number,
1846 1354 21 18 to

1281 1387 75 24 allude
1368 1386 115 32 generally
1496 1392 21 17 to
1530 1386 38 23 the
1580 1385 47 23 fact
1648 1385 49 22 that
1715 1391 68 23 many
1801 1390 63 16 cases

1282 1421 24 24 of
1321 1427 132 24 annoyance
1464 1420 58 23 from
1535 1418 39 24 the
1586 1418 89 23 natives
1686 1425 52 22 may
1750 1416 29 24 be
1792 1415 75 24 traced

1282 1460 22 19 to
1317 1454 39 23 the
1368 1453 151 24 mischievous
1538 1452 117 23 influence
1673 1450 44 24 and
1734 1450 133 30 instigation

1282 1488 25 24 of
1321 1487 69 23 white
1403 1494 59 16 men.
1507 1486 23 23 A
1541 1485 125 31 particular
1677 1484 103 23 instance
1793 1482 73 23 which

1283 1522 41 23 has
1336 1520 70 31 lately
1418 1527 63 16 come
1491 1523 23 19 to
1525 1526 43 16 our
1587 1517 132 31 knowledge
1734 1524 53 22 may
1806 1523 63 16 serve

1283 1560 22 18 to
1317 1553 124 32 exemplify
1453 1553 38 23 the
1503 1560 94 16 manner
1610 1552 24 23 in
1644 1550 70 24 which
1727 1550 46 23 this
1784 1557 85 23 agency

1284 1586 77 25 works
1372 1588 90 30 against
1473 1593 35 16 us.
1544 1585 24 24 A
1580 1585 117 24 merchant
1706 1583 24 23 of
1740 1582 46 24 this
1797 1582 70 32 place,

1284 1620 119 31 intending
1422 1625 21 18 to
1462 1619 63 23 build
1544 1627 14 15 a
1577 1624 60 18 store
1658 1622 23 20 at
1693 1616 80 31 Kapiti
1787 1616 33 23 for
1833 1615 36 24 the

1286 1654 113 30 reception
1410 1653 25 23 of
1449 1653 54 28 flax,
1516 1652 83 31 agreed
1619 1657 22 18 to
1662 1655 48 20 rent
1728 1658 14 15 a
1764 1651 63 29 piece
1848 1649 23 23 of

1286 1687 52 24 land
1350 1687 58 23 from
1431 1686 46 24 Mr.
1498 1686 101 23 Thomas
1620 1685 85 27 Evans,
1722 1683 75 24 whose
1816 1690 53 23 pur-

1286 1721 66 24 chase
1365 1720 23 23 of
1406 1720 37 23 the
1455 1719 54 24 land
1520 1727 32 15 we
1564 1719 88 23 believe
1665 1718 37 23 the
1712 1718 89 22 natives
1813 1716 56 23 have

1287 1762 67 16 never
1366 1753 113 32 disputed.
1526 1752 40 24 He
1587 1757 52 18 sent
1651 1751 36 23 the
1699 1749 115 25 materials
1826 1748 43 24 and

1287 1787 37 24 the
1338 1792 129 26 carpenters
1479 1791 23 18 to
1514 1785 38 24 the
1569 1790 60 27 spot,
1650 1784 43 24 and
1710 1783 98 31 nothing
1826 1790 44 16 was

1288 1828 48 16 now
1360 1821 100 30 wanting
1483 1820 40 22 but
1545 1819 40 24 the
1605 1823 95 19 consent
1717 1818 25 22 of
1766 1816 40 24 the
1829 1821 42 18 two

1287 1854 75 24 native
1391 1854 138 30 sovereigns,
1560 1852 139 31 Itauparaha
1726 1849 45 25 and
1802 1849 66 24 Ran-

1287 1887 114 32 gihaeata.
1437 1887 51 23 The
1500 1887 75 27 latter,
1589 1886 110 28 however,
1712 1888 23 20 to
1747 1883 74 24 whom
1834 1882 37 24 the

1288 1921 65 24 other
1364 1920 51 24 said
1425 1920 28 23 he
1465 1920 45 23 had
1520 1919 43 24 left
1575 1919 38 23 the
1623 1919 70 23 whole
1714 1920 159 27 management

1288 1955 26 23 of
1338 1954 78 24 affairs
1434 1958 22 18 at
1480 1952 89 29 Kapiti,
1591 1951 102 25 declared
1714 1950 49 22 that
1782 1957 29 15 no
1830 1956 42 15 one

1289 1985 82 24 should
1382 1985 57 23 have
1450 1990 73 17 stores
1536 1983 64 24 there
1620 1987 81 26 except
1719 1980 48 24 Mr.
1790 1980 81 23 Brown

1289 2018 45 24 and
1345 2018 47 23 Mr.
1406 2017 94 28 Lcvien,
1513 2016 45 23 and
1580 2016 38 23 the
1637 2019 136 27 carpenters,
1792 2012 81 23 unable

1290 2058 22 17 to
1323 2051 104 31 proceed,
1438 2049 108 25 returned
1559 2049 53 23 here
1625 2057 13 15 a
1647 2049 39 23 few
1701 2047 54 30 days
1768 2047 71 22 since.

1324 2085 30 23 In
1366 2084 47 24 this
1425 2091 51 16 case
1486 2082 37 25 the
1533 2082 141 24 obstruction
1686 2081 54 23 does
1762 2084 39 19 not
1820 2086 54 15 con-

1291 2119 43 22 sist
1353 2119 23 22 in
1397 2126 14 15 a
1429 2115 104 33 disputed
1552 2115 49 25 title
1622 2121 23 18 to
1656 2114 65 28 land;
1725 2126 30 4 —
1757 2113 42 23 but
1811 2113 22 23 in
1846 2119 28 16 an

1291 2152 112 30 arbitrary
1415 2158 40 16 use
1474 2150 24 23 of
1514 2149 50 25 that
1584 2149 143 30 sovereignty
1746 2146 73 23 which
1839 2145 36 24 the

1292 2190 43 18 two
1348 2185 75 23 native
1435 2183 71 25 chiefs
1519 2190 58 16 were
1585 2181 113 32 supposed
1706 2186 22 18 to
1737 2180 59 24 have
1808 2179 67 24 ceded

1291 2222 24 20 t)
1328 2218 38 24 the
1378 2218 82 26 Queen
1472 2216 25 25 of
1506 2216 117 31 England,
1636 2214 108 32 although
1750 2213 55 31 they
1816 2213 59 30 daily

1293 2252 101 23 exercise
1407 2253 18 22 it
1437 2256 21 18 to
1467 2250 38 24 the
1512 2251 124 23 detriment
1644 2249 25 23 of
1677 2248 39 23 her
1724 2247 151 32 prerogative,

1293 2284 130 24 undaunted
1446 2285 30 30 by
1495 2292 43 23 any
1560 2283 91 31 display
1668 2282 23 23 of
1714 2288 40 16 our
1774 2279 102 32 physical

1293 2319 70 28 force,
1375 2318 45 24 and
1432 2317 155 24 uncontrolled
1604 2317 28 30 by
1651 2323 42 24 any
1714 2314 71 24 moral
1808 2312 68 24 influ-

1293 2360 55 16 ence
1361 2352 24 23 of
1401 2359 42 16 our
1453 2351 55 24 laws
1520 2350 44 24 and
1585 2350 163 24 Government.
1793 2346 29 24 In
1839 2346 38 23 the

1293 2385 130 24 immediate
1442 2383 187 33 neighbourhood
1641 2383 26 23 of
1681 2382 150 30 Wellington,
1846 2387 31 16 we

1294 2427 38 15 are
1343 2418 109 30 certainly
1473 2417 114 31 governed
1606 2416 30 31 by
1657 2424 13 16 a
1689 2415 78 24 Police
1788 2413 89 31 Magis-

1295 2451 66 27 trate]
1369 2451 45 24 and
1426 2451 36 24 his
1475 2452 109 22 assistant
1601 2449 59 25 from
1678 2448 125 24 Auckland
1813 2456 6 19 ;
1839 2447 40 23 but

1294 2491 24 19 at
1336 2486 98 24 Porirua
1452 2493 26 15 or
1497 2484 90 31 Kapiti,
1589 2496 33 4 —
1623 2488 25 19 at
1664 2482 36 24 the
1710 2482 103 23 distance
1826 2480 25 23 of
1866 2488 13 15 a

1295 2519 64 31 day's
1373 2519 97 31 journey
1483 2517 58 24 from
1554 2522 68 23 town,
1642 2524 32 16 we
1683 2524 38 15 are
1732 2523 26 15 as
1770 2514 109 30 certainly

1295 2552 113 31 governed
1428 2552 30 30 by
1471 2550 76 31 Kings
1566 2549 140 33 Rauparaha
1724 2549 44 23 and
1789 2547 90 31 Rangi-

1295 2587 88 23 haeata.
1429 2585 38 23 On
1486 2592 42 16 one
1547 2584 49 24 side
1615 2583 27 23 of
1657 2583 36 24 the
1712 2583 96 23 frontier
1820 2582 60 23 rules

1296 2619 66 31 King
1374 2618 59 31 Log,
1434 2630 33 6 —
1469 2626 28 15 on
1509 2618 38 23 the
1559 2617 65 24 other
1638 2616 63 32 King
1714 2616 81 23 Stork,

1331 2656 127 26 Interested
1470 2656 43 25 and
1524 2655 166 32 evil-disposed
1700 2655 66 23 white
1779 2662 52 15 men
1844 2661 37 16 are

1296 2699 51 17 now
1359 2691 40 23 but
1411 2695 36 19 too
1459 2690 50 24 well
1520 2698 74 16 aware
1605 2689 50 23 that
1672 2688 37 24 the
1726 2688 156 24 Government

1298 2726 25 23 of
1339 2725 45 24 this
1396 2724 23 32 pi
1425 2731 33 17 ice
1471 2723 45 24 will
1536 2729 41 18 not
1596 2723 108 24 interfere
1723 2722 55 23 with
1800 2721 49 24 that
1860 2721 25 23 of

1299 2758 86 25 Cook's
1406 2758 99 27 Straits;
1524 2757 46 23 and
1590 2764 39 16 are
1650 2756 144 30 accordingly
1815 2754 68 31 ready

1298 2791 99 31 enough,
1415 2791 64 23 when
1491 2790 53 32 they
1557 2790 66 24 think
1644 2789 58 24 their
1712 2790 88 30 private
1813 2789 70 22 inter-

1299 2830 48 20 ests
1359 2829 23 19 at
1393 2823 72 30 stake,
1479 2829 22 18 to
1521 2823 71 25 enlist
1610 2823 39 24 the
1668 2823 76 30 ruling
1754 2829 89 24 powers
1855 2829 27 15 on

1300 2858 59 25 their
1367 2858 56 23 side.
1458 2858 36 23 As
1506 2865 33 16 we
1559 2857 58 24 have
1636 2856 43 24 had
1691 2857 103 22 occasion
1809 2861 21 17 to
1843 2863 40 14 no-

1300 2893 43 23 tice
1356 2892 22 22 in
1390 2899 14 15 a
1415 2891 83 23 former
1510 2898 79 25 paper,
1601 2891 19 23 it
1637 2890 21 24 is
1674 2897 52 24 easy
1738 2888 35 24 for
1786 2896 43 23 any
1842 2895 42 15 one

1300 2930 65 27 party
1376 2930 23 18 to
1412 2924 58 24 raise
1482 2924 37 24 the
1539 2924 127 32 suspicion,
1678 2923 43 24 and
1741 2921 53 24 thus
1807 2928 77 17 secure

1300 2961 38 22 the
1359 2958 127 31 opposition
1506 2958 25 23 of
1547 2957 39 24 the
1606 2957 96 24 Natives
1722 2955 97 23 towards
1840 2962 44 23 any

1300 2992 65 24 other
1384 2999 83 23 person
1493 2999 24 16 or
1539 2998 114 20 measure,
1674 2989 93 24 without
1790 2987 95 31 making

1300 3024 94 26 himself
1416 3024 115 24 amenable
1552 3029 24 18 to
1596 3023 39 23 the
1653 3022 54 24 laws
1727 3021 24 24 of
1768 3020 115 32 England.

1300 3059 24 24 A
1337 3058 59 23 word
1409 3065 25 16 or
1446 3063 42 18 two
1509 3057 87 24 thrown
1608 3060 41 19 out
1669 3060 22 19 at
1703 3054 102 29 random,
1817 3062 14 16 a
1842 3054 42 23 dif-

1301 3093 73 23 ferent
1385 3091 125 24 intonation
1523 3090 23 24 of
1564 3098 14 15 a
1597 3088 63 26 word
1676 3088 118 24 otherwise
1810 3088 76 24 harm-

1302 3126 53 28 less,
1368 3133 14 15 a
1395 3132 74 21 sneer,
1481 3124 43 24 and
1545 3123 72 24 above
1636 3123 32 23 all
1684 3131 14 14 a
1714 3122 117 32 judicious
1843 3121 43 24 and

1303 3157 132 25 well-timed
1447 3162 99 27 present,
1560 3164 43 16 cau
1614 3156 29 24 be
1657 3156 62 24 made
1738 3155 31 31 by
1781 3163 13 15 a
1807 3162 79 24 person

1302 3192 51 23 well
1364 3191 134 31 acquainted
1510 3190 54 24 with
1576 3191 39 22 the
1633 3190 74 23 habits
1719 3189 45 23 and
1776 3189 112 31 language

1302 3226 26 24 of
1343 3224 38 24 the
1394 3224 95 24 Natives
1501 3228 22 19 to
1536 3231 65 16 serve
1613 3224 39 23 the
1663 3231 61 15 same
1736 3221 152 25 mischievous

1303 3265 98 26 purpose
1413 3265 26 16 as
1451 3265 28 16 an
1491 3257 165 31 open'request
1666 3264 24 17 or
1707 3265 13 14 a
1740 3255 78 31 public
1836 3255 52 23 bar*

1302 3292 62 32 gain.
1401 3290 50 24 The
1463 3290 107 24 mischief
1585 3291 19 23 is
1617 3298 29 16 no
1665 3290 44 24 less
1721 3297 61 20 sure,
1794 3288 45 24 and
1851 3288 37 24 the

1303 3324 165 32 transgression
1481 3331 29 16 no
1525 3323 48 24 less
1592 3323 86 31 worthy
1693 3323 26 23 of
1733 3321 155 32 punishment,

1303 3359 96 23 because
1411 3358 19 22 it
1439 3358 21 22 is
1474 3356 169 31 accomplished
1655 3356 28 30 by
1694 3363 14 15 a
1724 3363 81 16 means
1817 3355 71 23 which

1304 3396 83 19 cannot
1397 3391 28 22 be
1443 3389 81 24 visited
1544 3389 30 31 by
1593 3397 43 15 our
1655 3389 62 24 laws.
1752 3388 69 24 Even
1832 3396 58 17 were

1304 3425 38 24 the
1354 3423 111 25 offenders
1484 3427 23 19 to
1519 3422 64 24 work
1601 3422 32 31 by
1645 3429 61 17 more
1724 3430 60 23 open
1804 3422 86 31 though

1303 3457 90 33 equally
1413 3455 156 33 unjustifiable
1596 3464 87 21 means,
1688 3455 3 9 1
1705 3456 18 23 it
1743 3456 20 23 is
1785 3455 104 24 doubtful

1304 3491 110 28 whether,
1425 3490 73 23 under
1515 3489 39 23 the
1574 3493 94 28 present
1684 3493 58 20 state
1764 3489 26 23 of
1805 3488 85 32 things,

1304 3525 55 31 they
1370 3523 74 24 would
1455 3523 28 23 be
1495 3523 87 23 treated
1594 3530 26 15 as
1638 3523 53 31 they
1702 3522 102 24 deserve.
1840 3523 50 23 The

1291 3562 2 18 !
1305 3558 96 24 Natives
1411 3556 76 24 would
1498 3560 39 19 not
1548 3556 119 23 denounce
1678 3564 13 15 a
1710 3555 70 24 white
1791 3562 54 17 man
1855 3556 36 23 for

1305 3590 188 30 acknowledging
1504 3589 50 23 that
1564 3590 143 30 sovereignty
1717 3589 27 23 of
1750 3589 76 23 which
1837 3589 54 31 they

1305 3624 68 24 make
1385 3631 26 15 so
1422 3622 54 24 loud
1487 3629 14 16 a
1519 3622 66 24 boast
1595 3631 6 20 ;
1622 3622 45 24 and
1685 3622 83 24 should
1780 3623 19 22 it
1810 3622 28 24 be
1850 3630 40 16 ne-

1305 3664 91 24 cessary
1409 3661 23 18 to
1444 3663 94 24 procure
1555 3655 39 24 the
1615 3655 132 24 attendance
1768 3655 25 24 of
1809 3655 82 24 Native

1305 3692 118 22 witnesses
1436 3693 22 20 to
1479 3696 69 24 prove
1569 3688 39 24 the
1625 3688 94 30 offence,
1738 3689 18 22 it
1774 3696 75 16 seems
1860 3689 31 22 ri-

1293 3717 1 30 i
1305 3723 106 25 diculous
1422 3728 23 18 to
1456 3722 44 23 ask
1512 3721 25 24 of
1551 3721 62 24 what
1632 3721 64 24 value
1707 3721 39 24 the
1763 3721 130 31 sub-panas

1306 3757 76 24 would
1394 3757 93 23 become
1507 3763 24 16 as
1550 3762 58 16 soon
1625 3763 28 16 as
1673 3754 53 31 they
1737 3754 45 24 had
1801 3755 92 24 crossed

1306 3791 39 24 the
1356 3787 104 31 frontier,
1468 3796 26 16 or
1505 3788 101 24 whether
1613 3788 40 24 the
1664 3787 78 25 Police
1755 3788 138 31 Magistrate

1305 3822 215 28 vr'ould»undertake
1531 3827 25 18 to
1567 3820 93 25 enforce
1677 3821 71 29 them,
1761 3821 22 24 if
1796 3821 98 32 laughed

1306 3862 25 19 at
1341 3856 46 25 arid
1390 3856 6 13 v
1522 3855 32 31 by
1568 3853 69 33 King
1657 3853 148 33 Rauparaha.
1840 3855 54 24 And

1307 3887 151 27 eVtin^Hoald
1469 3890 39 24 the
1519 3889 120 23 witnesses
1658 3888 84 30 attend,
1754 3888 62 26 what
1825 3888 68 24 influ-

1307 3923 64 24 ence-
1373 3921 76 26 would
1455 3922 45 25 'the
1511 3921 138 32 knowledge
1661 3921 48 25 that
1718 3913 96 41 perjury
1825 3930 46 16 was
1882 3930 13 16 a

1308 3957 72 23 crime
1390 3956 37 24 for
1530 3954 149 32 punishment
1698 3955 23 23 is
1737 3954 109 31 provided
1865 3953 30 33 by

545 50 101 46 ffiTftt
664 50 126 41 INWO
812 49 209 42 afcateui*
1047 48 103 46 ffim
1151 49 92 38 etc*
1260 48 102 37 mttt
1378 45 304 47 ORcittngton
1705 41 255 50 ftpettatut.

120 1311 167 21 SHIPPING
305 1311 270 21 INTELLIGENCE.

278 1364 141 21 ARRIVED.

84 1399 119 22 November
230 1399 35 23 22,
290 1398 103 21 schooner
418 1397 74 21 Nelion
503 1396 86 26 Packet,
607 1396 33 25 20,

59 1427 75 24 Smith,
145 1427 54 20 from
209 1426 35 21 the
256 1428 67 18 coast.

87 1454 61 21 Same
168 1454 48 27 day,
231 1453 103 21 schooner
345 1453 65 21 Three
427 1452 104 25 Brothers,
542 1452 28 20 50
586 1455 55 19 tons,

59 1482 88 25 Thorns,
157 1482 54 21 from
221 1481 36 20 the
267 1483 65 18 coast.

301 1530 115 22 SAILED.

318 1562 69 22 None.

286 1615 33 22 IN
335 1615 84 21 PORT.

85 1652 86 27 Barque
188 1650 133 25 Indemnity,
339 1650 40 21 312
403 1651 58 21 tons,
480 1647 27 22 R.
527 1648 116 26 Sedgwick.

59 1681 92 26 Agents,
162 1679 111 26 Ridgways
283 1677 44 21 and
337 1677 39 21 Co.
402 1676 94 27 Loading
505 1675 34 22 for
547 1675 96 22 London.

86 1708 112 22 Schooner
219 1707 59 24 Ann,
302 1707 28 20 22
350 1708 59 18 tons.
438 1704 50 22 Laid
513 1710 38 21 up.

86 1736 111 21 Schooner
223 1734 62 25 Erin,
311 1733 28 21 25
363 1736 58 17 tons.
451 1731 50 22 Laid
512 1738 36 21 up.

86 1763 110 21 Schooner
203 1762 70 21 Maori
281 1761 73 24 Davit,
363 1761 24 20 15
395 1763 59 18 tons.
482 1759 123 28 Repairing.

87 1790 84 28 Barque
189 1790 108 23 Glenarm,
315 1789 40 21 297
371 1790 57 22 tons,
445 1787 54 26 Guy.
538 1787 105 24 Boulcctt,

59 1819 80 26 Agent.
168 1816 96 26 Loading
271 1816 34 21 for
316 1816 98 20 London.

89 1846 109 21 Schooner
206 1845 109 25 Industry,
327 1844 25 21 24
363 1846 56 22 tons,
430 1842 81 28 Wylde.
539 1842 24 21 J.
574 1842 69 26 Wade,

60 1874 79 26 Agent.
169 1872 122 26 Repairing.

89 1902 53 25 Brig
158 1900 103 26 Victoria,
271 1900 42 21 220
330 1902 57 20 tons,
404 1898 97 21 Sinclair.
529 1898 69 21 Waitt
607 1897 36 22 and

61 1929 75 28 Tyser,
146 1928 87 27 Agents.
263 1927 95 26 Loading
367 1927 34 20 for
414 1926 95 21 London.

90 1956 84 27 Barque
185 1956 63 26 Tyne,
263 1955 41 23 428
315 1956 57 23 tons,
386 1954 127 22 Robertson.
548 1952 73 23 Willis
630 1954 13 19 &

63 1983 50 24 Co.,
123 1983 89 26 Agents.
310 1987 5 9 '

92 2010 108 22 Schooner
208 2009 78 25 Fidele,
304 2009 14 20 5
328 2006 56 25 tod's,
402 2006 99 21 Cemino.-
525 2006 70 21 Waitt
609 2006 34 21 and

61 2037 77 28 Tyser,
149 2037 88 26 Agents.

91 2064 124 27 Brigantine
226 2062 121 27 Vanguard,
358 2062 25 21 61
395 2064 56 22 tons,
463 2060 90 22 Pelford.
582 2060 61 22 Waitt

65 2095 19 19 &
93 2093 74 26 Tyser,
179 2092 89 25 Agents.

92 2119 123 27 Brigantine
233 2117 78 28 Joseph
329 2117 83 24 Albino,
433 2117 37 20 141
490 2119 57 21 tons,
568 2116 75 21 Finnis.

63 2147 69 22 Waitt
142 2147 41 21 and
191 2146 75 27 Tyser,
276 2147 87 24 Agents.

93 2175 107 21 Schooner
219 2174 37 20 Sir
269 2173 56 21 John
337 2172 106 24 Franklin,
460 2172 24 20 52
494 2173 57 23 tons,
572 2171 71 28 Camp,

64 2203 51 22 bell.
144 2202 57 21 Hort
210 2201 40 21 and
261 2200 48 24 Co.,
322 2201 84 25 Agents.

96 2230 75 21 Cutter
181 2228 85 22 Rover's
276 2227 74 21 Bride.

94 2257 123 27 Brigantine
229 2256 123 23 Columbine,
363 2255 25 21 68
399 2257 57 22 tons,
466 2253 104 22 Stratton.

94 2286 108 20 Schooner
211 2283 123 25 Richmond,
344 2283 26 20 30
381 2286 57 21 tons,
450 2283 81 20 Brown.

95 2312 53 28 Ship
156 2312 99 21 Frances.

93 2340 124 26 Brigantine
226 2339 69 24 Ariel,
306 2339 26 20 73
342 2341 55 20 tons,
409 2336 92 22 Skelton.

96 2368 108 21 Schooner
213 2368 53 19 New
275 2366 122 23 Zealander,
408 2366 27 20 27
450 2368 54 20 tons,
515 2363 81 21 Guard.

95 2395 65 27 Sloop
170 2394 68 26 Royal
256 2394 100 24 William,
367 2393 28 21 43
412 2396 56 19 tons,
478 2391 85 22 Lovett.
592 2390 51 21 Wai.

64 2423 48 22 lace
121 2423 42 20 and
178 2422 47 24 Co.,
236 2422 89 26 Agents.

92 2451 113 20 -Schooner
214 2450 80 20 Nelson
306 2448 86 26 Packet,
403 2448 27 21 20
441 2450 53 21 tons,
506 2446 77 21 Smith.

99 2478 107 20 Schooner
231 2477 67 20 Three
317 2476 106 26 Brothers,
445 2475 26 20 50
488 2477 57 21 tons,
565 2473 78 22 Thorns

70 2505 90 28 Captain
170 2505 77 27 Agent.

247 2564 120 19 CUSTOM
384 2564 103 19 HOUSE,

269 2646 186 23 EXPORTS.

97 2680 30 22 In
141 2686 47 15 the
409 2684 45 15 for
466 2678 75 21 South
562 2677 48 21 Ska
619 2677 35 20 Is-

71 2708 195 26 land*.—Ba^ar,
280 2708 102 25 Agent,—
385 2706 76 24 2hhds.
469 2705 87 26 brandy.
574 2705 13 21 4
598 2710 57 14 case«

73 2736 46 23 do.,
128 2736 14 20 5
151 2735 62 22 bbds.
229 2741 55 18 mm,
294 2735 14 21 3
323 2734 77 21 barrels
410 2733 45 24 do.,
469 2733 14 20 3
492 2733 51 24 kegs
560 2732 95 23 tobacco,

74 2763 11 21 1
95 2755 53 28 bid.
158 2762 81 26 foreign
249 2762 60 24 wine,
319 2762 13 21 2
342 2767 56 15 cases
408 2761 44 25 gin.
462 2761 9 19 I
478 2760 41 26 keg
525 2759 96 23 tobacco,
630 2760 26 20 18

74 2796 58 15 cases
142 2790 61 23 wine,
213 2790 14 20 3
236 2792 68 18 crates
316 2790 10 20 1
344 2788 48 21 cask
409 2788 145 23 earthenware,
565 2788 13 20 4
596 2787 60 22 caski

72 2818 159 26 ironmongery,
240 2817 28 20 40
278 2817 51 25 kegs
339 2816 65 25 paint.

102 2844 28 21 In
149 2850 46 15 the
380 2849 45 14 for
445 2843 102 20 Sydney.
548 2853 28 4 —
577 2842 78 26 Jiagar,

72 2872 103 26 Agent.—
175 2873 15 20 4
209 2872 62 20 hhds.
288 2872 87 26 brandy,
392 2872 10 19 1
414 2870 65 21 barrel
497 2870 44 23 do.,
555 2870 28 21 20
600 2876 57 14 cases

74 2900 61 28 wine,
146 2900 12 20 4
168 2900 58 21 bales
234 2900 14 20 3
258 2905 58 15 cases
334 2900 62 25 slops,
407 2898 12 21 2
430 2904 55 15 cases
500 2898 156 26 ironmongery,

75 2927 11 21 1
97 2933 49 15 cade
155 2928 45 20 loaf
211 2933 68 19 sugar,
292 2928 26 19 12
328 2927 65 22 hams,
428 2926 47 26 bags
485 2926 51 20 rice.

103 2954 29 22 In
142 2961 46 14 the
467 2959 41 15 for
520 2952 80 21 South
612 2952 45 21 Sea

75 2982 139 22 Islands.—
216 2982 85 20 Samuel
309 2982 19 25 8f
337 2982 82 26 Joseph,
437 2982 111 24 Agents.—
552 2981 25 20 ls
589 2981 69 20 chests

75 3012 43 21 tea,
128 3011 13 19 5
151 3013 49 17 tons
210 3009 63 25 flour,
285 3010 10 20 1
315 3012 36 18 ton
362 3015 67 20 sugar,
449 3009 24 19 10
482 3008 61 20 casks
551 3008 63 26 pork,
633 3008 24 20 15

75 3037 52 26 bags
137 3037 70 23 bread,
217 3037 41 21 500
268 3037 40 19 oak
319 3036 76 24 stacks,
407 3036 11 20 1
431 3036 56 20 chest
497 3036 65 26 slops,
573 3036 13 20 2
598 3035 60 21 hhds.

75 3063 88 28 brandy,
174 3065 13 20 2
196 3065 35 20 do.
243 3070 55 19 rum,
309 3065 12 20 1
332 3064 40 26 keg
381 3063 93 24 tobacco,
484 3063 10 20 1
506 3063 66 21 tierce
581 3063 36 21 do.

311 3098 113 21 Imports.

106 3159 30 21 In
146 3165 46 15 the
464 3163 60 17 from
535 3157 126 22 Adelaide

77 3187 36 21 via
131 3187 104 21 Nelson.
236 3197 28 6 —
268 3187 66 20 Waiit
353 3187 42 20 and
415 3187 68 24 Tystr,
501 3186 87 24 Agent*.
591 3196 27 5 —
621 3185 40 21 188

77 3214 86 20 bushels
172 3216 54 22 oats,
237 3215 39 21 764
295 3215 35 20 do.
340 3214 58 24 bran,
414 3215 12 20 2
436 3213 59 21 casks
511 3213 59 24 salts,
581 3213 13 22 4
610 3213 51 26 kegs

78 3241 134 26 gunpowder,
221 3242 43 20 260
273 3241 50 27 bags
334 3248 67 19 sugar,
417 3242 28 20 40
455 3241 31 20 do.
503 3240 73 23 coffee,
587 3241 27 19 50
625 3240 35 20 do.

78 3269 64 23 flour,
158 3269 12 21 2
184 3268 51 27 kegs
250 3269 80 24 butter,
348 3269 26 21 12
390 3275 58 15 cases
464 3268 84 26 brandy,
567 3268 25 21 11
611 3267 50 26 bags

78 3296 77 24 wheat,
164 3296 26 21 25
201 3295 63 21 boxes
274 3298 41 21 tea,
327 3296 25 21 10
362 3296 69 21 chests
441 3296 41 22 do..
494 3296 10 20 1
516 3295 38 21 tub
565 3301 96 20 oranges,

76 3325 17 20 5
103 3329 59 16 cases
171 3329 57 20 sago,
236 3324 15 20 1
262 3323 35 21 do.
311 3323 78 27 ginger,
402 3324 13 20 5
430 3323 73 22 trunks
513 3323 70 25 shoes,
596 3324 10 19 1
624 3323 38 21 tub

78 3357 97 21 oranges.

107 3378 32 22 In
148 3383 47 16 the
229 3378 42 20 Sir
276 3377 65 22 John
506 3383 65 16 from
582 3378 69 20 l>Avs
653 3389 10 13 r

81 3411 87 16 ceston
177 3406 33 20 via
220 3405 105 21 Nelson.
326 3415 27 5 —
353 3404 57 21 Hort
418 3405 43 20 and
470 3405 41 26 Co.,
520 3406 87 24 Agent*.
609 3415 24 5 —
635 3406 28 20 29

79 3437 51 18 tons
138 3434 63 23 flour,
210 3432 28 23 35
248 3432 52 26 bags
309 3434 53 22 oats,
375 3432 9 21 1
397 3438 48 14 case
453 3432 48 21 bath
509 3432 80 25 bricks,
602 3433 10 20 1
623 3432 41 26 keg

80 3463 15 20 2
104 3462 51 27 bags
164 3460 58 28 pearl
231 3460 80 27 barley,
322 3460 27 21 19
358 3460 50 25 kegs
417 3459 77 24 butter,
512 3460 25 20 14
547 3460 66 20 boxes
622 3461 42 20 iai-

81 3489 53 24 sins,
144 3490 13 20 4
166 3489 50 26 bags
223 3488 106 24 almpnds,
340 3488 25 20 20
376 3487 50 25 bags
435 3486 69 24 bread,
511 3487 13 20 2
534 3486 62 21 casks
602 3488 61 25 pork,

81 3517 13 20 1
112 3516 36 21 do.
161 3516 80 26 sherry,
261 3516 10 20 1
289 3515 36 20 do.
339 3516 55 26 port,
405 3514 13 21 2
434 3514 48 26 bags
497 3519 88 21 pepper,
597 3515 12 20 1
625 3516 40 24 bag

81 3544 81 26 ginger,
174 3544 13 19 2
196 3543 98 27 ploughs,
306 3543 10 20 1
328 3548 48 15 case
383 3541 76 22 books.

231 3603 125 24 Inwards,
372 3601 146 21 Coastwise.

87 3643 7 4 -
107 3636 34 23 'In
150 3639 48 17 *»»
208 3636 14 11 '•
408 3639 63 15 from
481 3632 113 21 Mana.—
599 3633 66 20 Waitt

82 3662 45 21 and
145 3663 71 25 Tyier,
233 3663 111 25 Agent*.—
348 3662 31 21 37'
391 3664 51 18 tuns
457 3659 59 22 black
532 3660 38 24 oil,
588 3660 14 20 2
617 3663 48 18 tons

82 3690 129 21 whalebone.
263 3692 5 7 '
288 3709 4 5 .
385 3692 3 5 '
638 3686 26 11 '"'

107 3717 35 27 ,I.N
143 3714 6 7 V
151 3723 47 15 THE
209 3718 15 11 *'
232 3716 103 22 ROVEE'S
456 3719 59 17 FROM
525 3714 141 21 AICAROA.—

83 3739 99 29 Hoimori,
198 3742 121 28 Apehf.—S
328 3748 49 16 tuns
391 3743 63 21 black
462 3740 34 27 oil',
508 3742 12 20 4
536 3744 49 18 cwt.
602 3742 63 25 bone,

85 3772 27 20 10
126 3778 51 14 cans
181 3771 133 27 'turpentine,
330 3771 11 21 1
357 3775 48 21 mat.
413 3771 67 23 boots,
494 3770 28 20 47
537 3770 52 25 kegs
597 3770 68 26 paint,

85 3799 14 21 7
109 3805 50 15 cans
175 3799 44 25 do;>
320 3799 50 25 rice,
388 3798 31 20 13'
422 3798 51 26 Bags
487 3796 76 26 coffee',
573 3797 13 20 2
604 3797 62 21 boxes

85 3832 60 21 soap,
161 3826 27 22 39
205 3826 75 23 tierces
295 3826 54 25 beef,
366 3826 11 20 1
393 3825 40 26 bag
450 3824 115 27 salt-petre,
579 3825 22 19 s'
610 3830 57 15 cases

84 3848 63 30 tHoe,
158 3853 10 21 1
185 3859 48 15 case
241 3853 86 26 herring
339 3855 69 26 .paste,
420 3853 11 21 1
449 3858 45 16 case
503 3851 52 22 soda
572 3851 42 21 and
623 3851 44 21 tar',

85 3879 118 26 ttaicacid,
212 3881 14 20 3
235 3881 71 21 chests
316 3884 40 23 tea,
367 3881 13 21 2
390 3880 53 22 coils
456 3879 78 28 rope,!
545 3884 49 16 case
608 3879 59 21 bhu>

83 3907 58 24 kets|
152 3907 11 22 1
173 3912 48 16 case
229 3907 47 22 Ban.
285 3908 27 21 de
322 3908 100 27 Cologne,
433 3908 12 21 1
456 3913 45 15 case
516 3907 128 25 velveteens,
655 3907 11 21 1

83 3937 47 19 mat
151 3935 56 21 hats.
235 3934 151 28 Passengers—
387 3935 34 21 W.
447 3934 98 26 HowgoB)
571 3934 97 27 Cotting,

84 3961 92 28 Jeffrey,;
186 3961 22 23 J.
218 3959 77 24 Briice.
400 3984 5 7 n
433 3964 4 4 '

49 139 95 23 »T*HE
170 137 228 25 ANNIVERSARY
430 136 38 23 OF
497 135 42 23 ST.
569 135 58 23 AN-

57 158 31 31 JL
122 165 118 28 .DREW'S
256 164 123 23 DINNER
391 164 44 22 will
454 164 25 20 be
496 162 130 22 celebrated

49 200 26 14 as
84 192 71 28 usual,
167 197 22 17 at
200 192 104 22 Barrett's
316 191 75 26 Hotel,
401 197 29 15 on
440 188 118 29 Thursday,
565 191 61 25 next,

49 218 54 24 30th
114 219 134 25 November*
257 221 24 19 at
290 219 13 21 6
312 217 91 23 o'clock.

106 249 106 24 Kenneth
221 248 111 29 Bethune,
343 250 59 27 Esq.,
414 247 125 23 Chairman.

105 277 84 22 Robert
198 277 66 27 Park,
276 277 52 27 Esq.
343 275 112 28 Croupier.
482 287 3 7 >

282 309 123 17 STEWARDS.

158 329 85 24 Robert
252 329 78 28 Waitt,
341 329 57 28 Esq.,

160 357 75 27 Major
244 356 78 26 Durie,

159 381 106 26 Kenneth
276 381 133 26 Mathieson,
419 379 59 30 Esq.,

160 409 128 23 Alexander
299 408 91 25 Rennie,
402 406 54 29 Esq.

50 434 91 25 Tickets
156 437 45 22 10s.
215 436 44 26 6d.,
271 439 24 18 to
308 433 30 24 be
347 433 44 24 had
401 438 24 18 at
434 431 105 25 Bairett's
553 431 77 23 Hotel.

78 467 145 27 Wellington,
234 466 128 23 November
372 467 33 23 24,
417 466 59 21 1843.

52 514 28 50 I
106 512 64 24 THE
184 511 234 26 UNDERSIGNED,
429 510 65 26 being
504 509 127 26 thelegally

82 548 14 12 •
125 538 127 24 authorised
262 539 108 26 Attorney
380 538 26 21 of
415 536 94 23 William
521 536 79 27 Byers,
609 534 25 23 of

53 569 96 26 Sydney,
165 566 23 22 in
203 565 37 23 the
256 565 83 27 Colony
355 564 25 22 of
393 563 56 23 New
464 562 67 23 South
548 560 83 28 Wales,

52 593 95 25 Trustee
156 592 26 22 of
188 591 37 23 the
236 591 117 23 Insolvent
362 590 76 22 Estate
449 589 24 22 of
479 588 152 26 RobsrtTod,

52 620 45 23 late
117 620 27 22 of
158 619 84 23 Nelson
262 618 46 22 and
329 618 51 21 Port
398 615 128 26 Nicholson,
546 616 24 21 in
581 614 51 22 ~lhe

52 647 88 27 Colony
154 645 25 23 of
192 645 55 22 New
264 644 107 27 Zealand,
383 643 43 22 and
437 649 47 16 now
494 642 27 22 of
534 641 97 29 Sydney,

52 675 23 21 in
85 675 38 21 the
134 672 83 27 Colony
228 671 26 23 of
261 671 55 22 New
328 670 68 23 South
413 670 78 26 Wales,
505 668 127 26 Merchant,

52 701 28 21 do
97 700 82 27 hereby
193 699 50 27 give
260 698 72 22 notice
348 701 22 18 to
386 696 30 23 all
431 696 79 28 parlies
527 695 74 22 whom
616 694 19 22 it

53 727 54 23 doth
121 734 25 14 or
162 733 50 20 may
226 732 104 20 concern,
348 724 22 22 in
387 724 37 21 the
441 722 81 27 Colony
537 721 27 22 of
579 721 56 22 New

52 753 107 26 Zealand,
170 759 39 15 noc
219 756 22 17 to
250 755 51 24 part
311 751 52 21 with
374 753 21 19 to
408 757 44 20 any
462 755 75 21 person
547 755 26 15 or
582 755 51 20 per-

52 788 52 15 sons
123 780 159 24 whomsoever,
299 782 78 22 except
394 780 22 18 to
434 783 42 19 me,
494 775 38 22 the
550 774 83 23 under-

52 807 85 26 signed,
148 813 43 19 any
202 805 93 26 monies,
306 804 57 26 bills,
380 802 79 26 bonds,
475 802 123 26 securities,
611 808 25 15 or

52 835 63 22 other
134 836 102 24 property
247 839 25 14 or
289 831 74 22 effects
383 830 25 21 of
424 830 83 23 Robert
522 829 55 25 Tod,
597 828 37 22 the

52 868 61 15 same
122 859 84 27 having
217 859 90 21 become
318 856 73 23 veiled
402 856 24 23 in
438 857 35 22 the
482 855 73 22 hands
565 854 26 23 of
598 854 37 23 the

52 887 48 23 said
117 886 99 22 William
234 886 75 26 Byers,
319 884 31 27 by
359 884 71 21 virtue
441 883 25 22 of
482 891 13 13 a
505 883 131 26 Sequestra-

52 914 56 27 tion,
119 912 68 23 dated
197 912 38 22 the
244 911 53 22 29th
306 911 44 27 day
360 910 25 22 of
392 910 134 27 September,
540 910 62 24 1813,
613 908 25 22 of

52 941 37 21 the
99 938 211 24 above-mentioned
322 937 120 25 Insolvent,
452 936 73 21 before
534 935 101 22 William

52 967 70 23 Kerr.
132 967 60 25 Esq.,
200 966 66 21 Chief
271 964 169 22 Commissioner
446 963 25 22 of
477 962 36 23 the
521 962 116 23 Insolvent

55 995 70 21 Court
135 993 26 22 of
167 992 57 23 New
235 992 70 22 South
319 990 77 23 Wales.

404 1016 92 23 Joweil
511 1015 98 24 Josemi.

82 1051 147 27 Wellington,
240 1049 129 24 November
377 1050 34 24 28,
424 1050 58 21 1843.

201 1095 34 22 H.
264 1092 230 27 HARDEMAN,

77 1131 95 22 Tailor
186 1130 55 22 and
256 1130 111 26 Draper,
381 1127 233 26 Lambton-quay.

219 1183 115 28 Superfine
344 1184 72 25 Coats,
426 1182 55 22 from
496 1181 34 25 £3
543 1183 15 20 0
571 1183 14 20 0

56 1216 116 30 Superfine
183 1216 100 24 Doeskin
293 1215 117 27 Trowiers,
426 1214 54 23 from
495 1214 62 24 £15
570 1214 16 21 0

84 1256 64 18 MADE
159 1257 28 15 TO
197 1256 107 16 MEASURE
304 1260 28 5 —
334 1256 42 18 FOH
383 1255 57 15 CASH
452 1254 26 16 ON
488 1254 124 16 DELIVERY.
