2559 4020
1191 37 102 32 THE

66 92 457 134 NEW
642 94 851 140 ZEALAND
1625 102 866 137 GAZETTE.

637 316 132 32 PORT
793 317 289 39 NICHOLSON,
1104 318 262 33 SATURDAY
1386 321 241 40 MORNING,
1650 325 123 31 JUNE
1797 330 51 31 20,
1874 330 88 29 1840.

2347 331 96 40 [Vol.
2466 333 28 31 I.

66 319 65 31 No.
157 317 63 39 11.]

57 412 84 22 NEW
158 411 171 21 ZEALAND
346 411 99 20 LAND
463 410 183 21 COMPANY.

58 464 93 29 Capital,
165 464 120 28 £100,000,
301 465 23 21 in
334 466 56 20 4000
400 463 80 23 Shares
491 463 26 22 of
527 462 46 23 J625
584 463 61 28 each,

283 491 30 22 all
322 491 54 28 paid
385 497 38 21 up.

139 545 119 22 Governor
264 552 6 13 :
285 544 47 22 The
343 544 66 22 Earl
420 551 27 14 of
456 544 113 22 Durham.

100 578 93 28 Deputy
204 578 117 22 Governor
328 586 4 13 :
348 577 89 23 Joseph
451 577 82 27 Somes,
550 577 51 28 Esq.

289 611 115 22 Directors
412 618 6 13 :

111 638 61 22 Lord
181 638 73 28 Petre,

110 664 63 22 Hon.
184 664 94 22 Francis
287 664 91 27 Baring,
389 664 70 26 M.P.,

108 692 62 21 John
181 692 104 21 Ellorker
293 691 111 27 Boulcott,
421 691 60 28 Esq.,

109 719 61 21 John
181 718 101 23 William
292 718 93 27 Buckle,
396 718 60 28 Esq.,

110 746 89 22 Russell
209 746 78 26 Ellice,
298 746 60 27 Esq.,

109 773 78 21 James
196 772 82 22 Brodie
290 772 99 28 Gordon,
402 772 60 28 Esq.,

108 800 99 21 Thomas
217 799 67 22 Alers
294 798 106 28 Hankey,
411 799 61 28 Esq.,

109 826 100 22 William
219 826 62 21 Hutt
298 826 60 27 Esq.,
371 826 69 27 M.P.,

110 854 94 21 Stewart
214 852 163 28 Majoribanks,
388 852 62 29 Esq.,

110 880 36 22 Sir
153 880 101 22 William
264 879 153 28 Molesworth,
429 880 69 28 Bart.,
508 880 69 27 M.P.,

108 906 133 23 Alexander
251 906 81 28 Nairn,
343 906 61 29 Esq.,

110 934 61 22 John
183 934 65 27 Pirie,
259 934 61 27 Esq.,
334 934 129 27 Alderman,

110 961 36 21 Sir
156 960 88 27 George
255 960 102 26 Sinclair,
369 960 69 26 Bart.,
449 960 71 27 M.P.,

110 987 61 21 John
183 987 59 21 Abel
253 986 79 28 Smith,
343 987 61 27 Esq.,
416 987 69 27 M.P.,

109 1014 59 22 Wm.
179 1014 137 26 Thompson,
329 1014 61 26 Esq.,
402 1013 131 27 Alderman,
546 1014 68 27 M.P.,

110 1041 35 21 Sir
155 1041 80 26 Henry
245 1040 79 27 Webb,
336 1040 69 27 Bart.,

110 1067 87 23 Arthur
207 1067 78 26 Willis,
297 1067 61 28 Esq.,

109 1095 89 26 George
209 1094 120 21 Frederick
335 1093 93 28 Young,
440 1094 53 28 Esq.

167 1128 118 26 Secretary
293 1135 5 14 :
313 1128 63 21 John
388 1128 82 27 Ward,
483 1128 53 28 Esq.

56 1188 89 51 THE
153 1188 63 22 main
225 1188 99 22 features
332 1188 26 22 of
364 1188 38 22 the
409 1192 84 24 system
502 1189 25 21 of
534 1188 112 23 coloniza-

129 1217 47 20 tion
187 1215 97 28 adopted
294 1215 30 27 by
334 1215 38 21 the
385 1215 123 28 Company,
525 1223 77 19 are,-—
604 1217 40 26 lst,

56 1244 35 21 the
101 1243 46 21 sale
157 1243 26 21 of
193 1242 73 26 lands,
280 1245 24 18 at
317 1249 30 15 an
362 1243 97 21 uniform
475 1242 45 22 and
534 1242 112 23 sufficient

54 1270 71 27 price;
144 1269 45 22 and
202 1269 77 26 2ndly,
297 1268 37 22 the
350 1269 154 28 employment
519 1269 26 22 of
557 1277 14 14 a
583 1269 62 28 large

54 1296 87 27 portion
151 1296 26 22 of
183 1295 38 22 the
230 1295 211 28 purchase-money,
453 1304 24 14 as
487 1304 29 14 an
527 1296 118 27 Immigra-

54 1325 45 20 tion
110 1323 73 22 Fund.
212 1322 28 22 In
252 1322 61 22 these
324 1326 104 23 respects,
445 1323 38 22 the
492 1323 120 28 principles
622 1325 27 21 of

53 1350 70 22 South
137 1350 114 22 Australia
266 1349 57 21 have
338 1349 57 21 been
411 1349 105 23 followed
529 1358 23 14 as
566 1351 79 28 nearly

53 1384 22 14 as
94 1377 175 21 circumstances
284 1375 80 28 would,
384 1376 24 22 in
425 1376 36 23 the
479 1381 92 24 present
586 1384 58 21 case,

52 1403 88 28 permit.

78 1436 48 23 The
141 1436 72 27 grand
228 1436 75 26 object
318 1436 27 21 of
359 1436 38 22 the
412 1443 56 21 new,
484 1445 24 14 or
520 1438 122 28 improved,

53 1467 83 25 system
146 1463 26 22 of
183 1462 38 22 the
231 1462 98 28 disposal
343 1463 27 21 of
386 1463 98 22 colonial
497 1464 72 28 lands,
586 1466 19 21 is
621 1469 23 19 to

50 1490 100 28 regulate
165 1489 38 22 the
218 1490 81 27 supply
315 1490 26 22 of
357 1497 50 15 new
423 1491 60 26 land,
500 1491 31 33 by
545 1492 38 22 the
597 1494 47 21 real

52 1521 70 18 wants
134 1516 25 24 of
174 1516 37 22 the
228 1516 118 28 Colonists,
362 1525 24 14 so
402 1516 49 23 that
465 1518 38 21 the
517 1518 55 22 land
586 1519 59 23 shall

52 1551 68 16 never
137 1544 28 21 be
185 1543 71 22 either
275 1544 190 28 superabundant,
487 1552 26 14 or
532 1546 111 28 deficient,

51 1571 71 22 either
137 1574 37 18 too
191 1570 79 29 cheap,
289 1578 24 15 or
332 1574 37 18 too
388 1571 60 22 dear.
487 1572 23 21 It
527 1571 40 23 has
585 1573 59 22 been

51 1598 78 22 shown
137 1598 50 21 that
197 1597 36 22 the
244 1597 44 22 due
301 1598 131 27 proportion
445 1598 103 23 between
564 1601 80 27 people

52 1625 45 22 and
103 1624 54 23 land
163 1631 53 20 may
222 1624 29 22 be
259 1624 127 28 constantly
393 1626 94 21 secured
492 1626 31 26 by
529 1626 116 23 abandon-

50 1652 39 27 ing
99 1651 37 22 the
146 1651 39 22 old
195 1654 85 24 system
291 1651 25 22 of
328 1659 97 19 grants,
436 1652 46 23 and
490 1654 115 26 requiring
614 1662 30 14 an

52 1678 97 22 uniform
158 1678 62 28 price
230 1685 41 21 per
280 1685 56 20 acre,
353 1678 35 23 for
397 1679 31 22 all
437 1686 49 15 new
496 1680 71 26 lands,
580 1681 64 21 with-

53 1709 39 18 out
101 1705 125 27 exception.
257 1704 26 21 If
293 1704 38 22 the
339 1706 62 26 price
413 1706 27 21 be
454 1709 42 19 not
510 1709 36 20 too
560 1707 50 27 low,
626 1709 19 21 it

52 1732 72 22 deters
134 1732 137 26 speculators
280 1731 58 22 from
353 1732 118 28 obtaining
484 1733 62 28 land,
562 1734 53 22 with
630 1743 14 13 a

52 1760 55 21 view
118 1762 22 18 to
149 1758 90 28 leaving
249 1758 57 22 their
315 1763 108 23 property
432 1759 21 22 in
465 1767 15 14 a
490 1760 74 22 desert
578 1764 64 25 state,

52 1786 45 21 and
110 1785 51 22 thus
174 1788 107 24 prevents
290 1785 110 27 injurious
411 1786 122 28 dispersion
540 1795 6 19 ;
561 1788 18 21 it
588 1788 54 28 also,

50 1812 30 28 by
91 1812 135 28 compelling
233 1819 68 19 every
308 1812 106 23 labourer
421 1816 22 19 to
451 1814 61 21 work
520 1814 35 21 for
562 1822 80 20 wages,

50 1839 58 22 until
118 1839 28 22 he
155 1839 42 22 has
205 1838 70 23 saved
289 1838 38 22 the
337 1839 54 28 only
401 1847 79 15 means
491 1841 26 21 of
527 1842 117 27 obtaining

50 1865 61 27 land,
122 1866 86 21 insures
223 1873 13 14 a
251 1866 81 27 supply
348 1866 25 21 of
384 1866 79 23 labour
478 1868 35 21 for
527 1867 54 23 hire.
611 1870 30 26 If,

51 1900 28 14 on
90 1896 38 18 the
138 1892 64 22 other
211 1892 69 26 hand,
296 1892 38 22 the
344 1894 60 25 price
414 1894 28 21 be
452 1897 41 19 not
503 1897 36 19 too
549 1895 60 27 high,
625 1896 19 22 it

50 1920 87 21 neither
146 1920 101 21 confines
258 1919 38 22 the
305 1920 88 21 settlers
409 1920 76 23 within
501 1929 13 14 a
529 1929 64 20 space
608 1923 36 21 in-

51 1946 160 28 conveniently
226 1953 95 20 narrow,
337 1954 42 15 nor
395 1946 54 23 does
462 1949 19 21 it
496 1952 94 23 prevent
605 1950 38 21 the

50 1973 78 27 thrifty
142 1974 105 21 labourer
261 1974 58 21 from
333 1974 121 27 becoming
468 1983 14 14 a
493 1975 148 28 land-owner,

52 2000 57 22 after
118 2000 101 26 working
228 2007 63 14 some
301 2000 54 21 time
365 2001 35 21 for
411 2008 79 20 wages.

82 2028 17 20 A
118 2026 117 27 sufficient,
254 2026 42 21 but
313 2030 41 18 not
371 2035 64 14 more
447 2028 61 18 .than
529 2028 111 23 sufficient

39 2052 223 21 -pilots-Anrumiujw
274 2052 62 24 land,
354 2052 18 18 is
387 2051 39 20 the
440 2052 63 21 main
518 2053 86 20 feature
618 2053 27 20 of

52 2073 37 21 the
108 2080 49 14 new
172 2077 91 22 system-
271 2075 26 21 of
313 2075 158 22 colonization.
505 2078 22 21 It
543 2078 99 21 obviates

51 2106 67 19 every
131 2106 84 21 species
230 2100 27 21 of
270 2101 114 26 bondage;
404 2103 31 26 by
449 2103 119 27 providing
583 2111 60 14 com-

49 2125 90 23 binable
148 2126 86 27 labour,
246 2126 18 21 it
273 2127 92 22 renders
373 2129 104 28 industry
484 2137 54 20 very
547 2130 96 27 produc-

50 2153 52 25 tive,
115 2153 43 21 and
168 2153 123 22 maintains
299 2154 56 22 both
364 2154 55 27 high
435 2163 78 20 wages,
530 2157 45 21 and
588 2157 55 27 high

50 2179 89 27 profits;
161 2179 19 21 it
195 2179 78 23 makes
292 2181 37 21 the
348 2182 83 27 colony
447 2190 23 14 as
487 2183 116 22 attractive
619 2192 25 13 as

50 2206 102 27 possible,
168 2206 55 22 both
239 2210 24 18 to
278 2208 122 27 capitalists
416 2209 45 22 and
477 2212 22 19 to
514 2210 128 27 labourers;

50 2233 48 21 and.
104 2237 41 17 not
154 2233 86 28 merely
250 2237 23 17 to
284 2234 68 27 these,
367 2235 40 22 but
417 2235 53 28 also,
480 2237 31 26 by
520 2237 125 27 bestowing

50 2267 28 15 on
94 2260 38 22 the
143 2260 87 27 colony,
249 2260 38 22 the
298 2261 73 22 better
386 2262 118 23 attributes
519 2264 26 21 of
562 2271 28 14 an
607 2264 38 22 old

50 2287 89 27 society,
150 2291 24 17 to
183 2286 62 22 those
254 2287 49 22 who
311 2288 58 22 have
377 2296 13 14 a
398 2289 94 22 distaste-
496 2291 35 20 for
538 2291 61 21 what
604 2291 41 22 has

50 2313 124 22 heretofore
183 2313 59 23 been
253 2314 38 22 the
304 2315 115 27 primitive
430 2317 114 22 condition
555 2317 25 22 of
592 2325 50 14 new

48 2340 103 22 colonies.

75 2367 49 22 The
133 2370 62 25 great
205 2368 75 27 object
290 2368 25 22 of
326 2369 38 21 the
373 2369 62 28 price
445 2370 18 22 is
477 2373 22 20 to
513 2378 77 15 secure
604 2371 40 22 the

49 2397 59 18 most
117 2393 107 23 desirable
235 2395 142 27 proportions
386 2396 101 23 between
503 2398 78 27 people
597 2398 45 21 and

50 2420 65 27 land;
131 2421 40 22 but
181 2421 36 21 the
227 2421 55 28 plan
292 2422 40 22 has
342 2423 38 21 the
388 2423 87 23 further
481 2425 71 22 result
558 2424 27 22 of
591 2433 52 19 pro-

50 2447 82 28 ducing
142 2455 12 15 a
164 2455 106 20 revenue,
287 2449 73 21 which
375 2450 46 21 will
435 2454 42 19 not
492 2451 54 28 only
561 2452 81 27 supply

49 2474 37 22 the
98 2475 105 27 requisite
218 2475 67 28 profit
299 2479 23 18 to
337 2476 37 22 the
391 2477 155 23 shareholders
602 2479 38 22 the

49 2502 122 27 Company,
195 2502 41 22 but
259 2502 112 23 furnishes
395 2503 38 22 the
456 2512 78 15 means
550 2505 37 24 £pr
610 2513 30 14 an

50 2527 154 28 Immigration
214 2529 74 27 Fund,
291 2542 30 4 —
322 2537 13 14 a
342 2530 57 22 fund
408 2532 127 27 constantly
543 2532 97 28 applica-

48 2553 37 23 ble
101 2558 23 18 to
139 2555 38 22 the
193 2563 97 20 purpose
306 2557 26 21 of
345 2557 106 28 bringing
465 2559 80 22 labour
561 2562 24 18 to
602 2559 38 22 the

49 2582 79 27 colony
129 2595 30 3 —
160 2582 49 22 that
223 2583 25 26 is,
267 2583 24 21 in
308 2583 94 28 causing
419 2585 37 22 the
473 2586 51 21 best
541 2593 56 14 sort
616 2586 28 21 of

48 2609 148 21 colonization
207 2612 21 19 to
240 2610 96 27 proceed
345 2614 24 18 at
380 2611 38 22 the
431 2615 98 24 greatest
541 2613 98 27 possible

47 2638 53 18 rate.
129 2636 55 22 And
191 2635 44 23 this
242 2637 19 21 is
270 2637 36 21 the
315 2638 83 21 second
407 2638 87 23 feature
505 2639 26 22 of
541 2640 38 21 the
590 2647 50 15 new

47 2665 89 24 system.

73 2689 48 21 The
131 2689 154 28 employment
295 2691 26 21 of
337 2691 36 22 the
388 2692 211 28 purchase-money,
615 2701 25 14 or

47 2715 37 21 the
94 2715 108 29 principal
212 2720 51 24 part
273 2717 25 22 of
308 2717 24 26 it,
343 2718 24 21 in
378 2720 128 27 conveying
515 2720 86 22 settlers
615 2724 24 18 to

47 2742 37 22 the
94 2743 87 27 colony,
193 2743 40 22 has
244 2743 38 22 the
292 2745 115 27 following
417 2746 83 23 effects.
530 2747 22 22 It
562 2746 77 23 makes

47 2769 36 21 the
97 2770 132 27 purchasers
245 2771 26 21 of
287 2771 54 21 land
356 2779 37 15 see
408 2772 93 29 plainly,
516 2773 50 22 that
580 2774 60 21 their

47 2801 82 22 money
137 2797 46 21 will
191 2797 29 22 be
229 2798 108 21 returned
346 2799 24 21 in
385 2799 39 22 the
437 2800 69 28 shape
520 2801 25 21 of
559 2800 81 23 labour

46 2822 45 22 and
98 2823 139 28 population.
267 2824 23 22 It
299 2825 72 27 tends,
387 2826 24 21 in
422 2826 51 28 fact,
490 2830 22 19 to
522 2826 69 23 lower
600 2828 39 21 the

46 2854 118 28 necessary;
181 2851 108 21 standard
308 2852 26 21 of
350 2852 69 27 price,
433 2854 104 27 because,
556 2854 55 21 with
625 2862 14 14 a

46 2879 103 19 constant
157 2877 74 21 influx
241 2877 27 21 of
278 2878 80 27 people
368 2882 23 18 to
401 2879 38 22 the
449 2880 89 27 colony,
547 2880 38 23 the
596 2881 43 22 due

45 2903 128 26 proportion
179 2903 103 23 between
289 2905 79 26 people
376 2906 46 21 and
428 2906 54 23 land
489 2914 53 20 may
548 2908 28 21 be
583 2907 56 28 kept

46 2935 28 22 up
83 2930 31 26 by
124 2937 13 15 a
144 2930 71 22 lower
223 2930 69 27 price,
305 2931 55 21 than
369 2932 21 21 if
402 2932 63 23 there
475 2941 57 14 were
541 2941 30 14 no
581 2934 57 21 such

46 2955 150 28 immigration
202 2973 5 5 .
227 2959 24 19 It
261 2957 111 22 therefore
379 2958 131 23 diminishes
517 2960 38 22 the
562 2960 78 28 period

47 2982 80 28 during
136 2983 73 23 which
219 2983 38 23 the
266 2984 105 22 labourer
385 2989 60 18 must
457 2986 62 22 work
533 2986 36 23 for
581 2986 56 28 hire,

47 3009 43 22 and
98 3010 31 27 by
138 3011 39 21 the
191 3011 65 27 rapid
270 3018 102 20 progress
388 3013 73 22 which
475 3014 19 21 it
508 3014 92 27 imparts
614 3018 24 17 to

47 3035 36 23 the
91 3037 50 21 best
150 3040 47 19 sort
205 3038 26 21 of
243 3037 159 29 colonization,
417 3039 18 22 it
450 3040 102 28 explains
567 3043 23 19 to
600 3040 38 22 the

47 3061 115 30 labouring
171 3065 55 22 class
238 3065 28 21 of
271 3065 149 28 immigrants,
430 3066 50 23 that
489 3074 68 20 every
564 3075 42 14 one
615 3068 27 21 of

47 3089 59 23 them
119 3091 50 22 who
185 3091 19 22 is
219 3091 138 23 industrious
374 3093 47 22 and
437 3094 85 28 thrifty,
540 3101 53 22 may
608 3095 30 21 be

45 3123 49 15 sure
104 3120 22 18 to
135 3118 93 22 become
241 3122 43 18 not
296 3119 87 29 merely
398 3127 29 15 an
444 3128 76 15 owner
534 3121 26 22 of
574 3121 63 27 land,

46 3141 39 23 but
100 3143 46 22 also
162 3145 25 20 in
207 3145 34 21 his
261 3148 59 23 turn,
342 3153 29 15 an
393 3148 115 27 employer
527 3148 26 22 of
572 3148 66 23 hired

45 3167 119 28 labourers,
177 3178 13 14 a
198 3174 85 18 master
292 3172 26 21 of
329 3177 109 18 servants.

73 3196 65 22 From
148 3197 63 22 these
221 3198 184 29 considerations,
423 3200 36 23 the
470 3202 117 27 Company
595 3201 42 22 has

45 3222 96 28 adopted
158 3224 40 22 the
215 3232 62 14 same
294 3228 84 24 system
394 3227 28 20 of
437 3227 114 28 disposing
566 3228 27 22 of
607 3229 30 21 its

46 3254 65 17 waste
123 3250 73 27 lands,
212 3258 25 14 as
252 3251 40 21 has
308 3252 92 27 already
413 3254 86 26 proved
512 3254 79 28 highly
603 3256 34 21 fa-

45 3277 104 22 vourable
164 3280 24 19 to
202 3277 38 23 the
255 3278 184 27 productiveness
454 3281 26 21 of
495 3281 103 27 industry
611 3283 24 21 in

45 3301 69 23 South
125 3305 121 21 Australia.
277 3305 27 21 In
315 3312 14 14 a
339 3312 50 15 new
401 3306 88 32 colony,
505 3308 92 26 planted
611 3309 25 22 in

45 3335 14 14 a
67 3329 71 23 fertile
148 3331 47 22 and
210 3331 115 22 extensive
341 3333 111 33 territory,
468 3337 19 18 it
501 3334 19 21 is
535 3335 99 28 obvious,

46 3355 46 22 that
111 3357 37 22 the
165 3358 172 22 establishment
351 3359 27 21 of
393 3359 56 22 such
465 3367 13 14 a
493 3364 82 24 system
590 3362 19 21 is
624 3370 15 14 a

46 3386 79 18 matter
141 3385 27 21 of
184 3384 37 22 the
239 3385 93 28 deepest
350 3389 101 18 moment
469 3390 22 18 to
508 3387 38 22 the
562 3388 75 22 future

47 3409 85 23 welfare
143 3411 28 21 of
183 3411 93 28 society.
327 3411 69 23 From
411 3412 19 22 it
444 3413 38 21 the
497 3414 49 21 best
562 3414 75 23 effects

47 3441 49 20 may
106 3437 52 22 with
169 3438 131 22 confidence
309 3439 29 22 be
349 3439 137 27 anticipated
494 3447 4 13 :
514 3447 13 14 a
534 3444 105 19 constant

46 3461 42 23 •md
97 3465 89 26 regular
195 3465 82 28 supply
287 3465 28 22 of
324 3473 51 14 new
385 3465 54 22 land
448 3467 24 20 in
487 3466 44 22 due
545 3475 93 19 propor-

43 3488 44 22 tion
97 3493 23 18 to
130 3491 39 22 the
187 3494 72 20 wants
269 3493 25 21 of
306 3500 12 14 a
327 3492 131 29 population
472 3493 127 28 increasing
609 3495 31 27 by

43 3514 69 24 births
122 3518 45 22 and
179 3518 155 28 immigration
340 3527 6 19 ;
364 3519 32 22 all
411 3519 38 22 the
465 3519 135 28 advantages
614 3524 25 18 to

43 3541 72 23 which
124 3544 102 23 facilities
235 3546 28 21 of
273 3548 114 26 transport
394 3546 46 22 and
446 3547 192 22 communication

44 3574 36 16 are
90 3571 103 22 essential
200 3580 6 19 ;
223 3573 112 27 certainty
350 3574 26 21 of
385 3573 77 28 limits,
479 3573 46 22 and
539 3574 99 27 security

45 3595 25 21 of
82 3596 46 22 title
137 3601 23 18 to
170 3602 106 25 property
285 3600 23 21 in
322 3600 57 22 land
385 3608 5 19 ;
407 3600 37 21 the
454 3602 99 25 greatest
565 3600 73 23 facili-

42 3623 41 20 ties
92 3630 29 14 on
131 3626 118 27 acquiring
258 3628 37 20 the
307 3627 44 21 due
361 3627 105 28 quantity
472 3635 5 19 ;
493 3627 38 22 the
541 3630 99 23 greatest

43 3654 188 24 encouragement
245 3656 23 18 to
277 3653 153 28 immigration
441 3654 46 21 and
497 3654 140 27 settlement;

44 3675 43 21 and
102 3676 36 22 the
153 3682 59 18 most
224 3680 65 27 rapid
305 3688 104 20 progress
424 3681 25 21 of
466 3681 37 21 the
517 3681 80 27 people
611 3681 26 22 in

42 3703 100 23 material
152 3706 96 22 comfort
257 3707 46 22 and
313 3707 68 22 social

69 3735 48 22 The
127 3737 64 22 Land
202 3739 71 22 Office
289 3741 36 21 for
342 3741 62 21 Sales
421 3741 45 21 and
481 3740 118 22 Transfers
616 3741 21 21 is

43 3766 49 16 now
103 3769 56 21 open
171 3768 22 18 at
205 3766 58 21 Port
278 3767 134 28 Nicholson,
429 3768 46 22 and
493 3768 36 22 the
546 3768 55 21 land
616 3768 21 20 is

42 3788 48 21 sold
97 3795 22 15 in
127 3792 96 22 sections
230 3793 26 21 of
267 3795 40 21 100
315 3801 63 15 acres
386 3794 61 27 each,
458 3797 23 19 at
487 3794 31 22 £1
527 3802 40 20 per
574 3802 59 14 acre.

44 3815 43 20 Ihe
103 3816 123 30 advantage
242 3819 26 22 of
282 3820 137 28 purchasing
433 3821 79 21 before
531 3821 38 22 the
586 3828 49 15 sur-

42 3845 53 22 veys
105 3849 35 15 are
150 3844 24 21 in
186 3852 14 14 a
213 3846 137 28 sufficiently
358 3848 97 21 forward
465 3851 57 18 stale
534 3850 24 19 to
567 3848 67 21 allow

41 3868 23 19 ot
80 3870 126 23 immediate
220 3872 116 23 selection,
352 3874 26 27 is,
395 3874 49 21 that
458 3874 38 21 the
505 3874 93 27 priority
608 3874 27 22 of

42 3895 74 22 choice
134 3896 19 21 is
171 3899 93 22 secured
278 3900 23 22 in
320 3901 38 21 the
378 3901 65 21 order
462 3901 24 21 in
501 3900 72 23 which
593 3901 37 22 the

42 3923 137 22 registration
190 3925 25 21 of
226 3926 38 21 the
275 3926 109 27 purchase
394 3927 20 21 is
423 3928 73 22 made,

70 3948 8 19 I
87 3952 32 17 ort
131 3950 128 30 Nicholson,
272 3953 66 28 April
350 3954 31 26 11,
394 3955 60 21 1840.
644 3947 6 21 J

719 411 114 21 UNION
847 412 101 20 BANK
963 412 43 20 OF
1021 413 220 21 AUSTRALIA.

682 443 96 23 London
797 445 91 27 Office,
905 444 45 23 No.
966 446 34 26 38,
1020 446 50 21 Old
1086 445 184 23 Broad-street.

736 497 94 28 Capital,
840 498 123 28 £500,000;
983 499 53 27 paid
1046 506 36 20 up,
1098 499 118 27 £300,000.

912 551 114 23 Directors
1033 559 6 14 :

736 577 89 28 George
836 577 46 23 Fife
894 577 86 29 Angas,
991 579 62 27 Esq.,

735 603 87 23 Robert
830 604 93 27 Brooks,
934 605 62 32 Esq.,

735 630 77 22 James
822 631 61 21 John
894 631 124 28 Cummins,
1028 632 61 28 Esq..

734 657 87 21 Robert
830 657 123 28 Gardener,
964 659 61 27 Esq.,
1037 658 151 28 Manchester,

735 683 61 22 John
808 684 67 27 Gore,
886 684 61 28 Esq.,

734 709 92 23 Charles
836 710 108 28 Hindley,
956 711 61 27 Esq.,
1028 711 69 28 M.P.,

734 737 119 27 Benjamin
865 737 26 21 E.
903 737 80 28 Lmdo,
990 737 62 28 Esq.,

734 763 92 22 Charles
836 763 96 23 Edward
939 765 113 27 Mangles,
1063 765 61 28 Esq.,
1270 763 2 8 '

734 789 143 28 Christopher
886 790 104 28 Rawson,
993 801 2 5 1
1003 791 63 28 Esq.y
1075 791 100 28 Halifax,

733 816 99 22 Thomas
842 817 78 28 Sands,
1155 832 8 5 -

734 843 77 22 James
821 843 70 28 Bogle
901 844 80 27 Smith,
990 844 62 28 Esq.,

734 870 77 22 James
821 870 98 23 Ruddell
927 871 72 27 Todd,
1009 872 54 27 Esq.

679 903 118 23 Trustees:
823 904 96 23 George
938 904 65 23 Carr
1027 906 74 27 Glyn,
1124 905 62 29 Esq.,
1207 905 61 22 John

717 931 74 27 Gore,
802 931 60 27 Esq.,
879 931 45 22 and
934 932 76 21 James
1021 932 21 21 J.
1054 932 116 27 Cummins,
1181 932 53 28 Esq.

680 963 101 23 Bankers
790 972 4 14 :
819 964 91 23 Messrs.
924 974 4 4 ■
936 965 75 27 Glyn,
1018 974 3 4 •
1035 965 129 28 HallifaXj
1187 965 82 27 Mills,

927 991 46 22 and
986 992 39 22 Co.

734 1035 6 5 '
749 1043 3 6 ,
764 1025 116 27 Secretary
888 1033 5 14 :
910 1026 94 21 Samuel
1016 1026 109 28 Jackson,
1136 1027 53 28 Esq.

717 1057 101 23 Colonial
828 1058 129 29 Inspector:
974 1059 22 22 J.
1008 1061 24 21 C.
1044 1060 123 28 M'Laren,
1183 1061 51 27 Esq.

802 1113 70 20 New
889 1113 124 21 Zealand
1032 1114 114 21 Branch.

675 1144 73 23 Xocal
759 1145 113 23 Directors
880 1154 5 13 :
903 1146 57 22 Geo.
973 1148 21 20 S.
1006 1147 83 27 Evans,
1104 1148 61 27 Esq.,
1178 1148 90 27 D.C.L.,

743 1172 62 22 Edw.
816 1172 74 23 Betts
901 1172 105 29 Hopper,
1018 1175 59 27 Esq.,
1091 1175 46 21 and
1147 1175 59 22 Geo.

890 1200 109 28 Hunter,
1011 1201 52 28 Esq.

679 1233 124 27 Manager:
819 1233 63 22 John
895 1233 82 28 Smith,
988 1234 61 28 Esq.,
1065 1235 45 22 late
1120 1235 26 21 of
1159 1235 37 22 the
1206 1235 74 22 Com-<

728 1260 93 21 mercial
829 1260 67 22 Bank
906 1261 26 20 of
943 1261 112 27 England,
1067 1261 152 23 Manchester.

790 1294 113 22 Branches
913 1298 25 18 at
953 1294 98 28 Sydney,

954 1321 90 23 Hobart
1052 1321 75 28 Town,

799 1363 3 4 •
955 1348 148 28 Launceston,
1116 1348 45 23 and

953 1375 55 21 Port
1018 1375 80 28 Philip.

677 1407 54 22 Port
741 1407 130 29 Nicholson,
883 1408 81 23 March
974 1410 34 25 24,
1020 1410 60 21 1840.

678 1461 92 35 npHE
787 1462 114 21 Directors
919 1462 26 21 of
962 1462 38 22 the
1017 1463 55 21 New
1089 1463 102 22 Zealand
1204 1463 64 23 Land

684 1485 30 24 JL
754 1489 116 27 Company
885 1489 85 27 hereby
985 1489 52 27 give
1053 1490 81 26 notice,
1152 1490 50 22 that
1216 1490 52 28 they

676 1514 58 23 have
742 1522 113 15 effected
866 1523 30 14 an
906 1521 173 17 arrangement
1087 1517 53 21 with
1148 1516 37 23 the
1194 1517 74 22 Union

676 1541 67 22 Bank
757 1542 26 21 of
799 1542 120 27 Australia,
938 1542 43 23 No.
999 1544 34 26 38,
1049 1543 44 22 Old
1108 1544 159 26 Broad-street,

677 1568 109 28 London,-
791 1569 35 21 for
835 1569 37 22 the
886 1569 169 22 establishnient
1069 1570 25 22 of
1107 1578 14 13 a
1138 1570 129 23 BRANCPI

676 1595 90 22 BANK
781 1596 34 21 IN
830 1595 72 22 NEW
917 1596 158 28 ZEALAND,
1089 1597 98 27 through
1197 1597 71 23 which

677 1621 37 22 the
724 1622 102 22 business
839 1623 27 21 of
878 1622 38 22 the
935 1623 57 22 New
1007 1623 101 22 Zealand
1122 1624 66 22 Land
1204 1624 65 22 Com-

675 1656 62 20 pany
745 1650 45 21 will
799 1650 29 21 be
838 1650 135 21 transacted.
1002 1650 47 21 The
1064 1650 116 23 Directors
1195 1650 73 23 there-

675 1676 48 21 fore
732 1676 147 22 recommend
887 1680 23 18 to
928 1676 112 23 Colonists
1054 1677 39 22 the
1110 1678 77 21 Union
1204 1678 64 22 Bank

677 1702 26 22 of
721 1703 114 22 Australia
854 1711 23 14 as
896 1710 28 15 an
952 1701 168 24 establishment
1142 1704 126 28 possessing

676 1728 58 23 their
751 1730 70 21 entire
844 1730 137 27 confidence,
1004 1730 44 22 and
1066 1731 50 22 able
1135 1734 23 18 to
1177 1731 91 27 provide

675 1756 127 28 effectually
819 1756 35 23 for
869 1757 37 22 the
921 1757 108 22 financial
1043 1761 70 18 wants
1130 1758 27 21 of
1167 1758 38 23 the
1221 1758 48 23 first

675 1783 136 22 settlement.

846 1810 34 28 By
891 1810 65 22 order
966 1810 26 22 of
1003 1810 37 23 the
1050 1811 80 27 Board,

923 1844 86 23 JOHN
1023 1844 104 28 WARD,
1145 1845 122 29 Secretary.

675 1876 57 23 New
742 1876 100 23 Zealand
852 1878 65 21 Land
926 1878 136 28 Company's
1073 1878 78 28 Office,

703 1906 19 25 1,
734 1904 159 28 Adam-street,
905 1905 106 27 Adelphi,
1022 1905 52 22 27th
1084 1906 69 27 Aug.,
1166 1907 60 21 1839.

873 1960 199 20 SEMINARY.

675 1991 92 48 MR.
789 1991 105 22 GRACE
913 1992 91 22 intends
1026 1996 22 18 to
1070 2000 59 20 open
1153 2000 14 15 a
1190 1993 78 23 Public

767 2017 82 23 School
858 2017 45 23 and
912 2018 116 28 Boarding
1042 2019 194 24 Establishment..
1244 2028 35 15 as_

1185 2043 22 21 of
1228 2045 37 19 the

673 2067 112 27 townsliip
800 2070 28 18 at'
844 2068 131 21 Thorndon.
1004 2068 3 4 '
1016 2064 28 25 lii
1167 2068 44 22 this
1228 2075 39 15 an-

673 2096 153 18 nouncement
832 2096 23 19 to
864 2094 36 20 the
908 2094 147 27 community,
1063 2094 44 21 Mr.
1115 2094 28 22 G.
1153 2094 112 23 considers

674 2119 17 21 it
701 2119 34 21 his
746 2119 54 27 duty
810 2123 22 18 to
842 2123 56 18 state
908 2120 49 21 that
973 2120 24 21 in
1014 2120 36 21 the
1067 2125 160 23 management
1243 2122 27 21 of

675 2145 44 22 this
729 2146 123 27 Seminary,
870 2146 28 21 he
908 2147 47 21 will
967 2147 126 27 constantly
1104 2147 128 23 endeavour
1244 2152 22 18 to

675 2172 26 21 fit
710 2172 69 28 youth
790 2172 34 22 for
833 2173 38 22 the
880 2173 102 22 business
992 2174 26 21 of
1029 2174 37 22 life
1075 2183 5 18 ;
1096 2174 46 22 and
1152 2177 22 19 to
1180 2175 87 22 furnish

675 2198 63 23 those
748 2199 108 22 intended
865 2200 35 22 for
910 2200 37 22 the
957 2200 92 23 learned
1061 2201 136 27 professions
1213 2202 53 22 with

675 2225 38 22 the
729 2226 133 22 instruction
879 2230 144 25 preparatory
1041 2231 22 18 to
1080 2235 13 15 a
1106 2235 62 15 more
1183 2228 84 28 profes-

675 2252 72 22 sional
764 2254 126 21 education.
924 2254 43 22 His
984 2254 49 22 first
1048 2254 74 28 object
1137 2255 47 22 will
1195 2256 32 21 'be
1244 2259 22 18 to

676 2280 67 21 make
753 2280 62 21 them
832 2280 51 21 well
898 2280 136 28 acquainted
1049 2281 54 22 with
1118 2281 39 22 the
1174 2281 93 28 English

675 2305 119 28 language,
815 2306 53 23 with
889 2307 28 22 its
938 2307 151 28 orthography
1109 2308 45 22 and
1178 2312 87 25 syntax,

676 2333 47 21 and
750 2333 53 22 with
830 2333 38 22 the
894 2334 108 27 meaning
1028 2334 44 23 and
1097 2335 125 22 derivation
1244 2336 25 22 of

675 2360 80 21 words.
791 2360 44 21 For
850 2361 44 21 this
910 2368 103 20 imrpose,
1037 2362 36 21 the
1089 2362 74 27 pupils
1180 2362 44 22 will
1238 2363 27 22 be

675 2387 134 27 questioned
818 2395 60 19 upon
889 2395 67 20 every
967 2388 65 27 thing
1046 2388 73 23 which
1135 2389 55 28 they
1204 2390 59 27 read,

675 2414 45 21 and
731 2414 104 27 required
844 2418 22 18 to
876 2418 57 18 state
943 2414 57 22 their
1015 2416 143 26 conceptions
1174 2416 26 22 of
1209 2416 19 21 it
1241 2417 24 21 in

674 2440 59 22 their
743 2448 50 14 own
802 2441 118 27 language.
952 2442 21 21 A
983 2442 86 28 weekly
1084 2442 94 28 English
1192 2443 73 22 theme

674 2467 45 22 will
726 2467 27 22 be
760 2468 128 27 prescribed
893 2471 22 18 to
924 2468 38 22 the
969 2475 63 15 more
1040 2469 115 22 advanced
1160 2470 103 28 scholars,

673 2501 61 21 upon
745 2502 61 14 some
816 2494 87 28 subject
919 2495 25 22 in
957 2495 86 27 history
1059 2503 24 14 or
1098 2503 105 15 common
1218 2497 45 27 life,

673 2528 24 13 as
707 2528 29 15 an
747 2522 99 21 exercise
855 2522 24 21 in
897 2522 155 28 composition.
1081 2523 96 27 English
1192 2531 72 20 gram-

672 2554 50 15 mar
732 2548 44 21 will
785 2548 28 22 be
824 2548 79 28 taught
911 2548 76 23 rather
996 2549 31 27 by
1037 2550 162 28 conversation,
1209 2550 55 22 than

672 2574 31 28 by
713 2575 140 28 committing
861 2576 60 21 rules
932 2579 23 18 to
964 2583 109 21 memory.
1102 2576 46 22 Mr.
1154 2578 28 20 G.
1192 2578 73 22 would

672 2601 102 22 consider
789 2602 95 22 himself
899 2610 25 14 as
940 2605 40 20 not
999 2603 68 27 doing
1087 2604 83 27 justice
1189 2607 22 18 to
1229 2604 34 22 his

671 2628 80 28 pupils,
762 2636 57 15 even
830 2632 23 19 to
862 2629 64 22 those
939 2630 49 21 who
1000 2630 87 22 confine
1097 2630 133 22 themselves
1241 2635 22 18 to

672 2662 28 15 an
719 2655 104 28 ordinary
836 2656 95 27 English
943 2656 125 28 education,
1086 2657 21 21 if
1123 2657 29 21 he
1171 2658 37 21 did
1224 2662 40 18 not

672 2682 128 22 endeavour
810 2683 81 27 during
901 2682 38 23 the
949 2682 72 23 whole
1032 2691 76 14 course
1119 2687 23 18 to
1153 2684 83 28 impart
1251 2693 13 13 a

672 2708 132 28 knowledge
814 2709 25 22 of
851 2710 37 21 the
905 2709 57 22 facts
976 2710 25 21 in
1016 2711 89 21 natural
1120 2710 141 29 philosophy,

672 2739 136 24 astronomy,
833 2736 127 28 chemistry,
986 2740 112 24 anatomy,
1124 2738 138 28 physiology,

672 2763 45 21 and
727 2763 89 22 natural
824 2763 93 28 history,
929 2763 74 22 which
1013 2771 37 15 are
1061 2764 37 22 the
1113 2769 61 17 most
1190 2772 73 15 essen-

671 2789 39 22 tial
720 2793 23 18 to
753 2790 59 22 their
821 2790 102 28 physical
932 2790 51 22 well
992 2790 74 28 being,
1082 2792 45 21 and
1136 2792 73 21 which
1219 2792 44 22 will

669 2823 70 41 Erove
755 2825 13 14 a
783 2824 78 15 source
877 2817 26 22 of
920 2818 117 26 agreeable
1054 2818 96 28 thought
1167 2819 25 21 in
1208 2818 56 23 after

687 2843 28 22 fe.
752 2843 28 22 In
797 2844 106 27 teaching
919 2844 135 33 geography,
1074 2852 64 15 more
1153 2846 109 22 attention

670 2870 45 21 will
724 2870 28 21 be
762 2870 54 29 paid
824 2873 23 19 to
858 2871 37 21 the
905 2871 92 27 animal,
1009 2872 100 27 mineral,
1119 2872 47 22 and
1175 2875 88 24 vegeta-

670 2896 37 22 ble
715 2899 106 25 products
832 2898 26 21 of
869 2897 55 22 each
935 2901 102 25 country,
1049 2898 45 22 and
1107 2902 22 18 to
1146 2899 39 21 the
1200 2906 63 15 man-

670 2929 52 16 ners
732 2924 46 21 and
786 2927 98 19 customs
894 2924 26 21 of
930 2924 30 22 its
973 2924 146 29 inhabitants,
1136 2926 56 22 than
1202 2929 22 19 to
1233 2927 29 21 its

670 2950 147 28 topography.

701 2976 101 28 Writing,
814 2976 133 28 arithmetic,
959 2977 46 22 and
1016 2978 157 22 mathematics
1181 2979 45 22 will
1235 2979 28 23 be

670 3002 80 28 taught
766 3003 120 27 according
904 3006 23 19 to
943 3004 38 21 the
997 3005 120 27 principles
1134 3006 74 22 which
1225 3014 38 14 ex-

670 3030 104 25 perience
784 3030 41 22 has
833 3030 86 27 proved
928 3033 24 19 to
960 3031 29 21 be
1006 3031 38 22 the
1060 3035 59 19 most
1134 3033 127 22 successful.

670 3055 30 22 In
711 3056 37 22 the
765 3056 100 23 classical
881 3057 149 28 department,
1047 3058 66 22 while
1128 3066 69 20 every
1212 3067 51 20 por-

670 3082 47 23 tion
732 3083 25 22 of
768 3091 113 20 grammar
894 3084 45 22 will
952 3086 87 20 receive
1058 3085 28 22 its
1102 3086 44 22 due
1161 3086 64 22 share
1240 3087 26 21 of

670 3110 118 28 attention,
800 3118 66 25 every
877 3118 79 15 means
966 3111 45 23 will
1023 3112 28 22 be
1061 3113 119 27 employed
1189 3117 22 17 to
1221 3113 42 22 im-

669 3140 51 22 part
729 3140 22 19 to
758 3138 42 21 the
809 3138 74 28 pupils
891 3138 57 22 such
959 3145 13 15 a
982 3138 132 29 knowledge
1124 3140 27 21 of
1162 3140 37 22 the
1210 3147 53 15 con-

669 3162 55 23 duct
739 3164 26 21 of
783 3164 37 22 the
839 3167 64 25 great
922 3172 52 14 men
994 3166 26 21 of
1040 3166 119 28 antiquity,
1180 3167 26 21 of
1225 3167 37 22 the

670 3190 104 28 opinions
784 3191 27 22 of
820 3191 29 22 its
858 3191 162 28 philosophers,
1035 3192 45 22 and
1089 3193 26 21 of
1126 3192 39 22 the
1174 3193 87 23 routine

670 3218 27 21 of
712 3217 30 22 its
760 3218 105 27 ordinary
883 3217 46 27 life,
945 3225 24 14 as
988 3219 45 21 will
1051 3222 40 18 not
1108 3219 66 22 leave
1192 3220 68 27 them,

669 3244 66 26 When
745 3244 95 28 perhaps
849 3244 80 27 nearly
939 3245 29 21 all
978 3244 38 23 the
1026 3249 67 18 terms
1103 3246 26 21 of
1140 3246 39 22 the
1188 3247 73 22 Greek

669 3270 46 23 and
726 3270 66 23 Latin
802 3271 57 22 have
869 3270 69 23 faded
946 3272 58 21 from
1015 3272 57 22 their
1080 3272 127 23 memories.

698 3297 44 22 Mr.
755 3298 72 22 Grace
837 3298 19 22 is
865 3305 73 15 aware
956 3298 26 22 of
993 3299 38 21 the
1047 3298 110 28 difficulty
1161 3298 40 23 Tie
1218 3300 44 22 will

669 3327 124 20 encounter
811 3325 59 22 from
889 3324 38 23 the
946 3329 61 18 want
1026 3326 25 21 of
1072 3326 123 22 assistants.
1223 3326 37 22 He

669 3351 45 22 will
725 3351 128 23 endeavour
861 3355 23 18 to
893 3352 73 21 lessen
976 3352 45 22 this
1030 3352 24 22 in
1061 3352 38 23 the
1107 3353 48 21 first
1162 3354 99 21 instance

668 3378 32 26 by
709 3382 158 24 arrangement
874 3387 6 18 ;
896 3378 45 22 and
952 3378 65 23 when
1027 3379 28 23 he
1065 3387 42 14 can
1121 3387 94 20 procure
1225 3380 37 22 the

669 3404 38 22 aid
717 3405 26 21 of
753 3408 129 24 competent
890 3413 101 20 persons,
1002 3406 29 22 he
1040 3406 44 22 will
1101 3406 61 22 avail
1173 3407 92 21 himself

670 3432 26 20 of
706 3431 25 28 it,
749 3432 115 28 confining
879 3432 94 22 himself
991 3435 22 19 to
1030 3440 13 14 a
1056 3434 91 26 general
1163 3434 99 27 superin-

669 3458 110 23 tendence
787 3458 26 22 of
824 3458 37 23 the
869 3459 175 28 establishment,
1054 3460 45 22 and
1108 3463 23 18 to
1139 3460 38 22 the
1183 3460 80 27 higher

668 3484 113 23 branches
792 3486 26 21 of
828 3486 128 21 education.
1118 3493 62 26 ss?%'

699 3511 22 21 A
731 3512 64 21 small
804 3513 89 27 portion
903 3513 28 21 of
941 3512 37 22 the
990 3513 126 27 scriptures'
1117 3512 47 26 w&ll
1172 3514 27 21 be
1207 3514 55 21 read

671 3536 67 28 daily,
745 3545 61 21 upon
814 3538 73 23 which
894 3538 39 23 the
938 3539 101 22 students
1047 3540 78 21 wULbe
1133 3540 125 27 examined,

670 3564 46 21 and
732 3571 64 26 upon^
812 3566 98 27 Sunday,
931 3566 37 21 the
987 3566 73 28 pupils
1079 3566 75 22 whose
1171 3570 90 24 parents

670 3590 56 21 wish
734 3591 24 27 it,
770 3592 45 21 will
823 3592 29 22 be
862 3592 118 22 convened
988 3588 78 27 Tbefore
1083 3593 76 21 divine
1169 3593 90 27 service,

668 3616 37 22 for
714 3617 38 22 the
768 3625 95 21 purpose
878 3619 27 22 of
917 3620 117 27 repeating
1049 3620 38 22 the
1102 3620 85 22 church
1201 3623 60 19 cate-

670 3643 70 22 chism
751 3644 45 22 and
806 3641 36 25 the
853 3646 80 21 collect
941 3648 35 20 for
986 3646 39 22 the
1035 3647 50 27 day.

659 3675 22 14 ■*-
697 3670 22 21 A
729 3670 88 27 printed
827 3668 67 32 copy**-
900 3673 27 21 of
943 3673 45 21 Mr.
1007 3674 91 21 Grace's
1113 3672 148 22 testimonials

668 3703 55 21 may
737 3697 27 22 be
779 3705 53 14 seen
848 3702 24 18 at
886 3699 36 22 the
939 3699 66 22 office
1022 3700 25 21 of
1061 3700 44 22 this
1117 3707 76 20 paper.
1222 3700 38 21 He

668 3722 40 23 has
719 3724 68 21 much
797 3724 101 28 pleasure
913 3725 24 22 in
953 3726 141 28 mentioning
1109 3728 51 20 that
1174 3726 28 22 he
1219 3726 41 22 has

668 3749 77 22 shown
755 3750 61 23 them
826 3754 24 19 to
859 3752 41 21 Dr.
911 3752 84 27 Evans,
1011 3753 50 22 who
1073 3753 120 27 expressed
1202 3752 57 23 him-

666 3776 47 21 self
724 3776 104 28 satisfied,
846 3778 57 22 from
919 3778 34 23 his
967 3779 131 27 knowledge
1116 3780 27 20 of
1159 3786 60 15 some
1236 3779 27 22 of

667 3802 38 22 the
715 3804 129 25 gentlemen
853 3804 50 22 who
913 3804 58 23 have
981 3806 117 22 furnished
1107 3805 69 22 them.

879 3858 164 25 WANTED,

666 3891 166 49 SEVERAL
856 3891 155 23 SAWYERS.
1049 3891 75 29 Apply
1142 3894 22 20 to
1180 3891 24 23 T.
1222 3891 32 23 M.

732 3918 134 22 Partridge
878 3918 44 22 and
933 3919 39 21 Co.

692 3952 65 27 April
769 3954 31 25 11,
813 3954 60 21 1810.

1303 413 219 49 STATIONERY
1551 417 62 22 FOR
1644 417 85 28 SALE,
1757 417 42 22 AT
1827 419 66 21 THE

1570 443 111 23 OFFICE
1688 452 38 14 :~

1442 483 136 17 WHOLESALE
1593 485 48 15 AND
1655 486 90 14 RETAIL.

1301 529 4 4 .
1329 508 55 22 Fine
1394 508 46 23 laid
1448 513 55 25 pott,

1329 534 55 23 Fine
1394 535 60 23 thick
1464 544 61 15 wove
1536 540 79 25 quarto
1625 541 56 24 post,

1329 561 62 23 Ditto
1446 563 56 23 ditto
1535 567 79 19 octavo
1625 565 43 27 do.,

1329 588 115 28 Superfine
1454 597 62 15 wove
1526 594 78 24 quarto
1615 592 57 21 satin
1681 596 57 23 post,
1797 612 6 5 ,
1825 600 13 16 <■:

1329 614 63 24 Ditto
1446 617 56 22 ditto
1529 620 79 19 octavo
1619 617 62 28 ditto,

1329 641 62 23 Ditto
1402 643 47 22 thin
1458 643 47 23 laid
1514 648 78 23 quarto
1602 644 63 28 ditto,
1807 644 9 12 <
1813 658 5 4 -

1330 668 62 23 Ditto
1447 670 56 22 ditto
1514 674 78 19 octavo
1602 671 62 27 ditto,

1330 695 114 28 Superfine
1457 697 60 28 large
1531 697 49 23 thin
1594 697 52 23 blue
1662 704 62 16 wove
1738 700 80 26 quarto
1830 700 57 26 post,

1302 723 107 27 stamped,

1307 747 12 28 \[
1330 749 114 28 Superfine
1453 750 47 22 laid
1509 750 106 29 foolscap,

1308 772 12 31 |
1330 775 71 28 Large
1411 777 48 22 thin
1469 780 78 25 quarto
1557 781 56 25 post,

1298 799 22 24 .k
1328 801 59 23 Note
1397 811 73 20 paper,

1328 829 80 23 Brown
1417 838 76 21 paper,
1500 832 102 27 imperial
1612 838 56 21 cap.,

1309 859 10 27 I
1329 855 118 29 Bag'ditto,

1304 885 14 23 *J
1328 882 64 23 Kent
1401 884 61 27 ditto,

1295 909 27 27 ff
1329 909 70 28 Royal
1409 911 68 26 hand,

1294 932 28 25 -$
1328 936 98 23 Lumber
1435 937 63 28 ditto,

1308 959 12 27 I
1328 962 55 23 Blue
1394 963 72 28 demy,

1328 989 74 28 Demy
1409 991 97 28 blotting
1512 998 75 22 paper,

1312 1019 7 19 3
1328 1016 88 24 Double
1424 1025 81 21 crown,

1312 1039 8 28 }
1329 1043 68 23 Small
1406 1045 67 26 hand,

1312 1074 3 4 '
1330 1071 84 28 Crown,

1312 1107 13 16 *
1328 1097 73 22 Blank
1411 1099 70 27 cards,

1311 1124 9 34 |
1329 1124 148 23 Memoranda
1485 1125 77 28 books,

1311 1154 9 24 ';
1329 1151 46 22 Pen
1384 1152 97 28 holders,
1491 1153 68 22 wafer
1570 1156 91 25 stamps,
1668 1153 53 22 lead
1729 1153 94 28 pencils,
1835 1153 54 22 slate

1300 1177 62 29 ditto,
1380 1179 66 22 India
1464 1180 87 27 rubber,
1571 1179 87 28 sealing
1675 1187 57 20 wax,
1752 1180 64 22 office
1834 1187 55 21 pen-

1300 1203 85 30 kpives,
1397 1207 39 21 &c.
1448 1207 40 21 &c.
1500 1207 39 21 &c.

1317 1248 5 38 |
1333 1261 236 20 COMMERCIAL
1583 1261 68 21 INN
1666 1262 20 19 &
1701 1261 157 22 TAVERN.

1301 1287 91 61 MR.
1402 1301 35 20 W.
1449 1301 122 22 ELSDON
1579 1302 56 26 begs
1641 1305 21 18 to
1669 1301 83 22 inform
1759 1294 130 29 his'friends

1373 1327 45 22 and
1424 1327 37 22 the
1470 1328 78 27 public,
1557 1328 50 21 that
1613 1328 37 22 the
1657 1328 71 22 above
1735 1328 69 22 house
1813 1328 17 21 is
1838 1335 51 14 now

1301 1360 63 21 open,
1376 1354 44 21 and
1426 1355 81 27 parties
1512 1355 103 27 favoring
1620 1355 47 22 him
1673 1355 54 22 with
1734 1355 58 21 their
1797 1358 92 24 patron-

1300 1387 41 20 age
1358 1381 43 21 will
1420 1381 48 21 nnd
1487 1388 67 20 every
1570 1382 194 21 accommodation
1780 1381 36 22 for
1830 1382 59 21 their

1300 1407 99 27 comfort,
1408 1407 95 28 coupled
1512 1408 53 22 with
1574 1408 141 22 moderation
1725 1409 22 21 in
1759 1408 101 27 charges.

1317 1440 3 9 1
1327 1440 82 28 Wines,
1421 1442 80 27 spirits,
1512 1442 45 22 and
1566 1442 86 22 bottled
1665 1442 35 22 ale
1715 1442 46 22 and
1775 1445 76 24 porter
1866 1443 25 21 of

1301 1468 111 22 excellent
1421 1469 92 27 quality.

1316 1505 4 12 1
1327 1502 54 22 Cold
1392 1502 71 27 joints
1472 1502 81 28 always
1563 1503 78 27 ready.

1314 1536 116 31 ■^Genuine
1444 1537 94 27 English
1552 1537 85 22 cordial
1646 1537 47 28 gin.

1315 1581 9 10 r
1326 1569 123 23 Harmonic
1459 1571 109 27 meetings
1584 1579 67 20 every
1662 1572 109 27 Saturday
1783 1572 103 27 evening.

1298 1612 64 36 tlie
1385 1625 89 23 first
1497 1626 80 22 shop
1601 1627 126 22 opened
1751 1626 36 23 in
1808 1627 81 22 port

1315 1652 13 21 (>'
1497 1653 191 23 nicholson.

1343 1686 54 22 The
1412 1687 143 21 Britannia
1570 1688 85 21 Hotel
1671 1689 55 20 and
1743 1689 101 20 Stores.

1299 1727 36 49 J
1369 1727 112 23 PIERCE
1496 1729 54 26 begs
1566 1731 23 20 to
1606 1729 82 22 inform
1703 1729 35 22 his
1747 1729 86 22 friends
1844 1732 44 19 and

1339 1765 11 10 •
1366 1753 38 23 the
1413 1755 82 28 public,
1506 1755 49 22 that
1564 1756 34 21 his
1607 1756 74 22 Stores
1688 1763 38 16 are
1734 1763 51 15 now
1793 1756 94 28 opened,

1298 1781 47 22 and
1354 1780 47 22 that
1409 1784 30 25 by
1449 1783 109 21 attention
1569 1783 46 22 and
1630 1783 108 27 diligence
1747 1783 29 22 he
1786 1783 70 27 hopes
1866 1788 22 18 to

1299 1808 65 21 merit
1373 1807 57 23 their
1438 1812 130 24 patronage.
1897 1815 2 23 |

1319 1857 5 9 r
1327 1842 21 21 J.
1359 1842 84 22 Pierce
1453 1843 54 27 begs
1517 1846 23 19 to
1550 1843 85 23 submit
1647 1843 37 23 the
1694 1843 116 28 following
1818 1844 39 22 list
1867 1845 25 21 of

1299 1869 69 27 goods
1375 1877 5 13 :
1382 1881 31 5 —

1316 1915 4 5 '
1328 1904 116 22 Groceries
1454 1904 27 21 of
1530 1904 74 23 kinds.
1897 1899 2 25 !

1415 1931 65 27 flour,
1491 1932 45 21 and
1544 1931 90 22 biscuit.

1326 1958 83 27 Spirits,
1428 1958 74 27 wines,
1520 1958 34 22 ale
1573 1958 46 22 and
1635 1962 80 24 porter,
1733 1960 24 21 in
1774 1960 53 22 cask
1843 1961 45 22 and

1298 1984 76 23 bottle.
1897 1986 2 27 |

1320 2012 67 26 _York
1393 2012 45 21 and
1444 2011 139 28 Westphalia
1588 2012 72 27 hams,
1668 2012 24 21 in
1699 2012 60 26 good
1765 2013 123 22 condition.

1287 2040 11 12 *-
1318 2035 340 28 SSasefaash'eTy"oraindilds.

1326 2061 163 28 Ironmongery
1498 2062 44 21 and
1552 2063 94 26 cutlery.

1326 2087 62 22 Nails
1397 2089 71 21 direct
1477 2089 57 21 from
1543 2088 39 23 the
1591 2089 118 22 Britannia
1718 2090 80 23 works.

1325 2121 21 21 J.
1362 2120 85 23 Pierce
1461 2121 69 29 hopes
1540 2122 48 21 that
1598 2122 38 22 the
1651 2124 142 26 competitive
1803 2128 83 23 system

1298 2146 26 22 of
1334 2148 92 27 puffing,
1437 2155 24 15 so
1472 2149 67 21 much
1548 2150 113 25 practised
1668 2151 25 21 in
1703 2150 37 22 the
1757 2151 38 21 old
1809 2151 76 28 world,

1298 2174 45 22 will
1358 2182 69 15 never
1442 2176 28 21 be
1485 2176 134 22 introduced
1635 2177 23 21 in
1674 2177 45 22 this
1735 2178 100 27 Colony;
1858 2178 28 22 he

1298 2200 108 23 therefore
1415 2201 93 23 refrains
1517 2203 58 21 from
1587 2204 144 27 introducing
1744 2205 80 27 prices,
1841 2206 45 22 and

1297 2228 84 28 merely
1390 2228 82 23 invites
1482 2237 14 14 a
1504 2230 58 22 trial.

1325 2262 52 22 Port
1387 2262 130 29 Nicholson,
1529 2263 65 29 April
1605 2266 33 25 13,
1649 2266 62 21 1840.

1296 2319 91 22 PORT
1405 2321 200 22 NICHOLSON
1625 2323 156 25 TAVERN,
1801 2324 84 20 EAT-

1328 2348 64 19 ING
1406 2348 122 26 HOUSE,
1543 2349 21 20 &
1580 2350 132 20 COFFEE
1726 2351 127 21 ROOMS.

1297 2388 36 47 J
1360 2388 105 23 ALLEN
1483 2390 54 26 begs
1552 2391 23 20 to
1590 2389 84 22 inform
1689 2390 36 21 his
1738 2390 87 22 friends
1841 2391 45 22 and

1336 2425 11 12 •
1377 2414 38 23 the
1425 2415 80 28 public,
1522 2416 49 21 that
1580 2416 29 22 he
1619 2416 41 22 has
1670 2417 87 27 opened
1766 2417 39 22 the
1815 2418 71 22 above

1296 2440 75 28 house,
1383 2445 54 19 next
1447 2442 54 22 door
1511 2446 22 18 to
1543 2443 45 21 Mr.
1606 2444 21 20 J.
1643 2444 97 27 Telford,
1757 2444 46 22 and
1816 2444 70 28 hopes

1295 2468 31 27 by
1335 2469 61 21 strict
1406 2470 108 21 attention
1526 2473 22 18 to
1559 2473 61 19 meet
1632 2470 52 22 with
1695 2478 13 14 a
1718 2471 64 22 share
1794 2471 26 23 of
1829 2471 57 28 pub-

1294 2494 30 23 lic
1334 2499 129 24 patronage.

1324 2530 26 21 In
1361 2531 127 22 connexion
1498 2531 52 22 with
1561 2532 36 21 the
1608 2532 78 27 above,
1703 2533 22 21 J.
1736 2533 29 22 A.
1782 2533 41 23 has
1837 2534 47 22 also

1296 2557 86 26 opened
1390 2557 35 23 his
1434 2558 132 23 Butcher's
1580 2560 61 21 Shop
1655 2560 45 21 and
1714 2560 112 23 Grocery
1839 2561 46 22 and

1296 2584 123 22 Provision
1434 2585 156 28 Warehouse,
1607 2586 73 22 where
1698 2586 37 22 the
1750 2588 76 25 public
1842 2595 41 14 can

1294 2610 28 22 be
1339 2611 101 27 supplied
1453 2612 54 22 with
1522 2617 61 18 meat
1602 2613 46 22 and
1662 2613 31 22 all
1709 2613 67 22 kinds
1792 2614 26 22 of
1833 2622 51 20 pro-

1295 2637 89 22 visions.

1442 2695 63 21 MR.
1526 2695 31 20 T.
1575 2696 158 21 ROSKELL

1295 2729 106 48 BEGS
1411 2733 23 19 to
1439 2731 83 22 inform
1528 2731 38 22 the
1571 2731 83 28 public,
1661 2732 49 21 that
1715 2732 28 22 he
1748 2732 42 22 has
1797 2733 87 27 opened

1371 2764 13 14 a
1399 2758 62 21 Store
1479 2761 22 18 at
1515 2758 39 22 the
1565 2760 61 20 'west
1642 2759 44 21 end
1702 2759 27 21 of
1743 2759 39 22 the
1798 2759 83 28 Beach,

1294 2782 73 23 where
1376 2783 28 22 he
1416 2785 65 22 offers
1497 2785 34 22 for
1547 2785 54 27 sale,
1620 2788 22 19 at
1656 2786 131 22 reasonable
1803 2786 78 28 prices,

1295 2809 38 23 the
1341 2810 202 23 undermentioned
1552 2811 89 23 articles
1649 2819 5 14 :

1322 2844 82 28 Spirits,
1421 2845 127 26 (wholesale
1559 2846 46 22 and
1614 2846 82 26 retail.)

1321 2872 51 26 Tea,
1381 2872 75 27 coffee,
1463 2879 72 20 sugar,
1543 2873 99 27 tobacco,
1651 2873 45 22 and
1701 2873 78 28 cigars,
1791 2873 90 28 (retail.)

1322 2897 72 25 Prime
1410 2906 50 14 rose
1475 2899 59 22 Cork
1547 2899 83 27 butter,
1649 2899 84 28 cheese,
1750 2899 71 29 hams,
1838 2901 44 22 and

1294 2924 61 28 pork.

1322 2952 66 21 Flour
1397 2952 46 22 and
1451 2952 87 23 biscuit.

1322 2978 103 28 Vinegar,
1436 2986 84 20 sauces,
1531 2980 108 27 mustard,
1650 2980 91 28 pickles,
1752 2981 40 21 &c.

1407 3013 81 20 sperm,
1498 3007 44 27 dip,
1555 3007 45 21 and
1609 3007 77 22 mould
1695 3007 97 23 candles.

1321 3032 70 28 Lamp
1401 3033 46 21 and
1454 3033 86 22 linseed
1550 3033 35 27 oil,
1598 3034 46 21 and
1652 3034 81 27 paints.

1321 3059 80 27 Prints,
1411 3059 83 22 fustian
1503 3063 110 23 trowsers,
1624 3060 108 27 blankets,
1745 3061 40 21 &c.

1320 3086 117 28 A^variety
1446 3086 26 21 of
1482 3086 122 27 hardware,
1616 3087 44 21 and
1667 3087 101 27 superior
1774 3087 107 23 Sheffield

1294 3113 92 27 cutlery.

1320 3140 21 21 A
1360 3140 103 27 quantity
1481 3139 26 22 of
1525 3139 93 28 mangel
1635 3139 82 23 wurzel
1735 3140 46 22 and
1795 3141 85 27 garden

1294 3166 67 22 seeds.

1495 3200 57 15 ALSO
1568 3201 29 14 ON
1614 3200 61 20 SALE,

1320 3227 21 21 A
1350 3227 64 22 small
1425 3229 47 20 cart
1481 3227 52 22 with
1543 3227 100 28 harness,
1656 3227 45 22 and
1711 3235 13 14 a
1733 3230 56 24 tent,
1802 3227 78 23 twelve

1293 3253 46 22 feet
1346 3253 30 28 by
1386 3253 67 28 eight.

1468 3288 14 15 A
1500 3288 58 15 BOAT
1579 3289 44 14 FOR
1641 3289 64 14 HIRE.

1294 3313 43 23 No.
1346 3315 19 26 3,
1371 3317 59 23 ,west
1440 3314 45 22 end
1494 3315 26 22 of
1530 3315 38 22 the
1578 3315 82 27 Beach,

1320 3341 52 21 Port
1389 3341 132 28 Nicholson..
1541 3342 56 27 May
1616 3342 44 27 7th,
1681 3343 61 21 1840.

1293 3397 33 22 To
1341 3397 26 22 be
1383 3398 89 27 printed
1486 3399 45 21 and
1542 3398 119 28 published
1677 3399 121 28 forthwith,
1815 3399 24 22 in
1856 3406 23 15 as

1321 3424 68 28 cheap
1399 3433 14 13 a
1421 3425 58 22 form
1489 3433 23 14 as
1528 3425 103 28 possible,
1648 3426 30 27 by
1696 3425 145 28 approbation
1857 3426 26 21 of

1321 3451 92 23 Colonel
1421 3451 132 28 Wakefield,

1293 3484 135 49 ANEW
1450 3485 184 22 ZEALANDIC
1658 3484 219 29 VOCABULARY,

1369 3511 31 27 by
1409 3512 38 21 the
1458 3512 55 21 Rev.
1528 3512 22 22 J.
1566 3512 29 21 G.
1612 3512 83 27 Butler,
1709 3512 82 22 Native
1807 3512 72 21 Guar-

1293 3536 57 29 dian,
1361 3538 45 23 and
1416 3538 136 28 Interpreter
1561 3542 23 19 to
1595 3538 37 23 the
1642 3539 56 22 New
1707 3538 99 23 Zealand
1815 3538 64 23 Land

1293 3564 121 29 Company.

1320 3598 30 22 To
1360 3598 73 23 which
1442 3598 46 23 will
1495 3599 28 22 be
1534 3599 81 27 added,
1635 3607 23 14 as
1674 3606 29 15 an
1719 3598 129 29 Appendix,
1866 3607 13 14 a

1293 3624 48 22 List
1349 3624 27 22 of
1383 3632 61 15 some
1454 3627 27 21 of
1491 3626 37 22 the
1538 3626 122 28 Sovereign
1670 3625 81 28 Chiefs,
1768 3625 54 23 with
1839 3625 38 23 the

1292 3651 61 22 usual
1362 3651 63 27 place
1436 3652 27 22 of
1472 3653 57 21 their
1538 3653 122 27 residence,
1669 3660 25 14 so
1703 3652 33 22 far
1746 3660 24 14 as
1780 3652 53 28 they
1840 3660 37 14 are

1292 3678 80 22 known
1378 3686 5 19 ;
1399 3679 46 22 and
1453 3679 54 27 also,
1518 3679 34 22 for
1569 3679 152 22 convenience
1735 3679 61 27 sake,
1813 3686 14 15 a
1841 3679 38 22 list

1292 3703 27 23 of
1329 3707 62 24 trees,
1402 3705 86 28 shrubs,
1498 3707 49 25 &c,
1558 3706 101 27 together
1668 3705 54 23 with
1731 3713 15 15 a
1754 3706 40 22 list
1802 3706 26 22 of
1839 3705 36 23 the

1291 3738 75 15 names
1377 3732 25 21 of
1413 3732 75 28 fishes,
1498 3733 41 21 &c.

1318 3765 55 22 N.B.
1374 3777 31 5 —
1406 3766 33 22 As
1448 3766 22 22 J.
1482 3767 28 21 G.
1520 3766 26 22 B.
1554 3766 41 22 has
1601 3773 31 15 no
1640 3766 63 22 other
1710 3767 74 31 object
1790 3766 23 22 in
1822 3766 54 22 view

1291 3792 52 23 than
1361 3795 23 18 to
1402 3792 82 23 render
1505 3801 61 14 some
1588 3793 75 22 useful
1685 3800 84 15 service
1785 3796 30 18 -to
1838 3792 36 23 the

1291 3817 108 25 Colonists
1407 3818 46 23 and
1462 3819 86 28 Colony
1563 3820 25 21 in
1604 3819 98 27 general,
1719 3820 29 22 he
1764 3819 110 23 therefore

1289 3845 68 28 hopes
1366 3845 50 22 that
1430 3853 14 15 a
1460 3846 111 22 sufficient
1585 3846 96 22 number
1696 3846 26 21 of
1740 3846 135 22 subscribers

1289 3872 45 23 will
1343 3872 26 22 be
1379 3872 74 24 found,
1459 3875 23 20 to
1491 3880 76 15 secure
1577 3872 48 22 him
1635 3873 58 22 from
1701 3879 45 21 any
1752 3872 45 23 loss
1804 3872 23 22 in
1837 3872 37 23 the

1288 3898 164 28 undertaking.-
1464 3908 3 6 •
1471 3902 4 13 I
1486 3910 3 4 -

1316 3925 130 29 'jyiosewho
1456 3925 61 22 favor
1528 3925 36 22 the
1574 3925 61 22 work
1648 3926 43 22 will
1709 3926 55 22 send
1778 3926 22 22 in
1818 3926 56 22 their

1289 3960 75 15 names
1375 3954 21 19 to
1407 3952 36 22 the
1482 3952 92 26 Gazette
1611 3952 68 23 Oflice
1691 3953 158 25 immediately,
1883 3947 8 31 j

1973 420 101 21 BANK
2088 421 42 21 OF
2143 422 91 21 PORT
2249 422 204 24 NICHOLSON.

1922 452 133 23 CAPITAL
2072 454 101 27 £50.000,
2194 454 35 22 IN
2246 457 64 21 2.500
2328 456 116 24 SHARES
2464 457 40 24 OF

2133 481 47 23 £20
2195 481 98 28 EACH;

1920 512 34 22 To
1962 512 28 22 be
1999 513 118 23 increased
2126 518 23 19 at
2157 514 39 22 the
2205 514 119 24 discretion
2340 517 26 22 of
2376 517 37 22 the
2427 518 78 23 Direc-

1948 542 53 25 tors,
2008 539 32 28 by
2048 540 38 22 the
2094 540 58 23 issue
2162 542 28 21 of
2199 542 84 23 £1.000
2290 543 118 22 additional
2417 544 87 28 Sharet,

1949 570 22 18 to
1980 566 28 22 be
2018 566 49 23 sold
2076 567 34 22 for
2119 567 37 22 the
2166 568 84 23 benefit
2260 570 26 21 of
2296 570 38 21 the
2344 570 68 22 Bank.

1955 620 50 25 The
2017 620 137 33 advantages
2163 623 116 30 produced
2290 624 31 31 by
2330 632 13 15 a
2350 624 70 24 Local
2426 626 78 30 Bank,

1919 653 56 24 both
1996 662 27 16 as
2040 663 13 15 a
2075 655 118 31 profitable
2215 657 137 23 investment
2370 658 24 23 of
2414 659 90 32 capital,

1921 687 45 24 and
1983 695 25 15 as
2027 695 14 16 a
2056 695 80 16 means
2160 689 26 23 of
2205 690 191 24 accommodation
2420 696 23 19 to
2467 692 38 24 the

1920 721 148 30 community,
2077 729 37 15 are
2126 726 37 19 too
2175 723 50 23 well
2238 723 138 24 established
2382 728 22 19 to
2415 727 90 29 require

1919 760 45 24 any
1983 758 113 19 comment
2114 759 22 19 at
2158 760 101 26 present.
2295 756 75 24 There
2391 758 19 22 is
2420 780 3 3 .
2432 763 42 19 not
2483 771 2 6 >
2493 767 12 15 a

1919 787 72 31 single
2004 787 89 23 British
2106 787 88 32 Colony
2205 789 25 23 of
2241 797 43 23 any
2291 790 136 30 importance
2435 791 68 24 with-

1919 824 40 18 out
1969 824 23 19 at
2003 820 59 23 least
2074 828 41 16 one
2128 821 56 23 such
2196 822 76 29 Bank,
2291 823 47 23 and
2347 823 24 23 in
2388 831 67 24 every
2467 825 37 23 in-

1919 857 77 19 stance
2008 853 64 24 these
2082 854 140 24 institutions
2232 864 38 14 are
2277 864 30 15 no
2317 856 45 23 less
2374 864 13 16 a
2394 864 78 17 source
2481 858 25 23 of

1918 887 68 29 profit
1999 890 21 19 to
2033 887 38 22 the
2083 886 163 25 Shareholders
2265 888 56 24 than
2339 889 25 23 of
2378 890 85 24 benefit
2482 895 22 19 to

1919 918 38 23 the
1976 920 147 29 community.
2165 920 29 23 In
2212 921 55 28 fact,
2283 921 67 24 while
2368 923 35 23 the
2422 923 82 24 Banks

1919 951 74 24 which
2015 952 58 23 have
2099 952 58 24 been
2185 954 138 24 established
2349 955 36 31 by-
2404 955 101 32 English

1920 985 82 31 capital
2013 986 24 22 in
2049 986 39 23 the
2098 986 162 24 Australasian
2272 988 106 24 Colonies
2396 988 75 25 divide
2483 994 24 19 at

1919 1018 39 23 the
1969 1023 86 19 utmost
2066 1019 58 23 from
2136 1021 16 24 7
2163 1024 24 19 to
2201 1022 29 22 10
2243 1029 41 23 per
2297 1026 68 25 cent.,
2383 1022 36 23 the
2436 1023 74 31 profit

1920 1051 25 23 of
1960 1052 38 23 the
2010 1052 72 24 Local
2094 1052 80 24 Banks
2190 1062 96 23 average
2303 1055 60 24 from
2382 1057 28 22 15
2430 1060 23 20 to
2473 1058 34 22 20

1919 1092 41 23 per
1972 1089 58 19 cent.
2069 1085 57 24 This
2138 1086 121 24 difference
2269 1088 21 22 is
2302 1088 70 31 easily
2383 1089 122 23 accounted

1919 1117 35 24 for
1964 1127 4 14 :
1995 1125 67 24 every
2081 1118 123 24 individual
2222 1121 25 22 in
2265 1128 14 15 a
2294 1121 86 31 Colony
2392 1121 113 32 naturally

1919 1151 87 30 prefers
2029 1159 13 16 a
2065 1151 67 24 Bank
2150 1153 54 23 with
2225 1153 77 24 whose
2321 1154 122 31 Managers
2462 1155 45 24 and

1920 1183 145 32 Proprietors
2076 1184 29 23 he
2123 1186 20 22 is
2162 1187 142 30 acquainted,
2325 1188 44 22 and
2385 1188 24 22 in
2430 1188 76 24 which

1919 1216 30 24 he
1961 1217 94 24 himself
2070 1226 52 22 may
2132 1218 58 23 have
2201 1227 14 15 a
2227 1219 72 24 direct
2314 1221 99 27 interest,
2425 1224 24 21 to
2463 1229 41 16 one

1920 1250 126 24 conducted
2056 1251 31 30 by
2104 1255 123 27 strangers.
2265 1252 30 24 In
2309 1253 64 23 order
2386 1258 22 19 to
2425 1261 80 17 secure

1919 1287 24 19 to
1956 1283 38 24 the
2004 1284 113 31 proposed
2131 1284 68 24 Bank
2216 1285 48 24 this
2283 1286 122 32 advantage
2423 1287 26 24 in
2467 1287 38 24 the

1919 1316 78 23 fullest
2009 1316 89 32 degree,
2115 1318 38 23 the
2166 1318 78 24 shares
2256 1318 57 24 have
2331 1320 56 22 been
2404 1320 63 24 fixed
2484 1325 23 19 at

1919 1349 57 24 such
1987 1358 30 15 an
2029 1355 100 25 amount,
2142 1358 25 16 as
2179 1355 22 20 to
2214 1351 65 24 allow
2292 1360 44 22 any
2349 1353 120 31 Capitalist
2481 1355 24 22 in

1919 1382 38 23 the
1973 1382 89 32 Colony
2073 1388 23 19 to
2106 1384 92 24 become
2211 1393 13 15 a
2232 1385 158 24 Shareholder.
2427 1386 78 32 Every

1919 1423 50 22 one,
1981 1416 121 29 therefore,
2121 1417 47 24 will
2185 1417 57 25 have
2261 1426 29 16 an
2307 1419 94 24 interest
2422 1420 25 23 in
2465 1420 39 23 the

1917 1450 129 31 prosperity
2056 1450 45 23 and
2112 1450 100 32 stability
2223 1452 28 23 of
2265 1452 38 23 the
2315 1452 75 30 Bank,
2403 1453 45 23 and
2458 1453 49 23 will

1917 1483 52 30 give
1981 1483 19 23 it
2011 1491 13 15 a
2036 1483 130 32 preference
2176 1484 56 24 both
2251 1485 23 23 in
2293 1485 94 31 making
2403 1485 102 33 deposits
2528 1483 2 9 '

1919 1516 44 23 and
1975 1517 134 31 circulating
2120 1518 29 23 its
2161 1522 74 19 notes.

1954 1549 50 23 The
2016 1549 91 32 Capital
2118 1550 25 24 of
2158 1550 37 23 the
2208 1551 69 23 Bank
2289 1551 42 23 has
2342 1551 56 24 been
2409 1551 63 24 fixed
2483 1556 24 19 at

1918 1582 123 30 £50.000,
2055 1591 14 15 a
2080 1591 49 16 sum
2141 1583 74 24 which
2226 1585 19 22 it
2257 1584 19 23 is
2288 1584 105 24 assumed
2410 1586 48 23 will
2475 1585 30 24 be

1919 1616 115 23 sufficient
2049 1616 36 24 for
2103 1616 38 24 the
2152 1622 93 26 present
2256 1622 72 19 wants
2346 1618 25 24 of
2385 1617 37 25 the
2442 1627 63 15 com-

1917 1650 98 30 munity.
2053 1649 57 24 This
2124 1650 89 31 Capital
2225 1658 49 21 can,
2295 1650 108 30 however,
2422 1651 29 24 be
2468 1653 37 22 in-

1919 1682 92 24 creased
2025 1687 23 19 at
2059 1683 39 23 the
2109 1683 122 23 discretion
2243 1683 26 23 of
2283 1683 38 24 the
2335 1684 125 30 Directors,
2476 1685 30 31 by

1919 1715 38 23 the
1968 1716 63 23 issue
2048 1716 26 23 of
2089 1718 74 22 1.000
2183 1716 122 24 additional
2324 1717 91 29 Shares,
2435 1722 23 20 to
2477 1718 29 23 be

1918 1748 107 31 disposed
2047 1749 27 23 of
2098 1749 35 23 for
2155 1749 38 23 the
2214 1749 88 25 benefit
2320 1751 24 23 of
2363 1751 36 23 the
2418 1751 87 24 Share-

1918 1781 91 24 holders
2019 1791 6 19 ;
2044 1783 46 22 and
2100 1783 19 23 it
2131 1783 20 23 is
2169 1784 114 30 proposed
2296 1783 49 24 that
2356 1784 36 23 the
2404 1784 69 23 Deed
2484 1784 26 23 of

1919 1815 137 23 Settlement
2067 1816 58 23 shall
2137 1817 90 22 contain
2239 1824 15 15 a
2263 1817 122 30 provision,
2403 1818 103 23 authori-

1919 1849 52 31 sing
1982 1849 38 23 the
2032 1849 105 31 majority
2149 1849 26 24 of
2189 1849 38 24 the
2247 1850 161 24 Shareholders
2426 1855 25 19 to
2469 1852 37 23 in-

1918 1889 78 15 crease
2014 1882 38 23 the
2072 1882 89 31 Capital
2176 1887 21 19 to
2209 1883 58 23 such
2277 1883 90 24 further
2377 1889 94 18 amount
2482 1892 25 15 as

1918 1922 53 23 may
1982 1916 25 22 in
2018 1915 59 24 their
2089 1916 93 30 opinion
2191 1916 28 23 be
2235 1916 105 31 justified
2356 1916 29 32 by
2396 1916 39 25 the
2447 1925 58 23 aug-

1918 1948 92 23 mented
2021 1948 108 24 demands
2142 1949 25 23 of
2182 1948 36 24 the
2233 1949 95 32 Colony.

1953 1981 50 24 The
2015 1982 106 23 business
2133 1982 25 23 of
2172 1982 38 23 the
2222 1982 71 24 Bank
2306 1983 46 23 will
2370 1983 26 24 be
2415 1984 91 30 strictly

1918 2014 51 23 that
1987 2014 24 23 of
2034 2023 13 14 a
2069 2015 69 22 Bank
2157 2014 25 23 of
2203 2015 116 23 Discount
2336 2016 46 23 and
2396 2016 114 31 Dep6sit:^
2526 2031 3 4 -

1919 2045 50 23 The
1980 2049 50 19 rate
2041 2046 28 23 of
2080 2045 104 24 discount
2194 2051 23 19 to
2230 2047 28 23 be
2273 2050 30 21 10
2313 2055 40 23 per
2365 2053 57 19 cent.
2433 2059 6 19 ;
2460 2049 49 28 and,

1920 2080 13 21 5
1947 2085 40 24 per
1995 2082 59 21 cent,
2063 2078 46 24 will
2120 2079 28 24 be
2160 2079 95 24 allowed
2265 2088 63 24 upon
2339 2080 98 33 deposits
2449 2082 35 23 for
2493 2090 14 15 a

1918 2111 80 31 longer
2008 2111 81 32 period
2100 2111 54 25 than
2166 2120 14 16 a
2189 2113 88 30 month,
2279 2127 34 3 —
2313 2118 41 20 not
2364 2119 21 18 to
2397 2115 28 23 be
2437 2115 69 24 with-

1919 2144 77 24 drawn
2006 2144 73 25 under
2092 2147 31 22 10
2135 2146 61 30 days'
2209 2147 85 23 notice.

2081 2205 260 26 REGULATIONS.

1954 2240 11 21 1
1971 2255 4 6 .
1978 2250 35 4 —
2013 2237 51 24 The
2072 2238 90 32 Capital
2174 2240 24 23 of
2213 2240 40 23 the
2262 2240 117 32 Company
2385 2244 23 20 to
2418 2242 89 24 consist

1919 2271 26 23 of
1958 2271 123 30 £50.000,
2094 2272 25 23 in
2129 2274 77 22 2.500
2218 2273 87 23 Shares
2318 2274 24 23 of
2356 2275 54 24 £20
2422 2275 65 24 each.

1952 2306 23 21 2.
1977 2317 34 3 —
2013 2304 52 24 One
2076 2305 76 31 pound
2163 2313 41 23 per
2215 2306 68 24 share
2295 2311 23 18 to
2335 2307 28 24 be
2380 2308 54 31 paid
2451 2316 54 23 pre-

1917 2337 65 23 vious
1994 2341 22 19 to
2029 2337 38 24 the
2079 2338 96 24 election
2186 2339 25 23 of
2225 2339 127 30 Directors,
2365 2342 24 23 of
2403 2341 76 24 which
2493 2350 14 15 a

1916 2371 85 23 week's
2010 2371 78 31 public
2100 2372 75 23 notice
2189 2372 48 24 will
2255 2373 28 24 be
2302 2374 67 30 given
2377 2383 6 20 ;
2403 2374 46 24 and
2466 2376 37 23 £1

1918 2404 123 23 additional
2060 2409 22 19 at
2100 2404 38 24 the
2157 2406 128 31 expiration
2304 2407 26 23 of
2350 2407 55 24 each
2422 2408 82 24 month

1916 2437 59 23 from
1987 2437 49 24 that
2046 2438 85 31 period,
2150 2438 58 24 until
2225 2440 37 23 £5
2277 2440 42 23 has
2330 2440 55 24 been
2396 2441 55 30 paid
2461 2449 41 24 up.

1952 2473 22 21 3.
1976 2484 35 3 —
2011 2471 99 23 Further
2122 2471 55 23 calls
2188 2476 23 19 to
2225 2472 30 24 be
2272 2473 66 23 made
2357 2478 23 19 at
2397 2473 39 25 the
2455 2475 48 23 dis-

1905 2510 2 18 I
1917 2505 87 22 cretion
2018 2504 24 23 of
2057 2505 38 22 the
2112 2505 120 24 Directors
2241 2514 7 20 ;
2267 2506 46 23 and
2324 2506 60 24 three
2402 2508 102 23 months'

1914 2538 107 29 previous
2038 2538 75 22 notice
2132 2538 25 23 of
2172 2538 57 24 each
2247 2539 44 23 call
2308 2543 23 20 to
2348 2540 29 24 be
2394 2541 70 30 given
2479 2542 25 23 in

1915 2570 39 23 the
1996 2571 58 22 New
2065 2571 101 23 Zealand

1949 2605 24 22 4.
1974 2616 35 4 —
2009 2604 38 23 No
2058 2612 83 23 person
2152 2608 23 20 to
2186 2604 29 24 be
2232 2605 95 25 allowed
2343 2611 23 19 to
2384 2607 120 24 subscribe

1914 2637 36 23 for
1960 2644 63 16 more
2035 2637 56 23 than
2102 2639 31 22 50
2147 2637 94 24 Shares.

1949 2673 22 21 5.
1974 2683 35 3 —
2009 2670 51 23 The
2073 2670 96 24 Officers
2182 2671 26 23 of
2222 2672 39 22 the
2275 2672 116 31 Company
2404 2677 24 19 to
2449 2682 55 15 con-

1915 2704 42 22 sist
1975 2703 26 24 of
2021 2704 53 22 nine
2093 2703 116 24 Directors
2230 2705 46 23 and
2293 2713 14 15 a
2326 2705 101 30 Cashier,
2447 2706 56 24 with

1914 2736 57 24 such
1989 2737 123 23 assistance
2130 2745 25 15 as
2173 2737 38 23 the
2230 2738 120 24 Directors
2366 2747 52 24 may
2437 2739 66 25 deem
2525 2757 4 15 ,

1913 2777 129 23 necessary.

1949 2805 22 22 6.
1973 2816 35 3 —
2008 2802 51 24 The
2077 2802 118 25 Directors
2213 2808 25 19 to
2256 2804 29 24 be
2304 2804 84 25 elected
2405 2805 36 25 for
2458 2814 43 16 one
2511 2825 7 2 -

1912 2844 61 23 year,
1986 2836 37 30 by.
2028 2836 38 23 the
2079 2836 179 30 Shareholders;
2279 2842 23 19 at
2318 2838 38 24 the
2374 2839 128 31 expiration

1914 2869 25 23 of
1953 2869 49 23 that
2019 2869 86 30 period,
2126 2877 42 15 one
2185 2870 64 24 third
2266 2872 26 22 of
2307 2871 38 23 the
2361 2872 103 29 number,
2477 2877 23 19 to

1912 2903 30 23 be
1952 2902 141 24 determined
2102 2903 31 31 by
2145 2903 41 29 lot,
2205 2904 61 23 shall
2283 2905 76 29 retire,
2378 2905 44 24 and
2441 2906 60 23 their

1911 2935 64 32 place
1993 2936 29 22 be
2039 2935 63 24 filled
2119 2936 31 31 by
2166 2936 64 24 fresh
2245 2938 103 29 election,
2349 2951 32 4 —
2381 2938 39 24 the
2432 2939 69 24 retir-

1912 2970 41 29 ing
1963 2969 119 23 Directors
2094 2973 23 20 to
2128 2969 28 24 be
2169 2970 93 31 capable
2274 2971 25 24 of
2314 2972 141 23 re-election.

1947 3003 23 25 7.
1972 3014 34 4 —
2008 3002 50 23 The
2077 3002 96 24 Cashier
2190 3007 23 19 to
2227 3004 29 22 be
2275 3004 120 31 appointed
2410 3005 33 31 by
2462 3005 38 23 the

1906 3035 132 29 .Directors,
2053 3035 44 24 and
2107 3037 131 23 removable
2250 3041 24 18 at
2284 3037 59 24 their
2353 3038 112 30 pleasure.

1947 3071 23 22 8.
1971 3081 34 3 —
2007 3068 164 25 Qualification
2188 3070 27 23 of
2236 3070 118 24 Directors
2373 3075 21 19 to
2414 3071 30 24 be
2470 3073 29 23 15

1913 3101 93 25 Shares.

1947 3136 22 23 9.
1971 3147 35 4 —
2006 3134 30 24 In
2048 3134 30 24 all
2089 3136 112 30 meetings
2211 3135 28 24 of
2254 3136 170 30 Shareholders,
2441 3137 60 24 Pro-

1910 3168 98 31 prietors
2026 3173 23 18 to
2065 3167 57 24 have
2134 3176 42 16 one
2188 3173 52 19 vote
2250 3169 36 23 for
2298 3177 67 24 every
2377 3173 13 21 5
2403 3170 95 25 Shares.

1948 3203 38 22 10.
1988 3214 35 3 —
2023 3200 38 24 No
2069 3201 47 23 Bill
2128 3205 22 19 to
2161 3201 29 24 be
2198 3201 135 25 discounted
2340 3207 79 28 except
2425 3204 74 24 under

1910 3233 39 24 the
1961 3234 103 24 sanction
2082 3233 26 24 of
2121 3234 62 24 three
2203 3235 27 23 of
2244 3235 39 24 the
2301 3236 116 24 Directors
2427 3246 7 21 ;
2457 3245 43 16 nor

1911 3267 21 24 if
1941 3267 102 31 objected
2055 3270 22 21 to
2088 3267 31 31 by
2130 3275 43 16 one
2184 3268 25 23 of
2219 3268 65 24 three
2296 3270 25 22 of
2330 3269 36 24 the
2377 3270 121 24 Directors

1910 3304 100 27 present.

1947 3336 38 21 11.
1987 3346 35 4 —
2022 3333 116 32 Meetings
2150 3338 23 19 to
2183 3334 31 25 he
2229 3334 55 25 held
2300 3335 145 32 half-yenrly,
2464 3337 36 23 for

1910 3366 39 24 the
1959 3374 99 23 purpose
2070 3366 26 23 of
2110 3367 117 32 declaring
2238 3368 135 30 Dividends,
2385 3369 44 24 &c.

1946 3402 39 21 12.
1987 3412 35 3 —
2022 3399 24 24 A
2069 3404 120 20 statement
2212 3400 27 25 of
2260 3402 38 23 the
2320 3402 74 24 affairs
2413 3402 26 24 of
2462 3402 38 24 the
2507 3423 10 16 /

1910 3432 70 24 Bank
1991 3436 23 19 to
2029 3433 30 23 be
2076 3432 47 25 laid
2139 3434 79 24 before
2237 3434 38 24 the
2295 3435 162 25 Shareholders
2476 3440 40 19 at

1910 3465 55 24 each
1989 3466 57 23 such
2070 3466 138 32 half-yearly
2230 3468 108 31 meeting,
2362 3468 43 24 and
2429 3469 70 24 after-

1909 3499 73 23 wards
2010 3499 122 30 published
2159 3501 24 23 in
2211 3501 39 23 the
2313 3501 57 24 New
2397 3501 102 25 Zealand

1943 3592 23 23 A
1978 3591 67 25 Deed
2056 3592 26 24 of
2097 3593 145 28 Settlement,
2258 3597 24 20 to
2293 3594 29 23 be
2333 3594 79 31 signed
2423 3594 32 31 by
2467 3594 30 24 all

1909 3625 39 23 the
1967 3625 173 30 Shareholders,
2159 3627 139 31 embodying
2319 3627 61 24 these
2398 3627 46 24 and
2467 3627 31 24 all

1908 3657 65 25 other
1990 3666 121 23 necessary
2121 3658 149 31 regulations,
2288 3660 45 24 will
2347 3660 26 23 be
2384 3660 114 31 prepared

1908 3699 25 15 as
1945 3691 102 32 speedily
2058 3700 26 15 as
2093 3692 108 31 possible.

1906 3750 4 6 '
1925 3750 255 25 propositions
2195 3759 33 17 at
2241 3759 51 17 the
2307 3751 169 26 meeting;

1942 3787 11 21 1
1958 3801 6 6 .
1966 3797 34 4 —
2001 3784 62 24 That
2070 3785 39 23 the
2114 3785 139 31 Prospectus
2260 3792 52 17 now
2319 3785 52 24 read
2377 3786 27 23 be
2412 3787 82 31 adopt-

1906 3816 29 24 ed
1945 3816 45 25 and
2000 3817 98 31 printed.

1940 3851 22 23 2.
1965 3863 34 3 —
2000 3849 63 25 That
2086 3850 96 32 Captain
2206 3850 103 25 Edward
2333 3851 92 24 Daniell
2448 3852 46 24 and

1906 3882 97 24 Messrs.
2018 3883 128 32 Partridge,
2161 3884 73 28 Watt,
2247 3884 86 28 Millar,
2347 3884 43 24 and
2401 3884 90 29 Pierce,
2522 3894 6 18 ;

1906 3915 27 24 do
1950 3915 58 24 form
2027 3925 14 15 a
2060 3917 141 23 Provisional
2215 3917 135 24 Coramittce
2363 3921 20 20 to
2396 3926 67 22 carry
2475 3919 16 23 it

1906 3950 47 23 into
1966 3949 73 24 effect,
